4006 6198
272 300 378 359 957

271 470 517 522 crucem,
550 469 621 509 ne
643 452 769 526 quis
798 451 1140 506 audientium
1195 448 1277 503 sic
1326 462 1567 519 unquam
1617 445 1890 515 insipiens
1919 426 1965 492 Ᾱ

273 546 390 613 fiat,
431 553 491 600 ut
522 552 713 615 postea
743 558 801 598 se
852 542 998 596 dicat
1027 540 1133 595 ista
1162 538 1398 604 nescire,
1431 553 1555 593 cum
1587 536 1745 592 sciat.
1782 534 1892 589 Eli-

271 654 416 711 gens
432 651 564 709 ergo
590 634 696 689 sibi
731 635 801 689 de
831 632 1036 688 Judaeis
1073 630 1221 686 viros
1245 645 1477 685 numero
1507 628 1681 697 mille,
1708 626 1893 699 inqui-

271 728 404 783 sivit
433 727 503 782 ab
543 726 623 781 eis
656 724 789 805 quid
823 724 894 778 de
921 738 987 779 eo
1017 722 1111 777 ille
1144 720 1374 776 sentiret
1412 725 1504 774 aut
1534 718 1654 785 ille;
1700 718 1891 789 sicque

271 836 471 876 omnes
495 834 608 873 una
634 816 941 887 eademque
961 814 1172 869 ratione
1221 812 1417 867 videns
1436 826 1555 865 esse
1572 815 1887 874 contentos,

274 909 459 963 denuo
489 907 558 962 de
588 906 670 961 eis
710 904 877 976 coepit
907 917 1164 974 separare
1198 902 1556 975 quingentos.
1613 899 1734 966 Qui,
1770 898 1897 953 licet

273 1002 528 1058 instructi
556 1007 742 1057 essent
775 1000 897 1074 lege
928 997 1136 1064 divina,
1169 996 1493 1051 nesciebant
1536 1002 1718 1049 tamen
1760 991 1895 1064 quid

275 1098 347 1152 de
380 1098 461 1153 eis
480 1096 645 1153 vellet
668 1094 848 1151 facere
873 1092 1085 1168 regina,
1119 1092 1224 1146 nisi
1265 1099 1530 1163 quantum
1568 1088 1696 1144 inde
1726 1087 1897 1144 Judas

275 1201 422 1242 unus
446 1200 512 1240 ex
543 1184 626 1239 eis
656 1182 867 1238 caeteris
905 1188 1118 1253 poterat
1149 1195 1408 1235 enarrare
1462 1178 1687 1234 Iudaeis.
1741 1176 1897 1232 Unde

275 1286 331 1333 et
363 1278 483 1348 ipse
505 1276 708 1345 justam
733 1274 814 1329 eis
834 1272 964 1328 inde
996 1272 1234 1327 reddens
1262 1270 1561 1327 rationem:
1596 1270 1771 1342 Ligni,
1798 1269 1887 1323 in-

279 1369 423 1441 quit,
456 1366 730 1423 Dominici
770 1366 884 1422 vult
922 1363 1102 1420 facere
1133 1363 1516 1436 quaestionem.
1553 1363 1628 1418 De
1660 1377 1768 1434 quo
1806 1368 1890 1416 ta-

281 1482 410 1521 men
442 1465 579 1520 nihil
619 1463 848 1520 omnino
904 1462 1144 1518 discerat
1173 1477 1295 1517 esse
1322 1460 1721 1532 conscriptum,
1778 1459 1890 1514 nisi

279 1569 545 1634 quantum
574 1575 606 1614 a
636 1564 789 1631 patre
814 1573 914 1613 suo
942 1557 1028 1612 vel
1059 1572 1159 1612 avo
1180 1556 1287 1611 sibi
1316 1555 1590 1611 fatebatur
1608 1570 1728 1610 esse
1754 1568 1897 1626 pra!-

278 1652 488 1708 dictum
567 1649 804 1704 Proinde
836 1649 1157 1704 recordatus
1206 1647 1379 1719 patris
1430 1655 1486 1701 et
1526 1645 1612 1701 avi
1668 1643 1895 1712 veteris,

278 1742 586 1799 sententias
612 1759 801 1800 eorum
826 1741 997 1812 carpit
1020 1738 1263 1795 enodare
1293 1738 1537 1803 caeteris,

275 1835 490 1891 scilicet
516 1850 580 1891 ac
608 1833 858 1909 gentium
889 1830 1111 1902 populis
1129 1827 1439 1885 enarrando
1480 1827 1700 1883 duobus
1728 1826 1893 1898 quid-

277 1927 414 2000 quid
434 1927 563 1982 inde
590 1926 661 1981 de
680 1924 1005 1996 parentibus
1035 1921 1280 1995 percepit
1306 1918 1599 1975 ambobus.
1635 1919 1894 1974 Dixerant

274 2020 422 2075 enim
454 2018 587 2085 sibi,
628 2017 778 2089 quod
820 2016 940 2087 ipse
978 2022 1034 2071 et
1086 2013 1267 2069 omnis
1295 2010 1587 2083 posteritas
1612 2008 1762 2063 illius
1789 2008 1894 2063 hoc

278 2124 444 2165 nosse
497 2113 732 2179 poterat,
779 2105 923 2177 quod
956 2101 1399 2176 quandocunque
1443 2097 1725 2171 inquisitio
1755 2096 1894 2170 ligni

282 2198 462 2265 fieret,
492 2214 673 2273 genus
693 2211 884 2253 eorum
907 2194 1146 2266 amplius
1176 2207 1405 2267 regnare
1436 2205 1549 2245 non
1574 2188 1773 2255 valeat,
1795 2185 1895 2242 sed

282 2307 510 2364 regnum
550 2306 739 2347 eorum
772 2286 1215 2344 transferendum
1253 2291 1400 2339 esset
1428 2283 1484 2336 in
1512 2281 1744 2337 salutem
1777 2295 1895 2335 cre—

280 2381 556 2448 dentium,
588 2381 657 2436 de
687 2395 795 2452 quo
851 2378 1113 2449 scriptum
1161 2382 1279 2430 est:
1326 2375 1540 2428 Domini
1567 2376 1643 2428 est
1675 2386 1896 2441 regnum

278 2475 331 2525 et
354 2473 469 2541 ipse
493 2469 861 2525 dominabitur
886 2469 1125 2536 gentium
1156 2464 1323 2533 (Psal.
1355 2464 1481 2523 χχι).

923 2571 1131 2627 CAPUT
1166 2570 1253 2624 VI.

279 2670 449 2724 Beata
486 2667 684 2721 Helena
723 2666 891 2719 morte
930 2660 1231 2731 plectendos
1280 2660 1503 2727 ignique
1532 2654 1897 2731 Judwosnitlos

352 2737 664 2793 cremandos
692 2739 884 2801 censet,
915 2725 1013 2804 qui
1040 2733 1096 2788 S.
1130 2725 1337 2804 crucem
1363 2725 1634 2804 ostendere
1672 2725 1895 2804 nollent,

351 2809 659 2878 ludumque
687 2809 744 2861 in
770 2798 893 2860 lacu
920 2798 1113 2875 septem
1135 2803 1320 2857 diebus
1347 2801 1556 2855 servari
1578 2798 1845 2868 precipit.

358 2920 566 2993 Regina
598 2927 778 2973 autem
812 2930 1074 2973 revocans
1112 2914 1182 2969 ad
1221 2928 1282 2967 se
1314 2926 1537 2968 omnem
1586 2908 1901 2964 Iudaeorum

282 3014 590 3081 cohortem,
620 3013 784 3069 vitam
848 3012 929 3067 eis
960 3008 1302 3082 pr0ponebat
1342 3025 1403 3064 ac
1446 3014 1703 3072 mortem,
1733 3005 1900 3061 vitam

283 3106 518 3173 scilicet,
567 3106 615 3160 si
643 3105 852 3178 lignum
901 3103 1080 3160 crucis
1119 3102 1496 3169 ostenderent,
1535 3107 1764 3156 mortem
1805 3113 1906 3152 au-

287 3206 402 3253 tem
432 3197 478 3251 si
514 3196 897 3250 demonstrare
929 3200 1384 3259 contemnerent.
1436 3190 1545 3246 Sed
1585 3205 1708 3245 cum
1739 3186 1906 3244 corda

286 3303 481 3345 eorum
539 3286 606 3341 ad
639 3286 756 3341 haec
811 3285 1064 3339 indurata
1095 3283 1349 3350 fuissent,
1383 3289 1438 3337 et
1491 3298 1557 3337 ea
1588 3295 1711 3352 qum
1765 3279 1905 3335 scie-

292 3381 430 3436 bant
476 3395 537 3433 se
568 3377 780 3434 nescire
835 3376 1118 3442 dixissent,
1153 3390 1220 3431 eo
1263 3373 1502 3430 celerius
1538 3388 1636 3429 eos
1670 3387 1792 3443 quae
1821 3371 1907 3425 di-

290 3468 473 3525 cenda
503 3476 661 3523 erant
706 3466 892 3522 dicere
936 3464 1192 3539 cogebat,
1222 3478 1332 3537 quo
1380 3463 1545 3519 citius
1587 3461 1656 3517 ab
1683 3461 1765 3516 eis
1804 3476 1903 3518 vo-

291 3562 397 3618 luit
425 3561 568 3617 seire
616 3560 763 3633 quod
794 3558 1096 3615 nesciebat.
1155 3557 1263 3613 Sed
1319 3571 1440 3612 cum
1482 3556 1682 3611 veritas
1710 3555 1787 3611 rei
1837 3556 1906 3609 ab

293 3657 380 3713 eis
400 3655 550 3711 nulla
579 3655 792 3710 ratione
825 3659 1010 3725 posset
1050 3651 1391 3725 investigari,
1447 3648 1714 3705 continuo
1740 3648 1907 3717 jussit

292 3760 493 3803 omnes
524 3743 649 3818 igne
680 3740 938 3807 cremari,
970 3748 1029 3796 ut
1067 3741 1152 3796 vel
1181 3740 1260 3797 sic
1297 3754 1394 3795 eos
1424 3743 1661 3809 _cogeret
1687 3736 1908 3792 monitis

293 3834 529 3892 obedire
559 3830 782 3899 divinis,
816 3846 956 3905 quos
993 3829 1059 3885 ad
1111 3830 1216 3884 hoc
1246 3842 1351 3882 nec
1385 3824 1782 3881 blandimentis
1804 3841 1908 3895 po-

292 3937 439 3988 terat
458 3943 757 4002 provocare
786 3943 892 3982 nec
919 3925 1100 3981 minis.
1128 3922 1302 3979 Judaei
1324 3927 1505 3976 autem
1525 3919 1748 3975 sibimet
1779 3920 1908 3975 inde

292 4022 576 4085 timentes,
624 4025 680 4074 et
717 4018 899 4073 vivere
956 4015 1139 4087 potius
1202 4028 1366 4086 quam
1407 4011 1549 4066 mori
1598 4011 1911 4082 cupientes,

292 4113 543 4178 tandem,
572 4110 638 4166 ad
666 4106 1069 4165 ostendendam
1098 4104 1204 4161 sibi
1230 4103 1516 4159 veritatem
1556 4101 1784 4172 nudam,
1814 4118 1914 4175 pro

293 4221 359 4260 se
388 4202 649 4260 omnibus
689 4199 1036 4256 tradiderunt
1057 4197 1277 4253 Iudam.
1311 4195 1484 4259 Quem
1517 4210 1640 4249 cum
1673 4210 1776 4249 nec
1806 4194 1916 4248 mis

299 4296 392 4352 nis
423 4305 653 4360 terrere,
686 4308 789 4348 nec
810 4290 1201 4346 blandimentis
1221 4288 1288 4343 ad
1327 4288 1433 4343 hoc
1460 4293 1646 4359 posset
1672 4286 1913 4353 allicere,

303 4392 363 4443 ut
392 4385 507 4441 veri
536 4382 744 4456 aliquid
801 4382 928 4437 inde
964 4380 1130 4435 vellet
1160 4380 1368 4443 dicere,
1421 4377 1685 4434 continuo
1742 4378 1917 4433 susci-

1232 294 1315 349 DE
1357 292 1570 348 LAUDE
1612 291 1689 347 ΕΤ
1732 290 1860 346 INV.
1905 290 1958 345 S.
2008 287 2258 344 CRUCIS.
2303 317 2371 326 --
2412 285 2535 339 LIB.
2584 284 2646 338 ll.

3500 280 3606 339 958

2064 421 2201 473 nica
2237 419 2480 472 mortuus
2506 414 2588 469 ibi
2640 416 2989 470 resuscitatus
3015 416 3375 470 testimonium
3424 413 3606 484 perhi-

2067 490 2203 544 buit.

2064 599 2165 654 Pro
2200 598 2303 653 hac
2360 597 2528 669 igitur
2574 610 2759 662 causa,
2792 610 2915 650 cum
2968 595 3119 660 illuc,
3148 595 3239 649 ubi
3285 594 3440 651 locus
3491 599 3609 650 erat

1992 687 2271 755 Calvariaz,
2323 686 2570 757 undique
2610 683 2985 740 concurrisset
3032 682 3191 738 turba
3244 683 3421 754 plebis
3465 682 3609 738 bifa-

1995 781 2110 847 riie,
2142 781 2468 837 contrahere
2500 794 2627 850 pars
2662 776 2831 848 carpit
2859 776 2929 832 ad
2970 782 3201 847 partem,
3256 790 3327 829 ne
3385 791 3482 845 per
3508 775 3607 830 Ju-

1996 872 2239 929 dzeorum
2282 872 2620 944 impietatem
2645 886 2733 924 ars
2762 867 3052 924 deluderct
3081 873 3274 922 artem.
3305 865 3474 921 Judas
3511 880 3608 918 au-

1998 969 2107 1017 tem
2140 961 2286 1016 inter
2310 967 2540 1016 emteros
2568 964 2719 1013 stans
2749 958 2803 1012 in
2824 965 3125 1026 conspectu
3153 954 3391 1010 filiorum
3418 951 3607 1008 homi-

1998 1065 2150 1116 num,
2171 1064 2235 1103 ex
2268 1048 2464 1103 intimo
2496 1047 2682 1104 cordis
2711 1044 3020 1101 orationem
3063 1045 3207 1099 hanc
3236 1042 3377 1098 fudit
3403 1041 3472 1097 ad
3504 1042 3610 1096 Do-

1996 1142 2229 1208 minum,
2288 1148 2564 1212 quatenus
2612 1139 2731 1210 ipse
2771 1138 2877 1193 sibi
2932 1143 3237 1192 monstrare
3290 1135 3610 1209 dignaretur

1996 1231 2090 1285 ubi
2131 1238 2279 1286 esset
2318 1229 2497 1285 crucis
2527 1228 2825 1284 Dominica:
2850 1226 3034 1297 .fossa,
3074 1226 3168 1298 qui
3216 1223 3386 1296 Moysi
3418 1238 3605 1295 quon-

1988 1324 2112 1380 dam
2154 1324 2325 1395 patris
2375 1323 2552 1378 nostri
2603 1322 2806 1393 Joseph
2871 1320 3168 1376 ostendere
3218 1319 3475 1391 dignatus
3525 1326 3612 1376 est

1989 1430 2134 1470 ossa.
2168 1415 2296 1482 Sed,
2338 1413 2599 1485 quoniam
2640 1413 2892 1485 ejusdem
2926 1412 3030 1467 loci
3061 1417 3270 1466 certum
3305 1425 3419 1466 non
3454 1415 3609 1480 pote-

1995 1511 2076 1559 rat
2107 1503 2353 1559 invenire
2375 1501 2690 1576 vestigium,
2724 1501 2829 1556 nisi
2858 1500 3044 1556 divina
3060 1500 3235 1572 pietas
3258 1499 3481 1555 cmlestc
3506 1497 3613 1553 ali-

1995 1596 2142 1667 quod
2188 1594 2357 1650 vellet
2386 1596 2763 1650 demonstrare
2805 1593 3144 1668 prodigium,
3179 1593 3304 1648 ideo
3336 1592 3407 1646 ad
3437 1590 3609 1646 infor-

1997 1688 2253 1744 mandam
2287 1704 2399 1744 non
2429 1687 2777 1743 credentium
2806 1703 2958 1758 spem
2982 1696 3038 1742 et
3067 1685 3416 1741 credentium
3447 1682 3612 1738 fidem

1575 1736 1889 1791 Iudaeorum

2009 1736 2253 1744 ,-..,------,
2289 1736 2399 1744 η-..
2432 1736 2777 1743 --__-----_-__
2806 1736 2958 1758 7----
2988 1736 3037 1742 -_
3072 1736 3407 1741 -__H_---,-,_.

2009 1781 2177 1832 subito
2207 1781 2364 1832 locus
2402 1791 2711 1832 commotus
2740 1787 2823 1832 est
2854 1780 2999 1832 idem
3057 1778 3288 1832 Insuber
3336 1775 3407 1831 eti

1994 1781 2177 1836 subito
2207 1781 2364 1839 locus
2402 1791 2711 1837 commotus
2740 1787 2823 1837 est
2854 1780 2999 1834 idem
3057 1778 3288 1849 Insuper
3336 1775 3502 1831 etiam
3544 1774 3612 1829 ad

1995 1869 2383 1924 declarandum
2448 1870 2745 1927 Dominicze
2786 1869 2967 1925 crucis
3015 1867 3255 1942 lignum,
3297 1864 3444 1921 aliud
3480 1879 3615 1920 con-

1996 1957 2152 2013 tinuo
2219 1964 2467 2014 secutum
2532 1968 2617 2014 est
2661 1958 2925 2031 signum,
2995 1958 3125 2012 dum
3196 1956 3265 2011 ad
3345 1955 3615 2010 edoman-

1997 2048 2127 2101 dum
2181 2063 2276 2103 cor
2332 2047 2651 2104 Judaeorum
2720 2048 3074 2112 indomitum,
3141 2046 3324 2101 statim
3389 2045 3459 2100 de
3517 2058 3618 2099 co-

1997 2136 2123 2191 dem
2170 2136 2294 2193 loco
2324 2136 2509 2192 fumus
2537 2136 2787 2192 ascendit
2837 2143 3164 2192 aromatum.
3196 2135 3366 2191 Judas
3410 2143 3616 2200 autem,

1998 2224 2093 2296 qui
2128 2225 2282 2296 prius
2311 2225 2452 2280 inter
2484 2241 2640 2297 spem
2690 2224 2968 2295 pendebat
2990 2233 3045 2279 et
3076 2230 3309 2290 metum,
3347 2236 3447 2293 pro
3468 2238 3616 2276 mw-

1998 2333 2123 2374 rore
2155 2317 2325 2388 coepit
2367 2317 2573 2375 habere
2611 2317 2900 2393 gaudium,
2952 2326 3007 2373 et
3044 2331 3140 2387 pro
3169 2316 3373 2388 gaudio
3403 2314 3615 2378 ﬂetum,

1997 2410 2201 2482 gratias
2232 2409 2493 2466 videlicet
2535 2425 2706 2482 agens
2761 2410 2868 2464 Deo
2914 2409 2971 2463 in
3014 2408 3286 2463 universis
3318 2423 3441 2479 quae
3493 2406 3615 2481 glo-

1975 2499 2141 2557 ’riose
2174 2500 2381 2557 ﬁebant
2409 2501 2479 2557 ab
2514 2517 2601 2558 eo.
2635 2500 2844 2557 Deinde
2884 2500 2954 2555 ad
2989 2507 3190 2555 terram
3241 2513 3302 2552 se
3343 2495 3618 2551 inclinans

2000 2593 2306 2661 humiliter,
2357 2593 2595 2650 fossorio
2644 2600 2888 2665 arrepto,
2934 2591 3124 2648 fodere
3162 2589 3331 2661 C(Bpil
3357 2586 3617 2643 viriliter:

1999 2689 2097 2745 sed
2125 2695 2180 2744 et
2212 2689 2305 2743 alii
2350 2695 2471 2760 post
2519 2688 2656 2745 alios
2690 2697 2797 2744 tam
2830 2687 2924 2744 diu
2968 2704 3095 2743 cum
3124 2701 3192 2742 eo
3216 2685 3403 2741 fodere
3442 2698 3620 2755 coepe-

2003 2788 2130 2836 runt
2186 2796 2476 2854 usquequo
2527 2796 2627 2852 pro
2676 2797 2789 2836 una
2842 2796 3026 2846 cruce,
3066 2794 3228 2851 quam
3275 2775 3619 2849 quaerebant,

2002 2876 2113 2924 tres
2144 2868 2351 2938 pariter
2401 2868 2752 2923 invenerunt.
2789 2868 2829 2923 Ο
2885 2884 3048 2940 quam
3102 2866 3240 2921 mira
3270 2872 3323 2920 et
3375 2863 3623 2921 inaudita

2004 2974 2112 3022 res,
2137 2956 2284 3030 quod
2304 2974 2434 3013 crux
2467 2974 2575 3013 una
2602 2958 2968 3030 quaerebatur,
3000 2957 3311 3012 etinventa:
3335 2960 3463 3010 sunt
3487 2959 3616 3014 tres,

2005 3046 2257 3120 quamvis
2299 3062 2396 3119 pro
2427 3046 2808 3101 illuminandis
2837 3045 3082 3102 fidelium
3115 3044 3407 3100 animabus
3444 3043 3619 3097 multo

1929 3130 1979 3199 C
2006 3138 2304 3211 pretiosior
2331 3145 2477 3194 esset
2504 3154 2612 3194 una
2650 3137 2894 3194 duabus!
2950 3138 3106 3193 Unde
3153 3136 3355 3191 mirum
3399 3149 3508 3190 non
3539 3140 3623 3189 est

2009 3229 2157 3300 quod
2188 3228 2334 3283 idem
2372 3227 2541 3283 Judas
2572 3228 2715 3284 inter
2738 3228 2877 3283 alios
2917 3227 3243 3283 sollicitatus
3299 3232 3383 3280 est
3412 3224 3622 3296 primus

2008 3319 2141 3392 quid
2171 3319 2275 3374 sibi
2297 3319 2573 3393 agendum
2597 3326 2744 3374 esset
2767 3334 2831 3374 ex
2854 3317 3111 3374 crucibus
3131 3313 3621 3386 tribus,quoniam,

2004 3409 2148 3465 sicut
2186 3425 2252 3464 ex
2301 3408 2591 3483 Synagoga
2631 3409 2943 3465 Iudaeorum
3018 3404 3207 3479 plures
3274 3403 3620 3461 afﬁrmavcre

2006 3500 2201 3567 Judaei,
2226 3500 2349 3556 dure
2380 3516 2572 3556 cruces
2612 3507 2769 3555 erant
2795 3500 3089 3559 latronum.
3114 3505 3170 3554 et
3191 3496 3351 3553 tertia
3379 3495 3498 3551 Dei.
3531 3493 3624 3550 Sic

2007 3592 2172 3667 igitur
2214 3608 2337 3647 cum
2367 3592 2513 3647 inter
2542 3597 2620 3646 tot
2652 3606 2843 3646 cruces
2867 3591 3039 3645 Ju'las
3069 3590 3187 3660 ipse
3216 3588 3490 3645 nescisset
3521 3603 3620 3643 cu-

2001 3684 2093 3754 jus
2123 3691 2217 3738 aut
2245 3683 2401 3752 cujus
2438 3682 2529 3737 illa
2559 3682 2644 3737 vel
2673 3682 2765 3736 illa
2802 3681 3016 3747 fuisset,
3057 3681 3329 3737 continuo
3374 3685 3622 3735 mortuus

2007 3774 2233 3848 quidam
2279 3773 2638 3829 resuscitatus
2680 3773 2909 3838 ibidem,
2970 3788 3078 3842 prae
3118 3770 3335 3826 caeteris
3364 3767 3624 3824 crucibus

2008 3865 2156 3920 cruci
2186 3861 2481 3917 Dominicae
2531 3860 2705 3935 magis
2741 3860 3041 3915 adhibebat
3082 3858 3269 3914 fidem.
3326 3857 3433 3912 Nec
3472 3854 3622 3911 enim

2010 3955 2265 4011 humanae
2316 3954 2564 4029 ignotum
2622 3961 2770 4009 esset
2805 3951 3045 4007 solertiae
3095 3950 3225 4023 quid
3282 3947 3510 4004 honoris
3561 3961 3625 4001 ac

2012 4042 2335 4100 reverentiae
2362 4042 2577 4098 duabus
2591 4041 2823 4097 deberet
2845 4049 2940 4096 aut
2960 4040 3133 4095 tertiae
3154 4038 3311 4106 ;ideo
3335 4044 3624 4109 postquam

2015 4140 2270 4199 eumdem
2298 4148 2573 4195 mortuum
2604 4138 2673 4193 ad
2705 4153 2870 4192 unam
2901 4145 2955 4191 et
2998 4135 3160 4191 aliam
3188 4148 3408 4189 crucem
3444 4146 3626 4201 popu-

2016 4232 2103 4287 lus
2130 4230 2371 4286 inanitcr
2394 4228 2657 4296 admovit,
2684 4227 2948 4283 continuo
2979 4225 3151 4282 tertiae
3200 4222 3477 4288 admotus,
3514 4219 3628 4274 vir-

2017 4327 2192 4376 tutem
2220 4327 2424 4375 sanctte
2479 4317 2657 4374 crucis
2695 4316 2937 4390 agnovit,
2993 4321 3350 4388 posteaquam
3410 4307 3629 4364 duabus

2020 4411 2174 4467 illum
2209 4408 2469 4466 crucibus
2502 4407 2659 4463 turba
2710 4406 2987 4478 pedestris
3036 4407 3090 4462 in
3127 4423 3325 4462 vanum
3360 4403 3626 4478 porrexit,

301 4476 548 4573 PieFSde
586 4474 1190 4573 omni!)u.s.unum’pcr
1217 4478 1426 4541 septem
1465 4469 1914 4573 dieéjussi'fclum
1945 4498 2201 4566 Dstatim
2244 4499 2535 4573 appositus
2561 4507 2645 4553 est
2674 4469 2868 4564 tertiae,
2897 4502 2952 4552 et
3005 4497 3260 4553 surrexit.
3320 4469 3475 4551 Unde
3516 4508 3629 4550 non

302 4568 362 4623 in
400 4565 518 4621 lacu
551 4562 758 4620 servari
802 4561 1077 4631 jejunum,
1100 4573 1411 4630 usquequo,
1457 4564 1671 4628 septem
1713 4555 1916 4611 diebus

302 4659 563 4723 evolutis,
596 4671 660 4711 ea
690 4654 904 4711 ratione
932 4652 1061 4707 inde
1092 4666 1150 4706 se
1176 4649 1479 4721 postularet
1519 4648 1703 4715 educi,
1732 4654 1792 4703 ut
1812 4648 1918 4702 de-

302 4747 477 4803 bitam
508 4742 826 4799 servitutem
871 4738 1167 4795 Dominicee
1199 4738 1547 4809 impenderet
1593 4736 1763 4793 cruci.
1816 4736 1918 4803 Qui

301 4855 428 4896 cum
470 4836 537 4893 ad
587 4837 704 4890 hanc
733 4831 898 4887 verba
942 4830 1011 4885 de
1052 4831 1170 4886 lacu
1217 4829 1418 4885 fuisset
1456 4829 1689 4884 eductus
1729 4828 1915 4884 conti-

304 4946 420 4988 nuo
451 4924 775 4984 Christianis
819 4923 1103 4997 gaudium,
1135 4928 1189 4977 et
1239 4921 1446 4977 Iudaeis
1483 4926 1637 4975 ortus
1664 4928 1751 4975 est
1797 4920 1917 4974 luc-

306 5030 428 5083 tus;
471 5015 730 5090 quoniam
786 5028 981 5069 omnes
1011 5010 1209 5073 Judaei,
1264 5011 1356 5082 qui
1399 5015 1771 5066 convenerant
1818 5008 1917 5074 ibi,

304 5108 633 5166 invidebant
669 5104 850 5170 nobis,
880 5110 935 5158 et
966 5101 1238 5158 timebant
1264 5101 1389 5156 sibi.
1422 5101 1528 5156 Sed
1563 5098 1674 5163 ille,
1707 5100 1801 5172 qui
1837 5108 1922 5156 est

304 5202 458 5258 salus
505 5204 688 5254 nostra
729 5199 789 5251 in
828 5201 1062 5266 tempore
1103 5194 1471 5248 tribulationis
1502 5193 1654 5262 (Psal
1716 5195 1919 5260 XXXVI),

308 5297 571 5353 misertus
598 5293 702 5358 eis,
731 5301 786 5347 et
822 5293 1081 5348 misertus
1131 5298 1215 5346 est
1245 5289 1430 5356 nobis,
1468 5288 1597 5342 dum
1623 5302 1924 5343 conversus

308 5389 377 5445 ad
410 5403 537 5453 nos,
562 5394 618 5441 et
650 5401 899 5441 reversus
927 5385 995 5443 ad
1027 5399 1144 5449 eos,
1194 5399 1261 5438 ea
1293 5381 1382 5437 die
1433 5380 1605 5437 voluit
1643 5378 1922 5435 lietificare

305 5477 673 5543 Christianos,
708 5484 761 5531 et
791 5475 1104 5531 illuminare
1121 5473 1365 5529 Iudaeos.

936 5584 1144 5640 CAPUT
1175 5583 1284 5638 VII.

308 5683 485 5739 Judus
525 5679 655 5733 dein
701 5692 767 5732 ea:
821 5678 941 5731 lacu
985 5678 1277 5743 extractus,
1324 5677 1475 5743 facta
1512 5679 1582 5731 ad
1640 5677 1927 5732 Dominum

384 5752 659 5825 gratione,
687 5752 792 5804 tres
828 5761 1006 5802 cruces
1043 5746 1282 5813 invenit;
1333 5750 1479 5805 cruci
1516 5753 1690 5804 autem
1744 5746 1925 5801 Domi-

2014 4595 2294 4653 immcrito
2339 4596 2513 4650 Deum
2537 4592 2943 4649 benedixerunt
2976 4591 3186 4659 cuncti,
3209 4589 3410 4663 quibus
3447 4586 3626 4643 virtu-

2014 4696 2124 4747 tem
2160 4686 2294 4764 ligni
2332 4686 2599 4743 Dominici
2632 4684 2964 4741 resurrectio
3015 4684 3317 4741 testabatur
3359 4677 3629 4745 defuncti,

2015 4779 2214 4835 merito
2243 4778 2410 4834 etiam
2462 4775 2758 4832 defunctus
2787 4775 2935 4830 idem
2967 4774 3021 4830 ei
3063 4789 3174 4845 prae
3204 4770 3418 4829 cateris
3459 4769 3631 4824 bene-

2015 4868 2171 4937 dixit,
2195 4869 2292 4940 qui
2316 4866 2508 4923 eadem
2540 4865 2629 4921 die
2659 4870 2908 4921 mortuus
2934 4864 3131 4929 fuerat,
3154 4870 3211 4918 et
3238 4858 3450 4917 revixit.

2635 4996 2845 5051 CAPUT
2881 4995 3019 5051 VIII.

2025 5114 2096 5167 De
2133 5109 2455 5173 testimonio,
2495 5105 2641 5177 quod
2658 5109 2847 5161 sancta
2872 5119 3004 5177 arua:
3031 5103 3222 5177 habuit
3253 5116 3441 5177 cumga
3470 5099 3632 5177 civis,

2092 5187 2205 5236 tum
2245 5185 2408 5235 etiam
2436 5172 2735 5246 dehnclis,
2771 5185 2821 5231 et
2862 5176 2929 5230 de
2965 5175 3212 5247 spiritali
3247 5174 3446 5241 gaudio
3472 5172 3637 5227 beatas

2091 5253 2318 5309 Helenae.

2094 5366 2134 5422 0
2175 5365 2473 5437 pretiosum
2505 5372 2560 5419 et
2589 5361 2912 5417 admirabile
2950 5357 3191 5436 lignum!
3225 5373 3257 5413 ο
3288 5356 3497 5432 lignum
3536 5369 3637 5408 an-

2022 5458 2199 5533 gelico
2225 5463 2281 5511 et
2319 5456 2559 5509 humano
2590 5451 2867 5524 praeconio
2898 5451 3150 5525 dignum,
3192 5462 3292 5519 per
3319 5445 3471 5518 quod
3500 5444 3634 5497 dum

2023 5550 2247 5620 antiqua
2275 5547 2537 5602 Divinitas
2564 5551 2619 5599 et
2638 5543 2763 5599 vitae
2790 5542 3033 5597 reddidit
3060 5549 3359 5604 mortuum,
3391 5543 3441 5591 et
3468 5534 3637 5588 liber-

2024 5644 2122 5701 tati
2150 5642 2447 5715 captivum,
2474 5641 2617 5695 bene
2645 5635 2942 5693 declaravit
2965 5634 3094 5706 quia
3123 5633 3332 5707 lignum
3363 5626 3495 5684 illud
3524 5637 3637 5681 non

2025 5745 2303 5793 mortuum
2346 5732 2657 5798 videbatur,
2711 5728 2808 5785 sed
2852 5722 3067 5785 vivuml
3130 5723 3168 5778 0
3211 5736 3342 5777 crux
3380 5731 3536 5773 sacra
3581 5716 3637 5768 et
