4006 6198
445 295 549 350 959

1422 291 1790 347 BERENGOSI
1832 289 2107 345 ABBATIS
2147 289 2202 344 S.
2245 288 2486 344 ΜΑΧΙΜΙ
2528 288 2794 344 TREVIR.

3678 297 3799 354 960

443 421 805 478 venerabilis!
838 436 870 477 0
918 438 1047 477 crux
1077 421 1317 495 gloriosa
1355 429 1407 475 et
1438 418 1801 485 admirabilis,
1854 418 1941 472 cui
2000 426 2060 472 ut
2086 417 2500 490 Adesiderium
2550 434 2616 472 ea
2646 418 2781 473 hora
2836 417 3165 474 comedendi
3215 420 3382 477 etiam
3436 422 3791 479 dimitterent

445 515 669 569 debitus
722 516 899 571 honor
954 514 1307 569 exhiberetur
1371 531 1400 569 a
1447 514 1679 575 eunetis,
1718 511 2057 582 praeconium

447 605 687 661 habebat
717 621 780 658 ex
814 604 970 671 vivis,
1014 613 1067 659 et
1119 605 1494 659 testimonium
1555 620 1621 658 ex
1661 601 1962 657 defunctis!
2026 601 2063 656 Ο

447 691 849 746 intestimabilis
903 692 1124 747 dilectio
1184 692 1488 760 charitatis,
1522 708 1553 747 ο
1596 690 1891 745 ineffabilis
1944 690 2063 744 dis-

448 784 700 854 pensatio
752 784 956 839 divinze
1017 785 1259 855 pietatis,
1307 782 2062 856 qumperarcanumantiqute

451 876 757 931 Divinitatis
783 877 1100 941 consilium,
1149 877 1202 930 in
1237 884 1464 931 mortem
1497 876 1678 932 erucis
1712 891 1808 947 pro
1841 874 2063 929 homine

451 967 640 1031 Deum,
668 972 721 1019 ct
754 982 851 1037 pro
874 982 1030 1021 servo
1061 966 1281 1020 tradidit
1304 966 1519 1032 Filium,
1554 972 1611 1020 ut
1635 974 1755 1036 post
1787 964 2062 1017 devictam

450 1053 697 1123 ejusdem
731 1055 922 1107 mortis
974 1054 1355 1118 acerbitatem,
1406 1070 1594 1108 servus
1625 1054 1959 1118 libertatem,
2009 1058 2064 1104 et

453 1146 597 1200 tilius
623 1147 891 1217 reciperet
926 1147 1332 1201 haereditatem!
1367 1148 1633 1202 Videlicet
1663 1148 1853 1201 eadem
1888 1160 2065 1199 sacra-

452 1240 660 1294 tissima
688 1258 815 1295 crux
863 1243 1100 1297 humano
1150 1258 1258 1296 non
1317 1243 1563 1316 indigeat
1595 1242 1891 1313 przeconio,
1939 1255 2062 1311 quae

452 1331 772 1400 prOphetico
805 1337 857 1384 et
888 1331 1209 1403 evangelieo
1261 1332 1403 1386 ultro
1453 1331 1872 1385 commendatur
1911 1327 2059 1383 testi—

449 1419 657 1485 monio,
717 1420 945 1495 dignum
999 1431 1178 1475 tamen
1237 1428 1320 1475 est
1368 1430 1428 1475 ut
1484 1436 1583 1474 nos
1641 1434 1707 1473 eo
1761 1417 2064 1472 studiosius

449 1511 609 1564 laude
650 1526 1050 1582 prosequamur
1080 1512 1372 1577 immensa,
1402 1527 1510 1582 quo
1532 1511 1583 1564 in
1613 1526 1677 1563 ea
1704 1510 1850 1563 salus
1882 1513 2067 1562 nostra

445 1602 681 1672 quodam
723 1603 1012 1657 videbatur
1052 1620 1172 1657 esse
1207 1619 1504 1674 suspensa.
1541 1602 1661 1656 llaec
1690 1602 1836 1656 enim
1871 1606 1953 1654 est
1976 1599 2068 1653 illa

445 1707 596 1751 crux,
647 1708 769 1762 quae
802 1691 903 1745 sub
949 1692 1175 1746 Judaica
1223 1693 1443 1745 detenta
1488 1692 1580 1745 diu
1624 1690 1957 1760 captivitate,
2000 1682 2069 1740 ab

448 1779 649 1833 llelena
691 1780 880 1853 regina
911 1780 1074 1834 hodie
1107 1780 1370 1851 probatur
1396 1780 1644 1842 inventa;
1670 1784 1805 1832 utet
1834 1792 1934 1830 nos
1959 1776 2065 1831 hoc
2090 1750 2138 1817 Β

448 1870 703 1939 exemplo
743 1869 1082 1934 commoniti,
1135 1869 1187 1922 in
1232 1870 1379 1923 illius
1409 1869 1583 1923 forma
1622 1868 1944 1922 studeamus
1974 1864 2061 1917 in-

454 1957 652 2010 veniri.
712 1957 834 2011 Haec
874 1968 955 2011 est
1000 1958 1091 2011 illa
1131 1975 1282 2025 crux,
1317 1959 1371 2012 iu
1406 1958 1620 2030 quallci
1664 1956 1828 2010 Filius
1858 1954 2060 2008 exalta-

452 2058 557 2114 tus,
579 2051 737 2104 traxit
769 2049 953 2104 omnia
976 2066 1159 2105 secum
1210 2052 1387 2121 (Joan.
1433 2051 1547 2121 xu),
1580 2050 1648 2103 de
1690 2065 1796 2120 quo
1837 2047 2065 2119 angelus

450 2144 518 2198 ail
546 2143 790 2198 Mariam.
822 2147 947 2211 Ave,
978 2144 1176 2216 inquit,
1200 2148 1383 2213 gratia
1400 2146 1584 2215 plena,
1613 2146 1873 2198 Dominus
1895 2146 2063 2195 tecum

451 2238 598 2299 (Luc.
650 2239 706 2305 ι).
766 2237 887 2291 llaec
916 2244 998 2291 est
1037 2238 1199 2292 etiam
1257 2238 1350 2291 illa
1406 2253 1559 2291 sacra
1610 2242 1664 2290 et
1703 2232 2066 2289 celeberrima

450 2344 604 2390 crux,
633 2328 684 2381 in
709 2344 817 2399 qua
847 2329 932 2382 lux
966 2329 1059 2382 illa
1090 2328 1402 2399 perpendit,
1438 2344 1560 2399 quae
1589 2327 1723 2381 dixit
1753 2343 1765 2379 :
1799 2328 1918 2379 Fiat
1947 2326 2061 2390 luce,

449 2425 496 2473 et
525 2422 675 2486 facta
713 2425 788 2474 est
818 2421 914 2474 (use
948 2420 1095 2486 (Gen.
1127 2422 1183 2489 ι).
1214 2428 1272 2474 ιιι
1302 2420 1417 2490 ipse
1450 2434 1549 2473 nos
1581 2434 1766 2472 secum
1795 2417 1861 2470 ad
1909 2425 2064 2470 aeter-

448 2526 571 2565 nam
614 2512 910 2582 peilueeret
951 2513 1150 2575 lucem,
1192 2511 1285 2582 qui
1343 2527 1441 2582 pro
1466 2510 1626 2566 nobis
1663 2508 2065 2581 subircdigna-

453 2610 538 2655 tus
556 2610 642 2655 est
680 2600 881 2665 clavos,
917 2600 1161 2655 lanceam
1190 2609 1243 2656 ct
1271 2617 1511 2656 crucem.
1544 2601 1665 2655 Haec
1694 2606 1775 2653 est
1794 2598 1885 2653 illa
1910 2613 2061 2664 crux,

447 2706 592 2761 quae,
631 2690 963 2746 sicutsacrie
995 2690 1292 2761 Scriptura:
1322 2696 1590 2744 testantur
1629 2693 1992 2751 sacramenta,
2032 2701 2065 2740 a

448 2781 612 2836 beata
646 2783 848 2837 Ilelena
870 2782 1059 2856 regina
1092 2783 1421 2852 praedicatur
1451 2782 1693 2845 inventa,
1730 2778 2065 2851 evangelicis

447 2874 706 2929 videlicet
741 2874 922 2928 verbis
949 2874 1114 2929 hodie
1151 2874 1203 2928 iu
1237 2890 1302 2928 οι
1331 2873 1643 2944 completis,
1686 2871 1888 2942 quibus
1919 2869 2062 2923 dici-

451 2972 566 3019 tur:
612 2968 776 3019 Petite
804 2971 853 3019 et
891 2969 1187 3034 accipietis,
1239 2968 1464 3034 quirrite
1490 2970 1539 3019 et
1568 2967 1845 3018 invenietis
1884 2965 2059 3028 (Joan.

453 3060 581 3119 xvr).
612 3054 740 3118 Sed,
774 3070 936 3125 quam
972 3056 1094 3109 lenta
1134 3055 1216 3108 vel
1245 3054 1433 3108 hilaris
1460 3054 1652 3107 eadem
1687 3051 2062 3127 reginahodie

453 3147 647 3202 fuisset
677 3147 888 3213 eﬂ'ecta,
946 3148 1168 3220 quando
1210 3165 1339 3203 crux
1381 3148 1663 3203 Dominica
1713 3164 1931 3202 sursum
1993 3146 2062 3200 de
2088 3123 2136 3191 Ο

454 3244 599 3290 terra
626 3237 1131 3301 videbaturerecta,
1166 3236 1354 3291 nullus
1387 3236 1613 3292 omnino
1659 3236 1861 3307 poterit
1899 3234 2064 3300 seire,

456 3328 563 3381 nisi
595 3329 686 3398 qui
735 3329 788 3381 in
819 3329 957 3383 libro
981 3329 1107 3383 vita:
1146 3337 1360 3400 septem
1394 3329 1678 3402 signacula
1721 3329 1872 3383 solus
1917 3327 2068 3381 novit

456 3420 687 3489 aperire.
725 3420 879 3473 Unde
919 3427 978 3475 ut
1027 3421 1175 3492 quod
1230 3419 1378 3475 bono
1418 3422 1719 3491 inemptum
1761 3426 1842 3474 est
1880 3418 2068 3473 omine

456 3514 602 3568 bono
627 3514 973 3569 clauderetur
1010 3524 1063 3569 et
1091 3514 1219 3579 fine,
1254 3515 1480 3588 dignum
1536 3515 1633 3570 fuit
1673 3522 1732 3570 ut
1761 3513 2070 3585 pulcherri-

457 3620 604 3657 mum
640 3604 768 3660 illud
800 3605 1002 3659 donum
1046 3605 1434 3676 pulcherrimae
1491 3606 1726 3675 primum
1762 3604 2071 3658 deferretur

459 3694 681 3767 regina»,
713 3702 984 3765 quatenus
1024 3695 1212 3768 gratiae
1272 3695 1513 3749 cielestis
1552 3694 1872 3749 arehisterio
1919 3694 2067 3764 prior

458 3791 602 3838 esset
642 3784 696 3838 in
729 3784 894 3846 dono,
926 3801 1048 3856 quae
1070 3783 1243 3851 major
1283 3793 1399 3838 erat
1439 3782 1693 3854 imperio.

1098 3912 1305 3967 CAPUT
1342 3912 1426 3966 1X.

455 4024 665 4087 Quanto
703 4023 835 4076 cieri
862 4026 912 4075 et
948 4022 1137 4090 populi
1163 4020 1342 4073 studio
1379 4023 1426 4072 et
1477 4019 1761 4072 alacritate
1787 4021 2063 4087 exceptum

896 4112 967 4164 sit
994 4110 1153 4164 vitale
1183 4109 1359 4162 erucis
1391 4109 1619 4174 lignum.

528 4241 749 4295 Interim
782 4245 989 4306 autem,
1021 4239 1150 4292 dum
1203 4253 1303 4309 per
1329 4236 1568 4291 salutare
1611 4236 1927 4307 mysterium
1978 4251 2064 4289 re-

452 4335 634 4403 spexit
662 4333 919 4388 Dominus
954 4346 1116 4400 super
1154 4330 1294 4399 ﬁlios
1352 4330 1621 4384 hominum
1661 4330 1828 4399 (Psal.
1874 4328 2066 4397 xxxn),

2164 506 2428 563 studium.
2466 507 2584 574 Ubi,
2611 507 2760 567 .dum
2798 507 2938 562 alter
2978 507 3209 564 alterius
3256 509 3544 567 invidebat
3580 512 3801 569 veloci-

2164 599 2258 653 tati
2283 598 2481 653 iemnla
2512 597 2679 654 fiebat
2727 599 2968 653 charitas
3006 600 3281 665 charitati,
3329 604 3553 674 quando
3584 603 3655 658 ad
3712 605 3799 661 vi-

2163 686 2401 741 dendam
2431 687 2677 756 ejusdem
2711 688 2956 743 cmlestis
2984 689 3233 760 mysterii
3261 690 3610 763 dignitatem,
3661 692 3797 748 eba-

2163 776 2293 831 ritas
2324 776 2490 846 coepit
2520 776 2802 832 retardare
2833 777 3180 857 charitatcm.
3227 779 3265 835 Ο
3296 780 3578 836 laudabile
3608 780 3797 838 divor-

2161 866 2316 927 tium,
2351 873 2404 919 et
2434 864 2760 921 admirabile
2786 868 3205 936 commercium,
3237 868 3294 923 in
3336 884 3446 941 quo
3469 886 3664 926 cursus
3692 886 3797 925 ve-

2163 958 2364 1014 locium
2407 975 2625 1015 cursum
2672 961 2973 1017 retardavit
3026 961 3309 1030 inertium,
3336 963 3432 1019 ubi
3474 964 3603 1020 licet
3630 965 3797 1021 velo-

2164 1051 2341 1106 ciores
2379 1052 2585 1124 quique
2628 1052 2905 1109 retardare
2937 1053 3258 1111 viderentur
3288 1056 3517 1123 inertes,
3563 1056 3797 1130 utrique

2165 1150 2348 1198 tamen
2377 1145 2565 1217 gratim
2617 1145 2711 1199 Dei
2745 1161 3095 1218 nequaquam
3146 1147 3479 1203 videbantur
3508 1157 3799 1220 expertes.

2165 1236 2295 1303 Sed,
2346 1237 2474 1308 quia
2505 1237 2747 1291 nondum
2804 1237 3023 1294 fuerant
3066 1239 3322 1295 virtutem
3357 1249 3561 1295 saneta:
3608 1240 3803 1296 crucis

2166 1325 2399 1396 experti,
2475 1325 2601 1380 ideo
2658 1326 2806 1381 iners
2856 1327 3054 1396 veloci,
3116 1335 3171 1383 et
3245 1329 3405 1384 velox
3470 1328 3802 1386 adhaerebat

2168 1420 2350 1483 inerti,
2406 1427 2464 1475 ut
2494 1421 2632 1476 alter
2675 1421 2834 1476 alteri
2880 1437 2948 1478 eo
2977 1422 3161 1477 minus
3203 1423 3488 1479 videretur
3534 1424 3797 1488 inertior,

2167 1529 2277 1584 quo
2325 1513 2392 1567 ad
2436 1515 2766 1569 currendam
2801 1515 2945 1569 viam
3004 1516 3144 1571 alter
3182 1517 3352 1573 altero
3393 1516 3613 1573 volebat
3666 1534 3800 1573 esse

2169 1602 2444 1658 solertior.
2503 1602 2655 1657 Sicut
2683 1603 2829 1658 enim
2881 1604 3196 1659 contristari
3256 1613 3539 1676 carperent
3590 1606 3797 1673 Judaei,

2171 1694 2300 1747 dum
2332 1694 2385 1747 in
2426 1693 2576 1767 ligno
2610 1694 2897 1750 Dominico
2937 1695 3195 1750 viderunt
3233 1695 3464 1768 gloriam
3509 1696 3643 1766 Dei;
3718 1696 3800 1752 ita

2164 1787 2502 1842 Christianus
2547 1788 2771 1861 gavisus
2798 1797 2881 1843 est
2912 1789 3171 1860 pepulus,
3226 1789 3450 1861 quando
3481 1789 3631 1844 idem
3664 1806 3795 1845 cce-

2164 1878 2316 1934 lestis
2345 1880 2588 1950 mystcrii
2635 1880 2787 1935 visus
2827 1888 2912 1935 est
2967 1880 3199 1936 loculus.
3244 1880 3329 1935 lbi
3377 1881 3565 1952 procul
3609 1880 3788 1937 dubio

2164 1968 2371 2023 alacres
2409 1984 2472 2023 ac
2495 1967 2729 2032 flebiles,
2777 1969 2852 2023 ibi
2908 1968 3075 2025 fortes
3101 1970 3307 2043 quique
3347 1985 3661 2025 convenere
3696 1972 3791 2026 vel

2165 2059 2401 2124 debiles,
2430 2059 2559 2114 dum
2593 2077 2694 2130 per
2724 2060 2972 2115 diversas
3001 2069 3359 2133 utrarumque
3387 2062 3625 2133 partium
3667 2077 3792 2117 sor-

2167 2155 2268 2213 tes,
2315 2148 2595 2203 llebilibus
2637 2148 2862 2203 adunati
2926 2158 3055 2204 sunt
3101 2149 3332 2217 alacres,
3400 2158 3457 2205 et
3509 2149 3797 2204 debilibus

2167 2242 2352 2298 fortes.
2414 2243 2493 2297 lbi
2536 2242 2697 2297 etiam
2749 2243 2878 2299 caeci
2919 2250 2975 2298 et
3016 2244 3199 2299 claudi
3240 2245 3442 2300 divinae
3495 2245 3797 2300 coadunati

2164 2339 2291 2387 sunt
2320 2333 2490 2398 laudi,
2513 2348 2576 2387 ac
2615 2332 2661 2386 si
2691 2332 2888 2403 aliquis
2933 2348 3032 2388 eos
3072 2333 3260 2388 verbis
3291 2333 3403 2387 illis
3448 2334 3797 2407 evangelicis

2165 2420 2420 2475 invitaret
2449 2421 2597 2486 illuc,
2629 2421 2833 2492 quibus
2872 2421 3079 2476 dictum
3133 2429 3245 2477 est:
3289 2424 3457 2480 chos
3488 2427 3536 2476 et
3568 2423 3795 2477 claudos

2161 2511 2408 2563 introduc
2446 2510 2548 2564 huc
2594 2509 2741 2581 (Luc.
2776 2510 2907 2580 xiv).
2942 2510 3233 2578 Praeterea,
3288 2510 3385 2565 ubi
3416 2510 3568 2565 surdi
3623 2510 3793 2581 quili-

2164 2604 2255 2658 bet
2285 2620 2348 2658 ac
2381 2604 2537 2671 muti,
2564 2605 2799 2675 prepriaa
2824 2604 2900 2659 ibi
2935 2604 3301 2659 insidiabatur
3324 2604 3512 2670 saluti,
3540 2604 3671 2658 dum
3692 2618 3792 2675 pro

2168 2692 2341 2765 gratia
2374 2692 2520 2747 illius
2549 2693 2828 2748 advenere
2866 2693 2999 2748 illuc
3040 2694 3247 2761 devoti,
3280 2693 3375 2764 qui
3414 2693 3619 2748 surdos
3660 2691 3791 2747 fecit

2166 2785 2358 2840 audire
2385 2792 2439 2840 et
2476 2791 2657 2840 mutos
2714 2784 2863 2856 loqui
2898 2786 3088 2856 (Marc.
3131 2785 3247 2855 vn).
3294 2785 3469 2851 Unde,
3524 2784 3787 2856 quoniam

2167 2874 2235 2928 ad
2278 2873 2579 2929 videndum
2638 2873 2819 2929 erucis
2857 2874 3244 2929 sacratissimaa
3300 2873 3565 2940 loculum,
3607 2874 3790 2930 clerus

2166 2963 2412 3033 undique
2441 2970 2562 3033 post
2592 2962 2824 3030 clerum,
2850 2969 2906 3017 et
2935 2962 3176 3033 populus
3199 2963 3436 3017 accurrit
3461 2970 3587 3033 post
3620 2978 3793 3034 popu-

2164 3054 2300 3118 lum,
2332 3053 2528 3107 mirum
2550 3067 2659 3107 non
2693 3059 2799 3120 est,
2831 3053 2876 3107 si
2910 3060 3061 3109 tanta
3101 3052 3399 3109 multitudo
3432 3053 3789 3125 pOpulorum,

2163 3142 2319 3215 quasi
2359 3141 2428 3196 de
2468 3157 2601 3216 gyro
2633 3142 2949 3196 vertebatur
2984 3142 3041 3196 in
3096 3159 3316 3217 gyrum,
3367 3142 3464 3197 ubi
3526 3159 3591 3198 ex
3635 3144 3791 3199 colli-

2165 3232 2320 3287 sione
2351 3232 2632 3287 turbarum
2660 3233 2743 3287 vir
2765 3233 2996 3308 impegit
3027 3234 3315 3289 mulierem
3358 3242 3414 3289 et
3463 3234 3666 3290 mulier
3706 3236 3791 3289 vi-

2169 3337 2311 3375 rum.
2345 3320 2443 3375 Ubi
2474 3322 2621 3376 enim
2654 3321 2836 3376 clerus
2864 3330 2919 3377 et
2951 3322 3190 3393 populus
3223 3322 3444 3393 agmine
3470 3322 3790 3396 conglobati

2170 3420 2298 3466 sunt
2352 3411 2513 3478 miro,
2554 3411 2688 3484 quid
2742 3411 2951 3483 profuit
2997 3411 3042 3467 si
3110 3411 3327 3467 vicinus
3395 3412 3531 3467 inibi
3600 3421 3657 3467 et
3708 3413 3792 3467 vir

2172 3502 2348 3570 uxori,
2383 3510 2437 3557 et
2459 3518 2595 3558 uxor
2625 3503 2935 3559 adita-serat
2962 3505 3104 3572 viro,
3139 3504 3374 3559 maxime
3403 3519 3527 3558 cum
3556 3512 3793 3576 uterque

2171 3612 2359 3651 eorum
2409 3596 2546 3650 inibi
2583 3597 2771 3653 divino
2804 3598 3113 3654 submissus
3132 3597 3364 3669 :bonori,
3397 3605 3453 3652 et
3481 3613 3619 3653 uxor
3646 3598 3786 3663 viro,

2171 3688 2319 3742 etvir
2373 3687 2645 3742 invideret
2678 3684 2877 3742 uxori?
2918 3688 3015 3743 Pro
3066 3686 3357 3742 salutando
3402 3686 3611 3741 ctenim
3661 3688 3781 3741 tbe-

2168 3778 2315 3831 sauri
2336 3776 2583 3845 ejusdem
2613 3776 2999 3846 pretiosissimi
3031 3776 3212 3833 loculo
3240 3775 3505 3847 strepitus
3534 3773 3701 3829 fiebat
3734 3774 3787 3828 in

2169 3866 2339 3932 clero,
2383 3866 2648 3920 tumultus
2688 3864 2746 3919 in
2796 3865 3026 3937 populo,
3068 3865 3201 3920 dum
3241 3880 3341 3936 pro
3373 3864 3574 3919 festina
3603 3863 3790 3918 visita-

2167 3958 2317 4012 tione
2357 3956 2606 4026 ejusdem
2652 3956 2878 4026 superni
2900 3955 3187 4030 germinis,
3241 3963 3297 4009 et
3356 3954 3530 4009 divini
3566 3953 3793 4010 seminis

2162 4046 2332 4100 sudor
2356 4044 2540 4115 erupit
2564 4044 2618 4098 in
2647 4044 2798 4111 viris,
2833 4044 3013 4115 pudor
3039 4045 3095 4098 in
3122 4042 3367 4098 feminis.
3399 4042 3497 4096 Ubi
3526 4042 3656 4097 licet
3684 4042 3784 4097 hac

2163 4144 2218 4192 et
2248 4136 2371 4191 illae
2402 4136 2643 4208 populus
2680 4135 2964 4191 videretur
2994 4142 3137 4190 stare
3166 4151 3263 4207 pro
3297 4151 3477 4203 muro,
3502 4134 3683 4190 adhuc
3711 4144 3788 4190 ta-

2165 4247 2288 4286 men
2338 4239 2493 4302 pater
2538 4231 2775 4286 accurrit
2822 4247 2945 4287 cum
2996 4230 3132 4299 filio,
3179 4241 3355 4286 mater
3412 4248 3537 4287 cum
3580 4247 3787 4303 puero:

2166 4326 2367 4397 quibus
2392 4324 2522 4379 licet
2577 4324 2759 4379 infans
2810 4324 3038 4400 vagiens
3073 4325 3222 4379 domi
3255 4331 3571 4380 servaretur
3600 4324 3656 4378 in
3689 4340 3787 4378 cu-

454 4420 628 4476 turbie
655 4419 1106 4475 concurrentium
1149 4418 1479 4488 populorum
1512 4417 1567 4470 in
1601 4416 1818 4488 hymnis
1856 4425 1911 4470 et
1934 4431 2134 4509 con-D
2165 4417 2270 4486 nis,
2305 4416 2373 4472 ab
2406 4416 2600 4471 eadem
2633 4425 2816 4471 tamen
2863 4416 3053 4471 laetitia
3080 4417 3265 4471 nullus
3295 4432 3486 4472 eorum
3524 4432 3647 4472 esse
3689 4432 3785 4472 vo—

454 4512 790 4570 fessionibus
835 4511 1247 4567 benedicebant
1276 4511 1602 4567 Dominum:
1644 4510 1871 4580 insuper
1897 4511 2060 4565 etiam

2160 4514 2307 4570 lebat
2347 4513 2631 4567 immunis.
2658 4512 2722 4567 Ut
2743 4514 2889 4567 enim
2923 4511 3062 4567 alter
3094 4529 3207 4583 prie
3250 4513 3427 4568 altero
3460 4512 3622 4567 vitale
3671 4527 3787 4567 cer-

455 4619 553 4675 pro
584 4601 874 4658 salutando
904 4601 1153 4670 ejusdem
1185 4600 1438 4655 salutaris
1462 4599 1654 4674 gratiae
1696 4598 1898 4664 loculo,
1929 4615 2068 4654 eon-
2159 4612 2318 4661 nerei
2351 4604 2692 4676 mysterium,
2727 4603 2867 4659 alter
2905 4604 3133 4659 alterius
3187 4605 3354 4675 etepit
3397 4604 3671 4676 impedire
3701 4604 3791 4658 de-

455 4692 607 4747 tinuo
655 4692 797 4748 facta
843 4698 927 4746 est
968 4689 1156 4745 laetitia
1194 4704 1393 4764 magna
1450 4688 1506 4742 in
1563 4688 1786 4759 ρορυιο.
1836 4687 2065 4743 Εκοιυεᾶ
2156 4695 2632 4767 siderium;quia,
2687 4695 2830 4750 sicut
2873 4694 2928 4749 in
2980 4696 3261 4767 exsequiis
3309 4698 3599 4752 charorum
3654 4695 3790 4750 alter

451 4780 600 4836 enim
623 4780 850 4852 antiqua
876 4779 1193 4835 Judaeorum
1236 4776 1487 4849 perfidia,
1529 4777 1795 4848 spiritalis
1825 4777 1900 4831 ibi
1929 4792 2071 4832 can-.

453 4870 544 4925 tici
598 4869 807 4925 cithara
845 4876 902 4924 et
932 4870 1070 4941 lyra,
1114 4877 1432 4939 tympanum
1474 4867 1749 4923 resonavit
1777 4882 1836 4921 ac
1877 4865 2012 4921 tibia
2044 4883 2058 4931 ;

453 4964 715 5034 quoniam
746 4971 807 5020 ut
837 4963 1042 5019 nullius
1070 4962 1431 5037 professionis
1469 4969 1561 5018 aut
1615 4961 1793 5017 aetatis
1818 4976 2063 5033 congrua

456 5054 527 5110 ibi
556 5057 778 5113 deesset
817 5072 1073 5129 persona,
1106 5056 1236 5112 illuc.
1264 5056 1479 5112 vicinus
1507 5062 1561 5109 et
1591 5054 1790 5120 incola,
1817 5055 2066 5128 peregri-

456 5162 559 5201 nus
610 5150 848 5206 accurrit
893 5159 948 5205 et
985 5149 1231 5205 advena:
1286 5156 1343 5204 ut
1393 5147 1533 5203 sicut
1571 5146 1759 5203 nullus
1800 5163 1991 5203 eorum
2031 5164 2063 5202 a

456 5235 618 5306 culpa
641 5234 1234 5302 videbaturimmunis,
1268 5237 1348 5292 sic
1380 5237 1575 5292 eadem
1606 5237 1781 5309 gratia
1815 5238 2065 5309 singula-

456 5322 531 5379 ris
555 5322 814 5380 omnibus
835 5326 1137 5397 possitesse
1152 5325 1483 5381 communis.
1519 5326 1764 5391 Quantus
1821 5325 2069 5382 ubieon-

455 5426 651 5466 cursus
671 5422 822 5469 esset
849 5415 1094 5488 gentium
1110 5421 1165 5470 et
1191 5415 1520 5486 populorum
1543 5415 1750 5482 laetitia,
1784 5415 2069 5487 percipere

458 5519 571 5559 non
615 5510 795 5574 potest
832 5504 1051 5561 auditus
1105 5506 1345 5573 aurium,
1394 5522 1496 5563 nec
1550 5505 1701 5562 visus
1726 5506 2011 5563 oculorum
2049 5525 2063 5563 :

458 5599 723 5671 quoniam
771 5615 966 5656 omnes
991 5603 1083 5675 qui
1130 5603 1380 5668 aderant,
1423 5610 1630 5659 tantum
1674 5604 1748 5658 ibi
1779 5603 2065 5679 gaudium,

459 5697 779 5763 tantumque
835 5690 1074 5767 habuere
1106 5692 1431 5766 tripudium,
1484 5703 1541 5750 ut
1580 5703 1804 5767 propter
1843 5696 2066 5754 videndi

2162 4801 2259 4857 pro
2290 4786 2460 4840 altero
2493 4785 2580 4854 pia
2610 4784 2906 4839 devotione
2950 4784 3205 4859 jungitur
3252 4784 3320 4838 ad
3380 4783 3665 4850 feretrum,
3708 4783 3786 4839 sic

2162 4880 2231 4934 ad
2269 4879 2513 4934 divinum
2570 4878 2705 4933 illud
2744 4877 3075 4950 obsequium
3134 4877 3272 4934 alter
3312 4879 3547 4933 alterum
3580 4877 3790 4932 studuit

2164 4967 2465 5040 praevenire
2506 4982 2608 5037 per
2658 4967 3004 5021 alterutrum.
3063 4966 3146 5020 lbi
3205 4966 3417 5038 quippe
3467 4967 3611 5021 alter
3636 4965 3788 5022 alteri

2166 5064 2383 5134 longam
2418 5060 2624 5117 fecerat
2654 5076 2884 5127 moram,
2928 5061 3056 5115 dum
3089 5060 3156 5115 ab
3192 5062 3294 5116 hac
3324 5061 3501 5136 gratia
3541 5061 3783 5119 videnda

2163 5150 2301 5206 alter
2328 5151 2561 5205 alterum
2595 5150 2664 5205 ab
2698 5150 2831 5204 hora
2860 5149 3158 5205 cohibebat
3189 5150 3242 5204 in
3276 5150 3504 5211 horam;
3547 5150 3699 5222 quia,
3727 5150 3789 5202 li-

2161 5250 2249 5296 cet
2269 5241 2334 5296 ad
2371 5242 2476 5297 hoe
2502 5241 2880 5312 Spectaculum
2913 5247 3269 5296 concurreret
3308 5241 3495 5296 omnis
3531 5257 3624 5296 sei
3640 5257 3701 5294 us
3733 5247 3787 5293 et

2168 5336 2318 5398 mtas,
2348 5330 2496 5386 soliti
2528 5337 2713 5385 tamen
2741 5328 2991 5384 incessus
3029 5329 3267 5401 quilibet
3306 5329 3527 5385 illorum
3556 5328 3787 5384 excessit

2170 5431 2361 5479 metas.
2420 5423 2576 5478 Unde
2617 5430 2894 5496 quantum
2936 5422 3191 5478 mieroris
3236 5423 3553 5479 habuerunt
3595 5438 3791 5478 omnes

2169 5514 2263 5587 qui
2311 5515 2564 5580 aberant,
2623 5514 2700 5569 illi
2742 5514 3096 5570 solummodo
3155 5521 3413 5586 poterant
3468 5514 3631 5581 seire,
3699 5514 3790 5585 qui

2172 5606 2430 5661 aderant:
2480 5606 2711 5662 maxime
2768 5622 2892 5661 eum
2949 5621 3016 5661 eo
3075 5606 3268 5674 majori
3324 5605 3543 5660 tristitia
3584 5604 3663 5659 illi
3706 5606 3793 5660 ab-

2173 5698 2556 5768 sorbcrcntur,
2626 5698 2721 5770 qui
2791 5684 3044 5767 aberant,
3106 5714 3215 5771 quo
3282 5696 3532 5768 ampliori
3599 5696 3787 5751 laetitia
