4006 6198
304 331 404 387 961

1272 327 1349 384 DE
1393 329 1604 386 LAUDE
1645 328 1724 385 ET
1766 328 1893 385 lNV.
1938 323 1969 377 S
2036 323 2289 379 CRUCIS.
2337 357 2396 364 —
2443 326 2565 382 LIB.
2610 328 2671 382 ll.
3518 337 3637 394 962.

300 460 555 515 viderant
602 459 725 516 illos
782 457 1085 529 tripudiare
1134 458 1229 529 qui
1279 459 1526 514 aderant.
1586 460 1692 515 Sed
1748 474 1912 514 nemo
1940 462 1991 529 Α
2018 456 2164 524 (Luc.
2196 454 2263 521 vi)
2299 472 2314 521 ;
2354 455 2433 509 sic
2473 456 2528 509 in
2562 457 2862 513 incredulis
2903 460 3154 516 risusille
3182 466 3516 538 quandoque
3547 471 3623 524 vi-

300 550 533 607 fortasse
571 551 640 606 de
698 551 783 605 his
830 548 1035 621 quibus
1089 549 1333 605 caelestis
1388 551 1689 624 magisterii
1750 552 1919 609 disci-

298 643 454 715 plina
492 642 732 715 praaftiit,
760 646 819 698 in
842 644 1065 700 consilio
1096 642 1374 711 justorum
1413 648 1461 698 et
1512 647 1918 713 congregatione

303 736 467 807 (Psal.
500 735 588 807 cx)
638 734 846 790 ibidem
881 732 1079 801 defuit,
1107 734 1365 805 quoniam
1402 734 1577 803 major
1629 752 1752 790 eum
1787 736 1915 791 inde

301 839 469 897 poena
521 823 947 898 constringeret,
988 822 1261 895 siquidem
1308 823 1383 877 ibi
1424 823 1491 878 de
1550 824 1745 880 eodem
1779 841 1916 881 con-

298 923 468 973 ventu
502 916 697 973 deesse
727 917 1091 991 contingeret.
1138 914 1218 969 lbi
1241 915 1388 970 enim
1418 916 1557 971 alter
1593 917 1823 972 alterum
1846 934 1913 973 eo

299 1008 603 1065 studiosius
663 1009 731 1064 ad
774 1008 908 1064 illud
962 1008 1129 1079 erepit
1168 1008 1471 1080 praevenire
1516 1009 1914 1079 spectaculum,

301 1114 413 1171 quo
454 1100 593 1156 alter
620 1115 730 1171 prae
757 1098 929 1155 altero
983 1099 1229 1154 divinum
1259 1098 1429 1153 voluit
1457 1106 1703 1170 Spectare
1752 1099 1915 1155 mira-

298 1191 508 1259 culum,
566 1191 664 1247 ubi
705 1208 837 1247 crux
892 1191 1261 1247 sacratissima
1309 1190 1577 1245 Dominici
1627 1191 1915 1265 sanguinis

302 1284 519 1355 liquore
548 1293 777 1340 eruenta
817 1283 884 1338 ab
919 1282 1122 1338 Helena
1161 1282 1349 1356 regina
1404 1281 1667 1337 divinitus
1716 1282 1915 1355 legitur

304 1387 430 1429 esse
463 1373 686 1429 nudata.

960 1465 1167 1523 CAPUT
1197 1467 1260 1520 Χ.

299 1579 756 1648 Quemadmodum
787 1579 853 1633 de
879 1580 935 1635 S.
968 1580 1143 1633 crucis
1172 1578 1368 1631 honore
1396 1581 1557 1633 etiam
1586 1580 1742 1634 nobis
1768 1595 1909 1645 gau-

371 1652 617 1778 denti-pm,
658 1655 707 1705 et
743 1652 879 1720 quid
932 1653 1075 1704 inter
1110 1649 1449 1705 Christianos
1491 1656 1540 1705 et
1585 1652 1793 1706 Judwos
1834 1654 1914 1705 in-

398 1738 503 1778 ers:
535 1762 548 1777 .

398 1738 528 1778 ενειτ
535 1762 548 1777 .

372 1834 567 1889 Verum
599 1833 728 1889 licet
756 1848 856 1889 nos
884 1848 1008 1888 cum
1052 1831 1161 1886 illis
1194 1848 1261 1887 ea
1288 1831 1379 1887 die
1418 1833 1779 1903 corporaliter
1803 1849 1911 1889 non

301 1937 574 1988 essemus,
624 1922 820 1977 eodem
881 1929 1066 1976 tamen
1124 1920 1328 1994 gaudio
1367 1936 1476 1992 quo
1525 1921 1603 1975 illi
1654 1922 1765 1991 jam
1813 1937 1915 1978 nos

297 2011 543 2085 gaudere
598 2010 893 2077 debemus;
951 2010 1082 2080 quia
1134 2009 1265 2064 licet
1303 2011 1578 2081 COI‘pOl‘lli
1619 2013 1915 2081 praesentia

298 2106 377 2161 ibi
397 2105 691 2161 fuissemus
717 2107 1000 2171 absentes,
1045 2105 1098 2160 in
1124 2120 1359 2176 corpore
1386 2113 1569 2161 tamen
1602 2106 1802 2163 Christi
1835 2109 1915 2163 eis

297 2195 538 2266 quodam
567 2195 733 2250 modo
786 2194 1114 2250 videbamur
1164 2211 1290 2249 esse
1325 2203 1649 2265 praesentes.
1692 2196 1913 2252 Partici-

300 2290 528 2360 patione
558 2288 707 2344 enim
727 2288 992 2359 spiritalis
1016 2288 1219 2343 laetitia:
1250 2295 1304 2343 et
1331 2289 1715 2345 exsultationis
1742 2306 1808 2345 ea
1824 2292 1912 2346 die

297 2396 402 2436 nos
430 2381 558 2444 illis,
591 2388 646 2437 et
675 2381 751 2435 illi
800 2380 1027 2435 aderant
1065 2380 1248 2447 nobis,
1307 2381 1567 2451 quoniam
1601 2381 1656 2435 in
1704 2382 1913 2438 unitate

299 2473 558 2529 Ecclesia!
604 2489 727 2528 eum
762 2473 843 2527 eis
890 2473 1009 2543 ipse
1065 2488 1167 2527 nos
1210 2473 1446 2527 habebat
1487 2472 1539 2527 in
1577 2489 1659 2541 se,
1699 2475 1794 2545 qui
1846 2475 1915 2529 de

300 2566 495 2622 electis
526 2566 642 2623 suis
664 2565 731 2619 ad
762 2565 996 2621 Patrem.
1030 2565 1184 2632 Volo,
1214 2564 1394 2637 inquit
1418 2570 1479 2620 ut
1516 2568 1626 2621 sint
1661 2581 1843 2622 unum-
1857 2570 1916 2622 in

299 2674 384 2714 me
411 2662 552 2714 sicut
598 2663 648 2714 et
698 2675 791 2728 ego
837 2661 895 2713 in
923 2663 973 2713 te
1028 2660 1199 2728 (Joan.
1242 2662 1374 2727 χχι).
1423 2659 1559 2714 Ecce
1589 2676 1751 2731 quam
1795 2659 1911 2715 for-

299 2756 578 2814 tunatum,
611 2748 721 2803 imo
761 2748 911 2820 quod
942 2746 1276 2803 fortunatius
1306 2754 1390 2802 est
1444 2748 1689 2804 omnium
1742 2749 1919 2805 fortu-

299 2837 419 2901 nio,
444 2836 592 2908 quod
621 2838 733 2892 Deo
772 2844 825 2893 et
857 2836 1064 2892 homini
1098 2837 1179 2891 sic
1210 2853 1318 2891 una
1358 2838 1514 2903 unio,
1556 2845 1610 2892 et
1648 2840 1728 2894 sic
1766 2855 1916 2895 com-

301 2925 487 2980 munis
518 2932 695 2981 exstat
724 2926 1064 2991 communio,
1098 2932 1156 2980 ut
1178 2926 1430 2981 eamdem
1458 2927 1718 2982 unionem
1752 2929 1918 2985 homo

299 3017 506 3074 habeat
537 3016 592 3072 in
620 3017 753 3084 Deo,
786 3026 843 3072 et
879 3017 1023 3072 Deus
1056 3017 1111 3071 in
1142 3018 1387 3085 homine,
1419 3035 1581 3090 quam
1622 3035 1823 3090 corpus
1863 3020 1919 3074 in

298 3112 505 3183 capite,
551 3113 636 3168 vel
680 3121 847 3183 caput
905 3112 960 3167 in
1028 3128 1280 3183 corpore.
1348 3114 1484 3179 Quia
1547 3115 1693 3169 enim
1755 3123 1992 3214 caputC

300 3201 500 3257 Christi
532 3201 604 3256 sit
650 3202 813 3264 Deus,
866 3210 922 3257 et
960 3209 1126 3273 caput
1167 3202 1421 3258 Ecclesiae
1478 3202 1744 3267 Christus,
1788 3204 1918 3260 inde

298 3289 643 3361 permaxime
674 3288 895 3360 probari
918 3297 1120 3361 potest,
1180 3289 1235 3345 in
1281 3306 1391 3362 quo
1417 3290 1654 3347 dicitur:
1686 3292 1794 3358 Qui
1818 3295 1919 3346 at-

300 3379 466 3434 hzret
496 3381 738 3445 Domino,
780 3394 921 3433 unus
970 3380 1196 3449 spiritus
1235 3383 1313 3434 est
1353 3380 1399 3449 (Ι
1435 3381 1553 3436 Cor.
1613 3382 1707 3448 vr).
1766 3380 1919 3435 Unde

301 3470 566 3541 scriptum
621 3476 706 3526 est
766 3470 917 3542 quod
973 3470 1172 3536 Judaei,
1227 3487 1258 3524 a
1321 3470 1644 3526 Christianis
1704 3472 1760 3528 in
1819 3473 1921 3527 hac

301 3562 515 3619 unione
546 3562 734 3629 divisi,
781 3579 812 3618 a
850 3578 1081 3635 corpore
1115 3562 1371 3618 Ecclesiae
1411 3579 1637 3634 prorsus
1665 3564 1921 3620 videntur

301 3654 526 3721 abscisi,
559 3654 821 3725 quoniam
854 3655 923 3709 de
977 3653 1240 3726 mysterio
1271 3654 1450 3710 crucis
1493 3663 1547 3711 et
1575 3655 1917 3713 incarnatio-

300 3746 391 3801 nis
421 3745 618 3801 Christi
673 3746 825 3801 aliud
869 3746 1117 3800 sentiunt
1175 3745 1277 3811 illi,
1325 3752 1380 3800 et
1409 3746 1555 3801 aliud
1606 3748 1712 3802 isti.
1769 3748 1921 3803 Sicut

301 3835 454 3890 enim
497 3851 618 3903 nos,
652 3850 751 3907 pro
780 3833 1145 3890 intormandis
1174 3832 1422 3889 fidelium
1451 3834 1764 3903 animabus,
1809 3844 1919 3891 tres

303 3939 572 3996 personas
628 3924 906 3980 credimus
955 3930 1010 3978 et
1058 3939 1226 3977 unum
1282 3923 1451 3978 Deum
1484 3923 1798 3993 adoramus,
1852 3926 1923 3981 ita

302 4016 483 4072 Judzei
512 4024 740 4073 econtra
780 4033 841 4072 se
877 4016 930 4070 in
958 4015 1120 4070 aliam
1180 4015 1408 4070 formam
1463 4016 1606 4071 male
1646 4018 1926 4074 credendo

307 4113 699 4172 transmutant,
732 4105 862 4160 dum
896 4105 948 4159 in
984 4105 1094 4159 Deo
1126 4120 1290 4159 unam
1343 4120 1633 4175 personam
1675 4107 1926 4176 adorant,

306 4202 364 4250 et
403 4195 540 4250 duas
592 4193 730 4248 alias
788 4192 1047 4248 refutant.
1107 4192 1214 4247 Sed
1267 4194 1566 4248 notandum
1625 4201 1708 4249 est
1760 4196 1928 4267 quod,

305 4285 440 4341 licet
495 4285 603 4341 alio
653 4284 817 4340 modo
885 4284 1117 4340 credant
1190 4283 1499 4351 Christiani,
1556 4293 1611 4341 et
1666 4285 1775 4341 alio
1835 4287 1931 4342 Ju-

307 4374 439 4441 dmi,
501 4381 727 4446 uterque
782 4382 968 4429 tamen
1038 4373 1244 4428 cultum
1318 4374 1483 4429 unius
1546 4374 1754 4449 habent
1816 4377 1932 4443 Dei,

2018 541 2255 609 debitur,
2291 542 2357 597 de
2389 560 2497 615 quo
2525 546 2787 614 scriptum
2840 554 2954 600 est:
3018 548 3175 604 Risus
3206 552 3387 608 dolore
3435 559 3622 613 misce-

2019 630 2168 684 bitur
2218 631 2391 700 (Prov.
2452 632 2582 703 χιγ).
2632 633 2690 687 Ει
2733 634 2880 701 ideo,
2926 635 2986 691 ut
3032 652 3134 691 nos
3173 642 3433 710 gaudium
3484 645 3620 701 illud

2014 724 2262 795 Spiritale
2310 724 2472 781 bonis
2521 744 2743 799 semper
2777 730 2989 785 meritis
3034 730 3374 801 aliectemus,
3406 739 3475 794 de
3514 758 3623 813 quo

2012 812 2279 868 Iacobus:
2341 816 2526 883 Omne,
2570 816 2768 889 inquit,
2827 820 3088 887 gaudium
3128 826 3454 896 cacistimate,
3492 812 3620 896 fru-

2013 912 2140 971 tres,
2172 925 2288 962 eum
2321 911 2377 962 in
2423 914 2609 965 varias
2648 916 2971 969 (natationes
3019 917 3327 975 incideritis
3376 925 3508 990 (Jac.
3564 931 3620 994 ι),

2016 997 2284 1052 orandum
2314 1004 2394 1053 est
2432 1008 2492 1054 ut
2518 1016 2615 1070 per
2637 1002 2865 1075 gratiam
2889 1004 3198 1062 Divinitatis
3230 1009 3453 1080 plenum
3488 1012 3623 1068 illud

2015 1088 2275 1160 gaudium
2326 1106 2546 1162 semper
2597 1101 2813 1149 maneat
2860 1094 2914 1149 in
2949 1097 3130 1166 nobis,
3177 1100 3245 1155 de
3278 1118 3386 1173 quo
3416 1104 3625 1160 Veritas

2016 1181 2333 1254 discipulis:
2379 1185 2646 1242 Gaudium
2675 1188 2897 1262 (inquit)
2941 1197 3175 1249 vestrum
3220 1212 3369 1252 nemo
3418 1200 3565 1255 tollet
3592 1218 3625 1255 (ι

2013 1273 2161 1327 robis
2193 1273 2373 1342 {Joan
2406 1279 2553 1338 χχιι).

2655 1366 2864 1423 CAPUT
2895 1369 2981 1427 XI.

2122 1457 2193 1509 [)e
2212 1460 2610 1527 comparatione
2641 1459 2980 1541 Constantini
3005 1468 3053 1518 et
3091 1466 3299 1522 Helena:
3325 1472 3517 1527 matris

2751 1547 2886 1601 (’jlts.

2089 1635 2226 1707 Ergo
2284 1652 2405 1691 eum
2456 1639 2857 1711 aliquantulum
2915 1643 3029 1711 jam
3088 1663 3279 1701 sumus
3328 1650 3621 1705 sententiae

2016 1723 2215 1793 prioris
2246 1725 2426 1792 obliti,
2455 1728 2583 1782 dum
2629 1728 2871 1800 perfidia:
2900 1732 3216 1790 Judreorum
3239 1737 3387 1807 justa
3417 1738 3626 1794 ratione

2015 1817 2350 1873 conabamur
2387 1819 2585 1887 obniti,
2617 1822 2844 1895 dignum
2901 1833 2984 1879 est
3015 1833 3092 1891 ut,
3135 1828 3278 1883 sicut
3309 1828 3364 1883 in
3396 1829 3627 1886 abscon-

2012 1904 2328 1981 sioneligni
2378 1908 2646 1966 Dominici
2701 1913 2958 1969 duritiam
2993 1915 3210 1971 illorum
3260 1919 3392 1974 satis
3437 1935 3628 1975 sumus

2014 1995 2245 2064 experti,
2287 1996 2358 2050 ita
2390 2012 2537 2053 nunc
2570 2000 2635 2053 ad
2671 1998 3087 2059 Constantinum
3122 2015 3178 2060 et
3224 2006 3479 2062 Helenam
3514 2008 3629 2079 pri-

2013 2083 2159 2139 stina
2201 2085 2503 2142 debeamus
2551 2090 2800 2145 oratione
2852 2094 3072 2148 reverti.
3120 2095 3237 2166 Ipse
3283 2097 3431 2150 enim
3481 2096 3626 2170 signi

2014 2175 2254 2230 caelestis
2284 2177 2582 2236 instructus
2612 2183 2955 2251 archisterio,
3011 2186 3219 2257 primus
3259 2188 3506 2242 omnium
3538 2189 3627 2243 in-

2014 2267 2298 2339 quirendae
2327 2272 2506 2325 erucis
2528 2273 2756 2328 ardebat
2786 2276 3085 2344 desiderio,
3128 2280 3227 2332 sed
3261 2287 3440 2334 tamen
3480 2295 3629 2334 nunc

2014 2355 2175 2410 bona:
2207 2359 2504 2414 voluntatis
2541 2360 2793 2417 affectum
2848 2373 3022 2419 mater
3074 2367 3219 2421 illius
3260 2368 3521 2438 perduxit
3558 2368 3626 2423 ad

2019 2445 2295 2505 effectum.
2326 2450 2621 2506 Sciendum
2656 2462 2738 2509 est
2759 2472 2995 2528 namque
3029 2457 3199 2529 quod,
3223 2466 3510 2531 postquam
3529 2475 3629 2531 per

2017 2538 2163 2594 bona
2184 2556 2352 2611 Opera
2374 2544 2549 2599 oratio
2580 2562 2770 2602 eorum
2805 2548 2943 2603 facta
2978 2559 3060 2604 est
3099 2550 3327 2611 munda.
3357 2551 3411 2604 in
3445 2551 3631 2623 inqui-

2015 2631 2215 2686 sitione
2242 2633 2377 2709 ligni
2416 2637 2673 2692 salutaris
2713 2639 2803 2695 ille
2838 2639 3012 2696 factus
3053 2650 3135 2697 est
3166 2643 3397 2713 primus,
3440 2651 3495 2699 et
3537 2645 3629 2699 illa

2018 2722 2280 2777 secunda.
2314 2723 2448 2788 Quia
2498 2726 2626 2781 licet
2655 2727 3002 2785 inveniendae
3047 2731 3225 2787 crucis
3259 2749 3369 2786 una
3413 2732 3632 2795 duobus

2019 2818 2168 2864 esset
2220 2809 2473 2882 intentio,
2508 2814 2679 2870 filium
2711 2827 2891 2873 tamen
2926 2820 3233 2891 inquisitio,
3287 2829 3340 2875 et
3398 2816 3627 2877 matrem

2021 2900 2333 2958 nobilitavit
2363 2904 2627 2963 inventio.
2676 2909 2810 2964 Dum
2867 2910 3015 2966 enim
3072 2913 3252 2967 eidem
3284 2913 3632 2985 inquisitioni

2020 2998 2251 3064 uterque
2281 3010 2502 3067 Operam
2546 2999 2717 3068 dedit,
2766 3001 2970 3074 lignum
3023 3004 3205 3059 erucis
3264 3001 3411 3058 filius
3448 3004 3631 3075 inqui-

2020 3081 2165 3151 sivit,
2199 3090 2373 3138 mater
2425 3086 2658 3155 invenit,
2714 3106 2859 3160 quze,
2895 3090 3022 3144 dum
3070 3108 3167 3162 pro
3218 3090 3411 3146 eadem
3470 3106 3631 3145 causa

2022 3176 2284 3226 terrarum
2332 3175 2500 3246 cazpit
2556 3176 2739 3231 rimari
2793 3178 3086 3249 profunda,
3129 3178 3448 3235 inventione
3490 3178 3629 3233 facta

2021 3268 2101 3316 est
2124 3262 2319 3333 prima,
2363 3272 2417 3320 et
2460 3266 2514 3321 in
2575 3268 2932 3340 inquisitione
2986 3270 3250 3325 secunda.
3311 3269 3464 3325 Unde
3506 3268 3633 3324 licet

1998 3354 2225 3411 ~aeterno
2253 3372 2363 3412 non
2418 3358 2757 3432 incognitum
2811 3362 2881 3416 sit
2933 3361 3075 3417 l’atri
3126 3372 3307 3417 utrum
3369 3362 3630 3432 majorem

2020 3449 2383 3503 reverentiam
2417 3450 2848 3509 debeamustilio
2876 3470 2944 3508 an
2978 3454 3169 3519 matri;
3213 3470 3316 3509 nos
3355 3459 3534 3507 tamen
3577 3452 3630 3506 in

2023 3546 2164 3616 ipso,
2204 3544 2294 3616 qui
2350 3559 2571 3615 semper
2599 3554 2723 3601 vota
2766 3548 2991 3618 respicit
3035 3548 3347 3613 humilium,
3408 3546 3634 3616 majoris

2021 3636 2200 3691 meriti
2240 3636 2516 3691 credimus
2562 3647 2786 3692 matrem
2815 3656 2937 3695 esse
2996 3657 3157 3712 quam
3192 3640 3384 3695 filium.
3418 3640 3521 3694 Sed
3555 3647 3630 3694 ta-

2021 3742 2146 3779 men
2194 3725 2434 3797 aliquam
2493 3727 2854 3781 reverentiam
2900 3728 3029 3783 indc
3071 3728 3338 3783 debemus
3391 3728 3630 3799 utrique,

2020 3817 2167 3889 quod
2188 3817 2301 3886 jam
2341 3825 2576 3889 uterque
2615 3833 2803 3873 eorum
2849 3819 3077 3890 praemia
3108 3820 3332 3874 sortitus
3355 3826 3436 3873 est
3462 3819 3625 3874 vitae:

2024 3905 2295 3978 quamvis,
2336 3909 2475 3961 sicut
2530 3908 2685 3962 stella
2736 3909 2802 3963 ab
2857 3910 3011 3963 stella
3061 3909 3249 3978 (li/fert
3304 3911 3552 3964 claritate
3592 3911 3639 3977 (Ι

2028 4000 2128 4055 Cor
2170 3998 2276 4068 xv),
2306 3998 2385 4053 sic
2416 4005 2589 4053 mater
2626 4016 2657 4054 a
2708 3999 2819 4055 filio
2850 4000 3166 4056 meritorum
3209 4000 3423 4056 differat
3472 4016 3635 4056 enor-

2032 4094 2234 4149 mitate.
2258 4094 2311 4149 Si
2348 4094 2495 4148 enim
2519 4101 2669 4169 gesta
2691 4095 2980 4168 utriusque
2998 4095 3233 4151 velimus
3254 4111 3484 4167 pensare
3503 4094 3640 4152 sub—

2034 4186 2200 4251 tilius,
2224 4201 2406 4240 coram
2443 4187 2551 4241 Deo
2585 4186 2807 4256 majoris
2848 4187 3007 4259 pretii
3041 4188 3284 4243 creditur
3312 4195 3489 4242 mater
3519 4204 3640 4243 esse

2035 4294 2196 4349 quam
2221 4275 2395 4341 filius;
2428 4278 2579 4348 quia,
2613 4287 2897 4350 postquam
2931 4280 3149 4351 utrique
3174 4279 3415 4335 caelesiis
3445 4294 3642 4334 recon-

2037 4364 2203 4420 ciliati
2230 4373 2355 4419 sunt
2388 4364 2593 4436 [Patri],
2620 4366 2674 4419 in
2706 4366 3094 4422 construendis
3124 4367 3375 4422 ecclesiis
3408 4366 3640 4421 Deima-

307 4462 460 4534 quia,
522 4462 771 4534 quamvis
823 4462 892 4517 de
953 4462 1214 4533 mysterio
1273 4462 1452 4519 crucis
1520 4463 1669 4518 aliud
1726 4462 2138 4531 sentiathna
2191 4473 2321 4512 cura
2374 4455 2508 4524 6Ῑίο,
2566 4457 2663 4511 50d
2718 4458 2896 4525 ιηθὶοΓ
2938 4458 3115 4514 inerat
3148 4459 3328 4514 matri.
3391 4458 3646 4523 Quath

311 4551 653 4607 Christianus
716 4560 773 4605 et
842 4550 990 4605 aliud
1070 4551 1323 4620 Judaeus,
1402 4552 1469 4607 ab
1544 4559 1777 4625 utroque
1847 4562 1927 4610 ta-

309 4657 439 4696 men
478 4658 622 4696 unus
675 4641 875 4698 colitur
927 4642 1090 4701 Deus.
1136 4643 1269 4709 Sed,
1319 4643 1579 4715 quoniam
1644 4644 1697 4698 in
1752 4652 1926 4701 morte

308 4732 605 4788 Salvatoris
660 4748 805 4788 unus
845 4733 1123 4803 innoxius,
1172 4744 1226 4790 et
1283 4734 1427 4790 alius
1471 4741 1559 4790 est
1622 4751 1766 4802 reus,
1818 4754 1927 4793 non

309 4825 589 4880 immerito
645 4825 889 4900 gaudere
964 4825 1133 4881 debet
1206 4826 1544 4883 Christianus
1612 4836 1666 4883 et
1739 4828 1929 4902 lugere

308 4913 556 4977 Iudaeus,
600 4921 655 4969 ut
695 4929 760 4969 ex
791 4913 951 4970 bona:
991 4913 1093 4968 vel»
1129 4914 1286 4969 malae
1327 4915 1542 4970 arboris
1583 4916 1781 4979 fructu.
1831 4933 1928 4989 pro

310 5004 575 5077 mysterio
598 5002 795 5073 crucis,
825 5020 969 5060 unus
995 5003 1067 5058 sit
1099 5004 1153 5058 in
1186 5004 1412 5080 gaudio,
1444 5014 1498 5061 et
1524 5006 1664 5061 alius
1687 5005 1925 5060 inluetu.

316 5096 379 5151 Et
409 5097 554 5151 bene
601 5095 820 5167 quidem
878 5094 1234 5150 credentibus
1276 5096 1533 5151 convenit
1561 5103 1616 5150 et
1660 5111 1769 5151 non
1803 5112 1925 5150 cre-

311 5184 598 5251 dentibus,
622 5191 682 5240 ut
730 5191 784 5240 ct
819 5183 898 5237 illi
927 5184 1162 5251 gaudere
1191 5199 1309 5238 cum
1338 5184 1713 5253 gaudentibus,
1743 5188 1795 5239 ct
1838 5184 1923 5239 isti

308 5281 555 5336 debeant
589 5282 711 5348 ﬂere
737 5294 855 5334 cum
888 5280 1135 5347 ﬂentibus
1176 5279 1349 5349 (Rom.
1402 5280 1518 5351 xu),
1553 5280 1839 5351 quoniam,
1868 5288 1928 5336 ut

310 5367 609 5441 Apostolus
647 5367 813 5421 dicit:
852 5368 1078 5424 Verbum
1109 5371 1283 5424 crucis
1312 5371 1658 5439 pereuntibus
1690 5372 1927 5426 stultitia

310 5466 417 5518 est:
461 5460 548 5513 his
574 5463 751 5513 autem
781 5461 878 5529 qui
906 5462 1049 5513 salvi
1075 5463 1231 5529 ﬁunt,
1262 5462 1325 5516 id
1341 5469 1417 5517 est
1438 5463 1611 5530 nobis,
1642 5466 1819 5517 virtus
1838 5465 1929 5517 Dei

309 5554 389 5605 est
416 5550 460 5613 (1
480 5550 599 5605 Cor.
643 5548 707 5618 ι).
743 5547 896 5602 Unde
940 5548 1138 5603 mirum
1171 5565 1282 5605 non
1338 5559 1419 5607 est
1473 5551 1644 5623 quod,
1701 5552 1842 5607 sicut
1870 5551 1925 5605 in

310 5638 672 5696 credentibus
708 5638 877 5693 risum
907 5638 1058 5695 illum
1100 5640 1157 5695 iu
1190 5639 1370 5698 futuro
1407 5642 1685 5703 videbilis.
1717 5641 1787 5697 de
1817 5659 1925 5714 quo

310 5727 555 5784 Veritas:
586 5726 758 5792 Beati,
786 5725 1032 5799 (inquit),
1058 5730 1156 5797 qui
1179 5745 1319 5785 nunc
1346 5732 1502 5799 ﬂetis,
1529 5734 1661 5801 quia
1680 5732 1927 5785 ridebitis

2029 4547 2176 4602 enim
2219 4547 2364 4603 filius
2400 4548 2596 4603 multas
2622 4549 2888 4605 ecclesias
2917 4550 2969 4604 in
3016 4550 3221 4606 Crtecia
3252 4551 3645 4606 construxisset

2030 4658 2092 4698 ac
2132 4642 2322 4710 Roma,
2358 4643 2560 4715 quibus
2590 4644 2644 4698 in
2682 4644 2956 4699 thesauris
3008 4653 3063 4700 et
3093 4645 3310 4700 allodiis
3354 4644 3523 4700 multa
3557 4660 3644 4699 re-

2030 4735 2174 4810 galia
2206 4735 2437 4791 contulit
2459 4736 2633 4803 dona;
2668 4743 2845 4791 mater
2876 4744 3081 4801 tamen,
3132 4745 3190 4791 ut
3221 4736 3400 4791 adhuc
3430 4735 3648 4792 diversa

2031 4834 2344 4880 sanctorum
2388 4832 2653 4880 testantur
2707 4824 2995 4896 martyria,
3028 4826 3199 4880 multo
3244 4825 3427 4896 plures
3467 4823 3648 4879 eccle-

2032 4916 2140 4969 sias
2170 4915 2223 4968 in
2253 4914 2343 4969 Gal
2373 4914 2440 4969 iis
2462 4915 2757 4969 aulifxcavit
2794 4930 2857 4969 ac
2895 4914 3070 4985 Syria.
3098 4914 3441 4986 Quapropter
3476 4913 3651 4969 eccle-

2033 5006 2129 5061 sia:
2160 5005 2213 5059 in
2246 5006 2515 5061 honorem
2562 5005 2683 5075 ejus
2723 5006 2835 5061 Deo
2883 5006 3088 5077 ubique
3129 5013 3354 5060 sacratae.
3387 5004 3532 5059 bene
3565 5008 3649 5060 te-

2031 5107 2247 5156 stantur
2300 5109 2503 5172 quanta
2556 5116 2737 5156 coram
2795 5100 3025 5156 Domino
3073 5100 3277 5172 polleat
3324 5098 3647 5156 sanctitate:

2027 5192 2264 5247 maxime
2308 5208 2432 5247 cum
2484 5192 2628 5247 bene
2684 5191 2821 5247 sciat
2875 5191 2993 5246 sola
3045 5190 3353 5245 Divinitatis
3408 5191 3650 5263 antiqua‘.

2029 5281 2262 5335 scientia
2292 5282 2470 5352 qualis
2517 5289 2609 5336 aut
2634 5287 2838 5353 quanta
2867 5279 2938 5334 sit
2966 5280 3228 5335 sanctitas
3269 5279 3389 5348 ejus
3441 5285 3496 5333 et
3533 5294 3651 5333 ma—

2026 5367 2366 5442 gnificentia.
2436 5368 2612 5433 Unde,
2657 5384 2780 5422 cum
2828 5368 2998 5423 virtus
3047 5367 3353 5423 sanctitatis
3406 5368 3526 5436 ejus
3580 5366 3652 5422 sit

2030 5466 2200 5524 tanta,
2248 5458 2523 5512 utmerito
2578 5456 2723 5511 inter
2770 5456 2909 5511 alios
2947 5465 3169 5511 sanctos
3206 5463 3259 5511 et
3290 5456 3409 5526 ipsa
3450 5470 3650 5509 nume-

2029 5557 2179 5603 retur
2209 5557 2417 5617 sancta,
2468 5549 2665 5604 mirum
2700 5564 2810 5603 non
2849 5556 2933 5603 est
2979 5550 3150 5620 quod,
3195 5549 3337 5603 sicut
3366 5549 3651 5619 cataIOgus

2027 5646 2342 5694 sanctorum
2401 5639 2542 5695 solet
2582 5639 2789 5711 ubique
2842 5640 3050 5705 testari,
3125 5638 3393 5692 festivitas
3432 5637 3555 5705 ejus
3616 5649 3650 5687 a

2027 5729 2191 5785 nobis
2220 5748 2402 5787 annua
2431 5747 2651 5802 semper
2670 5731 2836 5785 debet
2858 5730 3198 5787 rcvolutione
3222 5725 3513 5781 celebrari.
3541 5722 3650 5779 Sed
