4006 6198
464 347 568 402 963

1443 343 1808 399 BERENGOSI
1853 342 2125 399 ABBATIS
2168 345 2221 401 S.
2266 343 2503 401 MAXIMI
2545 344 2812 402 TREVIR.

3704 351 3812 407 964

465 473 726 547 quoniam
759 469 815 525 in
852 471 1049 528 eodem
1082 469 1333 544 catalogo
1377 470 1448 524 de
1484 469 1595 526 ﬁlio
1633 471 1754 540 ejus
1805 471 1953 526 nulla
2000 479 2081 526 est
2105 472 2158 542 Α
2186 471 2410 545 regibus
2439 473 2531 545 qui
2592 473 2823 529 Romani
2863 473 3015 530 orbis
3071 475 3445 531 monarchiam
3505 475 3810 532 studiosis-

465 565 693 629 mentio,
726 563 823 617 sed
872 561 1046 637 magis
1104 562 1368 617 memoria
1417 561 1564 616 illius
1597 562 1858 616 omnibus
1902 562 2080 616 modis

462 653 602 708 inibi
632 652 953 708 obliteratur
973 651 1213 719 silentio,
1250 650 1374 705 ideo
1405 658 1463 705 ut
1495 650 1546 704 in
1581 651 1807 722 regione
1828 651 2076 706 vivorum

463 754 519 802 et
549 747 669 818 ipse
700 744 1041 815 complaceat
1072 744 1200 805 Deo,
1234 759 1458 797 necesse
1490 752 1574 797 est
1597 749 1655 797 ut
1683 743 1858 798 oratio
1890 741 1983 799 ﬁat
2007 743 2076 798 ab

466 835 704 890 Ecclesia
727 835 794 888 ad
828 835 995 888 Deum
1027 847 1127 902 pro
1169 847 1236 886 eo
1266 833 1355 900 tl).
1377 831 1507 885 Cum
1526 831 1673 885 enim
1699 831 1754 884 in
1789 831 2077 902 prazsentis

465 924 711 982 ecclesiae
739 923 1019 980 domicilio
1051 922 1262 977 festiva:
1299 921 1661 976 solemnitatis
1687 921 1927 978 ofﬁcium
1963 939 2078 977 ma-

465 1019 530 1071 tri
557 1017 740 1088 potius
769 1016 1037 1070 debeatur
1056 1031 1218 1086 quam
1251 1012 1398 1079 ﬁlio;
1431 1014 1556 1070 ideo
1579 1014 1633 1068 in
1667 1014 1900 1086 agendis
1926 1031 2076 1071 mor-

469 1117 682 1162 tuorum
715 1103 1115 1177 providendum
1159 1111 1241 1160 est
1272 1104 1507 1171 cunctis,
1545 1111 1604 1159 ut
1635 1105 1959 1160 memoriam
2002 1105 2074 1158 ﬁ-

466 1199 521 1252 lii
593 1198 850 1253 studeant
920 1197 1124 1251 habere
1175 1211 1299 1251 cum
1357 1196 1650 1253 defunctis.
1735 1197 1967 1253 Proinde
2008 1200 2075 1252 ad

467 1292 932 1348 reconciliandam
996 1291 1156 1346 nobis
1231 1293 1400 1346 Deum
1491 1291 1724 1354 Patrem,
1805 1309 1913 1348 non
1964 1295 2074 1365 jam

461 1385 714 1438 eumdem
749 1383 920 1436 ﬁlium
949 1383 1216 1436 debemus
1274 1397 1451 1447 orare,
1494 1383 1590 1436 sed
1621 1391 1870 1446 matrem,
1938 1399 2076 1452 qua-

461 1483 621 1529 tenus
670 1475 786 1544 ipsa
837 1491 948 1528 suae
988 1473 1370 1528 sacratissima:
1414 1474 1826 1529 intercessionis
1870 1474 2075 1530 auxilio

461 1586 644 1626 coram
687 1570 795 1624 Deo
851 1569 1012 1624 nobis
1060 1567 1396 1642 suffragetur
1437 1576 1490 1622 et
1543 1567 1656 1622 ﬁlio
1732 1567 1869 1631 Quia
1925 1567 2072 1622 enim

462 1658 632 1713 multa
671 1665 802 1713 sunt
852 1657 993 1711 mala
1036 1672 1158 1728 quae
1210 1655 1462 1722 fecimus,
1519 1656 1642 1710 ideo
1683 1671 1784 1711 nos
1837 1663 1891 1711 et
1922 1657 2073 1710 illum

463 1750 866 1806 studiosissime
907 1749 1177 1804 debemus
1221 1749 1468 1818 ejusdem
1502 1750 1747 1804 mulieris
1794 1766 2078 1806 commen-

461 1842 591 1894 dare
642 1838 922 1910 precibus,
983 1838 1233 1909 quamvis
1264 1839 1495 1894 dubium
1562 1856 1671 1896 non
1705 1841 1776 1894 sit
1803 1842 1936 1912 quin
1976 1857 2074 1912 pro

463 1928 575 1983 tilio
606 1942 708 1982 suo
738 1942 804 1981 eo
835 1926 1133 1982 studiosius
1170 1936 1290 1982 oret
1322 1937 1496 1982 mater
1523 1927 1664 1999 ipsa,
1707 1945 1830 2000 qua:
1858 1931 2071 2002 genuit,

461 2033 570 2089 quo
595 2017 737 2072 idem
772 2017 915 2071 ﬁlius
946 2032 1053 2072 non
1114 2017 1166 2070 in
1215 2017 1382 2087 vitiis,
1413 2020 1509 2074 sed
1543 2020 1596 2074 in
1648 2021 1844 2077 virtute
1875 2038 2073 2077 conse-

463 2107 601 2161 nuit.
637 2107 696 2160 Et
727 2121 838 2160 non
869 2106 1144 2162 immerito
1185 2107 1409 2178 quidem
1458 2125 1557 2165 nos
1601 2115 1653 2163 et
1686 2109 1837 2164 illum
1889 2110 2070 2165 eidem

460 2199 729 2253 debemus
757 2198 1148 2253 commendare
1197 2200 1397 2267 viduae,
1443 2207 1500 2254 ut
1544 2217 1640 2272 pro
1680 2202 1838 2257 nobis
1890 2211 1947 2257 et
1979 2203 2070 2256 illo

462 2291 630 2346 Deum
673 2306 899 2346 exorare
926 2291 1060 2345 velit
1091 2291 1328 2358 assidue,
1362 2293 1600 2349 maxime
1632 2310 1753 2349 cum
1803 2295 1868 2348 ad
1898 2296 2068 2350 obse—

459 2381 649 2452 quium
689 2397 849 2434 suum
883 2380 1009 2435 inde
1042 2397 1142 2436 nos
1183 2383 1358 2455 magis
1389 2383 1561 2452 possit
1597 2384 1801 2438 habere
1845 2393 2074 2454 sponta-

461 2487 619 2539 neos,
672 2471 715 2525 si
772 2487 896 2526 cum
931 2472 1128 2526 eodem
1163 2471 1275 2528 ﬁlio
1309 2489 1410 2528 suo
1443 2474 1702 2544 precibus
1742 2475 1858 2530 suis
1885 2476 2072 2530 dome-

459 2563 626 2618 sticos
656 2570 873 2618 tueatur
903 2570 956 2617 et
977 2570 1288 2620 extraneos.
1325 2564 1459 2627 Quia
1489 2565 1634 2620 enim
1677 2566 1952 2621 sententia
1986 2568 2076 2622 illa

461 2654 628 2709 rebus
659 2662 742 2710 cst
772 2671 992 2728 magna,
1025 2662 1079 2710 et
1107 2656 1288 2710 verbis
1337 2657 1552 2729 exigua,
1622 2657 1678 2712 in
1722 2675 1831 2729 qua
1863 2658 2074 2714 dictum

458 2751 576 2799 est:
607 2745 837 2800 Multum
857 2746 998 2800 valet
1043 2746 1346 2815 deprecatio
1366 2747 1508 2815 justi
1549 2749 1774 2802 assidua
1809 2751 1938 2817 (Jac.
1997 2750 2073 2818 v),

459 2847 687 2886 necesse
748 2841 830 2886 est
879 2839 938 2886 ut
969 2832 1084 2903 ipsa
1126 2848 1224 2902 pro
1257 2833 1416 2888 nobis
1459 2842 1513 2889 et
1572 2835 1684 2889 ﬁlio
1720 2851 1821 2890 suo
1847 2836 1958 2904 jam
2011 2851 2077 2889 eo

456 2926 771 2996 supplicare
801 2926 1059 3000 dignetur
1089 2927 1372 2994 humilius,
1406 2945 1516 2999 quo
1550 2928 1758 2997 justior
1789 2937 2074 2985 enarratur

458 3023 633 3070 mater
670 3031 790 3070 esse
831 3033 993 3088 quam
1028 3017 1190 3072 ﬁlius.
1241 3017 1393 3072 Unde
1425 3025 1484 3072 ut
1537 3020 1695 3074 nobis
1724 3028 1778 3074 et
1814 3021 1890 3074 illi
1927 3021 2073 3076 bene

2103 1792 2151 1860 Β

2181 561 2320 616 sime
2364 561 2566 616 divinis
2594 562 2928 632 mancipavit
2955 561 3190 637 legibus.
3224 563 3380 620 Unde
3409 565 3672 637 quoniam
3708 566 3808 620 hu-

2173 649 2417 718 jusmodi
2463 650 2732 721 operibus
2763 650 3025 724 cﬁugavit
3055 668 3086 706 a
3117 667 3176 707 se
3207 667 3430 712 omnem
3470 660 3804 724 potestatem

2180 737 2412 802 inimici,
2445 754 2555 793 non
2588 738 2890 804 immerito,
2911 739 3013 795 etsi
3066 755 3179 796 non
3228 748 3474 810 sanctus,
3497 741 3681 812 justus
3725 748 3808 796 ta-

2179 846 2306 884 men
2339 837 2550 901 poterat
2585 830 2693 886 dici
2723 849 2736 897 ;
2767 831 3032 903 quoniam
3057 831 3125 886 ad
3161 833 3472 904 exemplum
3496 832 3630 902 justi
3656 832 3808 888 illius

2179 922 2288 978 Deo
2318 939 2540 995 semper
2588 924 2773 979 vivere
2822 924 3055 996 cupivit,
3111 925 3181 981 de
3226 940 3336 998 quo
3367 910 3634 998 scriptum
3684 935 3806 982 est:

2176 1016 2364 1069 Justus
2401 1030 2468 1068 ex
2504 1014 2610 1083 ﬁde
2635 1017 2773 1069 vivit
2812 1014 3013 1084 (Galat.
3044 1017 3144 1084 ιιι).
3189 1013 3244 1071 Si
3275 1015 3400 1088 quis
3439 1016 3585 1070 enim
3632 1015 3690 1070 in
3721 1017 3812 1070 hi-

2178 1109 2362 1164 storiis
2400 1117 2554 1182 gesta
2593 1107 2742 1163 illius
2790 1107 3113 1180 diligentius
3143 1115 3373 1181 quaerat,
3409 1109 3552 1165 bene
3590 1109 3808 1164 videbit

2180 1198 2324 1269 quod
2361 1197 2504 1252 idem
2535 1197 2639 1257 vir,
2668 1197 2769 1252 etsi
2804 1213 2916 1253 non
2946 1206 3193 1262 sanctus,
3226 1206 3408 1254 tamen
3436 1199 3618 1267 justus
3647 1207 3804 1260 erat;

2179 1292 2437 1362 quoniam
2484 1291 2740 1363 exemplo
2765 1291 2900 1360 justi
2933 1291 3083 1346 illius
3106 1292 3254 1347 vitiis
3293 1299 3409 1347 erat
3443 1291 3718 1357 inﬁrmus,
3752 1302 3808 1346 et

2178 1379 2375 1434 virtute
2404 1380 2662 1435 robustus
2697 1380 2764 1434 de
2821 1395 2930 1451 quo
2976 1380 3215 1436 dicitur:
3258 1383 3319 1435 In
3350 1383 3606 1436 memoria
3645 1385 3807 1434 ater-

2176 1487 2249 1524 na
2274 1473 2378 1524 erit
2415 1471 2600 1539 justus
2627 1471 2797 1536 (Psal.
2833 1473 2959 1540 cxx).
2996 1470 3055 1524 Et
3085 1469 3346 1542 quoniam
3395 1479 3570 1525 mater
3597 1471 3723 1542 ejus
3751 1480 3807 1526 et

2178 1560 2298 1632 ipse
2322 1561 2552 1616 virtutes
2606 1561 2914 1616 habuerant
2959 1561 3134 1626 mille,
3187 1577 3297 1618 non
3334 1561 3612 1617 immerito
3652 1563 3805 1630 justa

2179 1649 2278 1705 fuit
2308 1651 2420 1713 illa,
2445 1651 2631 1720 justus
2655 1659 2710 1706 et
2741 1650 2860 1716 ille;
2903 1650 2998 1705 sed
3023 1649 3228 1718 justior
3259 1649 3372 1704 illa.
3414 1649 3568 1704 Unde
3598 1651 3802 1705 mirum

2180 1755 2290 1796 non
2323 1749 2408 1796 est
2435 1741 2607 1813 quod,
2639 1741 2780 1796 sicut
2806 1739 2950 1795 ﬁlius
2971 1747 3158 1810 typum
3199 1740 3331 1808 justi
3363 1740 3510 1795 illius
3541 1741 3597 1794 in
3633 1747 3804 1796 aeter-

2181 1853 2308 1890 num
2345 1834 2596 1900 habebit,
2630 1834 2698 1889 de
2730 1848 2842 1906 quo
2873 1834 3137 1904 scriptum
3169 1840 3280 1888 est:
3311 1836 3494 1888 Justus
3523 1841 3586 1888 ut
3605 1835 3807 1905 palma

2172 1930 2382 1996 ﬂorebit
2429 1927 2598 1997 (Psal.
2655 1928 2789 1994 xci);
2834 1925 2905 1981 ita
2945 1936 3001 1980 et
3055 1932 3232 1980 mater
3291 1925 3641 1981 diversarum
3694 1927 3811 1981 vir—

2175 2022 2348 2072 tutum
2403 2016 2579 2088 gratia
2610 2015 2869 2080 formosa,
2926 2031 3036 2072 non
3073 2015 3185 2084 jam
3239 2015 3502 2070 deformis
3532 2023 3591 2071 ut
3619 2016 3804 2086 Spina,

2172 2105 2268 2160 sed
2312 2105 2536 2176 pulchra
2564 2103 2782 2159 videtur
2811 2114 2869 2159 ut
2923 2121 3064 2160 rosa.
3113 2105 3221 2159 Sed
3255 2105 3382 2159 licet
3431 2121 3530 2175 pro
3557 2105 3805 2161 diversa-

2172 2198 2434 2270 qualitate
2466 2198 2789 2252 meritorum
2831 2213 2968 2252 rosae
3012 2197 3122 2251 sint
3154 2204 3476 2268 martyrum,
3523 2204 3652 2259 etc.,
3685 2197 3801 2252 lilia

2176 2290 2576 2355 confessorum,
2604 2299 2810 2356 tamen,
2841 2291 2971 2362 quia
2991 2305 3090 2361 per
3118 2289 3596 2345 mortiﬁcationem
3629 2290 3801 2346 vitio-

2179 2396 2295 2433 rum
2318 2379 2484 2435 corda
2521 2394 2711 2434 eorum
2751 2379 2902 2434 vitiis
2929 2386 3086 2435 erant
3107 2378 3343 2445 sterilia,
3385 2385 3439 2433 et
3468 2379 3670 2434 virtute
3701 2395 3804 2452 ge-

2181 2483 2399 2535 nerosa,
2441 2483 2551 2524 non
2594 2468 2866 2524 immerito
2907 2469 3019 2537 jam
3050 2468 3198 2524 ﬁlius
3243 2467 3467 2524 ﬁorebit
3494 2475 3555 2523 ut
3593 2469 3800 2539 palma,

2178 2565 2233 2614 et
2263 2565 2439 2613 mater
2463 2565 2522 2613 ut
2553 2573 2698 2614 rosa.
2721 2558 2911 2614 Adhuc
2941 2558 3104 2613 etiam
3133 2574 3233 2630 per
3254 2559 3500 2631 antiquae
3531 2559 3805 2614 Div-inita-

2179 2649 2250 2702 tis
2277 2649 2568 2704 consilium
2587 2648 2749 2720 jﬁlius
2790 2655 2850 2704 ut
2873 2648 3038 2715 oliva,
3083 2656 3139 2702 et
3167 2656 3340 2704 mater
3386 2647 3604 2703 ﬁorebit
3640 2655 3701 2702 ut
3730 2647 3802 2701 li-

2180 2736 2335 2804 lium,
2367 2739 2629 2810 quoniam
2662 2739 2900 2794 decurso
2952 2737 3066 2806 jam
3099 2738 3223 2793 vitae
3256 2739 3548 2808 praesentis
3577 2737 3796 2799 exsilio,

2179 2847 2383 2887 corona
2397 2833 2626 2902 justitiae
2653 2849 2755 2888 nec
2784 2832 2941 2887 matri
2978 2839 3158 2903 potest
3206 2832 3403 2887 deesse
3433 2847 3537 2886 nec
3582 2831 3716 2888 ﬁlio.
3739 2831 3802 2886 Et

2180 2937 2290 2976 non
2322 2921 2596 2976 immerito
2625 2928 2772 2976 tanta
2807 2921 3065 2977 mercede
3089 2928 3218 2976 sunt
3255 2921 3432 2994 digni,
3479 2921 3686 2992 quibus
3714 2921 3803 2974 in-

2175 3017 2360 3072 ventio
2391 3017 2660 3072 Dominici
2695 3023 2971 3072 reservata
3015 3024 3098 3071 est
3127 3016 3289 3091 ligni;
3320 3014 3574 3086 quamvis
3616 3022 3799 3068 mater

458 3109 527 3163 sit
557 3109 610 3163 in
646 3111 902 3180 praesenti
937 3113 1139 3167 saeculo
1168 3120 1220 3166 et
1253 3113 1308 3166 in
1337 3112 1540 3181 futuro,
1575 3131 1673 3185 pro
1705 3116 1863 3170 nobis
1894 3126 1948 3172 ct
1981 3117 2073 3173 illo

2178 3122 2296 3160 cum
2329 3106 2441 3162 lilio
2476 3113 2640 3162 tanta
2681 3107 3002 3162 dilectionis
3042 3106 3222 3162 foedus
3252 3105 3437 3167 iniret,
3478 3112 3538 3158 ut
3589 3103 3800 3177 lignum

646 3165 660 3180 ι
1029 3165 1129 3167 ”"
1181 3165 1215 3166 "
1255 3165 1306 3166 n’
1340 3165 1540 3181 “"""I
1575 3165 1666 3185 l"'
1706 3165 1861 3170 ““”⁷’““
1898 3165 1948 3172 ⁷⁷
1981 3165 2070 3173 ""
2128 3165 2144 3185 ἱ
3422 3165 3428 3167 -
3629 3165 3664 3177 In,

460 3201 628 3256 Deum
648 3219 868 3274 semper
898 3218 1057 3258 orare
1091 3203 1361 3258 debemus
1393 3203 1447 3257 in
1498 3205 1754 3271 obscuro,
1803 3215 2075 3278 quatenus
2099 3165 2147 3230 (λ
2180 3199 2311 3253 illud
2339 3197 2483 3254 ﬁlius
2509 3198 2835 3270 inquireret,
2868 3208 2923 3254 et
2948 3207 3126 3254 mater
3151 3197 3449 3253 inveniret.
3477 3195 3624 3250 Licet
3650 3195 3800 3248 enim

455 3293 629 3366 gratia
658 3309 820 3364 quam
854 3295 1046 3349 electis
1071 3295 1185 3350 suis
1216 3297 1307 3349 hic
1342 3298 1668 3368 praeparavit
1707 3306 1759 3352 et
1801 3299 1900 3364 ibi,
1927 3314 2072 3355 nun-

459 3402 621 3456 quam
656 3386 820 3440 nobis
851 3387 1025 3456 possit
1051 3387 1242 3443 deesse
1269 3404 1370 3443 nec
1401 3389 1526 3444 sibi.
1560 3391 1750 3447 Adhuc
1782 3391 1980 3460 etiam,
2009 3411 2076 3449 ne

460 3497 701 3552 unquam
753 3481 1044 3537 animabus
1087 3484 1286 3538 nostris
1316 3483 1456 3539 desit
1495 3487 1733 3556 requies,
1761 3494 1853 3542 aut
1883 3504 2080 3560 corpo-

459 3570 609 3624 ribus
647 3569 827 3641 quies,
862 3586 958 3641 pro
997 3571 1157 3626 nobis
1199 3582 1252 3626 et
1284 3572 1376 3628 illo
1407 3575 1517 3630 Deo
1553 3575 1864 3646 supplicare
1910 3577 2081 3633 debe-

462 3681 582 3719 mus
612 3681 712 3736 per
743 3667 1154 3740 singulos’dies,
1174 3678 1231 3722 ut
1265 3669 1408 3739 ipse,
1433 3669 1528 3742 qui
1559 3669 1714 3726 dives
1744 3679 1826 3726 est
1865 3671 1921 3724 in
1953 3688 2084 3742 pro-

462 3757 668 3823 missis,
702 3767 756 3813 et
787 3759 952 3814 ditior
991 3758 1046 3812 in
1075 3759 1259 3826 donis,
1301 3762 1604 3816 secundum
1638 3762 1858 3817 divitias
1887 3763 2078 3837 gloriae

459 3862 572 3900 suae
641 3846 752 3900 sibi
832 3847 1161 3903 misereatur
1235 3855 1289 3902 et
1366 3850 1544 3904 nobis.
1645 3851 1752 3904 Sed
1817 3853 2074 3923 quoniam

458 3935 579 4006 ipse
634 3943 756 4007 post
788 3943 1018 3992 mortem
1078 3953 1233 3991 suam
1291 3937 1383 3992 diu
1429 3936 1660 3993 fortasse
1706 3939 1816 4010 jam
1860 3941 1978 4008 luit,
2033 3942 2077 3997 si

459 4025 607 4095 quod
633 4024 687 4078 in
717 4040 783 4080 eo
815 4033 1099 4096 peccatum
1138 4033 1264 4080 ante
1305 4033 1537 4080 mortem
1570 4025 1692 4090 fuit,
1736 4026 1965 4098 dignum
1999 4036 2081 4081 est

459 4122 518 4168 ut
556 4128 656 4184 pro
689 4115 849 4169 nobis
907 4115 1041 4186 ipsis
1071 4115 1176 4170 Deo
1229 4130 1456 4186 semper
1485 4131 1552 4170 eo
1584 4116 1928 4186 prOpensiori
1957 4132 2082 4186 sup-

461 4205 732 4275 plicemus
756 4206 1025 4273 oratione,
1063 4223 1170 4278 quo
1197 4207 1309 4277 jam
1343 4208 1436 4262 ille
1463 4206 1711 4263 fortassis
1760 4215 1843 4263 est
1903 4209 1957 4262 in
1991 4224 2082 4263 rc-

458 4297 610 4366 quie,
677 4305 732 4352 et
765 4313 866 4353 nos
905 4299 958 4353 in
1007 4298 1216 4354 labore.
1278 4299 1338 4355 Et
1377 4301 1643 4371 quoniam
1702 4301 1818 4371 ipse
1883 4299 2079 4354 futura:

458 4391 662 4461 quietis
694 4393 996 4462 plenariam
1027 4393 1269 4448 nondum
1313 4394 1479 4450 habet
1527 4394 1951 4464 perfectionem,
1981 4394 2078 4449 sed

459 4479 757 4536 nobiscum
791 4483 976 4554 potius
1006 4483 1290 4538 meliorem
1324 4484 1502 4540 adhuc
1523 4495 1706 4555 sperat
1733 4486 1980 4540 invenire
2001 4502 2078 4541 re-

458 4574 885 4642 surrectionem,
933 4576 1204 4631 orandum
1241 4585 1323 4632 est
1369 4578 1532 4634 nobis
1562 4585 1622 4632 ut
1653 4577 1770 4649 ipse
1825 4579 1918 4650 qui
1981 4593 2080 4648 per

456 4667 786 4740 sanguinem
843 4683 1000 4722 suum
1033 4667 1264 4724 viviﬁcae
1295 4670 1474 4725 crucis
1511 4669 1685 4724 voluit
1737 4669 2078 4725 sanctiﬁcarc

454 4759 735 4826 vexillum,
768 4759 834 4813 ad
862 4759 1160 4830 perfectam
1193 4761 1442 4833 requiem
1478 4777 1578 4816 nos
1608 4761 1873 4832 perducat
1903 4778 2079 4833 quan-

454 4849 638 4922 doque
689 4857 742 4906 et
773 4851 950 4920 illum,
994 4852 1292 4908 Sciendum
1351 4863 1435 4909 est
1463 4854 1611 4909 enim
1650 4854 1778 4926 quia
1819 4854 1947 4910 licet
1989 4855 2078 4910 ille

453 4940 577 4993 talis
602 4955 666 4994 ac
697 4947 880 4995 tantus
918 4957 1031 4996 non
1062 4941 1131 4997 sit
1172 4957 1235 4996 ex
1265 4941 1684 5012 imperfectionc
1725 4943 2070 5009 meritorum,

453 5034 510 5080 ut
557 5027 724 5100 digne
765 5029 1072 5100 computari
1117 5030 1291 5101 possit
1347 5029 1402 5083 in
1454 5045 1686 5086 numero
1727 5038 2068 5098 sanctorum,

451 5128 580 5168 vere
613 5122 794 5170 tamen
833 5125 888 5170 et
913 5117 1122 5189 absque
1154 5118 1305 5173 omni
1343 5118 1690 5174 dubitatione
1723 5125 1929 5189 partem
1965 5118 2068 5172 ha-

452 5203 600 5258 bebit
619 5208 679 5260 in
708 5209 930 5263 consilio
943 5210 1222 5279 justorum
1252 5214 1300 5264 et
1329 5213 1738 5278 congregatione
1765 5211 1924 5278 (Psal.
1957 5211 2066 5280 cx).

451 5297 513 5352 Et
552 5312 661 5352 non
707 5299 982 5356 immerito
1022 5303 1271 5374 quidem,
1313 5303 1444 5374 quia
1501 5303 1626 5358 licet
1685 5303 1969 5373 Philippus
2015 5311 2066 5358 et

447 5387 627 5456 Caius,
653 5389 761 5446 duo
817 5391 870 5444 hi
923 5395 1271 5451 solummodo
1317 5411 1476 5470 reges
1507 5403 1634 5450 ante
1675 5395 1851 5458 illum,
1907 5394 2062 5450 Chri-

447 5481 658 5538 stianus
707 5483 921 5554 primus
979 5495 1094 5542 erat
1140 5503 1207 5541 ex
1273 5487 1486 5542 cunctis
1543 5486 1970 5558 imperatoribus
2005 5495 2059 5541 et

2178 3295 2246 3349 ad
2276 3294 2666 3367 inquirendum
2705 3294 2889 3350 crucis
2927 3293 3228 3349 Dominica:
3275 3291 3537 3347 vexillum
3598 3290 3691 3345 ille
3731 3290 3802 3344 il-

2179 3388 2307 3456 lam,
2350 3396 2403 3444 et
2443 3388 2535 3442 illa
2582 3387 2894 3443 incitavcrit
2930 3385 3110 3451 illum,
3150 3393 3383 3456 uterque
3427 3393 3608 3439 tamen
3650 3383 3800 3454 quod

2179 3482 2328 3552 pium
2389 3490 2508 3536 erat
2554 3479 2822 3550 implevit,
2885 3479 3015 3533 dum
3065 3478 3316 3533 eamdem
3387 3492 3606 3532 crucem
3653 3474 3802 3529 ﬁlius

2180 3573 2456 3643 quaesivit,
2490 3579 2544 3627 et
2566 3580 2743 3627 mater
2775 3571 3004 3626 invenit.
3038 3571 3190 3626 Unde
3221 3570 3511 3626 sciendum
3546 3578 3629 3626 est
3651 3571 3802 3643 quia,

2183 3663 2226 3716 si
2269 3662 2413 3718 idem
2455 3660 2605 3716 ﬁlius
2647 3661 2929 3733 praemium
2971 3661 3100 3715 inde
3153 3659 3320 3716 debet
3355 3659 3562 3715 habere
3606 3659 3803 3715 condi-

2182 3768 2374 3826 gnum,
2407 3751 2556 3824 quod
2585 3751 2704 3821 ipse
2744 3750 3040 3806 Dominicaa
3070 3750 3250 3806 crucis
3290 3750 3501 3821 primus
3540 3749 3804 3821 inquisiec

2181 3852 2262 3900 rat
2292 3846 2522 3917 lignum,
2555 3843 2726 3898 multo
2766 3843 3030 3914 majorem
3056 3843 3284 3916 gloriam
3319 3852 3495 3897 mater
3517 3843 3637 3912 ipsa
3668 3857 3805 3912 pro-

2182 3937 2404 3998 meruit.
2439 3953 2560 4008 qua:
2593 3936 2862 3992 hodierna
2889 3935 2980 3990 die
3009 3934 3221 4008 lignum
3251 3935 3595 3989 Dominicum
3645 3934 3804 3988 nobis

2183 4030 2466 4103 eleganter
2491 4028 2723 4100 aperuit.
2762 4026 2821 4082 Et
2867 4027 2912 4082 si
2945 4027 3120 4100 gloria
3156 4034 3210 4081 et
3257 4026 3466 4082 honore
3495 4025 3664 4099 digna
3718 4034 3800 4080 cst

2184 4119 2295 4185 illa,
2327 4133 2450 4189 quae
2489 4133 2706 4172 crucem
2742 4116 2972 4181 invenit,
3016 4115 3189 4170 multo
3226 4115 3401 4190 magis
3442 4113 3800 4170 honorandus

2183 4220 2265 4266 est
2286 4210 2400 4277 ille,
2425 4209 2638 4280 quinos
2671 4208 2724 4262 in
2753 4223 2915 4262 cruce
2949 4205 3198 4268 redemit,
3234 4205 3496 4277 quoniam
3521 4205 3576 4258 in
3596 4203 3793 4259 eodem

2183 4299 2355 4373 ligno,
2376 4298 2525 4370 quod
2558 4297 2650 4351 illa
2676 4296 2836 4352 nobis
2861 4295 3026 4350 hodie
3048 4295 3293 4350 revelare
3320 4292 3625 4358 consuevit,
3658 4308 3798 4364 Opus

2183 4400 2384 4448 nostrae
2421 4389 2820 4461 redemptionis
2850 4388 2942 4444 ille
3000 4388 3298 4460 dignanter
3334 4387 3598 4458 implevit.
3642 4387 3798 4442 Unde

2179 4483 2310 4555 quia
2338 4496 2436 4552 pro
2478 4480 2687 4534 honore
2729 4477 2876 4532 illius
2915 4475 3163 4549 quotidie
3192 4474 3466 4530 vivificam
3497 4474 3793 4528 adoramus

2179 4588 2419 4637 crucem,
2444 4571 2536 4642 qui
2563 4569 2692 4624 olim
2712 4567 2767 4621 in
2790 4583 2955 4623 cruce
2978 4574 3196 4622 noctem
3222 4567 3276 4621 in
3305 4566 3450 4620 diem
3471 4572 3524 4620 et
3541 4563 3796 4620 tenebras

2180 4665 2431 4723 vertebat
2462 4664 2517 4718 in
2569 4663 2771 4729 lucem,
2814 4662 3080 4718 orandum
3114 4670 3197 4716 est
3228 4660 3390 4717 nobis
3428 4668 3484 4716 ut
3549 4675 3646 4730 per
3673 4659 3793 4734 glo-

2182 4761 2380 4816 riosam
2411 4757 2657 4826 ejusdem
2687 4756 2868 4812 crucis
2893 4754 3276 4810 sacratissima:
3299 4753 3579 4820 virtutem,
3604 4769 3789 4824 quan-

2181 4851 2366 4922 doque
2404 4847 2570 4903 nobis
2599 4847 2905 4901 animarum
2937 4845 3208 4917 requiem,
3241 4851 3295 4899 et
3322 4859 3468 4898 nunc
3495 4855 3785 4913 corporum

2173 4940 2435 5014 dignetur
2460 4938 2666 4992 donare
2696 4936 2966 5000 salutem;
3013 4941 3287 5006 quatenus
3315 4947 3416 5003 per
3443 4922 3674 5003 gratiam
3708 4929 3792 5000 ip-

2171 5030 2304 5095 sius,
2338 5036 2392 5083 et
2421 5035 2553 5082 tunc
2592 5043 2622 5080 a
2653 5025 2851 5097 pcenis,
2901 5031 2954 5078 et
2986 5037 3133 5077 nunc
3165 5020 3386 5076 liberari
3417 5034 3732 5074 mereamur
3758 5034 3788 5071 a

2173 5120 2431 5194 peccatis,
2465 5119 2594 5191 quia
2626 5119 2680 5172 in
2708 5134 2800 5172 ara
2831 5118 3012 5172 crucis
3041 5115 3289 5186 seipsum
3321 5113 3518 5169 obtulit
3541 5113 3654 5168 Deo
3686 5113 3784 5167 Pa-

2172 5210 2237 5266 tri
2269 5207 2620 5275 sacriﬁcium,
2663 5207 2718 5261 in
2749 5205 2977 5261 odorem
3009 5202 3315 5267 suavitatis,
3344 5201 3507 5256 Jesus
3545 5200 3784 5256 Christus

2170 5298 2433 5354 Dominus
2472 5305 2680 5360 noster,
2728 5295 2822 5367 qui
2863 5311 2987 5350 cum
3029 5294 3186 5348 Patre
3233 5300 3287 5347 et
3349 5291 3553 5364 Spiritu
3595 5295 3779 5345 sancto

2166 5394 2293 5449 vivit
2323 5399 2378 5447 et
2403 5397 2598 5465 regnat
2627 5390 2679 5444 in
2707 5389 2910 5445 sarcula
2937 5387 3284 5443 saeculorum.

519 5679 594 5751 (1)
623 5675 1014 5736 Constantinus
1051 5679 1300 5751 Magnus,
1342 5679 1558 5734 tametsi
1601 5679 1882 5750 piissimus
1917 5679 2201 5753 princeps,
2249 5677 2494 5734 nondum
2545 5684 2726 5731 tamen
2772 5673 2838 5730 ab
2888 5670 3128 5746 Ecclesia
3163 5671 3407 5725 Romana
3455 5669 3662 5724 relatus
3703 5675 3785 5722 est

451 5748 503 5802 in
528 5748 848 5807 sanctorum
882 5748 1191 5806 numerum.
