4006 6198
269 350 376 407 965

1216 347 1299 406 DE
1337 347 1551 405 LAUDE
1593 347 1673 405 ET
1716 346 1845 405 INV.
1889 349 1942 403 S.
1987 344 2241 403 CRUCIS.
2275 376 2343 386 --
2384 346 2515 404 LIB.
2558 345 2649 405 lll.

3496 356 3600 411 966

1218 678 1661 771 INCIPIT
1727 681 2073 769 LIBER
2142 681 2652 771 TERTIUS

1447 894 1530 948 DE
1569 893 1975 951 CONSTANTIO
2016 896 2095 951 ET
2135 896 2409 953 HELENA.

604 1118 1168 1177 PREFATIUNCULA
1218 1119 1551 1175 AUCTOBIS.

349 1219 616 1285 Quoniam
643 1217 710 1271 de
747 1217 1050 1271 inventione
1078 1220 1283 1271 sanctae
1315 1219 1510 1279 crucis,
1531 1216 1735 1283 fratres
1764 1215 1894 1270 cha-

277 1310 509 1376 rissimi,
542 1307 790 1378 quadam
811 1306 931 1376 jam
960 1305 1227 1372 diximus,
1270 1305 1335 1359 de
1365 1306 1677 1362 Constantio
1706 1308 1758 1359 et
1800 1306 1900 1359 He-

276 1401 423 1465 lena,
446 1415 544 1469 per
573 1413 705 1469 quos
732 1400 951 1453 inuenta
970 1401 1048 1451 est
1071 1412 1232 1464 cruat,
1257 1398 1450 1467 aliqua
1477 1397 1735 1463 dicemus,
1758 1411 1899 1466 qua-

282 1493 437 1543 tenus
482 1490 539 1542 in
566 1488 743 1558 operis
774 1485 937 1554 hujus
988 1487 1125 1541 serie
1168 1489 1288 1556 post
1349 1487 1630 1540 materiam
1657 1489 1898 1539 auctores

275 1581 584 1651 prodantur
604 1580 867 1634 materia.
889 1580 1129 1646 Dignum
1142 1581 1343 1648 quippe
1357 1582 1434 1633 est
1452 1582 1513 1632 ut
1537 1576 1668 1648 [qui]
1694 1576 1762 1631 de
1774 1579 1901 1648 ipsa

278 1670 588 1724 inventione
617 1682 844 1737 agamus
879 1666 1144 1737 [egimus],
1171 1667 1236 1722 de
1263 1666 1624 1723 inventoribus
1653 1666 1768 1735 ejus
1794 1666 1899 1720 ali-

279 1774 392 1829 qua
405 1758 603 1828 afferre
614 1760 919 1827 debeamus,
931 1764 1011 1827 ut,
1027 1762 1218 1828 agnita
1236 1760 1411 1830 gloria
1423 1777 1605 1816 eorum
1617 1764 1667 1816 et
1687 1765 1897 1829 magni-

282 1853 517 1920 ﬁcentia,
549 1853 741 1908 melius
768 1854 840 1907 ad
861 1856 1053 1908 ecetera
1074 1854 1375 1922 praecedens
1400 1860 1588 1909 currat
1616 1858 1895 1911 sententia.

833 1942 1041 1999 CAPUT
1072 1944 1353 2000 PRIMUM.

461 2036 526 2090 Ut
556 2035 906 2091 Constantius
951 2034 1015 2088 D.
1047 2033 1303 2088 Helenam
1331 2034 1439 2089 sibi
1460 2034 1724 2103 junxerit.

360 2126 708 2183 Constantius
755 2140 890 2201 ergo
933 2124 1127 2193 Ctesar,
1169 2126 1263 2198 qui
1303 2125 1513 2181 Claudii
1557 2126 1905 2197 imperatoris

289 2230 465 2286 nepos
488 2222 607 2271 erat
636 2230 700 2270 ex
731 2214 865 2282 filia,
898 2214 1039 2270 bella
1067 2231 1289 2287 semper
1323 2215 1541 2272 hostilia
1574 2215 1695 2286 plus
1721 2215 1898 2269 male-

284 2303 380 2359 bat
410 2319 578 2375 quam
609 2302 815 2371 civilia,
845 2311 905 2359 ut
930 2303 1100 2375 obellis
1128 2304 1426 2360 hostilibus
1452 2303 1694 2359 civilium
1724 2303 1905 2360 bello-

290 2408 414 2447 rum
447 2391 665 2448 illorum
694 2392 1007 2449 decurtaret
1043 2399 1237 2461 metas,
1270 2393 1339 2449 de
1393 2393 1599 2465 quibus
1640 2393 1903 2463 scriptum

290 2493 379 2541 est
400 2503 413 2539 :

472 2578 664 2633 Altera
686 2578 808 2647 jam
845 2580 1044 2633 teritur
1088 2578 1240 2634 bellis
1294 2577 1547 2632 civilibus
1576 2582 1723 2632 celas.

292 2671 448 2727 Unde
486 2672 648 2727 etin
697 2672 894 2728 ordine
932 2672 1069 2729 vicis
1119 2688 1234 2728 sua:
1290 2671 1527 2728 militare
1591 2671 1698 2726 sibi
1744 2686 1907 2726 assu-

288 2778 451 2818 mens
496 2764 817 2840 collegium,
848 2765 954 2821 hac
1011 2773 1067 2820 et
1106 2765 1229 2820 illac
1268 2764 1474 2820 bellum
1527 2764 1701 2839 gessit
1752 2778 1912 2836 egre-

287 2852 466 2928 gium,
507 2852 637 2911 dum
682 2854 957 2926 publicam
990 2870 1103 2909 rem
1134 2853 1361 2926 publico
1392 2852 1700 2908 defendens
1737 2850 1912 2925 magi-

290 2945 485 3012 sterio,
515 2945 716 3001 multas
754 2945 1007 3002 civitates
1035 2954 1091 3001 et
1141 2946 1454 3017 provincias
1502 2945 1749 3000 Romano
1780 2943 1912 2998 sub-

285 3036 503 3107 iugavit
532 3036 783 3107 imperio.
819 3035 933 3100 Qua
963 3037 1033 3092 de
1060 3052 1226 3092 causa
1250 3036 1475 3108 cepiosa
1512 3050 1635 3090 cum
1669 3033 1914 3090 exercitu

295 3124 355 3179 in
378 3124 581 3180 Gallias
610 3124 892 3196 profectus
913 3132 995 3181 est
1021 3143 1053 3180 a
1094 3125 1286 3191 Roma,
1320 3125 1423 3180 hac
1453 3132 1507 3180 et
1539 3123 1664 3179 illac
1690 3122 1916 3178 rebelli-

293 3216 401 3271 bus
431 3215 616 3271 intulit
642 3232 815 3279 arma,
860 3216 1207 3288 supplicibus
1254 3215 1421 3283 dona,
1469 3223 1530 3270 ut
1569 3230 1668 3286 pro
1708 3213 1915 3285 dispari

294 3305 515 3361 actione
546 3305 915 3382 singulorum,
947 3306 1136 3379 dispar
1163 3307 1245 3362 eis
1274 3313 1421 3363 esset
1451 3312 1505 3363 et
1534 3305 1708 3382 gratia
1737 3305 1918 3361 dono-

297 3410 446 3452 rum.
485 3395 641 3451 L'nde
688 3402 744 3451 et
798 3412 866 3453 eo
914 3396 1170 3468 ampliori
1209 3396 1509 3452 dilectione
1554 3395 1848 3452 tenebatur
1886 3410 1917 3450 a

294 3482 486 3551 Gallis,
518 3498 629 3557 quo
656 3485 1022 3555 superborum
1055 3491 1171 3540 erat
1195 3501 1356 3541 mons
1384 3495 1440 3541 et
1469 3485 1760 3540 humilium
1791 3485 1916 3539 val-

297 3575 391 3643 lis,
420 3575 549 3630 dum
579 3576 935 3647 reprimendo
960 3590 1176 3645 exosos,
1200 3583 1256 3632 ct
1277 3576 1635 3648 provehendo
1661 3576 1914 3644 dilectos,

1918 1125 1969 1193 Α
2002 1130 2119 1178 erat
2150 1121 2376 1191 nobilis,
2410 1130 2464 1178 et
2496 1123 2623 1178 ideo
2657 1122 2922 1188 nobilior,
2958 1124 3031 1179 ita
3061 1133 3116 1180 et
3144 1124 3236 1180 ille
3272 1124 3497 1181 sibimet
3526 1125 3604 1180 fui

2001 1214 2174 1281 utilis,
2206 1221 2261 1269 et
2310 1213 2545 1285 imperio
2584 1214 2792 1271 utilior.
2846 1215 2940 1270 llle
2973 1216 3118 1270 enim
3151 1217 3309 1288 quasi
3339 1217 3407 1271 ad
3437 1217 3609 1272 instar

1998 1305 2211 1377 speculi
2244 1306 2471 1360 humani
2503 1306 2691 1361 radius
2732 1305 2836 1362 fuit
2862 1308 3105 1378 imperii,
3138 1309 3194 1363 in
3226 1309 3311 1364 his
3337 1325 3459 1381 quae
3481 1317 3609 1365 sunt

1998 1397 2209 1451 saeculi.
2264 1397 2385 1453 Haec
2414 1404 2595 1453 autem
2634 1398 2788 1453 radio
2811 1397 2937 1453 fidei
2967 1397 3167 1455 divina“:
3196 1415 3255 1455 se
3286 1399 3610 1471 imprimens

2000 1486 2133 1560 legi,
2160 1486 2444 1557 speculum
2477 1495 2594 1542 erat
2623 1487 2865 1558 imperii,
2897 1488 2953 1542 in
2976 1488 3060 1543 his
3087 1505 3211 1561 quae
3242 1496 3370 1544 sunt
3396 1490 3610 1556 saeculi,

1999 1589 2055 1637 et
2095 1582 2148 1636 in
2191 1581 2278 1636 his
2299 1597 2421 1652 quae
2459 1581 2578 1637 Dei.
2609 1582 2671 1636 Et
2710 1581 2835 1637 ideo
2875 1582 3162 1638 nobilitate
3191 1584 3415 1652 mentis,
3446 1599 3611 1655 quam

2001 1670 2187 1726 divina
2216 1670 2325 1725 sibi
2371 1670 2700 1745 praarogavit
2728 1669 2961 1737 sanctio,
2993 1672 3160 1727 multo
3190 1671 3428 1727 nobilior
3455 1672 3610 1727 vide-

2001 1764 2161 1818 batur
2190 1762 2539 1828 Constantio;
2587 1763 2715 1834 quia
2745 1779 2844 1834 per
2884 1764 3324 1819 inaestimabilem
3356 1779 3610 1836 superate

2003 1851 2226 1924 pietatis
2262 1851 2591 1920 efficaciam,
2622 1851 2968 1907 nobilitatem
3034 1852 3256 1919 mentis,
3313 1869 3476 1924 quam
3518 1853 3610 1906 ille

2004 1951 2116 1992 non
2147 1936 2341 1993 habuit
2387 1954 2485 2009 per
2524 1947 2793 2003 naturam,
2842 1939 2945 1995 ista
2988 1941 3194 1996 meruit
3254 1941 3460 1995 habere
3517 1955 3614 2011 per

2002 2027 2256 2104 gratiam.
2288 2028 2464 2095 Unde,
2485 2029 2746 2099 quoniam
2776 2028 2923 2083 idem
2952 2028 3301 2084 Constantius
3345 2043 3614 2099 nusquam

2005 2121 2177 2177 amori
2225 2136 2327 2177 suo
2359 2128 2467 2175 tam
2526 2120 2853 2175 delectabile
2885 2129 3098 2191 poterat
3140 2121 3386 2176 invenire
3442 2118 3619 2174 suffu-

2002 2211 2176 2284 gium,
2209 2210 2406 2265 mirum
2438 2224 2549 2265 non
2586 2217 2669 2264 est
2708 2209 2856 2281 quod
2889 2218 2995 2264 tam
3030 2209 3232 2264 nobilis
3268 2209 3351 2265 vir
3374 2216 3481 2266 tam
3513 2224 3618 2265 no-

2004 2304 2173 2359 bilem
2211 2305 2472 2359 feminam
2502 2303 2610 2358 sibi
2651 2303 2881 2358 sociavit
2922 2304 2973 2357 in
3001 2303 3344 2378 eonjugium.
3375 2303 3447 2357 De
3486 2318 3614 2374 qua,

2006 2396 2149 2450 sicut
2180 2394 2403 2450 historia
2444 2394 2608 2450 nobis
2656 2395 2869 2449 intonat
2916 2395 3199 2462 subtilius,
3242 2411 3342 2466 per
3383 2393 3614 2468 gratiam

2008 2488 2101 2543 Dei
2136 2494 2243 2542 tam
2286 2503 2518 2561 magnus
2558 2495 2613 2542 et
2643 2486 2866 2542 illustris
2905 2487 3067 2542 nobis
3124 2487 3284 2541 datus
3323 2492 3407 2541 est
3449 2484 3615 2550 filius,

2010 2578 2105 2650 qui
2146 2586 2200 2632 et
2229 2576 2672 2649 praecedentibus
2701 2577 2923 2649 regibus
2938 2577 3214 2648 posterior
3233 2592 3341 2631 non
3373 2584 3521 2631 esset
3550 2574 3619 2629 ad

2010 2666 2286 2730 virtutem,
2339 2671 2392 2720 et
2421 2664 2891 2736 subsequentibus
2916 2664 3160 2721 anterior
3197 2673 3345 2719 esset
3363 2664 3432 2718 ad
3469 2663 3621 2718 salu-

2012 2767 2143 2814 tem.
2200 2757 2260 2811 Et
2286 2755 2411 2812 ideo
2450 2755 2646 2811 beatus
2684 2763 2800 2811 erat
2827 2756 2909 2811 vir
2960 2756 3055 2828 qui
3087 2757 3251 2811 talem
3289 2754 3466 2810 tilium
3524 2755 3623 2809 ha-

2013 2850 2166 2918 buit;
2200 2852 2359 2907 beata
2396 2851 2557 2907 etiam
2599 2848 2819 2915 mulier,
2864 2864 2986 2920 quae
3016 2857 3215 2919 praeter
3268 2848 3415 2902 hunc
3442 2846 3619 2902 virum

2014 2951 2138 3015 post
2166 2943 2331 2999 alium
2356 2958 2466 2999 non
2498 2940 2667 2996 abiit!
2702 2940 2800 2995 sed
2829 2939 2921 2994 ille
2941 2939 3112 2995 multo
3132 2944 3317 3010 posset
3343 2937 3461 2992 ﬁeri
3489 2937 3624 2992 bea-

2015 3036 2140 3103 tior,
2172 3036 2218 3091 si
2250 3051 2349 3108 per
2377 3034 2611 3090 fructum
2638 3032 2864 3102 justitiw
2894 3031 3061 3087 vellet
3089 3047 3212 3087 esse
3239 3030 3491 3086 feracior.
3525 3030 3625 3084 Fe-

2017 3126 2089 3181 lix
2112 3135 2296 3182 tamen
2319 3125 2729 3199 quodammodo
2762 3124 2897 3179 tanti
2928 3121 3026 3177 filii
3056 3122 3243 3194 pater!
3278 3122 3406 3177 felix
3435 3128 3625 3177 eratet

2017 3215 2224 3271 mater!
2247 3216 2345 3270 sed
2378 3214 2657 3271 feliciores
2687 3213 3006 3269 viderentur
3029 3212 3272 3284 utrique,
3310 3211 3355 3265 si
3380 3211 3493 3280 jam
3529 3225 3626 3280 pa-

2018 3311 2151 3366 riter
2176 3311 2483 3382 potirentur
2512 3309 2740 3381 prsemio
2764 3308 2906 3363 vitae.
2932 3307 3038 3362 Sed
3066 3313 3249 3361 tamen
3275 3322 3372 3377 per
3392 3305 3627 3377 gratiam

2016 3399 2231 3455 virtutis
2286 3399 2691 3471 cujuscunque,
2755 3396 2886 3452 felix
2930 3403 3164 3467 uterque
3194 3394 3486 3451 videbatur
3540 3402 3629 3449 ut-

2017 3507 2236 3563 cunque
2293 3490 2555 3563 quoniam
2586 3489 2728 3545 sicut
2774 3488 2864 3543 ille
2903 3487 3032 3544 felix
3088 3486 3377 3558 temporali
3430 3485 3628 3541 virtute

2017 3584 2103 3639 vel
2128 3583 2385 3647 victoria;
2437 3581 2510 3635 ita
2536 3587 2591 3636 et
2618 3579 2721 3635 ista
2748 3578 2876 3633 felix
2906 3586 3023 3634 erat
3068 3578 3408 3650 sempiterna
3456 3577 3631 3650 gratia

297 3667 472 3739 cmpit
524 3667 787 3723 edomare
828 3668 1088 3734 tumidos,
1128 3675 1185 3723 et
1236 3668 1451 3723 elevare
1489 3668 1787 3738 subjectos.
1831 3668 1919 3723 Sic

2023 3685 2079 3733 et
2102 3676 2297 3749 gloria.
2343 3674 2495 3730 Unde
2521 3681 2575 3728 et
2605 3689 2702 3743 per
2731 3673 2961 3747 gratiam
3002 3672 3381 3742 cujuscunque
3415 3671 3633 3726 virtutis

298 3776 440 3834 ergo
475 3769 767 3833 postquam
790 3762 992 3818 Gallias
1020 3762 1151 3818 hinc
1182 3770 1237 3818 et
1266 3763 1419 3819 illinc
1443 3763 1651 3833 ubique
1671 3778 1927 3836 peragra-
1950 3799 2001 3866 ϐ
2028 3786 2094 3825 ex
2126 3774 2278 3839 parte
2317 3766 2443 3822 felix
2485 3766 2599 3829 illa,
2622 3764 2748 3819 felix
2783 3764 2899 3831 ille,
2925 3763 3055 3819 felix
3085 3770 3201 3818 erat
3231 3772 3502 3834 uterque;
3534 3762 3633 3817 sed

296 3852 400 3917 vit,
451 3854 675 3909 tandem
728 3856 796 3910 ad
848 3854 1193 3911 Trevericam
1248 3856 1441 3911 urbem
1497 3853 1918 3910 famosissimum
1950 3842 2001 3870 υ
2023 3874 2090 3915 eo
2130 3858 2270 3913 alter
2309 3857 2482 3912 altero
2523 3853 2755 3918 felicior,
2788 3868 2900 3925 quo
2942 3853 2997 3907 in
3033 3852 3155 3925 lege
3201 3851 3296 3906 Dei
3342 3850 3636 3905 videbatur

298 3944 624 4013 ἀθϐιίοενίιν
656 3963 778 4018 qua?
828 3954 960 4003 ωηο
1003 3947 1268 4018 temporis
1297 3962 1365 4003 θο
1421 3945 1630 4002 (“Villis
1669 3954 1724 4001 οι
1753 3946 1920 4001 rebus
2022 3974 2145 4013 esse
2187 3956 2429 4028 peritior.
2485 3953 2547 4008 Et
2594 3953 2724 4007 licet
2757 3951 2901 4007 idem
2955 3951 3056 4017 vir,
3090 3949 3183 4022 qui
3225 3946 3454 4003 Romani
3486 3946 3636 4002 orbis

266 4108 271 4111 Α
301 4038 774 4109 eratopulentior,
793 4054 903 4111 quo
926 4038 1092 4094 armis
1117 4046 1172 4094 et
1201 4038 1473 4094 militibus
1487 4038 1777 4093 videbatur
1796 4053 1917 4093 esse
2019 4056 2135 4103 erat
2169 4047 2479 4117 speculum,
2503 4042 2631 4098 felix
2660 4048 2808 4096 esset
2835 4050 3097 4112 quantum
3125 4039 3193 4093 ad
3225 4037 3511 4101 saeculum,
3536 4048 3635 4107 per

302 4126 606 4199 potentior.
649 4126 799 4182 Licet
835 4127 984 4182 enim
1025 4126 1181 4183 fortis
1237 4135 1385 4182 esset
1422 4142 1485 4182 ex
1526 4126 1826 4197 provinciis
1863 4133 1919 4181 et
2019 4140 2350 4203 ιιοοιειιῃεη,
2384 4135 2531 4207 quod
2563 4134 2616 4189 in
2633 4132 2915 4189 oculisDei
2934 4131 3109 4206 caligo
3133 4128 3437 4205 paganismi
3468 4127 3631 4199 [eum]

302 4220 622 4276 civitatibus
650 4220 897 4292 undique
926 4220 1327 4292 adjacentibus,
1360 4221 1548 4277 divina
1580 4229 1763 4276 tamen
1793 4237 1920 4295 gra-
2027 4229 2431 4301 denigraverat,
2486 4241 2835 4297 nequaquam
2896 4222 3023 4279 felix
3083 4230 3198 4277 erat
3246 4225 3510 4292 quantum
3568 4219 3639 4273 ad

304 4312 387 4367 tia
443 4311 642 4368 fortior
679 4321 866 4367 erata
916 4313 1312 4379 credentibus;
1371 4312 1608 4368 maxime
1658 4329 1782 4368 cum
1830 4329 1919 4384 per

2033 4324 2222 4379 Deum.
2257 4321 2361 4377 Sed
2386 4321 2431 4375 si
2473 4316 2883 4391 quodammodo
2916 4322 3098 4388 potest
3135 4313 3364 4370 concedi
3406 4312 3555 4386 quod
3585 4312 3643 4366 in

306 4396 537 4455 beatum
570 4400 895 4455 Eucharium
949 4416 1012 4457 ac
1048 4402 1230 4458 socios
1266 4402 1386 4473 ejus
1433 4401 1507 4456 ita
1545 4400 1747 4457 sterilis
1788 4416 1935 4463 esset
2037 4412 2219 4484 aliqua
2250 4410 2377 4466 felix
2415 4410 2631 4464 dicatur
2675 4422 2774 4477 per
2802 4405 3032 4479 gratiam
3091 4402 3212 4469 Dei,
3245 4402 3416 4457 multo
3460 4408 3643 4457 tamen

313 4490 650 4559 idololatria,
688 4500 743 4548 et
771 4490 878 4547 ﬁde
912 4492 1173 4561 fecunda,
1204 4494 1354 4565 quod
1385 4507 1495 4549 non
1529 4492 1806 4549 immerito
1826 4493 1935 4549 Ro-

310 4599 404 4639 ma
459 4591 689 4639 vocatur
743 4586 1007 4641 secunda.
1073 4585 1295 4641 Interim
1354 4594 1561 4651 autem,
1622 4586 1751 4641 dum
1802 4585 1938 4642 Con-

308 4673 547 4729 stantius
586 4674 909 4731 ‘Romanum
971 4677 1265 4749 imperium
1309 4695 1410 4750 per
1475 4677 1679 4733 Gallias
1727 4677 1939 4750 ubique

311 4768 581 4836 dilatavit,
615 4770 831 4827 beatam
862 4772 1122 4828 Helenam
1151 4774 1424 4850 virginem
1457 4790 1555 4847 pro
1585 4775 1757 4830 nimia
1810 4778 1934 4847 pul-

313 4862 654 4929 chritudine,
684 4880 847 4935 quam
879 4864 1140 4931 habebat,
1170 4866 1403 4931 amavit;
1455 4866 1587 4939 quia
1617 4883 1728 4923 non
1756 4868 1936 4923 solum

312 4953 549 5026 pulchra
579 4962 698 5010 erat
726 4955 850 5012 visu
877 4964 1221 5028 aspectuque
1252 4957 1622 5026 delectabilis,
1653 4959 1750 5014 sed
1774 4960 1936 5015 etiam

313 5042 496 5119 gloria
534 5049 591 5097 et
640 5043 850 5099 honore
892 5044 1073 5120 magis
1110 5045 1404 5101 videbatur
1457 5047 1820 5103 admirabilis.
1853 5049 1942 5103 Sic

2038 4500 2250 4557 felicior
2277 4498 2595 4563 exstitisset,
2640 4496 2685 4550 si
2722 4495 2790 4549 ad
2825 4494 2988 4549 ﬁdem
3019 4510 3144 4549 cum
3188 4492 3419 4547 muliere
3460 4507 3649 4563 perve-

2038 4594 2231 4659 uisset,
2276 4589 2539 4663 quoniam
2572 4587 2702 4642 inde
2748 4587 2922 4660 magis
2978 4583 3425 4657 prosperioribus
3466 4589 3651 4653 posset

2041 4686 2250 4758 pollere
2302 4681 2673 4745 successibus,
2713 4680 2761 4735 si
2820 4696 2921 4751 per
2974 4677 3137 4733 fidem
3181 4675 3374 4731 Christi
3436 4674 3653 4730 cautius

2038 4774 2352 4832 consuleret
2374 4769 2708 4826 immanibus
2731 4768 3071 4824 excessibus.

2680 4858 2889 4913 CAPUT
2943 4857 3010 4911 ll.

2149 4960 2211 5014 ι).
2254 4957 2467 5013 Helena:
2493 4966 2701 5023 generis
2739 4951 3078 5006 nobilitatem
3125 4962 3246 5019 qua:
3273 4951 3546 5004 testentur.

2115 5045 2433 5104 Econtrario
2463 5051 2645 5099 autem
2687 5040 2889 5096 mulier
2918 5039 3008 5094 illa
3049 5037 3311 5109 pretiosa,
3345 5052 3455 5092 non
3490 5034 3658 5091 modo

316 5134 505 5208 igitur,
537 5134 669 5189 dum
711 5134 765 5189 in
807 5136 952 5191 hanc
998 5152 1111 5190 rem
1153 5145 1326 5192 totum
1372 5138 1617 5195 animum
1660 5147 1716 5196 et
1770 5148 1941 5195 totum
1968 5181 2020 5248 Β
2044 5156 2270 5219 genere,
2301 5137 2396 5194 sed
2430 5137 2595 5192 etiam
2635 5134 2836 5190 virtute
2874 5131 3167 5188 videbatur
3202 5144 3493 5202 generosa,
3526 5128 3657 5185 dum

318 5225 680 5248 !_._-_.l_l.-n
743 5227 982 5248 -ι--.ΙΞ--..-
1050 5226 1265 5248 A-_.I__--
1320 5227 1548 5248 Α..-Αι.ξιᾼ
1634 5236 1932 5248 -A-__-_,_.,,,
2284 5234 2318 5248 .-
2441 5231 2532 5248 ἢκ·
2581 5226 2970 5248 ___-_!__n-_n!-
3024 5223 3366 5248 ..-Ι-ΞΙΖιΑΙΑμ
3417 5222 3657 5248 -A_—.A..:n

318 5225 683 5297 impendebat
741 5227 1010 5292 studium,
1049 5226 1270 5282 tandem
1318 5227 1557 5284 amabile
1621 5236 1944 5301 prosecutus

318 5318 688 5387 desiderium,
717 5335 838 5375 eam
897 5320 1005 5375 sibi
1051 5320 1282 5376 sociavit
1328 5321 1383 5375 in
1442 5321 1815 5377 connubium:
1876 5322 1946 5377 de

318 5429 451 5486 qua,
482 5420 543 5467 ut
577 5411 764 5469 divina
803 5413 1155 5485 providentia
1182 5413 1594 5485 praeordinavit,
1622 5413 1815 5474 lilium.
1851 5415 1946 5487 qui

320 5503 718 5561 Constantinus
770 5506 1001 5581 Magnus
1069 5505 1379 5573 dicebatur,
1440 5506 1751 5582 generavit.
1794 5505 1947 5561 Unde

318 5610 446 5651 cum
478 5591 679 5648 melior
706 5602 853 5649 esset
884 5594 1121 5661 Galerio,
1164 5600 1221 5650 et
1248 5594 1490 5651 nobilior
1525 5594 1723 5651 Chloro
1754 5603 1810 5649 et
1842 5593 1943 5665 Cy-

319 5700 404 5751 ro,
448 5683 650 5749 mirum
683 5698 797 5739 non
826 5690 909 5740 est
961 5684 1111 5755 quod
1163 5691 1271 5739 tam
1322 5684 1530 5740 nobilis
1581 5683 1784 5739 femina
1831 5688 1939 5737 tam

319 5771 499 5829 nobili
520 5770 728 5827 sociata
756 5778 841 5828 est
876 5770 1025 5838 viro;
1053 5770 1336 5842 quoniam,
1389 5772 1531 5828 sicut
1579 5771 1699 5843 ipsa
1731 5769 1939 5827 mundo

2046 5252 2147 5307 per
2180 5234 2409 5309 gratiam
2441 5231 2535 5286 Dei
2572 5226 2973 5299 omnipotentis
3024 5223 3366 5281 nobilitatem
3414 5222 3662 5293 corporis

2047 5322 2336 5379 nobilitate
2375 5334 2597 5390 semper
2616 5316 2809 5371 extulit
2845 5314 3070 5370 mentis.
3102 5312 3277 5379 Unde,
3309 5310 3440 5367 licet
3484 5310 3540 5365 in
3571 5309 3662 5365 hi—

2047 5411 2231 5467 storiis
2256 5416 2540 5482 parentum
2584 5408 2734 5461 illius
2778 5419 3053 5479 generosa
3081 5403 3312 5457 sileatur
3370 5399 3654 5467 nobilitas,

2048 5500 2397 5557 nobilitatem
2426 5508 2609 5554 tamen
2640 5496 2762 5565 ejus
2809 5494 2955 5565 apud
2997 5492 3249 5548 Trevirus
3297 5489 3660 5546 aediﬁciorum

2048 5603 2275 5644 suorum
2306 5588 2487 5642 adhuc
2516 5585 2743 5656 antiqua
2783 5589 3014 5639 testatur
3042 5580 3353 5656 gentilitas:
3408 5576 3505 5631 ubi
3565 5587 3663 5643 pa-

2046 5676 2348 5732 vimentum
2388 5676 2588 5731 domus
2614 5673 2763 5729 illius
2792 5672 2955 5727 variis
2992 5668 3361 5726 marmoribus
3396 5673 3453 5720 et
3505 5662 3665 5717 Pario

2042 5764 2323 5839 quondam
2379 5764 2561 5835 lapide
2608 5767 2833 5817 stratum
2897 5760 3043 5813 bene
3098 5755 3342 5811 declarat
3393 5755 3665 5823 quantum
