4006 6198
470 322 573 377 967

1319 316 1681 374 BERENGOSI
1722 318 1996 373 ABBATIS
2040 320 2309 377 ABBATIS
2347 321 2399 377 S.
2444 321 2684 378 MAXIMI
2727 323 2990 380 TREVIR.

3700 332 3818 387 968

473 450 547 503 ibi
584 463 694 519 prae
725 446 850 502 aliis
888 444 1169 502 videretur
1212 445 1421 500 habere
1464 446 1776 516 primatum.
1818 446 2087 502 Praeterea
2118 452 2164 521 Α
2190 448 2349 503 beata
2368 447 3067 507 Helenasibiestsocietate
3091 450 3629 528 conjuncta,utquaz
3651 457 3818 528 prius

472 556 603 595 vero
637 541 771 611 ipsae
822 538 1083 609 planities
1115 538 1384 608 parietum
1418 537 1562 593 fulvo
1594 555 1726 593 auro
1758 539 1909 593 velut
1954 539 2086 610 hya-

2190 541 2244 595 in
2289 542 2491 613 palatio
2538 542 2860 599 obscuriore
2891 543 3293 616 aliquantulum
3354 547 3674 617 potiebatur
3692 564 3813 603 ma-

476 632 727 687 ciuthino
773 637 924 685 textu
985 629 1215 699 depictre
1257 629 1397 684 bene
1455 629 1795 684 testabantur
1850 630 2090 704 insignia
2189 627 2438 699 gisterio,
2472 629 2677 685 deinde
2728 647 2914 687 secum
2955 640 3010 688 et
3055 633 3407 691 matrimonio
3444 636 3717 707 potiretur
3747 648 3812 693 et

473 723 783 778 nobilitatis
823 722 944 789 ejus
990 721 1223 787 invicta»,
1278 720 1504 791 insuper
1527 720 1691 775 etiam
1748 721 2079 792 praediorum

472 812 593 879 ejus
623 811 796 881 copiae
828 810 1085 865 Ecclesiis
1117 810 1208 863 Dei
1250 810 1379 863 olim
1413 810 1659 880 undique
1697 810 1907 864 collatae
1938 810 2082 864 bene

470 904 752 959 declarant
790 918 953 973 quam
1010 902 1355 955 nobilissima
1394 902 1619 974 generis
1668 902 1898 972 polleret
1937 903 2065 957 anti-

469 999 700 1071 quitate.
734 997 841 1051 Sed
871 1007 925 1051 et
951 996 1133 1051 cubile
1176 996 1350 1066 ipsius
1376 996 1556 1049 aureis
1595 996 1726 1050 setis
1757 996 2077 1050 instructum

469 1097 526 1143 et
553 1086 894 1160 insignitum,
919 1083 1263 1139 nobilitatem
1294 1085 1701 1156 quodammodo
1726 1086 1782 1139 in
1814 1101 1899 1151 ea,
1928 1086 2081 1157 quasi

472 1176 837 1231 Romanorum
898 1173 1197 1227 testabatur
1249 1173 1542 1240 Quiritum,
1577 1175 1817 1229 maxime
1848 1191 1972 1229 cum
2012 1174 2081 1228 ab

468 1272 589 1319 ortu
619 1263 751 1320 solis
772 1277 945 1334 usque
976 1262 1043 1316 ad
1071 1261 1263 1317 ultima
1315 1262 1480 1332 Thyle
1512 1261 1680 1317 cubili
1724 1263 1851 1317 huic
1904 1262 2081 1317 simile

468 1372 575 1413 non
606 1364 790 1429 posset
818 1355 1053 1411 inveniri
1107 1356 1318 1421 cubile;
1362 1356 1491 1427 quia
1551 1355 1866 1411 cubiculum
1901 1356 2082 1410 cordis

465 1450 551 1504 sui
592 1448 965 1505 cubicularius
1006 1448 1097 1503 ille
1142 1448 1291 1502 nulla
1330 1465 1570 1519 unquam
1621 1448 1930 1519 inquinavit
1961 1447 2081 1517 pol-

465 1540 694 1607 lutione,
728 1541 798 1595 de
830 1554 938 1612 quo
970 1539 1238 1610 scriptum
1279 1547 1394 1594 est:
1430 1542 1489 1593 In
1539 1540 1711 1594 cubili
1761 1555 1856 1594 suo
1903 1541 2081 1594 astitit

463 1638 611 1690 omni
647 1638 755 1690 vim
804 1650 909 1689 non
946 1634 1092 1688 bona:
1130 1633 1292 1703 (Psal.
1345 1636 1522 1701 xxxv).
1560 1633 1665 1687 Sed
1708 1634 1826 1687 haec
1883 1632 2077 1688 fortas-

2188 714 2439 786 imperio.
2473 718 2706 792 Dignum
2735 720 2944 792 quippe
2968 720 3071 778 fuit
3099 730 3159 779 ut
3188 738 3255 779 eo
3279 724 3533 795 ampliori
3565 741 3687 781 eam
3713 726 3811 781 di-

2185 814 2446 876 gnaretur
2500 807 2730 875 honore,
2766 824 2878 880 quo
2904 810 3019 879 jam
3048 827 3236 867 secum
3269 813 3466 869 didicit
3500 814 3557 869 in
3587 815 3806 887 quiete,

2186 898 2333 968 quod
2360 915 2457 970 pro
2480 915 2545 955 eo
2574 900 2726 971 prius
2754 908 3034 971 pateretur
3058 904 3116 958 in
3156 904 3375 970 labore;
3408 906 3644 963 maxime
3675 924 3807 964 cum

2184 987 2371 1041 omnis
2409 988 2563 1044 labor
2598 991 2781 1064 gravis
2819 992 3047 1048 omnino
3085 994 3355 1062 videatur,
3412 995 3517 1051 nisi
3561 997 3655 1069 qui
3700 1014 3811 1069 per

2184 1078 2413 1149 gratiam
2440 1079 2836 1135 consolationis
2866 1081 2921 1135 in
2948 1082 3302 1139 tribulatione
3327 1084 3556 1140 levatur.
3586 1085 3807 1141 Deinde

2184 1183 2314 1223 vero
2345 1184 2467 1223 cum
2498 1170 2639 1223 inter
2667 1168 2807 1225 duos
2834 1170 3128 1245 Augustos,
3161 1171 3536 1228 Constantium
3584 1175 3808 1230 scilicet

2185 1265 2240 1311 et
2285 1257 2580 1324 Galerium,
2622 1258 2853 1314 Romani
2902 1260 3053 1316 orbis
3100 1260 3441 1317 divideretur
3479 1262 3800 1334 imperium.

2185 1349 2456 1421 lllyricum
2516 1357 2570 1406 et
2622 1351 2744 1406 Asia
2782 1352 3022 1421 Galerio,
3064 1353 3244 1410 Africa
3298 1370 3428 1410 vero
3467 1362 3522 1411 et
3576 1355 3802 1428 Europa

2183 1454 2418 1494 evenere
2473 1438 2813 1501 Constantio.
2871 1440 3002 1496 Cum
3042 1449 3222 1498 autem
3270 1458 3334 1498 ex
3365 1443 3567 1499 divina:
3594 1444 3800 1518 digna-

2181 1530 2349 1586 tionis
2379 1532 2740 1603 permissionc
2772 1533 2857 1588 vel
2887 1549 2993 1605 ope
3025 1550 3168 1590 unus
3196 1536 3517 1606 praesideret
3545 1537 3708 1602 Asiae,
3738 1545 3799 1592 et

2180 1620 2323 1693 alius
2353 1621 2600 1692 EHI‘OpEE,
2621 1621 2820 1677 factum
2851 1631 2934 1678 est
2961 1632 3021 1678 ut
3042 1624 3395 1680 Constantius
3418 1641 3484 1681 eo
3514 1625 3795 1681 minorem

462 1724 541 1777 sis
572 1724 759 1778 omnia
789 1722 1188 1795 contingebant
1219 1722 1273 1775 in
1304 1720 1496 1796 ﬁgura,
1529 1738 1651 1793 qua:
1685 1721 1874 1795 regina
1903 1737 2078 1793 quan-
2106 1754 2155 1822 Β
2179 1711 2609 1822 ωὶιὶϐἱῑυάὶηθῗ]
2742 1712 2890 1811 Italis
2921 1712 3148 1822 h‘ab‘erst
3187 1721 3241 1769 et
3276 1713 3585 1822 Afriszquo
3613 1716 3794 1814 majo-

464 1813 650 1885 doque
678 1814 861 1869 futura
890 1814 994 1869 hoc
1012 1813 1216 1868 habere
1244 1814 1414 1883 C(Dpit
1442 1829 1505 1867 ex
1525 1813 1720 1885 gratia,
1746 1813 1891 1883 quod
1924 1814 2076 1883 prius
2106 1800 2155 1822 υ
2180 1820 2293 1858 rem
2343 1818 2526 1857 curam
2554 1801 2624 1856 de
2656 1800 2911 1872 Hispanis
2951 1802 3193 1858 habebat
3238 1811 3293 1859 et
3322 1803 3507 1859 Gallis.
3561 1805 3793 1860 Interim

463 1902 704 1958 habebat
732 1919 796 1958 ex
829 1909 1044 1969 natura,
1085 1902 1214 1972 quia
1246 1910 1533 1973 postquam
1574 1901 1643 1956 ad
1684 1902 1845 1955 ﬁdem
1881 1900 2073 1956 Christi

460 2008 712 2063 superno
752 1993 950 2047 meruit
1003 1992 1247 2047 revocari
1273 1992 1577 2059 juvamine,
1630 1999 1954 2047 ornamenta
1983 1992 2072 2046 di-

461 2084 689 2157 gnitatis
719 2098 999 2154 corporea:
1025 2083 1186 2138 traxit
1237 2083 1305 2137 ad
1334 2083 1566 2137 salutem
1601 2084 1818 2150 animae,
1853 2084 1981 2138 dum
2016 2084 2070 2137 in

464 2174 784 2230 inventione
836 2181 1038 2229 sancta:
1091 2174 1292 2239 crucis,
1328 2189 1426 2244 pro
1476 2175 1715 2230 humano
1770 2174 2072 2229 laborando

462 2262 663 2328 salute,
696 2262 937 2334 gloriosa
966 2262 1131 2317 ﬁebat
1171 2280 1233 2317 ex
1266 2263 1371 2318 hoc
1418 2279 1609 2334 opere,
1650 2262 1747 2317 sed
1782 2263 2075 2336 gloriosior

457 2350 679 2405 virtute.
722 2351 781 2404 in
836 2358 1023 2421 typum
1064 2350 1275 2405 scilicet
1316 2350 1567 2406 Ecclesia?
1608 2351 1697 2405 illa
1730 2351 2068 2406 diversarum

462 2442 723 2497 virtutum
755 2442 901 2496 intus
939 2441 1194 2495 decorata
1218 2441 1509 2514 dignitate,
1541 2442 1608 2497 de
1640 2459 1748 2514 qua
1766 2442 2067 2513 scriptum:

455 2538 652 2592 Astitit
682 2539 872 2603 regina
896 2536 1157 2589 adextris
1168 2539 1221 2590 in
1246 2538 1442 2591 vestitu
1468 2537 1746 2601 deaurato,
1766 2536 2070 2591 circumda-

456 2634 515 2683 ta
550 2630 814 2683 rarietate
840 2630 1003 2693 (Psal.
1034 2630 1199 2694 xuv).
1236 2626 1409 2691 Unde,
1441 2628 1702 2698 quoniam
1737 2627 2070 2682 intrinsecus

455 2721 623 2776 tantis
669 2736 732 2775 ac
764 2719 967 2774 talibus
1023 2719 1283 2774 decorata
1342 2720 1443 2775 fuit
1487 2719 1802 2785 virtutibus,
1862 2719 2068 2775 idcirco

454 2824 553 2879 per
574 2808 758 2864 omnia
817 2808 872 2863 in
909 2808 1169 2863 omnibus
1221 2807 1423 2862 divinis
1463 2807 1715 2878 placebat
1753 2808 2067 2875 obtutibus;

452 2899 582 2969 quia
623 2915 751 2954 vero
809 2901 999 2970 specie
1049 2916 1149 2954 sua
1205 2905 1260 2953 et
1295 2898 1711 2969 pulchritudine
1762 2897 2069 2954 forinsecus

450 2997 571 3042 erat
645 2997 876 3054 ornata,
932 2988 1058 3043 ideo
1124 2988 1241 3044 viro
1299 3003 1400 3043 suo
1456 2986 1774 3043 Constantio
1816 2988 2068 3043 amabilis

448 3075 743 3131 videbatur
780 3083 833 3131 et
862 3084 1037 3148 grata,
1069 3077 1330 3148 quoniam
1375 3077 1604 3131 interna:
1648 3077 1867 3149 pietatis
1917 3085 1970 3134 et
1994 3094 2068 3134 te-

449 3171 622 3221 ternae
647 3166 1075 3237 pulchritudinis
1107 3167 1182 3221 ita
1221 3166 1485 3221 instructa
1537 3174 1619 3221 est
1677 3183 1889 3236 norma,
1918 3176 1976 3223 ut
2015 3179 2069 3224 et

451 3257 564 3312 Deo
595 3256 838 3327 placeret
872 3258 927 3312 in
959 3257 1144 3311 anima
1173 3264 1229 3312 et
1259 3257 1576 3313 Constantio
1614 3258 1669 3312 in
1715 3258 1908 3314 forma.
1967 3260 2068 3315 Sc-

455 3346 694 3401 cundum
722 3346 1046 3416 Opinionem
1075 3346 1222 3400 enim
1255 3346 1422 3420 vulgi,
1468 3353 1522 3401 et
1548 3347 1830 3403 veritatem
1862 3349 1962 3417 rei,
1983 3349 2068 3405 of-

448 3434 635 3489 ﬁciosa
666 3442 780 3489 erat
811 3434 865 3489 in
898 3434 1166 3506 obsequio
1193 3435 1323 3501 viri,
1376 3436 1472 3490 sed
1504 3435 1806 3493 ofﬁciosior
1848 3438 1917 3493 ad
1966 3438 2067 3494 ob-

2093 3126 2142 3194 (ἶ

2177 1910 2306 1950 vero
2345 1893 2752 1960 Constantinus,
2788 1892 2934 1949 ﬁlius
2963 1894 3103 1962 ejus,
3137 1893 3339 1951 ofﬁciis
3373 1904 3553 1967 aptus,
3583 1904 3640 1951 et
3688 1897 3797 1952 ho-

2174 1989 2420 2044 minibus
2457 1997 2739 2061 acceptus,
2790 1990 3040 2045 consultu
3095 1997 3324 2046 senatus
3365 2007 3397 2046 a
3439 1991 3702 2046 Romanis
3734 1991 3793 2045 in

2177 2081 2442 2136 Czesarcm
2474 2089 2555 2136 est
2586 2081 2815 2149 electus,
2846 2082 3108 2154 quoniam
3141 2097 3241 2153 pro
3275 2082 3471 2138 virtute
3499 2083 3795 2155 utriusque

2174 2170 2402 2244 dignum
2444 2170 2524 2224 eis
2554 2170 2844 2225 videbatur
2878 2178 2932 2225 et
2956 2171 3165 2240 justum
3197 2180 3258 2227 ut
3304 2181 3359 2227 et
3389 2170 3534 2227 ﬁlius
3561 2188 3790 2244 promo-

2173 2271 2394 2317 veretur
2433 2262 2489 2316 in
2512 2261 2802 2328 Caesarem,
2833 2268 2887 2317 et
2918 2272 3073 2334 pater
3103 2263 3158 2318 in
3213 2264 3535 2337 Augustum.
3585 2265 3644 2319 ln
3675 2282 3789 2337 qua

2171 2354 2432 2409 videlicet
2454 2354 2627 2409 virtus
2649 2353 2835 2408 divina
2855 2352 3000 2408 bene
3028 2353 3396 2409 declaravitin
3421 2368 3489 2409 eo
3517 2354 3650 2426 quia
3670 2370 3788 2411 non

2172 2451 2253 2499 est
2282 2449 2524 2514 potestas
2562 2442 2667 2496 nisi
2716 2459 2747 2497 a
2793 2443 2925 2510 Deo,
2980 2442 3107 2497 dum
3149 2460 3250 2514 per
3293 2459 3552 2499 arcanum
3590 2444 3788 2516 utique

2172 2535 2481 2590 Divinitatis
2508 2534 2768 2589 auxilium
2800 2534 2994 2589 eodem
3047 2540 3300 2605 tempore
3330 2535 3385 2589 in
3407 2548 3518 2606 quo
3558 2548 3784 2605 promo-

2169 2638 2320 2685 verat
2348 2637 2577 2700 patrem,
2633 2629 2990 2700 promovebat
3027 2637 3086 2684 et
3136 2628 3332 2685 ﬁlium.
3385 2631 3452 2686 At
3489 2636 3784 2701 postquam

2170 2718 2559 2774 Constantinus
2592 2718 2894 2773 Romanum
2928 2719 3219 2790 imperium
3250 2717 3463 2791 aliquot
3490 2720 3655 2774 annis
3671 2727 3783 2776 tam

2172 2806 2296 2863 forti
2352 2824 2516 2879 quam
2577 2806 2723 2862 felici
2762 2806 2960 2862 virtute
2999 2807 3269 2875 defendit,
3323 2808 3505 2865 adhuc
3560 2810 3783 2881 qualem

2170 2900 2413 2954 animum
2466 2915 2595 2971 erga
2627 2897 3024 2970 rempublicam
3084 2900 3311 2954 haberet
3335 2900 3598 2968 ostendit,
3651 2902 3781 2955 dum

2170 3007 2270 3061 pro
2313 2992 2651 3063 acquirenda
2672 2992 2898 3063 majoris
2918 2992 3107 3067 glorise
3151 3007 3355 3049 corona
3394 2993 3572 3049 valida
3617 3011 3783 3050 manu

2171 3082 2354 3138 denuo
2385 3082 2452 3137 ad
2493 3081 2694 3137 Gallias
2719 3082 2974 3156 migravit
2997 3100 3029 3138 a
3060 3082 3247 3140 Roma.

2812 3191 3021 3248 CAPUT
3058 3194 3145 3249 IV.

2171 3288 2234 3342 Ut
2282 3287 2630 3343 Constantius
2685 3289 2956 3355 superatis
3015 3287 3293 3343 Germanis
3360 3293 3411 3343 et
3466 3290 3782 3344 Britonibus

2308 3357 2524 3424 abierit,
2556 3362 2719 3427 utque
2747 3360 3157 3413 Constantinum
3186 3360 3339 3428 lepra
3359 3362 3635 3416 invaserit.

2239 3454 2339 3508 Ubi
2370 3454 2621 3525 quamvis
2653 3453 2941 3525 tyrannide
2982 3454 3208 3525 antiqua
3251 3462 3307 3510 et
3347 3454 3649 3511 rebellione
3680 3471 3779 3512 no-

448 3523 703 3595 sequium
742 3524 869 3591 Dei;
915 3524 1177 3596 quoniam
1219 3541 1374 3580 amor
1423 3524 1720 3581 Constantii
1775 3534 1829 3581 et
1868 3528 1962 3582 Dei
1991 3528 2061 3582 ita

2180 3545 2305 3599 rella
2333 3561 2471 3619 gens
2501 3545 2794 3601 Britanniae
2838 3554 2894 3601 et
2923 3545 3229 3601 Germaniae
3269 3546 3453 3603 denuo
3483 3562 3608 3602 eum
3640 3562 3783 3603 nova

452 3615 509 3668 in
542 3615 887 3709 corde-illius
925 3615 1132 3709 duplici
1172 3616 1393 3709 ratione
1424 3616 1526 3709 fuit
1578 3618 1889 3686 distinctus,
1925 3626 1981 3674 ut
2009 3626 2065 3675 et
2165 3615 2465 3693 οοηοίίεηει
2509 3638 2577 3692 ad
2610 3638 2774 3707 bella,
2798 3639 2915 3709 ipse
2961 3645 3143 3694 {amen
3180 3654 3248 3695 eo
3288 3639 3489 3694 minori
3519 3646 3604 3695 est
3651 3639 3783 3696 inde

449 3706 765 3803 (fonslantio
793 3706 1057 3774 οΧῑθΓίυδν
1091 3714 1143 3762 εί
1172 3707 1293 3803 Dea
1314 3708 1649 3803 SPPdcrcwr
1677 3710 1911 3803 interius
1963 3711 2061 3775 Ουί
2165 3729 2383 3784 tristitia
2411 3731 2677 3801 repletus,
2701 3706 2833 3803 quo_
2847 3730 2917 3785 ad
2946 3731 3393 3802 triumphandum
3435 3731 3487 3787 ei
3520 3731 3698 3789 adfuit
3728 3740 3783 3789 et

446 3796 793 3853 Constantius
822 3806 1111 3871 postquam
1170 3799 1225 3853 in
1260 3800 1449 3855 Galliis
1502 3801 1725 3876 negotia
1766 3800 1896 3855 belli
1927 3818 2057 3872 par-

2180 3819 2435 3874 :xercitus
2461 3835 2637 3875 novus
2679 3830 2734 3875 et
2765 3821 3040 3892 sapientia
3095 3829 3254 3877 vetus
3335 3823 3557 3878 [nterim
3591 3831 3776 3880 autem

444 3885 541 3988 “In
577 3886 1020 3988 iPS°_di5P05uui
1065 3889 1258 3988 Ρεξνῐίῐη
1290 3889 1791 3988 δὶίίξιξῖίερρηοηάθ
1822 3893 2057 3947 Commi“
2163 3912 2552 3967 Constantinus
2583 3903 2750 3981 ﬁlius,
2779 3885 2844 3968 in.
2867 3914 3128 3969 Romanis
3174 3916 3421 3986 partibus
3450 3914 3777 3988 relinquens

445 3978 535 4080 ῥίς-ν
593 3979 813 4034 tandem
852 3997 991 4080 filim
1050 3981 1164 4036 SttiS
1219 3982 1911 4080 COWmiliIORibUSRCPUS
1950 4003 2056 4080 Ρξι·
2166 4011 2417 4070 matrem,
2482 4004 2720 4060 mirabili
2762 4014 2877 4061 arte
2897 4006 2951 4061 iu
2980 4005 3181 4061 Gallias
3200 4014 3525 4077 prosecutus
3553 3978 3639 4064 est
3668 4024 3773 4079 pa-

449 4071 721 4171 tria.qu
752 4071 961 4138 τονίδίῑν
991 4080 1051 4128 ιιι
1091 4089 1159 4129 οο
1206 4074 1765 4171 ωδὶοτοῐη-ῑΐίῄυῐηῐξιιί
1804 4076 2063 4171 “melius
2166 4102 2333 4158 trem;
2371 4100 2431 4148 ut
2461 4102 2616 4165 pater
2646 4110 2769 4149 cum
2802 4092 2915 4150 ﬁlio
2945 4109 3012 4151 eo
3054 4071 3271 4150 facilius
3296 4096 3595 4167 tyrannicae
3626 4071 3773 4152 resi-

447 4166 720 4233 reciperet
754 4179 1036 4230 coronam,
1070 4180 1179 4237 quo
1220 4182 1343 4220 cum
1385 4166 1576 4236 majori
1613 4168 1790 4239 palma
1819 4169 2060 4226 victoria)

2180 4186 2507 4257 iteretparti,
2532 4202 2642 4257 quo
2675 4184 2823 4241 ﬁlius
2851 4187 3011 4258 patri,
3053 4196 3109 4243 ct
3138 4203 3230 4241 ars
3265 4195 3617 4244 succurreret
3646 4189 3772 4244 arti.

444 4252 513 4354 de
559 4253 747 4354 Galliis
777 4272 1031 4354 reversus
1065 4258 1432 4354 estRomam.
1477 4260 1582 4317 Sed
1635 4261 1765 4317 licet
1813 4261 2057 4336 ignotum
2164 4277 2300 4342 Quia
2330 4252 2477 4333 enim
2503 4252 2737 4352 uterque
2765 4252 3138 4334 calliduserat
3168 4278 3396 4354 ingenio
3426 4287 3483 4335 et
3511 4280 3777 4351 providus

441 4348 512 4439 Sil
540 4348 702 4405 Ποδῖδ
728 4357 908 4406 utrum
951 4351 1112 4408 beata
1155 4352 1358 4408 Helena
1396 4370 1520 4409 cum
1561 4356 1756 4412 eodem
1790 4357 2053 4414 Constan-
2155 4367 2211 4422 in
2241 4367 2498 4434 consilio,
2523 4348 2870 4424 ideo-mutuo
2896 4367 3179 4424 cbaritatis
3219 4348 3405 4423 ofﬁcio
3430 4348 3580 4423 ﬁlius
3611 4366 3773 4439 patri,

444 4437 519 4494 tio
553 4439 802 4509 abiisset,
836 4458 903 4497 an
936 4450 1163 4513 prOpter
1200 4444 1627 4502 teneritudinem
1661 4449 1820 4520 pueri
1853 4449 1907 4503 in
1937 4450 2062 4505 Gal-

2180 4469 2215 4516 et
2244 4468 2399 4533 pater
2421 4468 2737 4517 occurreret
2765 4459 2901 4525 ﬁlio,
2923 4467 2983 4515 ut
3019 4474 3085 4515 eo
3124 4458 3323 4514 fortius
3345 4475 3471 4530 pars
3484 4437 3772 4530 opprime-

437 4531 527 4588 liis
560 4535 930 4604 remansisset,
962 4537 1111 4593 credi
1145 4544 1328 4593 tamen
1380 4547 1560 4610 potest
1591 4543 1737 4613 quod
1764 4543 1847 4598 vel
1869 4560 1935 4600 eo
1967 4551 2057 4600 tu-
2159 4531 2474 4621 retrpartem
2505 4565 2614 4621 quo
2645 4549 2899 4605 callidius
2938 4564 3028 4604 ars
3065 4548 3360 4603 deluderet
3390 4554 3584 4604 artem.
3626 4548 3773 4605 Inter

438 4621 683 4678 tiuscum
724 4640 790 4679 eo
818 4624 1080 4691 abducta,
1120 4627 1206 4681 vel
1240 4643 1306 4682 eo
1324 4628 1485 4684 citius
1521 4638 1646 4701 post
1675 4646 1799 4685 eum
1828 4642 1911 4688 est
1932 4633 2053 4688 sine
2154 4638 2274 4695 haec
2293 4655 2423 4696 vero
2482 4639 2611 4694 licet
2638 4638 3030 4694 Constantinus
3077 4638 3134 4693 in
3172 4638 3411 4713 negotiis
3439 4637 3571 4693 belli
3614 4638 3765 4694 mirae

432 4728 637 4786 magna
684 4712 950 4770 dilatione
1000 4716 1204 4785 delata,
1245 4733 1369 4788 quae
1403 4735 1514 4789 prae
1555 4721 1768 4776 caeteris
1806 4723 2055 4778 malieri-

2180 4735 2293 4786 oret
2350 4729 2668 4785 calliditatis
2706 4738 2762 4784 et
2804 4728 3141 4785 admiranda:
3209 4712 3575 4795 fortitudinis,
3634 4744 3768 4800 gens

434 4802 541 4859 bus
570 4804 640 4859 ab
674 4805 794 4876 ipso
818 4807 993 4882 magis
1026 4815 1141 4863 erat
1170 4815 1369 4864 amata.
1401 4809 1742 4867 Credendum
1777 4820 1859 4867 est
1887 4815 2049 4870 etiam

2180 4838 2334 4877 amen
2379 4822 2671 4878 Britanniae
2702 4828 2756 4877 et
2786 4821 3090 4877 Germaniae
3122 4821 3262 4878 facta
3275 4830 3360 4877 est
3389 4821 3442 4876 ei
3472 4836 3578 4876 uva
3603 4820 3765 4889 fellis,

433 4893 582 4964 quod
651 4895 1097 4969 quandocunquc
1146 4897 1277 4954 illuc
1330 4897 1495 4954 fuerit
1560 4900 1818 4969 adducta,
1869 4904 2048 4959 statim
2151 4923 2204 4969 et
2243 4913 2433 4969 botrus
2462 4913 2864 4974 amaritudinis,
2906 4911 3036 4968 dum
3069 4912 3124 4967 in
3165 4912 3246 4968 eis
3277 4927 3378 4985 per
3414 4911 3764 4982 septennium

434 4985 604 5059 regiis
631 4988 972 5043 ornamentis
1010 5006 1072 5046 ac
1097 4990 1412 5062 sumptibus
1441 5000 1524 5047 est
1552 4992 1815 5049 decenter
1846 4996 2051 5051 nutrita
2150 5019 2332 5059 moras
2359 5002 2489 5058 belli
2541 5001 2940 5070 continuando,
2974 5001 3220 5057 Romano
3277 5015 3373 5056 eos
3394 4999 3631 5072 imperio
3678 4999 3764 5056 Vi!

429 5086 484 5131 et
515 5077 815 5153 diligenter
844 5080 1128 5150 instructa,
1178 5092 1237 5139 ut
1263 5084 1404 5140 sicut
1459 5084 1686 5160 elegans
1717 5094 1834 5143 erat
1864 5088 1918 5142 in
1951 5090 2050 5145 ha-
2148 5092 2384 5163 septimo
2424 5090 2816 5166 subjugaverat
2842 5105 3011 5147 anno.
3041 5088 3133 5145 Sic
3171 5087 3342 5163 igitur
3368 5088 3588 5145 devicta
3624 5089 3760 5145 Ger-

430 5167 550 5225 bitu
592 5179 646 5228 et
674 5174 981 5246 elegantior
1022 5177 1080 5232 in
1120 5178 1293 5245 vultu,
1326 5179 1399 5234 ita
1455 5179 1590 5234 nihil
1624 5180 1731 5235 sibi
1792 5181 1860 5237 de
1892 5184 2046 5258 regio
2148 5184 2331 5240 mania
2375 5190 2430 5240 et
2478 5183 2829 5251 Alemannia,
2855 5182 3082 5239 tandem
3133 5180 3307 5237 victor
3333 5181 3585 5237 omnium
3616 5196 3760 5238 mor-

430 5267 654 5329 ευῐηρῑυ
682 5262 1202 5323 ἀθθεεθιδυιουιιυ.
2142 5280 2268 5328 tuus
2293 5279 2347 5329 et
2396 5272 2646 5345 sepultus
2691 5272 2861 5328 estin
2894 5271 3205 5337 Britannia;
3263 5268 3551 5342 ﬁliumque
3602 5286 3757 5326 suum

1066 5375 1272 5432 C,\PUT
1318 5378 1383 5432 nl
2142 5359 2563 5417 Constantinum
2621 5361 2691 5417 ad
2750 5360 3072 5417 Romuleam
3114 5360 3361 5435 dirigens
3396 5359 3611 5427 sedem,
3648 5366 3756 5415 tam

430 5455 495 5512 Ut
524 5460 780 5515 Helenam
809 5462 1040 5526 legitimo
1083 5467 1194 5520 sibi
1246 5470 1595 5523 matrimonio
1635 5472 1856 5526 ,ςοοίανίι
1894 5472 2036 5529 Con-
2145 5451 2371 5508 Romani
2414 5450 2633 5526 imperii
2665 5467 2829 5522 quam
2861 5450 3155 5509 Galliarum
3196 5449 3423 5522 reliquit
3450 5449 3755 5505 haeredem.

492 5534 753 5616 stantius,
779 5538 825 5584 et
855 5533 921 5586 de
946 5549 1126 5591 eorum
1176 5538 1291 5605 ﬁlio
1335 5540 1681 5596 Constantino
1724 5540 1933 5599 Caesare
1955 5543 2042 5597 de-
2142 5541 2531 5599 Constantinus
2570 5550 2774 5609 autem,
2838 5551 3128 5614 postquam
3186 5542 3243 5597 in
3300 5541 3490 5597 Galliis
3532 5540 3755 5616 negotia

494 5604 723 5658 οἶανηίοο
1178 5604 1183 5605 ί
2144 5634 2301 5708 regni
2333 5634 2688 5706 disponebat,
2723 5604 2782 5691 ut
2811 5604 3011 5706 potuit,
3049 5645 3112 5691 ut
3140 5635 3324 5691 statim
3355 5604 3752 5692 reversus-Ro-

495 5711 785 5770 Tbeodora
850 5718 1056 5781 autem,
1136 5716 1453 5775 Constantio
1527 5734 1714 5789 uxore,
1781 5722 2042 5780 defuncta
2144 5740 2309 5794 mam,
2358 5725 2483 5798 quis
2520 5726 2606 5783 vel
2634 5725 2814 5799 qualis
2868 5726 3085 5783 futurus
3112 5734 3259 5783 esset
3301 5726 3563 5793 innotuit,
3623 5725 3753 5782 dum
