  <div class='ocr_page' id='page_1' title='image "/cluster/home/n/w/nwhite01/storage/ocr_20150623/160/uva.x000829802/490.png"; bbox 0 0 4006 6198; ppageno 0'>
   <div class='ocr_carea' id='block_1_1' title="bbox 280 310 390 375">
    <p class='ocr_par' dir='ltr' id='par_1_1' title="bbox 280 310 390 375">
     <span class='ocr_line' id='line_1_1' title="bbox 280 310 390 375; baseline 0 -9"><span class='ocrx_word' id='word_1_1' title='bbox 280 310 390 375; x_wconf 69' lang='lat'>969</span> 
     </span>
    </p>
   </div>
   <div class='ocr_carea' id='block_1_2' title="bbox 1236 304 2667 362">
    <p class='ocr_par' dir='ltr' id='par_1_2' title="bbox 1236 304 2667 362">
     <span class='ocr_line' id='line_1_2' title="bbox 1236 304 2667 362; baseline -0.001 0"><span class='ocrx_word' id='word_1_2' title='bbox 1236 308 1318 362; x_wconf 87' lang='lat' dir='ltr'><strong>DE</strong></span> <span class='ocrx_word' id='word_1_3' title='bbox 1360 307 1572 362; x_wconf 78' lang='lat' dir='ltr'><strong>LAUDE</strong></span> <span class='ocrx_word' id='word_1_4' title='bbox 1613 307 1690 361; x_wconf 87' lang='lat' dir='ltr'><strong>ET</strong></span> <span class='ocrx_word' id='word_1_5' title='bbox 1729 306 1856 360; x_wconf 90' lang='lat' dir='ltr'><strong>lNV.</strong></span> <span class='ocrx_word' id='word_1_6' title='bbox 1899 306 1954 361; x_wconf 90' lang='lat' dir='ltr'><strong>S.</strong></span> <span class='ocrx_word' id='word_1_7' title='bbox 1996 304 2255 359; x_wconf 81' lang='lat' dir='ltr'><strong>CRUCIS.</strong></span> <span class='ocrx_word' id='word_1_8' title='bbox 2297 335 2366 343; x_wconf 95' lang='lat'><em>—</em></span> <span class='ocrx_word' id='word_1_9' title='bbox 2410 305 2534 360; x_wconf 86' lang='lat' dir='ltr'><strong>LIB.</strong></span> <span class='ocrx_word' id='word_1_10' title='bbox 2577 306 2667 360; x_wconf 88' lang='lat' dir='ltr'><strong>lll.</strong></span> 
     </span>
    </p>
   </div>
   <div class='ocr_carea' id='block_1_3' title="bbox 3493 308 3599 363">
    <p class='ocr_par' dir='ltr' id='par_1_3' title="bbox 3493 308 3599 363">
     <span class='ocr_line' id='line_1_3' title="bbox 3493 308 3599 363; baseline -0.038 1"><span class='ocrx_word' id='word_1_11' title='bbox 3493 308 3599 363; x_wconf 89' lang='lat'><strong>970</strong></span> 
     </span>
    </p>
   </div>
   <div class='ocr_carea' id='block_1_4' title="bbox 280 431 3601 508">
    <p class='ocr_par' dir='ltr' id='par_1_4' title="bbox 280 431 3601 508">
     <span class='ocr_line' id='line_1_4' title="bbox 280 431 3601 508; baseline 0 -18"><span class='ocrx_word' id='word_1_12' title='bbox 280 452 383 507; x_wconf 85' lang='lat' dir='ltr'><strong>per</strong></span> <span class='ocrx_word' id='word_1_13' title='bbox 414 435 854 490; x_wconf 68' lang='lat' dir='ltr'><strong>intestimabilem</strong></span> <span class='ocrx_word' id='word_1_14' title='bbox 885 435 1383 508; x_wconf 73' lang='lat' dir='ltr'><strong>gratiamccelestis</strong></span> <span class='ocrx_word' id='word_1_15' title='bbox 1409 433 1736 499; x_wconf 87' lang='lat' dir='ltr'><strong>archisterii,</strong></span> <span class='ocrx_word' id='word_1_16' title='bbox 1770 438 1895 504; x_wconf 90' lang='lat' dir='ltr'><strong>post</strong></span> <span class='ocrx_word' id='word_1_17' title='bbox 1922 438 1975 503; x_wconf 78' lang='grc' dir='ltr'>Α</span> <span class='ocrx_word' id='word_1_18' title='bbox 1998 437 2052 485; x_wconf 92' lang='lat' dir='ltr'><strong>et</strong></span> <span class='ocrx_word' id='word_1_19' title='bbox 2077 431 2184 485; x_wconf 92' lang='lat' dir='ltr'><strong>alio</strong></span> <span class='ocrx_word' id='word_1_20' title='bbox 2217 431 2341 484; x_wconf 89' lang='lat' dir='ltr'><strong>iste.</strong></span> <span class='ocrx_word' id='word_1_21' title='bbox 2377 431 2619 485; x_wconf 89' lang='lat' dir='ltr'><strong>Herodes</strong></span> <span class='ocrx_word' id='word_1_22' title='bbox 2659 432 2860 485; x_wconf 87' lang='lat' dir='ltr'><strong>etenim</strong></span> <span class='ocrx_word' id='word_1_23' title='bbox 2902 449 2993 486; x_wconf 99' lang='lat' dir='ltr'><strong>rex</strong></span> <span class='ocrx_word' id='word_1_24' title='bbox 3051 434 3292 489; x_wconf 76' lang='lat' dir='ltr'><strong>scienter</strong></span> <span class='ocrx_word' id='word_1_25' title='bbox 3334 436 3601 504; x_wconf 80' lang='lat' dir='ltr'><strong>peccavit,</strong></span> 
     </span>
    </p>
   </div>
   <div class='ocr_carea' id='block_1_5' title="bbox 280 524 1895 597">
    <p class='ocr_par' dir='ltr' id='par_1_5' title="bbox 280 524 1895 597">
     <span class='ocr_line' id='line_1_5' title="bbox 280 524 1895 597; baseline -0.002 -15"><span class='ocrx_word' id='word_1_26' title='bbox 280 528 452 583; x_wconf 85' lang='lat' dir='ltr'><strong>breve</strong></span> <span class='ocrx_word' id='word_1_27' title='bbox 481 539 697 597; x_wconf 91' lang='lat' dir='ltr'><strong>tempus</strong></span> <span class='ocrx_word' id='word_1_28' title='bbox 722 528 1098 584; x_wconf 90' lang='lat' dir='ltr'><strong>monarchiam</strong></span> <span class='ocrx_word' id='word_1_29' title='bbox 1127 527 1373 595; x_wconf 83' lang='lat' dir='ltr'><strong>suscepit</strong></span> <span class='ocrx_word' id='word_1_30' title='bbox 1394 525 1624 581; x_wconf 81' lang='lat' dir='ltr'><strong>Romani</strong></span> <span class='ocrx_word' id='word_1_31' title='bbox 1659 524 1895 595; x_wconf 91' lang='lat' dir='ltr'><strong>imperii.</strong></span> 
     </span>
    </p>
   </div>
   <div class='ocr_carea' id='block_1_6' title="bbox 280 613 1898 687">
    <p class='ocr_par' dir='ltr' id='par_1_6' title="bbox 280 613 1898 687">
     <span class='ocr_line' id='line_1_6' title="bbox 280 613 1898 687; baseline -0.002 -18"><span class='ocrx_word' id='word_1_32' title='bbox 280 615 391 669; x_wconf 89' lang='lat' dir='ltr'><strong>Sed</strong></span> <span class='ocrx_word' id='word_1_33' title='bbox 427 632 589 687; x_wconf 88' lang='lat' dir='ltr'><strong>quam</strong></span> <span class='ocrx_word' id='word_1_34' title='bbox 623 615 909 686; x_wconf 81' lang='lat' dir='ltr'><strong>sapienter</strong></span> <span class='ocrx_word' id='word_1_35' title='bbox 938 632 1003 670; x_wconf 91' lang='lat' dir='ltr'><strong>ac</strong></span> <span class='ocrx_word' id='word_1_36' title='bbox 1031 623 1252 670; x_wconf 83' lang='lat' dir='ltr'><strong>strenue</strong></span> <span class='ocrx_word' id='word_1_37' title='bbox 1285 614 1433 669; x_wconf 90' lang='lat' dir='ltr'><strong>idem</strong></span> <span class='ocrx_word' id='word_1_38' title='bbox 1468 616 1770 669; x_wconf 76' lang='lat' dir='ltr'><strong>Romanum</strong></span> <span class='ocrx_word' id='word_1_39' title='bbox 1795 613 1898 665; x_wconf 85' lang='lat' dir='ltr'><strong>im-</strong></span> 
     </span>
    </p>
   </div>
   <div class='ocr_carea' id='block_1_7' title="bbox 279 704 1897 776">
    <p class='ocr_par' dir='ltr' id='par_1_7' title="bbox 279 704 1897 776">
     <span class='ocr_line' id='line_1_7' title="bbox 279 704 1897 776; baseline -0.004 -16"><span class='ocrx_word' id='word_1_40' title='bbox 279 706 496 775; x_wconf 87' lang='lat' dir='ltr'><strong>perium</strong></span> <span class='ocrx_word' id='word_1_41' title='bbox 529 706 669 760; x_wconf 89' lang='lat' dir='ltr'><strong>rexit</strong></span> <span class='ocrx_word' id='word_1_42' title='bbox 699 706 927 776; x_wconf 87' lang='lat' dir='ltr'><strong>ubique,</strong></span> <span class='ocrx_word' id='word_1_43' title='bbox 962 722 1138 776; x_wconf 91' lang='lat' dir='ltr'><strong>usque</strong></span> <span class='ocrx_word' id='word_1_44' title='bbox 1170 705 1332 760; x_wconf 89' lang='lat' dir='ltr'><strong>hodie</strong></span> <span class='ocrx_word' id='word_1_45' title='bbox 1366 712 1637 759; x_wconf 75' lang='lat' dir='ltr'><strong>testantur</strong></span> <span class='ocrx_word' id='word_1_46' title='bbox 1667 704 1897 758; x_wconf 89' lang='lat' dir='ltr'><strong>virtutes</strong></span> 
     </span>
    </p>
   </div>
   <div class='ocr_carea' id='block_1_8' title="bbox 278 794 1897 868">
    <p class='ocr_par' dir='ltr' id='par_1_8' title="bbox 278 794 1897 868">
     <span class='ocr_line' id='line_1_8' title="bbox 278 794 1897 868; baseline -0.003 -17"><span class='ocrx_word' id='word_1_47' title='bbox 278 797 402 865; x_wconf 90' lang='lat' dir='ltr'><strong>ejus</strong></span> <span class='ocrx_word' id='word_1_48' title='bbox 424 797 684 867; x_wconf 67' lang='lat' dir='ltr'><strong>antiquae,</strong></span> <span class='ocrx_word' id='word_1_49' title='bbox 718 804 950 867; x_wconf 83' lang='lat' dir='ltr'><strong>excepto</strong></span> <span class='ocrx_word' id='word_1_50' title='bbox 984 798 1131 868; x_wconf 92' lang='lat' dir='ltr'><strong>quod</strong></span> <span class='ocrx_word' id='word_1_51' title='bbox 1159 796 1450 866; x_wconf 84' lang='lat' dir='ltr'><strong>multiplici</strong></span> <span class='ocrx_word' id='word_1_52' title='bbox 1486 797 1695 850; x_wconf 86' lang='lat' dir='ltr'><strong>cultura</strong></span> <span class='ocrx_word' id='word_1_53' title='bbox 1726 794 1897 848; x_wconf 92' lang='lat' dir='ltr'><strong>idolo-</strong></span> 
     </span>
    </p>
   </div>
   <div class='ocr_carea' id='block_1_9' title="bbox 276 888 1893 959">
    <p class='ocr_par' dir='ltr' id='par_1_9' title="bbox 276 888 1893 959">
     <span class='ocr_line' id='line_1_9' title="bbox 276 888 1893 959; baseline -0.001 -16"><span class='ocrx_word' id='word_1_54' title='bbox 276 904 400 943; x_wconf 86' lang='lat' dir='ltr'><strong>rum</strong></span> <span class='ocrx_word' id='word_1_55' title='bbox 432 890 488 943; x_wconf 91' lang='lat' dir='ltr'><strong>in</strong></span> <span class='ocrx_word' id='word_1_56' title='bbox 517 890 671 944; x_wconf 77' lang='lat' dir='ltr'><strong>brevi</strong></span> <span class='ocrx_word' id='word_1_57' title='bbox 719 888 895 944; x_wconf 91' lang='lat' dir='ltr'><strong>factus</strong></span> <span class='ocrx_word' id='word_1_58' title='bbox 955 896 1038 943; x_wconf 90' lang='lat' dir='ltr'><strong>est</strong></span> <span class='ocrx_word' id='word_1_59' title='bbox 1068 896 1389 959; x_wconf 86' lang='lat' dir='ltr'><strong>persecutor</strong></span> <span class='ocrx_word' id='word_1_60' title='bbox 1441 888 1893 943; x_wconf 82' lang='lat' dir='ltr'><strong>Christianorum.</strong></span> 
     </span>
    </p>
   </div>
   <div class='ocr_carea' id='block_1_10' title="bbox 277 980 1899 1050">
    <p class='ocr_par' dir='ltr' id='par_1_10' title="bbox 277 980 1899 1050">
     <span class='ocr_line' id='line_1_10' title="bbox 277 980 1899 1050; baseline -0.002 -15"><span class='ocrx_word' id='word_1_61' title='bbox 277 981 518 1035; x_wconf 88' lang='lat' dir='ltr'><strong>Proinde</strong></span> <span class='ocrx_word' id='word_1_62' title='bbox 548 982 616 1035; x_wconf 92' lang='lat' dir='ltr'><strong>ad</strong></span> <span class='ocrx_word' id='word_1_63' title='bbox 644 981 1015 1035; x_wconf 85' lang='lat' dir='ltr'><strong>ulciscendam</strong></span> <span class='ocrx_word' id='word_1_64' title='bbox 1051 981 1108 1034; x_wconf 91' lang='lat' dir='ltr'><strong>in</strong></span> <span class='ocrx_word' id='word_1_65' title='bbox 1146 996 1212 1035; x_wconf 91' lang='lat' dir='ltr'><strong>eo</strong></span> <span class='ocrx_word' id='word_1_66' title='bbox 1244 981 1461 1050; x_wconf 86' lang='lat' dir='ltr'><strong>culpam</strong></span> <span class='ocrx_word' id='word_1_67' title='bbox 1494 980 1899 1050; x_wconf 88' lang='lat' dir='ltr'><strong>persecutionis</strong></span> 
     </span>
    </p>
   </div>
   <div class='ocr_carea' id='block_1_11' title="bbox 279 1070 1896 1144">
    <p class='ocr_par' dir='ltr' id='par_1_11' title="bbox 279 1070 1896 1144">
     <span class='ocr_line' id='line_1_11' title="bbox 279 1070 1896 1144; baseline 0.001 -20"><span class='ocrx_word' id='word_1_68' title='bbox 279 1071 487 1134; x_wconf 71' lang='lat' dir='ltr'><strong>nimiae,</strong></span> <span class='ocrx_word' id='word_1_69' title='bbox 521 1071 744 1126; x_wconf 88' lang='lat' dir='ltr'><strong>tradidit</strong></span> <span class='ocrx_word' id='word_1_70' title='bbox 773 1088 897 1126; x_wconf 89' lang='lat' dir='ltr'><strong>eum</strong></span> <span class='ocrx_word' id='word_1_71' title='bbox 938 1074 1084 1126; x_wconf 87' lang='lat' dir='ltr'><strong>Deus</strong></span> <span class='ocrx_word' id='word_1_72' title='bbox 1122 1071 1178 1125; x_wconf 89' lang='lat' dir='ltr'><strong>iu</strong></span> <span class='ocrx_word' id='word_1_73' title='bbox 1213 1072 1499 1141; x_wconf 87' lang='lat' dir='ltr'><strong>passiones</strong></span> <span class='ocrx_word' id='word_1_74' title='bbox 1555 1070 1896 1144; x_wconf 65' lang='lat' dir='ltr'><strong>ignominiaa,</strong></span> 
     </span>
    </p>
   </div>
   <div class='ocr_carea' id='block_1_12' title="bbox 281 1160 1901 1231">
    <p class='ocr_par' dir='ltr' id='par_1_12' title="bbox 281 1160 1901 1231">
     <span class='ocr_line' id='line_1_12' title="bbox 281 1160 1901 1231; baseline -0.001 -17"><span class='ocrx_word' id='word_1_75' title='bbox 281 1160 506 1230; x_wconf 87' lang='lat' dir='ltr'><strong>quando</strong></span> <span class='ocrx_word' id='word_1_76' title='bbox 536 1161 665 1215; x_wconf 90' lang='lat' dir='ltr'><strong>licet</strong></span> <span class='ocrx_word' id='word_1_77' title='bbox 690 1176 898 1231; x_wconf 68' lang='lat' dir='ltr'><strong>magnae</strong></span> <span class='ocrx_word' id='word_1_78' title='bbox 933 1161 1193 1231; x_wconf 64' lang='lat' dir='ltr'><strong>potentia:</strong></span> <span class='ocrx_word' id='word_1_79' title='bbox 1232 1167 1286 1215; x_wconf 88' lang='lat' dir='ltr'><strong>et</strong></span> <span class='ocrx_word' id='word_1_80' title='bbox 1311 1160 1535 1228; x_wconf 86' lang='lat' dir='ltr'><strong>majoris</strong></span> <span class='ocrx_word' id='word_1_81' title='bbox 1568 1171 1714 1215; x_wconf 87' lang='lat' dir='ltr'><strong>esset</strong></span> <span class='ocrx_word' id='word_1_82' title='bbox 1764 1174 1901 1214; x_wconf 89' lang='lat' dir='ltr'><strong>con-</strong></span> 
     </span>
    </p>
   </div>
   <div class='ocr_carea' id='block_1_13' title="bbox 282 1250 1898 1321">
    <p class='ocr_par' dir='ltr' id='par_1_13' title="bbox 282 1250 1898 1321">
     <span class='ocr_line' id='line_1_13' title="bbox 282 1250 1898 1321; baseline 0 -18"><span class='ocrx_word' id='word_1_83' title='bbox 282 1250 524 1313; x_wconf 65' lang='lat' dir='ltr'><strong>stantiae,</strong></span> <span class='ocrx_word' id='word_1_84' title='bbox 565 1250 717 1321; x_wconf 88' lang='lat' dir='ltr'><strong>lepra</strong></span> <span class='ocrx_word' id='word_1_85' title='bbox 755 1257 938 1307; x_wconf 90' lang='lat' dir='ltr'><strong>tamen</strong></span> <span class='ocrx_word' id='word_1_86' title='bbox 977 1267 1103 1307; x_wconf 90' lang='lat' dir='ltr'><strong>eum</strong></span> <span class='ocrx_word' id='word_1_87' title='bbox 1137 1251 1405 1320; x_wconf 89' lang='lat' dir='ltr'><strong>percussit</strong></span> <span class='ocrx_word' id='word_1_88' title='bbox 1447 1250 1796 1321; x_wconf 70' lang='lat' dir='ltr'><strong>elephantiaa.</strong></span> <span class='ocrx_word' id='word_1_89' title='bbox 1840 1250 1898 1303; x_wconf 93' lang='lat' dir='ltr'><strong>ln</strong></span> 
     </span>
    </p>
   </div>
   <div class='ocr_carea' id='block_1_14' title="bbox 284 1344 1900 1418">
    <p class='ocr_par' dir='ltr' id='par_1_14' title="bbox 284 1344 1900 1418">
     <span class='ocr_line' id='line_1_14' title="bbox 284 1344 1900 1418; baseline 0 -21"><span class='ocrx_word' id='word_1_90' title='bbox 284 1358 397 1413; x_wconf 92' lang='lat' dir='ltr'><strong>quo</strong></span> <span class='ocrx_word' id='word_1_91' title='bbox 416 1344 679 1398; x_wconf 86' lang='lat' dir='ltr'><strong>videlicet</strong></span> <span class='ocrx_word' id='word_1_92' title='bbox 709 1345 851 1400; x_wconf 87' lang='lat' dir='ltr'><strong>facto</strong></span> <span class='ocrx_word' id='word_1_93' title='bbox 880 1345 1009 1416; x_wconf 89' lang='lat' dir='ltr'><strong>quia</strong></span> <span class='ocrx_word' id='word_1_94' title='bbox 1044 1345 1216 1400; x_wconf 91' lang='lat' dir='ltr'><strong>multa</strong></span> <span class='ocrx_word' id='word_1_95' title='bbox 1240 1354 1368 1400; x_wconf 92' lang='lat' dir='ltr'><strong>sunt</strong></span> <span class='ocrx_word' id='word_1_96' title='bbox 1396 1344 1613 1418; x_wconf 85' lang='lat' dir='ltr'><strong>ﬂagella</strong></span> <span class='ocrx_word' id='word_1_97' title='bbox 1640 1350 1900 1414; x_wconf 89' lang='lat' dir='ltr'><strong>peccato—</strong></span> 
     </span>
    </p>
   </div>
   <div class='ocr_carea' id='block_1_15' title="bbox 285 1434 1900 1501">
    <p class='ocr_par' dir='ltr' id='par_1_15' title="bbox 285 1434 1900 1501">
     <span class='ocr_line' id='line_1_15' title="bbox 285 1434 1900 1501; baseline 0 -13"><span class='ocrx_word' id='word_1_98' title='bbox 285 1435 382 1501; x_wconf 92' lang='lat' dir='ltr'><strong>ris,</strong></span> <span class='ocrx_word' id='word_1_99' title='bbox 440 1434 582 1489; x_wconf 88' lang='lat' dir='ltr'><strong>bene</strong></span> <span class='ocrx_word' id='word_1_100' title='bbox 614 1435 672 1489; x_wconf 92' lang='lat' dir='ltr'><strong>in</strong></span> <span class='ocrx_word' id='word_1_101' title='bbox 712 1452 777 1491; x_wconf 90' lang='lat' dir='ltr'><strong>eo</strong></span> <span class='ocrx_word' id='word_1_102' title='bbox 826 1437 1000 1491; x_wconf 91' lang='lat' dir='ltr'><strong>virtus</strong></span> <span class='ocrx_word' id='word_1_103' title='bbox 1045 1436 1345 1491; x_wconf 87' lang='lat' dir='ltr'><strong>declaravit</strong></span> <span class='ocrx_word' id='word_1_104' title='bbox 1394 1436 1665 1499; x_wconf 84' lang='lat' dir='ltr'><strong>Auctoris,</strong></span> <span class='ocrx_word' id='word_1_105' title='bbox 1713 1436 1784 1489; x_wconf 91' lang='lat' dir='ltr'><strong>ita</strong></span> <span class='ocrx_word' id='word_1_106' title='bbox 1842 1444 1900 1489; x_wconf 93' lang='lat' dir='ltr'><strong>ut</strong></span> 
     </span>
    </p>
   </div>
   <div class='ocr_carea' id='block_1_16' title="bbox 285 1523 1898 1597">
    <p class='ocr_par' dir='ltr' id='par_1_16' title="bbox 285 1523 1898 1597">
     <span class='ocr_line' id='line_1_16' title="bbox 285 1523 1898 1597; baseline 0.001 -21"><span class='ocrx_word' id='word_1_107' title='bbox 285 1523 669 1594; x_wconf 87' lang='lat' dir='ltr'><strong>propheticum</strong></span> <span class='ocrx_word' id='word_1_108' title='bbox 712 1524 845 1578; x_wconf 92' lang='lat' dir='ltr'><strong>illud</strong></span> <span class='ocrx_word' id='word_1_109' title='bbox 901 1525 1067 1597; x_wconf 90' lang='lat' dir='ltr'><strong>digne</strong></span> <span class='ocrx_word' id='word_1_110' title='bbox 1098 1525 1166 1578; x_wconf 92' lang='lat' dir='ltr'><strong>ab</strong></span> <span class='ocrx_word' id='word_1_111' title='bbox 1209 1540 1275 1579; x_wconf 90' lang='lat' dir='ltr'><strong>eo</strong></span> <span class='ocrx_word' id='word_1_112' title='bbox 1330 1534 1512 1596; x_wconf 88' lang='lat' dir='ltr'><strong>posset</strong></span> <span class='ocrx_word' id='word_1_113' title='bbox 1559 1539 1898 1579; x_wconf 87' lang='lat' dir='ltr'><strong>commemo-</strong></span> 
     </span>
    </p>
   </div>
   <div class='ocr_carea' id='block_1_17' title="bbox 290 1612 1903 1682">
    <p class='ocr_par' dir='ltr' id='par_1_17' title="bbox 290 1612 1903 1682">
     <span class='ocr_line' id='line_1_17' title="bbox 290 1612 1903 1682; baseline 0.001 -18"><span class='ocrx_word' id='word_1_114' title='bbox 290 1612 396 1666; x_wconf 89' lang='lat' dir='ltr'><strong>rari</strong></span> <span class='ocrx_word' id='word_1_115' title='bbox 422 1629 435 1677; x_wconf 90' lang='lat'><strong>;</strong></span> <span class='ocrx_word' id='word_1_116' title='bbox 469 1614 826 1681; x_wconf 79' lang='lat' dir='ltr'><strong>Multiplicata</strong></span> <span class='ocrx_word' id='word_1_117' title='bbox 844 1620 975 1668; x_wconf 80' lang='lat' dir='ltr'><strong>sunt</strong></span> <span class='ocrx_word' id='word_1_118' title='bbox 1010 1630 1172 1682; x_wconf 81' lang='lat' dir='ltr'><strong>super</strong></span> <span class='ocrx_word' id='word_1_119' title='bbox 1194 1630 1280 1668; x_wconf 90' lang='lat' dir='ltr'><strong>me</strong></span> <span class='ocrx_word' id='word_1_120' title='bbox 1305 1617 1539 1680; x_wconf 80' lang='lat' dir='ltr'><strong>ﬂagella,</strong></span> <span class='ocrx_word' id='word_1_121' title='bbox 1571 1620 1622 1668; x_wconf 87' lang='lat' dir='ltr'><strong>et</strong></span> <span class='ocrx_word' id='word_1_122' title='bbox 1658 1616 1903 1682; x_wconf 79' lang='lat' dir='ltr'><strong>ignoravi</strong></span> 
     </span>
    </p>
   </div>
   <div class='ocr_carea' id='block_1_18' title="bbox 296 1707 1976 1814">
    <p class='ocr_par' dir='ltr' id='par_1_18' title="bbox 296 1707 1976 1814">
     <span class='ocr_line' id='line_1_18' title="bbox 296 1707 1976 1814; baseline -0.001 -53"><span class='ocrx_word' id='word_1_123' title='bbox 296 1708 404 1774; x_wconf 83' lang='lat' dir='ltr'><strong>(Ps.</strong></span> <span class='ocrx_word' id='word_1_124' title='bbox 438 1708 635 1774; x_wconf 82' lang='lat' dir='ltr'><strong>xxxiv).</strong></span> <span class='ocrx_word' id='word_1_125' title='bbox 670 1708 819 1763; x_wconf 84' lang='lat' dir='ltr'><strong>Licet</strong></span> <span class='ocrx_word' id='word_1_126' title='bbox 858 1709 1005 1763; x_wconf 91' lang='lat' dir='ltr'><strong>enim</strong></span> <span class='ocrx_word' id='word_1_127' title='bbox 1041 1725 1139 1779; x_wconf 94' lang='lat' dir='ltr'><strong>pro</strong></span> <span class='ocrx_word' id='word_1_128' title='bbox 1172 1710 1405 1763; x_wconf 86' lang='lat' dir='ltr'><strong>diversis</strong></span> <span class='ocrx_word' id='word_1_129' title='bbox 1445 1708 1735 1763; x_wconf 66' lang='lat' dir='ltr'><strong>medicinae</strong></span> <span class='ocrx_word' id='word_1_130' title='bbox 1765 1707 1900 1761; x_wconf 91' lang='lat' dir='ltr'><strong>arti-</strong></span> <span class='ocrx_word' id='word_1_131' title='bbox 1926 1748 1976 1814; x_wconf 76' lang='grc' dir='ltr'><strong>Β</strong></span> 
     </span>
    </p>
   </div>
   <div class='ocr_carea' id='block_1_19' title="bbox 288 1801 1897 1876">
    <p class='ocr_par' dir='ltr' id='par_1_19' title="bbox 288 1801 1897 1876">
     <span class='ocr_line' id='line_1_19' title="bbox 288 1801 1897 1876; baseline -0.001 -19"><span class='ocrx_word' id='word_1_132' title='bbox 288 1803 393 1857; x_wconf 90' lang='lat' dir='ltr'><strong>bus</strong></span> <span class='ocrx_word' id='word_1_133' title='bbox 412 1801 614 1856; x_wconf 82' lang='lat' dir='ltr'><strong>diversi</strong></span> <span class='ocrx_word' id='word_1_134' title='bbox 646 1803 847 1857; x_wconf 90' lang='lat' dir='ltr'><strong>medici</strong></span> <span class='ocrx_word' id='word_1_135' title='bbox 878 1804 1515 1876; x_wconf 81' lang='lat' dir='ltr'><strong>diversiscolligerentur</strong></span> <span class='ocrx_word' id='word_1_136' title='bbox 1535 1820 1599 1858; x_wconf 90' lang='lat' dir='ltr'><strong>ex</strong></span> <span class='ocrx_word' id='word_1_137' title='bbox 1625 1802 1897 1872; x_wconf 88' lang='lat' dir='ltr'><strong>partibus,</strong></span> 
     </span>
    </p>
   </div>
   <div class='ocr_carea' id='block_1_20' title="bbox 288 1895 1901 1970">
    <p class='ocr_par' dir='ltr' id='par_1_20' title="bbox 288 1895 1901 1970">
     <span class='ocr_line' id='line_1_20' title="bbox 288 1895 1901 1970; baseline -0.001 -21"><span class='ocrx_word' id='word_1_138' title='bbox 288 1909 387 1965; x_wconf 91' lang='lat' dir='ltr'><strong>pro</strong></span> <span class='ocrx_word' id='word_1_139' title='bbox 421 1895 668 1949; x_wconf 89' lang='lat' dir='ltr'><strong>sananda</strong></span> <span class='ocrx_word' id='word_1_140' title='bbox 700 1901 881 1949; x_wconf 90' lang='lat' dir='ltr'><strong>tamen</strong></span> <span class='ocrx_word' id='word_1_141' title='bbox 926 1896 1118 1950; x_wconf 90' lang='lat' dir='ltr'><strong>eadem</strong></span> <span class='ocrx_word' id='word_1_142' title='bbox 1153 1896 1312 1970; x_wconf 82' lang='lat' dir='ltr'><strong>plaga</strong></span> <span class='ocrx_word' id='word_1_143' title='bbox 1354 1896 1539 1950; x_wconf 89' lang='lat' dir='ltr'><strong>divina</strong></span> <span class='ocrx_word' id='word_1_144' title='bbox 1567 1896 1750 1949; x_wconf 84' lang='lat' dir='ltr'><strong>nullus</strong></span> <span class='ocrx_word' id='word_1_145' title='bbox 1788 1910 1901 1947; x_wconf 87' lang='lat' dir='ltr'><strong>me-</strong></span> 
     </span>
    </p>
   </div>
   <div class='ocr_carea' id='block_1_21' title="bbox 284 1983 1901 2054">
    <p class='ocr_par' dir='ltr' id='par_1_21' title="bbox 284 1983 1901 2054">
     <span class='ocr_line' id='line_1_21' title="bbox 284 1983 1901 2054; baseline -0.002 -16"><span class='ocrx_word' id='word_1_146' title='bbox 284 1984 443 2038; x_wconf 86' lang='lat' dir='ltr'><strong>dicus</strong></span> <span class='ocrx_word' id='word_1_147' title='bbox 480 1991 535 2039; x_wconf 87' lang='lat' dir='ltr'><strong>et</strong></span> <span class='ocrx_word' id='word_1_148' title='bbox 572 1984 722 2039; x_wconf 90' lang='lat' dir='ltr'><strong>nulla</strong></span> <span class='ocrx_word' id='word_1_149' title='bbox 749 1983 960 2054; x_wconf 89' lang='lat' dir='ltr'><strong>profuit</strong></span> <span class='ocrx_word' id='word_1_150' title='bbox 1008 1984 1300 2039; x_wconf 88' lang='lat' dir='ltr'><strong>medicina.</strong></span> <span class='ocrx_word' id='word_1_151' title='bbox 1340 1984 1493 2038; x_wconf 88' lang='lat' dir='ltr'><strong>Unde</strong></span> <span class='ocrx_word' id='word_1_152' title='bbox 1523 1990 1577 2037; x_wconf 90' lang='lat' dir='ltr'><strong>et</strong></span> <span class='ocrx_word' id='word_1_153' title='bbox 1608 2000 1705 2053; x_wconf 90' lang='lat' dir='ltr'><strong>pro</strong></span> <span class='ocrx_word' id='word_1_154' title='bbox 1748 1998 1901 2051; x_wconf 86' lang='lat' dir='ltr'><strong>capa-</strong></span> 
     </span>
    </p>
   </div>
   <div class='ocr_carea' id='block_1_22' title="bbox 287 2076 1899 2151">
    <p class='ocr_par' dir='ltr' id='par_1_22' title="bbox 287 2076 1899 2151">
     <span class='ocr_line' id='line_1_22' title="bbox 287 2076 1899 2151; baseline -0.002 -17"><span class='ocrx_word' id='word_1_155' title='bbox 287 2080 452 2135; x_wconf 90' lang='lat' dir='ltr'><strong>cioris</strong></span> <span class='ocrx_word' id='word_1_156' title='bbox 503 2079 796 2136; x_wconf 69' lang='lat' dir='ltr'><strong>medicinae</strong></span> <span class='ocrx_word' id='word_1_157' title='bbox 852 2096 1058 2151; x_wconf 79' lang='lat' dir='ltr'><strong>genere</strong></span> <span class='ocrx_word' id='word_1_158' title='bbox 1115 2082 1374 2150; x_wconf 90' lang='lat' dir='ltr'><strong>petendo,</strong></span> <span class='ocrx_word' id='word_1_159' title='bbox 1432 2079 1555 2148; x_wconf 91' lang='lat' dir='ltr'><strong>plus</strong></span> <span class='ocrx_word' id='word_1_160' title='bbox 1595 2093 1757 2148; x_wconf 86' lang='lat' dir='ltr'><strong>quam</strong></span> <span class='ocrx_word' id='word_1_161' title='bbox 1799 2076 1899 2130; x_wconf 88' lang='lat' dir='ltr'><strong>tria</strong></span> 
     </span>
    </p>
   </div>
   <div class='ocr_carea' id='block_1_23' title="bbox 285 2166 1903 2239">
    <p class='ocr_par' dir='ltr' id='par_1_23' title="bbox 285 2166 1903 2239">
     <span class='ocr_line' id='line_1_23' title="bbox 285 2166 1903 2239; baseline -0.003 -16"><span class='ocrx_word' id='word_1_162' title='bbox 285 2168 459 2223; x_wconf 89' lang='lat' dir='ltr'><strong>millia</strong></span> <span class='ocrx_word' id='word_1_163' title='bbox 491 2168 783 2223; x_wconf 86' lang='lat' dir='ltr'><strong>infantium</strong></span> <span class='ocrx_word' id='word_1_164' title='bbox 826 2175 879 2223; x_wconf 89' lang='lat' dir='ltr'><strong>et</strong></span> <span class='ocrx_word' id='word_1_165' title='bbox 929 2169 1242 2224; x_wconf 90' lang='lat' dir='ltr'><strong>lactentium</strong></span> <span class='ocrx_word' id='word_1_166' title='bbox 1290 2168 1536 2239; x_wconf 90' lang='lat' dir='ltr'><strong>undique</strong></span> <span class='ocrx_word' id='word_1_167' title='bbox 1567 2166 1903 2238; x_wconf 83' lang='lat' dir='ltr'><strong>colliguntur</strong></span> 
     </span>
    </p>
   </div>
   <div class='ocr_carea' id='block_1_24' title="bbox 288 2260 1902 2335">
    <p class='ocr_par' dir='ltr' id='par_1_24' title="bbox 288 2260 1902 2335">
     <span class='ocr_line' id='line_1_24' title="bbox 288 2260 1902 2335; baseline -0.002 -20"><span class='ocrx_word' id='word_1_168' title='bbox 288 2276 355 2315; x_wconf 88' lang='lat' dir='ltr'><strong>ex</strong></span> <span class='ocrx_word' id='word_1_169' title='bbox 387 2276 579 2335; x_wconf 89' lang='lat' dir='ltr'><strong>regno,</strong></span> <span class='ocrx_word' id='word_1_170' title='bbox 603 2277 667 2315; x_wconf 89' lang='lat' dir='ltr'><strong>ac</strong></span> <span class='ocrx_word' id='word_1_171' title='bbox 699 2261 743 2314; x_wconf 96' lang='lat' dir='ltr'><strong>si</strong></span> <span class='ocrx_word' id='word_1_172' title='bbox 766 2261 1003 2316; x_wconf 90' lang='lat' dir='ltr'><strong>habilior</strong></span> <span class='ocrx_word' id='word_1_173' title='bbox 1032 2261 1099 2315; x_wconf 89' lang='lat' dir='ltr'><strong>ad</strong></span> <span class='ocrx_word' id='word_1_174' title='bbox 1131 2262 1431 2316; x_wconf 88' lang='lat' dir='ltr'><strong>sanandam</strong></span> <span class='ocrx_word' id='word_1_175' title='bbox 1464 2260 1555 2313; x_wconf 90' lang='lat' dir='ltr'><strong>illa</strong></span> <span class='ocrx_word' id='word_1_176' title='bbox 1578 2264 1902 2329; x_wconf 88' lang='lat' dir='ltr'><strong>possetesse</strong></span> 
     </span>
    </p>
   </div>
   <div class='ocr_carea' id='block_1_25' title="bbox 289 2345 1905 2415">
    <p class='ocr_par' dir='ltr' id='par_1_25' title="bbox 289 2345 1905 2415">
     <span class='ocr_line' id='line_1_25' title="bbox 289 2345 1905 2415; baseline -0.003 -13"><span class='ocrx_word' id='word_1_177' title='bbox 289 2349 585 2415; x_wconf 85' lang='lat' dir='ltr'><strong>medicina,</strong></span> <span class='ocrx_word' id='word_1_178' title='bbox 626 2348 671 2403; x_wconf 88' lang='lat' dir='ltr'><strong>si</strong></span> <span class='ocrx_word' id='word_1_179' title='bbox 707 2349 865 2403; x_wconf 87' lang='lat' dir='ltr'><strong>lactei</strong></span> <span class='ocrx_word' id='word_1_180' title='bbox 906 2349 1117 2404; x_wconf 84' lang='lat' dir='ltr'><strong>cruoris</strong></span> <span class='ocrx_word' id='word_1_181' title='bbox 1147 2349 1360 2403; x_wconf 92' lang='lat' dir='ltr'><strong>illorum</strong></span> <span class='ocrx_word' id='word_1_182' title='bbox 1397 2349 1669 2401; x_wconf 83' lang='lat' dir='ltr'><strong>lavaretur</strong></span> <span class='ocrx_word' id='word_1_183' title='bbox 1700 2346 1753 2399; x_wconf 93' lang='lat' dir='ltr'><strong>in</strong></span> <span class='ocrx_word' id='word_1_184' title='bbox 1787 2345 1905 2414; x_wconf 92' lang='lat' dir='ltr'><strong>pis-</strong></span> 
     </span>
    </p>
   </div>
   <div class='ocr_carea' id='block_1_26' title="bbox 285 2435 1902 2508">
    <p class='ocr_par' dir='ltr' id='par_1_26' title="bbox 285 2435 1902 2508">
     <span class='ocr_line' id='line_1_26' title="bbox 285 2435 1902 2508; baseline -0.004 -15"><span class='ocrx_word' id='word_1_185' title='bbox 285 2440 430 2493; x_wconf 89' lang='lat' dir='ltr'><strong>cina.</strong></span> <span class='ocrx_word' id='word_1_186' title='bbox 466 2440 563 2493; x_wconf 93' lang='lat' dir='ltr'><strong>Die</strong></span> <span class='ocrx_word' id='word_1_187' title='bbox 592 2447 776 2493; x_wconf 91' lang='lat' dir='ltr'><strong>autem</strong></span> <span class='ocrx_word' id='word_1_188' title='bbox 817 2445 1040 2504; x_wconf 88' lang='lat' dir='ltr'><strong>statuto,</strong></span> <span class='ocrx_word' id='word_1_189' title='bbox 1083 2454 1203 2491; x_wconf 90' lang='lat' dir='ltr'><strong>cum</strong></span> <span class='ocrx_word' id='word_1_190' title='bbox 1257 2452 1357 2508; x_wconf 92' lang='lat' dir='ltr'><strong>pro</strong></span> <span class='ocrx_word' id='word_1_191' title='bbox 1397 2437 1588 2491; x_wconf 90' lang='lat' dir='ltr'><strong>eadem</strong></span> <span class='ocrx_word' id='word_1_192' title='bbox 1632 2450 1794 2489; x_wconf 89' lang='lat' dir='ltr'><strong>causa</strong></span> <span class='ocrx_word' id='word_1_193' title='bbox 1833 2435 1902 2487; x_wconf 88' lang='lat' dir='ltr'><strong>de</strong></span> 
     </span>
    </p>
   </div>
   <div class='ocr_carea' id='block_1_27' title="bbox 290 2525 1900 2600">
    <p class='ocr_par' dir='ltr' id='par_1_27' title="bbox 290 2525 1900 2600">
     <span class='ocr_line' id='line_1_27' title="bbox 290 2525 1900 2600; baseline -0.004 -17"><span class='ocrx_word' id='word_1_194' title='bbox 290 2529 495 2600; x_wconf 87' lang='lat' dir='ltr'><strong>palatio</strong></span> <span class='ocrx_word' id='word_1_195' title='bbox 540 2530 607 2583; x_wconf 89' lang='lat' dir='ltr'><strong>ad</strong></span> <span class='ocrx_word' id='word_1_196' title='bbox 666 2529 992 2599; x_wconf 73' lang='lat' dir='ltr'><strong>Capitolium</strong></span> <span class='ocrx_word' id='word_1_197' title='bbox 1026 2528 1407 2598; x_wconf 88' lang='lat' dir='ltr'><strong>processisset,</strong></span> <span class='ocrx_word' id='word_1_198' title='bbox 1450 2536 1503 2581; x_wconf 89' lang='lat' dir='ltr'><strong>et</strong></span> <span class='ocrx_word' id='word_1_199' title='bbox 1530 2526 1658 2580; x_wconf 89' lang='lat' dir='ltr'><strong>hinc</strong></span> <span class='ocrx_word' id='word_1_200' title='bbox 1688 2533 1742 2579; x_wconf 89' lang='lat' dir='ltr'><strong>et</strong></span> <span class='ocrx_word' id='word_1_201' title='bbox 1773 2525 1900 2578; x_wconf 92' lang='lat' dir='ltr'><strong>inde</strong></span> 
     </span>
    </p>
   </div>
   <div class='ocr_carea' id='block_1_28' title="bbox 287 2618 1903 2691">
    <p class='ocr_par' dir='ltr' id='par_1_28' title="bbox 287 2618 1903 2691">
     <span class='ocr_line' id='line_1_28' title="bbox 287 2618 1903 2691; baseline -0.003 -16"><span class='ocrx_word' id='word_1_202' title='bbox 287 2621 546 2676; x_wconf 84' lang='lat' dir='ltr'><strong>resolutis</strong></span> <span class='ocrx_word' id='word_1_203' title='bbox 601 2621 847 2675; x_wconf 87' lang='lat' dir='ltr'><strong>crinibus</strong></span> <span class='ocrx_word' id='word_1_204' title='bbox 904 2627 1105 2674; x_wconf 90' lang='lat' dir='ltr'><strong>matres</strong></span> <span class='ocrx_word' id='word_1_205' title='bbox 1164 2619 1450 2673; x_wconf 91' lang='lat' dir='ltr'><strong>infantium</strong></span> <span class='ocrx_word' id='word_1_206' title='bbox 1518 2618 1783 2691; x_wconf 80' lang='lat' dir='ltr'><strong>plangere</strong></span> <span class='ocrx_word' id='word_1_207' title='bbox 1849 2626 1903 2670; x_wconf 90' lang='lat' dir='ltr'><strong>et</strong></span> 
     </span>
    </p>
   </div>
   <div class='ocr_carea' id='block_1_29' title="bbox 290 2712 1898 2785">
    <p class='ocr_par' dir='ltr' id='par_1_29' title="bbox 290 2712 1898 2785">
     <span class='ocr_line' id='line_1_29' title="bbox 290 2712 1898 2785; baseline -0.003 -15"><span class='ocrx_word' id='word_1_208' title='bbox 290 2716 500 2783; x_wconf 88' lang='lat' dir='ltr'><strong>ejulare</strong></span> <span class='ocrx_word' id='word_1_209' title='bbox 526 2716 775 2782; x_wconf 88' lang='lat' dir='ltr'><strong>vidisset,</strong></span> <span class='ocrx_word' id='word_1_210' title='bbox 814 2716 1078 2771; x_wconf 91' lang='lat' dir='ltr'><strong>continuo</strong></span> <span class='ocrx_word' id='word_1_211' title='bbox 1119 2714 1423 2785; x_wconf 90' lang='lat' dir='ltr'><strong>reprobans</strong></span> <span class='ocrx_word' id='word_1_212' title='bbox 1463 2713 1692 2768; x_wconf 80' lang='lat' dir='ltr'><strong>consilia</strong></span> <span class='ocrx_word' id='word_1_213' title='bbox 1721 2712 1898 2782; x_wconf 89' lang='lat' dir='ltr'><strong>ponti-</strong></span> 
     </span>
    </p>
   </div>
   <div class='ocr_carea' id='block_1_30' title="bbox 288 2802 1899 2878">
    <p class='ocr_par' dir='ltr' id='par_1_30' title="bbox 288 2802 1899 2878">
     <span class='ocr_line' id='line_1_30' title="bbox 288 2802 1899 2878; baseline -0.003 -17"><span class='ocrx_word' id='word_1_214' title='bbox 288 2807 476 2875; x_wconf 84' lang='lat' dir='ltr'><strong>ﬁcum,</strong></span> <span class='ocrx_word' id='word_1_215' title='bbox 508 2807 720 2863; x_wconf 86' lang='lat' dir='ltr'><strong>facinus</strong></span> <span class='ocrx_word' id='word_1_216' title='bbox 766 2808 934 2878; x_wconf 60' lang='lat' dir='ltr'><strong>coepit</strong></span> <span class='ocrx_word' id='word_1_217' title='bbox 972 2807 1269 2862; x_wconf 89' lang='lat' dir='ltr'><strong>abhorrere</strong></span> <span class='ocrx_word' id='word_1_218' title='bbox 1318 2803 1641 2860; x_wconf 81' lang='lat' dir='ltr'><strong>terrificum.</strong></span> <span class='ocrx_word' id='word_1_219' title='bbox 1696 2804 1756 2857; x_wconf 88' lang='lat' dir='ltr'><strong>Et</strong></span> <span class='ocrx_word' id='word_1_220' title='bbox 1806 2802 1899 2875; x_wconf 87' lang='lat' dir='ltr'><strong>qui</strong></span> 
     </span>
    </p>
   </div>
   <div class='ocr_carea' id='block_1_31' title="bbox 287 2892 1899 2967">
    <p class='ocr_par' dir='ltr' id='par_1_31' title="bbox 287 2892 1899 2967">
     <span class='ocr_line' id='line_1_31' title="bbox 287 2892 1899 2967; baseline -0.003 -17"><span class='ocrx_word' id='word_1_221' title='bbox 287 2898 445 2966; x_wconf 90' lang='lat' dir='ltr'><strong>prius</strong></span> <span class='ocrx_word' id='word_1_222' title='bbox 476 2897 529 2951; x_wconf 92' lang='lat' dir='ltr'><strong>in</strong></span> <span class='ocrx_word' id='word_1_223' title='bbox 561 2897 747 2951; x_wconf 91' lang='lat' dir='ltr'><strong>multis</strong></span> <span class='ocrx_word' id='word_1_224' title='bbox 774 2897 979 2967; x_wconf 64' lang='lat' dir='ltr'><strong>prteliis</strong></span> <span class='ocrx_word' id='word_1_225' title='bbox 1017 2896 1149 2950; x_wconf 91' lang='lat' dir='ltr'><strong>viris</strong></span> <span class='ocrx_word' id='word_1_226' title='bbox 1188 2894 1502 2950; x_wconf 88' lang='lat' dir='ltr'><strong>fortissimis</strong></span> <span class='ocrx_word' id='word_1_227' title='bbox 1532 2892 1725 2948; x_wconf 88' lang='lat' dir='ltr'><strong>fortior</strong></span> <span class='ocrx_word' id='word_1_228' title='bbox 1762 2899 1899 2959; x_wconf 89' lang='lat' dir='ltr'><strong>erat,</strong></span> 
     </span>
    </p>
   </div>
   <div class='ocr_carea' id='block_1_32' title="bbox 287 2982 1896 3053">
    <p class='ocr_par' dir='ltr' id='par_1_32' title="bbox 287 2982 1896 3053">
     <span class='ocr_line' id='line_1_32' title="bbox 287 2982 1896 3053; baseline -0.002 -14"><span class='ocrx_word' id='word_1_229' title='bbox 287 3002 355 3039; x_wconf 90' lang='lat' dir='ltr'><strong>ea</strong></span> <span class='ocrx_word' id='word_1_230' title='bbox 381 2985 469 3039; x_wconf 92' lang='lat' dir='ltr'><strong>die</strong></span> <span class='ocrx_word' id='word_1_231' title='bbox 497 2986 755 3039; x_wconf 90' lang='lat' dir='ltr'><strong>nimirum</strong></span> <span class='ocrx_word' id='word_1_232' title='bbox 784 2986 1114 3039; x_wconf 89' lang='lat' dir='ltr'><strong>mulieribus</strong></span> <span class='ocrx_word' id='word_1_233' title='bbox 1134 2984 1388 3050; x_wconf 88' lang='lat' dir='ltr'><strong>cedebat,</strong></span> <span class='ocrx_word' id='word_1_234' title='bbox 1436 2984 1563 3038; x_wconf 92' lang='lat' dir='ltr'><strong>dum</strong></span> <span class='ocrx_word' id='word_1_235' title='bbox 1596 2999 1691 3053; x_wconf 92' lang='lat' dir='ltr'><strong>per</strong></span> <span class='ocrx_word' id='word_1_236' title='bbox 1720 2982 1896 3036; x_wconf 91' lang='lat' dir='ltr'><strong>inter-</strong></span> 
     </span>
    </p>
   </div>
   <div class='ocr_carea' id='block_1_33' title="bbox 289 3072 1901 3144">
    <p class='ocr_par' dir='ltr' id='par_1_33' title="bbox 289 3072 1901 3144">
     <span class='ocr_line' id='line_1_33' title="bbox 289 3072 1901 3144; baseline 0 -17"><span class='ocrx_word' id='word_1_237' title='bbox 289 3089 416 3127; x_wconf 89' lang='lat' dir='ltr'><strong>nam</strong></span> <span class='ocrx_word' id='word_1_238' title='bbox 457 3073 853 3144; x_wconf 88' lang='lat' dir='ltr'><strong>aspirationem</strong></span> <span class='ocrx_word' id='word_1_239' title='bbox 902 3076 969 3128; x_wconf 91' lang='lat' dir='ltr'><strong>ad</strong></span> <span class='ocrx_word' id='word_1_240' title='bbox 1019 3081 1223 3128; x_wconf 90' lang='lat' dir='ltr'><strong>tantam</strong></span> <span class='ocrx_word' id='word_1_241' title='bbox 1253 3074 1689 3129; x_wconf 88' lang='lat' dir='ltr'><strong>misericordiam</strong></span> <span class='ocrx_word' id='word_1_242' title='bbox 1732 3072 1901 3141; x_wconf 89' lang='lat' dir='ltr'><strong>coepit</strong></span> 
     </span>
    </p>
   </div>
   <div class='ocr_carea' id='block_1_34' title="bbox 287 3161 1900 3233">
    <p class='ocr_par' dir='ltr' id='par_1_34' title="bbox 287 3161 1900 3233">
     <span class='ocr_line' id='line_1_34' title="bbox 287 3161 1900 3233; baseline -0.001 -18"><span class='ocrx_word' id='word_1_243' title='bbox 287 3161 520 3225; x_wconf 86' lang='lat' dir='ltr'><strong>inﬂecti,</strong></span> <span class='ocrx_word' id='word_1_244' title='bbox 553 3170 614 3217; x_wconf 93' lang='lat' dir='ltr'><strong>ut</strong></span> <span class='ocrx_word' id='word_1_245' title='bbox 641 3178 762 3217; x_wconf 92' lang='lat' dir='ltr'><strong>cum</strong></span> <span class='ocrx_word' id='word_1_246' title='bbox 782 3163 941 3218; x_wconf 91' lang='lat' dir='ltr'><strong>donis</strong></span> <span class='ocrx_word' id='word_1_247' title='bbox 972 3163 1139 3218; x_wconf 88' lang='lat' dir='ltr'><strong>etiam</strong></span> <span class='ocrx_word' id='word_1_248' title='bbox 1165 3162 1753 3233; x_wconf 87' lang='lat' dir='ltr'><strong>amplissimisjuberet</strong></span> <span class='ocrx_word' id='word_1_249' title='bbox 1781 3161 1900 3214; x_wconf 91' lang='lat' dir='ltr'><strong>sin-</strong></span> 
     </span>
    </p>
   </div>
   <div class='ocr_carea' id='block_1_35' title="bbox 285 3249 1902 3325">
    <p class='ocr_par' dir='ltr' id='par_1_35' title="bbox 285 3249 1902 3325">
     <span class='ocr_line' id='line_1_35' title="bbox 285 3249 1902 3325; baseline -0.001 -21"><span class='ocrx_word' id='word_1_250' title='bbox 285 3251 434 3325; x_wconf 82' lang='lat' dir='ltr'><strong>gulis</strong></span> <span class='ocrx_word' id='word_1_251' title='bbox 454 3250 720 3306; x_wconf 86' lang='lat' dir='ltr'><strong>matribus</strong></span> <span class='ocrx_word' id='word_1_252' title='bbox 776 3267 874 3306; x_wconf 88' lang='lat' dir='ltr'><strong>sua</strong></span> <span class='ocrx_word' id='word_1_253' title='bbox 904 3250 1135 3322; x_wconf 83' lang='lat' dir='ltr'><strong>pignora</strong></span> <span class='ocrx_word' id='word_1_254' title='bbox 1167 3251 1343 3306; x_wconf 91' lang='lat' dir='ltr'><strong>reddi.</strong></span> <span class='ocrx_word' id='word_1_255' title='bbox 1387 3250 1541 3305; x_wconf 91' lang='lat' dir='ltr'><strong>Unde</strong></span> <span class='ocrx_word' id='word_1_256' title='bbox 1582 3249 1783 3304; x_wconf 90' lang='lat' dir='ltr'><strong>factum</strong></span> <span class='ocrx_word' id='word_1_257' title='bbox 1819 3257 1902 3303; x_wconf 88' lang='lat' dir='ltr'><strong>est</strong></span> 
     </span>
    </p>
   </div>
   <div class='ocr_carea' id='block_1_36' title="bbox 289 3341 1898 3414">
    <p class='ocr_par' dir='ltr' id='par_1_36' title="bbox 289 3341 1898 3414">
     <span class='ocr_line' id='line_1_36' title="bbox 289 3341 1898 3414; baseline -0.001 -17"><span class='ocrx_word' id='word_1_258' title='bbox 289 3351 351 3397; x_wconf 92' lang='lat' dir='ltr'><strong>ut</strong></span> <span class='ocrx_word' id='word_1_259' title='bbox 388 3341 532 3398; x_wconf 82' lang='lat' dir='ltr'><strong>sicut</strong></span> <span class='ocrx_word' id='word_1_260' title='bbox 560 3343 715 3397; x_wconf 90' lang='lat' dir='ltr'><strong>nulla</strong></span> <span class='ocrx_word' id='word_1_261' title='bbox 747 3344 959 3397; x_wconf 90' lang='lat' dir='ltr'><strong>illarum</strong></span> <span class='ocrx_word' id='word_1_262' title='bbox 992 3344 1146 3414; x_wconf 91' lang='lat' dir='ltr'><strong>prius</strong></span> <span class='ocrx_word' id='word_1_263' title='bbox 1173 3360 1204 3397; x_wconf 92' lang='lat' dir='ltr'><strong>a</strong></span> <span class='ocrx_word' id='word_1_264' title='bbox 1234 3343 1452 3397; x_wconf 88' lang='lat' dir='ltr'><strong>tristitia</strong></span> <span class='ocrx_word' id='word_1_265' title='bbox 1480 3342 1584 3398; x_wconf 91' lang='lat' dir='ltr'><strong>fuit</strong></span> <span class='ocrx_word' id='word_1_266' title='bbox 1615 3342 1898 3408; x_wconf 88' lang='lat' dir='ltr'><strong>immunis,</strong></span> 
     </span>
    </p>
   </div>
   <div class='ocr_carea' id='block_1_37' title="bbox 290 3434 1899 3505">
    <p class='ocr_par' dir='ltr' id='par_1_37' title="bbox 290 3434 1899 3505">
     <span class='ocr_line' id='line_1_37' title="bbox 290 3434 1899 3505; baseline 0 -17"><span class='ocrx_word' id='word_1_267' title='bbox 290 3434 367 3489; x_wconf 91' lang='lat' dir='ltr'><strong>ita</strong></span> <span class='ocrx_word' id='word_1_268' title='bbox 395 3435 678 3505; x_wconf 90' lang='lat' dir='ltr'><strong>sequentis</strong></span> <span class='ocrx_word' id='word_1_269' title='bbox 708 3434 911 3490; x_wconf 63' lang='lat' dir='ltr'><strong>laetitiae</strong></span> <span class='ocrx_word' id='word_1_270' title='bbox 963 3451 1128 3489; x_wconf 91' lang='lat' dir='ltr'><strong>causa</strong></span> <span class='ocrx_word' id='word_1_271' title='bbox 1157 3436 1414 3489; x_wconf 89' lang='lat' dir='ltr'><strong>omnibus</strong></span> <span class='ocrx_word' id='word_1_272' title='bbox 1454 3435 1735 3490; x_wconf 83' lang='lat' dir='ltr'><strong>videretur</strong></span> <span class='ocrx_word' id='word_1_273' title='bbox 1780 3449 1899 3488; x_wconf 89' lang='lat' dir='ltr'><strong>esse</strong></span> 
     </span>
    </p>
   </div>
   <div class='ocr_carea' id='block_1_38' title="bbox 290 3525 1904 3596">
    <p class='ocr_par' dir='ltr' id='par_1_38' title="bbox 290 3525 1904 3596">
     <span class='ocr_line' id='line_1_38' title="bbox 290 3525 1904 3596; baseline -0.001 -17"><span class='ocrx_word' id='word_1_274' title='bbox 290 3525 626 3591; x_wconf 89' lang='lat' dir='ltr'><strong>communis,</strong></span> <span class='ocrx_word' id='word_1_275' title='bbox 656 3527 893 3581; x_wconf 87' lang='lat' dir='ltr'><strong>maxime</strong></span> <span class='ocrx_word' id='word_1_276' title='bbox 930 3542 1053 3581; x_wconf 90' lang='lat' dir='ltr'><strong>cum</strong></span> <span class='ocrx_word' id='word_1_277' title='bbox 1095 3541 1206 3581; x_wconf 91' lang='lat' dir='ltr'><strong>non</strong></span> <span class='ocrx_word' id='word_1_278' title='bbox 1254 3533 1458 3581; x_wconf 90' lang='lat' dir='ltr'><strong>tantam</strong></span> <span class='ocrx_word' id='word_1_279' title='bbox 1500 3525 1654 3596; x_wconf 91' lang='lat' dir='ltr'><strong>prius</strong></span> <span class='ocrx_word' id='word_1_280' title='bbox 1694 3525 1749 3578; x_wconf 91' lang='lat' dir='ltr'><strong>in</strong></span> <span class='ocrx_word' id='word_1_281' title='bbox 1802 3541 1904 3578; x_wconf 88' lang='lat' dir='ltr'><strong>ve-</strong></span> 
     </span>
    </p>
   </div>
   <div class='ocr_carea' id='block_1_39' title="bbox 292 3615 1906 3688">
    <p class='ocr_par' dir='ltr' id='par_1_39' title="bbox 292 3615 1906 3688">
     <span class='ocr_line' id='line_1_39' title="bbox 292 3615 1906 3688; baseline -0.001 -17"><span class='ocrx_word' id='word_1_282' title='bbox 292 3617 501 3672; x_wconf 88' lang='lat' dir='ltr'><strong>niendo</strong></span> <span class='ocrx_word' id='word_1_283' title='bbox 527 3617 821 3673; x_wconf 87' lang='lat' dir='ltr'><strong>habuerint</strong></span> <span class='ocrx_word' id='word_1_284' title='bbox 870 3618 1165 3683; x_wconf 88' lang='lat' dir='ltr'><strong>tristitiam,</strong></span> <span class='ocrx_word' id='word_1_285' title='bbox 1198 3624 1458 3688; x_wconf 88' lang='lat' dir='ltr'><strong>quantam</strong></span> <span class='ocrx_word' id='word_1_286' title='bbox 1515 3616 1567 3669; x_wconf 94' lang='lat' dir='ltr'><strong>in</strong></span> <span class='ocrx_word' id='word_1_287' title='bbox 1624 3615 1906 3670; x_wconf 91' lang='lat' dir='ltr'><strong>redeundo</strong></span> 
     </span>
    </p>
   </div>
   <div class='ocr_carea' id='block_1_40' title="bbox 288 3708 1899 3783">
    <p class='ocr_par' dir='ltr' id='par_1_40' title="bbox 288 3708 1899 3783">
     <span class='ocr_line' id='line_1_40' title="bbox 288 3708 1899 3783; baseline -0.002 -19"><span class='ocrx_word' id='word_1_288' title='bbox 288 3710 621 3766; x_wconf 90' lang='lat' dir='ltr'><strong>videbantur</strong></span> <span class='ocrx_word' id='word_1_289' title='bbox 649 3712 852 3767; x_wconf 90' lang='lat' dir='ltr'><strong>habere</strong></span> <span class='ocrx_word' id='word_1_290' title='bbox 892 3712 1158 3766; x_wconf 64' lang='lat' dir='ltr'><strong>laetitiam.</strong></span> <span class='ocrx_word' id='word_1_291' title='bbox 1194 3711 1395 3765; x_wconf 90' lang='lat' dir='ltr'><strong>Taliter</strong></span> <span class='ocrx_word' id='word_1_292' title='bbox 1426 3725 1558 3783; x_wconf 82' lang='lat' dir='ltr'><strong>ergo</strong></span> <span class='ocrx_word' id='word_1_293' title='bbox 1589 3708 1899 3764; x_wconf 78' lang='lat' dir='ltr'><strong>Constanti-</strong></span> 
     </span>
    </p>
   </div>
   <div class='ocr_carea' id='block_1_41' title="bbox 291 3800 1900 3875">
    <p class='ocr_par' dir='ltr' id='par_1_41' title="bbox 291 3800 1900 3875">
     <span class='ocr_line' id='line_1_41' title="bbox 291 3800 1900 3875; baseline -0.004 -17"><span class='ocrx_word' id='word_1_294' title='bbox 291 3819 419 3870; x_wconf 91' lang='lat' dir='ltr'><strong>nus,</strong></span> <span class='ocrx_word' id='word_1_295' title='bbox 465 3804 558 3874; x_wconf 90' lang='lat' dir='ltr'><strong>qui</strong></span> <span class='ocrx_word' id='word_1_296' title='bbox 594 3804 747 3875; x_wconf 92' lang='lat' dir='ltr'><strong>prius</strong></span> <span class='ocrx_word' id='word_1_297' title='bbox 784 3805 922 3859; x_wconf 90' lang='lat' dir='ltr'><strong>alios</strong></span> <span class='ocrx_word' id='word_1_298' title='bbox 968 3803 1245 3870; x_wconf 87' lang='lat' dir='ltr'><strong>vincebat,</strong></span> <span class='ocrx_word' id='word_1_299' title='bbox 1308 3802 1363 3856; x_wconf 94' lang='lat' dir='ltr'><strong>in</strong></span> <span class='ocrx_word' id='word_1_300' title='bbox 1394 3802 1485 3855; x_wconf 91' lang='lat' dir='ltr'><strong>illa</strong></span> <span class='ocrx_word' id='word_1_301' title='bbox 1517 3802 1607 3855; x_wconf 88' lang='lat' dir='ltr'><strong>die</strong></span> <span class='ocrx_word' id='word_1_302' title='bbox 1658 3800 1900 3869; x_wconf 90' lang='lat' dir='ltr'><strong>seipsum</strong></span> 
     </span>
    </p>
   </div>
   <div class='ocr_carea' id='block_1_42' title="bbox 287 3890 1902 3968">
    <p class='ocr_par' dir='ltr' id='par_1_42' title="bbox 287 3890 1902 3968">
     <span class='ocr_line' id='line_1_42' title="bbox 287 3890 1902 3968; baseline -0.004 -19"><span class='ocrx_word' id='word_1_303' title='bbox 287 3894 488 3949; x_wconf 85' lang='lat' dir='ltr'><strong>vicisse</strong></span> <span class='ocrx_word' id='word_1_304' title='bbox 509 3894 809 3968; x_wconf 83' lang='lat' dir='ltr'><strong>gaudebat,</strong></span> <span class='ocrx_word' id='word_1_305' title='bbox 835 3895 965 3949; x_wconf 91' lang='lat' dir='ltr'><strong>dum</strong></span> <span class='ocrx_word' id='word_1_306' title='bbox 997 3894 1065 3948; x_wconf 91' lang='lat' dir='ltr'><strong>ad</strong></span> <span class='ocrx_word' id='word_1_307' title='bbox 1097 3893 1316 3948; x_wconf 90' lang='lat' dir='ltr'><strong>laudem</strong></span> <span class='ocrx_word' id='word_1_308' title='bbox 1346 3890 1650 3947; x_wconf 88' lang='lat' dir='ltr'><strong>Divinitatis</strong></span> <span class='ocrx_word' id='word_1_309' title='bbox 1687 3899 1743 3944; x_wconf 92' lang='lat' dir='ltr'><strong>et</strong></span> <span class='ocrx_word' id='word_1_310' title='bbox 1780 3890 1902 3963; x_wconf 92' lang='lat' dir='ltr'><strong>glo-</strong></span> 
     </span>
    </p>
   </div>
   <div class='ocr_carea' id='block_1_43' title="bbox 287 3982 1899 4051">
    <p class='ocr_par' dir='ltr' id='par_1_43' title="bbox 287 3982 1899 4051">
     <span class='ocr_line' id='line_1_43' title="bbox 287 3982 1899 4051; baseline -0.002 -12"><span class='ocrx_word' id='word_1_311' title='bbox 287 3986 427 4040; x_wconf 88' lang='lat' dir='ltr'><strong>riam</strong></span> <span class='ocrx_word' id='word_1_312' title='bbox 458 3984 588 4040; x_wconf 82' lang='lat' dir='ltr'><strong>tletu</strong></span> <span class='ocrx_word' id='word_1_313' title='bbox 621 3985 861 4042; x_wconf 91' lang='lat' dir='ltr'><strong>femineo</strong></span> <span class='ocrx_word' id='word_1_314' title='bbox 900 3982 1098 4051; x_wconf 71' lang='lat' dir='ltr'><strong>vietus,</strong></span> <span class='ocrx_word' id='word_1_315' title='bbox 1127 3985 1329 4039; x_wconf 91' lang='lat' dir='ltr'><strong>meruit</strong></span> <span class='ocrx_word' id='word_1_316' title='bbox 1362 3983 1568 4038; x_wconf 89' lang='lat' dir='ltr'><strong>habere</strong></span> <span class='ocrx_word' id='word_1_317' title='bbox 1598 3982 1899 4037; x_wconf 87' lang='lat' dir='ltr'><strong>victoriam.</strong></span> 
     </span>
    </p>
   </div>
   <div class='ocr_carea' id='block_1_44' title="bbox 290 4075 1899 4148">
    <p class='ocr_par' dir='ltr' id='par_1_44' title="bbox 290 4075 1899 4148">
     <span class='ocr_line' id='line_1_44' title="bbox 290 4075 1899 4148; baseline -0.004 -15"><span class='ocrx_word' id='word_1_318' title='bbox 290 4079 481 4134; x_wconf 82' lang='lat' dir='ltr'><strong>Maluit</strong></span> <span class='ocrx_word' id='word_1_319' title='bbox 519 4080 666 4134; x_wconf 90' lang='lat' dir='ltr'><strong>enim</strong></span> <span class='ocrx_word' id='word_1_320' title='bbox 707 4079 885 4134; x_wconf 92' lang='lat' dir='ltr'><strong>adhuc</strong></span> <span class='ocrx_word' id='word_1_321' title='bbox 910 4080 1061 4135; x_wconf 90' lang='lat' dir='ltr'><strong>solus</strong></span> <span class='ocrx_word' id='word_1_322' title='bbox 1100 4079 1306 4148; x_wconf 89' lang='lat' dir='ltr'><strong>lepram</strong></span> <span class='ocrx_word' id='word_1_323' title='bbox 1351 4077 1557 4131; x_wconf 90' lang='lat' dir='ltr'><strong>habere</strong></span> <span class='ocrx_word' id='word_1_324' title='bbox 1599 4075 1899 4142; x_wconf 88' lang='lat' dir='ltr'><strong>volatilem,</strong></span> 
     </span>
    </p>
   </div>
   <div class='ocr_carea' id='block_1_45' title="bbox 288 4166 1908 4243">
    <p class='ocr_par' dir='ltr' id='par_1_45' title="bbox 288 4166 1908 4243">
     <span class='ocr_line' id='line_1_45' title="bbox 288 4166 1908 4243; baseline -0.004 -20"><span class='ocrx_word' id='word_1_325' title='bbox 288 4184 458 4239; x_wconf 87' lang='lat' dir='ltr'><strong>quam</strong></span> <span class='ocrx_word' id='word_1_326' title='bbox 488 4169 542 4223; x_wconf 91' lang='lat' dir='ltr'><strong>in</strong></span> <span class='ocrx_word' id='word_1_327' title='bbox 592 4168 862 4241; x_wconf 81' lang='lat' dir='ltr'><strong>sanguine</strong></span> <span class='ocrx_word' id='word_1_328' title='bbox 918 4167 1298 4243; x_wconf 80' lang='lat' dir='ltr'><strong>innocentium</strong></span> <span class='ocrx_word' id='word_1_329' title='bbox 1338 4166 1581 4240; x_wconf 82' lang='lat' dir='ltr'><strong>gladium</strong></span> <span class='ocrx_word' id='word_1_330' title='bbox 1623 4170 1908 4219; x_wconf 88' lang='lat' dir='ltr'><strong>cruentare</strong></span> 
     </span>
    </p>
   </div>
   <div class='ocr_carea' id='block_1_46' title="bbox 288 4255 1906 4330">
    <p class='ocr_par' dir='ltr' id='par_1_46' title="bbox 288 4255 1906 4330">
     <span class='ocr_line' id='line_1_46' title="bbox 288 4255 1906 4330; baseline -0.003 -17"><span class='ocrx_word' id='word_1_331' title='bbox 288 4260 627 4326; x_wconf 88' lang='lat' dir='ltr'><strong>versatilem,</strong></span> <span class='ocrx_word' id='word_1_332' title='bbox 684 4259 920 4330; x_wconf 90' lang='lat' dir='ltr'><strong>ideoque</strong></span> <span class='ocrx_word' id='word_1_333' title='bbox 960 4258 1227 4313; x_wconf 69' lang='lat' dir='ltr'><strong>divinitus</strong></span> <span class='ocrx_word' id='word_1_334' title='bbox 1272 4275 1337 4313; x_wconf 92' lang='lat' dir='ltr'><strong>ex</strong></span> <span class='ocrx_word' id='word_1_335' title='bbox 1390 4257 1562 4327; x_wconf 89' lang='lat' dir='ltr'><strong>impio</strong></span> <span class='ocrx_word' id='word_1_336' title='bbox 1604 4255 1777 4310; x_wconf 88' lang='lat' dir='ltr'><strong>factus</strong></span> <span class='ocrx_word' id='word_1_337' title='bbox 1824 4262 1906 4309; x_wconf 90' lang='lat' dir='ltr'><strong>est</strong></span> 
     </span>
    </p>
   </div>
   <div class='ocr_carea' id='block_1_47' title="bbox 288 4349 1902 4423">
    <p class='ocr_par' dir='ltr' id='par_1_47' title="bbox 288 4349 1902 4423">
     <span class='ocr_line' id='line_1_47' title="bbox 288 4349 1902 4423; baseline -0.003 -18"><span class='ocrx_word' id='word_1_338' title='bbox 288 4350 438 4423; x_wconf 86' lang='lat' dir='ltr'><strong>pius,</strong></span> <span class='ocrx_word' id='word_1_339' title='bbox 469 4351 562 4422; x_wconf 91' lang='lat' dir='ltr'><strong>qui</strong></span> <span class='ocrx_word' id='word_1_340' title='bbox 592 4365 693 4422; x_wconf 91' lang='lat' dir='ltr'><strong>pro</strong></span> <span class='ocrx_word' id='word_1_341' title='bbox 721 4351 900 4406; x_wconf 89' lang='lat' dir='ltr'><strong>salute</strong></span> <span class='ocrx_word' id='word_1_342' title='bbox 926 4350 1287 4422; x_wconf 90' lang='lat' dir='ltr'><strong>plurimorum</strong></span> <span class='ocrx_word' id='word_1_343' title='bbox 1317 4349 1548 4404; x_wconf 89' lang='lat' dir='ltr'><strong>salutem</strong></span> <span class='ocrx_word' id='word_1_344' title='bbox 1596 4354 1902 4417; x_wconf 90' lang='lat' dir='ltr'><strong>postpone-</strong></span> 
     </span>
    </p>
   </div>
   <div class='ocr_carea' id='block_1_48' title="bbox 290 4438 589 4495">
    <p class='ocr_par' dir='ltr' id='par_1_48' title="bbox 290 4438 589 4495">
     <span class='ocr_line' id='line_1_48' title="bbox 290 4438 589 4495; baseline 0.003 -2"><span class='ocrx_word' id='word_1_345' title='bbox 290 4438 387 4495; x_wconf 89' lang='lat' dir='ltr'><strong>bat</strong></span> <span class='ocrx_word' id='word_1_346' title='bbox 405 4440 589 4495; x_wconf 91' lang='lat' dir='ltr'><strong>unius.</strong></span> 
     </span>
    </p>
   </div>
   <div class='ocr_carea' id='block_1_49' title="bbox 953 4510 1249 4566">
    <p class='ocr_par' dir='ltr' id='par_1_49' title="bbox 953 4510 1249 4566">
     <span class='ocr_line' id='line_1_49' title="bbox 953 4510 1249 4566; baseline -0.007 0"><span class='ocrx_word' id='word_1_347' title='bbox 953 4510 1158 4566; x_wconf 88' lang='lat' dir='ltr'><strong>CAPUT</strong></span> <span class='ocrx_word' id='word_1_348' title='bbox 1188 4510 1249 4564; x_wconf 89' lang='lat' dir='ltr'><strong>V.</strong></span> 
     </span>
    </p>
   </div>
   <div class='ocr_carea' id='block_1_50' title="bbox 294 4624 1906 4692">
    <p class='ocr_par' dir='ltr' id='par_1_50' title="bbox 294 4624 1906 4692">
     <span class='ocr_line' id='line_1_50' title="bbox 294 4624 1906 4692; baseline -0.005 -10"><span class='ocrx_word' id='word_1_349' title='bbox 294 4625 515 4692; x_wconf 78' lang='lat' dir='ltr'><strong>Confert</strong></span> <span class='ocrx_word' id='word_1_350' title='bbox 541 4628 957 4681; x_wconf 78' lang='lat' dir='ltr'><strong>Constantinum</strong></span> <span class='ocrx_word' id='word_1_351' title='bbox 985 4641 1110 4679; x_wconf 79' lang='lat' dir='ltr'><strong>cum</strong></span> <span class='ocrx_word' id='word_1_352' title='bbox 1138 4624 1354 4691; x_wconf 81' lang='lat' dir='ltr'><strong>Herode,</strong></span> <span class='ocrx_word' id='word_1_353' title='bbox 1396 4624 1617 4676; x_wconf 81' lang='lat' dir='ltr'><strong>alterius</strong></span> <span class='ocrx_word' id='word_1_354' title='bbox 1653 4624 1906 4690; x_wconf 74' lang='lat' dir='ltr'><strong>pietatem</strong></span> 
     </span>
    </p>
   </div>
   <div class='ocr_carea' id='block_1_51' title="bbox 545 4698 1653 4764">
    <p class='ocr_par' dir='ltr' id='par_1_51' title="bbox 545 4698 1653 4764">
     <span class='ocr_line' id='line_1_51' title="bbox 545 4698 1653 4764; baseline -0.005 -12"><span class='ocrx_word' id='word_1_355' title='bbox 545 4713 671 4752; x_wconf 82' lang='lat' dir='ltr'><strong>cum</strong></span> <span class='ocrx_word' id='word_1_356' title='bbox 707 4699 929 4752; x_wconf 81' lang='lat' dir='ltr'><strong>alterius</strong></span> <span class='ocrx_word' id='word_1_357' title='bbox 968 4698 1284 4752; x_wconf 79' lang='lat' dir='ltr'><strong>crudelitate</strong></span> <span class='ocrx_word' id='word_1_358' title='bbox 1320 4709 1653 4764; x_wconf 78' lang='lat' dir='ltr'><strong>componens.</strong></span> 
     </span>
    </p>
   </div>
   <div class='ocr_carea' id='block_1_52' title="bbox 368 4801 1912 4878">
    <p class='ocr_par' dir='ltr' id='par_1_52' title="bbox 368 4801 1912 4878">
     <span class='ocr_line' id='line_1_52' title="bbox 368 4801 1912 4878; baseline -0.003 -19"><span class='ocrx_word' id='word_1_359' title='bbox 368 4805 523 4860; x_wconf 88' lang='lat' dir='ltr'><strong>Unde</strong></span> <span class='ocrx_word' id='word_1_360' title='bbox 561 4822 686 4861; x_wconf 92' lang='lat' dir='ltr'><strong>cum</strong></span> <span class='ocrx_word' id='word_1_361' title='bbox 716 4807 892 4878; x_wconf 90' lang='lat' dir='ltr'><strong>pietas</strong></span> <span class='ocrx_word' id='word_1_362' title='bbox 931 4806 1273 4863; x_wconf 87' lang='lat' dir='ltr'><strong>Constantini</strong></span> <span class='ocrx_word' id='word_1_363' title='bbox 1320 4812 1373 4860; x_wconf 89' lang='lat' dir='ltr'><strong>et</strong></span> <span class='ocrx_word' id='word_1_364' title='bbox 1402 4804 1659 4875; x_wconf 90' lang='lat' dir='ltr'><strong>impietas</strong></span> <span class='ocrx_word' id='word_1_365' title='bbox 1684 4801 1912 4856; x_wconf 88' lang='lat' dir='ltr'><strong>Herodis</strong></span> 
     </span>
    </p>
   </div>
   <div class='ocr_carea' id='block_1_53' title="bbox 294 4890 1909 4970">
    <p class='ocr_par' dir='ltr' id='par_1_53' title="bbox 294 4890 1909 4970">
     <span class='ocr_line' id='line_1_53' title="bbox 294 4890 1909 4970; baseline -0.006 -17"><span class='ocrx_word' id='word_1_366' title='bbox 294 4895 483 4962; x_wconf 88' lang='lat' dir='ltr'><strong>vobis,</strong></span> <span class='ocrx_word' id='word_1_367' title='bbox 541 4896 906 4963; x_wconf 90' lang='lat' dir='ltr'><strong>dilectissimi,</strong></span> <span class='ocrx_word' id='word_1_368' title='bbox 958 4898 1146 4953; x_wconf 90' lang='lat' dir='ltr'><strong>multis</strong></span> <span class='ocrx_word' id='word_1_369' title='bbox 1197 4896 1420 4970; x_wconf 66' lang='lat' dir='ltr'><strong>cognita</strong></span> <span class='ocrx_word' id='word_1_370' title='bbox 1469 4894 1540 4949; x_wconf 90' lang='lat' dir='ltr'><strong>sit</strong></span> <span class='ocrx_word' id='word_1_371' title='bbox 1588 4892 1788 4955; x_wconf 90' lang='lat' dir='ltr'><strong>modis,</strong></span> <span class='ocrx_word' id='word_1_372' title='bbox 1832 4890 1909 4945; x_wconf 92' lang='lat' dir='ltr'><strong>nil</strong></span> 
     </span>
    </p>
   </div>
   <div class='ocr_carea' id='block_1_54' title="bbox 296 4984 1908 5061">
    <p class='ocr_par' dir='ltr' id='par_1_54' title="bbox 296 4984 1908 5061">
     <span class='ocr_line' id='line_1_54' title="bbox 296 4984 1908 5061; baseline -0.003 -20"><span class='ocrx_word' id='word_1_373' title='bbox 296 4996 462 5043; x_wconf 90' lang='lat' dir='ltr'><strong>nocet</strong></span> <span class='ocrx_word' id='word_1_374' title='bbox 524 4988 569 5041; x_wconf 92' lang='lat' dir='ltr'><strong>si</strong></span> <span class='ocrx_word' id='word_1_375' title='bbox 626 4989 929 5043; x_wconf 86' lang='lat' dir='ltr'><strong>secundum</strong></span> <span class='ocrx_word' id='word_1_376' title='bbox 968 4989 1434 5061; x_wconf 89' lang='lat' dir='ltr'><strong>comparationem</strong></span> <span class='ocrx_word' id='word_1_377' title='bbox 1487 4985 1615 5041; x_wconf 93' lang='lat' dir='ltr'><strong>boni</strong></span> <span class='ocrx_word' id='word_1_378' title='bbox 1673 4993 1728 5039; x_wconf 90' lang='lat' dir='ltr'><strong>et</strong></span> <span class='ocrx_word' id='word_1_379' title='bbox 1781 4984 1908 5037; x_wconf 90' lang='lat' dir='ltr'><strong>mali</strong></span> 
     </span>
    </p>
   </div>
   <div class='ocr_carea' id='block_1_55' title="bbox 297 5073 1907 5149">
    <p class='ocr_par' dir='ltr' id='par_1_55' title="bbox 297 5073 1907 5149">
     <span class='ocr_line' id='line_1_55' title="bbox 297 5073 1907 5149; baseline -0.003 -19"><span class='ocrx_word' id='word_1_380' title='bbox 297 5075 531 5131; x_wconf 87' lang='lat' dir='ltr'><strong>alterum</strong></span> <span class='ocrx_word' id='word_1_381' title='bbox 573 5077 730 5131; x_wconf 89' lang='lat' dir='ltr'><strong>alteri</strong></span> <span class='ocrx_word' id='word_1_382' title='bbox 782 5078 903 5149; x_wconf 82' lang='lat' dir='ltr'><strong>lege</strong></span> <span class='ocrx_word' id='word_1_383' title='bbox 955 5093 1339 5148; x_wconf 89' lang='lat' dir='ltr'><strong>comparemus</strong></span> <span class='ocrx_word' id='word_1_384' title='bbox 1371 5074 1621 5146; x_wconf 88' lang='lat' dir='ltr'><strong>speciali.</strong></span> <span class='ocrx_word' id='word_1_385' title='bbox 1663 5073 1718 5127; x_wconf 91' lang='lat' dir='ltr'><strong>Si</strong></span> <span class='ocrx_word' id='word_1_386' title='bbox 1760 5073 1907 5127; x_wconf 90' lang='lat' dir='ltr'><strong>enim</strong></span> 
     </span>
    </p>
   </div>
   <div class='ocr_carea' id='block_1_56' title="bbox 296 5164 1909 5237">
    <p class='ocr_par' dir='ltr' id='par_1_56' title="bbox 296 5164 1909 5237">
     <span class='ocr_line' id='line_1_56' title="bbox 296 5164 1909 5237; baseline -0.002 -19"><span class='ocrx_word' id='word_1_387' title='bbox 296 5164 438 5219; x_wconf 85' lang='lat' dir='ltr'><strong>alter</strong></span> <span class='ocrx_word' id='word_1_388' title='bbox 465 5164 623 5219; x_wconf 89' lang='lat' dir='ltr'><strong>alteri</strong></span> <span class='ocrx_word' id='word_1_389' title='bbox 661 5172 1033 5235; x_wconf 88' lang='lat' dir='ltr'><strong>comparatur,</strong></span> <span class='ocrx_word' id='word_1_390' title='bbox 1074 5164 1294 5237; x_wconf 89' lang='lat' dir='ltr'><strong>probari</strong></span> <span class='ocrx_word' id='word_1_391' title='bbox 1325 5171 1524 5235; x_wconf 80' lang='lat' dir='ltr'><strong>potest,</strong></span> <span class='ocrx_word' id='word_1_392' title='bbox 1564 5178 1728 5234; x_wconf 89' lang='lat' dir='ltr'><strong>quem</strong></span> <span class='ocrx_word' id='word_1_393' title='bbox 1761 5175 1909 5215; x_wconf 93' lang='lat' dir='ltr'><strong>mors</strong></span> 
     </span>
    </p>
   </div>
   <div class='ocr_carea' id='block_1_57' title="bbox 297 5250 1909 5326">
    <p class='ocr_par' dir='ltr' id='par_1_57' title="bbox 297 5250 1909 5326">
     <span class='ocr_line' id='line_1_57' title="bbox 297 5250 1909 5326; baseline -0.004 -17"><span class='ocrx_word' id='word_1_394' title='bbox 297 5259 354 5309; x_wconf 84' lang='lat' dir='ltr'><strong>et</strong></span> <span class='ocrx_word' id='word_1_395' title='bbox 392 5263 557 5322; x_wconf 89' lang='lat' dir='ltr'><strong>quem</strong></span> <span class='ocrx_word' id='word_1_396' title='bbox 612 5252 725 5307; x_wconf 89' lang='lat' dir='ltr'><strong>vita</strong></span> <span class='ocrx_word' id='word_1_397' title='bbox 754 5262 1036 5325; x_wconf 87' lang='lat' dir='ltr'><strong>sequatur,</strong></span> <span class='ocrx_word' id='word_1_398' title='bbox 1077 5254 1339 5326; x_wconf 90' lang='lat' dir='ltr'><strong>quoniam</strong></span> <span class='ocrx_word' id='word_1_399' title='bbox 1370 5258 1546 5308; x_wconf 91' lang='lat' dir='ltr'><strong>morte</strong></span> <span class='ocrx_word' id='word_1_400' title='bbox 1585 5257 1639 5306; x_wconf 88' lang='lat' dir='ltr'><strong>et</strong></span> <span class='ocrx_word' id='word_1_401' title='bbox 1663 5250 1772 5305; x_wconf 91' lang='lat' dir='ltr'><strong>vita</strong></span> <span class='ocrx_word' id='word_1_402' title='bbox 1795 5251 1909 5318; x_wconf 90' lang='lat' dir='ltr'><strong>jam</strong></span> 
     </span>
    </p>
   </div>
   <div class='ocr_carea' id='block_1_58' title="bbox 295 5342 1912 5417">
    <p class='ocr_par' dir='ltr' id='par_1_58' title="bbox 295 5342 1912 5417">
     <span class='ocr_line' id='line_1_58' title="bbox 295 5342 1912 5417; baseline -0.004 -18"><span class='ocrx_word' id='word_1_403' title='bbox 295 5342 607 5399; x_wconf 83' lang='lat' dir='ltr'><strong>abinvicem</strong></span> <span class='ocrx_word' id='word_1_404' title='bbox 662 5345 993 5400; x_wconf 89' lang='lat' dir='ltr'><strong>dirimuntur</strong></span> <span class='ocrx_word' id='word_1_405' title='bbox 1049 5346 1288 5417; x_wconf 89' lang='lat' dir='ltr'><strong>utrique,</strong></span> <span class='ocrx_word' id='word_1_406' title='bbox 1350 5345 1478 5398; x_wconf 90' lang='lat' dir='ltr'><strong>dum</strong></span> <span class='ocrx_word' id='word_1_407' title='bbox 1535 5359 1680 5398; x_wconf 91' lang='lat' dir='ltr'><strong>unus</strong></span> <span class='ocrx_word' id='word_1_408' title='bbox 1745 5342 1912 5397; x_wconf 89' lang='lat' dir='ltr'><strong>habet</strong></span> 
     </span>
    </p>
   </div>
   <div class='ocr_carea' id='block_1_59' title="bbox 298 5428 1911 5504">
    <p class='ocr_par' dir='ltr' id='par_1_59' title="bbox 298 5428 1911 5504">
     <span class='ocr_line' id='line_1_59' title="bbox 298 5428 1911 5504; baseline -0.001 -17"><span class='ocrx_word' id='word_1_409' title='bbox 298 5428 587 5504; x_wconf 66' lang='lat' dir='ltr'><strong>praemium</strong></span> <span class='ocrx_word' id='word_1_410' title='bbox 619 5433 832 5499; x_wconf 91' lang='lat' dir='ltr'><strong>mortis,</strong></span> <span class='ocrx_word' id='word_1_411' title='bbox 867 5440 921 5488; x_wconf 90' lang='lat' dir='ltr'><strong>et</strong></span> <span class='ocrx_word' id='word_1_412' title='bbox 949 5434 1088 5488; x_wconf 87' lang='lat' dir='ltr'><strong>alius</strong></span> <span class='ocrx_word' id='word_1_413' title='bbox 1117 5434 1265 5488; x_wconf 70' lang='lat' dir='ltr'><strong>vitae.</strong></span> <span class='ocrx_word' id='word_1_414' title='bbox 1298 5433 1450 5487; x_wconf 90' lang='lat' dir='ltr'><strong>Unde</strong></span> <span class='ocrx_word' id='word_1_415' title='bbox 1490 5431 1638 5487; x_wconf 92' lang='lat' dir='ltr'><strong>enim</strong></span> <span class='ocrx_word' id='word_1_416' title='bbox 1669 5431 1768 5485; x_wconf 89' lang='lat' dir='ltr'><strong>tibi</strong></span> <span class='ocrx_word' id='word_1_417' title='bbox 1812 5447 1911 5486; x_wconf 89' lang='lat' dir='ltr'><strong>uo-</strong></span> 
     </span>
    </p>
   </div>
   <div class='ocr_carea' id='block_1_60' title="bbox 295 5517 1914 5592">
    <p class='ocr_par' dir='ltr' id='par_1_60' title="bbox 295 5517 1914 5592">
     <span class='ocr_line' id='line_1_60' title="bbox 295 5517 1914 5592; baseline -0.002 -17"><span class='ocrx_word' id='word_1_418' title='bbox 295 5529 414 5575; x_wconf 85' lang='lat' dir='ltr'><strong>tum</strong></span> <span class='ocrx_word' id='word_1_419' title='bbox 439 5517 531 5581; x_wconf 89' lang='lat' dir='ltr'><strong>sit,</strong></span> <span class='ocrx_word' id='word_1_420' title='bbox 565 5534 597 5575; x_wconf 89' lang='grc' dir='ltr'>ο</span> <span class='ocrx_word' id='word_1_421' title='bbox 625 5519 948 5588; x_wconf 88' lang='lat' dir='ltr'><strong>Christiane,</strong></span> <span class='ocrx_word' id='word_1_422' title='bbox 976 5521 1110 5592; x_wconf 90' lang='lat' dir='ltr'><strong>quid</strong></span> <span class='ocrx_word' id='word_1_423' title='bbox 1141 5521 1211 5576; x_wconf 92' lang='lat' dir='ltr'><strong>de</strong></span> <span class='ocrx_word' id='word_1_424' title='bbox 1232 5526 1470 5590; x_wconf 87' lang='lat' dir='ltr'><strong>utroque</strong></span> <span class='ocrx_word' id='word_1_425' title='bbox 1493 5518 1736 5573; x_wconf 88' lang='lat' dir='ltr'><strong>sentiant</strong></span> <span class='ocrx_word' id='word_1_426' title='bbox 1763 5519 1914 5591; x_wconf 85' lang='lat' dir='ltr'><strong>leges</strong></span> 
     </span>
    </p>
   </div>
   <div class='ocr_carea' id='block_1_61' title="bbox 295 5609 1911 5679">
    <p class='ocr_par' dir='ltr' id='par_1_61' title="bbox 295 5609 1911 5679">
     <span class='ocr_line' id='line_1_61' title="bbox 295 5609 1911 5679; baseline -0.002 -13"><span class='ocrx_word' id='word_1_427' title='bbox 295 5611 503 5666; x_wconf 67' lang='lat' dir='ltr'><strong>divinae</strong></span> <span class='ocrx_word' id='word_1_428' title='bbox 558 5616 612 5664; x_wconf 90' lang='lat' dir='ltr'><strong>et</strong></span> <span class='ocrx_word' id='word_1_429' title='bbox 644 5611 918 5679; x_wconf 68' lang='lat' dir='ltr'><strong>humanae,</strong></span> <span class='ocrx_word' id='word_1_430' title='bbox 960 5612 1085 5667; x_wconf 91' lang='lat' dir='ltr'><strong>ideo</strong></span> <span class='ocrx_word' id='word_1_431' title='bbox 1138 5612 1303 5667; x_wconf 91' lang='lat' dir='ltr'><strong>istum</strong></span> <span class='ocrx_word' id='word_1_432' title='bbox 1365 5609 1600 5673; x_wconf 90' lang='lat' dir='ltr'><strong>imitare,</strong></span> <span class='ocrx_word' id='word_1_433' title='bbox 1642 5616 1698 5662; x_wconf 88' lang='lat' dir='ltr'><strong>et</strong></span> <span class='ocrx_word' id='word_1_434' title='bbox 1760 5609 1911 5662; x_wconf 90' lang='lat' dir='ltr'><strong>illum</strong></span> 
     </span>
    </p>
   </div>
   <div class='ocr_carea' id='block_1_62' title="bbox 302 5696 1912 5771">
    <p class='ocr_par' dir='ltr' id='par_1_62' title="bbox 302 5696 1912 5771">
     <span class='ocr_line' id='line_1_62' title="bbox 302 5696 1912 5771; baseline -0.003 -17"><span class='ocrx_word' id='word_1_435' title='bbox 302 5697 507 5763; x_wconf 83' lang='lat' dir='ltr'><strong>imitari</strong></span> <span class='ocrx_word' id='word_1_436' title='bbox 534 5696 757 5767; x_wconf 87' lang='lat' dir='ltr'><strong>desiste,</strong></span> <span class='ocrx_word' id='word_1_437' title='bbox 803 5699 1063 5771; x_wconf 91' lang='lat' dir='ltr'><strong>quoniam</strong></span> <span class='ocrx_word' id='word_1_438' title='bbox 1093 5715 1202 5759; x_wconf 89' lang='lat' dir='ltr'><strong>uno</strong></span> <span class='ocrx_word' id='word_1_439' title='bbox 1236 5697 1403 5752; x_wconf 89' lang='lat' dir='ltr'><strong>modo</strong></span> <span class='ocrx_word' id='word_1_440' title='bbox 1453 5704 1775 5765; x_wconf 85' lang='lat' dir='ltr'><strong>peccaverat</strong></span> <span class='ocrx_word' id='word_1_441' title='bbox 1802 5698 1912 5756; x_wconf 83' lang='lat' dir='ltr'><strong>ille,</strong></span> 
     </span>
    </p>
   </div>
   <div class='ocr_carea' id='block_1_63' title="bbox 643 5827 1187 5891">
    <p class='ocr_par' dir='ltr' id='par_1_63' title="bbox 643 5827 1187 5891">
     <span class='ocr_line' id='line_1_63' title="bbox 643 5827 1187 5891; baseline -0.007 0"><span class='ocrx_word' id='word_1_442' title='bbox 643 5831 939 5891; x_wconf 78' lang='lat' dir='ltr'><strong>PATROL.</strong></span> <span class='ocrx_word' id='word_1_443' title='bbox 990 5827 1187 5891; x_wconf 86' lang='lat' dir='ltr'><strong>CLX.</strong></span> 
     </span>
    </p>
   </div>
   <div class='ocr_carea' id='block_1_64' title="bbox 1923 3117 1972 3184">
    <p class='ocr_par' dir='ltr' id='par_1_64' title="bbox 1923 3117 1972 3184">
     <span class='ocr_line' id='line_1_64' title="bbox 1923 3117 1972 3184; baseline 0 -3"><span class='ocrx_word' id='word_1_444' title='bbox 1923 3117 1972 3184; x_wconf 88' lang='lat' dir='ltr'><strong>C</strong></span> 
     </span>
    </p>
   </div>
   <div class='ocr_carea' id='block_1_65' title="bbox 1925 4468 1983 4536">
    <p class='ocr_par' dir='ltr' id='par_1_65' title="bbox 1925 4468 1983 4536">
     <span class='ocr_line' id='line_1_65' title="bbox 1925 4468 1983 4536; baseline 0 0"><span class='ocrx_word' id='word_1_445' title='bbox 1925 4468 1983 4536; x_wconf 92' lang='lat' dir='ltr'><strong>D</strong></span> 
     </span>
    </p>
   </div>
   <div class='ocr_carea' id='block_1_66' title="bbox 1999 518 3606 592">
    <p class='ocr_par' dir='ltr' id='par_1_66' title="bbox 1999 518 3606 592">
     <span class='ocr_line' id='line_1_66' title="bbox 1999 518 3606 592; baseline 0.002 -19"><span class='ocrx_word' id='word_1_446' title='bbox 1999 519 2126 573; x_wconf 90' lang='lat' dir='ltr'><strong>dum</strong></span> <span class='ocrx_word' id='word_1_447' title='bbox 2192 519 2244 572; x_wconf 93' lang='lat' dir='ltr'><strong>in</strong></span> <span class='ocrx_word' id='word_1_448' title='bbox 2309 525 2540 572; x_wconf 87' lang='lat' dir='ltr'><strong>mortem</strong></span> <span class='ocrx_word' id='word_1_449' title='bbox 2591 518 2886 573; x_wconf 83' lang='lat' dir='ltr'><strong>Salvatoris</strong></span> <span class='ocrx_word' id='word_1_450' title='bbox 2943 522 3181 589; x_wconf 87' lang='lat' dir='ltr'><strong>seipsum</strong></span> <span class='ocrx_word' id='word_1_451' title='bbox 3254 522 3606 592; x_wconf 88' lang='lat' dir='ltr'><strong>impudenter</strong></span> 
     </span>
    </p>
   </div>
   <div class='ocr_carea' id='block_1_67' title="bbox 1998 606 3606 680">
    <p class='ocr_par' dir='ltr' id='par_1_67' title="bbox 1998 606 3606 680">
     <span class='ocr_line' id='line_1_67' title="bbox 1998 606 3606 680; baseline 0.002 -19"><span class='ocrx_word' id='word_1_452' title='bbox 1998 607 2218 662; x_wconf 86' lang='lat' dir='ltr'><strong>amavit.</strong></span> <span class='ocrx_word' id='word_1_453' title='bbox 2254 606 2641 661; x_wconf 88' lang='lat' dir='ltr'><strong>Constantinus</strong></span> <span class='ocrx_word' id='word_1_454' title='bbox 2672 615 2852 660; x_wconf 90' lang='lat' dir='ltr'><strong>autem</strong></span> <span class='ocrx_word' id='word_1_455' title='bbox 2900 624 2928 661; x_wconf 86' lang='lat' dir='ltr'><strong>e</strong></span> <span class='ocrx_word' id='word_1_456' title='bbox 2963 614 3151 662; x_wconf 90' lang='lat' dir='ltr'><strong>contra</strong></span> <span class='ocrx_word' id='word_1_457' title='bbox 3184 610 3500 680; x_wconf 90' lang='lat' dir='ltr'><strong>ignoranter</strong></span> <span class='ocrx_word' id='word_1_458' title='bbox 3519 627 3606 664; x_wconf 90' lang='lat' dir='ltr'><strong>er-</strong></span> 
     </span>
    </p>
   </div>
   <div class='ocr_carea' id='block_1_68' title="bbox 1999 698 3609 769">
    <p class='ocr_par' dir='ltr' id='par_1_68' title="bbox 1999 698 3609 769">
     <span class='ocr_line' id='line_1_68' title="bbox 1999 698 3609 769; baseline 0.002 -17"><span class='ocrx_word' id='word_1_459' title='bbox 1999 698 2153 757; x_wconf 89' lang='lat' dir='ltr'><strong>ravit.</strong></span> <span class='ocrx_word' id='word_1_460' title='bbox 2198 698 2324 753; x_wconf 92' lang='lat' dir='ltr'><strong>dum</strong></span> <span class='ocrx_word' id='word_1_461' title='bbox 2360 714 2455 769; x_wconf 89' lang='lat' dir='ltr'><strong>pro</strong></span> <span class='ocrx_word' id='word_1_462' title='bbox 2493 698 2656 752; x_wconf 89' lang='lat' dir='ltr'><strong>unius</strong></span> <span class='ocrx_word' id='word_1_463' title='bbox 2696 698 2934 753; x_wconf 88' lang='lat' dir='ltr'><strong>hominis</strong></span> <span class='ocrx_word' id='word_1_464' title='bbox 2974 699 3085 752; x_wconf 87' lang='lat' dir='ltr'><strong>vita</strong></span> <span class='ocrx_word' id='word_1_465' title='bbox 3134 701 3187 752; x_wconf 90' lang='lat' dir='ltr'><strong>in</strong></span> <span class='ocrx_word' id='word_1_466' title='bbox 3219 708 3298 754; x_wconf 91' lang='lat' dir='ltr'><strong>tot</strong></span> <span class='ocrx_word' id='word_1_467' title='bbox 3354 702 3609 756; x_wconf 88' lang='lat' dir='ltr'><strong>homines</strong></span> 
     </span>
    </p>
   </div>
   <div class='ocr_carea' id='block_1_69' title="bbox 1998 788 3604 859">
    <p class='ocr_par' dir='ltr' id='par_1_69' title="bbox 1998 788 3604 859">
     <span class='ocr_line' id='line_1_69' title="bbox 1998 788 3604 859; baseline 0.002 -19"><span class='ocrx_word' id='word_1_468' title='bbox 1998 788 2191 841; x_wconf 79' lang='lat' dir='ltr'><strong>mortis</strong></span> <span class='ocrx_word' id='word_1_469' title='bbox 2242 788 2569 841; x_wconf 85' lang='lat' dir='ltr'><strong>sententiam</strong></span> <span class='ocrx_word' id='word_1_470' title='bbox 2642 788 2881 842; x_wconf 86' lang='lat' dir='ltr'><strong>dictavit.</strong></span> <span class='ocrx_word' id='word_1_471' title='bbox 2960 789 3220 849; x_wconf 87' lang='lat' dir='ltr'><strong>Herodes,</strong></span> <span class='ocrx_word' id='word_1_472' title='bbox 3280 792 3604 859; x_wconf 81' lang='lat' dir='ltr'><strong>sempiterni</strong></span> 
     </span>
    </p>
   </div>
   <div class='ocr_carea' id='block_1_70' title="bbox 1998 882 3610 957">
    <p class='ocr_par' dir='ltr' id='par_1_70' title="bbox 1998 882 3610 957">
     <span class='ocr_line' id='line_1_70' title="bbox 1998 882 3610 957; baseline 0.003 -23"><span class='ocrx_word' id='word_1_473' title='bbox 1998 882 2161 955; x_wconf 83' lang='lat' dir='ltr'><strong>Regis</strong></span> <span class='ocrx_word' id='word_1_474' title='bbox 2189 889 2365 936; x_wconf 84' lang='lat' dir='ltr'><strong>ortum</strong></span> <span class='ocrx_word' id='word_1_475' title='bbox 2397 882 2621 937; x_wconf 91' lang='lat' dir='ltr'><strong>molitus</strong></span> <span class='ocrx_word' id='word_1_476' title='bbox 2651 882 3025 957; x_wconf 81' lang='lat' dir='ltr'><strong>exstinguere,</strong></span> <span class='ocrx_word' id='word_1_477' title='bbox 3059 883 3109 937; x_wconf 93' lang='lat' dir='ltr'><strong>in</strong></span> <span class='ocrx_word' id='word_1_478' title='bbox 3140 884 3382 938; x_wconf 86' lang='lat' dir='ltr'><strong>cervices</strong></span> <span class='ocrx_word' id='word_1_479' title='bbox 3410 887 3610 939; x_wconf 88' lang='lat' dir='ltr'><strong>lacten-</strong></span> 
     </span>
    </p>
   </div>
   <div class='ocr_carea' id='block_1_71' title="bbox 1997 972 3612 1046">
    <p class='ocr_par' dir='ltr' id='par_1_71' title="bbox 1997 972 3612 1046">
     <span class='ocr_line' id='line_1_71' title="bbox 1997 972 3612 1046; baseline 0.002 -21"><span class='ocrx_word' id='word_1_480' title='bbox 1997 973 2130 1026; x_wconf 90' lang='lat' dir='ltr'><strong>tium</strong></span> <span class='ocrx_word' id='word_1_481' title='bbox 2159 972 2403 1046; x_wconf 87' lang='lat' dir='ltr'><strong>gladium</strong></span> <span class='ocrx_word' id='word_1_482' title='bbox 2435 989 2596 1027; x_wconf 92' lang='lat' dir='ltr'><strong>suum</strong></span> <span class='ocrx_word' id='word_1_483' title='bbox 2639 974 2842 1027; x_wconf 83' lang='lat' dir='ltr'><strong>arctius</strong></span> <span class='ocrx_word' id='word_1_484' title='bbox 2872 974 3087 1029; x_wconf 88' lang='lat' dir='ltr'><strong>solebat</strong></span> <span class='ocrx_word' id='word_1_485' title='bbox 3124 977 3464 1030; x_wconf 87' lang='lat' dir='ltr'><strong>cruentando</strong></span> <span class='ocrx_word' id='word_1_486' title='bbox 3496 977 3612 1030; x_wconf 92' lang='lat' dir='ltr'><strong>dis-</strong></span> 
     </span>
    </p>
   </div>
   <div class='ocr_carea' id='block_1_72' title="bbox 2000 1064 3609 1139">
    <p class='ocr_par' dir='ltr' id='par_1_72' title="bbox 2000 1064 3609 1139">
     <span class='ocr_line' id='line_1_72' title="bbox 2000 1064 3609 1139; baseline 0.002 -21"><span class='ocrx_word' id='word_1_487' title='bbox 2000 1065 2269 1139; x_wconf 88' lang='lat' dir='ltr'><strong>tringere;</strong></span> <span class='ocrx_word' id='word_1_488' title='bbox 2313 1064 2705 1119; x_wconf 88' lang='lat' dir='ltr'><strong>Constantinus</strong></span> <span class='ocrx_word' id='word_1_489' title='bbox 2734 1082 2886 1130; x_wconf 90' lang='lat' dir='ltr'><strong>vero,</strong></span> <span class='ocrx_word' id='word_1_490' title='bbox 2911 1067 3183 1122; x_wconf 89' lang='lat' dir='ltr'><strong>mitiorem</strong></span> <span class='ocrx_word' id='word_1_491' title='bbox 3215 1084 3272 1121; x_wconf 91' lang='lat' dir='ltr'><strong>se</strong></span> <span class='ocrx_word' id='word_1_492' title='bbox 3304 1068 3380 1121; x_wconf 92' lang='lat' dir='ltr'><strong>illi</strong></span> <span class='ocrx_word' id='word_1_493' title='bbox 3417 1068 3609 1122; x_wconf 83' lang='lat' dir='ltr'><strong>volens</strong></span> 
     </span>
    </p>
   </div>
   <div class='ocr_carea' id='block_1_73' title="bbox 2000 1152 3608 1211">
    <p class='ocr_par' dir='ltr' id='par_1_73' title="bbox 2000 1152 3608 1211">
     <span class='ocr_line' id='line_1_73' title="bbox 2000 1152 3608 1211; baseline 0.001 -4"><span class='ocrx_word' id='word_1_494' title='bbox 2000 1152 2295 1207; x_wconf 87' lang='lat' dir='ltr'><strong>ostendere</strong></span> <span class='ocrx_word' id='word_1_495' title='bbox 2335 1169 2653 1208; x_wconf 90' lang='lat' dir='ltr'><strong>mucronem</strong></span> <span class='ocrx_word' id='word_1_496' title='bbox 2694 1170 2852 1208; x_wconf 88' lang='lat' dir='ltr'><strong>suum</strong></span> <span class='ocrx_word' id='word_1_497' title='bbox 2895 1171 2925 1208; x_wconf 91' lang='lat' dir='ltr'><strong>a</strong></span> <span class='ocrx_word' id='word_1_498' title='bbox 2963 1156 3271 1211; x_wconf 84' lang='lat' dir='ltr'><strong>cervicibus</strong></span> <span class='ocrx_word' id='word_1_499' title='bbox 3320 1154 3608 1211; x_wconf 78' lang='lat' dir='ltr'><strong>infantium</strong></span> 
     </span>
    </p>
   </div>
   <div class='ocr_carea' id='block_1_74' title="bbox 2000 1243 3611 1315">
    <p class='ocr_par' dir='ltr' id='par_1_74' title="bbox 2000 1243 3611 1315">
     <span class='ocr_line' id='line_1_74' title="bbox 2000 1243 3611 1315; baseline 0.002 -18"><span class='ocrx_word' id='word_1_500' title='bbox 2000 1243 2092 1313; x_wconf 89' lang='lat' dir='ltr'><strong>pia</strong></span> <span class='ocrx_word' id='word_1_501' title='bbox 2117 1245 2284 1313; x_wconf 68' lang='lat' dir='ltr'><strong>coepit</strong></span> <span class='ocrx_word' id='word_1_502' title='bbox 2309 1244 2604 1299; x_wconf 88' lang='lat' dir='ltr'><strong>devotione</strong></span> <span class='ocrx_word' id='word_1_503' title='bbox 2636 1246 2997 1315; x_wconf 89' lang='lat' dir='ltr'><strong>suspendere.</strong></span> <span class='ocrx_word' id='word_1_504' title='bbox 3028 1247 3271 1302; x_wconf 90' lang='lat' dir='ltr'><strong>Herodes</strong></span> <span class='ocrx_word' id='word_1_505' title='bbox 3300 1248 3463 1303; x_wconf 90' lang='lat' dir='ltr'><strong>saluti</strong></span> <span class='ocrx_word' id='word_1_506' title='bbox 3496 1264 3611 1301; x_wconf 61' lang='lat' dir='ltr'><strong>sua:</strong></span> 
     </span>
    </p>
   </div>
   <div class='ocr_carea' id='block_1_75' title="bbox 2000 1331 3613 1405">
    <p class='ocr_par' dir='ltr' id='par_1_75' title="bbox 2000 1331 3613 1405">
     <span class='ocr_line' id='line_1_75' title="bbox 2000 1331 3613 1405; baseline 0.002 -20"><span class='ocrx_word' id='word_1_507' title='bbox 2000 1331 2143 1386; x_wconf 91' lang='lat' dir='ltr'><strong>male</strong></span> <span class='ocrx_word' id='word_1_508' title='bbox 2172 1332 2450 1386; x_wconf 87' lang='lat' dir='ltr'><strong>consuluit</strong></span> <span class='ocrx_word' id='word_1_509' title='bbox 2479 1341 2535 1388; x_wconf 89' lang='lat' dir='ltr'><strong>et</strong></span> <span class='ocrx_word' id='word_1_510' title='bbox 2562 1334 2704 1387; x_wconf 92' lang='lat' dir='ltr'><strong>male</strong></span> <span class='ocrx_word' id='word_1_511' title='bbox 2738 1334 2995 1404; x_wconf 89' lang='lat' dir='ltr'><strong>providit,</strong></span> <span class='ocrx_word' id='word_1_512' title='bbox 3029 1335 3159 1389; x_wconf 93' lang='lat' dir='ltr'><strong>dum</strong></span> <span class='ocrx_word' id='word_1_513' title='bbox 3189 1351 3286 1405; x_wconf 91' lang='lat' dir='ltr'><strong>pro</strong></span> <span class='ocrx_word' id='word_1_514' title='bbox 3319 1337 3613 1391; x_wconf 85' lang='lat' dir='ltr'><strong>occasione</strong></span> 
     </span>
    </p>
   </div>
   <div class='ocr_carea' id='block_1_76' title="bbox 2000 1423 3619 1495">
    <p class='ocr_par' dir='ltr' id='par_1_76' title="bbox 2000 1423 3619 1495">
     <span class='ocr_line' id='line_1_76' title="bbox 2000 1423 3619 1495; baseline 0.002 -19"><span class='ocrx_word' id='word_1_515' title='bbox 2000 1423 2165 1477; x_wconf 86' lang='lat' dir='ltr'><strong>unius</strong></span> <span class='ocrx_word' id='word_1_516' title='bbox 2222 1424 2380 1494; x_wconf 89' lang='lat' dir='ltr'><strong>pueri</strong></span> <span class='ocrx_word' id='word_1_517' title='bbox 2433 1425 2635 1479; x_wconf 91' lang='lat' dir='ltr'><strong>multos</strong></span> <span class='ocrx_word' id='word_1_518' title='bbox 2689 1442 2893 1495; x_wconf 90' lang='lat' dir='ltr'><strong>pueros</strong></span> <span class='ocrx_word' id='word_1_519' title='bbox 2947 1427 3168 1493; x_wconf 89' lang='lat' dir='ltr'><strong>occidit,</strong></span> <span class='ocrx_word' id='word_1_520' title='bbox 3231 1426 3619 1481; x_wconf 89' lang='lat' dir='ltr'><strong>Constantinus</strong></span> 
     </span>
    </p>
   </div>
   <div class='ocr_carea' id='block_1_77' title="bbox 2000 1516 3617 1587">
    <p class='ocr_par' dir='ltr' id='par_1_77' title="bbox 2000 1516 3617 1587">
     <span class='ocr_line' id='line_1_77' title="bbox 2000 1516 3617 1587; baseline 0.004 -21"><span class='ocrx_word' id='word_1_521' title='bbox 2000 1530 2128 1569; x_wconf 86' lang='lat' dir='ltr'><strong>vero</strong></span> <span class='ocrx_word' id='word_1_522' title='bbox 2159 1516 2320 1570; x_wconf 89' lang='lat' dir='ltr'><strong>saluti</strong></span> <span class='ocrx_word' id='word_1_523' title='bbox 2348 1532 2461 1569; x_wconf 63' lang='lat' dir='ltr'><strong>sum</strong></span> <span class='ocrx_word' id='word_1_524' title='bbox 2482 1516 2652 1571; x_wconf 91' lang='lat' dir='ltr'><strong>multo</strong></span> <span class='ocrx_word' id='word_1_525' title='bbox 2676 1516 2875 1570; x_wconf 89' lang='lat' dir='ltr'><strong>melius</strong></span> <span class='ocrx_word' id='word_1_526' title='bbox 2908 1517 3199 1587; x_wconf 82' lang='lat' dir='ltr'><strong>providere</strong></span> <span class='ocrx_word' id='word_1_527' title='bbox 3225 1518 3457 1584; x_wconf 84' lang='lat' dir='ltr'><strong>solebat,</strong></span> <span class='ocrx_word' id='word_1_528' title='bbox 3487 1519 3617 1572; x_wconf 90' lang='lat' dir='ltr'><strong>dum</strong></span> 
     </span>
    </p>
   </div>
   <div class='ocr_carea' id='block_1_78' title="bbox 2004 1603 3617 1676">
    <p class='ocr_par' dir='ltr' id='par_1_78' title="bbox 2004 1603 3617 1676">
     <span class='ocr_line' id='line_1_78' title="bbox 2004 1603 3617 1676; baseline 0.003 -20"><span class='ocrx_word' id='word_1_529' title='bbox 2004 1603 2357 1673; x_wconf 91' lang='lat' dir='ltr'><strong>plurimorum</strong></span> <span class='ocrx_word' id='word_1_530' title='bbox 2393 1605 2553 1659; x_wconf 87' lang='lat' dir='ltr'><strong>saluti</strong></span> <span class='ocrx_word' id='word_1_531' title='bbox 2583 1605 2816 1660; x_wconf 89' lang='lat' dir='ltr'><strong>salutem</strong></span> <span class='ocrx_word' id='word_1_532' title='bbox 2857 1607 3020 1660; x_wconf 91' lang='lat' dir='ltr'><strong>unius</strong></span> <span class='ocrx_word' id='word_1_533' title='bbox 3069 1606 3328 1676; x_wconf 64' lang='lat' dir='ltr'><strong>prmferre</strong></span> <span class='ocrx_word' id='word_1_534' title='bbox 3370 1608 3617 1661; x_wconf 89' lang='lat' dir='ltr'><strong>uolebat.</strong></span> 
     </span>
    </p>
   </div>
   <div class='ocr_carea' id='block_1_79' title="bbox 2004 1693 3615 1773">
    <p class='ocr_par' dir='ltr' id='par_1_79' title="bbox 2004 1693 3615 1773">
     <span class='ocr_line' id='line_1_79' title="bbox 2004 1693 3615 1773; baseline 0.002 -25"><span class='ocrx_word' id='word_1_535' title='bbox 2004 1693 2245 1750; x_wconf 86' lang='lat' dir='ltr'><strong>Herodes</strong></span> <span class='ocrx_word' id='word_1_536' title='bbox 2284 1697 2472 1763; x_wconf 91' lang='lat' dir='ltr'><strong>etiam,</strong></span> <span class='ocrx_word' id='word_1_537' title='bbox 2506 1697 2703 1750; x_wconf 91' lang='lat' dir='ltr'><strong>videns</strong></span> <span class='ocrx_word' id='word_1_538' title='bbox 2734 1697 2861 1768; x_wconf 90' lang='lat' dir='ltr'><strong>quia</strong></span> <span class='ocrx_word' id='word_1_539' title='bbox 2914 1697 3106 1752; x_wconf 90' lang='lat' dir='ltr'><strong>illusus</strong></span> <span class='ocrx_word' id='word_1_540' title='bbox 3158 1706 3305 1752; x_wconf 83' lang='lat' dir='ltr'><strong>esset</strong></span> <span class='ocrx_word' id='word_1_541' title='bbox 3361 1716 3391 1752; x_wconf 91' lang='lat' dir='ltr'><strong>a</strong></span> <span class='ocrx_word' id='word_1_542' title='bbox 3424 1700 3615 1773; x_wconf 88' lang='lat' dir='ltr'><strong>magis,</strong></span> 
     </span>
    </p>
   </div>
   <div class='ocr_carea' id='block_1_80' title="bbox 2004 1786 3622 1863">
    <p class='ocr_par' dir='ltr' id='par_1_80' title="bbox 2004 1786 3622 1863">
     <span class='ocr_line' id='line_1_80' title="bbox 2004 1786 3622 1863; baseline 0.002 -23"><span class='ocrx_word' id='word_1_543' title='bbox 2004 1786 2058 1840; x_wconf 93' lang='lat' dir='ltr'><strong>in</strong></span> <span class='ocrx_word' id='word_1_544' title='bbox 2086 1788 2364 1842; x_wconf 89' lang='lat' dir='ltr'><strong>occisione</strong></span> <span class='ocrx_word' id='word_1_545' title='bbox 2394 1788 2748 1858; x_wconf 88' lang='lat' dir='ltr'><strong>parvulorum</strong></span> <span class='ocrx_word' id='word_1_546' title='bbox 2791 1804 2984 1858; x_wconf 84' lang='lat' dir='ltr'><strong>poenas</strong></span> <span class='ocrx_word' id='word_1_547' title='bbox 3017 1790 3215 1858; x_wconf 71' lang='lat' dir='ltr'><strong>poenis,</strong></span> <span class='ocrx_word' id='word_1_548' title='bbox 3236 1797 3291 1844; x_wconf 89' lang='lat' dir='ltr'><strong>et</strong></span> <span class='ocrx_word' id='word_1_549' title='bbox 3318 1790 3507 1863; x_wconf 83' lang='lat' dir='ltr'><strong>plagas</strong></span> <span class='ocrx_word' id='word_1_550' title='bbox 3522 1806 3622 1843; x_wconf 92' lang='lat' dir='ltr'><strong>au-</strong></span> 
     </span>
    </p>
   </div>
   <div class='ocr_carea' id='block_1_81' title="bbox 2000 1877 3622 1950">
    <p class='ocr_par' dir='ltr' id='par_1_81' title="bbox 2000 1877 3622 1950">
     <span class='ocr_line' id='line_1_81' title="bbox 2000 1877 3622 1950; baseline 0.002 -22"><span class='ocrx_word' id='word_1_551' title='bbox 2000 1883 2380 1950; x_wconf 90' lang='lat' dir='ltr'><strong>gmentaverat</strong></span> <span class='ocrx_word' id='word_1_552' title='bbox 2401 1877 2606 1950; x_wconf 85' lang='lat' dir='ltr'><strong>plagis;</strong></span> <span class='ocrx_word' id='word_1_553' title='bbox 2637 1877 3026 1931; x_wconf 82' lang='lat' dir='ltr'><strong>Constantinus</strong></span> <span class='ocrx_word' id='word_1_554' title='bbox 3054 1893 3184 1932; x_wconf 89' lang='lat' dir='ltr'><strong>vero</strong></span> <span class='ocrx_word' id='word_1_555' title='bbox 3206 1878 3274 1932; x_wconf 89' lang='lat' dir='ltr'><strong>ab</strong></span> <span class='ocrx_word' id='word_1_556' title='bbox 3309 1879 3537 1932; x_wconf 86' lang='lat' dir='ltr'><strong>hariolis</strong></span> <span class='ocrx_word' id='word_1_557' title='bbox 3562 1888 3622 1932; x_wconf 91' lang='lat' dir='ltr'><strong>et</strong></span> 
     </span>
    </p>
   </div>
   <div class='ocr_carea' id='block_1_82' title="bbox 2001 1965 3621 2036">
    <p class='ocr_par' dir='ltr' id='par_1_82' title="bbox 2001 1965 3621 2036">
     <span class='ocr_line' id='line_1_82' title="bbox 2001 1965 3621 2036; baseline 0.002 -18"><span class='ocrx_word' id='word_1_558' title='bbox 2001 1965 2175 2036; x_wconf 88' lang='lat' dir='ltr'><strong>magis</strong></span> <span class='ocrx_word' id='word_1_559' title='bbox 2212 1966 2406 2019; x_wconf 88' lang='lat' dir='ltr'><strong>videns</strong></span> <span class='ocrx_word' id='word_1_560' title='bbox 2446 1965 2549 2019; x_wconf 90' lang='lat' dir='ltr'><strong>sibi</strong></span> <span class='ocrx_word' id='word_1_561' title='bbox 2578 1966 2718 2019; x_wconf 91' lang='lat' dir='ltr'><strong>male</strong></span> <span class='ocrx_word' id='word_1_562' title='bbox 2746 1966 2919 2020; x_wconf 79' lang='lat' dir='ltr'><strong>fuisse</strong></span> <span class='ocrx_word' id='word_1_563' title='bbox 2952 1967 3285 2033; x_wconf 89' lang='lat' dir='ltr'><strong>consultum,</strong></span> <span class='ocrx_word' id='word_1_564' title='bbox 3318 1967 3375 2019; x_wconf 92' lang='lat' dir='ltr'><strong>in</strong></span> <span class='ocrx_word' id='word_1_565' title='bbox 3409 1968 3621 2021; x_wconf 87' lang='lat' dir='ltr'><strong>relaxa-</strong></span> 
     </span>
    </p>
   </div>
   <div class='ocr_carea' id='block_1_83' title="bbox 2000 2057 3616 2131">
    <p class='ocr_par' dir='ltr' id='par_1_83' title="bbox 2000 2057 3616 2131">
     <span class='ocr_line' id='line_1_83' title="bbox 2000 2057 3616 2131; baseline 0.001 -22"><span class='ocrx_word' id='word_1_566' title='bbox 2000 2057 2149 2112; x_wconf 90' lang='lat' dir='ltr'><strong>tione</strong></span> <span class='ocrx_word' id='word_1_567' title='bbox 2173 2060 2523 2127; x_wconf 88' lang='lat' dir='ltr'><strong>parvulorum</strong></span> <span class='ocrx_word' id='word_1_568' title='bbox 2555 2065 2788 2114; x_wconf 88' lang='lat' dir='ltr'><strong>matrum</strong></span> <span class='ocrx_word' id='word_1_569' title='bbox 2812 2059 3191 2131; x_wconf 80' lang='lat' dir='ltr'><strong>plangentium</strong></span> <span class='ocrx_word' id='word_1_570' title='bbox 3227 2059 3397 2113; x_wconf 79' lang='lat' dir='ltr'><strong>voluit</strong></span> <span class='ocrx_word' id='word_1_571' title='bbox 3423 2057 3616 2111; x_wconf 86' lang='lat' dir='ltr'><strong>sedare</strong></span> 
     </span>
    </p>
   </div>
   <div class='ocr_carea' id='block_1_84' title="bbox 2002 2146 3616 2221">
    <p class='ocr_par' dir='ltr' id='par_1_84' title="bbox 2002 2146 3616 2221">
     <span class='ocr_line' id='line_1_84' title="bbox 2002 2146 3616 2221; baseline -0.001 -21"><span class='ocrx_word' id='word_1_572' title='bbox 2002 2147 2321 2219; x_wconf 89' lang='lat' dir='ltr'><strong>singultum.</strong></span> <span class='ocrx_word' id='word_1_573' title='bbox 2371 2149 2613 2203; x_wconf 87' lang='lat' dir='ltr'><strong>Herodes</strong></span> <span class='ocrx_word' id='word_1_574' title='bbox 2663 2148 2816 2221; x_wconf 87' lang='lat' dir='ltr'><strong>regni</strong></span> <span class='ocrx_word' id='word_1_575' title='bbox 2874 2148 3194 2218; x_wconf 87' lang='lat' dir='ltr'><strong>temporalis</strong></span> <span class='ocrx_word' id='word_1_576' title='bbox 3234 2153 3408 2201; x_wconf 90' lang='lat' dir='ltr'><strong>tactus</strong></span> <span class='ocrx_word' id='word_1_577' title='bbox 3438 2146 3616 2200; x_wconf 87' lang='lat' dir='ltr'><strong>ambi-</strong></span> 
     </span>
    </p>
   </div>
   <div class='ocr_carea' id='block_1_85' title="bbox 2006 2238 3615 2313">
    <p class='ocr_par' dir='ltr' id='par_1_85' title="bbox 2006 2238 3615 2313">
     <span class='ocr_line' id='line_1_85' title="bbox 2006 2238 3615 2313; baseline -0.001 -21"><span class='ocrx_word' id='word_1_578' title='bbox 2006 2239 2176 2304; x_wconf 91' lang='lat' dir='ltr'><strong>tione,</strong></span> <span class='ocrx_word' id='word_1_579' title='bbox 2210 2241 2453 2295; x_wconf 84' lang='lat' dir='ltr'><strong>coelestis</strong></span> <span class='ocrx_word' id='word_1_580' title='bbox 2484 2241 2638 2312; x_wconf 85' lang='lat' dir='ltr'><strong>regni</strong></span> <span class='ocrx_word' id='word_1_581' title='bbox 2682 2240 2886 2313; x_wconf 89' lang='lat' dir='ltr'><strong>gaudio</strong></span> <span class='ocrx_word' id='word_1_582' title='bbox 2919 2240 3107 2294; x_wconf 91' lang='lat' dir='ltr'><strong>divina</strong></span> <span class='ocrx_word' id='word_1_583' title='bbox 3138 2239 3380 2308; x_wconf 84' lang='lat' dir='ltr'><strong>privatus</strong></span> <span class='ocrx_word' id='word_1_584' title='bbox 3411 2246 3493 2293; x_wconf 90' lang='lat' dir='ltr'><strong>est</strong></span> <span class='ocrx_word' id='word_1_585' title='bbox 3523 2238 3615 2292; x_wconf 90' lang='lat' dir='ltr'><strong>ul—</strong></span> 
     </span>
    </p>
   </div>
   <div class='ocr_carea' id='block_1_86' title="bbox 2005 2327 3618 2399">
    <p class='ocr_par' dir='ltr' id='par_1_86' title="bbox 2005 2327 3618 2399">
     <span class='ocr_line' id='line_1_86' title="bbox 2005 2327 3618 2399; baseline 0 -19"><span class='ocrx_word' id='word_1_586' title='bbox 2005 2327 2186 2390; x_wconf 85' lang='lat' dir='ltr'><strong>tione;</strong></span> <span class='ocrx_word' id='word_1_587' title='bbox 2230 2328 2620 2382; x_wconf 89' lang='lat' dir='ltr'><strong>Constantinus</strong></span> <span class='ocrx_word' id='word_1_588' title='bbox 2650 2336 2829 2382; x_wconf 90' lang='lat' dir='ltr'><strong>autem</strong></span> <span class='ocrx_word' id='word_1_589' title='bbox 2872 2344 2971 2399; x_wconf 88' lang='lat' dir='ltr'><strong>pro</strong></span> <span class='ocrx_word' id='word_1_590' title='bbox 3011 2328 3346 2382; x_wconf 86' lang='lat' dir='ltr'><strong>relaxatione</strong></span> <span class='ocrx_word' id='word_1_591' title='bbox 3404 2328 3618 2381; x_wconf 88' lang='lat' dir='ltr'><strong>exerci-</strong></span> 
     </span>
    </p>
   </div>
   <div class='ocr_carea' id='block_1_87' title="bbox 2007 2419 3612 2491">
    <p class='ocr_par' dir='ltr' id='par_1_87' title="bbox 2007 2419 3612 2491">
     <span class='ocr_line' id='line_1_87' title="bbox 2007 2419 3612 2491; baseline -0.001 -19"><span class='ocrx_word' id='word_1_592' title='bbox 2007 2426 2093 2473; x_wconf 92' lang='lat' dir='ltr'><strong>tus</strong></span> <span class='ocrx_word' id='word_1_593' title='bbox 2115 2419 2425 2482; x_wconf 86' lang='lat' dir='ltr'><strong>occidendi,</strong></span> <span class='ocrx_word' id='word_1_594' title='bbox 2454 2429 2633 2474; x_wconf 91' lang='lat' dir='ltr'><strong>etnon</strong></span> <span class='ocrx_word' id='word_1_595' title='bbox 2661 2420 2850 2485; x_wconf 88' lang='lat' dir='ltr'><strong>occisi,</strong></span> <span class='ocrx_word' id='word_1_596' title='bbox 2875 2420 3043 2491; x_wconf 85' lang='lat' dir='ltr'><strong>digne</strong></span> <span class='ocrx_word' id='word_1_597' title='bbox 3066 2420 3370 2489; x_wconf 85' lang='lat' dir='ltr'><strong>promeruit</strong></span> <span class='ocrx_word' id='word_1_598' title='bbox 3389 2435 3612 2490; x_wconf 85' lang='lat' dir='ltr'><strong>regnum</strong></span> 
     </span>
    </p>
   </div>
   <div class='ocr_carea' id='block_1_88' title="bbox 2005 2508 3613 2579">
    <p class='ocr_par' dir='ltr' id='par_1_88' title="bbox 2005 2508 3613 2579">
     <span class='ocr_line' id='line_1_88' title="bbox 2005 2508 3613 2579; baseline -0.001 -18"><span class='ocrx_word' id='word_1_599' title='bbox 2005 2509 2210 2563; x_wconf 90' lang='lat' dir='ltr'><strong>intrare</strong></span> <span class='ocrx_word' id='word_1_600' title='bbox 2269 2509 2523 2579; x_wconf 87' lang='lat' dir='ltr'><strong>paradisi.</strong></span> <span class='ocrx_word' id='word_1_601' title='bbox 2588 2508 2852 2573; x_wconf 87' lang='lat' dir='ltr'><strong>Herodes,</strong></span> <span class='ocrx_word' id='word_1_602' title='bbox 2915 2508 3119 2562; x_wconf 88' lang='lat' dir='ltr'><strong>terreni</strong></span> <span class='ocrx_word' id='word_1_603' title='bbox 3152 2508 3370 2577; x_wconf 91' lang='lat' dir='ltr'><strong>imperii</strong></span> <span class='ocrx_word' id='word_1_604' title='bbox 3415 2508 3613 2561; x_wconf 90' lang='lat' dir='ltr'><strong>timens</strong></span> 
     </span>
    </p>
   </div>
   <div class='ocr_carea' id='block_1_89' title="bbox 2004 2599 3612 2670">
    <p class='ocr_par' dir='ltr' id='par_1_89' title="bbox 2004 2599 3612 2670">
     <span class='ocr_line' id='line_1_89' title="bbox 2004 2599 3612 2670; baseline 0.001 -18"><span class='ocrx_word' id='word_1_605' title='bbox 2004 2601 2255 2655; x_wconf 91' lang='lat' dir='ltr'><strong>amittere</strong></span> <span class='ocrx_word' id='word_1_606' title='bbox 2312 2608 2537 2669; x_wconf 87' lang='lat' dir='ltr'><strong>sortem,</strong></span> <span class='ocrx_word' id='word_1_607' title='bbox 2606 2616 2701 2670; x_wconf 90' lang='lat' dir='ltr'><strong>pro</strong></span> <span class='ocrx_word' id='word_1_608' title='bbox 2756 2606 2929 2654; x_wconf 89' lang='lat' dir='ltr'><strong>morte</strong></span> <span class='ocrx_word' id='word_1_609' title='bbox 2958 2600 3124 2653; x_wconf 90' lang='lat' dir='ltr'><strong>unius</strong></span> <span class='ocrx_word' id='word_1_610' title='bbox 3188 2600 3377 2654; x_wconf 92' lang='lat' dir='ltr'><strong>multis</strong></span> <span class='ocrx_word' id='word_1_611' title='bbox 3430 2599 3612 2654; x_wconf 90' lang='lat' dir='ltr'><strong>intulit</strong></span> 
     </span>
    </p>
   </div>
   <div class='ocr_carea' id='block_1_90' title="bbox 2002 2691 3616 2761">
    <p class='ocr_par' dir='ltr' id='par_1_90' title="bbox 2002 2691 3616 2761">
     <span class='ocr_line' id='line_1_90' title="bbox 2002 2691 3616 2761; baseline -0.001 -16"><span class='ocrx_word' id='word_1_612' title='bbox 2002 2700 2261 2754; x_wconf 84' lang='lat' dir='ltr'><strong>mortem;</strong></span> <span class='ocrx_word' id='word_1_613' title='bbox 2297 2691 2683 2747; x_wconf 88' lang='lat' dir='ltr'><strong>Constantinus</strong></span> <span class='ocrx_word' id='word_1_614' title='bbox 2713 2701 2895 2746; x_wconf 88' lang='lat' dir='ltr'><strong>autem</strong></span> <span class='ocrx_word' id='word_1_615' title='bbox 2933 2693 3098 2761; x_wconf 69' lang='lat' dir='ltr'><strong>lepra)</strong></span> <span class='ocrx_word' id='word_1_616' title='bbox 3146 2691 3339 2745; x_wconf 86' lang='lat' dir='ltr'><strong>maluit</strong></span> <span class='ocrx_word' id='word_1_617' title='bbox 3378 2691 3616 2744; x_wconf 88' lang='lat' dir='ltr'><strong>volatilis</strong></span> 
     </span>
    </p>
   </div>
   <div class='ocr_carea' id='block_1_91' title="bbox 2001 2779 3608 2851">
    <p class='ocr_par' dir='ltr' id='par_1_91' title="bbox 2001 2779 3608 2851">
     <span class='ocr_line' id='line_1_91' title="bbox 2001 2779 3608 2851; baseline 0.001 -19"><span class='ocrx_word' id='word_1_618' title='bbox 2001 2779 2150 2834; x_wconf 91' lang='lat' dir='ltr'><strong>solus</strong></span> <span class='ocrx_word' id='word_1_619' title='bbox 2180 2780 2383 2835; x_wconf 89' lang='lat' dir='ltr'><strong>habere</strong></span> <span class='ocrx_word' id='word_1_620' title='bbox 2400 2780 2662 2843; x_wconf 89' lang='lat' dir='ltr'><strong>scabiem,</strong></span> <span class='ocrx_word' id='word_1_621' title='bbox 2689 2797 2850 2851; x_wconf 89' lang='lat' dir='ltr'><strong>quam</strong></span> <span class='ocrx_word' id='word_1_622' title='bbox 2888 2780 3275 2835; x_wconf 75' lang='lat' dir='ltr'><strong>interiectione</strong></span> <span class='ocrx_word' id='word_1_623' title='bbox 3309 2781 3608 2834; x_wconf 92' lang='lat' dir='ltr'><strong>multorum</strong></span> 
     </span>
    </p>
   </div>
   <div class='ocr_carea' id='block_1_92' title="bbox 2002 2875 3611 2938">
    <p class='ocr_par' dir='ltr' id='par_1_92' title="bbox 2002 2875 3611 2938">
     <span class='ocr_line' id='line_1_92' title="bbox 2002 2875 3611 2938; baseline 0 -11"><span class='ocrx_word' id='word_1_624' title='bbox 2002 2875 2277 2929; x_wconf 87' lang='lat' dir='ltr'><strong>leoninam</strong></span> <span class='ocrx_word' id='word_1_625' title='bbox 2347 2877 2649 2930; x_wconf 90' lang='lat' dir='ltr'><strong>incurreret</strong></span> <span class='ocrx_word' id='word_1_626' title='bbox 2722 2875 2950 2930; x_wconf 90' lang='lat' dir='ltr'><strong>rabiem.</strong></span> <span class='ocrx_word' id='word_1_627' title='bbox 3024 2875 3281 2938; x_wconf 89' lang='lat' dir='ltr'><strong>Herodes,</strong></span> <span class='ocrx_word' id='word_1_628' title='bbox 3347 2875 3611 2929; x_wconf 88' lang='lat' dir='ltr'><strong>malorum</strong></span> 
     </span>
    </p>
   </div>
   <div class='ocr_carea' id='block_1_93' title="bbox 2003 2969 3612 3043">
    <p class='ocr_par' dir='ltr' id='par_1_93' title="bbox 2003 2969 3612 3043">
     <span class='ocr_line' id='line_1_93' title="bbox 2003 2969 3612 3043; baseline -0.001 -19"><span class='ocrx_word' id='word_1_629' title='bbox 2003 2987 2218 3037; x_wconf 90' lang='lat' dir='ltr'><strong>currus,</strong></span> <span class='ocrx_word' id='word_1_630' title='bbox 2262 2980 2317 3026; x_wconf 94' lang='lat' dir='ltr'><strong>et</strong></span> <span class='ocrx_word' id='word_1_631' title='bbox 2346 2972 2658 3041; x_wconf 89' lang='lat' dir='ltr'><strong>iniquorum</strong></span> <span class='ocrx_word' id='word_1_632' title='bbox 2685 2971 2897 3043; x_wconf 90' lang='lat' dir='ltr'><strong>auriga,</strong></span> <span class='ocrx_word' id='word_1_633' title='bbox 2928 2971 3089 3025; x_wconf 84' lang='lat' dir='ltr'><strong>trium</strong></span> <span class='ocrx_word' id='word_1_634' title='bbox 3124 2969 3360 3025; x_wconf 86' lang='lat' dir='ltr'><strong>filiorum</strong></span> <span class='ocrx_word' id='word_1_635' title='bbox 3392 2986 3612 3024; x_wconf 91' lang='lat' dir='ltr'><strong>suorum</strong></span> 
     </span>
    </p>
   </div>
   <div class='ocr_carea' id='block_1_94' title="bbox 2003 3061 3615 3133">
    <p class='ocr_par' dir='ltr' id='par_1_94' title="bbox 2003 3061 3615 3133">
     <span class='ocr_line' id='line_1_94' title="bbox 2003 3061 3615 3133; baseline -0.001 -17"><span class='ocrx_word' id='word_1_636' title='bbox 2003 3063 2257 3132; x_wconf 90' lang='lat' dir='ltr'><strong>proprius</strong></span> <span class='ocrx_word' id='word_1_637' title='bbox 2322 3064 2528 3117; x_wconf 86' lang='lat' dir='ltr'><strong>exstitit</strong></span> <span class='ocrx_word' id='word_1_638' title='bbox 2597 3063 2901 3133; x_wconf 86' lang='lat' dir='ltr'><strong>parricida;</strong></span> <span class='ocrx_word' id='word_1_639' title='bbox 2957 3061 3344 3117; x_wconf 86' lang='lat' dir='ltr'><strong>Constantinus</strong></span> <span class='ocrx_word' id='word_1_640' title='bbox 3409 3069 3615 3125; x_wconf 86' lang='lat' dir='ltr'><strong>autem,</strong></span> 
     </span>
    </p>
   </div>
   <div class='ocr_carea' id='block_1_95' title="bbox 2002 3149 3610 3224">
    <p class='ocr_par' dir='ltr' id='par_1_95' title="bbox 2002 3149 3610 3224">
     <span class='ocr_line' id='line_1_95' title="bbox 2002 3149 3610 3224; baseline -0.001 -20"><span class='ocrx_word' id='word_1_641' title='bbox 2002 3150 2311 3207; x_wconf 76' lang='lat' dir='ltr'><strong>Graecorum</strong></span> <span class='ocrx_word' id='word_1_642' title='bbox 2363 3168 2585 3216; x_wconf 89' lang='lat' dir='ltr'><strong>currus;</strong></span> <span class='ocrx_word' id='word_1_643' title='bbox 2621 3160 2675 3205; x_wconf 91' lang='lat' dir='ltr'><strong>et</strong></span> <span class='ocrx_word' id='word_1_644' title='bbox 2707 3151 3076 3207; x_wconf 80' lang='lat' dir='ltr'><strong>Romanorum</strong></span> <span class='ocrx_word' id='word_1_645' title='bbox 3128 3150 3338 3224; x_wconf 88' lang='lat' dir='ltr'><strong>auriga,</strong></span> <span class='ocrx_word' id='word_1_646' title='bbox 3374 3149 3610 3204; x_wconf 77' lang='lat' dir='ltr'><strong>filiorum</strong></span> 
     </span>
    </p>
   </div>
   <div class='ocr_carea' id='block_1_96' title="bbox 2002 3237 3618 3294">
    <p class='ocr_par' dir='ltr' id='par_1_96' title="bbox 2002 3237 3618 3294">
     <span class='ocr_line' id='line_1_96' title="bbox 2002 3237 3618 3294; baseline -0.001 -2"><span class='ocrx_word' id='word_1_647' title='bbox 2002 3240 2307 3294; x_wconf 86' lang='lat' dir='ltr'><strong>alienorum</strong></span> <span class='ocrx_word' id='word_1_648' title='bbox 2367 3239 2542 3293; x_wconf 91' lang='lat' dir='ltr'><strong>noluit</strong></span> <span class='ocrx_word' id='word_1_649' title='bbox 2581 3237 2697 3293; x_wconf 82' lang='lat' dir='ltr'><strong>ﬁeri</strong></span> <span class='ocrx_word' id='word_1_650' title='bbox 2759 3238 3051 3293; x_wconf 86' lang='lat' dir='ltr'><strong>homicida.</strong></span> <span class='ocrx_word' id='word_1_651' title='bbox 3136 3238 3377 3292; x_wconf 88' lang='lat' dir='ltr'><strong>Herodes</strong></span> <span class='ocrx_word' id='word_1_652' title='bbox 3431 3238 3618 3291; x_wconf 87' lang='lat' dir='ltr'><strong>multis</strong></span> 
     </span>
    </p>
   </div>
   <div class='ocr_carea' id='block_1_97' title="bbox 2005 3326 3616 3398">
    <p class='ocr_par' dir='ltr' id='par_1_97' title="bbox 2005 3326 3616 3398">
     <span class='ocr_line' id='line_1_97' title="bbox 2005 3326 3616 3398; baseline -0.002 -17"><span class='ocrx_word' id='word_1_653' title='bbox 2005 3328 2181 3383; x_wconf 92' lang='lat' dir='ltr'><strong>modis</strong></span> <span class='ocrx_word' id='word_1_654' title='bbox 2206 3329 2316 3398; x_wconf 89' lang='lat' dir='ltr'><strong>jam</strong></span> <span class='ocrx_word' id='word_1_655' title='bbox 2341 3329 2593 3382; x_wconf 88' lang='lat' dir='ltr'><strong>addictus</strong></span> <span class='ocrx_word' id='word_1_656' title='bbox 2620 3334 2703 3381; x_wconf 86' lang='lat' dir='ltr'><strong>est</strong></span> <span class='ocrx_word' id='word_1_657' title='bbox 2731 3328 2933 3398; x_wconf 87' lang='lat' dir='ltr'><strong>poenis,</strong></span> <span class='ocrx_word' id='word_1_658' title='bbox 2969 3328 3097 3381; x_wconf 89' lang='lat' dir='ltr'><strong>dum</strong></span> <span class='ocrx_word' id='word_1_659' title='bbox 3121 3327 3189 3381; x_wconf 89' lang='lat' dir='ltr'><strong>ad</strong></span> <span class='ocrx_word' id='word_1_660' title='bbox 3220 3326 3616 3381; x_wconf 84' lang='lat' dir='ltr'><strong>effundendum</strong></span> 
     </span>
    </p>
   </div>
   <div class='ocr_carea' id='block_1_98' title="bbox 2001 3415 3618 3489">
    <p class='ocr_par' dir='ltr' id='par_1_98' title="bbox 2001 3415 3618 3489">
     <span class='ocr_line' id='line_1_98' title="bbox 2001 3415 3618 3489; baseline -0.002 -18"><span class='ocrx_word' id='word_1_661' title='bbox 2001 3417 2329 3489; x_wconf 85' lang='lat' dir='ltr'><strong>sanguinem</strong></span> <span class='ocrx_word' id='word_1_662' title='bbox 2389 3416 2624 3472; x_wconf 82' lang='lat' dir='ltr'><strong>filiorum</strong></span> <span class='ocrx_word' id='word_1_663' title='bbox 2686 3432 2911 3471; x_wconf 88' lang='lat' dir='ltr'><strong>suorum</strong></span> <span class='ocrx_word' id='word_1_664' title='bbox 2970 3415 3140 3470; x_wconf 89' lang='lat' dir='ltr'><strong>armis</strong></span> <span class='ocrx_word' id='word_1_665' title='bbox 3191 3431 3300 3470; x_wconf 91' lang='lat' dir='ltr'><strong>non</strong></span> <span class='ocrx_word' id='word_1_666' title='bbox 3354 3415 3618 3485; x_wconf 88' lang='lat' dir='ltr'><strong>parcebat</strong></span> 
     </span>
    </p>
   </div>
   <div class='ocr_carea' id='block_1_99' title="bbox 2008 3503 3621 3573">
    <p class='ocr_par' dir='ltr' id='par_1_99' title="bbox 2008 3503 3621 3573">
     <span class='ocr_line' id='line_1_99' title="bbox 2008 3503 3621 3573; baseline -0.002 -13"><span class='ocrx_word' id='word_1_667' title='bbox 2008 3505 2242 3560; x_wconf 77' lang='lat' dir='ltr'><strong>amomis</strong></span> <span class='ocrx_word' id='word_1_668' title='bbox 2264 3508 2413 3573; x_wconf 80' lang='lat' dir='ltr'><strong>(sic);</strong></span> <span class='ocrx_word' id='word_1_669' title='bbox 2447 3505 2835 3559; x_wconf 84' lang='lat' dir='ltr'><strong>Constantinus</strong></span> <span class='ocrx_word' id='word_1_670' title='bbox 2853 3511 3037 3559; x_wconf 88' lang='lat' dir='ltr'><strong>autem</strong></span> <span class='ocrx_word' id='word_1_671' title='bbox 3068 3511 3300 3558; x_wconf 89' lang='lat' dir='ltr'><strong>econtra</strong></span> <span class='ocrx_word' id='word_1_672' title='bbox 3323 3505 3389 3557; x_wconf 92' lang='lat' dir='ltr'><strong>ab</strong></span> <span class='ocrx_word' id='word_1_673' title='bbox 3402 3503 3621 3557; x_wconf 82' lang='lat' dir='ltr'><strong>aeternis</strong></span> 
     </span>
    </p>
   </div>
   <div class='ocr_carea' id='block_1_100' title="bbox 2008 3596 3617 3669">
    <p class='ocr_par' dir='ltr' id='par_1_100' title="bbox 2008 3596 3617 3669">
     <span class='ocr_line' id='line_1_100' title="bbox 2008 3596 3617 3669; baseline -0.004 -15"><span class='ocrx_word' id='word_1_674' title='bbox 2008 3601 2273 3654; x_wconf 90' lang='lat' dir='ltr'><strong>liberatus</strong></span> <span class='ocrx_word' id='word_1_675' title='bbox 2312 3599 2512 3669; x_wconf 66' lang='lat' dir='ltr'><strong>poenis,</strong></span> <span class='ocrx_word' id='word_1_676' title='bbox 2533 3599 2661 3668; x_wconf 88' lang='lat' dir='ltr'><strong>quia</strong></span> <span class='ocrx_word' id='word_1_677' title='bbox 2699 3599 2754 3650; x_wconf 91' lang='lat' dir='ltr'><strong>in</strong></span> <span class='ocrx_word' id='word_1_678' title='bbox 2774 3598 3159 3667; x_wconf 87' lang='lat' dir='ltr'><strong>redemptione</strong></span> <span class='ocrx_word' id='word_1_679' title='bbox 3200 3596 3439 3649; x_wconf 75' lang='lat' dir='ltr'><strong>filiorum</strong></span> <span class='ocrx_word' id='word_1_680' title='bbox 3483 3596 3617 3649; x_wconf 88' lang='lat' dir='ltr'><strong>alie-</strong></span> 
     </span>
    </p>
   </div>
   <div class='ocr_carea' id='block_1_101' title="bbox 2009 3687 3621 3760">
    <p class='ocr_par' dir='ltr' id='par_1_101' title="bbox 2009 3687 3621 3760">
     <span class='ocr_line' id='line_1_101' title="bbox 2009 3687 3621 3760; baseline -0.002 -16"><span class='ocrx_word' id='word_1_681' title='bbox 2009 3706 2206 3746; x_wconf 93' lang='lat' dir='ltr'><strong>norum</strong></span> <span class='ocrx_word' id='word_1_682' title='bbox 2244 3690 2422 3760; x_wconf 66' lang='lat' dir='ltr'><strong>poenis</strong></span> <span class='ocrx_word' id='word_1_683' title='bbox 2455 3689 2713 3759; x_wconf 87' lang='lat' dir='ltr'><strong>parcebat</strong></span> <span class='ocrx_word' id='word_1_684' title='bbox 2742 3688 2959 3742; x_wconf 90' lang='lat' dir='ltr'><strong>alienis.</strong></span> <span class='ocrx_word' id='word_1_685' title='bbox 3020 3688 3261 3742; x_wconf 91' lang='lat' dir='ltr'><strong>Herodes</strong></span> <span class='ocrx_word' id='word_1_686' title='bbox 3316 3687 3561 3756; x_wconf 89' lang='lat' dir='ltr'><strong>seipsum</strong></span> <span class='ocrx_word' id='word_1_687' title='bbox 3590 3703 3621 3740; x_wconf 91' lang='lat' dir='ltr'><strong>a</strong></span> 
     </span>
    </p>
   </div>
   <div class='ocr_carea' id='block_1_102' title="bbox 2007 3774 3621 3851">
    <p class='ocr_par' dir='ltr' id='par_1_102' title="bbox 2007 3774 3621 3851">
     <span class='ocr_line' id='line_1_102' title="bbox 2007 3774 3621 3851; baseline -0.003 -17"><span class='ocrx_word' id='word_1_688' title='bbox 2007 3780 2147 3835; x_wconf 86' lang='lat' dir='ltr'><strong>facie</strong></span> <span class='ocrx_word' id='word_1_689' title='bbox 2188 3779 2404 3835; x_wconf 92' lang='lat' dir='ltr'><strong>Domini</strong></span> <span class='ocrx_word' id='word_1_690' title='bbox 2455 3778 2675 3851; x_wconf 86' lang='lat' dir='ltr'><strong>longius</strong></span> <span class='ocrx_word' id='word_1_691' title='bbox 2713 3777 2895 3847; x_wconf 88' lang='lat' dir='ltr'><strong>ejecit,</strong></span> <span class='ocrx_word' id='word_1_692' title='bbox 2952 3778 3080 3831; x_wconf 91' lang='lat' dir='ltr'><strong>dum</strong></span> <span class='ocrx_word' id='word_1_693' title='bbox 3137 3777 3191 3829; x_wconf 93' lang='lat' dir='ltr'><strong>in</strong></span> <span class='ocrx_word' id='word_1_694' title='bbox 3238 3774 3621 3830; x_wconf 89' lang='lat' dir='ltr'><strong>iuterfectione</strong></span> 
     </span>
    </p>
   </div>
   <div class='ocr_carea' id='block_1_103' title="bbox 2004 3863 3621 3940">
    <p class='ocr_par' dir='ltr' id='par_1_103' title="bbox 2004 3863 3621 3940">
     <span class='ocr_line' id='line_1_103' title="bbox 2004 3863 3621 3940; baseline -0.004 -17"><span class='ocrx_word' id='word_1_695' title='bbox 2004 3869 2356 3940; x_wconf 85' lang='lat' dir='ltr'><strong>parvulorum</strong></span> <span class='ocrx_word' id='word_1_696' title='bbox 2377 3884 2434 3922; x_wconf 90' lang='lat' dir='ltr'><strong>se</strong></span> <span class='ocrx_word' id='word_1_697' title='bbox 2459 3867 2638 3937; x_wconf 92' lang='lat' dir='ltr'><strong>ipsum</strong></span> <span class='ocrx_word' id='word_1_698' title='bbox 2671 3867 2855 3936; x_wconf 89' lang='lat' dir='ltr'><strong>potius</strong></span> <span class='ocrx_word' id='word_1_699' title='bbox 2889 3864 3193 3929; x_wconf 86' lang='lat' dir='ltr'><strong>interfecit;</strong></span> <span class='ocrx_word' id='word_1_700' title='bbox 3229 3863 3621 3917; x_wconf 88' lang='lat' dir='ltr'><strong>Constantinus</strong></span> 
     </span>
    </p>
   </div>
   <div class='ocr_carea' id='block_1_104' title="bbox 2003 3954 3618 4028">
    <p class='ocr_par' dir='ltr' id='par_1_104' title="bbox 2003 3954 3618 4028">
     <span class='ocr_line' id='line_1_104' title="bbox 2003 3954 3618 4028; baseline -0.005 -14"><span class='ocrx_word' id='word_1_701' title='bbox 2003 3967 2184 4014; x_wconf 91' lang='lat' dir='ltr'><strong>autem</strong></span> <span class='ocrx_word' id='word_1_702' title='bbox 2243 3960 2466 4013; x_wconf 91' lang='lat' dir='ltr'><strong>sibimet</strong></span> <span class='ocrx_word' id='word_1_703' title='bbox 2503 3958 2704 4013; x_wconf 92' lang='lat' dir='ltr'><strong>melius</strong></span> <span class='ocrx_word' id='word_1_704' title='bbox 2756 3957 3033 4028; x_wconf 88' lang='lat' dir='ltr'><strong>parcebat,</strong></span> <span class='ocrx_word' id='word_1_705' title='bbox 3066 3955 3195 4009; x_wconf 91' lang='lat' dir='ltr'><strong>dum</strong></span> <span class='ocrx_word' id='word_1_706' title='bbox 3241 3954 3618 4008; x_wconf 88' lang='lat' dir='ltr'><strong>innocentium</strong></span> 
     </span>
    </p>
   </div>
   <div class='ocr_carea' id='block_1_105' title="bbox 2005 4043 3615 4124">
    <p class='ocr_par' dir='ltr' id='par_1_105' title="bbox 2005 4043 3615 4124">
     <span class='ocr_line' id='line_1_105' title="bbox 2005 4043 3615 4124; baseline -0.006 -19"><span class='ocrx_word' id='word_1_707' title='bbox 2005 4050 2265 4124; x_wconf 87' lang='lat' dir='ltr'><strong>sanguini</strong></span> <span class='ocrx_word' id='word_1_708' title='bbox 2300 4065 2551 4121; x_wconf 89' lang='lat' dir='ltr'><strong>parcens,</strong></span> <span class='ocrx_word' id='word_1_709' title='bbox 2578 4064 2638 4103; x_wconf 90' lang='lat' dir='ltr'><strong>se</strong></span> <span class='ocrx_word' id='word_1_710' title='bbox 2674 4049 2851 4119; x_wconf 92' lang='lat' dir='ltr'><strong>ipsum</strong></span> <span class='ocrx_word' id='word_1_711' title='bbox 2885 4043 3198 4100; x_wconf 85' lang='lat' dir='ltr'><strong>interficere</strong></span> <span class='ocrx_word' id='word_1_712' title='bbox 3226 4044 3469 4099; x_wconf 85' lang='lat' dir='ltr'><strong>nolebat.</strong></span> <span class='ocrx_word' id='word_1_713' title='bbox 3507 4043 3615 4096; x_wconf 80' lang='lat' dir='ltr'><strong>Sed</strong></span> 
     </span>
    </p>
   </div>
   <div class='ocr_carea' id='block_1_106' title="bbox 2010 4137 3621 4217">
    <p class='ocr_par' dir='ltr' id='par_1_106' title="bbox 2010 4137 3621 4217">
     <span class='ocr_line' id='line_1_106' title="bbox 2010 4137 3621 4217; baseline -0.006 -17"><span class='ocrx_word' id='word_1_714' title='bbox 2010 4146 2140 4217; x_wconf 89' lang='lat' dir='ltr'><strong>quia</strong></span> <span class='ocrx_word' id='word_1_715' title='bbox 2189 4161 2336 4200; x_wconf 92' lang='lat' dir='ltr'><strong>nunc</strong></span> <span class='ocrx_word' id='word_1_716' title='bbox 2374 4146 2521 4199; x_wconf 89' lang='lat' dir='ltr'><strong>inter</strong></span> <span class='ocrx_word' id='word_1_717' title='bbox 2569 4159 2768 4198; x_wconf 90' lang='lat' dir='ltr'><strong>manus</strong></span> <span class='ocrx_word' id='word_1_718' title='bbox 2824 4148 3039 4197; x_wconf 88' lang='lat' dir='ltr'><strong>nostras</strong></span> <span class='ocrx_word' id='word_1_719' title='bbox 3098 4140 3345 4209; x_wconf 90' lang='lat' dir='ltr'><strong>ejusdem</strong></span> <span class='ocrx_word' id='word_1_720' title='bbox 3394 4137 3621 4192; x_wconf 87' lang='lat' dir='ltr'><strong>nefandi</strong></span> 
     </span>
    </p>
   </div>
   <div class='ocr_carea' id='block_1_107' title="bbox 2011 4229 3619 4301">
    <p class='ocr_par' dir='ltr' id='par_1_107' title="bbox 2011 4229 3619 4301">
     <span class='ocr_line' id='line_1_107' title="bbox 2011 4229 3619 4301; baseline -0.006 -11"><span class='ocrx_word' id='word_1_721' title='bbox 2011 4237 2240 4292; x_wconf 81' lang='lat' dir='ltr'><strong>Herodis</strong></span> <span class='ocrx_word' id='word_1_722' title='bbox 2270 4237 2467 4291; x_wconf 88' lang='lat' dir='ltr'><strong>incidit</strong></span> <span class='ocrx_word' id='word_1_723' title='bbox 2518 4236 2747 4301; x_wconf 89' lang='lat' dir='ltr'><strong>mentio,</strong></span> <span class='ocrx_word' id='word_1_724' title='bbox 2788 4234 3088 4290; x_wconf 89' lang='lat' dir='ltr'><strong>cruciatum</strong></span> <span class='ocrx_word' id='word_1_725' title='bbox 3142 4229 3474 4285; x_wconf 82' lang='lat' dir='ltr'><strong>inﬁrmitatis</strong></span> <span class='ocrx_word' id='word_1_726' title='bbox 3500 4230 3619 4297; x_wconf 85' lang='lat' dir='ltr'><strong>ejus</strong></span> 
     </span>
    </p>
   </div>
   <div class='ocr_carea' id='block_1_108' title="bbox 2007 4320 3618 4398">
    <p class='ocr_par' dir='ltr' id='par_1_108' title="bbox 2007 4320 3618 4398">
     <span class='ocr_line' id='line_1_108' title="bbox 2007 4320 3618 4398; baseline -0.006 -15"><span class='ocrx_word' id='word_1_727' title='bbox 2007 4336 2062 4384; x_wconf 89' lang='lat' dir='ltr'><strong>et</strong></span> <span class='ocrx_word' id='word_1_728' title='bbox 2086 4339 2317 4384; x_wconf 89' lang='lat' dir='ltr'><strong>mortem</strong></span> <span class='ocrx_word' id='word_1_729' title='bbox 2347 4344 2459 4384; x_wconf 91' lang='lat' dir='ltr'><strong>non</strong></span> <span class='ocrx_word' id='word_1_730' title='bbox 2498 4328 2768 4382; x_wconf 90' lang='lat' dir='ltr'><strong>debemus</strong></span> <span class='ocrx_word' id='word_1_731' title='bbox 2797 4325 3077 4398; x_wconf 61' lang='lat' dir='ltr'><strong>prmterire</strong></span> <span class='ocrx_word' id='word_1_732' title='bbox 3107 4322 3350 4388; x_wconf 88' lang='lat' dir='ltr'><strong>silentio,</strong></span> <span class='ocrx_word' id='word_1_733' title='bbox 3381 4320 3618 4374; x_wconf 88' lang='lat' dir='ltr'><strong>maxime</strong></span> 
     </span>
    </p>
   </div>
   <div class='ocr_carea' id='block_1_109' title="bbox 2006 4414 3621 4491">
    <p class='ocr_par' dir='ltr' id='par_1_109' title="bbox 2006 4414 3621 4491">
     <span class='ocr_line' id='line_1_109' title="bbox 2006 4414 3621 4491; baseline -0.006 -15"><span class='ocrx_word' id='word_1_734' title='bbox 2006 4437 2127 4476; x_wconf 91' lang='lat' dir='ltr'><strong>cum</strong></span> <span class='ocrx_word' id='word_1_735' title='bbox 2161 4427 2283 4491; x_wconf 92' lang='lat' dir='ltr'><strong>post</strong></span> <span class='ocrx_word' id='word_1_736' title='bbox 2320 4428 2552 4475; x_wconf 89' lang='lat' dir='ltr'><strong>mortem</strong></span> <span class='ocrx_word' id='word_1_737' title='bbox 2585 4435 2740 4474; x_wconf 83' lang='lat' dir='ltr'><strong>suam</strong></span> <span class='ocrx_word' id='word_1_738' title='bbox 2771 4416 3092 4473; x_wconf 85' lang='lat' dir='ltr'><strong>venenifera</strong></span> <span class='ocrx_word' id='word_1_739' title='bbox 3140 4415 3315 4485; x_wconf 89' lang='lat' dir='ltr'><strong>ipsius</strong></span> <span class='ocrx_word' id='word_1_740' title='bbox 3357 4414 3501 4467; x_wconf 89' lang='lat' dir='ltr'><strong>bene</strong></span> <span class='ocrx_word' id='word_1_741' title='bbox 3534 4420 3621 4466; x_wconf 89' lang='lat' dir='ltr'><strong>te-</strong></span> 
     </span>
    </p>
   </div>
   <div class='ocr_carea' id='block_1_110' title="bbox 2008 4504 3620 4581">
    <p class='ocr_par' dir='ltr' id='par_1_110' title="bbox 2008 4504 3620 4581">
     <span class='ocr_line' id='line_1_110' title="bbox 2008 4504 3620 4581; baseline -0.006 -14"><span class='ocrx_word' id='word_1_742' title='bbox 2008 4519 2281 4567; x_wconf 90' lang='lat' dir='ltr'><strong>starentur</strong></span> <span class='ocrx_word' id='word_1_743' title='bbox 2301 4512 2519 4566; x_wconf 88' lang='lat' dir='ltr'><strong>aconita</strong></span> <span class='ocrx_word' id='word_1_744' title='bbox 2547 4510 2673 4581; x_wconf 92' lang='lat' dir='ltr'><strong>quis</strong></span> <span class='ocrx_word' id='word_1_745' title='bbox 2703 4510 2788 4564; x_wconf 89' lang='lat' dir='ltr'><strong>vel</strong></span> <span class='ocrx_word' id='word_1_746' title='bbox 2819 4508 2997 4580; x_wconf 90' lang='lat' dir='ltr'><strong>qualis</strong></span> <span class='ocrx_word' id='word_1_747' title='bbox 3025 4515 3159 4562; x_wconf 91' lang='lat' dir='ltr'><strong>ante</strong></span> <span class='ocrx_word' id='word_1_748' title='bbox 3191 4505 3387 4560; x_wconf 88' lang='lat' dir='ltr'><strong>fuisset</strong></span> <span class='ocrx_word' id='word_1_749' title='bbox 3409 4505 3462 4557; x_wconf 93' lang='lat' dir='ltr'><strong>in</strong></span> <span class='ocrx_word' id='word_1_750' title='bbox 3486 4504 3620 4558; x_wconf 89' lang='lat' dir='ltr'><strong>vita.</strong></span> 
     </span>
    </p>
   </div>
   <div class='ocr_carea' id='block_1_111' title="bbox 2009 4598 3625 4680">
    <p class='ocr_par' dir='ltr' id='par_1_111' title="bbox 2009 4598 3625 4680">
     <span class='ocr_line' id='line_1_111' title="bbox 2009 4598 3625 4680; baseline -0.005 -22"><span class='ocrx_word' id='word_1_751' title='bbox 2009 4605 2144 4660; x_wconf 85' lang='lat' dir='ltr'><strong>Huic</strong></span> <span class='ocrx_word' id='word_1_752' title='bbox 2176 4605 2343 4680; x_wconf 89' lang='lat' dir='ltr'><strong>igitur</strong></span> <span class='ocrx_word' id='word_1_753' title='bbox 2369 4610 2496 4658; x_wconf 89' lang='lat' dir='ltr'><strong>ante</strong></span> <span class='ocrx_word' id='word_1_754' title='bbox 2526 4603 2736 4658; x_wconf 91' lang='lat' dir='ltr'><strong>obitum</strong></span> <span class='ocrx_word' id='word_1_755' title='bbox 2769 4618 2927 4655; x_wconf 91' lang='lat' dir='ltr'><strong>suum</strong></span> <span class='ocrx_word' id='word_1_756' title='bbox 2958 4616 3067 4655; x_wconf 93' lang='lat' dir='ltr'><strong>non</strong></span> <span class='ocrx_word' id='word_1_757' title='bbox 3105 4598 3270 4653; x_wconf 91' lang='lat' dir='ltr'><strong>modo</strong></span> <span class='ocrx_word' id='word_1_758' title='bbox 3299 4598 3423 4652; x_wconf 56' lang='lat' dir='ltr'><strong>vitae</strong></span> <span class='ocrx_word' id='word_1_759' title='bbox 3480 4612 3625 4667; x_wconf 66' lang='lat' dir='ltr'><strong>pra:-</strong></span> 
     </span>
    </p>
   </div>
   <div class='ocr_carea' id='block_1_112' title="bbox 2009 4692 3621 4762">
    <p class='ocr_par' dir='ltr' id='par_1_112' title="bbox 2009 4692 3621 4762">
     <span class='ocr_line' id='line_1_112' title="bbox 2009 4692 3621 4762; baseline -0.007 -6"><span class='ocrx_word' id='word_1_760' title='bbox 2009 4698 2433 4762; x_wconf 83' lang='lat' dir='ltr'><strong>sentisexitum,</strong></span> <span class='ocrx_word' id='word_1_761' title='bbox 2462 4696 2560 4751; x_wconf 91' lang='lat' dir='ltr'><strong>sed</strong></span> <span class='ocrx_word' id='word_1_762' title='bbox 2591 4696 2754 4750; x_wconf 88' lang='lat' dir='ltr'><strong>etiam</strong></span> <span class='ocrx_word' id='word_1_763' title='bbox 2787 4696 2981 4750; x_wconf 78' lang='lat' dir='ltr'><strong>futurae.</strong></span> <span class='ocrx_word' id='word_1_764' title='bbox 3011 4693 3301 4749; x_wconf 86' lang='lat' dir='ltr'><strong>videbatur</strong></span> <span class='ocrx_word' id='word_1_765' title='bbox 3332 4692 3621 4747; x_wconf 89' lang='lat' dir='ltr'><strong>imminere</strong></span> 
     </span>
    </p>
   </div>
   <div class='ocr_carea' id='block_1_113' title="bbox 2010 4781 3617 4860">
    <p class='ocr_par' dir='ltr' id='par_1_113' title="bbox 2010 4781 3617 4860">
     <span class='ocr_line' id='line_1_113' title="bbox 2010 4781 3617 4860; baseline -0.006 -16"><span class='ocrx_word' id='word_1_766' title='bbox 2010 4788 2365 4860; x_wconf 85' lang='lat' dir='ltr'><strong>supplicium,</strong></span> <span class='ocrx_word' id='word_1_767' title='bbox 2397 4785 2628 4839; x_wconf 90' lang='lat' dir='ltr'><strong>diversis</strong></span> <span class='ocrx_word' id='word_1_768' title='bbox 2657 4784 2915 4839; x_wconf 89' lang='lat' dir='ltr'><strong>videlicet</strong></span> <span class='ocrx_word' id='word_1_769' title='bbox 2943 4781 3355 4837; x_wconf 87' lang='lat' dir='ltr'><strong>infirmitatibus</strong></span> <span class='ocrx_word' id='word_1_770' title='bbox 3385 4782 3467 4835; x_wconf 82' lang='lat' dir='ltr'><strong>sic</strong></span> <span class='ocrx_word' id='word_1_771' title='bbox 3492 4797 3617 4835; x_wconf 90' lang='lat' dir='ltr'><strong>eum</strong></span> 
     </span>
    </p>
   </div>
   <div class='ocr_carea' id='block_1_114' title="bbox 2011 4870 3620 4946">
    <p class='ocr_par' dir='ltr' id='par_1_114' title="bbox 2011 4870 3620 4946">
     <span class='ocr_line' id='line_1_114' title="bbox 2011 4870 3620 4946; baseline -0.007 -13"><span class='ocrx_word' id='word_1_772' title='bbox 2011 4878 2223 4933; x_wconf 91' lang='lat' dir='ltr'><strong>ultione</strong></span> <span class='ocrx_word' id='word_1_773' title='bbox 2268 4883 2645 4946; x_wconf 88' lang='lat' dir='ltr'><strong>prosequente</strong></span> <span class='ocrx_word' id='word_1_774' title='bbox 2685 4873 2895 4937; x_wconf 87' lang='lat' dir='ltr'><strong>divina,</strong></span> <span class='ocrx_word' id='word_1_775' title='bbox 2948 4880 3011 4926; x_wconf 86' lang='lat' dir='ltr'><strong>ut</strong></span> <span class='ocrx_word' id='word_1_776' title='bbox 3055 4871 3204 4924; x_wconf 90' lang='lat' dir='ltr'><strong>nulla</strong></span> <span class='ocrx_word' id='word_1_777' title='bbox 3236 4870 3343 4924; x_wconf 92' lang='lat' dir='ltr'><strong>sibi</strong></span> <span class='ocrx_word' id='word_1_778' title='bbox 3394 4885 3620 4939; x_wconf 89' lang='lat' dir='ltr'><strong>prorsus</strong></span> 
     </span>
    </p>
   </div>
   <div class='ocr_carea' id='block_1_115' title="bbox 2014 4962 3620 5042">
    <p class='ocr_par' dir='ltr' id='par_1_115' title="bbox 2014 4962 3620 5042">
     <span class='ocr_line' id='line_1_115' title="bbox 2014 4962 3620 5042; baseline -0.007 -16"><span class='ocrx_word' id='word_1_779' title='bbox 2014 4978 2201 5042; x_wconf 89' lang='lat' dir='ltr'><strong>posset</strong></span> <span class='ocrx_word' id='word_1_780' title='bbox 2242 4968 2524 5023; x_wconf 85' lang='lat' dir='ltr'><strong>subveniri</strong></span> <span class='ocrx_word' id='word_1_781' title='bbox 2557 4965 2850 5020; x_wconf 78' lang='lat' dir='ltr'><strong>medicina.</strong></span> <span class='ocrx_word' id='word_1_782' title='bbox 2889 4965 2988 5019; x_wconf 88' lang='lat' dir='ltr'><strong>Pro</strong></span> <span class='ocrx_word' id='word_1_783' title='bbox 3036 4962 3306 5017; x_wconf 90' lang='lat' dir='ltr'><strong>membris</strong></span> <span class='ocrx_word' id='word_1_784' title='bbox 3343 4962 3488 5016; x_wconf 91' lang='lat' dir='ltr'><strong>enim</strong></span> <span class='ocrx_word' id='word_1_785' title='bbox 3519 4978 3620 5032; x_wconf 88' lang='lat' dir='ltr'><strong>pu-</strong></span> 
     </span>
    </p>
   </div>
   <div class='ocr_carea' id='block_1_116' title="bbox 2010 5055 3625 5128">
    <p class='ocr_par' dir='ltr' id='par_1_116' title="bbox 2010 5055 3625 5128">
     <span class='ocr_line' id='line_1_116' title="bbox 2010 5055 3625 5128; baseline -0.007 -9"><span class='ocrx_word' id='word_1_786' title='bbox 2010 5062 2379 5119; x_wconf 90' lang='lat' dir='ltr'><strong>trescentibus</strong></span> <span class='ocrx_word' id='word_1_787' title='bbox 2409 5067 2463 5115; x_wconf 89' lang='lat' dir='ltr'><strong>et</strong></span> <span class='ocrx_word' id='word_1_788' title='bbox 2493 5059 2669 5115; x_wconf 87' lang='lat' dir='ltr'><strong>oculis</strong></span> <span class='ocrx_word' id='word_1_789' title='bbox 2696 5066 2894 5128; x_wconf 90' lang='lat' dir='ltr'><strong>sponte</strong></span> <span class='ocrx_word' id='word_1_790' title='bbox 2932 5055 3355 5121; x_wconf 89' lang='lat' dir='ltr'><strong>decedentibus,</strong></span> <span class='ocrx_word' id='word_1_791' title='bbox 3397 5055 3625 5110; x_wconf 91' lang='lat' dir='ltr'><strong>odiosus</strong></span> 
     </span>
    </p>
   </div>
   <div class='ocr_carea' id='block_1_117' title="bbox 2011 5148 3620 5217">
    <p class='ocr_par' dir='ltr' id='par_1_117' title="bbox 2011 5148 3620 5217">
     <span class='ocr_line' id='line_1_117' title="bbox 2011 5148 3620 5217; baseline -0.006 -6"><span class='ocrx_word' id='word_1_792' title='bbox 2011 5162 2126 5212; x_wconf 89' lang='lat' dir='ltr'><strong>erat</strong></span> <span class='ocrx_word' id='word_1_793' title='bbox 2164 5154 2488 5217; x_wconf 88' lang='lat' dir='ltr'><strong>astantibus,</strong></span> <span class='ocrx_word' id='word_1_794' title='bbox 2528 5159 2583 5206; x_wconf 88' lang='lat' dir='ltr'><strong>et</strong></span> <span class='ocrx_word' id='word_1_795' title='bbox 2615 5150 2861 5205; x_wconf 90' lang='lat' dir='ltr'><strong>odiosior</strong></span> <span class='ocrx_word' id='word_1_796' title='bbox 2908 5148 3299 5212; x_wconf 89' lang='lat' dir='ltr'><strong>assidentibus,</strong></span> <span class='ocrx_word' id='word_1_797' title='bbox 3357 5148 3620 5217; x_wconf 88' lang='lat' dir='ltr'><strong>quoniam</strong></span> 
     </span>
    </p>
   </div>
   <div class='ocr_carea' id='block_1_118' title="bbox 2012 5236 3626 5316">
    <p class='ocr_par' dir='ltr' id='par_1_118' title="bbox 2012 5236 3626 5316">
     <span class='ocr_line' id='line_1_118' title="bbox 2012 5236 3626 5316; baseline -0.009 -16"><span class='ocrx_word' id='word_1_798' title='bbox 2012 5261 2110 5316; x_wconf 91' lang='lat' dir='ltr'><strong>pro</strong></span> <span class='ocrx_word' id='word_1_799' title='bbox 2160 5245 2333 5299; x_wconf 92' lang='lat' dir='ltr'><strong>nimio</strong></span> <span class='ocrx_word' id='word_1_800' title='bbox 2380 5240 2628 5312; x_wconf 89' lang='lat' dir='ltr'><strong>corporis</strong></span> <span class='ocrx_word' id='word_1_801' title='bbox 2672 5256 2736 5295; x_wconf 91' lang='lat' dir='ltr'><strong>ac</strong></span> <span class='ocrx_word' id='word_1_802' title='bbox 2772 5239 2947 5294; x_wconf 91' lang='lat' dir='ltr'><strong>virum</strong></span> <span class='ocrx_word' id='word_1_803' title='bbox 2982 5237 3200 5292; x_wconf 88' lang='lat' dir='ltr'><strong>defectu</strong></span> <span class='ocrx_word' id='word_1_804' title='bbox 3254 5236 3461 5291; x_wconf 85' lang='lat' dir='ltr'><strong>fetidus</strong></span> <span class='ocrx_word' id='word_1_805' title='bbox 3507 5242 3626 5289; x_wconf 90' lang='lat' dir='ltr'><strong>erat</strong></span> 
     </span>
    </p>
   </div>
   <div class='ocr_carea' id='block_1_119' title="bbox 2012 5323 3624 5400">
    <p class='ocr_par' dir='ltr' id='par_1_119' title="bbox 2012 5323 3624 5400">
     <span class='ocr_line' id='line_1_119' title="bbox 2012 5323 3624 5400; baseline -0.008 -11"><span class='ocrx_word' id='word_1_806' title='bbox 2012 5335 2259 5390; x_wconf 89' lang='lat' dir='ltr'><strong>anhelitu</strong></span> <span class='ocrx_word' id='word_1_807' title='bbox 2288 5340 2344 5387; x_wconf 90' lang='lat' dir='ltr'><strong>et</strong></span> <span class='ocrx_word' id='word_1_808' title='bbox 2384 5331 2680 5387; x_wconf 90' lang='lat' dir='ltr'><strong>indecorus</strong></span> <span class='ocrx_word' id='word_1_809' title='bbox 2711 5336 2963 5400; x_wconf 88' lang='lat' dir='ltr'><strong>aspectu.</strong></span> <span class='ocrx_word' id='word_1_810' title='bbox 3016 5329 3077 5382; x_wconf 87' lang='lat' dir='ltr'><strong>Et</strong></span> <span class='ocrx_word' id='word_1_811' title='bbox 3110 5327 3238 5382; x_wconf 89' lang='lat' dir='ltr'><strong>licet</strong></span> <span class='ocrx_word' id='word_1_812' title='bbox 3290 5328 3344 5380; x_wconf 91' lang='lat' dir='ltr'><strong>in</strong></span> <span class='ocrx_word' id='word_1_813' title='bbox 3376 5323 3624 5380; x_wconf 87' lang='lat' dir='ltr'><strong>inferiori</strong></span> 
     </span>
    </p>
   </div>
   <div class='ocr_carea' id='block_1_120' title="bbox 2016 5414 3629 5495">
    <p class='ocr_par' dir='ltr' id='par_1_120' title="bbox 2016 5414 3629 5495">
     <span class='ocr_line' id='line_1_120' title="bbox 2016 5414 3629 5495; baseline -0.009 -17"><span class='ocrx_word' id='word_1_814' title='bbox 2016 5432 2166 5495; x_wconf 88' lang='lat' dir='ltr'><strong>parte</strong></span> <span class='ocrx_word' id='word_1_815' title='bbox 2197 5430 2343 5477; x_wconf 91' lang='lat' dir='ltr'><strong>totus</strong></span> <span class='ocrx_word' id='word_1_816' title='bbox 2373 5437 2515 5491; x_wconf 86' lang='lat' dir='ltr'><strong>pene</strong></span> <span class='ocrx_word' id='word_1_817' title='bbox 2566 5419 2811 5490; x_wconf 79' lang='lat' dir='ltr'><strong>liquidus</strong></span> <span class='ocrx_word' id='word_1_818' title='bbox 2851 5426 2999 5472; x_wconf 89' lang='lat' dir='ltr'><strong>esset</strong></span> <span class='ocrx_word' id='word_1_819' title='bbox 3037 5433 3101 5471; x_wconf 90' lang='lat' dir='ltr'><strong>ac</strong></span> <span class='ocrx_word' id='word_1_820' title='bbox 3148 5416 3379 5481; x_wconf 88' lang='lat' dir='ltr'><strong>luridus,</strong></span> <span class='ocrx_word' id='word_1_821' title='bbox 3433 5414 3629 5467; x_wconf 87' lang='lat' dir='ltr'><strong>humor</strong></span> 
     </span>
    </p>
   </div>
   <div class='ocr_carea' id='block_1_121' title="bbox 1997 5503 3625 5583">
    <p class='ocr_par' dir='ltr' id='par_1_121' title="bbox 1997 5503 3625 5583">
     <span class='ocr_line' id='line_1_121' title="bbox 1997 5503 3625 5583; baseline -0.011 -14"><span class='ocrx_word' id='word_1_822' title='bbox 1997 5521 2199 5569; x_wconf 83' lang='lat' dir='ltr'><strong>tamen</strong></span> <span class='ocrx_word' id='word_1_823' title='bbox 2218 5512 2272 5566; x_wconf 95' lang='lat' dir='ltr'><strong>in</strong></span> <span class='ocrx_word' id='word_1_824' title='bbox 2293 5511 2527 5583; x_wconf 89' lang='lat' dir='ltr'><strong>pedibus</strong></span> <span class='ocrx_word' id='word_1_825' title='bbox 2549 5516 2603 5564; x_wconf 90' lang='lat' dir='ltr'><strong>et</strong></span> <span class='ocrx_word' id='word_1_826' title='bbox 2625 5515 2804 5564; x_wconf 91' lang='lat' dir='ltr'><strong>tumor</strong></span> <span class='ocrx_word' id='word_1_827' title='bbox 2817 5516 2933 5562; x_wconf 88' lang='lat' dir='ltr'><strong>erat</strong></span> <span class='ocrx_word' id='word_1_828' title='bbox 2954 5509 3008 5561; x_wconf 92' lang='lat' dir='ltr'><strong>in</strong></span> <span class='ocrx_word' id='word_1_829' title='bbox 3032 5507 3315 5571; x_wconf 89' lang='lat' dir='ltr'><strong>cruribus;</strong></span> <span class='ocrx_word' id='word_1_830' title='bbox 3335 5503 3429 5559; x_wconf 90' lang='lat' dir='ltr'><strong>sed</strong></span> <span class='ocrx_word' id='word_1_831' title='bbox 3454 5510 3509 5556; x_wconf 91' lang='lat' dir='ltr'><strong>et</strong></span> <span class='ocrx_word' id='word_1_832' title='bbox 3534 5516 3625 5553; x_wconf 92' lang='lat' dir='ltr'><strong>ve—</strong></span> 
     </span>
    </p>
   </div>
   <div class='ocr_carea' id='block_1_122' title="bbox 2016 5594 3628 5673">
    <p class='ocr_par' dir='ltr' id='par_1_122' title="bbox 2016 5594 3628 5673">
     <span class='ocr_line' id='line_1_122' title="bbox 2016 5594 3628 5673; baseline -0.012 -15"><span class='ocrx_word' id='word_1_833' title='bbox 2016 5604 2188 5659; x_wconf 88' lang='lat' dir='ltr'><strong>renda</strong></span> <span class='ocrx_word' id='word_1_834' title='bbox 2209 5602 2387 5673; x_wconf 90' lang='lat' dir='ltr'><strong>ipsius</strong></span> <span class='ocrx_word' id='word_1_835' title='bbox 2407 5601 2626 5670; x_wconf 90' lang='lat' dir='ltr'><strong>putrida</strong></span> <span class='ocrx_word' id='word_1_836' title='bbox 2651 5606 2705 5654; x_wconf 88' lang='lat' dir='ltr'><strong>et</strong></span> <span class='ocrx_word' id='word_1_837' title='bbox 2724 5599 2993 5653; x_wconf 89' lang='lat' dir='ltr'><strong>scatentia</strong></span> <span class='ocrx_word' id='word_1_838' title='bbox 3015 5597 3297 5653; x_wconf 89' lang='lat' dir='ltr'><strong>vermibus</strong></span> <span class='ocrx_word' id='word_1_839' title='bbox 3320 5594 3407 5646; x_wconf 86' lang='lat' dir='ltr'><strong>vix</strong></span> <span class='ocrx_word' id='word_1_840' title='bbox 3431 5602 3628 5655; x_wconf 81' lang='lat' dir='ltr'><strong>exspe-</strong></span> 
     </span>
    </p>
   </div>
   <div class='ocr_carea' id='block_1_123' title="bbox 2018 5677 3627 5763">
    <p class='ocr_par' dir='ltr' id='par_1_123' title="bbox 2018 5677 3627 5763">
     <span class='ocr_line' id='line_1_123' title="bbox 2018 5677 3627 5763; baseline -0.012 -13"><span class='ocrx_word' id='word_1_841' title='bbox 2018 5696 2555 5763; x_wconf 88' lang='lat' dir='ltr'><strong>ctabantquousque</strong></span> <span class='ocrx_word' id='word_1_842' title='bbox 2603 5692 2725 5743; x_wconf 70' lang='lat' dir='ltr'><strong>vitae</strong></span> <span class='ocrx_word' id='word_1_843' title='bbox 2752 5690 2901 5743; x_wconf 90' lang='lat' dir='ltr'><strong>illius</strong></span> <span class='ocrx_word' id='word_1_844' title='bbox 2954 5687 3286 5741; x_wconf 83' lang='lat' dir='ltr'><strong>miserabilis</strong></span> <span class='ocrx_word' id='word_1_845' title='bbox 3343 5677 3627 5734; x_wconf 70' lang='lat' dir='ltr'><strong>adveniret</strong></span> 
     </span>
    </p>
   </div>
   <div class='ocr_carea' id='block_1_124' title="bbox 3137 5814 3209 5870">
    <p class='ocr_par' dir='ltr' id='par_1_124' title="bbox 3137 5814 3209 5870">
     <span class='ocr_line' id='line_1_124' title="bbox 3137 5814 3209 5870; baseline 0.042 -3"><span class='ocrx_word' id='word_1_846' title='bbox 3137 5814 3209 5870; x_wconf 76' lang='lat'><strong>31</strong></span> 
     </span>
    </p>
   </div>
  </div>
