4006 6198
438 316 531 367 971

1432 300 1795 356 llERENCt)Sl
1842 298 2108 352 AlllMTlS
2147 299 2200 347 S.
2245 298 2478 352 MAXlMl
2517 300 2785 353 TREVIR.

3652 302 3774 356 972

440 438 732 494 terminus.
758 430 1221 503 Quantomagisin
1239 424 2045 496 verendisejnsputridiSplaga
2074 426 2120 489 Α
2147 422 2405 490 quoniam
2447 423 2502 475 in
2534 422 2751 477 camino
2792 422 2935 495 ignis
2963 423 3153 477 aeterni
3205 423 3373 478 tantis
3423 423 3774 479 cruciatibus

438 529 594 583 saevit
637 525 842 586 divina,
899 530 1049 576 tanto
1107 519 1279 583 magis
1335 518 1691 586 multiplicata
1743 521 1824 566 est
1863 513 1916 565 in
1968 512 2047 565 eis

440 618 616 679 ruina,
658 615 787 668 dum
844 617 1067 682 prepter
1105 611 1211 663 hoc
1250 607 1395 678 quod
1436 607 1651 660 animus
1696 603 1744 658 ei
1791 617 1936 661 acer,
1994 610 2047 653 et

441 710 685 765 tumidus
717 709 890 760 inerat
920 712 1129 763 venter,
1179 700 1337 754 dolor
1365 699 1484 764 ejus
1514 705 1629 750 erat
1657 696 1709 749 in
1744 700 2043 763 conspectu

440 814 539 853 suo
593 811 831 865 semper.
867 792 1133 855 Quoniam
1196 790 1319 841 licet
1371 787 1421 839 in
1471 803 1575 838 una
1620 793 1769 854 parte
1830 790 2049 836 vexaret

442 904 561 942 cum
600 884 793 937 febris.
832 891 888 935 et
910 882 961 933 in
987 880 1157 931 altera
1188 877 1429 949 prurigo,
1462 875 1568 928 cibi
1603 882 1782 926 tamen
1808 872 2049 939 inexple-

443 976 569 1027 bilis
618 974 667 1026 ei
703 971 989 1024 videbatur
1030 970 1209 1021 inesse
1256 965 1477 1034 cupido,
1516 964 1587 1016 ita
1616 970 1673 1016 ut
1721 963 1910 1015 crebra
1955 962 2049 1012 im-

445 1065 643 1134 pulsio,
665 1061 830 1114 nimia
864 1059 1095 1119 inﬂatio,
1140 1055 1302 1108 tussis
1332 1052 1539 1105 ventris
1571 1050 1867 1123 ingluviem
1901 1066 2047 1119 δωρο

444 1160 733 1206 testaretur
763 1148 998 1202 edentis.
1029 1146 1297 1199 Praeterea
1323 1158 1450 1196 vero
1483 1143 1629 1195 intus
1663 1142 1788 1195 licet
1819 1149 1873 1195 et
1904 1151 2048 1194 exte-

445 1244 555 1296 rius
611 1240 780 1293 nimio
839 1246 1093 1290 testuaret
1149 1234 1429 1295 inccndio,
1468 1232 1648 1285 adhuc
1692 1240 1876 1285 tamen
1926 1232 2049 1283 vitae

444 1333 727 1404 praisentis
757 1328 993 1381 libenter
1025 1334 1270 1380 uteretur
1321 1324 1672 1394 compendio,
1729 1323 1831 1376 nisi
1878 1322 2047 1392 quod,

443 1424 633 1488 majori
665 1421 842 1474 adhuc
865 1416 1111 1485 corporis
1143 1413 1456 1467 infirmitate
1488 1423 1762 1482 suscepta,
1790 1412 2051 1465 intestina

444 1514 591 1569 illius
645 1511 873 1565 diversis
913 1506 1190 1561 ulceribus
1236 1504 1384 1557 intus
1430 1503 1757 1556 videbantur
1794 1502 2045 1571 obsepta.

448 1608 597 1663 Unde
629 1605 755 1657 licet
785 1600 943 1671 aquis
972 1598 1164 1652 calidis
1197 1596 1392 1649 infusis
1415 1605 1469 1648 et
1499 1595 1621 1649 oleo
1637 1594 1814 1648 calido
1847 1594 2051 1662 saepius

447 1692 798 1768 fueritgratia
828 1688 1115 1743 medicina:
1140 1692 1458 1756 perunctus,
1490 1685 1555 1737 ad
1586 1685 1836 1738 ultimum
1868 1690 2048 1736 tamen

447 1786 588 1839 mala
642 1788 818 1837 morte
849 1785 903 1831 et
955 1777 1100 1830 malo
1131 1774 1239 1827 fine
1298 1773 1398 1827 fuit
1429 1772 1738 1833 defunctus,
1769 1772 1897 1842 quia
1932 1778 2053 1840 post

448 1876 614 1930 multa
652 1884 937 1941 pcenarum
995 1879 1216 1937 genera,
1251 1862 1455 1933 quibus
1495 1862 1631 1915 alios
1675 1862 1823 1931 prius
1854 1878 2053 1914 cruen-

448 1971 673 2027 taverat,
709 1963 850 2015 ultro
882 1959 1102 2012 tandem
1150 1956 1391 2025 seipsum
1426 1954 1648 2024 proprio
1706 1953 2054 2007 interfecerat

446 2059 640 2111 cultro.
667 2056 754 2107 Sic
784 2052 949 2125 igitur
980 2048 1257 2120 quomodo
1276 2047 1413 2101 alios
1439 2047 1589 2116 prius
1616 2046 1846 2098 diversis
1880 2046 2054 2118 plagis

448 2151 773 2203 innocenter
802 2142 1012 2207 afﬂixit,
1042 2142 1236 2195 mirum
1282 2156 1391 2195 non
1424 2147 1503 2193 est
1532 2140 1676 2210 quod
1711 2138 1849 2191 mala
1883 2148 2053 2191 morte

449 2240 605 2301 obiit,
634 2255 728 2308 qui
762 2252 984 2305 semper
1013 2232 1153 2286 male
1209 2232 1376 2293 vixit;
1426 2231 1618 2285 mirum
1644 2231 1806 2284 etiam
1842 2246 1948 2284 non
1978 2237 2061 2282 est

448 2332 593 2403 quod
654 2330 707 2382 in
757 2335 1021 2381 aeternum
1073 2332 1125 2379 et
1156 2325 1295 2379 ultra
1337 2324 1570 2393 prOpriis
1609 2322 1940 2377 cruciamlus
1977 2332 2059 2376 est

449 2421 651 2491 pumis,
714 2418 804 2488 qui
858 2433 1135 2486 nunquam
1191 2413 1373 2468 satiari
1430 2412 1648 2467 valebat
1705 2429 1768 2465 ex
1836 2412 2053 2465 alienis.

447 2510 704 2574 Quamvis
733 2508 877 2562 enim
900 2517 1037 2581 ante
1078 2513 1307 2560 mortem
1342 2521 1494 2558 suam
1530 2503 2053 2571 interfectionejus-

446 2610 623 2655 torum
650 2599 742 2653 Dei
766 2614 913 2668 szepe
938 2596 1306 2667 profanaverit
1329 2596 1615 2664 templum,
1650 2595 1701 2648 in
1727 2594 1843 2663 ipsa
1872 2601 2053 2647 tamen

446 2695 619 2743 morte
655 2688 886 2758 posteris
911 2686 1030 2740 suis
1062 2685 1261 2739 malum
1297 2684 1519 2755 reliquit
1557 2684 1892 2753 exemplum,
1922 2683 2051 2737 dum

445 2778 745 2833 nobiliores
774 2792 1047 2848 quosque,
1083 2790 1223 2845 quos
1253 2790 1317 2828 ex
1372 2774 1521 2829 omni
1550 2774 1739 2828 Judaea
1795 2772 1848 2825 in
1883 2789 2049 2826 unum

441 2872 618 2925 locum
662 2870 788 2923 fecit
828 2867 1171 2940 congregari,
1217 2867 1269 2920 in
1329 2867 1447 2937 ipso
1479 2865 1625 2919 exitu
1668 2866 2050 2933 animaajussit

439 2975 636 3014 omnes
665 2959 847 3032 gladio
877 2957 1081 3021 necari,
1109 2964 1167 3010 ut
1195 2956 1519 3025 superstites
1550 2970 1739 3009 eorum
1774 2970 1841 3009 eo
1868 2956 2049 3009 minus

2149 509 2313 563 habet
2334 510 2669 563 wternaliter
2698 511 2882 581 coqui,
2917 519 2975 565 ut
2999 526 3109 565 non
3138 527 3278 581 opus
3308 512 3379 566 sit
3408 511 3573 565 nobis
3598 510 3772 582 quid-

2150 620 2309 674 quam
2350 604 2419 657 de
2449 619 2515 659 eo
2562 604 2798 674 amplius
2850 605 3020 675 loqui.
3056 607 3178 676 lpse
3217 607 3363 659 enim
3422 605 3773 659 immanitate

2151 693 2491 745 crudelitatis
2516 692 2569 745 in
2590 693 2964 747 innocentium
2990 702 3232 749 armatus
3253 703 3512 760 mortem,
3541 703 3771 749 aeterna!

2154 782 2339 851 procul
2383 782 2552 836 dubio
2595 784 2785 836 mortis
2837 786 3028 838 incidit
3080 795 3317 849 sortem;
3375 786 3777 840 Constantinus

2150 890 2278 927 vero
2308 890 2337 927 e
2369 884 2556 928 contra
2584 875 2920 930 humanitate
2947 878 3166 946 pietatis
3193 878 3569 931 innocentium
3602 876 3774 930 dide-

2152 980 2277 1016 rens
2333 971 2580 1028 mortem,
2638 974 2857 1019 reterme
2895 967 3015 1020 sine
3063 967 3233 1022 dubio
3289 968 3481 1021 mortis
3520 976 3778 1020 evaserat

2152 1061 2377 1107 sortem.
2436 1054 2677 1117 Qualiter
2705 1064 2887 1108 autem
2938 1057 3189 1110 eamdem
3248 1065 3479 1111 mortem
3508 1058 3775 1121 evaserit,

2150 1144 2234 1196 vel
2254 1143 2377 1213 quis
2406 1142 2510 1195 sibi
2535 1143 2672 1195 viam
2699 1144 2968 1197 evadendi
2995 1148 3508 1215 praemonstraverit.
3540 1162 3605 1201 eo
3636 1148 3770 1217 ple-

2153 1232 2276 1285 nius
2303 1233 2459 1285 vobis
2490 1233 2731 1286 enodare
2766 1234 3040 1297 volumus,
3081 1250 3191 1305 quo
3218 1235 3289 1289 de
3320 1236 3647 1289 necessariis
3676 1252 3772 1290 re-

2153 1325 2255 1377 bus
2283 1324 2371 1377 hic
2409 1324 2706 1393 quidquam
2744 1325 3164 1394 praetermittere
3207 1326 3484 1381 nolumus.
3518 1327 3771 1382 Decurso

2152 1414 2315 1485 igitur
2350 1414 2439 1465 die
2471 1429 2581 1483 quo
2626 1430 2724 1483 pro
2764 1412 3099 1470 etfundendo
3138 1418 3413 1489 sanguine
3455 1415 3686 1472 innoxio
3729 1435 3762 1471 a

2152 1504 2391 1559 nefando
2439 1521 2498 1557 se
2544 1505 2805 1558 abstinuit
2854 1504 3091 1574 piaculo,
3135 1507 3385 1576 sequenti
3448 1515 3606 1561 nocte
3673 1523 3780 1577 per

2155 1595 2342 1648 beatos
2368 1594 2649 1663 apostolos
2675 1594 2890 1647 Petrum
2920 1602 2974 1647 et
3006 1594 3233 1647 Paulum
3274 1594 3329 1647 in
3361 1595 3507 1649 hunc
3535 1612 3767 1649 sensum

2152 1686 2339 1740 divino
2371 1685 2643 1739 revelatus
2679 1696 2761 1738 est
2798 1686 3042 1753 oraculo,
3082 1686 3293 1739 scilicet
3331 1687 3480 1757 quod
3517 1689 3760 1742 salutem

2154 1778 2331 1831 carnis
2358 1794 2419 1832 ac
2437 1777 2665 1847 spiritus
2695 1794 2722 1830 a
2753 1793 2968 1831 summo
3000 1786 3330 1833 consecutus
3357 1790 3506 1834 esset
3526 1779 3767 1850 Opiﬁce,

2155 1870 2198 1923 si
2223 1870 2375 1939 prius
2405 1870 2635 1923 salutem
2663 1869 2860 1923 animai
2896 1886 2926 1923 a
2961 1870 3237 1939 Sylveslro
3264 1879 3536 1941 quaereret
3572 1872 3769 1942 ponti-

2155 1957 2275 2013 fice.
2311 1959 2348 2012 Ο
2389 1967 2593 2029 quanta
2641 1958 2957 2031 benignitas
2995 1968 3049 2012 et
3095 1959 3407 2014 humanitas
3438 1960 3767 2015 Salvatoris!

2156 2047 2249 2118 qui
2280 2063 2403 2100 cum
2427 2054 2639 2100 creator
2685 2047 2755 2099 sit
2802 2046 3050 2100 omnium
3080 2053 3475 2112 creaturarum,
3513 2048 3619 2102 tale
3648 2056 3776 2103 tan-

2157 2142 2382 2205 tumque
2439 2135 2759 2204 mysterium
2812 2142 2964 2189 tanto
3003 2135 3120 2190 viro
3165 2136 3336 2191 voluit
3367 2139 3609 2193 revelare
3669 2155 3775 2209 per

2154 2226 2452 2292 somnium,
2486 2227 2631 2296 quod
2673 2227 2902 2280 salutem
2936 2228 3185 2298 corporis
3214 2237 3269 2283 et
3298 2230 3494 2283 animae
3522 2246 3772 2302 superno

2156 2324 2594 2386 consequeretur
2617 2315 2889 2369 examine.
2917 2314 3310 2371 Constantinus
3330 2318 3493 2389 igitur
3517 2320 3587 2372 ad
3608 2335 3769 2374 com-

2158 2408 2498 2477 probandam
2530 2407 2758 2479 gratiam
2801 2406 3001 2461 divinae
3028 2408 3246 2477 pietatis
3271 2417 3326 2463 et
3362 2408 3573 2479 gloriae,
3613 2427 3774 2466 eam-

2157 2497 2281 2549 dem
2318 2496 2585 2550 visionem
2637 2494 3059 2565 diligentissime
3100 2496 3525 2553 commendabat
3555 2515 3775 2555 memo-

2098 2592 2105 2593 ’
2155 2588 2270 2651 ria,
2304 2596 2362 2639 ut
2391 2601 2456 2640 eo
2487 2585 2647 2639 citius
2679 2601 2798 2639 eam
2833 2585 3111 2656 Sylvestro
3143 2595 3331 2657 posset
3360 2589 3610 2664 mitigata
3639 2607 3773 2647 cru-

2155 2678 2379 2732 delitate
2428 2677 2655 2742 referre,
2684 2693 2793 2747 quo
2835 2693 2945 2747 prae
2985 2678 3178 2732 timore
3215 2678 3364 2733 illius
3404 2680 3498 2735 diu
3538 2681 3776 2738 latitavit

2155 2768 2207 2820 in
2239 2767 2521 2822 montibus
2550 2776 2605 2821 et
2654 2766 2708 2819 in
2742 2766 3024 2836 speluncis
3078 2776 3133 2821 et
3180 2768 3235 2821 in
3275 2770 3527 2824 cavernis
3584 2779 3767 2827 terrae.

2153 2858 2283 2923 Quis
2342 2867 2523 2912 autem
2574 2856 2779 2930 cogitet
2816 2866 3058 2911 vestrum
3117 2873 3278 2928 quam
3318 2859 3572 2915 celeriter
3598 2863 3668 2915 ad
3708 2879 3771 2917 se

2150 2949 2331 3006 statim
2374 2948 2577 3001 faceret
2606 2945 2861 2999 accersiri
2886 2945 3267 3016 Sylvestrum?
3297 2947 3428 3012 Quis
3458 2948 3624 3003 etiam
3666 2964 3765 3004 co-

439 3052 507 3104 de
538 3060 711 3105 morte
742 3066 840 3103 sua
882 3048 1211 3123 gauderent,
1268 3062 1378 3117 quo
1410 3047 1617 3117 aliquid
1674 3046 1819 3100 inter
1856 3064 2051 3102 manus
2074 3071 2122 3139 Ο
2153 3043 2286 3117 gitet
2317 3056 2478 3113 quam
2509 3040 2729 3112 longam
2757 3038 2863 3092 sibi
2894 3037 3184 3093 videbatur
3208 3038 3388 3094 facere
3411 3056 3641 3108 moram,
3671 3057 3771 3095 cu-

440 3144 710 3198 haberent
739 3142 884 3196 unde
910 3142 1083 3214 magis
1113 3140 1181 3194 de
1214 3155 1434 3194 suorum
1477 3139 1863 3193 interfectione
1895 3139 2046 3210 luge-

439 3239 576 3286 rent.
625 3234 663 3286 0
698 3230 944 3301 nequitia
996 3226 1177 3301 regisl
1220 3234 1274 3281 et
1327 3227 1593 3298 injustitia
1637 3228 1867 3282 Herodis
1925 3245 2046 3299 quae

440 3328 601 3383 tantis
633 3344 695 3379 ac
750 3326 952 3379 talibus
995 3323 1153 3377 malis
1185 3324 1404 3397 cognita
1459 3333 1541 3377 est
1590 3323 1751 3377 nobis
1780 3332 1833 3377 et
1865 3323 2040 3380 vobis.

434 3421 526 3491 qui
583 3420 685 3473 sub
743 3425 1005 3488 praetextu
1065 3418 1284 3488 pietatis
1334 3417 1645 3472 Judzeorum
1688 3420 2041 3473 convocanda

432 3513 738 3573 cohortem,
796 3526 894 3579 per
962 3508 1353 3563 immanitatem
1419 3516 1817 3564 tormentorum
1873 3510 2039 3563 vitam

434 3600 792 3670 Sperantibus
824 3598 1005 3651 intulit
1032 3605 1294 3652 mortem:
1338 3597 1403 3650 ad
1452 3598 1553 3652 hoc
1592 3598 1805 3651 scilicet
1840 3599 2042 3653 talibus

427 3690 685 3759 auspiciis
715 3688 978 3742 dedicans
1008 3686 1288 3741 introitum
1330 3687 1523 3741 mortis
1552 3694 1603 3740 et
1648 3686 1851 3740 exitum
1894 3687 2038 3754 vitae,

429 3788 486 3831 ut
514 3778 604 3849 qui
632 3777 699 3831 de
741 3777 889 3830 illius
918 3786 1095 3829 morte
1129 3776 1329 3829 tristari
1372 3775 1664 3830 noluerant
1695 3776 2042 3830 tristarentur

427 3867 619 3921 invite.

1065 3934 1276 3988 CAPUT
1307 3935 1394 3990 Vl.

427 4059 486 4107 Ut
516 4054 737 4122 apostoli
793 4057 980 4105 Petrus
1013 4056 1063 4104 et
1104 4051 1304 4104 Paulus
1364 4053 1715 4105 Constantino
1767 4066 2035 4119 apparue-

635 4126 769 4191 rint,
800 4125 1042 4191 idemque
1079 4124 1495 4176 cateclmmenus
1523 4124 1703 4188 [actus
1725 4124 1814 4175 sit.

497 4232 690 4286 Verum
725 4231 855 4301 quia
885 4229 1179 4298 reprobarc
1220 4228 1423 4281 malum
1467 4238 1521 4283 et
1578 4229 1783 4303 eligere
1824 4228 2030 4283 bonum

423 4338 533 4376 non
574 4321 797 4374 humani
830 4320 926 4373 sed
958 4319 1129 4373 divini
1154 4318 1399 4371 muneris
1439 4328 1522 4372 est
1551 4318 1778 4385 donum,
1812 4327 2032 4390 tempus

2147 3141 2237 3208 jus
2280 3137 2629 3210 praesentiam
2669 3136 2758 3189 vix
2789 3150 2956 3189 unam
2987 3143 3404 3205 exspectaverat
3433 3136 3671 3191 horam?
3704 3137 3769 3191 Ut

2147 3232 2294 3287 enim
2328 3229 2581 3285 celeriter
2611 3227 2983 3281 adduceretur
3010 3227 3094 3280 vir
3121 3226 3214 3280 ille
3245 3227 3464 3291 beatus,
3503 3243 3570 3283 eo
3608 3229 3764 3282 cele-

2146 3326 2259 3379 rius
2291 3332 2412 3393 post
2442 3323 2591 3376 illum
2622 3321 2821 3374 missus
2843 3328 2925 3373 est
2952 3334 3050 3389 pro
3083 3320 3276 3373 nuntio
3310 3320 3554 3385 nuntius,
3586 3328 3641 3374 et
3661 3338 3758 3391 pro

2143 3417 2321 3491 legato
2351 3418 2580 3487 legatus,
2613 3428 2720 3483 quo
2764 3417 3098 3481 cooperante
3136 3413 3310 3484 gratia
3337 3412 3538 3467 divinm
3593 3413 3762 3467 virtu-

2144 3510 2232 3569 tis,
2257 3506 2325 3560 ab
2354 3506 2549 3560 eodem
2584 3504 2702 3558 viro
2727 3503 3055 3557 medicinam
3088 3502 3282 3557 debuit
3311 3504 3512 3558 habere
3542 3504 3756 3558 salutis.

2145 3597 2420 3667 Sylvester
2437 3603 2618 3649 autem
2640 3594 3094 3664 pusillanimitate
3122 3593 3348 3663 spiritus
3364 3603 3418 3649 et
3432 3602 3756 3665 tempestate

2143 3704 2210 3742 eo
2243 3688 2424 3741 minus
2463 3684 2701 3739 habebat
2731 3685 2948 3750 vitium,
2987 3699 3098 3756 quo
3138 3700 3196 3739 se
3230 3684 3405 3759 magis
3433 3686 3616 3740 vocari
3648 3685 3760 3740 for-

2142 3775 2369 3830 midavit
2389 3775 2456 3829 ad
2487 3775 2829 3844 martyrium,
2858 3775 3110 3845 quamvis
3142 3790 3238 3846 pro
3264 3775 3497 3830 Domino
3532 3782 3754 3845 paratus

2144 3879 2290 3925 esset
2324 3871 2379 3924 in
2423 3885 2700 3924 carcerem
2731 3876 2785 3924 et
2824 3870 2877 3923 in
2909 3880 3139 3925 mortem
3170 3871 3273 3935 ire,
3305 3870 3520 3924 etiamsi
3560 3872 3628 3924 ab
3660 3886 3754 3925 eo-

2137 3966 2262 4020 dem
2297 3964 2519 4019 homine
2563 3969 2854 4037 cogeretur
2891 3964 3078 4019 omnia
3105 3970 3504 4021 tormentorum
3544 3980 3749 4038 genera

2137 4053 2339 4108 subire.
2378 4052 2440 4106 Et
2491 4051 2744 4122 quamvis
2776 4067 2872 4121 pro
2930 4052 3124 4106 eadem
3176 4053 3549 4107 sollicitudine
3588 4053 3747 4124 quasi

2134 4147 2283 4201 mille
2338 4145 2705 4218 cogitationes
2768 4145 2993 4199 haberet
3042 4153 3172 4201 ante
3203 4147 3372 4215 mille,
3426 4146 3533 4201 alio
3564 4155 3747 4201 tamen

2135 4242 2301 4299 modo
2342 4240 2678 4315 cogitaverat
2734 4239 2853 4309 ipse
2890 4247 2967 4294 ιρι
3021 4241 3131 4296 alio
3177 4240 3295 4307 ille,
3349 4241 3610 4312 quoniam
3654 4257 3753 4311 per

2134 4330 2334 4386 divinaa
2374 4327 2594 4399 pietatis
2625 4328 3011 4384 inaestimabile
3042 4330 3248 4385 donum
3293 4330 3441 4401 quod
3476 4331 3595 4401 ipse
3652 4333 3752 4387 de-

421 4421 507 4467 est
536 4420 613 4476 ut,
646 4413 788 4467 sicut
828 4411 991 4481 paulo
1026 4415 1152 4463 ante
1183 4410 1251 4462 de
1296 4409 1653 4464 Constantino
1680 4411 2107 4504 vcrtebamurD
2139 4422 2347 4493 ρυιεινίι
2384 4419 2452 4474 ad
2483 4419 2708 4483 malum,
2763 4419 2855 4474 ille
2896 4421 3146 4475 vom-bat
3200 4421 3255 4474 in
3317 4421 3545 4477 bonum,
3604 4424 3753 4478 Licet

420 4506 488 4558 ad
520 4504 810 4569 Herodem,
844 4503 917 4556 ita
948 4517 1097 4556 nunc
1124 4501 1191 4553 de
1249 4500 1459 4554 Herode
1487 4501 1554 4555 ad
1611 4502 2025 4556 Constantinum

420 4593 619 4648 ordine
649 4599 986 4646 revertamur
1018 4590 1232 4643 eodem.
1275 4590 1425 4644 Sicut
1470 4590 1892 4669 enim'Herodes
1927 4591 2027 4644 du-

421 4685 549 4756 plici
584 4684 675 4737 illa
712 4682 1045 4736 contritione
1093 4681 1149 4734 in
1198 4691 1432 4753 utroque
1474 4697 1773 4751 percussus
1812 4690 1895 4736 est
1927 4683 2031 4736 ho-

420 4776 593 4840 mine,
621 4775 690 4827 de
713 4790 821 4844 qua
841 4773 1104 4842 scriptum
1124 4782 1234 4826 est:
1262 4775 1471 4841 Duplici
1489 4776 1807 4828 contritione
1824 4780 2035 4829 contere

415 4881 522 4932 eos,
566 4867 782 4919 Domine
810 4862 937 4931 (Jer.
988 4864 1155 4930 xvn);
1201 4863 1274 4917 ita
1334 4863 1720 4917 Constantinus
1767 4878 1797 4916 e
1842 4870 2033 4917 contra

418 4971 517 5026 pro
561 4955 884 5023 simpliciori
916 4955 1077 5025 culpa
1134 4954 1459 5024 simpliciori
1509 4971 1539 5008 a
1591 4955 1699 5008 Deo
1737 4969 2032 5024 percussus

417 5053 503 5097 est
536 5043 719 5115 plaga,
752 5044 881 5097 dum
915 5060 1014 5114 pro
1039 5042 1421 5115 persecutione
1461 5041 1765 5097 Christiana
1802 5045 2034 5098 mulcta-

417 5137 504 5184 tus
521 5137 605 5184 est
632 5131 787 5200 lepra
815 5133 1022 5187 volatili
1055 5138 1108 5186 et
1144 5147 1301 5204 vaga;
1340 5131 1447 5186 Sed
1474 5132 1734 5203 quoniam
1768 5132 1825 5185 in
1857 5132 2033 5188 oculis

418 5219 513 5273 Dei
540 5219 732 5271 eadem
764 5222 923 5291 culpa
948 5238 1005 5275 se
1039 5220 1214 5276 noluit
1239 5220 1420 5275 facere
1448 5236 1600 5275 reum
1641 5236 1749 5291 qua
1786 5221 2030 5277 Herodes

416 5323 542 5363 cum
574 5308 821 5376 quaesivit
860 5326 1089 5380 puerum
1121 5312 1189 5365 ad
1231 5311 1578 5381 perdendum
1621 5328 1770 5378 eum,
1818 5312 1944 5366 ideo
1975 5321 2031 5365 et

416 5398 650 5471 praemio
680 5416 786 5455 non
814 5415 896 5459 est
927 5416 1312 5461 remuneratus
1341 5407 1536 5461 eodem
1569 5422 1679 5478 quo
1708 5421 2027 5461 remunera-

414 5504 531 5551 tum
569 5490 681 5557 jam
705 5498 958 5552 eumdem
987 5506 1200 5553 constat
1232 5501 1520 5556 Herodem.
1557 5502 1689 5566 Quia
1729 5517 1859 5573 ergo
1882 5504 2031 5573 ejus-

410 5592 540 5643 dem
575 5583 795 5641 nefandi
827 5593 970 5661 regis
1000 5593 1134 5645 satis
1173 5604 1492 5665 exasperata
1527 5604 1608 5649 est
1648 5598 1877 5662 mentio,
1906 5596 2031 5649 ideo

403 5673 736 5733 memoriam
772 5680 914 5735 illius
945 5684 1061 5750 jam
1115 5685 1366 5741 volumus
1412 5687 1729 5742 oblitterare
1779 5688 2024 5753 silentio,

2132 4510 2279 4568 enim
2329 4505 2723 4577 recuperandae
2785 4508 3036 4562 sanitatis
3091 4509 3382 4564 consilium
3429 4510 3499 4564 ab
3551 4513 3749 4566 eodem

2131 4595 2392 4671 pontiﬁce
2449 4595 2693 4650 nondum
2745 4594 2936 4650 fuisset
2984 4597 3241 4668 adeptus,
3304 4613 3502 4673 magno
3560 4608 3747 4655 tamen

2131 4687 2334 4761 gaudio
2365 4686 2447 4740 vir
2477 4685 2569 4738 ille
2599 4683 2793 4739 beatus
2831 4692 2913 4739 est
2950 4685 3020 4740 ab
3052 4685 3385 4756 imperatore
3432 4697 3748 4759 susceptus,

2136 4782 2396 4854 quoniam
2429 4794 2529 4851 pro
2563 4779 2926 4850 inquisitione
2987 4780 3136 4835 illius
3166 4795 3278 4836 non
3335 4789 3546 4837 tantum
3602 4783 3752 4852 prius

2137 4873 2378 4929 habebat
2403 4871 2668 4935 studium,
2710 4881 2973 4941 quantum
3018 4882 3073 4926 et
3111 4873 3165 4926 in
3190 4874 3545 4943 susceptione
3573 4876 3752 4946 ipsius

2138 4970 2328 5031 postea
2359 4959 2573 5014 solebat
2606 4960 2809 5013 habere
2849 4960 3176 5030 tripudium.
3209 4962 3348 5026 Quid
3379 4963 3581 5032 plura?
3604 4965 3750 5020 Duo-

2122 5051 2241 5106 ‘bus
2288 5051 2452 5124 igitur
2496 5050 2598 5105 hac
2623 5059 2679 5105 et
2717 5050 2844 5105 illac
2873 5052 3078 5121 pariter
3106 5054 3548 5108 consedentibus
3588 5062 3645 5110 et
3681 5055 3752 5110 de

2134 5139 2243 5194 ﬁde
2273 5146 2474 5195 sanctze
2494 5138 2769 5193 Trinitatis
2803 5140 2905 5194 hac
2922 5148 2978 5194 et
3009 5140 3135 5195 illac
3164 5140 3400 5196 invicem
3426 5142 3752 5214 colloquen-

2131 5233 2301 5295 tibus,
2324 5230 2602 5301 colloquio
2624 5245 2814 5286 eorum
2847 5231 3043 5286 eadem
3073 5232 3194 5287 sine
3220 5231 3393 5288 dubio
3425 5233 3753 5289 credebatur

2131 5324 2398 5378 interesse
2428 5322 2652 5392 Sophia,
2692 5338 2814 5392 qua:
2862 5329 2986 5392 post
3024 5323 3484 5379 resurrectionem
3532 5324 3751 5380 duobus

2130 5417 2421 5487 discipulis
2446 5415 2775 5486 loquebatur
2801 5416 2856 5469 in
2891 5416 3000 5471 via.
3032 5416 3139 5470 Sed
3169 5418 3423 5488 quamvis
3454 5418 3601 5473 inter
3636 5419 3750 5473 hac

2135 5513 2323 5560 mutua
2362 5504 2790 5559 collocutionum
2823 5520 3029 5577 genera
3054 5504 3190 5559 fides
3214 5505 3396 5560 adhuc
3416 5506 3580 5560 unius
3607 5512 3752 5560 esset

2136 5597 2189 5652 in
2241 5596 2427 5652 radice
2459 5603 2671 5662 tenera,
2704 5603 2885 5650 tamen
2917 5603 2980 5650 ut
3015 5596 3159 5651 inter
3203 5596 3457 5653 diversas
3493 5597 3749 5667 proposi-

2136 5688 2318 5745 tiones
2378 5687 2781 5743 sententiarum
2816 5687 2959 5743 alter
2987 5688 3057 5742 ab
3085 5688 3261 5744 altero
3310 5688 3495 5743 minus
3518 5688 3754 5743 haberet
