4006 6198
251 307 363 361 973

1212 302 1294 354 DE
1336 302 1547 356 LAUDE
1590 301 1669 355 ET
1711 302 1840 356 lNV.
1883 302 1937 357 S.
1981 302 2234 358 CRUCIS.
2278 334 2346 345 -—
2388 306 2511 360 LIB.
2556 307 2648 359 lll.

3492 312 3597 366 974

252 434 501 500 taedium,
530 432 665 505 quid
697 431 803 486 sibi
846 430 1145 486 revelatum
1179 430 1272 497 sit,
1313 431 1451 485 alter
1488 432 1645 485 alteri
1674 447 1876 503 propo—
1902 438 1950 505 Α
1982 437 2126 495 inter
2178 452 2373 489 manus
2452 435 2720 489 habemus
2754 478 2785 502 ,.
2829 438 2918 506 {de
2974 440 3198 498 nomine
3268 441 3432 496 unius
3461 485 3473 509 ,
3543 448 3597 497 et

253 527 421 580 nebat
476 526 530 578 in
585 524 854 588 medium,
914 524 1042 577 dum
1102 523 1305 578 divina)
1364 523 1593 577 visionis
1656 525 1880 579 horama

252 616 464 685 (ὅραμα)
500 614 710 668 eisdem
743 613 927 667 verbis
957 613 1049 666 ille
1083 612 1271 668 retulit
1298 613 1385 667 isti
1416 613 1621 683 quibus
1650 614 1698 667 ei
1730 614 1881 684 prius

256 708 559 760 revelatum
591 712 674 764 est
699 705 767 758 ab
801 704 1065 774 apostolis
1096 704 1294 759 Christi
1354 705 1415 758 Et
1442 705 1572 758 licet
1602 704 1745 759 idem
1776 708 1879 775 vir,

256 796 420 864 paulo
452 802 578 865 post
608 794 766 848 miles
796 791 992 848 Christi
1028 793 1265 860 futurus,
1320 794 1719 864 aliquantulum
1739 803 1883 851 esset

255 887 325 940 de
357 887 552 941 eadem
586 886 799 940 visione
822 901 1084 951 securus,
1109 885 1287 940 adhuc
1317 895 1498 940 tamen
1530 886 1658 941 inde
1691 890 1882 943 volens

257 974 508 1031 securior
547 990 691 1038 esse,
728 973 1013 1045 inquirere
1045 973 1212 1043 coepit
1271 974 1317 1026 si
1369 973 1639 1045 imagines
1691 984 1880 1024 eorum

261 1066 602 1121 haberentur
631 1066 932 1135 impressze.
980 1065 1133 1119 Unde
1175 1071 1228 1119 et
1267 1066 1465 1119 beatus
1504 1064 1783 1135 Sylvester
1816 1061 1885 1114 ad

260 1156 661 1211 obstruendum
680 1154 930 1223 ejusdem
948 1152 1274 1208 diffidentia:
1293 1152 1638 1224 voraginem,
1661 1166 1883 1205 eorum-

261 1249 387 1303 dem
421 1247 795 1318 apostolorum
840 1246 889 1300 ei
922 1246 1220 1320 genuinam
1262 1245 1463 1299 deferri
1520 1244 1648 1298 fecit
1687 1242 1883 1315 imagi-

262 1360 419 1397 nem:
464 1350 521 1396 ut
552 1342 771 1413 plenius
803 1348 1096 1396 testaretur
1126 1341 1308 1412 imago
1350 1340 1631 1410 impressae
1684 1336 1883 1391 tabulae

261 1445 446 1489 utrum
477 1433 616 1488 visio
648 1432 739 1486 illa
758 1432 1011 1502 deputari
1055 1431 1287 1486 deberet
1314 1431 1393 1485 rei
1417 1437 1585 1504 gestae
1613 1428 1697 1483 vel
1728 1427 1886 1483 fabu-

262 1525 350 1579 lae.
388 1524 448 1577 Et
479 1538 603 1577 cum
636 1538 745 1577 non
780 1522 918 1575 alias
959 1521 1231 1593 imagines
1259 1526 1457 1590 praeter
1488 1520 1584 1573 has
1621 1526 1892 1589 quaereret

264 1613 427 1678 duas,
487 1612 634 1666 inter
688 1601 884 1664 manus
925 1608 1271 1665 offerentium
1308 1608 1572 1662 continuo
1609 1622 1703 1661 eas
1740 1620 1895 1659 reco-

265 1704 457 1777 gnovit
497 1712 555 1756 ut
603 1718 750 1765 suas,
786 1702 916 1755 dum
969 1715 1069 1771 pro
1102 1699 1344 1755 ‘modulo
1395 1715 1495 1753 suo
1545 1714 1611 1753 eo
1662 1698 1898 1764 majores

266 1792 397 1846 inde
425 1792 629 1865 gratias
668 1791 870 1844 divinae
910 1790 1102 1844 retulit
1154 1790 1361 1852 virtuti,
1426 1806 1534 1860 quo
1591 1788 1659 1842 de
1701 1788 1894 1842 eadem

268 1881 483 1935 visione
514 1894 763 1945 securus,
796 1878 1032 1933 vicinior
1063 1878 1353 1932 videbatur
1383 1894 1503 1931 esse
1528 1878 1712 1932 saluti.
1744 1877 1895 1931 Unde

268 1978 559 2041 postquam
594 1985 653 2024 se
690 1969 745 2023 in
787 1968 1005 2022 laudem
1040 1982 1230 2022 eorum
1280 1967 1499 2021 animus
1529 1967 1650 2035 ejus
1692 1967 1888 2033 erexit,

269 2077 506 2132 quorum
538 2062 723 2116 vultus
752 2060 807 2114 in
845 2059 1059 2115 visione
1091 2060 1401 2129 conspexit,
1442 2060 1727 2114 catholica:
1762 2058 1889 2112 ﬁdei

273 2166 343 2205 eo
365 2149 540 2222 magis
564 2147 827 2203 delectari
859 2147 1024 2217 ccepit
1052 2147 1342 2219 indagine,
1366 2164 1474 2218 quo
1502 2148 1569 2201 de
1602 2146 1784 2202 futura
1811 2163 1895 2199 sa-

276 2239 449 2292 nitate
475 2238 675 2293 certior
688 2253 754 2291 ex
781 2245 1012 2307 utraque
1026 2236 1632 2310 reddebaturimagine.
1660 2236 1895 2290 Proinde

282 2328 341 2380 in
372 2326 537 2381 corde
557 2326 731 2396 ipsius
756 2324 1099 2395 aliquantula
1121 2323 1321 2378 divina:
1351 2323 1685 2397 cognitionis
1706 2322 1899 2378 oborta

281 2419 615 2491 prOpagine,
672 2418 727 2472 in
767 2433 964 2473 novam
1008 2417 1305 2490 imaginem
1347 2433 1377 2470 a
1440 2416 1613 2471 veteri
1654 2416 1902 2471 transivit

279 2512 544 2583 imagine,
579 2510 709 2565 dum
740 2509 809 2564 ad
842 2510 945 2565 hoc
974 2509 1387 2584 cognitionibus
1416 2509 1597 2571 malis,
1630 2517 1684 2562 et
1713 2508 1901 2579 Operi-

277 2607 388 2661 bus
429 2606 759 2661 renuntiavit
790 2605 1036 2671 incestis,
1088 2609 1147 2658 ut
1176 2602 1271 2674 qui
1317 2602 1552 2673 portavit
1603 2601 1899 2673 imaginem

279 2699 510 2764 terreni,
557 2704 802 2769 portaret
848 2703 903 2751 et
963 2696 1260 2770 imaginem
1321 2694 1577 2749 caelestis.
1636 2694 1701 2748 Ut
1754 2693 1899 2747 enim

279 2794 438 2865 quasi
473 2794 541 2847 de
572 2792 816 2865 imagine
848 2792 915 2846 ad
940 2791 1258 2863 imaginem,
1294 2791 1367 2845 ita
1394 2790 1461 2843 de
1501 2788 1906 2845 vitiotransiret

281 2886 340 2940 in
373 2886 652 2950 virtutem,
694 2899 794 2954 pro
827 2883 1016 2938 labore
1070 2882 1323 2954 quaesivit
1362 2882 1636 2952 requiem,
1693 2889 1746 2935 et
1804 2897 1904 2951 pro

280 2976 603 3030 inﬁrmitate
635 2975 891 3041 salutem,
922 2974 1142 3045 quando
1193 2989 1292 3043 per
1332 2971 1669 3027 ineffabilem
1702 2971 1902 3026 divina:

281 3067 508 3139 pietatis
525 3065 849 3131 efficaciam,
884 3067 954 3120 de
972 3065 1218 3120 mortcin
1237 3064 1426 3130 vitam,
1453 3064 1520 3118 de
1550 3063 1902 3133 eulpatrans—

281 3161 381 3214 ivit
432 3160 485 3213 in
519 3158 778 3233 gratiam.
833 3157 947 3211 Tali
988 3157 1194 3228 quippe
1250 3156 1414 3211 modo
1468 3155 1660 3210 volens
1719 3171 1778 3209 se
1835 3153 1903 3208 ab

285 3248 438 3304 omni
471 3247 735 3303 cohibere
799 3246 1067 3312 facinore,
1106 3246 1158 3314 ζει
1191 3244 1397 3301 carnali
1453 3260 1645 3315 Opere,
1688 3244 1838 3298 velut
1878 3261 1908 3298 a

289 3340 484 3413 legalis
542 3338 762 3392 Sabbati
810 3337 1020 3409 quievit
1077 3337 1293 3394 itinere.
1328 3334 1548 3406 quando
1577 3343 1635 3389 ut
1687 3351 1716 3389 a
1747 3334 1909 3404 culpa

286 3434 479 3499 posset
520 3428 620 3493 ire,
661 3433 715 3481 et
766 3426 821 3480 in
880 3426 1057 3501 gratia
1108 3426 1418 3496 quiescere,
1465 3424 1620 3495 quasi
1670 3440 1793 3478 cum
1826 3424 1911 3478 lu-

287 3535 459 3575 cerna
487 3526 540 3573 et
569 3520 689 3573 luce
716 3518 772 3572 in
804 3533 915 3572 uno
946 3517 1114 3587 coepit
1144 3516 1339 3582 minui,
1381 3522 1434 3569 et
1481 3515 1537 3569 in
1576 3515 1747 3570 altero
1786 3531 1909 3569 cre-

289 3627 469 3667 scere.
494 3610 596 3665 Per
614 3611 948 3681 Sylvestrum
977 3609 1123 3664 enim
1158 3607 1330 3662 divini
1356 3607 1586 3661 luminis
1607 3606 1912 3661 illustratus

291 3706 554 3773 scientia,
582 3706 724 3761 sicut
754 3703 1048 3760 deﬁciebat
1067 3704 1125 3757 in
1156 3704 1338 3775 culpa,
1370 3703 1426 3755 in
1453 3703 1629 3776 gratia
1662 3702 1915 3774 proﬁcie—

291 3800 389 3853 bat
417 3805 472 3853 et
501 3796 794 3869 sapientia,
826 3801 1055 3866 excepto
1076 3796 1183 3849 hoc
1222 3809 1333 3849 uno
1364 3794 1515 3865 quod
1542 3794 1724 3849 adhuc
1753 3793 1914 3865 culpa

293 3892 582 3963 redarguit
611 3906 758 3955 eum,
790 3890 939 3961 quod
972 3890 1028 3944 in
1054 3888 1331 3959 sapientia
1357 3888 1453 3941 Dei
1474 3888 1718 3942 nondum
1754 3887 1915 3957 plene

291 3980 558 4055 cognovit
586 3995 685 4049 per
713 3978 1040 4048 sapientiam
1100 3977 1292 4031 Deum.
1336 3976 1490 4031 Unde
1528 3984 1589 4030 ut
1635 3975 1919 4046 sapienter

292 4077 443 4130 inter
475 4074 596 4129 illos
625 4073 906 4143 desiperet
929 4072 1276 4143 insipientes,
1307 4071 1376 4126 de
1418 4071 1623 4143 quibus
1652 4070 1913 4141 scriptum

295 4175 417 4222 est:
448 4170 574 4230 Quae
600 4166 770 4221 stulta
794 4171 926 4219 sunt
950 4166 1145 4220 mundi
1161 4166 1315 4233 elegit
1344 4168 1497 4232 Deus,
1531 4170 1593 4218 ut
1618 4164 1919 4231 confundat

295 4256 567 4322 sapientes
608 4250 656 4321 (I
685 4256 800 4308 Cor.
825 4252 907 4323 ιι),
940 4252 1007 4307 de
1039 4251 1149 4307 ﬁde
1170 4251 1452 4307 Trinitatis
1481 4258 1535 4307 et
1559 4252 1627 4307 de
1657 4251 1918 4322 mysterio

300 4344 487 4400 crucis
517 4358 584 4399 eo
614 4343 941 4423 studiosius
966 4343 1249 4414 inquirere
1289 4343 1457 4414 cmpit
1482 4359 1513 4397 a
1550 4342 1916 4412 sapientibus,

1932 3109 1980 3176 C

1982 530 2051 582 de
2127 524 2456 594 baptismate
2541 524 2767 576 alterius
2836 525 3019 595 aliqua
3083 528 3377 596 dicemus,
3456 546 3599 601 quo-

1984 616 2127 670 niam
2173 614 2225 666 in
2284 612 2645 683 quorumdam
2701 611 2960 666 cordibus
3016 630 3271 688 magnum
3333 617 3461 672 inde
3493 635 3599 673 sae-

1985 704 2106 775 pius
2155 709 2334 757 ortum
2413 709 2494 755 est
2568 700 2828 766 schisma,
2893 701 3039 771 quod
3124 704 3213 758 hic
3306 706 3373 759 de
3434 707 3600 761 Euse-

1983 792 2098 859 bio,
2137 799 2191 846 et
2236 791 2348 846 illic
2377 808 2407 845 a
2435 790 2712 862 Sylvestro
2754 792 2955 864 legitur
2986 794 3269 863 accepisse
3294 794 3596 865 baptisma.

1984 884 2039 938 Si
2079 885 2225 939 enim
2261 885 2314 938 in
2346 884 2515 956 gestis
2554 885 2863 938 Graecorum
2915 885 3162 940 studiose
3202 886 3489 957 quaeritur,
3530 888 3597 942 ab

1986 977 2223 1032 Eusebio
2255 977 2512 1031 Romanis
2542 976 2694 1030 urbis
2744 976 3008 1047 episcopo
3040 977 3352 1047 baptizatus
3397 980 3603 1032 asseri-

1986 1074 2092 1121 tur.
2126 1066 2178 1119 Si
2219 1072 2397 1119 autem
2459 1065 2512 1118 in
2569 1065 2813 1121 historiis
2868 1065 3237 1121 Romanorum
3286 1066 3470 1122 studio
3531 1068 3607 1121 ri-

1986 1162 2164 1209 matur
2194 1156 2447 1220 honesto,
2498 1155 2687 1225 procul
2721 1171 2751 1208 e
2791 1154 2963 1209 dubio
2996 1154 3305 1225 baptizatus
3346 1156 3547 1228 legitur
3577 1172 3606 1209 a

1986 1244 2279 1314 Sylvestro.
2320 1244 2469 1299 Unde
2504 1243 2744 1298 breviter
2776 1244 2865 1298 hic
2897 1244 3249 1299 enodandum
3280 1253 3367 1299 est
3410 1246 3465 1298 in
3498 1261 3607 1301 no-

1986 1338 2138 1391 mine
2166 1337 2405 1401 Domini,
2453 1337 2693 1408 qualiter
2732 1337 2850 1390 hzec
2882 1337 2991 1391 duo
3021 1336 3246 1391 nomina
3280 1338 3370 1391 uni
3406 1352 3612 1392 conve—

1992 1429 2146 1484 niant
2186 1430 2418 1496 homini,
2463 1437 2519 1485 ut
2549 1429 2800 1501 quaestio,
2835 1446 2956 1501 qua}
3003 1430 3146 1485 inter
3179 1430 3446 1502 quosdam
3482 1430 3609 1483 inde

1997 1525 2307 1592 soletoriri,
2332 1526 2480 1593 justa
2504 1525 2678 1595 possit
2702 1525 2914 1579 ratione
2946 1524 3137 1596 SOpiri.
3164 1524 3480 1579 Secundum
3513 1524 3612 1577 de-

2000 1615 2303 1671 ﬁnitionem
2329 1617 2478 1671 enim
2509 1617 2864 1687 sapientium,
2897 1624 2951 1671 et
3001 1633 3112 1671 non
3145 1617 3449 1671 secundum
3492 1615 3612 1686 Opi-

2000 1706 2223 1759 nionem
2250 1705 2514 1775 plebium,
2551 1705 2772 1775 quidam
2798 1721 2921 1759 eum
2956 1720 3221 1760 vocavere
3255 1705 3613 1775 Sylvestrum,

2000 1797 2222 1867 quidam
2265 1804 2446 1850 autem
2491 1796 2813 1863 Eusebium,
2853 1796 3141 1867 quoniam,
3169 1796 3311 1851 sicut
3341 1795 3396 1849 in
3442 1796 3616 1867 pluri-

2000 1888 2101 1940 bus
2130 1884 2265 1938 locis
2304 1883 2540 1937 refertur
2569 1901 2600 1937 a
2632 1882 2976 1949 Christianis,
3016 1883 3287 1938 Eusebius
3316 1884 3617 1939 vocabatur

1993 1990 2024 2028 a
2055 1973 2275 2039 Graecis,
2310 1980 2364 2026 et
2393 1973 2667 2042 Sylvester
2696 1989 2725 2026 a
2758 1972 3039 2028 Romanis.
3078 1972 3316 2028 Proinde
3351 1973 3615 2044 quoniam

1996 2063 2268 2118 Eusebius
2291 2062 2534 2117 Gnecum
2563 2077 2765 2117 nomen
2810 2071 2947 2128 erat,
2978 2078 3088 2117 non
3124 2062 3430 2137 incongrue
3460 2064 3614 2116 Grae-

1995 2169 2117 2208 cum
2160 2152 2294 2206 illud
2329 2166 2530 2206 nomen
2558 2167 2587 2204 a
2615 2151 2816 2205 Grmcis
2846 2151 3108 2218 habebat,
3151 2152 3279 2223 quia
3305 2152 3450 2206 sicut
3476 2167 3505 2204 a
3538 2151 3618 2205 lc-

1997 2247 2180 2321 gendo
2219 2248 2399 2313 lector,
2424 2246 2505 2300 vel
2538 2262 2568 2298 a
2601 2246 2883 2320 pingendo
2917 2249 3091 2315 pictor
3119 2254 3361 2308 vocatur,
3398 2246 3479 2300 sic
3513 2246 3619 2300 Eu-

2000 2336 2191 2391 sebius
2219 2352 2249 2391 a
2287 2336 2582 2391 scribendo
2611 2337 2812 2391 dicitur
2850 2338 3031 2392 bonus
3069 2338 3306 2408 scriptor
3362 2339 3452 2407 (2).
3491 2339 3611 2408 Ipse

2001 2424 2148 2477 enim
2199 2423 2355 2494 quasi
2402 2423 2582 2478 scriba
2632 2425 2828 2479 doctus
2860 2425 2914 2479 in
2949 2440 3118 2500 regno
3176 2425 3443 2480 caelorum
3476 2427 3617 2496 stylo

2003 2512 2412 2583 priedirationis
2477 2511 2698 2583 scripsit
2770 2514 2824 2566 in
2905 2513 3170 2568 cordibus
3236 2514 3612 2584 proximorum

2003 2621 2124 2676 qua:
2156 2604 2238 2660 vel
2264 2603 2449 2675 qualia
2471 2604 2734 2659 Dominus
2764 2606 3004 2660 narravit
3034 2606 3089 2659 in
3114 2606 3403 2675 scripturis
3430 2622 3616 2677 p0pu-

2005 2694 2202 2761 lorum,
2241 2693 2465 2765 quando
2496 2693 2638 2747 inter
2686 2702 2885 2748 caetera
2916 2694 3117 2748 divinae
3157 2695 3418 2764 potentia:
3452 2695 3616 2748 mira-

2005 2788 2149 2856 cula,
2184 2786 2411 2857 protulit
2450 2786 2531 2841 eis
2571 2786 2639 2840 de
2683 2787 2947 2842 thesauro
2985 2803 3084 2842 suo
3136 2804 3276 2843 nova
3323 2797 3378 2843 et
3413 2795 3619 2844 vetera.

2008 2879 2066 2932 Et
2096 2879 2357 2950 quoniam
2389 2879 2590 2933 veteris
2620 2894 2878 2949 ac,novze
2908 2879 3045 2951 legis
3075 2879 3317 2934 edictum
3352 2881 3407 2933 in
3441 2880 3623 2934 tabula

2005 2969 2191 3024 cordis
2224 2969 2307 3023 sui
2356 2968 2657 3042 diligenter
2688 2969 2925 3023 habebat
2965 2970 3311 3041 inscriptum,
3355 2970 3483 3024 ideo
3530 2969 3623 3023 die

2006 3074 2280 3136 noctuque
2327 3064 2521 3119 didicit
2560 3064 2614 3118 in
2637 3064 2917 3135 Scriptura
2944 3065 3188 3120 veritatis
3222 3065 3461 3135 qualiter
3492 3064 3623 3119 odio

2006 3157 2295 3212 habiturus
2323 3163 2468 3211 esset
2505 3172 2728 3211 omnem
2758 3157 2901 3212 viam
2935 3156 3263 3229 iniquitatis.
3294 3157 3446 3211 Unde
3472 3162 3627 3227 post-

2008 3264 2170 3318 quam
2214 3247 2265 3300 in
2299 3246 2546 3302 fontibus
2575 3246 2870 3301 Salvatoris
2932 3246 3202 3301 calamum
3251 3246 3436 3301 cordis
3467 3247 3630 3301 altius

2010 3339 2254 3401 intinxit,
2285 3338 2353 3392 ad
2400 3338 2696 3412 imaginem
2732 3344 2786 3393 et
2833 3338 3251 3393 similitudinem
3294 3339 3387 3392 Dei
3427 3338 3632 3393 mentis

2013 3427 2279 3482 interiora
2305 3427 2577 3497 depinxit,
2614 3434 2672 3481 ut
2702 3427 2756 3480 in
2799 3427 2961 3481 aliam
3012 3427 3242 3483 formam
3276 3428 3633 3483 transforma-

2009 3526 2159 3574 retur
2177 3520 2389 3573 calamo
2419 3518 2637 3585 scribae,
2669 3519 2941 3573 dicentis:
2985 3523 3191 3589 Lingua
3234 3535 3355 3575 mea
3389 3522 3633 3575 calamus

2010 3611 2196 3666 scriba:
2223 3612 2467 3665 velociter
2502 3612 2783 3665 scribentis
2811 3612 2975 3681 (Psal.
3011 3613 3174 3668 κων).

2088 3702 2224 3775 Ergo
2270 3701 2401 3772 quia
2432 3702 2499 3755 de
2540 3702 2764 3757 nomine
2824 3702 3045 3756 Eusebii
3080 3718 3226 3756 nunc
3270 3701 3636 3757 satisfecimus

2016 3794 2191 3848 turbae
2230 3793 2488 3864 pedestri,
2521 3794 2751 3866 dignum
2811 3802 2895 3848 est
2942 3800 3001 3848 ut
3030 3794 3100 3847 de
3140 3794 3409 3850 vocabulo
3439 3795 3630 3863 Sylve-

2017 3885 2112 3940 stri
2165 3886 2278 3956 jam
2354 3886 2509 3958 quasi
2591 3884 2800 3939 militiae
2878 3884 3286 3940 satisfaciamus
3369 3884 3636 3955 equestri,

2018 3979 2149 4051 quia
2196 3978 2338 4035 sicut
2403 3980 2472 4034 ab
2537 3994 2681 4050 equo
2735 3978 2936 4035 dicitur
3005 3995 3214 4050 eques,
3293 3984 3348 4032 et
3402 3995 3433 4033 a
3496 3977 3637 4048 pede

2019 4067 2297 4139 pedester,
2326 4068 2408 4122 sic
2446 4068 2591 4122 idem
2625 4069 2706 4123 vir
2736 4084 2845 4124 non
2876 4069 3183 4143 incongrue
3221 4085 3251 4122 a
3284 4070 3435 4140 sylva
3473 4084 3638 4122 voca—

2017 4155 2179 4211 batur
2195 4158 2467 4226 Sylvester.
2505 4156 2635 4220 Quis
2673 4157 2822 4212 enim
2864 4156 3079 4211 ditﬁdat
3110 4158 3258 4212 hunc
3288 4157 3464 4212 virum
3507 4171 3640 4227 pro-

2018 4251 2252 4322 pheticis
2277 4257 2332 4306 et
2359 4252 2691 4325 evangelicis
2721 4252 2938 4323 legibus
2970 4252 3299 4320 institutum,
3350 4250 3639 4306 frondibus

2024 4342 2293 4396 bonorum
2322 4358 2551 4412 operum
2583 4342 2638 4396 in
2668 4342 2875 4413 sylvam
2907 4358 3129 4414 semper
3183 4342 3491 4398 excrevisse
3529 4341 3642 4396 vir-

304 4454 419 4510 quo
449 4438 515 4492 ad
562 4438 877 4509 exemplum
929 4411 1178 4509 Apostoli
1218 4411 1421 4493 debitor
1472 4453 1581 4493 esse
1619 4411 1793 4493 potuit
1828 4452 1919 4493 sa-
1941 4411 2001 4480 Β
2027 4433 2242 4487 tutum?
2272 4411 2523 4488 Neienim
2544 4411 2865 4510 evangelica
2887 4411 3043 4491 falce-
3066 4452 3189 4490 cum
3219 4435 3414 4490 eadem
3445 4434 3644 4489 arbore

298 4528 575 4598 picntibus
606 4535 656 4582 et
710 4528 1087 4596 insipientibus
1130 4530 1293 4594 (Rom.
1353 4528 1409 4597 ι).
1444 4527 1505 4581 Et
1544 4537 1603 4581 ut
1642 4533 1925 4598 perpetuae

304 4615 500 4671 salutis
526 4616 860 4688 quandoque
890 4617 1187 4688 attingeret
1213 4624 1450 4686 portum,
1485 4617 1541 4670 in
1580 4617 1764 4687 seipso
1808 4616 1926 4671 ido-

307 4703 537 4758 lolatriae
569 4719 820 4759 occasum
849 4711 904 4759 et
941 4703 1071 4759 fidei
1100 4704 1336 4775 praebuit
1367 4714 1569 4772 ortum,
1603 4705 1735 4777 quia
1766 4710 1922 4775 post-

308 4808 475 4865 quam
508 4808 608 4863 per
643 4794 861 4848 beatum
902 4793 1239 4864 Sylvestrum
1281 4792 1389 4849 ﬁde
1416 4802 1618 4850 sanctae
1652 4794 1927 4849 Trinitatis

309 4883 731 4952 informabatur,
765 4885 972 4942 ibidem
1002 4886 1055 4940 in
1087 4887 1256 4942 corde
1284 4887 1433 4942 illius
1462 4894 1515 4943 et
1549 4886 1686 4943 ﬁdes
1716 4888 1930 4957 accepit

308 4976 583 5050 originem
614 4986 670 5031 et
700 4977 1013 5032 idololatria
1035 4976 1223 5033 ﬁnem.
1256 4979 1569 5034 Secundum
1597 4980 1930 5035 admonitio-

311 5084 440 5123 nem
470 5068 618 5122 enim
662 5068 921 5139 Sylvestri
954 5077 1010 5124 et
1038 5071 1438 5127 revelationem
1494 5073 1731 5139 Domini,
1782 5073 1930 5128 intus

311 5169 369 5216 et
395 5160 637 5215 exterius
671 5160 783 5216 Deo
834 5161 1084 5217 obedivit
1128 5170 1182 5217 et
1210 5163 1443 5230 homini,
1494 5165 1623 5219 dum
1678 5165 1827 5219 velut
1875 5166 1930 5219 in

312 5251 678 5323 Pythagorico
731 5251 882 5309 bivio
949 5254 1267 5310 catechizati
1320 5256 1592 5327 arripiens
1652 5257 1931 5324 dextrum,

312 5339 448 5395 ﬁdei
483 5339 735 5409 symbolo
765 5341 1090 5397 catecbizari
1133 5344 1331 5398 meruit
1362 5360 1463 5414 per
1502 5343 1859 5415 Sylvcstrum.

959 5429 1167 5485 CAPUT
1198 5432 1307 5487 νη.

605 5522 642 5571 Α
674 5534 776 5587 quo
811 5519 1118 5589 baptizatus
1147 5524 1218 5578 sit
1247 5525 1650 5577 Constantinus.

391 5607 596 5663 Verum
658 5610 789 5679 quia
840 5610 1175 5681 Sylvestrum
1243 5620 1297 5667 et
1356 5613 1769 5669 Constantinum
1827 5615 1939 5683 jam

2030 4524 2429 4592 succideretur,
2470 4526 2539 4580 de
2559 4543 2665 4598 qua
2694 4526 2929 4582 dicitur:
2978 4531 3159 4583 Omnis
3186 4529 3346 4583 arbor
3374 4542 3493 4596 qua:
3536 4541 3645 4581 non

2030 4617 2165 4683 facit
2186 4619 2434 4683 fructum
2472 4618 2672 4673 bonum
2701 4620 2995 4686 excidetur,
3023 4626 3074 4674 et
3124 4623 3182 4674 in
3230 4622 3407 4688 ignem
3461 4621 3643 4673 mitte-

2027 4713 2119 4763 tur
2149 4708 2317 4779 (Matt.
2364 4710 2463 4781 in),
2522 4710 2649 4766 ideo
2676 4710 2905 4785 ﬁguram
2961 4710 3174 4766 arboris
3226 4711 3376 4767 illius
3428 4725 3650 4781 semper

2031 4800 2235 4854 habere
2249 4800 2740 4857 voluiteminentia
2765 4802 3109 4869 meritorum,
3145 4803 3213 4857 de
3245 4819 3353 4874 qua
3383 4802 3646 4872 scriptum

2030 4895 2141 4943 est:
2196 4896 2307 4945 Non
2370 4896 2447 4945 est
2506 4891 2667 4945 arbor
2726 4892 2877 4944 mala
2941 4892 3148 4957 faciens
3229 4894 3477 4958 fructum
3558 4891 3649 4945 bo-

2031 4997 2170 5035 num
2197 4982 2342 5051 (Luc.
2386 4981 2481 5051 vr).
2524 4982 2584 5036 Et
2610 4982 2740 5053 quia
2771 4998 2921 5036 nunc
2949 4992 3134 5037 mente
3167 4983 3360 5051 libera,
3390 4990 3445 5037 et
3485 4997 3650 5037 carne

2032 5075 2246 5146 captiva
2290 5075 2347 5129 in
2395 5075 2559 5131 domo
2587 5077 2681 5130 Dei
2723 5077 2879 5148 quasi
2909 5076 3188 5133 fructifera
3228 5094 3448 5149 semper
3477 5077 3649 5132 ﬂore--

2037 5164 2128 5217 bat
2152 5164 2319 5228 oliva,
2354 5164 2481 5219 ideo
2512 5180 2610 5235 pro
2648 5164 2913 5219 virtutum
2963 5165 3195 5220 ﬁoribus
3228 5172 3414 5237 typum
3450 5166 3653 5237 palmm

2039 5254 2189 5310 illius
2246 5256 2299 5309 in
2354 5264 2618 5311 aeternum
2665 5255 2910 5323 habebit,
2958 5257 3028 5312 de
3073 5274 3182 5329 qua
3234 5258 3498 5329 scriptum
3541 5264 3653 5312 est:

2037 5356 2224 5405 Justus
2258 5357 2315 5405 ut
2338 5351 2523 5419 palma
2549 5352 2757 5417 ﬂorebit
2787 5353 2890 5419 (Ps.
2920 5352 3069 5422 xcn).
3114 5352 3251 5417 Quia
3284 5352 3453 5426 igitur
3476 5352 3659 5406 bono—

2040 5455 2160 5494 rum
2202 5454 2432 5509 operum
2492 5440 2765 5513 virgultis,
2814 5442 2971 5513 quasi
3038 5441 3093 5495 in
3148 5441 3355 5511 sylvam
3396 5442 3709 5496 virtutum.

2042 5543 2265 5598 semper
2297 5528 2558 5594 excrevit,
2591 5529 2719 5583 dum
2751 5531 2898 5601 quod
2928 5529 3112 5585 verbis
3152 5530 3365 5597 docuit,
3397 5527 3667 5599 operibus

2043 5615 2316 5685 implevit,
2347 5615 2474 5672 ideo
2516 5618 2644 5671 dum
2677 5619 2916 5673 crelestis
2948 5618 3099 5672 verbi
3134 5616 3409 5677 minister,
3448 5623 3500 5666 et
3529 5608 3668 5663 divi-

401 5746 477 5819 (Ξ)
521 5746 645 5801 Haec
672 5763 779 5803 non
807 5749 940 5803 satis
971 5748 1227 5803 videntur
1258 5751 1458 5805 Graecm
1488 5750 1872 5823 signiﬁcantia:
1907 5769 2191 5808 resonare.
