4006 6198
463 320 567 373 975

1443 312 1803 367 BEBENGOSI
1844 312 2116 365 ABBATIS
2156 314 2209 366 S.
2252 312 2497 367 MAXlMl
2536 313 2800 369 TBEVIIL

3678 316 3786 373 976

463 469 546 506 me
577 448 889 505 dilectionis
910 447 1195 501 videbatur
1223 462 1343 499 esse
1373 453 1679 516 sequester,
1722 460 1828 499 non
1874 446 2068 498 imme-
2093 453 2143 515 Α
2174 446 2250 499 ria
2271 445 2456 516 gaudii
2484 446 2877 517 subsequentis
2920 446 3236 502 levarentur
3270 449 3447 521 gratia
3523 449 3781 505 Constan-

462 549 567 601 rito
623 544 779 616 quasi
829 560 860 597 a
906 543 1057 612 sylva
1109 540 1399 594 dicebatur
1454 542 1727 607 Sylvestcr.
1776 539 1883 592 Sed
1933 540 2072 596 sicut

462 656 607 694 nunc
645 638 713 691 de
778 636 1026 705 utrisque
1080 632 1399 688 nominibus
1438 632 1688 702 quendam
1745 632 1890 685 dicta
1944 640 2073 687 sunt

462 729 735 802 privatim,
776 728 856 781 sic
908 736 1139 795 utraque
1198 724 1421 778 nomina
1463 723 1573 789 jam
1631 723 1685 775 in
1738 739 1905 776 unum
1947 733 2073 779 sunt

460 818 772 892 colligenda
792 815 1127 878 summatim,
1158 813 1287 883 quia
1311 813 1435 866 licet
1456 829 1625 865 unum
1657 812 1724 865 ab
1753 812 1926 866 altero
1957 813 2067 866 dis-

462 926 687 980 crepare
714 909 963 963 videatur
988 906 1178 970 verbo,
1222 921 1329 959 non
1372 920 1541 973 opere
1582 905 1699 974 ipse
1750 912 1932 958 tamen
1956 912 2074 975 ety—

461 998 755 1072 mologiam
804 996 1090 1064 utriusque
1130 993 1360 1062 spiritali
1422 992 1814 1047 exercitatione
1867 994 2075 1048 studuit

460 1092 757 1147 observare
787 1102 1155 1155 summopere.
1191 1085 1347 1139 Unde
1389 1086 1579 1155 procul
1612 1085 1787 1139 dubio
1827 1085 2071 1155 seipsum

462 1182 514 1234 in
536 1174 1117 1245 nullodecepit,quiin
1140 1174 1244 1227 hoc
1277 1188 1387 1226 uno
1406 1172 1631 1226 homine
1647 1188 1847 1226 nomen
1862 1180 2070 1227 utrum-

459 1290 568 1345 que
602 1270 825 1341 recipit;
857 1269 951 1340 qui
982 1275 1163 1322 autem
1200 1267 1328 1321 inde
1351 1267 1579 1321 dubium
1612 1267 1834 1336 aliquod
1871 1268 1923 1320 in
1953 1267 2075 1322 ani-

459 1381 547 1418 mo
574 1362 733 1437 gerit,
766 1362 858 1414 ille
901 1376 1090 1413 revera
1133 1359 1336 1413 nodum
1382 1359 1431 1411 in
1467 1358 1650 1427 scirpo
1689 1358 1904 1429 quaerit.
1940 1360 2071 1412 Cum

459 1454 604 1507 enim
637 1451 1019 1522 unusquisque
1054 1450 1331 1503 Romanus
1384 1446 1625 1518 pontifex
1677 1463 1855 1518 usque
1895 1448 2075 1503 adhuc

462 1543 657 1597 haheat
688 1543 797 1596 duo
836 1540 1082 1605 nomina,
1122 1555 1294 1593 unum
1337 1538 1600 1592 videlicet
1667 1553 1730 1592 ex
1771 1539 1976 1602 alieno,
2021 1553 2074 1594 et

459 1635 607 1689 aliud
641 1651 704 1687 ex
744 1648 864 1699 suo,
897 1633 1097 1685 mirum
1159 1646 1267 1685 non
1303 1639 1387 1683 est
1417 1630 1461 1682 si
1496 1630 1661 1695 Eidem
1716 1629 1800 1682 vir
1853 1630 1905 1683 in
1940 1646 2073 1699 apo-

458 1724 688 1778 stolatus
717 1722 943 1794 gradum
980 1720 1183 1773 divinae
1226 1719 1444 1788 pietatis
1486 1727 1769 1788 promotus
1800 1717 2068 1784 efficacia,

458 1828 629 1865 unum
662 1824 865 1864 nomen
906 1825 970 1861 ex
1025 1814 1238 1872 natura,
1267 1814 1320 1860 et
1358 1806 1507 1859 aliud
1533 1806 1731 1859 habeat
1782 1821 1844 1859 ex
1874 1808 2066 1879 gratia.

457 1901 589 1964 Quia
635 1898 799 1968 igitur
831 1912 927 1966 pro
977 1894 1308 1969 colligendis
1346 1893 1544 1948 ovibus
1600 1902 1655 1947 et
1705 1896 1911 1963 populo
1976 1894 2065 1948 Dei

457 1985 831 2042 couvertendo
854 1983 1071 2053 scriptis
1101 1990 1156 2037 ct
1187 1982 1348 2037 dictis
1380 1997 1599 2050 semper
1631 1988 1746 2035 erat
1778 1982 1831 2035 in
1866 1983 2066 2037 exhor-

456 2078 644 2141 tando,
679 2083 992 2140 etseverus,
1012 2074 1066 2127 in
1085 2072 1460 2142 corripiendo,
1485 2072 1612 2126 ideo
1635 2071 1764 2125 dum
1796 2073 1850 2126 iu
1881 2074 2065 2128 studio

459 2172 867 2243 praedicationis
905 2171 972 2224 ad
996 2169 1264 2240 quosdam
1297 2166 1503 2233 mitius,
1533 2176 1586 2221 et
1612 2166 1678 2220 ad
1710 2168 1973 2237 quosdam
2006 2185 2066 2223 se

459 2265 698 2319 habebat
717 2262 938 2328 suavius,
962 2277 1071 2316 non
1088 2260 1363 2315 immerito
1394 2267 1449 2314 et
1468 2260 1741 2330 Sylvester
1767 2260 2071 2315 vocabatur

456 2361 511 2408 et
554 2352 839 2407 Eusebius.

1079 2439 1289 2495 CAPUT
1316 2438 1452 2492 Vill.

459 2541 517 2591 Ut
574 2543 714 2591 totus
762 2537 981 2605 pietatis
1054 2534 1296 2601 operibus
1376 2534 1587 2586 vacarit
1633 2533 2018 2585 Constantinus
2048 2574 2066 2598 ,

806 2620 1026 2661 sacrum
1041 2605 1309 2672 baptisma
1339 2609 1707 2671 suscepturus.

528 2722 661 2775 Ecce
694 2719 953 2791 quoniam
979 2718 1034 2772 in
1064 2716 1454 2787 explanatione
1482 2716 1777 2786 utriusque
1802 2716 2063 2781 nominis,

455 2813 669 2867 Eusebii
700 2812 912 2865 scilicet
951 2818 1006 2865 et
1037 2809 1321 2880 Sylvestri,
1368 2825 1550 2863 sermo
1591 2816 1777 2863 noster
1816 2808 2067 2879 aliquan-

449 2906 542 2959 diu
572 2920 719 2957 nunc
769 2903 920 2957 stetit
960 2902 1012 2955 in
1067 2904 1187 2956 loco
1218 2902 1535 2970 campestri,
1569 2901 1798 2974 dignum
1862 2910 1964 2966 est,
2011 2910 2068 2955 ut

442 2998 554 3065 jam
597 3012 695 3066 pro
752 2995 929 3049 altiori
973 2993 1254 3063 mysterio,
1296 2992 1452 3063 quasi
1507 3008 1629 3046 cum
1671 2992 1826 3058 Jesu,
1868 3008 2064 3046 ascen-

446 3086 641 3139 dentes
689 3084 741 3137 in
785 3090 1050 3145 montem,
1093 3080 1510 3136 Constantinum
1545 3096 1729 3146 regem
1769 3097 1890 3135 cum
1926 3096 2059 3150 pro-

444 3175 693 3230 cessionc
751 3172 1003 3227 lectionis
1058 3186 1461 3241 prosequamur
1489 3170 1556 3224 ad
1613 3169 1840 3224 fontem.
1903 3170 2057 3225 Sicut

442 3269 589 3320 enim
627 3282 786 3320 nemo
818 3272 999 3334 potest
1026 3262 1191 3335 digne
1221 3277 1317 3331 pro
1348 3262 1586 3315 terrenis
1616 3261 1856 3315 coelestia
1902 3278 2055 3332 qua:-

444 3373 585 3420 rere,
605 3356 710 3409 nisi
733 3363 894 3408 antea
916 3353 1049 3405 velit
1070 3368 1165 3421 pro
1185 3351 1507 3405 caelestibus
1529 3363 1747 3405 terrena
1772 3352 2051 3417 deserere,

439 3451 509 3504 ita
549 3448 936 3505 Constantinus
981 3447 1106 3500 vitae
1149 3446 1410 3517 perennis
1450 3462 1801 3517 nequaquam
1847 3462 2049 3515 pervc-

439 3539 556 3593 nire
583 3546 768 3609 posset
793 3537 860 3591 ad
890 3536 1119 3595 fontem,
1154 3534 1259 3588 nisi
1291 3535 1553 3588 virtutum
1586 3535 1852 3608 gradibus
1888 3534 2043 3606 quasi

437 3630 721 3699 cumJesu
751 3628 901 3699 prius
938 3626 1278 3680 ascendisset
1318 3627 1373 3679 in
1419 3632 1663 3680 montem
1734 3626 1884 3680 Unde
1916 3641 2052 3680 con-

433 3723 556 3777 silio
589 3728 642 3775 et
694 3719 1040 3774 institutione
1087 3716 1375 3786 Sylvestri,
1432 3732 1554 3769 cum
1595 3715 1757 3769 turba
1801 3716 2050 3770 sreculari

433 3813 641 3867 diutius
679 3817 821 3864 stare
879 3808 1104 3862 nolebat
1144 3808 1198 3861 in
1239 3808 1360 3862 loco
1415 3806 1731 3875 campestri,
1776 3807 1908 3860 dum
1954 3822 2051 3876 pro

431 3905 727 3958 dilectione
777 3904 867 3955 Dei
923 3908 1044 3971 post
1077 3900 1305 3969 gratiam
1343 3899 1603 3967 baptismi
1644 3898 1845 3953 scalam
1884 3899 2052 3954 Jacob

431 4015 498 4052 eo
519 3997 817 4051 altiuscum
837 3993 1047 4065 angelis
1060 3991 1494 4047 ascendentibus
1514 3991 1784 4056 ascendit,
1801 4006 1909 4061 quo
1925 3998 2051 4045 ante

433 4087 769 4158 baptismum
789 4084 1043 4139 eamdem
1058 4083 1257 4137 scalam
1276 4097 1373 4151 pro
1389 4098 1509 4135 com
1520 4081 1775 4151 passione
1789 4082 2061 4151 proximo-

430 4195 547 4231 rum
569 4174 871 4231 studiosius
886 4189 1008 4227 cum
1025 4172 1240 4245 angelis
1253 4170 1727 4225 descendentibus
1744 4170 2053 4228 descendit.

431 4270 656 4325 Utenim
685 4264 1025 4337 pteniteutize
1050 4263 1294 4317 remedio
1317 4262 1515 4315 animm
1539 4278 1650 4316 suae
1674 4263 1907 4317 diversis
1933 4279 2056 4333 pos-

428 4371 513 4417 set
543 4359 749 4415 mederi
782 4355 1129 4422 vulneribus,
1160 4355 1441 4409 continuis
1470 4363 1679 4424 septem
1712 4355 1914 4409 diebus
1940 4356 2046 4410 mi-

429 4449 745 4507 sericordia:
772 4446 985 4502 vacavit
1014 4445 1294 4515 operibus,
1318 4454 1377 4498 ut
1402 4444 1457 4498 in
1487 4444 1848 4499 saecularibus
1876 4446 2040 4500 rebus

429 4562 496 4602 eo
513 4544 697 4599 minor
712 4543 760 4597 ei
786 4542 941 4596 labor
963 4555 1059 4610 per
1071 4538 1321 4613 singulos
1339 4539 1745 4613 ingravesceret
1763 4539 1903 4604 dies,
1928 4554 2041 4610 quo

431 4636 483 4688 in
510 4631 895 4704 spiritualibus
919 4628 1100 4684 causis
1115 4626 1288 4695 major
1307 4626 1415 4680 sibi
1435 4626 1722 4681 videbatur
1743 4627 2047 4682 consistere

428 4729 607 4800 quies.
654 4725 767 4780 Tali
806 4724 1014 4796 quippe
1045 4721 1210 4777 modo
1252 4736 1353 4791 per
1390 4729 1534 4776 totos
1584 4737 1653 4774 vu
1697 4720 1817 4775 dies
1843 4720 2045 4775 divinas

427 4841 486 4878 se
529 4837 729 4894 parans
777 4818 950 4881 laudi,
982 4817 1191 4887 templa
1235 4814 1665 4871 Christianorum
1710 4815 1934 4885 aperiri,
1994 4821 2047 4869 et

429 4914 634 4983 templa
686 4911 957 4966 idolorum
997 4906 1237 4976 jusserat
1268 4905 1479 4970 claudi;
1537 4905 1635 4959 sed
1684 4912 1740 4959 et
1784 4904 2046 4959 omnibus

427 5007 619 5061 volens
667 5001 1015 5059 benefacere.
1077 5006 1132 5054 et
1175 4998 1436 5054 omnibus
1498 5014 1742 5069 parcere,
1792 4997 2041 5075 captivos

430 5113 459 5149 a
511 5093 847 5165 captivitate,
918 5097 1226 5145 carceratos
1284 5088 1447 5156 ejecit
1539 5104 1569 5141 a
1657 5101 1900 5152 carcere,
1982 5092 2042 5141 ut

431 5200 529 5254 pro
575 5184 750 5238 salute
806 5182 979 5253 ipsius
1021 5197 1088 5236 eo
1146 5180 1340 5248 majori
1393 5178 1584 5233 lmtitia
1642 5193 1830 5232 secum
1891 5177 2043 5233 laeta-

430 5281 625 5329 rentur
676 5273 731 5326 in
785 5273 920 5338 Deo,
971 5287 1081 5342 quo
1137 5270 1207 5325 ab
1253 5270 1404 5326 omni
1454 5268 1733 5323 servitutis
1781 5268 1917 5342 jugo
1968 5269 2039 5322 li-

431 5365 550 5420 beri
594 5365 662 5419 ab
685 5378 752 5419 eo
781 5362 938 5434 quasi
972 5378 1158 5416 annuo
1208 5361 1622 5415 dimitterentur
1666 5359 1914 5427 jubilaeo.
1949 5359 2043 5414 Sic

429 5457 597 5531 igitur
633 5472 755 5510 cum
789 5455 856 5508 ab
895 5453 1155 5508 omnibus
1192 5452 1462 5526 angustiis
1504 5459 1559 5506 et
1592 5450 2040 5506 tribulationibus

430 5553 617 5602 essent
672 5541 917 5612 expediti
957 5541 1049 5611 qui
1091 5540 1296 5614 frigore
1349 5549 1404 5596 et
1443 5540 1696 5594 nuditate
1749 5538 1863 5593 sive
1896 5539 2037 5593 fame

427 5640 817 5697 cruciabantur
844 5643 898 5688 et
926 5635 1035 5699 siti,
1069 5633 1271 5688 factum
1313 5644 1396 5690 est
1425 5641 1484 5690 ut
1524 5651 1624 5705 per
1664 5636 1780 5689 hsce
1818 5634 2035 5689 diversa

427 5730 674 5787 caelestis
705 5725 1098 5781 misericordiae
1125 5724 1319 5779 solatia
1345 5727 1471 5781 mali
1503 5727 1870 5796 praecedentis
1896 5727 2035 5797 inju-

2066 4493 2119 4560 Ι)

2173 535 2320 589 tinus
2362 546 2564 601 autem,
2602 538 2825 593 abolere
2875 538 3108 608 cupiens
3157 540 3522 611 ignorantiam
3567 541 3780 610 pristini

2173 625 2393 690 erroris,
2427 627 2493 678 ad
2541 627 2852 696 exemplum
2910 626 3090 681 Mariae
3137 628 3462 697 peccatricis
3502 630 3776 699 paeniten-

2173 718 2261 772 tiae
2310 718 2562 788 lacrymis
2615 719 2783 788 pedes
2825 719 2995 789 carpit
3044 721 3224 774 lavare
3280 721 3597 784 Salvatoris,
3652 723 3778 776 dum

2176 824 2273 878 pro
2305 809 2456 879 lepra
2494 809 2750 864 vitiorum
2784 825 3008 864 suorum
3036 810 3300 865 diluenda
3330 827 3396 867 eo
3426 812 3601 884 magis
3633 813 3782 882 pedi-

2177 897 2280 951 bus
2307 899 2426 964 ejus
2456 898 2667 952 studuit
2687 899 3154 971 apprOpinquare,
3196 916 3305 971 quo
3332 917 3456 955 cum
3487 904 3679 957 decem
3712 904 3784 956 le-

2176 994 2352 1063 prosis
2372 992 2703 1065 evangelicis
2731 992 2940 1046 diutius
2966 1009 2995 1045 a
3024 993 3188 1064 longe
3230 993 3410 1048 noluit
3430 1001 3595 1050 stare.
3631 993 3783 1048 Unde

2176 1083 2401 1137 monitis
2427 1083 2479 1134 Β.
2502 1081 2761 1152 Sylvestri
2792 1082 3116 1137 idololatriae
3149 1083 3471 1139 renuntians
3501 1083 3786 1150 toti,juxta

2177 1181 2512 1243 praeceptum
2571 1173 2785 1227 homini
2836 1173 3043 1243 lepram
3094 1175 3306 1244 peccati
3335 1173 3514 1228 eidem
3545 1177 3789 1230 ostendit

2175 1263 2467 1325 sacerdoti,
2496 1278 2562 1316 ne
2593 1279 2716 1317 cum
2750 1263 2857 1317 illis
2887 1263 3076 1318 decem
3110 1265 3341 1334 leprosis
3367 1265 3597 1319 diversis
3622 1266 3788 1321 vitio-

2178 1372 2295 1409 rum
2329 1356 2627 1429 agitaretur
2657 1356 2915 1420 motibus,
2954 1355 3157 1427 quibus
3183 1357 3424 1411 Veritas:
3461 1359 3552 1423 Ite,
3584 1357 3785 1430 inquit,

2176 1448 2432 1501 ostendite
2466 1463 2553 1501 vos
2608 1449 2966 1504 sacerdotibus
2996 1450 3140 1519 (Luc.
3183 1454 3332 1515 xvn).
3394 1449 3533 1514 Quid
3578 1449 3781 1521 plura?

2174 1540 2382 1594 Tandiu
2415 1541 2553 1595 alter
2582 1540 2806 1595 alterius
2838 1541 3094 1596 utebatur
3116 1541 3370 1608 consilio,
3403 1543 3594 1598 tandiu
3621 1543 3788 1599 etiam

2175 1630 2314 1684 alter
2341 1646 2463 1684 cum
2506 1629 2705 1695 altero,
2736 1630 2889 1700 quasi
2926 1636 3083 1700 pater
3113 1630 3440 1701 loquebatur
3488 1647 3617 1685 cum
3655 1630 3793 1696 ﬁlio,

2175 1718 2535 1789 quoadusque
2565 1718 2709 1773 filius
2734 1718 3006 1773 obediens
3038 1719 3177 1789 patri
3214 1720 3559 1774 reconciliari
3591 1721 3793 1775 meruit

2180 1768 2531 1789 γαπ-Ἱμ-
2565 1768 2705 1773 me-
2740 1768 2787 1773 ρ
2817 1768 3002 1773 --η-η-
3214 1768 3559 1774 --η-μη-.-
3593 1768 3793 1775 ----._.-

2104 1768 2149 1834 Β
2176 1808 2432 1863 Ecclesia:
2488 1808 2667 1862 matri.
2721 1808 2872 1862 Sicut
2910 1808 3055 1862 enim
3089 1809 3335 1863 Salvator
3381 1819 3570 1864 noster
3606 1826 3795 1882 quon-

2174 1897 2296 1949 dam
2346 1900 2407 1950 in
2439 1898 2639 1951 deserto
2688 1896 2949 1951 caelorum
3007 1900 3206 1953 relictis
3262 1901 3444 1955 ovibus
3488 1905 3789 1969 nonaginta

2171 2002 2358 2042 novem
2386 1988 2529 2052 (Luc.
2566 1986 2678 2055 xv),
2733 1987 2787 2040 in
2821 1987 3058 2040 ldumaea
3089 1988 3376 2056 pnesentis
3424 1990 3610 2044 saeculi
3653 2006 3788 2045 cen—

2170 2080 2421 2133 tesimam
2476 2080 2770 2150 quaesierat
2808 2095 2990 2146 ovem,
3028 2080 3099 2134 ita
3150 2080 3345 2135 beatus
3384 2080 3665 2151 Sylvester
3711 2085 3783 2136 ab

2166 2169 2298 2223 Ovili
2325 2170 2539 2223 Domini
2560 2170 2752 2223 dolens
2780 2185 2936 2223 ovem
2972 2170 3252 2224 aberrasse
3282 2171 3661 2232 centesimam,
3690 2189 3785 2242 pa-

2169 2266 2340 2313 ternm
2373 2258 2688 2314 dilectionis
2716 2261 2945 2314 humero
2988 2267 3267 2330 reportare
3296 2260 3553 2315 studebat
3582 2261 3652 2315 ad
3684 2263 3783 2316 Ec-

2168 2352 2413 2406 clesiam.
2446 2352 2517 2405 De
2543 2368 2649 2422 qua
2674 2368 2742 2405 ne
2766 2352 2976 2406 diutius
2993 2351 3306 2408 differretur
3323 2353 3498 2426 gratia
3525 2369 3783 2424 superna:

2168 2441 2386 2495 virtutis
2412 2445 2557 2496 venit
2601 2449 2805 2512 tempus
2844 2444 3184 2511 acceptabile,
3240 2449 3291 2497 et
3326 2444 3434 2498 dies
3472 2446 3688 2509 salutis,
3720 2444 3779 2498 in

2168 2545 2276 2600 qua
2304 2530 2396 2583 illa
2428 2531 2561 2584 hora
2584 2530 2759 2602 magis
2790 2531 3080 2604 magisque
3109 2531 3280 2602 coepit
3308 2534 3783 2605 appmpinquarc,

2169 2642 2291 2696 qua:
2310 2643 2406 2696 pro
2423 2627 2758 2681 relaxatione
2774 2626 3125 2697 parvulorum
3139 2626 3308 2702 digna
3324 2629 3579 2683 mercede
3591 2628 3790 2683 debuit

2167 2735 2291 2772 eum
2327 2734 2699 2773 remunerare.
2743 2718 2899 2773 Unde
2938 2728 3228 2790 postquam
3286 2719 3481 2774 beatus
3510 2719 3791 2790 Sylvester

2169 2810 2491 2865 Christianae
2548 2809 2673 2864 ﬁdei
2716 2811 2934 2880 plenius
2965 2811 3015 2864 ei
3061 2809 3459 2866 demonstravit
3519 2812 3778 2883 discipli-

2168 2920 2317 2968 nam,
2367 2902 2536 2973 occpit
2594 2903 2642 2956 ei
2688 2918 2786 2974 pro
2825 2902 3107 2958 medicina
3160 2904 3514 2969 medicinam,
3570 2912 3626 2959 et
3681 2922 3782 2976 pro

2168 2994 2377 3064 piscina
2409 3002 2716 3050 monstrare
2756 2994 3048 3064 piscinam,
3089 2995 3312 3065 quando
3361 2996 3699 3065 propheticis
3727 3007 3789 3050 et

2165 3082 2498 3154 evangelicis
2546 3082 2899 3137 reformatum
2954 3082 3236 3150 institutis,
3267 3099 3367 3153 pro
3395 3085 3626 3155 lpiscina
3655 3102 3789 3140 san-

2157 3170 2344 3245 guinis
2374 3171 2669 3241 baptizavit
2699 3186 2825 3226 cum
2858 3171 2913 3225 in
2949 3171 3163 3241 piscina
3201 3171 3415 3227 salutis.
3458 3172 3497 3227 0
3535 3173 3657 3229 dies
3690 3174 3784 3228 illa

2156 3264 2489 3318 venerabilis
2534 3272 2589 3319 et
2619 3265 2752 3319 hora
2782 3264 3120 3335 spectabilis,
3178 3264 3233 3319 in
3289 3282 3400 3338 qua
3440 3267 3628 3322 oculos
3658 3283 3782 3322 om-

2156 3358 2305 3412 nium
2340 3357 2429 3411 lux
2460 3357 2769 3427 penetravit
2802 3356 3193 3423 intolerabilis,
3237 3358 3461 3428 quando
3492 3359 3665 3415 virtus
3692 3360 3780 3412 di-

2153 3447 2279 3502 vina
2325 3446 2643 3502 dilectionis
2700 3446 2940 3516 antiquae
2993 3462 3116 3501 cum
3174 3461 3240 3502 eo
3290 3445 3501 3502 faciens
3533 3455 3775 3517 pactum,

2154 3546 2461 3593 restaurare
2494 3539 2718 3608 dignata
2756 3544 2838 3592 est
2859 3537 3095 3608 lapsum,
3130 3536 3367 3591 solidare
3394 3537 3731 3593 confractum
3759 3538 3774 3591 !

2152 3630 2190 3685 Ο
2212 3646 2364 3684 sacra
2385 3628 2820 3684 etceleberrima
2849 3628 2991 3694 dies,
3025 3627 3203 3700 inqua
3232 3628 3433 3682 animae
3465 3628 3615 3682 illius
3644 3629 3772 3683 data

2155 3725 2238 3773 est
2277 3718 2516 3788 requies,
2576 3726 2630 3772 et
2669 3717 2887 3789 corpori
2947 3718 3126 3789 quies,
3180 3717 3403 3788 quando
3459 3717 3511 3770 in
3570 3718 3771 3772 eodem

2155 3809 2500 3881 lonte,quasi
2519 3809 2747 3879 piscium
2773 3808 3081 3881 ingentium
3104 3824 3428 3880 squammaa,
3444 3808 3512 3862 de
3536 3824 3778 3879 corpore

2153 3917 2253 3957 suo
2293 3902 2461 3971 lepra;
2491 3902 2730 3957 volatilis
2745 3917 2923 3976 genus
2949 3899 3243 3955 decidebat
3274 3898 3514 3954 infame!
3545 3900 3583 3953 0
3627 3900 3778 3953 clara

2163 3994 2302 4059 dies,
2344 4001 2400 4048 et
2428 3992 2643 4047 caeteris
2673 3992 2874 4047 clarior
2900 3991 3119 4055 diebus,
3153 3990 3210 4044 in
3236 4006 3345 4062 qua
3374 3989 3499 4044 ﬁnis
3537 3996 3593 4044 et
3619 3997 3778 4043 ortus

2160 4088 2377 4143 duabus
2405 4088 2587 4143 collati
2620 4094 2748 4142 sunt
2777 4086 2960 4152 rebus,
3001 4086 3131 4157 quia
3169 4101 3291 4140 cum
3323 4100 3494 4140 sonus
3539 4084 3597 4137 in
3627 4100 3774 4156 aqua

2158 4182 2314 4253 quasi
2360 4181 2651 4255 sartaginis
2688 4178 2972 4251 stridentis
3028 4186 3174 4232 esset
3213 4185 3456 4239 exortus,
3514 4176 3568 4229 in
3601 4178 3774 4232 corde

2157 4273 2303 4327 illius
2334 4271 2657 4327 idololatria:
2685 4268 2831 4335 ﬁnis,
2876 4276 2931 4323 et
2962 4268 3091 4321 fidei
3124 4269 3284 4322 datus
3324 4275 3407 4322 est
3434 4267 3627 4322 ortus!
3668 4269 3776 4324 Pro

2149 4361 2404 4417 exteriori
2436 4360 2581 4415 enim
2615 4359 2865 4430 corporis
2912 4358 3087 4429 lepra,
3127 4363 3181 4412 et
3235 4357 3514 4412 interioris
3569 4357 3775 4412 animae

2144 4451 2375 4517 offensa,
2406 4451 2607 4522 duplex
2641 4456 2725 4505 est
2753 4450 2810 4504 in
2854 4458 2922 4505 eo
2954 4450 3126 4503 virtus
3175 4447 3485 4502 Divinitatis
3512 4458 3774 4517 ostensa,

2147 4543 2275 4614 quia
2304 4541 2446 4596 sicut
2510 4539 2744 4614 vestigia
2795 4537 3072 4608 serpentis
3124 4551 3236 4593 non
3290 4536 3657 4591 inveniuntur
3716 4537 3775 4591 in

2149 4643 2323 4704 petra,
2354 4634 2430 4688 ita
2459 4648 2563 4688 nec
2589 4632 2645 4686 in
2675 4631 2859 4686 anima
2890 4630 3010 4701 ejus
3027 4629 3253 4684 inventa
3278 4636 3361 4684 est
3392 4629 3629 4697 macula,
3666 4644 3777 4684 nec

2150 4723 2204 4777 in
2233 4737 2464 4793 corpore
2505 4721 2678 4791 lepra.

2793 4811 3001 4867 CAPUT
3030 4812 3115 4867 1X.

2145 4910 2367 4975 Lepram
2411 4904 2753 4959 Constantini
2799 4907 3049 4956 Naaman
3086 4903 3207 4971 Syri
3252 4902 3412 4971 lepra
3456 4908 3768 4970 comparat.

2212 5002 2315 5055 Sed
2348 5001 2478 5064 quia
2543 5013 2706 5054 nemo
2739 5007 2938 5068 praeter
2984 4999 3153 5053 Deum
3203 4998 3273 5052 de
3316 4998 3777 5068 impossibilibus

2141 5091 2447 5165 possibilia,
2475 5093 2560 5147 vel
2599 5108 2665 5146 ex
2695 5090 3057 5145 dissimilibus
3090 5097 3271 5162 potest
3311 5090 3492 5145 facere
3522 5091 3765 5159 similia,

2143 5184 2219 5239 nil
2245 5194 2410 5240 nocet
2433 5184 2478 5239 si
2509 5199 2610 5239 nos
2641 5199 2670 5237 e
2702 5190 2894 5239 contra
2922 5183 3132 5238 similes
3157 5199 3247 5237 res
3282 5182 3564 5237 similibus
3592 5185 3775 5255 aequi-

2144 5286 2402 5347 parantes
2442 5274 2623 5337 rebus,
2658 5275 2867 5345 lepram
2913 5273 3255 5329 Constantini
3304 5273 3473 5344 lepra:
3520 5274 3771 5328 Naamau

2142 5365 2261 5436 Syri
2317 5379 2718 5435 comparemus.
2775 5361 3042 5426 Quamvis
3080 5362 3229 5416 enim
3284 5372 3519 5435 uterque
3574 5363 3775 5419 fuisset

2140 5457 2413 5512 idolorum
2446 5457 2599 5510 cultu
2631 5455 2895 5518 famosus,
2939 5461 3173 5525 uterque
3224 5461 3407 5509 tamen
3449 5454 3618 5511 fortis
3651 5463 3775 5510 erat

2138 5552 2192 5599 et
2221 5545 2394 5605 dives,
2431 5544 2529 5598 sed
2557 5544 2830 5623 lcprosus,
2864 5544 2996 5615 quia
3026 5544 3070 5597 si
3103 5544 3273 5598 vitam
3303 5544 3597 5616 utriusque
3628 5561 3777 5600 con-

2137 5637 2447 5692 sideremus
2493 5635 2724 5701 intente,
2770 5642 3002 5707 uterque
3053 5651 3244 5691 eorum
3286 5636 3496 5706 lepram
3553 5637 3608 5691 in
3644 5653 3777 5692 cor-

2134 5741 2288 5797 pore,
2321 5731 2375 5780 et
2405 5724 2614 5796 lepram
2669 5724 2988 5780 habebatin
3034 5733 3245 5780 mente.
3296 5724 3451 5779 Unde
3503 5741 3632 5780 cum
3669 5740 3776 5796 pro

3342 5940 3377 5989 κ
