4006 6198
314 323 418 375 977

1260 319 1342 373 DE
1386 318 1599 372 LAUDB
1641 318 1719 372 ET
1760 317 1890 371 INV.
1933 317 1988 371 S.
2032 314 2288 370 CRUCIS.
2328 343 2398 353 --
2438 312 2563 366 LIB.
2609 313 2700 369 Ill.

3535 311 3639 361 978

312 448 619 502 salvatione
657 447 945 517 utriusque
986 447 1065 500 rei
1098 462 1239 501 unus
1265 450 1537 516 quaereret
1564 461 1723 515 opem
1757 444 1932 501 Eliszei
1958 452 2005 516 Α
2046 459 2147 496 ma:
2193 448 2247 495 et
2287 456 2477 495 amore
2506 437 2749 491 eoelestis
2783 437 2971 506 patria:
3013 438 3064 490 in
3115 437 3276 491 corde
3317 453 3416 489 suo
3476 438 3636 488 tinem

313 541 408 605 (IV
433 545 552 607 Reg.
604 542 676 600 vl,
712 545 768 592 et
821 538 961 593 alius
1001 539 1119 605 Dei,
1152 537 1352 593 factum
1395 548 1481 594 est
1523 548 1583 594 ut
1628 538 1756 593 licet
1786 554 1929 593 unus

315 626 494 681 curari
519 625 840 680 crederetur
869 642 900 680 a
939 626 1070 691 Deo,
1113 633 1168 680 et
1197 626 1335 680 alius
1373 627 1441 681 ab
1471 627 1671 693 Eliseo,
1694 633 1929 697 uterque

321 727 504 773 tamen
526 734 654 771 vere
682 728 966 773 curaretur
1013 735 1042 772 a
1084 718 1213 773 Deo.
1247 719 1478 774 Dextera
1525 720 1671 773 enim
1716 719 1929 775 Domini

320 806 452 860 fecit
483 806 763 874 virtutem,
797 807 927 862 dum
969 808 1217 878 utrisque
1247 808 1421 863 voluit
1459 816 1767 880 exaptatam
1800 825 1932 865 eon—

319 893 465 949 ferre
531 895 797 961 salutem;
849 896 948 950 sed
1003 906 1185 950 tamen
1237 897 1502 964 majorem
1555 898 1785 969 gratiam
1854 900 1931 953 illi

322 990 518 1043 eadem
550 990 783 1046 contulit
804 990 1012 1053 dextra,
1051 991 1144 1062 qui
1176 990 1229 1045 in
1264 991 1417 1047 fonte
1453 992 1749 1048 Salvatoris
1786 994 1934 1049 intus

326 1080 619 1135 curabatur
646 1087 701 1134 et
721 1086 891 1133 extra.
916 1080 1068 1134 Unde
1088 1095 1156 1135 ne
1187 1096 1217 1135 a
1248 1081 1409 1137 nobis
1440 1098 1726 1137 remanere
1758 1084 1934 1154 possit

320 1173 580 1226 intactum
624 1172 918 1243 qualitera
965 1172 1077 1227 Deo
1135 1187 1258 1227 cum
1315 1179 1551 1244 utroque
1594 1175 1666 1229 sit
1704 1174 1928 1242 factum,

320 1260 559 1314 breviter
586 1260 673 1314 hic
728 1259 1022 1314 dicendum
1066 1270 1150 1315 est
1196 1260 1251 1314 in
1296 1262 1519 1316 nomine
1561 1262 1777 1328 Christi,
1819 1280 1929 1335 quo

318 1352 493 1405 virtus
523 1350 824 1405 divinitatis
877 1350 953 1404 illi
1006 1352 1328 1406 subveniret
1384 1359 1477 1406 aut
1530 1352 1637 1406 isti.
1687 1352 1926 1408 Naaman

319 1440 504 1509 itaque
535 1440 668 1510 Syro
727 1438 956 1492 verbum
993 1439 1281 1494 lsraelitici
1338 1441 1485 1513 regis
1515 1458 1760 1496 amarum
1815 1451 1929 1497 erat

318 1538 376 1582 ut
418 1528 510 1594 l'el,
551 1544 672 1582 cum
705 1543 800 1597 pro
831 1528 1061 1582 sanitate
1111 1529 1286 1599 ipsius
1319 1531 1646 1585 vestimenta
1675 1547 1773 1586 sua
1819 1534 1928 1588 sci-

319 1620 466 1675 disse
496 1620 709 1675 videret
727 1636 912 1694 regem
938 1621 1125 1675 Israel.
1151 1620 1507 1678 Constantino
1527 1639 1656 1679 vero
1687 1640 1717 1679 e
1740 1632 1930 1680 contra

319 1709 548 1763 verbum
605 1708 849 1763 veritatis
887 1709 1047 1763 dulce
1092 1710 1384 1766 videbatur
1440 1718 1497 1765 ut
1528 1710 1656 1778 mel,
1707 1728 1830 1767 eum
1872 1713 1927 1766 in

318 1798 496 1852 salute
544 1814 644 1852 sua
690 1796 922 1852 sentiret
978 1800 1298 1869 prophetam
1349 1801 1403 1854 in
1446 1801 1629 1856 Israel.
1665 1802 1926 1869 Naaman,

320 1890 599 1959 profectus
636 1890 703 1944 ad
746 1890 992 1945 umbram
1040 1891 1247 1946 Veteris
1285 1893 1642 1961 Testamenti,
1686 1895 1810 1949 tulit
1847 1911 1930 1949 se-

313 2000 439 2038 cum
496 1983 689 2037 decem
748 1982 951 2036 talenta
980 1984 1226 2058 argenti;
1289 1984 1677 2041 Constantinus
1721 1995 1926 2054 autem,

314 2073 567 2127 umbram
611 2073 863 2148 decalogi
908 2080 1206 2143 penetrans
1233 2074 1528 2146 splendore
1573 2079 1925 2145 sacramenti,

313 2161 369 2215 in
411 2179 536 2217 arca
594 2163 778 2217 cordis
826 2163 910 2217 sui
958 2163 1194 2217 servavit
1231 2165 1552 2219 memoriam
1597 2167 1814 2236 pondus
1842 2185 1928 2222 ar-

312 2253 483 2329 genti.
520 2253 757 2307 Naaman
791 2253 845 2306 in
877 2250 1107 2327 figuram
1161 2253 1354 2308 decem
1411 2255 1665 2329 legalium
1716 2272 1927 2327 praece-

316 2354 535 2416 ptorum
566 2346 687 2400 tulit
713 2362 899 2401 secum
933 2346 1124 2401 decem
1142 2347 1921 2403 mutatoriavestimentorum.

319 2434 708 2489 Constantinus
730 2444 937 2500 autem,
978 2450 1161 2491 secum
1203 2434 1390 2491 ferens
1414 2436 1603 2491 decem
1636 2438 1928 2495 mutatoria

314 2526 573 2598 legalium
598 2526 1014 2595 scripturarum,
1046 2542 1147 2595 per
1174 2526 1461 2596 mysticum
1494 2526 1829 2581 intellectum
1860 2544 1925 2583 ea

312 2618 541 2672 mutavit
598 2617 652 2674 in
697 2618 929 2671 salutem
986 2617 1318 2672 animarum.
1372 2618 1632 2685 Naaman,
1676 2618 1920 2673 nondum

307 2708 502 2761 videns
550 2706 781 2778 gloriam
831 2706 948 2771 Dei,
994 2723 1092 2777 pro
1149 2707 1326 2762 salute
1358 2708 1597 2777 petenda
1648 2708 1797 2762 stetit
1854 2709 1920 2763 ad

305 2798 506 2853 ostium
531 2798 727 2852 domus
748 2796 962 2862 Elisaai;
997 2797 1385 2853 Constantinus
1405 2805 1586 2854 autem
1621 2815 1716 2871 pro
1742 2801 1919 2857 salute

302 2890 627 2961 quaerenda,
659 2891 728 2944 ad
760 2890 959 2945 ostium
988 2890 1137 2945 illius
1162 2891 1329 2961 coepit
1349 2898 1492 2946 stare
1532 2893 1915 2960 nihilominus,

312 2982 381 3036 de
422 2997 533 3053 quo
566 2982 619 3035 in
655 2982 972 3056 Evangelio:
1026 2988 1131 3052 Ego
1159 2999 1283 3038 sum
1310 2987 1528 3052 ostium,
1573 2986 1703 3040 dicit
1733 2989 1918 3040 Domi-

306 3091 411 3131 nus
452 3076 628 3145 (Joan.
658 3077 734 3147 χ).
770 3078 1005 3131 Naaman
1046 3077 1206 3152 signo
1243 3077 1422 3133 crucis
1451 3094 1511 3132 se
1540 3095 1819 3150 nunquam
1860 3079 1914 3133 in

2026 532 2274 610 perﬁdiae
2325 539 2380 586 et
2425 545 2676 583 occasum
2710 527 2864 582 dedit
2894 528 3232 583 idololatriae.
3268 529 3505 582 Naaman
3536 527 3641 582 ali—

2030 623 2295 700 quantula
2322 621 2564 677 Judaicae
2600 619 2729 673 fidei
2769 619 3140 673 inﬂammatus
3170 619 3308 683 lace,
3349 619 3416 671 ab
3445 619 3640 673 Elismu

2031 718 2149 773 viro
2180 713 2276 769 Dei
2333 711 2483 766 abire
2524 710 2816 763 videbatur
2854 708 2909 762 in
2962 723 3093 776 pace
3130 706 3517 761 Constantinus
3545 725 3643 762 au-

2035 811 2143 857 tem
2172 803 2227 856 in
2259 800 2367 854 ﬁde
2420 798 2689 852 catholica
2746 797 2859 852 veri
2900 794 3064 849 Elisei
3104 794 3458 848 confirmatus
3513 812 3640 865 ope,

2031 890 2426 969 evangelizavit
2477 904 2665 961 pacem
2725 888 2811 942 his
2855 886 2949 959 qui
2981 887 3164 959 longe,
3219 893 3274 940 et
3312 902 3501 956 pacem
3561 886 3645 941 his

2032 1001 2124 1056 qui
2158 997 2350 1054 pmpe'
2686 1048 2895 1103 CAPUT
2922 1048 2985 1103 Χ.

2105 1149 2353 1197 Naaman
2380 1147 2431 1194 et
2461 1140 2807 1196 Constantini
2826 1138 3084 1193 vocabu’a
3108 1140 3568 1209 quidsigniﬁcent.

2103 1254 2369 1319 Quoniam
2416 1253 2583 1325 igitur
2620 1251 2957 1322 comparatio
2987 1250 3226 1304 Naaman
3282 1257 3337 1304 et
3380 1250 3641 1303 Constan-

2033 1347 2132 1401 tini
2163 1362 2193 1399 a
2222 1345 2382 1400 nobis
2406 1352 2488 1399 est
2520 1344 2765 1398 discussa
2806 1341 3105 1405 moraliter,
3149 1348 3317 1395 restat
3355 1348 3412 1394 ut
3443 1357 3639 1394 nomen

2031 1440 2273 1493 Naaman
2306 1453 2554 1491 seorsum
2597 1435 2925 1490 discutiatur
2961 1433 3265 1503 aequaliter,
3300 1442 3357 1486 ut
3393 1435 3640 1499 saluatio,

2032 1547 2140 1601 qua
2170 1531 2223 1583 in
2257 1538 2489 1599 utroque
2521 1528 2763 1581 salvatus
2793 1534 2878 1580 est
2920 1525 3166 1584 homine.
3196 1526 3531 1578 concordare
3564 1525 3643 1576 vi-

2032 1618 2227 1672 deatur
2256 1634 2379 1672 cum
2436 1616 2681 1671 nomine.
2716 1614 2850 1677 Quia
2891 1614 3038 1668 enim
3090 1613 3232 1667 idem
3290 1612 3524 1666 Naaman
3586 1612 3640 1665 in

2031 1708 2229 1761 virtute
2257 1706 2526 1761 bellorum
2547 1707 2789 1759 animum
2810 1721 3030 1774 semper
3062 1702 3499 1765 habuitvirilem,
3529 1718 3639 1758 non

2031 1800 2340 1873 incongrue
2386 1799 2675 1853 videbatur
2703 1798 2967 1868 populum
3009 1795 3321 1864 signiﬁcare
3353 1796 3637 1867 gentilem,

2030 1893 2179 1962 quod
2211 1893 2374 1947 etiam
2410 1892 2553 1946 bene
2590 1890 2830 1945 nominis
2864 1889 3036 1960 ipsius
3077 1889 3535 1958 interpretatione
3566 1888 3641 1941 si-

2028 1990 2246 2057 gnatur.
2279 1984 2408 2055 quia
2438 1983 2677 2037 Naaman
2706 1985 2863 2037 decus
2892 1981 3005 2035 sive
3030 1984 3308 2037 commotio
3335 1995 3518 2034 eorum
3552 1980 3638 2033 in-

2030 2085 2382 2150 terpretatur.
2420 2080 2542 2149 Ipse
2563 2078 2709 2132 enim
2727 2077 2851 2131 sine
2873 2076 3074 2130 decore
3105 2075 3366 2129 virtutum
3394 2076 3503 2128 Deo
3518 2091 3639 2128 SCI-

2027 2171 2144 2226 vire
2174 2170 2372 2226 nolens
2411 2170 2571 2225 oculo
2601 2169 2668 2223 ad
2709 2168 2952 2233 oculum,
2996 2168 3062 2221 ad
3100 2166 3264 2221 unius
3296 2166 3388 2221 Dei
3431 2168 3634 2221 cultum

2026 2261 2289 2335 gentilem
2321 2259 2618 2315 commovit
2657 2258 2916 2329 pepulum
2957 2263 3041 2321 ειν
3073 2262 3194 2324 Reg.
3244 2256 3319 2324 v),
3372 2272 3442 2309 ne
3474 2256 3635 2310 simi-

2031 2351 2098 2406 lis
2125 2351 2231 2406 illis
2260 2350 2418 2406 tieret
2442 2351 2496 2403 in
2540 2349 2898 2403 interioribus
2925 2347 3121 2412 oculis,
3161 2347 3229 2400 de
3270 2347 3473 2417 quibus
3499 2347 3638 2402 scri-

2028 2450 2180 2510 ptum
2212 2448 2317 2495 est:
2342 2442 2538 2494 Dedisti
2556 2455 2650 2494 nos
2676 2442 2734 2493 in
2753 2438 3161 2492 similitudinem
3182 2437 3462 2506 gentibus;
3492 2452 3638 2491 com-

2026 2536 2309 2588 motionem
2344 2535 2535 2601 capitis
2575 2534 2635 2585 in
2682 2532 2890 2600 populis
2927 2529 3090 2599 (Psat.
3129 2528 3297 2597 xuii).
3340 2528 3439 2592 Qui
3480 2530 3635 2598 quasi

2024 2630 2145 2670 cum
2163 2616 2356 2690 gentili
2376 2617 2580 2687 populo
2603 2617 2658 2670 in
2679 2617 2923 2671 Iudaeam
2948 2618 3176 2671 veniens
3197 2617 3263 2670 ad
3288 2617 3508 2671 domum
3529 2618 3638 2671 Eli-

2022 2707 2117 2761 smi
2147 2707 2453 2761 secundum
2487 2707 2863 2781 legemdlloysi
2895 2708 3100 2763 cultum
3161 2719 3471 2763 servaverat
3515 2710 3633 2776 Dei,

2024 2814 2092 2852 ne
2117 2799 2172 2852 in
2200 2798 2643 2872 transgressione
2670 2799 2835 2853 unius
2858 2799 3130 2856 mandati.
3164 2815 3347 2854 coram
3376 2799 3551 2854 oculis
3578 2801 3637 2854 il-

2020 2890 2130 2944 lius
2161 2890 2316 2944 tieret
2345 2890 2589 2944 omnium
2623 2906 2769 2955 reus,
2796 2891 2865 2945 de
2894 2906 3002 2962 quo
3033 2890 3295 2961 scriptum
3329 2901 3443 2945 est:
3478 2899 3636 2947 Notus

2021 2983 2081 3035 in
2118 2983 2306 3036 Judam
2345 2987 2481 3036 Deus
2524 2980 2684 3051 (Psal.
2722 2982 2908 3051 Lxxv).
2943 2982 3071 3047 Sed,
3106 2981 3234 3052 quia
3264 2997 3466 3036 nomen
3497 2983 3635 3037 Naa-

2022 3091 2146 3128 man
2187 3073 2470 3127 moraliter
2524 3073 2937 3143 expressimus;
2994 3072 3067 3126 ita
3119 3088 3214 3142 pro
3273 3073 3633 3143 exprimendo

308 3168 489 3223 fronte
520 3169 877 3243 consignatis,
924 3169 992 3223 ab
1024 3138 1199 3225 Eliseo
1256 3171 1452 3225 avertit
1501 3187 1581 3236 se,
1631 3181 1688 3226 et
1728 3170 1919 3225 abibat
1941 3138 1990 3204 CI
2021 3162 2363 3217 Constantini
2385 3162 2609 3216 nomine
2631 3162 2753 3214 aliis
2774 3161 3184 3231 procedendum
3212 3172 3293 3215 est
3314 3161 3629 3234 gressibus;

311 3257 638 3331 indignans;
681 3256 1070 3312 Constantinus
1108 3267 1308 3324 autem,
1359 3259 1678 3315 charactere
1723 3259 1914 3315 Christi

302 3365 361 3403 se
410 3350 533 3403 sine
574 3348 979 3404 intermissione
1039 3349 1393 3423 consignans,
1436 3366 1466 3402 a
1520 3350 1631 3404 Deo
1662 3350 1832 3404 averti
1866 3358 1919 3403 et

308 3441 463 3496 abire
495 3440 718 3495 nolebat
774 3441 1090 3514 indignans.
1142 3440 1406 3506 Naaman,
1450 3441 1584 3512 jugo
1640 3441 1919 3496 servitutis

305 3534 490 3587 adhuc
534 3548 836 3603 Oppressus
864 3549 986 3588 cum
1020 3535 1179 3603 Agar,
1212 3533 1449 3587 Naaman
1484 3534 1626 3587 inter
1655 3534 1919 3588 terminos

301 3630 523 3678 sclerum
553 3621 830 3677 felicrtatis
886 3637 952 3676 eo
1000 3621 1183 3675 minus
1225 3621 1448 3675 tentavit
1500 3621 1769 3675 accubare
1796 3635 1917 3673 cum

307 3712 577 3779 lssaehar,
612 3727 722 3782 quo
750 3711 1049 3766 Iordanem
1078 3710 1304 3764 ﬂuvium
1336 3709 1601 3764 leviorem
1632 3709 1922 3763 aestimavit

300 3805 484 3859 ﬂuviis
523 3804 791 3869 Damasci,
833 3804 1019 3857 Abana
1061 3809 1117 3857 et
1176 3802 1478 3872 Pharphar,
1535 3801 1922 3856 Constantinus

302 3904 491 3951 autem
524 3896 579 3949 in
610 3895 760 3950 fonte
807 3895 1103 3950 Salvatoris
1141 3910 1207 3950 eo
1248 3894 1423 3965 magis
1461 3892 1669 3964 optavit
1720 3898 1775 3946 et
1800 3908 1920 3947 cor-

298 4006 433 4059 pore
465 3990 644 4043 curari
675 3996 730 4043 et
783 3996 966 4043 mente
1011 3988 1245 4055 renasci,
1305 4002 1414 4058 quo
1465 3987 1750 4041 meliorem
1792 4002 1917 4039 eum

300 4081 594 4135 mstimavit
656 4081 860 4146 Abana,
920 4091 974 4134 et
1038 4080 1340 4151 Pharphari
1400 4079 1584 4133 ﬂuviis
1650 4079 1913 4133 Damasci.

301 4172 567 4233 Naaman,
603 4170 761 4225 Elisei
791 4170 931 4224 servi
984 4171 1078 4223 Dei
1107 4168 1376 4224 obediens
1405 4169 1610 4235 verbis,
1665 4169 1721 4221 in
1768 4168 1919 4222 lava-

300 4263 452 4317 tione
482 4262 775 4317 .lordanica
807 4261 925 4316 suis
958 4260 1245 4315 obedierat
1274 4261 1478 4325 servis;
1531 4260 1920 4315 Constantinus

294 4367 503 4424 autem,
531 4375 676 4429 saepe
703 4358 1033 4413 inobediens
1057 4356 1152 4412 Dei
1182 4357 1337 4422 Filio,
1361 4357 1503 4411 servi
1532 4355 1626 4410 Dei
1655 4355 1915 4425 Sylvestri

296 4452 472 4523 coepit
502 4452 729 4506 obedire
756 4450 1008 4506 consilio.
1035 4450 1297 4514 Naaman,
1329 4449 1386 4502 in
1415 4448 1656 4503 Jordane
1686 4446 1913 4501 ﬂumine

2020 3263 2100 3321 ut,
2140 3254 2184 3307 si
2216 3270 2244 3307 a
2277 3254 2438 3308 nobis
2465 3253 2695 3323 exprimi
2729 3268 2838 3307 non
2872 3260 3050 3323 potest
3085 3252 3400 3319 allegorice,
3439 3254 3629 3307 saltem

2020 3347 2254 3418 quadam
2329 3344 2692 3399 similitudine
2747 3345 3087 3414 exprimatur
3147 3344 3428 3399 historice.
3485 3346 3635 3399 Sicut

2018 3440 2163 3494 enim
2209 3454 2274 3492 ex
2300 3437 2700 3510 longinquitate
2727 3437 2926 3491 dicitur
2984 3437 3336 3509 longinquus,
3370 3448 3424 3491 et
3453 3453 3521 3491 ex
3551 3438 3630 3492 vi-

2019 3534 2243 3588 cinitate
2276 3533 2516 3596 vicinus;
2541 3533 2621 3586 sic
2653 3548 2717 3585 ex
2745 3531 3048 3586 Constante
3087 3530 3452 3593 Constantius,
3488 3538 3542 3586 et
3568 3549 3631 3585 ex

2022 3624 2339 3679 Constantio
2370 3623 2550 3677 dictus
2581 3630 2664 3676 est
2711 3621 3132 3686 Constantinus;
3176 3622 3228 3675 in
3261 3623 3445 3693 seipso
3474 3623 3634 3677 vide-

2022 3712 2151 3767 licet
2178 3711 2348 3781 patris
2381 3719 2435 3765 et
2464 3710 2547 3763 avi
2580 3710 2662 3763 sui
2686 3709 3047 3764 constantiam
3080 3726 3198 3762 esse
3221 3710 3630 3776 demonstrans,

2023 3819 2255 3875 quorum
2290 3818 2434 3856 unus
2487 3801 2773 3856 dicebatur
2821 3815 2941 3854 esse
2974 3799 3338 3864 Constantiifs,
3381 3811 3436 3855 et
3491 3804 3632 3859 alius

2025 3898 2309 3953 Constans.
2353 3899 2481 3952 Tam
2525 3913 2781 3968 magnam
2807 3897 3014 3967 quippe
3045 3898 3406 3951 constantiam
3441 3899 3632 3955 habuit

2020 4009 2083 4046 ex
2115 3992 2365 4063 utrisque
2396 3991 2714 4047 Constantio
2740 3997 2793 4044 et
2821 3989 3136 4053 Constante,
3172 3988 3471 4059 utclypeus
3509 3992 3631 4059 ejus

2021 4083 2076 4136 in
2108 4082 2254 4136 bello
2286 4100 2566 4155 nunquam
2597 4082 2899 4137 declinaret
2930 4090 3094 4147 retro,
3146 4082 3242 4135 sed
3286 4089 3434 4145 ante,
3483 4090 3631 4139 tanta

2019 4173 2272 4228 videlicet
2300 4175 2466 4228 animi
2499 4175 2808 4229 constantia
2838 4173 3047 4227 inimici
3090 4172 3303 4226 timoris
3349 4172 3631 4229 invasionc

2024 4263 2258 4326 detersa,
2294 4272 2352 4319 ut
2390 4266 2541 4320 hasta
2569 4264 2688 4333 ejus
2717 4264 2770 4317 in
2806 4265 2995 4334 prielio
3030 4280 3311 4334 nunquam
3352 4265 3631 4319 videretur

2020 4370 2231 4409 aversa.
2264 4356 2443 4424 Unde,
2472 4356 2597 4410 licet
2626 4355 2817 4410 eadem
2870 4355 3243 4410 declinatione
3278 4372 3309 4409 e
3337 4354 3630 4411 Constante

2018 4446 2387 4513 Constantius,
2406 4455 2458 4501 et
2499 4464 2530 4501 a
2561 4447 2874 4521 Constantio
2903 4446 3182 4500 derivetur
3207 4446 3621 4517 Constantinus,

294 4510 510 4617 septies
551 4545 714 4609 lotus,
754 4558 787 4595 a
842 4541 995 4612 lepra
1034 4510 1294 4611 corporis:
1323 4539 1564 4594 mundus
1605 4538 1778 4593 factus
1833 4510 1991 4591 estD
2018 4555 2127 4609 qua
2165 4538 2232 4592 ab
2276 4510 2612 4593 humanitate
2652 4518 2931 4593 derivatur
2961 4539 3256 4604 humanus,
3290 4547 3343 4592 et
3373 4510 3629 4596 adivini;

299 4643 468 4693 totus.
505 4635 891 4691 Constantinus
932 4642 1134 4699 autem,
1193 4635 1250 4689 in
1288 4634 1439 4691 fonte
1470 4633 1770 4688 Salvatoris
1802 4639 1910 4687 ter-

295 4728 378 4782 tio
410 4726 611 4781 tinctus
633 4727 809 4797 gratia
842 4724 1182 4797 septiformis
1220 4726 1475 4797 Spiritus,
1507 4724 1640 4780 foris
1680 4725 1914 4779 curaba-

295 4828 389 4871 tur
416 4823 471 4869 et
500 4816 664 4870 intus.
723 4816 962 4869 haaman
994 4832 1345 4886 nequaquam
1378 4814 1481 4870 fuit
1511 4831 1653 4886 aqua
1689 4823 1744 4868 et
1792 4812 1914 4883 Spi-

295 4906 407 4960 ritu
457 4913 701 4972 renatus,
736 4907 865 4977 quia
908 4904 1151 4959 nondum
1187 4904 1430 4960 Christus
1482 4917 1599 4963 erat
1643 4908 1915 4979 glorifica-

295 5007 415 5060 tus;
450 4996 836 5053 Constantinus
871 5006 1077 5062 autem,
1113 4996 1167 5049 in
1225 4996 1441 5055 lavacro
1474 5001 1914 5074 regenerationis

289 5106 440 5161 aqua
489 5099 544 5143 et
574 5090 778 5160 Spiritu
821 5102 1066 5153 renatus,
1102 5097 1210 5145 tam
1264 5092 1321 5146 in
1358 5109 1587 5164 corpore
1632 5111 1793 5165 quam
1856 5096 1913 5150 in

291 5183 481 5239 anima
511 5183 804 5238 videbatur
827 5200 948 5238 esse
983 5192 1223 5239 curatus.
1265 5184 1527 5251 Naaman,
1561 5204 1816 5243 reversus
1844 5190 1911 5244 ad

289 5280 521 5333 domum
550 5276 649 5330 viri
681 5277 796 5339 Dei,
834 5293 931 5346 pro
961 5278 1196 5331 sanitate
1237 5287 1459 5350 recepta
1489 5282 1691 5355 gratias
1727 5282 1912 5336 retulit

287 5371 377 5433 ei;
410 5367 798 5422 Constantinus
819 5385 970 5434 vero,
1004 5386 1033 5423 a
1061 5368 1304 5424 crelestis
1325 5370 1514 5440 patriae
1547 5373 1709 5427 domo
1743 5374 1907 5445 longo

289 5464 540 5515 remotus
570 5458 784 5519 exsilio,
832 5457 905 5511 ad
942 5457 1165 5512 domum
1197 5459 1364 5529 patris
1390 5459 1473 5513 sui
1515 5476 1638 5513 cum
1673 5462 1903 5536 prodigo

291 5561 551 5602 reversus
580 5552 662 5599 est
688 5545 832 5599 filio:
876 5546 1114 5598 Naaman
1169 5547 1341 5614 enim,
1402 5548 1603 5603 divinae
1635 5550 1900 5605 voluntati

288 5634 580 5689 voluntate
646 5632 906 5687 resistens
958 5633 1173 5700 frivola,
1244 5651 1341 5705 pro
1407 5637 1582 5690 salute
1637 5654 1901 5708 corporea

288 5721 591 5792 respuebat
618 5720 796 5785 idola;
827 5721 1213 5777 Constantinus
1245 5731 1427 5779 autem
1461 5742 1556 5796 pro
1586 5727 1763 5782 salute
1784 5729 1902 5782 ani-

2014 4638 2121 4686 tate
2159 4632 2401 4697 divinus,
2436 4632 2823 4687 Constantinus
2875 4644 3055 4686 tamen
3109 4647 3205 4703 pro
3239 4631 3479 4686 Ecclesia
3533 4633 3626 4688 Dei

2013 4741 2233 4795 semper
2261 4725 2512 4780 laborare
2532 4725 2746 4780 solebat
2775 4725 3169 4791 abundantius,
3203 4742 3363 4796 quam
3394 4735 3520 4780 ante
3544 4726 3630 4798 ip-

2015 4834 2134 4871 sum
2181 4834 2420 4888 unquam
2478 4816 2744 4873 Constans
2780 4818 3056 4874 laboraret
3103 4825 3196 4871 aut
3247 4816 3622 4873 Constantius.

2020 4908 2137 4963 Post
2168 4907 2454 4961 sanitatem
2486 4908 2694 4978 quippe
2723 4914 3021 4976 receptam,
3045 4906 3302 4960 eumdem
3329 4907 3495 4961 Deum
3523 4924 3628 4963 cm-

2017 5000 2095 5071 pit
2122 4999 2353 5054 adorare
2410 5014 2532 5053 cum
2568 4999 2828 5065 Naaman,
2861 5015 3022 5070 quem
3072 5005 3199 5052 ante
3236 5014 3295 5051 se
3349 4999 3625 5069 quondam

2015 5093 2273 5147 adorasse
2305 5091 2595 5145 videbatur
2629 5091 2900 5144 Abraham
2925 5091 3074 5161 (Gen.
3112 5090 3287 5158 xviii),
3326 5090 3420 5161 qui
3456 5089 3621 5145 tidem

2013 5192 2219 5240 sancta).
2285 5184 2566 5238 Trinitatis
2614 5183 2777 5239 nobis
2836 5184 3221 5259 praesignando
3283 5185 3629 5257 monstravit,

2016 5276 2143 5331 dum
2177 5275 2332 5346 quasi
2361 5274 2464 5328 sub
2497 5275 2690 5330 arbore
2721 5275 2897 5330 crucis
2920 5283 3026 5329 tres
3062 5275 3221 5335 vidit,
3247 5285 3301 5329 et
3331 5291 3499 5330 unum
3531 5276 3631 5330 ad-

2011 5371 2202 5425 oravit.
2238 5371 2345 5424 Sed
2376 5377 2554 5425 tamen
2579 5371 2717 5424 alter
2743 5388 2852 5443 prae
2885 5372 3059 5426 altero
3076 5371 3301 5437 majoris
3321 5372 3511 5445 gratiae
3546 5389 3629 5426 re-

2006 5461 2152 5530 cepit
2171 5462 2485 5531 puritatem,
2514 5462 2644 5515 dum
2671 5462 2761 5516 ille
2778 5473 3001 5517 secutus
3025 5469 3107 5517 est
3128 5462 3407 5529 umbram,
3437 5471 3490 5515 et
3524 5463 3626 5517 iste

2004 5548 2320 5613 veritatem;
2355 5550 2507 5621 quia,
2539 5551 2682 5605 sicut
2703 5552 2964 5606 erunibus
2985 5552 3360 5623 perspicuum,
3402 5560 3456 5604 et
3495 5568 3625 5604 om-

2006 5640 2170 5694 nibus
2219 5649 2302 5695 est
2328 5642 2572 5711 planum,
2609 5643 2701 5697 ille
2756 5644 2989 5712 paleam,
3055 5652 3108 5696 et
3143 5642 3244 5696 iste
3275 5648 3500 5694 secutus
3543 5648 3628 5695 est

2006 5746 2259 5803 granum.
2299 5731 2451 5787 Unde
2502 5733 2696 5787 mirum
2730 5750 2840 5790 non
2872 5744 2975 5799 est,
3017 5732 3166 5803 quod
3200 5732 3377 5798 major
3427 5731 3623 5804 gratia,
