4006 6198
437 342 543 398 979

1407 345 1771 398 BEBENGOSI
1816 344 2090 397 ABBATIS
2132 346 2185 397 S.
2231 343 2465 397 MAXIM]
2508 343 2777 399 TREVIR.

3670 345 3789 397 980

439 488 599 543 quam
627 472 729 526 sub
755 473 945 525 umbra
977 473 1115 543 legis
1141 473 1270 527 olim
1299 473 1877 545 contigissetNaaman
1903 474 2058 543 Syro,
2082 476 2129 543 Α
2164 472 2384 541 perbus,
2421 473 2597 526 servis
2630 473 2847 543 praefuit
2880 484 2937 528 ut
2978 475 3259 539 Dominus,
3292 485 3347 529 et
3378 475 3614 529 Domino
3647 475 3785 527 obe-

442 584 540 638 per
566 566 793 640 gratiam
822 568 1064 621 veritatis
1100 567 1227 621 huic
1249 568 1562 622 beatissimo
1587 570 1780 623 collata
1809 577 1891 622 est
1909 562 2055 623 viro;

443 656 884 727 quoniam,sicut
914 657 1002 709 ille
1045 657 1249 726 septies
1272 657 1418 711 lotus
1450 658 1517 710 de
1544 658 1865 731 paganismo
1896 658 2057 711 rediit

443 750 510 803 ad
543 750 907 816 Judaismum,
954 751 1033 805 sic
1090 751 1190 804 iste
1221 750 1527 821 septiformi
1583 752 1779 822 spiritu
1814 759 2053 819 renatus,

450 840 702 911 pervenit
723 840 791 894 ad
826 841 1189 910 baptismum:
1224 841 1443 911 quando
1475 841 1600 895 licet
1622 859 1761 896 unus
1790 844 2059 897 lavaretur

446 930 635 994 invite,
679 936 734 982 et
772 929 911 982 alius
963 939 1180 998 Sponte,
1214 946 1356 982 unus
1402 935 1586 983 tamen
1628 931 1683 983 in
1715 932 1971 997 Jordanc,
2005 940 2058 985 et

448 1021 586 1074 alius
614 1021 907 1073 curabatur
939 1021 990 1072 in
1016 1019 1183 1074 fonte.
1226 1020 1480 1083 Quamvis
1509 1020 1654 1074 enim
1689 1038 1785 1091 per
1803 1023 2055 1091 Spiritum

451 1113 544 1167 Dei
582 1113 634 1165 in
664 1112 923 1167 cordibus
955 1128 1142 1165 eorum
1168 1111 1587 1177 inhabitantem,
1610 1112 1950 1168 illelitteram
1972 1129 2059 1169 oc-

448 1204 745 1268 cidentem,
776 1211 831 1257 et
884 1206 985 1256 iste
1030 1203 1282 1273 spiritum
1324 1213 1652 1274 sequeretur
1690 1203 2056 1259 viviﬁcantem

450 1300 519 1363 (11
544 1301 661 1349 (.‘or.
693 1296 802 1361 in):
838 1302 961 1364 post
1003 1294 1274 1349 beneficia
1319 1302 1501 1348 tamen
1548 1296 1793 1349 sanitatis
1822 1305 2058 1367 expertae

450 1387 514 1440 ad
534 1387 761 1459 gratiam
786 1386 1099 1440 Conditoris
1133 1387 1423 1457 pervenire
1457 1387 1777 1443 merebatur
1805 1398 2055 1460 uterque.

450 1479 580 1543 Sed,
616 1479 756 1531 sicut
788 1478 841 1530 in
873 1477 958 1531 his
998 1478 1210 1531 duabus
1229 1479 1430 1542 causis,
1460 1480 1651 1532 umbra
1681 1480 1892 1534 scilicet
1924 1481 2059 1552 legis

451 1579 503 1626 et
534 1572 704 1645 gratia
742 1571 1005 1637 veritatis,
1057 1581 1216 1625 erant
1246 1571 1568 1641 inaequales,
1607 1572 1681 1625 ita
1720 1573 1937 1627 duobus
1977 1576 2061 1627 his

453 1666 632 1719 modis
654 1665 985 1718 videbantur
1008 1665 1281 1735 aequales;
1316 1665 1464 1735 quia,
1498 1664 1640 1719 sicut
1667 1683 1764 1735 per
1789 1668 2057 1724 illumllo-

452 1758 637 1811 minus
692 1757 921 1810 salutem
977 1756 1130 1811 dedit
1162 1756 1352 1826 Syria',
1382 1756 1453 1809 ita
1485 1772 1583 1825 per
1622 1757 1781 1812 istum
1828 1760 2059 1815 salutem

454 1846 609 1899 dedit
648 1844 924 1901 Ecclesize.

1104 1914 1312 1970 CAPUT
1338 1917 1423 1971 XI.

454 2006 588 2066 Quid
614 2008 756 2057 inter
803 2007 1219 2057 Constantinum
1270 2013 1319 2058 et
1348 2009 1490 2061 Giezi
1517 2010 1779 2077 leprosum
1832 2014 2061 2066 intersit.

529 2120 663 2182 Quia
696 2118 864 2191 igitur
914 2119 981 2172 de
1033 2120 1143 2190 typi
1187 2123 1465 2177 curatione
1504 2124 1603 2177 viri
1646 2126 1808 2193 hujus
1864 2128 2067 2182 utrius-

456 2226 564 2280 que
614 2209 863 2262 charitati
931 2216 1123 2263 vestrae
1157 2252 1169 2275 ,
1234 2212 1632 2280 dilectissimi,
1690 2216 1823 2269 satis
1876 2217 2068 2287 loque-

458 2303 672 2367 bamur,
718 2303 1002 2373 hucusque
1035 2310 1250 2375 tempus
1289 2313 1393 2372 est,
1426 2312 1484 2361 ut
1518 2308 1630 2373 jam
1678 2309 1747 2363 de
1781 2310 1863 2364 his
1893 2317 2066 2365 trans-

456 2398 651 2445 euntes
717 2392 782 2445 ad
859 2401 1059 2446 caalera
1141 2408 1238 2463 pro
1294 2396 1622 2465 eloquendis
1702 2398 1827 2452 aliis
1885 2400 2068 2456 denuo

458 2500 598 2536 nova
661 2484 1004 2553 proferamus
1067 2492 1122 2539 ct
1178 2494 1379 2549 vetera,
1435 2488 1588 2542 Unde
1638 2496 1695 2543 ut
1748 2496 1801 2544 et
1853 2490 1992 2545 alius
2039 2508 2067 2545 (η

458 2576 639 2629 vicino
700 2575 953 2646 leprosus
1004 2576 1061 2630 in
1119 2578 1298 2633 locum
1364 2580 1602 2634 Naaman
1659 2598 1690 2635 a
1765 2584 1923 2637 nobis
1979 2600 2071 2638 va-

460 2668 567 2721 leat
601 2666 862 2721 inveniri:
898 2667 991 2737 qui
1035 2683 1134 2738 pro
1194 2667 1507 2724 infirmitate
1560 2672 1830 2741 corporali
1889 2673 2069 2729 cidem

461 2760 816 2815 Constantino
866 2760 1034 2835 digna
1092 2763 1507 2831 comparatione
1571 2764 1747 2834 possit
1795 2765 1961 2829 uniri,
1995 2766 2070 2819 nil

460 2847 664 2914 obstat,
696 2848 740 2901 si
784 2848 839 2901 in
860 2848 1006 2903 scala
1040 2848 1316 2915 Ecclesia),
1346 2851 1494 2903 velut
1526 2849 1579 2903 in
1613 2851 1961 2906 humiliorem
2004 2853 2071 2906 de

463 2939 636 3012 gradu
669 2937 1074 2993 descendentes
1105 2938 1321 3004 altiore,
1346 2939 1602 2992 eumdem
1635 2940 1809 2994 virum
1843 2942 2073 2995 clarissi-

460 3047 606 3084 mum
634 3030 812 3085 adhuc
842 3030 957 3084 viro
990 3046 1373 3101 comparemus
1415 3031 1681 3086 inferiori.
1726 3032 1853 3096 Quis
1882 3041 2063 3087 autem

2162 566 2295 620 divit
2322 574 2378 618 ut
2409 580 2618 617 servus.
2654 565 2799 619 Giezi
2832 566 2994 620 etiam
3027 566 3233 622 oblitus
3265 566 3484 621 Domini
3516 566 3787 620 creatoris

2157 656 2262 720 sui,
2296 661 2485 709 contra
2518 662 2850 723 prieceptum
2882 656 3021 730 legis
3054 655 3375 724 concupivit
3405 670 3520 708 rem
3545 655 3783 725 proximi

2156 744 2268 807 sui;
2299 742 2685 797 Constantinus
2714 750 2893 798 autem
2937 752 3128 799 contra
3159 752 3498 819 praeceptum
3559 744 3784 798 Domini

2158 839 2396 910 etlegem
2421 838 2611 909 Moysi,
2638 855 2748 892 rem
2782 839 3014 909 proximi
3048 840 3131 893 sui
3174 839 3574 909 concupiscere
3603 839 3785 892 noluit

2159 950 2281 989 cum
2332 933 2499 986 Giezi.
2554 933 2701 986 Giezi
2748 934 2910 987 etiam
2961 950 3059 1004 pro
3110 934 3407 1005 iniquitate
3456 933 3786 1003 cupiditatis

2161 1029 2347 1092 typum
2384 1038 2491 1076 non
2512 1023 2750 1076 habebat
2784 1023 3023 1089 illorum,
3057 1024 3123 1077 de
3141 1023 3349 1094 quibus
3370 1023 3637 1093 scriptum
3664 1032 3783 1075 est:

2161 1120 2241 1168 Ea:
2283 1118 2461 1168 usuris
2518 1122 2565 1168 ct
2654 1119 2940 1184 iniquitate
3006 1117 3229 1170 redimet
3296 1117 3511 1169 animus
3591 1129 3787 1169 eorum

2161 1208 2321 1275 (Psal.
2356 1208 2527 1277 Lxxi);
2561 1207 2950 1262 Constantinus
2978 1216 3159 1263 autem
3197 1207 3333 1276 justi
3375 1207 3526 1260 illius
3578 1205 3787 1259 meruit

2164 1295 2363 1349 habere
2382 1296 2630 1365 liguram,
2662 1301 2754 1366 qui
2777 1313 2868 1366 pro
2889 1300 3039 1352 lucro
3060 1304 3269 1352 terreno
3297 1299 3588 1365 pecuniam
3618 1310 3787 1349 suam

2159 1405 2267 1443 non
2296 1391 2436 1442 dedit
2465 1392 2532 1443 ad
2556 1406 2781 1444 usuram
2811 1392 2972 1455 (Psal.
3002 1389 3131 1458 xw).
3170 1388 3319 1442 Giezi
3364 1386 3645 1441 declinare
3678 1401 3788 1440 no-

2162 1487 2261 1540 luit
2292 1486 2382 1539 illa
2408 1485 2790 1539 conventicula
2836 1485 3134 1549 fallacium,
3178 1484 3246 1537 de
3273 1482 3481 1553 quibus
3510 1481 3787 1550 scriptum

2162 1584 2269 1630 est:
2307 1582 2365 1629 Ut
2389 1577 2515 1644 quid
2554 1577 2773 1643 diligitis
2801 1580 3122 1640 vanitatem,
3183 1580 3233 1628 et
3264 1575 3503 1641 quaeritis
3548 1570 3786 1623 menda-

2160 1667 2343 1720 ciam?
2368 1666 2530 1733 (Psal.
2563 1669 2658 1731 1v.)
2680 1664 3073 1717 Constantinus
3098 1670 3280 1716 autem
3312 1662 3576 1715 adversus
3599 1658 3791 1729 proxi-

2165 1773 2309 1810 mum
2343 1771 2501 1809 suum
2536 1753 2667 1807 illud
2727 1752 3005 1823 Sapientis
3066 1751 3302 1805 servavit
3358 1749 3683 1819 epitacium,
3731 1747 3788 1799 in

2087 1829 2272 1917 Bquo
2323 1846 2553 1899 dicitur:
2625 1846 2746 1899 Noli
2788 1845 3039 1897 adversus
3108 1844 3340 1908 fratrem
3387 1846 3543 1893 tuum
3596 1853 3791 1891 amare

2166 1940 2513 1993 mendacium
2545 1939 2754 2005 (Eccles.
2790 1936 2905 2005 vn).
2942 1934 3087 1988 Giezi
3115 1932 3278 1987 fidem
3322 1929 3633 1985 Conditoris
3660 1944 3790 1999 per-

2168 2030 2328 2094 fecte,
2354 2045 2463 2083 non
2498 2028 2730 2092 habens,
2763 2033 2821 2081 ut
2850 2024 3146 2088 Abraham,
3171 2037 3281 2075 non
3315 2019 3595 2073 immerito
3626 2018 3787 2087 lepra

2170 2138 2463 2191 percussus
2495 2128 2577 2174 est
2607 2121 2866 2174 Naaman.
2907 2115 3299 2173 Constantinus
3337 2102 3519 2165 autem
3574 2109 3788 2162 habens

2172 2212 2332 2266 fidem
2365 2212 2584 2277 Christi,
2617 2211 2820 2281 lepram
2851 2210 3001 2263 illam
3033 2206 3210 2263 noluit
3232 2205 3518 2260 adhaerere
3548 2201 3679 2263 sibi,
3713 2201 3786 2253 de

2171 2323 2278 2376 qua
2309 2306 2532 2358 Eliszeus
2572 2304 2639 2359 ad
2667 2304 2849 2358 Giezi:
2882 2308 3066 2369 Lepra,
3099 2298 3301 2369 inquit,
3333 2302 3579 2350 Naaman
3602 2294 3786 2346 adluv-

2168 2396 2304 2449 rcbit
2346 2396 2441 2448 tibi
2472 2395 2556 2463 (IV
2588 2399 2711 2461 Reg.
2742 2396 2815 2458 v).
2865 2390 3012 2445 Giezi
3067 2387 3307 2460 caligine
3363 2384 3619 2439 vitiorum
3682 2382 3787 2435 de-

2174 2485 2418 2558 nigratus
2448 2489 2503 2536 ut
2536 2482 2644 2553 pix,
2677 2482 2744 2535 ab
2780 2479 2969 2535 Elisaeo
3000 2491 3261 2551 egressus
3308 2480 3393 2528 cst
3422 2473 3675 2543 leprosus
3730 2476 3789 2524 ut

2175 2585 2296 2647 nix;
2342 2582 2732 2637 Constantinus
2770 2586 2956 2634 autem
3010 2596 3041 2633 a
3085 2576 3375 2649 nigredine
3431 2579 3784 2644 peccatorum

2174 2686 2398 2728 suorum
2430 2672 2718 2726 dealbatus
2757 2678 2815 2725 ut
2845 2670 2957 2736 nix,
2989 2666 3237 2722 tenebris
3289 2663 3615 2719 idololatria:
3672 2678 3787 2715 am-

2174 2765 2318 2835 plius
2348 2763 2625 2837 denigrari
2649 2778 2760 2817 non
2807 2759 3029 2815 volebat
3065 2764 3124 2812 ut
3153 2757 3267 2828 pix.
3316 2756 3445 2821 Sed,
3478 2753 3608 2825 quia
3638 2752 3788 2805 Giezi

2175 2870 2272 2924 per
2300 2855 2528 2923 abrupta
2560 2852 2836 2916 vitiorum,
2868 2850 2923 2903 in
2953 2848 3147 2902 vallem
3188 2844 3505 2916 cupiditatis
3544 2859 3575 2896 a
3600 2841 3788 2911 seipse

2174 2943 2391 3016 longius
2414 2943 2531 3007 ivit,
2564 2942 2691 2995 dum
2726 2940 2795 2994 de
2826 2938 2988 2992 bonis
3014 2937 3251 2991 Naaman
3282 2934 3481 3004 rapuit,
3513 2929 3786 3003 quidquid

2172 3034 2277 3089 sibi
2326 3031 2651 3087 delectabile
2683 3029 2839 3096 vidit,
2893 3028 3091 3082 mirum
3124 3041 3236 3080 non
3277 3031 3381 3090 est,
3429 3021 3576 3093 quod
3623 3020 3788 3092 quale

462 3123 712 3191 leprosus
744 3121 833 3175 ille
892 3127 1070 3191 potest
1128 3136 1247 3175 esse
1289 3120 1391 3174 nisi
1432 3120 1599 3187 Giezi,
1642 3122 1734 3192 qui
1764 3139 1792 3175 a
1841 3123 2064 3192 prastato
2091 3153 2141 3222 Ο
2170 3127 2452 3198 praemium
2486 3124 2613 3179 inde
2646 3121 2920 3186 habuerit,
2956 3118 3199 3175 nominis
3231 3116 3405 3186 ipsius
3452 3115 3789 3183 interpreta-

462 3214 701 3267 Naaman
748 3212 1053 3283 'pecuniam
1113 3228 1267 3265 suam
1337 3211 1551 3266 fallacia
1616 3214 1837 3268 extorsit
1902 3222 1955 3268 et
2013 3216 2063 3269 vi

461 3308 545 3370 (IV
581 3308 703 3371 Reg.
748 3305 817 3369 ν),
856 3302 1077 3371 quando
1126 3317 1235 3355 non
1282 3302 1383 3355 sub
1421 3317 1541 3369 suo,
1583 3301 1681 3356 sed
1728 3303 1832 3357 sub
1894 3305 2066 3359 Elisaai

461 3392 685 3446 nomine
713 3390 957 3460 duplicia
982 3390 1127 3445 dona
1152 3391 1220 3444 ab
1251 3392 1445 3445 eodem
1479 3393 1781 3462 reportavit
1808 3393 2070 3449 homine?

464 3487 613 3541 [inde
653 3486 879 3559 dignum
911 3495 993 3540 est
1044 3494 1121 3553 ut,
1153 3487 1291 3541 sicut
1340 3488 1513 3557 pietas
1554 3487 1832 3543 severitati
1888 3505 2068 3560 quon—

459 3579 583 3632 dam
625 3578 832 3632 sociata
863 3577 962 3632 fuit
998 3578 1050 3632 in
1096 3589 1319 3649 pectore
1365 3578 1553 3651 Moysi,
1600 3581 1673 3634 ita
1704 3597 1851 3635 nunc
1903 3582 2050 3652 pieta

460 3679 566 3725 tem
619 3670 956 3725 Constantini
1013 3670 1234 3725 malitize
1289 3687 1674 3742 comparemus
1714 3672 1891 3736 Giezi;
1944 3673 2073 3744 quia

459 3765 598 3819 sicut
632 3764 777 3818 Giezi
807 3780 903 3835 pro
945 3765 1246 3835 cupiditate
1277 3775 1329 3820 et
1358 3766 1582 3821 avaritia
1625 3766 1817 3821 incidit
1848 3767 1902 3821 in
1930 3767 2074 3821 inﬁr-

460 3855 729 3919 mitatem,
783 3854 857 3908 ita
906 3853 1298 3910 Constantinus
1353 3871 1451 3926 pro
1510 3856 1714 3926 pietate
1764 3865 1817 3911 ct
1862 3857 2075 3925 justitia

461 3947 660 4002 meruit
688 3947 933 4017 recipere
962 3947 1275 4013 sanitatem,
1297 3948 1443 4002 Giezi
1472 3949 1640 4015 enim,
1666 3949 1952 4005 sinelucro
1979 3950 2072 4004 di-

464 4039 576 4094 vini
629 4040 1035 4106 sacramenti,a
1084 4039 1322 4095 Naaman
1366 4040 1709 4111 accepitduo
1758 4043 1962 4098 talenta
1988 4060 2047 4097 ar

462 4130 635 4201 genti.
688 4129 1077 4184 Constantinus
1121 4137 1301 4185 autem
1345 4146 1502 4202 aeque
1545 4132 1654 4187 duo
1694 4134 1899 4188 talenta
1940 4136 2078 4190 reci-

464 4220 622 4289 piens
651 4235 680 4272 a
722 4219 850 4282 Deo,
886 4235 1011 4273 cum
1054 4219 1204 4273 lucro
1265 4219 1397 4275 boni
1439 4221 1624 4290 operis
1681 4238 1809 4277 vero
1844 4225 2079 4292 portavit

466 4310 679 4365 Eliszeo.
711 4309 854 4363 Giezi
874 4310 1102 4380 praemio
1130 4310 1338 4364 caelesti
1369 4312 1565 4367 nolens
1592 4313 1928 4368 mternaliter
1948 4315 2074 4380 frui,

463 4402 583 4456 sine
640 4401 914 4455 taxatione
980 4400 1269 4456 abscondit
1338 4404 1626 4473 pecuniam
1692 4405 1901 4460 domini
1959 4408 2073 4472 sui;

468 4489 856 4544 Constantinus
888 4496 1070 4545 autem
1101 4506 1201 4561 pro
1234 4492 1495 4546 lucranda
1525 4493 1608 4546 sui
1650 4493 1860 4547 domini
1904 4510 2071 4565 pecu-
2094 4522 2153 4591 D

468 4587 578 4651 nia,
612 4602 671 4639 se
700 4601 910 4659 suaque
949 4585 1134 4640 omnia
1166 4587 1275 4640 Deo
1326 4595 1381 4642 et
1411 4588 1727 4642 hominibus
1755 4590 1927 4643 voluit
1956 4606 2076 4643 esse

468 4674 783 4729 communia
813 4675 960 4729 Giezi
994 4690 1091 4746 pro
1120 4675 1327 4746 duplici
1358 4678 1773 4731 mutatoriorum
1799 4694 1959 4749 quam
1992 4694 2083 4733 ac-

470 4777 694 4841 ceperat
724 4779 897 4833 vcstc,
939 4771 1007 4824 ab
1040 4771 1233 4827 Elisaao
1274 4772 1390 4826 viro
1436 4772 1550 4838 Dei,
1594 4773 1761 4843 lepne
1792 4772 2085 4826 Naamani-

471 4859 590 4913 liC‘J}
625 4876 925 4929 percussus
956 4869 1039 4915 est
1070 4859 1662 4932 peste;Conslantinus
1701 4870 1885 4916 autem
1917 4862 2084 4932 lepra:

467 4951 868 5019 elcphantiacae
896 4952 1165 5007 liberatus
1188 4970 1217 5006 a
1251 4960 1428 5023 peste,
1464 4954 1887 5008 immortalitatis
1919 4961 1972 5008 et
2000 4954 2085 5007 in-

470 5039 745 5094 nocentiae
777 5041 1039 5112 duplicia
1081 5043 1190 5097 Deo
1225 5042 1451 5097 indutus
1491 5050 1573 5097 est
1600 5051 1770 5097 veste.
1809 5044 1955 5097 Giezi
1985 5059 2084 5097 cu-

473 5129 705 5200 piditate
738 5141 792 5187 et
830 5134 1058 5187 avaritia
1089 5134 1333 5205 scipsum
1364 5135 1587 5200 delusit,
1622 5135 1749 5188 dum
1806 5135 1951 5189 dona
1985 5136 2087 5188 du—

475 5221 640 5293 plicia
670 5224 883 5279 duobus
921 5227 1095 5281 saccis
1154 5227 1410 5282 inclusit:
1470 5226 1856 5282 Constantinus
1904 5234 2084 5281 autem

476 5314 762 5384 pecuniam
797 5334 949 5371 suam
982 5320 1186 5374 veteris
1222 5320 1370 5374 illius
1410 5320 1551 5374 sacci
1595 5318 1772 5373 noluit
1804 5318 2087 5372 includere

476 5403 704 5471 malitia,
761 5408 829 5461 de
895 5424 1005 5478 quo
1060 5411 1321 5481 scriptum
1370 5419 1467 5465 est.
1510 5410 1821 5465 Conscidisti
1871 5426 2090 5465 saccum

472 5511 675 5559 meum,
703 5506 753 5551 el
783 5500 1179 5554 circumdedisti
1211 5518 1298 5556 me
1325 5504 1515 5556 la'titia
1546 5504 1710 5567 (Psal.
1745 5500 1903 5569 xux).
1941 5500 2085 5554 Giezi

473 5594 665 5644 contra
696 5604 994 5644 conservos
1018 5592 1280 5657 tumidus,
1306 5601 1358 5647 et
1396 5602 1586 5649 contra
1618 5594 1854 5647 humiles
1884 5609 2085 5662 super-

476 5681 602 5743 bus,
639 5678 872 5734 Domino
900 5693 999 5731 suo
1026 5678 1255 5735 obedire
1295 5681 1540 5748 nolebat,
1588 5691 1646 5737 ut
1677 5697 1904 5745 servus;
1949 5682 2089 5735 Con-

471 5765 748 5822 stantinus
776 5774 957 5820 autem
994 5766 1219 5821 humilis
1263 5768 1587 5835 humilibus,
1620 5778 1675 5825 et
1702 5770 1965 5840 superbis
1990 5786 2087 5823 su-

2169 3218 2316 3272 tione
2348 3217 2613 3287 signatur,
2655 3211 2917 3284 quoniam
2983 3208 3130 3263 Giezi
3185 3211 3525 3277 praeruptum
3582 3204 3788 3263 videns,

2170 3308 2253 3359 vel
2292 3308 2445 3360 vallis
2488 3308 2615 3358 visio
2647 3304 3057 3372 interpretatur,
3087 3298 3181 3369 qui
3224 3297 3372 3351 enim
3406 3296 3462 3349 in
3490 3294 3793 3348 inaccessis

2171 3398 2425 3469 rupibus,
2458 3403 2512 3450 et
2542 3395 2597 3449 in
2633 3393 2924 3465 praeruptis
2952 3390 3219 3455 silicibus,
3253 3388 3408 3460 quasi
3442 3388 3497 3441 in
3524 3386 3791 3441 virtutum

2173 3488 2453 3544 montibus
2479 3484 2800 3556 spiritaliter
2831 3482 3006 3537 noluit
3062 3479 3312 3534 habitare
3357 3492 3480 3531 cum
3522 3474 3791 3538 ibicibus;

2175 3580 2299 3633 ideo
2332 3575 2624 3631 virtutibus
2663 3574 2925 3636 irascens,
2962 3578 3016 3625 et
3055 3569 3201 3625 vitiis
3232 3567 3508 3628 arridens,
3560 3580 3671 3618 non
3706 3564 3793 3616 in-

2174 3685 2417 3742 congrue
2456 3668 2635 3722 dictus
2664 3672 2744 3719 est
2774 3672 3109 3735 prteruptum
3138 3661 3357 3713 videns.
3388 3656 3523 3722 Quia
3554 3672 3688 3710 vero
3722 3656 3792 3709 de

2176 3760 2312 3815 valle
2346 3757 2598 3811 vitiorum
2624 3754 2681 3808 in
2716 3760 2959 3807 montem
3001 3751 3263 3805 virtutum
3295 3746 3599 3801 ascendere
3634 3744 3796 3799 nole-

2176 3852 2291 3915 bat,
2319 3865 2428 3903 non
2466 3847 2739 3901 immerito
2771 3845 2908 3899 visio
2940 3842 3097 3897 vallis
3128 3842 3306 3896 dictus
3344 3847 3481 3905 erat,
3530 3836 3795 3908 quoniam

2176 3945 2444 3999 bonorum
2476 3956 2703 4011 operum
2736 3936 2999 4011 gradibus
3027 3936 3361 3989 ascensiones
3390 3930 3511 3985 illas
3543 3933 3601 3983 in
3645 3929 3800 3983 corde

2175 4052 2269 4091 suo
2296 4051 2403 4090 non
2422 4035 2697 4103 disposuit,
2718 4033 2778 4084 in
2796 4029 2934 4083 valle
2963 4028 3359 4094 lacrymarum,
3394 4026 3453 4076 in
3482 4023 3611 4082 loco,
3641 4034 3801 4088 quem

2171 4129 2348 4195 posuit
2377 4124 2535 4193 (Psal.
2570 4121 2810 4178 Lxxxm).
2864 4114 3016 4172 Unde
3050 4113 3312 4186 quoniam
3354 4112 3408 4165 in
3459 4116 3648 4164 monte
3676 4108 3796 4161 vir-

2177 4223 2352 4270 tutum
2403 4223 2511 4267 tam
2561 4226 2682 4265 raro
2723 4209 2791 4263 ab
2832 4223 2898 4262 eo
2937 4205 3162 4277 justitia:
3212 4204 3362 4258 visus
3391 4208 3476 4256 est
3515 4200 3696 4265 callis,
3741 4207 3795 4250 ut

2181 4324 2381 4363 nomen
2414 4307 2534 4377 ejus
2567 4321 2675 4358 non
2709 4300 2983 4356 immerito
3024 4299 3303 4353 diceretur
3331 4294 3469 4349 visio
3498 4293 3678 4359 vallis,
3705 4290 3803 4345 mi-

2183 4413 2298 4451 rum
2334 4412 2441 4450 non
2476 4404 2558 4448 est
2586 4392 2731 4465 quod
2760 4406 2857 4462 pro
2890 4390 3045 4459 lepra
3077 4386 3335 4442 vitiorum
3377 4399 3600 4439 suorum
3636 4383 3805 4455 longe

2178 4496 2423 4543 remotus
2453 4505 2482 4541 a
2519 4487 2693 4541 salute
2711 4482 3081 4546 credentium,
3104 4480 3282 4534 videre
3314 4492 3423 4532 non
3452 4482 3637 4547 potest
3666 4476 3804 4529 bona

2178 4584 2390 4637 Domini
2446 4584 2502 4634 in
2545 4586 2688 4633 terra
2725 4576 3023 4630 viventium
3082 4572 3241 4640 (Psal.
3286 4570 3452 4637 xxvi).
3513 4566 3623 4620 Sed
3663 4581 3806 4637 quo-

2186 4671 2329 4724 niam
2365 4671 2417 4723 in
2451 4665 2863 4737 comparatione
2897 4660 3040 4714 Giezi
3073 4669 3128 4713 et
3172 4655 3514 4713 Constantini
3561 4656 3674 4723 jam
3708 4654 3800 4707 diu

2185 4778 2375 4817 sumus
2422 4758 2713 4821 immorati,
2765 4756 2892 4808 dum
2944 4752 3106 4806 unius
3161 4749 3502 4820 impietatem
3576 4745 3803 4799 alterius

2183 4852 2623 4925 comparavimus
2651 4848 2871 4919 pietati;
2919 4849 3085 4897 restat
3117 4849 3193 4905 ut,
3228 4840 3369 4894 sicut
3415 4853 3516 4909 pro
3545 4836 3807 4891 conside-

2187 4948 2395 5002 ratione
2429 4945 2639 4998 illorum
2673 4941 2726 4993 in
2754 4941 2857 4993 hoc
2886 4950 3144 4991 sermone
3173 4934 3396 5007 longum
3435 4928 3811 5000 protraximus

2188 5038 2360 5103 tilum,
2420 5037 2492 5090 ita
2537 5048 2685 5087 nunc
2723 5032 2793 5086 de
2831 5029 2977 5083 Giezi
3020 5027 3086 5082 ad
3138 5022 3556 5080 Constantinum
3606 5027 3807 5075 nostra:

2187 5129 2450 5187 orationis
2504 5127 2688 5181 denuo
2744 5129 3021 5178 vertamus
3073 5119 3295 5189 stylum.
3350 5116 3426 5169 Ne
3474 5114 3625 5167 enim
3663 5112 3805 5166 idem

2189 5221 2577 5278 Constantinus
2626 5218 2779 5287 lepra
2833 5211 3103 5283 corporali
3145 5208 3384 5279 amplius
3423 5210 3809 5277 percuterctur

2188 5333 2310 5371 cum
2344 5314 2509 5374 Giezi,
2559 5309 2880 5381 spiritaliter
2907 5305 3074 5375 cwpit
3101 5304 3280 5376 legem
3319 5316 3542 5354 servare
3599 5296 3805 5367 Moysi:

2189 5404 2440 5477 quamvis
2490 5408 2611 5471 post
2641 5398 2870 5472 gratiam
2926 5392 3183 5465 baptismi
3218 5389 3449 5445 multum
3516 5386 3646 5441 inde
3702 5386 3805 5477 sibi

2189 5475 2485 5564 coepissent
2514 5493 2781 5563 dcrOgare
2810 5485 3011 5549 Judzei,
3050 5481 3199 5555 quod
3239 5490 3348 5535 tam
3382 5496 3533 5550 saepe
3579 5475 3805 5530 miseri-

2188 5586 2429 5641 cordiam
2478 5582 2591 5638 veri
2646 5577 2897 5651 quaesivit
2947 5574 3144 5630 Eliszei.
3205 5572 3337 5627 Cum
3395 5570 3544 5624 enim
3584 5566 3809 5621 monitis

2192 5674 2333 5730 beati
2368 5670 2611 5727 Silvestri
2645 5683 2753 5723 non
2783 5665 2959 5721 solum
2992 5680 3023 5717 a
3059 5660 3303 5715 vinculis
3353 5654 3687 5714 idololatriae
3718 5670 3812 5708 so-

2191 5768 2356 5832 lutus,
2398 5763 2492 5818 sed
2522 5761 2686 5815 etiam
2722 5759 2938 5814 lavacro
2969 5754 3171 5810 divinae
3203 5749 3641 5826 regenerationis
3666 5757 3811 5803 esset
