4006 6198
322 274 421 327 981

1392 278 1517 333 LIB.
1563 280 1642 333 DE
1682 281 2009 337 MYSTERIO
2050 282 2226 336 LIGNI
2268 281 2587 337 DOMINICI.
3543 291 3649 343 SW2

314 406 561 468 ablutus,
621 420 689 460 eo
711 405 1013 475 perfectius
1045 408 1097 461 in
1146 411 1313 464 corde
1353 428 1452 468 suo
1495 430 1748 483 superna;
1788 416 1932 470 dile-
1961 423 2007 488 Α
2041 418 2386 471 tribulatione
2439 419 2583 483 (Psal
2629 420 2724 487 IX),
2795 421 2925 474 dum
2985 438 3015 475 a
3064 424 3270 493 duplici
3332 424 3647 479 inﬁrmitate

317 495 522 550 ctionis
549 494 769 549 inclusit
797 511 1061 563 amorem,
1096 515 1205 570 quo
1237 504 1477 570 perfecta
1513 506 1749 559 charitas
1788 509 1934 573 foras

322 587 471 640 misit
501 590 745 641 timorem
772 585 830 657 (1
856 592 1012 642 Ιοαη.
1050 603 1145 659 ιν).
1179 591 1240 646 Ει
1270 608 1380 647 non
1410 594 1683 650 immerito
1709 597 1934 667 quidem

2039 507 2286 578 corporis
2316 516 2370 562 et
2396 508 2619 575 animae,
2661 510 2897 580 duplicis
2924 512 3112 581 gratiae
3172 516 3370 570 meruit
3401 516 3647 572 irelevari

2038 601 2351 667 curamine;
2395 603 2616 673 quando
2672 603 2729 657 in
2776 604 2990 660 lavacro
3049 610 3482 678 regenerationis
3531 613 3650 666 haec

328 679 522 743 Deum,
548 678 777 732 interna).
808 678 1126 736 dilectionis
1157 681 1349 738 dilexit
1373 687 1692 758 amore,qui
1718 688 1937 760 gemina
2038 694 2148 748 duo
2187 694 2483 749 sanitatum
2515 695 2725 765 recepit
2752 696 3134 760 medicamina.
3178 707 3237 753 ut
3267 701 3321 754 in
3351 718 3581 772 corpore
3617 721 3648 758 a

321 770 557 826 sanitate
607 771 823 841 adjutor
886 773 1005 841 ejus
1061 774 1162 829 fuit
1207 778 1266 829 in
1316 781 1825 849 opportunitatibus,
1877 784 1937 835 in
2037 780 2211 852 lepra,
2234 789 2333 837 eta
2368 783 2513 837 vitiis
2547 784 2907 840 mandaretur
2929 785 2983 840 in
3006 786 3208 841 anima.

327 947 3639 978 mh

325 970 3636 1003 Ἥ

1118 1121 2052 1233 BERENGOSI
2161 1127 2860 1235 ABBATIS

1621 1322 1986 1387 LIBELLUS
2028 1324 2348 1388 INSIGNIS

645 1508 871 1632 DE
956 1510 1847 1641 MYSTERIO
1936 1516 2420 1644 LIGNI
2507 1518 3341 1649 DOMINICI

1956 1762 2019 1799 ET

392 1888 475 1941 DE
518 1888 684 1944 LUCE
722 1891 987 1946 VISIBILI
1032 1892 1107 1947 ET
1145 1894 1485 1948 INVISIBILI
1528 1894 1653 1950 PER
1692 1895 1872 1958 QUAM
1910 1895 2176 1960 ANTIQUI
2218 1897 2467 1952 PATRES
2507 1899 2666 1955 OLIM
2703 1900 3110 1957 MERUERUNT
3150 1903 3564 1959 ILLUSI'ItARl.

1572 2055 1840 2122 (Biblioth.
1884 2055 2041 2110 Patr.
2086 2055 2199 2122 xn,
2240 2056 2389 2125 366.)

1800 2256 2164 2272 ψ

391 2411 661 2476 Quoniam
699 2412 908 2482 primus
939 2415 1126 2481 homo,
1177 2414 1523 2469 dilectissimi
1564 2415 1776 2482 fratres,
1829 2430 1926 2485 pro
1949 2418 2001 2486 B
2027 2431 2127 2486 pro
2158 2416 2270 2485 illa,
2302 2434 2423 2489 quae
2463 2419 2732 2489 promissa
2757 2426 2863 2484 est,
2905 2434 3095 2474 eorum
3140 2420 3193 2473 in
3226 2421 3486 2476 omnibus
3519 2424 3642 2477 imi-

315 2505 446 2560 cibo
477 2504 816 2575 cupiditatis,
848 2523 1011 2579 quem
1047 2508 1237 2563 illicite
1275 2509 1517 2564 comedit
1552 2510 1703 2576 (Gen.
1734 2512 1831 2575 ιιι),
1874 2510 1928 2564 in

312 2596 562 2650 tenebris
600 2604 655 2651 et
686 2596 740 2650 in
790 2598 985 2653 umbra
1012 2600 1208 2654 mortis
1260 2599 1390 2655 olim
1422 2601 1733 2655 diutissime
1764 2601 1930 2666 sedit,

313 2686 687 2741 necessarium
736 2696 852 2741 erat
882 2694 941 2741 ut
990 2688 1309 2761 unigenitus
1356 2689 1452 2743 Dei
1512 2689 1679 2744 Filius
1713 2706 1808 2761 pro
1863 2705 1929 2745 eo

312 2787 419 2835 tam
458 2780 751 2854 dignanter
788 2781 1165 2849 interveniret,
1196 2789 1255 2837 ut
1275 2783 1344 2837 ad
1374 2783 1517 2838 viam
1546 2783 1681 2839 lucis
1710 2791 1929 2839 aeterna:

310 2868 419 2923 sibi
458 2868 563 2922 iter
601 2869 857 2938 aperiret.
890 2870 990 2925 Diu
1014 2887 1253 2942 namque
1287 2870 1576 2943 fuitquod,
1608 2871 1819 2926 lumine
1839 2889 1935 2927 ve-

313 2960 500 3015 ritatis
530 2960 759 3029 amisso,
808 2962 1049 3034 antiquae
1078 2963 1341 3019 caecitatis
1387 2979 1498 3019 non
1546 2963 1743 3031 injuste
1764 2964 1929 3019 valla-

314 3051 481 3107 batur
501 3052 732 3121 abysso;
756 3051 1017 3122 quoniam
1045 3060 1349 3123 spontanee
1377 3053 1656 3109 voluntate
1683 3053 1762 3108 sei
1774 3070 1931 3124 psum

315 3143 508 3197 divina
561 3142 681 3198 luce
714 3143 1006 3213 separavit,
1040 3145 1167 3198 dum
1212 3153 1404 3201 contra
1444 3152 1780 3216 praeceptum
1822 3146 1926 3201 Do-

317 3231 449 3284 mini
487 3247 667 3302 pravze
706 3231 940 3287 actionis
990 3233 1248 3289 tenebras
1284 3234 1505 3288 amavit.
1564 3233 1671 3288 Sed
1703 3234 1830 3306 quia
1857 3234 1927 3289 de

314 3322 567 3377 tenebris
592 3322 659 3376 ad
693 3323 869 3379 lucem
903 3323 1052 3378 nulla
1082 3330 1298 3395 poterat
1340 3324 1553 3380 ratione
1588 3326 1792 3393 redire,
1826 3327 1930 3381 nisn

315 3414 565 3468 Salvator
597 3422 785 3470 noster
810 3431 908 3484 per
928 3415 1172 3486 seipsum
1194 3415 1302 3470 sibi
1322 3416 1462 3472 viam
1485 3417 1650 3472 vellet
1679 3418 1927 3489 aperire;

316 3502 442 3557 ideo
473 3503 542 3556 ad
574 3502 979 3558 ostendendam
1019 3504 1071 3560 ei
1101 3504 1403 3560 claritatem
1431 3506 1820 3562 amantissimae
1848 3507 1933 3561 lu—

314 3595 415 3660 cis,
444 3598 627 3662 factus
656 3602 734 3650 est
759 3612 856 3666 pro
883 3597 1033 3652 nobis
1059 3598 1301 3653 obediens
1321 3598 1463 3652 Patri
1496 3614 1661 3668 usque
1682 3601 1752 3653 ad
1775 3615 1926 3654 mor-

316 3689 441 3751 tem,
474 3691 704 3739 mortem
741 3691 925 3739 autem
952 3689 1128 3741 erucis
1161 3687 1376 3755 (Philip.
1428 3690 1508 3754 ιι).
1546 3687 1695 3741 Unde
1729 3688 1932 3762 gratias

317 3772 451 3842 Deo,
480 3774 611 3845 quia
642 3776 771 3829 dum
829 3776 995 3831 Filius
1024 3776 1167 3831 Patri
1199 3776 1409 3845 obedit,
1442 3794 1621 3832 caecus
1662 3780 1935 3854 evangeli-

317 3882 415 3921 cus
446 3867 517 3922 ad
547 3868 731 3923 lumen
778 3867 950 3923 redit:
990 3875 1049 3923 ut
1099 3869 1399 3924 humanum
1450 3885 1629 3944 genus
1658 3886 1724 3926 eo
1754 3871 1936 3927 minus

312 3959 426 4026 jam
456 3958 711 4031 pristina:
739 3961 1000 4016 caecitatis
1029 3960 1279 4032 pulsetur
1301 3960 1520 4027 affectu,
1542 3978 1651 4033 quo
1679 3980 1778 4034 per
1800 3979 1933 4018 san-

2031 2512 2209 2560 temur
2265 2506 2534 2573 actiones,
2590 2506 2658 2560 de
2702 2506 2904 2577 quibus
2961 2507 3221 2577 scriptum
3264 2516 3373 2563 est:
3431 2492 3645 2579 operati

2030 2604 2160 2652 sunt
2176 2602 2476 2667 justitiam,
2505 2601 2683 2667 adepti
2719 2605 2849 2653 sunt
2885 2603 3313 2668 repromissiones
3334 2602 3509 2670 (Hebr.
3542 2606 3640 2669 XI).

2034 2684 2165 2739 Cum
2205 2685 2352 2739 enim
2386 2703 2495 2740 una
2536 2686 2625 2741 lux
2678 2695 2900 2741 terrena
2956 2688 3048 2752 sit,
3099 2698 3156 2742 et
3212 2689 3319 2742 alia
3377 2690 3641 2758 οώιοδιίς,

2031 2776 2259 2851 dignum
2285 2784 2368 2832 est
2397 2785 2455 2832 ut
2476 2779 2754 2833 caelestem
2774 2779 2951 2833 lucem
2980 2779 3227 2834 moribus
3256 2796 3476 2851 semper
3507 2800 3640 2852 pro-

2031 2887 2329 2943 sequamur
2369 2871 2616 2926 honestis
2642 2878 2725 2938 ut,
2777 2871 2919 2926 sicut
2948 2888 3045 2942 per
3074 2872 3286 2947 lignum
3348 2874 3542 2928 mortis
3573 2875 3642 2930 de

2032 2973 2177 3017 terra
2198 2978 2387 3017 sumus
2410 2970 2715 3028 terrestres,
2744 2961 2821 3016 ita
2850 2977 2949 3032 per
2978 2962 3191 3035 lignum
3221 2963 3344 3018 vitae
3376 2981 3568 3019 sumus
3591 2974 3645 3021 et

2033 3055 2100 3110 de
2149 3054 2288 3109 coelo
2341 3054 2613 3109 cuzlestes.
2673 3054 2931 3125 Alioquin
2974 3054 3151 3109 lucem
3194 3055 3339 3108 illam
3371 3056 3644 3111 visibilem

2028 3144 2346 3201 nullatenus
2376 3143 2559 3197 videre
2608 3144 2874 3206 valemus,
2905 3159 3068 3213 quam
3101 3158 3209 3198 non
3241 3145 3643 3214 corporalibus,

2031 3236 2128 3291 sed
2156 3232 2535 3303 spiritualibus
2559 3232 2735 3287 oculis
2774 3231 3108 3302 quandoque
3128 3231 3317 3286 videre
3348 3232 3639 3300 debemus,

2031 3324 2135 3379 nisi
2167 3324 2234 3377 ab
2269 3323 2369 3377 hac
2397 3323 2518 3376 luce
2566 3320 2773 3375 visibili
2831 3320 2983 3391 prius
3012 3320 3331 3375 erudiamur
3357 3321 3412 3375 in
3460 3323 3643 3388 terris,

2032 3431 2156 3486 quae
2183 3415 2274 3468 vel
2315 3413 2493 3484 qualis
2520 3412 2590 3466 sit
2616 3411 2729 3478 illa,
2763 3411 2925 3466 nobis
2956 3419 3266 3466 reservatur
3297 3411 3353 3465 in
3395 3413 3572 3469 CtL‘IIS.

2107 3503 2281 3566 Unde,
2312 3502 2443 3573 quia
2470 3500 2822 3570 temporariae
2855 3500 2992 3554 lucis
3013 3508 3069 3555 et
3096 3508 3318 3555 teternre
3351 3501 3440 3555 hic
3479 3518 3509 3556 a
3544 3518 3646 3557 no-

2034 3589 2117 3642 bis
2150 3589 2290 3643 facta
2330 3594 2413 3642 est
2464 3587 2699 3652 mentio,
2745 3586 2869 3641 ideo
2926 3586 3266 3643 differentias
3296 3604 3484 3643 eorum
3533 3606 3644 3643 non

2034 3683 2303 3738 debemus
2349 3679 2646 3735 obliterare
2703 3678 2951 3749 silentio,
3017 3681 3280 3750 quoniam
3349 3683 3647 3757 margarita

2038 3779 2176 3834 lucis
2208 3783 2486 3848 perpetuae
2531 3790 2597 3830 eo
2639 3775 2861 3843 majoris
2891 3791 2921 3829 a
2963 3775 3123 3830 nobis
3150 3778 3521 3846 comparanda
3564 3785 3650 3833 est

2038 3864 2235 3936 pretio,
2278 3879 2387 3935 quo
2419 3863 2560 3916 inter
2591 3862 2731 3916 hanc
2768 3869 2821 3917 et
2851 3862 3000 3917 illam
3034 3879 3229 3933 magna
3273 3864 3491 3918 videtur
3527 3881 3647 3920 esse

2039 3953 2320 4007 discretio.
2357 3952 2508 4006 Sicut
2536 3952 2682 4005 enim
2711 3950 2969 4006 differunt
2990 3952 3058 4005 ab
3088 3952 3333 4006 adversis
3360 3970 3647 4024 prospera,

316 4050 547 4122 guinem
581 4049 775 4105 Christi
804 4068 1058 4121 supernae
1088 4052 1230 4107 lucis
1274 4053 1596 4123 quotidiana
1638 4053 1939 4109 illustratur
2041 4048 2122 4102 vel
2147 4065 2176 4102 a
2217 4046 2463 4102 tristibus
2490 4046 2632 4114 laeta,
2656 4047 2738 4102 sic
2759 4062 2868 4101 una
2890 4045 2979 4100 lux
3006 4046 3074 4100 ab
3106 4046 3213 4100 alia
3232 4046 3497 4117 probatur
3524 4064 3648 4104 esse

318 4148 569 4212 aspectu.
625 4142 879 4214 Alioquin
924 4144 1102 4199 lucem
1157 4144 1304 4198 illam
1337 4160 1448 4200 non
1487 4145 1697 4200 videbit
1737 4162 1934 4201 aman-

316 4235 463 4302 dam,
504 4236 571 4290 de
598 4253 709 4307 qua
744 4237 1005 4308 scriptum
1038 4244 1155 4293 est:
1202 4240 1433 4308 Populus
1497 4243 1592 4308 qui
1618 4241 1935 4295 ambulabat

317 4330 376 4381 in
402 4330 656 4395 tenebris,
707 4331 841 4384 vidit
870 4332 1042 4385 lucem
1067 4347 1329 4400 magnam
1358 4334 1501 4392 (Isai.
1533 4332 1633 4400 1x};
1686 4332 1790 4386 nisi
1838 4349 1935 4402 per

320 4414 560 4472 fructum
586 4418 715 4473 boni
746 4418 930 4489 operis
960 4419 1176 4473 illorum
1214 4427 1494 4474 mereatur
1537 4420 1768 4475 adunari
1797 4422 1934 4477 cho—

318 4504 446 4571 reis,
472 4505 545 4559 de
574 4506 777 4576 quibus
803 4506 1185 4581 subjungitur:
1219 4508 1600 4564 Habitantibus
1630 4512 1692 4564 in
1722 4514 1935 4579 regione

322 4600 527 4654 umbra:
548 4602 755 4665 mortis,
813 4601 910 4654 tua:
936 4606 1053 4655 orta
1084 4607 1161 4655 est
1189 4603 1262 4656 eis
1289 4601 1485 4672 (ibid).
1538 4602 1663 4656 Haec
1692 4613 1775 4658 est
1801 4618 1932 4677 ergo

321 4685 409 4741 illa
461 4689 575 4755 lux,
612 4704 721 4758 qua
753 4688 964 4758 primus
993 4689 1158 4744 homo
1208 4688 1407 4760 privari
1456 4691 1676 4758 meruit,
1714 4692 1934 4763 quando

321 4780 481 4850 culpa
511 4797 635 4836 eum
680 4781 927 4852 appetiit,
962 4788 1016 4836 et
1050 4782 1225 4856 gratia
1256 4783 1517 4849 deseruit,
1560 4785 1689 4856 quia
1716 4785 1844 4839 dum
1879 4786 1932 4840 in

321 4864 470 4938 ligno
498 4869 691 4924 mortis
722 4869 1188 4926 oblectamentum
1230 4873 1405 4943 culpae
1434 4872 1541 4928 sibi
1594 4875 1795 4930 arctius
1834 4875 1934 4929 im-

323 4961 541 5027 pressit,
572 4962 743 5017 virtus
797 4962 981 5016 divina
1021 4964 1206 5018 lumen
1248 4980 1419 5019 unum
1464 4966 1513 5019 ei
1575 4967 1821 5033 abstulit,
1877 4975 1935 5022 et

323 5050 470 5105 aliud
500 5054 794 5108 concessit.
829 5055 950 5124 Ipse
972 5055 1143 5122 enim,
1164 5060 1258 5126 qui
1278 5064 1353 5112 est
1385 5061 1528 5113 testis
1557 5062 1615 5113 in
1634 5061 1774 5115 οωιο
1793 5061 1926 5125 ﬁde-

321 5139 384 5192 lis
413 5139 588 5210 (Apoc.
615 5146 672 5212 ι),
706 5159 867 5196 unam
909 5143 961 5197 ei
991 5142 1168 5198 lucem
1202 5145 1257 5198 in
1292 5145 1475 5212 terris,
1508 5154 1562 5201 et
1592 5147 1754 5201 aliam
1787 5165 1929 5218 prae-

325 5232 535 5303 rogavit
565 5235 619 5288 in
640 5234 827 5299 ccelis;
857 5235 1008 5306 quia,
1041 5235 1172 5290 dum
1203 5238 1260 5290 in
1291 5236 1409 5306 ipsa
1432 5238 1710 5293 creatione
1741 5240 1929 5293 saeculi

324 5316 468 5374 dona
496 5337 614 5389 sua,
635 5329 797 5393 prout
823 5338 963 5393 Opus
1000 5331 1137 5390 erat,
1170 5324 1473 5395 unicuique
1498 5332 1761 5381 creaturae
1789 5327 1932 5381 divi-

322 5408 392 5463 sit
422 5411 660 5469 bumano
686 5415 877 5489 generi
910 5416 1085 5480 lucem
1117 5433 1281 5471 unam
1315 5417 1485 5484 dedit,
1521 5429 1573 5472 et
1604 5420 1765 5473 aliam
1804 5436 1929 5490 pro-

323 5500 490 5557 misit.
513 5506 638 5574 ;Sed
667 5506 926 5577 quoniam
960 5523 1023 5560 ex
1049 5523 1156 5563 una
1183 5509 1325 5576 luce,
1354 5526 1478 5581 quae
1511 5510 1782 5581 promissa
1822 5522 1926 5581 est,

321 5603 387 5643 eo
419 5594 726 5648 securiores
740 5610 863 5647 esse
902 5595 1149 5649 valemus
1179 5614 1288 5667 quo
1309 5598 1470 5652 aliam
1500 5616 1621 5669 quae
1661 5601 1785 5653 data
1824 5611 1928 5667 est,

325 5681 700 5747 corporalibus
722 5681 896 5736 oculis
926 5683 1174 5752 quotidie
1201 5685 1474 5753 videmus,
1507 5687 1735 5759 dignum
1759 5696 1842 5742 est
1871 5697 1930 5743 ut

1956 5103 2012 5171 D

2038 4140 2307 4195 discreta:
2348 4139 2586 4193 maxime
2633 4156 2755 4194 cum
2788 4155 2897 4193 una
2936 4139 3095 4194 alteri
3149 4139 3223 4194 ita
3270 4140 3522 4195 videatur
3559 4141 3648 4195 in-

2038 4234 2289 4306 aequalis,
2330 4240 2389 4287 ut
2421 4248 2530 4287 una
2581 4232 2651 4286 sit
2681 4241 2905 4299 zeterna,
2937 4242 2993 4287 et
3035 4232 3140 4286 alia
3171 4232 3505 4304 temporalis.
3544 4235 3648 4289 Ve-

2036 4344 2177 4392 rum,
2204 4327 2333 4381 licet
2359 4333 2650 4396 utramque
2680 4326 2857 4380 lucem
2891 4324 3245 4396 exstinguere
3275 4341 3386 4380 non
3422 4333 3650 4396 possunt

2036 4414 2519 4489 inexstinguibiles
2545 4430 2727 4485 aquae,
2769 4431 2967 4489 magna
2994 4422 3178 4469 tamen
3203 4416 3492 4470 diversitas
3523 4426 3649 4469 ver-

2036 4518 2188 4563 satur
2231 4509 2284 4561 in
2317 4513 2581 4577 utraque;
2615 4507 2900 4578 quoniam,
2944 4508 3087 4563 sicut
3124 4523 3292 4563 sacrae
3351 4509 3647 4580 Scriptura:

2037 4600 2237 4672 pagina
2288 4605 2541 4667 testatur,
2598 4615 2707 4653 una
2756 4599 3031 4654 illuminat
3062 4607 3115 4654 et
3152 4600 3492 4655 illuminat'ur
3541 4601 3647 4656 alia

2036 4707 2166 4747 vero
2189 4690 2484 4756 illuminat,
2516 4696 2571 4744 et
2603 4705 2710 4744 non
2744 4689 3104 4744 illuminatur.
3139 4690 3192 4744 Si
3231 4690 3375 4744 enim
3400 4692 3645 4747 charita-

2038 4790 2149 4837 tem
2175 4782 2459 4853 utriusque
2493 4781 2912 4837 consideremus
2945 4782 3176 4849 intente,
3218 4780 3286 4835 ab
3314 4799 3425 4837 una
3456 4784 3646 4853 procul

2036 4872 2205 4927 dubio
2239 4871 2295 4925 in
2336 4884 2565 4941 corpore
2596 4879 2650 4924 et
2693 4871 2760 4925 ab
2791 4870 2898 4925 alia
2930 4869 3305 4924 illuminamur
3336 4870 3389 4924 in
3431 4880 3644 4939 mente;

2033 4961 2296 5035 quoniam
2326 4967 2475 5015 tanta
2504 4959 2585 5014 vis
2614 4966 2697 5014 est
2726 4959 2952 5013 luminis
2973 4976 3003 5012 a
3025 4958 3214 5012 divino
3234 4960 3531 5029 splendore
3557 4977 3648 5016 ve-

2034 5054 2257 5120 nientis,
2286 5060 2345 5107 ut
2374 5052 2495 5122 capi
2522 5068 2634 5107 non
2660 5051 2832 5122 possit
2853 5051 3027 5106 oculis
3058 5049 3326 5120 corporis,
3349 5052 3445 5105 sed
3480 5053 3646 5109 obtu-

2033 5148 2181 5205 tibus
2207 5146 2426 5200 mentis.
2464 5144 2638 5211 Unde,
2686 5145 2731 5198 si
2772 5145 2949 5198 lucem
2983 5144 3137 5197 istam
3173 5145 3530 5214 temporalem
3556 5161 3649 5202 so—

2032 5240 2208 5294 lemus
2253 5236 2520 5291 intuendo
2548 5235 2752 5300 mirari,
2796 5252 2893 5305 per
2924 5251 3087 5306 quam
3147 5250 3259 5289 non
3305 5236 3493 5303 corda,
3546 5236 3645 5291 sed

2032 5343 2265 5398 corpora
2298 5325 2557 5379 videntur
2589 5322 2869 5389 illustrari,
2910 5323 3083 5377 multo
3108 5321 3283 5392 magis
3304 5322 3489 5377 lumen
3510 5322 3645 5377 illud

2031 5428 2296 5475 aeternum
2340 5416 2548 5471 debent
2584 5415 2841 5469 admirari
2872 5414 3181 5474 credentes.
3219 5430 3317 5484 per
3345 5414 3493 5485 quod
3526 5430 3650 5469 cor-

2034 5525 2166 5578 pora
2208 5523 2397 5562 eorum
2431 5506 2770 5559 illustrantur
2820 5513 2872 5558 et
2913 5512 3146 5557 mentes.
3190 5503 3462 5556 Przeterea
3492 5515 3648 5562 vero,

2034 5597 2077 5650 si
2127 5596 2260 5650 solis
2307 5602 2361 5649 et
2408 5596 2552 5648 luna:
2605 5593 2783 5647 lucem
2817 5592 2959 5647 hanc
3007 5591 3274 5645 visibilem
3308 5588 3650 5642 admirantur

2036 5684 2248 5756 populi,
2272 5700 2371 5753 pro
2393 5683 2550 5753 cujus
2579 5681 2874 5753 splendore
2907 5678 3237 5736 intolerabili
3272 5675 3498 5730 humani
3539 5688 3647 5727 sae—
