4006 6198
415 313 517 364 083

1401 301 1766 360 BERENGOSI
1808 298 2080 354 ABBATIS
2120 300 2172 353 ὃ.
2216 297 2457 353 MAXIM]
2497 298 2760 354 TREVIR.

3645 308 3770 363 984

411 446 634 516 pissime
661 441 1281 505 reverberanluroculi;
1314 439 1534 494 occulto
1556 437 1723 508 nagis
1741 433 2020 488 admiran-
2049 438 2094 500 Α
2123 429 2351 483 ctrinam
2413 436 2783 500 sequerentur
2835 430 3078 497 illorum,
3120 433 3188 487 de
3218 433 3423 504 quibus
3465 437 3762 507 scriptum

411 537 538 588 dum
574 541 655 586 est
677 534 862 586 lumen
897 532 1032 584 illud
1062 531 1407 604 angelorum,
1438 527 1585 598 quod
1617 525 1739 594 capi
1774 540 1881 578 non
1915 537 1984 593 p0

410 635 516 682 test
555 625 744 680 auditu
773 623 1008 684 aurium,
1051 638 1154 676 nec
1179 622 1297 676 visu
1338 620 1642 675 oculorum.

485 722 543 776 Et
581 736 708 774 ecce
732 717 992 789 quoniam
1025 717 1114 770 hic
1141 717 1301 770 nobis
1329 713 1546 768 occasio
1575 728 1636 767 se
1685 711 1886 786 ingerit
1914 726 2018 781 op-

413 818 666 880 portuna,
700 816 760 860 ut
807 806 950 859 inter
975 805 1081 858 alia
1110 804 1294 889 sidera
1342 803 1590 872 quaedam
1623 801 1691 854 de
1723 800 1839 854 sole
1868 799 2019 853 dica-

413 918 533 954 mus
571 907 624 954 et
654 900 812 952 luna:
856 898 1083 972 dignum
1135 905 1237 960 est,
1272 906 1328 949 ut
1353 896 1464 963 jam
1499 910 1620 947 cum
1663 893 2016 962 processione

415 995 746 1050 lectionisad
768 993 1174 1061 susceptionem
1207 991 1527 1044 eorumdem
1560 989 1912 1043 luminarium
1936 989 2020 1044 fo—

417 1103 500 1138 ras
522 1099 880 1154 properemus
904 1081 1110 1143 anheli,
1153 1080 1222 1133 de
1253 1079 1456 1150 quibus
1489 1078 1779 1132 Dominus:
1836 1079 2015 1146 Fiant,

415 1181 613 1250 inquit,
655 1180 956 1232 luminaria
988 1180 1046 1229 in
1070 1177 1417 1240 ﬁrmamento
1443 1177 1579 1229 cwli.
1602 1177 1768 1238 Dixit,
1797 1181 1849 1229 et
1871 1177 2020 1240 facta

413 1283 540 1329 sunt
569 1275 718 1335 (Gen.
756 1273 811 1336 ι).
859 1271 984 1325 Post
1015 1270 1251 1340 primum
1281 1285 1518 1340 namque
1551 1269 1699 1323 vocis
1724 1269 2019 1324 Dominicaa

417 1366 755 1429 mandatum,
792 1362 1229 1432 unumquodque
1263 1361 1316 1415 in
1362 1377 1462 1416 suo
1497 1361 1692 1415 ordine
1734 1361 2022 1416 videbatur

413 1469 534 1507 esse
557 1454 814 1516 locatum,
842 1451 914 1504 ita
927 1450 1280 1504 utsicutolim
1299 1449 1796 1520 antiquadivinitas
1810 1466 2016 1520 pmor-

413 1546 714 1607 tlinaverat,
777 1541 1212 1611 unumquodque
1266 1540 1320 1593 in
1353 1555 1453 1594 suo
1503 1540 1623 1595 loco
1673 1550 1726 1594 et
1772 1547 2018 1612 tempore

413 1650 631 1704 semper
677 1632 886 1686 oriatur
915 1638 970 1684 et
997 1629 1232 1684 occidat.
1263 1629 1559 1682 Sciendum
1573 1637 1656 1682 est
1686 1629 1833 1682 enim
1866 1629 2014 1700 quia,

411 1725 551 1776 sicut
575 1722 628 1774 in
663 1721 838 1790 prima
869 1719 958 1772 die
990 1718 1114 1771 caeli
1155 1717 1392 1772 distenta
1419 1725 1503 1770 est
1534 1717 1714 1786 pellis,
1745 1717 1824 1770 sic
1855 1717 2017 1770 etiam

413 1821 605 1884 quarta
645 1811 734 1864 die
773 1809 970 1864 vestita
1000 1817 1084 1862 est
1122 1809 1316 1873 stellis,
1359 1808 1596 1879 ideoque
1639 1808 1834 1878 pellem
1878 1810 2019 1864 hanc

413 1903 649 1959 ρωιοίΗί
685 1918 899 1972 possem
943 1915 1262 1971 comparare
1292 1900 1338 1954 si
1383 1901 1604 1966 vellem,
1634 1901 1703 1956 de
1740 1917 1849 1972 quo
1879 1901 2020 1955 scri-

415 2005 565 2067 ptum
595 2005 708 2050 est:
755 1995 1058 2048 Extendens
1083 1995 1275 2048 caelum
1301 1997 1444 2048 sicut
1468 1996 1660 2062 pellem
1689 1994 1854 2064 (Psal.
1886 1997 2020 2065 cm).

415 2086 544 2150 Sed,
565 2085 694 2139 licet
717 2085 771 2137 in
795 2086 989 2138 eodem
1019 2083 1158 2137 coelo
1185 2083 1271 2136 vel
1304 2083 1447 2152 pelle
1477 2083 1658 2137 adhuc
1687 2083 1918 2138 diversae
1940 2083 2025 2136 in-

417 2175 534 2228 lixa?
575 2180 702 2226 sunt
727 2171 919 2238 stellae,
953 2171 1032 2225 sol
1069 2178 1252 2224 tamen
1283 2171 1484 2226 etluna
1515 2171 1727 2226 caeteris
1752 2172 2028 2230 sideribus

416 2285 482 2322 eo
516 2267 689 2339 magis
717 2265 972 2320 videntur
995 2265 1317 2335 principari,
1350 2281 1460 2336 quo
1500 2264 1711 2321 Christo
1740 2275 1796 2321 et
1837 2267 2022 2323 Eccle-

414 2359 510 2410 siae
541 2371 648 2410 non
685 2355 986 2426 incongrue
1011 2361 1241 2424 possunt
1267 2355 1594 2423 comparari.
1623 2355 1774 2409 Sicut
1795 2357 1941 2410 enim
1972 2356 2026 2410 in

418 2447 760 2500 lirmamento
787 2445 911 2500 cmli
940 2445 1158 2498 duobus
1186 2443 1294 2498 illis
1323 2443 1687 2500 luminaribus
1715 2446 1865 2500 nulla
1896 2445 2032 2500 stel-

415 2543 590 2596 larum
621 2549 869 2597 creatura
898 2541 1148 2595 claritate
1185 2541 1402 2595 videtur
1442 2541 1695 2608 eximior,
1728 2542 1806 2596 sic
1847 2543 1900 2597 in
1936 2542 2030 2597 fir-

417 2639 691 2685 mamento
727 2629 980 2684 Ecclesize
1012 2628 1229 2682 duabus
1260 2628 1346 2682 his
1381 2630 1638 2703 personis
1669 2631 1818 2686 nulla
1851 2640 2032 2700 potest

413 2737 540 2777 esse
579 2719 906 2775 sublimior:
941 2721 1194 2790 quamvis
1213 2719 1356 2775 sicut
1383 2722 1537 2775 stella
1577 2722 1645 2776 ab
1672 2725 1826 2778 stella
1854 2725 2030 2794 dzﬂ‘ert

415 2815 473 2864 in
502 2812 751 2865 claritate
780 2812 818 2876 (Ι
846 2813 957 2864 Cor.
980 2820 1090 2873 xvi;
1135 2809 1205 2862 ita
1247 2809 1489 2863 Christus
1533 2810 1786 2867 Ecclesiae
1817 2815 2026 2870 caelesti

418 2901 1076 2975 prieemineatdignitate.
1095 2900 1249 2956 Unde
1277 2903 1578 2956 notandum
1605 2912 1710 2970 est,
1734 2907 2028 2976 quod,sic-

417 3006 474 3049 ut
499 2994 552 3048 in
575 2992 856 3048 creatione
881 2992 1067 3046 saeculi
1100 3007 1240 3047 nova
1267 2992 1388 3047 luce
1418 3009 1592 3048 novus
1623 2997 1861 3050 mundus
1889 2999 2026 3052 emi-

2121 531 2232 576 est:
2287 529 2354 577 In
2399 539 2610 578 omnem
2665 531 2868 580 terram
2930 529 3097 580 exiuit
3143 543 3308 583 sonus
3349 543 3534 586 eorum
3568 531 3760 598 (Psat.

2121 613 2289 682 xviii).
2330 612 2512 666 Nostis
2563 613 2792 683 quippe,
2825 614 2978 684 quia,
3031 615 3174 670 sicut
3228 615 3510 688 Scriptura
3563 627 3761 675 testa-

2121 712 2211 760 tur
2239 705 2424 759 divina
2460 710 2596 768 (Act.
2637 706 2731 775 IV),
2767 721 2864 775 per
2899 706 3071 761 solem
3118 714 3173 762 et
3216 707 3401 763 lunam
3433 712 3764 782 apostolica

2119 797 2280 851 nobis
2309 796 2836 866 praemonstrabatur
2863 797 3132 864 doctrina,
3173 799 3219 853 si
3271 807 3450 856 tamen
3479 804 3763 874 exemplo

2119 889 2334 944 illorum
2369 889 2528 944 nobis
2553 889 2622 942 sit
2660 904 2750 944 cor
2778 907 2957 946 unum
2995 898 3047 947 et
3083 895 3274 948 anima
3305 910 3440 960 una,
3495 912 3759 967 quorum

2118 981 2369 1035 doctrina
2405 981 2577 1056 fulget
2618 983 2673 1036 in
2733 983 2976 1040 Ecclesia
3030 994 3088 1040 ut
3151 986 3233 1041 sol
3273 993 3329 1042 et
3380 987 3532 1043 luna.
3577 988 3761 1046 Unde

2120 1095 2348 1137 necesse
2399 1088 2483 1136 est
2507 1089 2566 1137 ut
2594 1089 2648 1136 et
2683 1091 2764 1150 tu,
2815 1084 3140 1152 Christiane,
3185 1087 3298 1155 jam
3325 1089 3474 1158 apud
3520 1097 3578 1144 te
3609 1091 3762 1144 dili-

2117 1174 2336 1248 gentius
2365 1189 2567 1244 penses
2601 1177 2839 1246 qualiter
2864 1177 2981 1232 hmc
3009 1179 3118 1234 duo
3148 1179 3443 1236 luminaria
3485 1197 3588 1251 per
3615 1182 3760 1238 dies

2119 1279 2182 1317 ac
2212 1271 2422 1329 noctes,
2451 1279 2550 1334 per
2575 1279 2751 1320 annos
2780 1265 3193 1340 distinguuntur
3228 1276 3282 1322 et
3310 1284 3554 1336 menses,
3585 1287 3754 1341 quo-

2123 1353 2267 1406 niam
2321 1353 2564 1408 Christus
2616 1363 2670 1409 et
2717 1355 2957 1410 Ecclesia
2993 1358 3061 1411 ad
3101 1358 3444 1414 irradiandos
3483 1359 3756 1416 ﬁdelium

2121 1448 2336 1502 animos
2362 1456 2415 1502 et
2441 1449 2818 1516 illustrandos,
2846 1451 3008 1506 nobis
3030 1453 3286 1508 similiter
3305 1461 3466 1509 erunt
3494 1455 3552 1509 in
3576 1456 3760 1528 signa

2119 1549 2172 1591 et
2208 1546 2476 1608 tempora,
2527 1538 2646 1592 dies
2685 1547 2740 1594 et
2765 1555 2960 1594 annos.
2995 1541 3130 1606 Quia
3169 1542 3317 1596 enim
3357 1543 3440 1598 sol
3496 1551 3552 1598 et
3599 1545 3757 1600 luna

2120 1629 2314 1685 Christi
2369 1639 2422 1685 et
2469 1631 2724 1686 Ecclesiae
2779 1639 2966 1704 typum
3036 1641 3258 1707 gerunt,
3317 1651 3426 1691 non
3459 1637 3758 1694 immerito

2045 1741 2096 1807 Β
2118 1720 2278 1774 nobis
2305 1719 2360 1772 in
2385 1719 2546 1789 signa
2567 1727 2622 1774 et
2663 1729 2930 1790 tempora,
2958 1722 3167 1786 etdies,
3198 1730 3252 1777 et
3294 1739 3474 1778 annos
3497 1725 3757 1780 ulterius

2119 1816 2301 1874 erunt,
2333 1825 2462 1880 qma
2491 1809 2632 1864 sicut
2684 1810 2766 1864 sol
2795 1816 2851 1864 et
2880 1811 3009 1865 luna
3054 1811 3216 1866 nobis
3257 1813 3501 1868 exterius
3543 1817 3752 1886 quoti-

2121 1903 2302 1958 dianis
2323 1903 2631 1974 fulgoribus
2661 1903 3014 1971 illucescunt,
3068 1906 3146 1960 ita
3177 1906 3420 1962 Christus
3467 1916 3523 1964 et
3549 1909 3754 1966 Eccle-

2125 1992 2204 2047 sia
2226 1991 2428 2046 nostris
2467 1992 2726 2046 cordibus
2754 1993 2971 2048 interna
3007 2009 3232 2065 semper
3259 1996 3379 2051 luce
3405 1998 3751 2056 clarescunt.

2128 2078 2423 2133 Sciendum
2451 2085 2533 2133 est
2551 2079 2758 2150 quippe
2788 2081 2917 2151 quia
2945 2080 3088 2136 sicut
3121 2083 3177 2136 in
3210 2083 3386 2153 prima
3415 2085 3506 2140 die
3527 2088 3752 2146 saeculi.

2126 2173 2318 2225 cretum
2346 2174 2547 2224 creavit
2585 2178 2636 2225 et
2662 2177 2863 2226 terram
2889 2174 3043 2239 (Gen.
3076 2176 3137 2241 ι),
3177 2175 3256 2229 sic
3284 2183 3476 2245 quarta
3525 2178 3621 2234 die
3653 2180 3752 2235 lu-

2127 2274 2242 2312 cem
2277 2259 2438 2313 nobis
2469 2259 2638 2314 voluit
2667 2261 2873 2314 donare
2912 2277 3231 2332 supernam,
3260 2267 3484 2335 quando
3511 2269 3578 2322 ad
3613 2269 3750 2324 illu-

2133 2347 2420 2401 minandas
2468 2348 2738 2404 triduana:
2768 2349 3023 2424 caliginis
3051 2352 3276 2408 umbras
3315 2356 3602 2428 nubesque
3635 2375 3746 2414 no-

2129 2435 2321 2502 vellas,
2369 2443 2563 2506 quarto
2601 2437 2691 2492 die
2728 2439 3034 2508 producere
3086 2441 3347 2515 dignatus
3396 2451 3482 2498 est
3538 2445 3746 2509 solem,

2134 2529 2318 2582 lunam
2349 2536 2406 2583 et
2443 2530 2629 2584 stellas
2669 2535 2811 2599 (Gen.
2861 2533 2962 2603 Ill).
3019 2532 3172 2588 Unde
3203 2534 3330 2590 licet
3381 2537 3488 2592 alia
3524 2538 3750 2594 claritas

2133 2623 2202 2677 sit
2239 2623 2392 2692 solis,
2423 2624 2528 2678 alia
2567 2624 2732 2692 lunae,
2767 2627 2874 2680 alia
2921 2627 3224 2696 stellarum,
3280 2631 3508 2705 dignum
3556 2639 3746 2688 tamen

2132 2721 2214 2768 est
2236 2724 2294 2770 ut
2325 2731 2427 2771 nos
2451 2717 2753 2772 claritatem
2794 2719 3042 2774 omnium
3073 2720 3142 2774 ad
3183 2721 3416 2776 salutem
3457 2725 3748 2780 trahamus

2129 2811 2462 2878 animarum,
2496 2820 2768 2884 quatenus
2823 2815 3016 2868 aeterni
3046 2815 3271 2870 luminis
3301 2817 3465 2872 nobis
3515 2819 3749 2877 alﬂante

2127 2899 2450 2970 Spiramine,
2473 2901 2540 2955 ab
2569 2902 3031 2975 utroquelumine
3068 2921 3300 2976 corpora
3331 2916 3514 2964 nostra
3536 2908 3746 2964 illumi-

2129 2998 2330 3045 nentur
2353 3000 2408 3046 et
2435 2993 2654 3048 animai.
2688 2995 2922 3068 Dignum
2952 2995 3162 3067 quippe
3194 3003 3280 3052 est
3311 3004 3371 3052 ut
3402 3015 3500 3070 pro
3528 3000 3744 3055 illumi—

416 3089 551 3153 cuit,
585 3087 665 3141 sic
703 3087 756 3140 in
796 3086 1052 3158 passione
1091 3102 1190 3140 sua
1229 3086 1476 3141 Christus
1517 3088 1812 3143 Ecclesiam
1873 3093 2024 3149 radio
2049 3094 2098 3162 C
2126 3081 2402 3148 nausiam
2459 3081 2528 3136 ab
2559 3090 2766 3138 εθίετηο
2815 3084 3024 3138 lumine
3055 3085 3383 3156 corporibus
3422 3090 3628 3144 nostris
3685 3101 3744 3146 ει

413 3181 517 3236 sibi
547 3195 701 3234 novae
722 3177 984 3232 claritatis
1013 3177 1300 3248 applicuit,
1324 3178 1398 3232 ita
1426 3186 1483 3234 ut
1513 3179 1567 3232 in
1591 3189 1818 3238 externo
1847 3185 2024 3254 gemi-

415 3281 498 3318 na)
525 3263 840 3319 dilectionis
857 3263 1053 3319 affectu
1083 3281 1180 3334 per
1209 3267 1525 3336 mysterium
1559 3269 1737 3324 crucis
1775 3272 1912 3326 alter
1933 3274 2020 3328 al-

412 3355 712 3423 teriusjam
741 3355 1046 3409 delectetur
1075 3363 1323 3425 aspectu.
1347 3358 1467 3428 Ipse
1490 3359 1660 3426 enim,
1686 3367 1782 3431 qui
1798 3365 1868 3418 ad
1895 3382 2024 3421 cur-

412 3446 639 3497 rentia-in
664 3446 812 3498 viam
833 3443 1106 3514 passionis
1135 3445 1264 3500 olim
1286 3451 1574 3503 exsultavit
1601 3457 1661 3504 ut
1679 3455 1828 3520 gigas
1850 3454 2018 3521 (Psal.

412 3540 583 3599 XVlltl,
617 3533 671 3586 in
713 3549 804 3587 ara
845 3533 1044 3599 crucis,
1076 3535 1208 3589 solis
1238 3543 1292 3589 et
1352 3537 1518 3603 lunae,
1569 3540 1684 3595 sive
1743 3544 1932 3612 sponsi
1967 3551 2021 3599 et

409 3637 628 3691 sponsa:
667 3622 924 3692 COpulare
985 3622 1240 3695 dignatus
1270 3634 1350 3679 est
1382 3623 1538 3700 bigas
1571 3629 1772 3698 typice,
1806 3632 2019 3688 scilicet

409 3716 572 3770 nobis
626 3717 914 3770 insinuans
951 3718 1099 3788 quod
1154 3717 1229 3770 illi
1265 3718 1547 3774 verissime
1589 3721 1784 3778 Christi
1827 3733 1881 3780 et
1913 3727 2015 3780 Ec-

408 3806 590 3860 clesiae
620 3805 785 3861 tidem
829 3807 1030 3862 habere
1060 3809 1376 3875 creduntur,
1410 3811 1502 3880 qui
1555 3813 1608 3866 in
1641 3812 1853 3870 Christo
1884 3816 2016 3872 Jesu

407 3901 643 3976 gemina:
691 3901 1005 3957 dilectionis
1051 3902 1176 3976 biga
1225 3912 1508 3978 reguntur.
1563 3905 1642 3959 Ad
1676 3907 1777 3962 hoc
1807 3909 2016 3981 quippe

408 3992 496 4045 Sol
515 3991 743 4060 justitize
765 3992 1352 4049 tabernaculumsuu-m
1374 3996 1616 4064 ponebat
1634 3999 1807 4052 insole
1823 3999 1966 4068 (ibid.
1982 4005 2013 4061 ).

407 4085 628 4158 quando
661 4101 758 4154 pro
804 4085 1042 4140 humana
1065 4086 1241 4141 salute
1286 4102 1315 4140 a
1343 4087 1582 4142 feminea
1611 4099 1913 4161 conceptus
1939 4100 2020 4146 est

409 4175 588 4248 prole:
637 4182 694 4228 ut
723 4180 777 4228 et
808 4181 884 4237 tu,
922 4175 1106 4242 homo,
1132 4177 1246 4246 jam
1277 4192 1343 4231 eo
1376 4177 1551 4252 magis
1582 4177 1790 4233 laeteris
1822 4180 1875 4233 in
1908 4181 2018 4236 Deo

404 4267 627 4322 salutari
655 4276 768 4332 tuo,
801 4267 1061 4338 quoniam
1105 4267 1268 4333 Deus,
1299 4284 1400 4338 pro
1431 4275 1481 4323 te
1505 4277 1766 4340 tanquam
1795 4288 2018 4342 sponsus

410 4357 674 4429 processit
701 4359 765 4412 de
802 4359 1041 4412 thalamo
1065 4373 1163 4412 suo
1201 4358 1396 4428 (ibid.).
1431 4359 1586 4413 Unde
1613 4361 1899 4416 sciendum
1933 4369 2016 4417 est

408 4447 591 4514 nobis,
625 4447 772 4518 quia,
805 4445 850 4499 si
872 4445 1045 4501 solem
1080 4447 1227 4500 hunc
1254 4447 1526 4502 visibilem
1561 4449 1820 4504 invisibili
1855 4467 2013 4507 com-

407 4551 728 4607 pararemus
757 4534 892 4598 Soli,
936 4551 1284 4607 nequaquam
1319 4536 1373 4591 in
1429 4539 1533 4593 hoc
1575 4541 1894 4610 prophetico
1935 4542 2013 4595 vi-

407 4627 604 4682 demur
643 4643 871 4700 regnare
897 4641 1174 4693 sermone,
1199 4627 1292 4699 qui
1325 4627 1506 4683 Solem
1547 4628 1881 4684 invisibilem
1914 4631 2017 4685 hu-

404 4733 580 4772 mana:
612 4716 900 4770 insinuans
929 4715 1158 4783 notitiae,
1211 4719 1544 4782 timentibus,
1605 4718 1800 4789 inquit,
1853 4725 2017 4776 Deum

406 4813 612 4866 orietur
638 4811 722 4864 Sol
740 4813 971 4880 justitiae
1001 4809 1248 4880 (Malach.
1293 4815 1384 4878 tv).
1432 4810 1491 4863 In
1531 4827 1690 4865 cursu
1719 4821 1900 4866 autem
1933 4813 2016 4866 lu-

405 4921 509 4972 nae,
538 4922 659 4977 quae
688 4921 790 4960 nos
819 4903 1246 4959 tredeciessolet
1267 4903 1542 4959 illustrare
1575 4921 1674 4976 per
1699 4923 1924 4971 annum,
1950 4907 2014 4961 il-

404 4996 497 5050 lud
532 4997 804 5067 praccipue
836 4995 998 5051 nobis
1028 5003 1112 5051 est
1141 4997 1628 5063 considerandum,
1663 5013 1730 5052 ne
1762 4999 1887 5069 quis
1919 5015 2012 5054 no-

405 5095 578 5142 strum
623 5105 723 5159 per
751 5089 928 5143 varias
979 5089 1315 5145 mutationes
1345 5089 1513 5144 animi
1546 5090 1831 5145 stultitiam
1864 5091 2013 5146 illius

404 5180 672 5234 imitando
702 5189 982 5252 sequatur,
1029 5183 1096 5237 de
1132 5198 1240 5253 quo
1279 5182 1543 5253 scriptum
1599 5190 1680 5238 est
1721 5183 1932 5240 Stultus
1958 5192 2018 5239 ut

407 5270 545 5323 tuna
569 5273 820 5324 mutatur
845 5272 1026 5336 (Eccli.
1063 5277 1252 5340 xxv").
1294 5272 1586 5344 Postquam
1621 5273 1766 5327 enim
1801 5273 1892 5328 Sol
1915 5274 2014 5342 ju-

408 5357 570 5412 stitiae
618 5373 714 5427 per
745 5359 942 5414 divinae
973 5362 1254 5417 charitatis
1284 5363 1627 5430 incendium,
1659 5365 1922 5438 angelicae
1963 5372 2017 5421 et

413 5445 664 5499 humanae
691 5446 1054 5504 dissensionis
1077 5452 1265 5505 lunare
1287 5451 1463 5506 voluit
1487 5453 1760 5508 illustrare
1791 5454 2018 5524 dispen-

409 5535 582 5600 dium,
613 5537 798 5590 statim
831 5539 1132 5608 plenilunio
1155 5541 1282 5596 fidei
1312 5559 1488 5611 novze,
1513 5554 1568 5599 et
1594 5545 1906 5602 dilectionis
1925 5563 2021 5602 an-

407 5625 571 5698 tiquae
605 5641 707 5696 per
735 5629 1088 5696 apostolicam
1122 5633 1567 5702 praedicationem
1599 5638 1894 5704 mentibus,
1918 5639 2021 5693 hu-

409 5721 586 5776 manis
621 5716 799 5773 illuxit
827 5720 1031 5791 uhiquc
1062 5732 1336 5794 quatenus
1360 5727 1427 5779 ad
1449 5726 1632 5783 ﬁdem
1667 5729 1882 5797 Christi,
1920 5733 2021 5787 do-

2124 3168 2438 3237 animabus,
2494 3171 2616 3225 sine
2665 3171 3072 3229 intermissione
3115 3175 3225 3230 Deo
3274 3191 3494 3248 semper
3538 3180 3745 3252 gratias

2124 3277 2372 3336 agamus,
2405 3263 2534 3334 quia
2563 3263 2704 3318 sicut
2731 3265 2786 3318 in
2814 3263 3168 3322 firmamento
3193 3267 3318 3323 caeli
3348 3270 3625 3340 quondam
3649 3287 3743 3327 so-

2124 3354 2230 3408 lem
2271 3361 2325 3409 et
2355 3356 2537 3410 lunam
2569 3364 2764 3426 quarto
2796 3358 2888 3412 die
2910 3358 3212 3414 divinitatis
3241 3361 3411 3417 verbo
3453 3363 3734 3432 produxit,

2120 3439 2201 3496 sic
2239 3441 2294 3494 in
2344 3442 2688 3500 firmamento
2729 3445 2982 3500 Ecclesiae
3026 3462 3264 3517 sponsus
3308 3465 3526 3518 sponsae
3581 3451 3736 3507 radio

2120 3546 2276 3586 nom
2299 3533 2562 3588 claritatis
2604 3534 2801 3603 illuxit,
2841 3536 3063 3607 quando
3098 3537 3240 3592 idem
3291 3538 3437 3594 Deus
3491 3549 3548 3594 et
3570 3542 3734 3598 homo

2120 3623 2184 3676 ad
2220 3623 2652 3698 cruciﬁgendum
2681 3641 2779 3696 pro
2818 3627 2978 3683 nobis
3015 3629 3286 3685 humanos
3323 3631 3523 3687 obtulit
3561 3641 3731 3698 artus,

2118 3729 2217 3782 per
2239 3731 2401 3786 quem
2456 3717 2584 3771 olim
2631 3718 2833 3773 factum
2877 3727 2960 3775 est
3009 3737 3242 3790 vespere
3293 3730 3348 3777 et
3399 3739 3562 3780 mane
3615 3725 3730 3780 dies

2118 3815 2367 3885 quartus.

2189 3902 2328 3974 Ergo
2350 3899 2490 3954 sicut
2515 3899 2582 3954 de
2607 3899 2745 3968 sole,
2782 3901 2910 3956 luna
2927 3908 2985 3956 et
3009 3901 3185 3957 stellis
3209 3904 3563 3960 tractavimus
3588 3905 3726 3971 beri,

2121 3993 2195 4046 ita
2216 3991 2520 4062 temporale
2545 3991 2732 4046 lumen
2753 4001 2808 4046 et
2831 3999 3097 4047 aeternum
3127 3993 3294 4048 hodie
3321 3995 3590 4051 debemus
3613 3995 3740 4050 dili-

2120 4080 2445 4156 gentissime
2477 4080 2700 4145 intueri,
2721 4081 2956 4136 maxime
2984 4098 3108 4136 cum
3135 4098 3233 4152 pro
3267 4091 3500 4155 utroque
3530 4085 3733 4141 lumine

2121 4174 2176 4226 in
2205 4179 2356 4228 tanto
2383 4173 2648 4228 miraculo
2679 4173 2984 4230 debeamus
3031 4174 3240 4230 habere
3271 4175 3648 4244 Conditorem,
3682 4185 3739 4233 ut

2118 4279 2182 4318 ex
2211 4280 2320 4318 uno
2361 4263 2652 4317 credamus
2678 4279 2806 4318 eum
2859 4265 3190 4332 mirabilem,
3225 4267 3270 4320 si
3303 4267 3476 4321 altero
3516 4267 3736 4322 mirabi-

2119 4353 2334 4408 liorem.
2391 4353 2525 4418 Quia
2571 4353 2719 4408 enim
2769 4369 2940 4408 unum
2972 4361 3190 4420 terrena
3231 4362 3468 4420 tantum,
3508 4365 3565 4410 et
3623 4372 3730 4412 non

2039 4419 2094 4486 ί)
2119 4442 2367 4496 caelestia
2403 4443 2658 4507 illustrat,
2705 4441 2852 4496 aliud
2904 4457 3034 4497 vero
3076 4458 3179 4497 nec
3207 4444 3407 4499 caelum
3463 4459 3568 4499 nec
3597 4451 3738 4501 terra

2117 4539 2459 4604 coangustat,
2501 4530 2629 4586 ideo
2667 4531 2710 4584 si
2743 4530 2868 4602 quis
2908 4530 3230 4602 qualitatem
3281 4531 3572 4588 amborum
3609 4535 3736 4590 velit

2122 4639 2354 4696 pensare
2385 4623 2666 4689 subtilius,
2695 4639 2866 4677 unum
2897 4639 3061 4694 quam
3089 4622 3364 4688 mirabile,
3399 4632 3454 4679 et
3487 4625 3640 4680 aliud
3659 4635 3737 4682 est

2119 4716 2442 4770 mirabilius.
2477 4716 2628 4770 Unde
2655 4717 2701 4771 si
2734 4716 3042 4770 mirandum
3071 4723 3156 4771 est
3183 4716 3385 4772 caelum
3431 4717 3576 4772 istud
3609 4717 3732 4772 visi-

2118 4808 2248 4873 bile,
2273 4809 2423 4878 quod
2452 4808 2673 4862 extendi
2699 4808 2914 4862 videtur
2933 4815 2993 4862 ut
3022 4807 3206 4878 pellis,
3237 4824 3339 4878 per
3369 4809 3518 4880 quod
3551 4809 3735 4880 quoti-

2117 4904 2206 4958 die
2231 4903 2571 4959 illustramur
2607 4921 2639 4958 a
2671 4905 2808 4970 sole,
2850 4903 2981 4958 luna
3029 4909 3084 4957 et
3113 4904 3313 4968 stellis,
3365 4905 3541 4959 multo
3566 4905 3735 4974 magis

2115 4996 2438 5051 admiranda
2467 5004 2551 5052 est
2581 4997 2688 5050 Lux
2715 4995 2809 5050 illa
2837 5011 3099 5066 superna,
3121 5011 3222 5066 per
3246 5012 3412 5067 quam
3433 4994 3491 5048 in
3527 4995 3735 5069 angelis

2114 5097 2168 5144 et
2200 5088 2522 5143 hominibus
2568 5087 2764 5144 caelum
2799 5087 3144 5142 illuminatur
3181 5103 3245 5142 ac
3284 5095 3452 5142 terra.
3505 5086 3632 5142 Haec
3657 5095 3736 5144 est

2120 5185 2267 5240 enim
2311 5183 2403 5239 illa
2435 5185 2524 5238 lux
2563 5200 2662 5254 per
2691 5199 2854 5255 quam
2893 5199 3018 5244 nos.
3049 5183 3145 5254 qui
3171 5182 3272 5238 lilii
3301 5183 3440 5238 lucis
3465 5199 3656 5238 sumus
3681 5192 3732 5238 et

2119 5276 2216 5332 ﬁlii
2262 5277 2354 5331 Dei
2385 5277 2720 5348 quandoque
2750 5275 2938 5331 videre
2965 5275 3234 5330 debemus
3271 5274 3574 5330 claritatem
3618 5275 3728 5338 Dei,

2117 5369 2162 5423 si
2203 5375 2386 5422 tamen
2417 5368 2534 5438 ipse
2565 5367 2622 5420 in
2655 5365 2947 5434 nobisjam
2983 5365 3258 5420 illuminet
3293 5365 3621 5421 abscondita
3653 5373 3724 5420 te-

2121 5459 2439 5524 nebrarum,
2481 5457 2573 5528 qui
2611 5471 2713 5512 nos
2739 5457 2793 5510 in
2827 5456 3008 5512 futuro
3043 5455 3412 5510 illustraturus
3441 5464 3524 5510 est
3552 5456 3728 5526 inspe-

2125 5551 2308 5606 ctione
2333 5549 2639 5604 animarum
2663 5555 2996 5603 sanctarum.
3023 5547 3122 5612 Qui
3141 5547 3404 5618 quoniam
3429 5547 3496 5600 ad
3521 5561 3725 5622 cogno-

2122 5642 2382 5697 scendam
2415 5641 2554 5696 lucis
2608 5647 2887 5710 perpetuae
2926 5641 3233 5706 veritatem,
3275 5639 3618 5711 temporanci
3648 5639 3726 5694 lu-

2125 5732 2289 5786 minis
2317 5732 2477 5786 istius
2512 5731 2860 5786 umbratilem
2893 5730 3054 5786 nobis
3087 5730 3259 5786 voluit
3277 5745 3592 5802 prterogare
3620 5729 3724 5784 cla-
