4006 6198
283 356 389 410 985

1349 351 1470 405 LIB.
1514 350 1595 404 DE
1632 347 1964 404 MYSTERIO
2006 347 2181 402 LIGNI
2226 345 2542 400 DOMlNlCl.

3497 347 3602 401 986

283 490 523 547 ritatem,
553 483 783 556 dignum
804 489 903 546 est,
930 481 1059 535 dum
1084 480 1138 534 in
1161 480 1263 534 hac
1296 479 1416 533 luce
1445 479 1700 541 vivimus,
1733 476 1894 531 bonis
1923 484 1968 547 Α
1999 475 2070 529 ita
2092 474 2265 528 Judaei
2298 489 2420 528 cum
2453 472 2614 526 caecis
2644 470 2753 524 illis
2784 472 3119 544 evangelicis
3147 473 3202 526 in
3238 473 3598 542 praecipitium

285 572 547 641 operibus
586 570 720 624 illud
750 585 972 640 semper
992 569 1272 623 elaborare
1297 569 1640 633 studeamus,
1672 576 1730 623 ut
1769 584 1891 622 cum

287 677 351 714 ex
386 662 486 715 hac
523 660 629 714 vita
658 658 1099 730 migraverimus,
1132 658 1198 711 ad
1239 667 1497 711 aeternam
1544 659 1721 712 lucem
1775 674 1896 727 per-

289 754 476 806 venire
517 754 814 806 valeamus.
857 751 1154 805 Sciendum
1210 759 1293 803 est
1323 766 1564 821 namque
1598 750 1725 820 quia
1754 750 1895 805 sicut

289 858 396 894 una
436 842 529 895 lux
562 857 727 911 parva
756 847 862 904 est,
892 847 946 893 et
984 839 1087 893 alia
1126 854 1344 912 magna,
1375 838 1454 893 sic
1484 854 1592 891 una
1632 838 1891 893 nimirum

286 930 492 1001 indiga,
528 936 581 983 et
613 929 717 982 alia
745 938 827 981 est
859 928 1108 998 prodiga,
1141 927 1349 997 quippe
1365 928 1625 997 quoniam
1658 927 1750 982 illa
1772 943 1893 998 quae

286 1022 514 1095 prodiga
554 1029 657 1085 est,
698 1020 860 1075 bonis
889 1018 1148 1074 omnibus
1177 1020 1421 1074 abundat
1447 1027 1501 1075 et
1538 1020 1891 1091 superabun-

285 1112 398 1176 dat,
424 1112 553 1165 dum
586 1127 648 1164 ex
677 1126 743 1165 eo
775 1111 922 1181 quod
958 1111 1121 1164 habet
1143 1111 1235 1164 dat
1263 1110 1538 1166 omnibus.
1576 1112 1726 1167 Unde
1757 1128 1896 1183 quo-

286 1203 431 1256 niam
464 1203 607 1256 inter
629 1203 743 1256 hinc
770 1202 880 1256 duo
910 1202 1116 1257 lumina
1157 1202 1280 1256 talis
1318 1211 1401 1256 est
1450 1203 1601 1268 talio,
1642 1214 1703 1259 ut
1745 1205 1893 1276 quod

287 1308 399 1346 non
432 1291 666 1344 habetur
688 1291 745 1343 in
797 1306 908 1345 uno
948 1291 1260 1346 inveniatur
1288 1292 1344 1345 in
1393 1292 1521 1359 alio,
1555 1309 1784 1347 necesse
1813 1304 1896 1349 est

287 1386 345 1433 ut
375 1395 472 1448 per
522 1379 625 1433 hoc
676 1378 859 1433 lumen
893 1379 1041 1449 quod
1091 1380 1203 1449 jam
1261 1379 1530 1433 habemus
1560 1380 1616 1433 in
1650 1396 1730 1446 re,
1766 1396 1894 1450 pro-

286 1487 548 1541 peremus
577 1472 645 1525 ad
685 1473 833 1526 aliud
892 1474 1039 1543 quod
1071 1474 1252 1527 adhuc
1282 1483 1662 1545 exspectamus
1694 1476 1747 1530 in
1771 1491 1889 1546 Spe.

285 1561 583 1614 Sciendum
616 1568 698 1614 est
736 1563 941 1631 quippe
969 1563 1098 1632 quia
1129 1563 1255 1617 licet
1284 1579 1394 1617 uno
1424 1564 1587 1619 modo
1620 1565 1894 1620 illumine-

285 1664 411 1702 mur
434 1649 502 1701 ab
525 1649 654 1713 alio,
679 1656 734 1704 et
766 1650 873 1704 alio
888 1651 958 1703 ab
980 1650 1102 1709 isto.
1139 1659 1436 1723 utrumque
1465 1660 1647 1707 tamen
1672 1670 1898 1725 sperare

283 1736 558 1792 debemus
589 1762 613 1788 Α
648 1737 882 1802 Christo,
915 1740 1179 1809 quoniam
1230 1740 1370 1811 ipse,
1406 1757 1437 1795 a
1469 1757 1577 1809 quo
1622 1759 1787 1796 unum
1819 1745 1903 1798 lu-

285 1845 413 1883 men
448 1829 716 1883 habemus
766 1831 1162 1897 temporaliter,
1215 1848 1339 1886 cum
1381 1833 1536 1888 Patre
1587 1842 1641 1888 et
1693 1835 1899 1905 Spiritu

283 1920 436 1975 aliud
466 1920 631 1975 habet
661 1921 1017 1975 zelernaliter.
1053 1922 1206 1978 Sicut
1232 1924 1379 1977 enim
1411 1924 1468 1978 in
1490 1926 1670 1981 tribus
1700 1943 1897 1997 perso-

285 2011 374 2064 nis
394 2011 698 2065 secundum
728 2017 974 2065 naturam
1005 2011 1309 2067 divinitatis
1340 2030 1508 2068 unum
1541 2025 1627 2070 est
1670 2032 1896 2084 numen,

284 2102 360 2155 ita
409 2119 462 2155 in
506 2102 613 2155 illis
642 2117 752 2156 non
795 2103 894 2157 tria
947 2103 1171 2168 lumina,
1231 2104 1327 2158 sed
1368 2121 1537 2160 unum
1569 2118 1653 2162 est
1694 2109 1901 2176 lumen,

285 2194 435 2263 quod
481 2200 662 2248 tamen
714 2210 781 2249 eo
812 2195 988 2268 magis
1035 2195 1173 2249 solet
1216 2212 1327 2266 prie
1365 2199 1585 2253 caeteris
1615 2214 1903 2255 coruscare

286 2285 610 2352 luminibus,
652 2302 761 2357 quo
812 2287 990 2356 ipsum
1032 2287 1308 2343 illuminat
1355 2290 1626 2357 homines,
1682 2300 1736 2346 et
1792 2309 1901 2347 non

282 2375 628 2430 illuminatur
668 2376 735 2430 ab
782 2376 1121 2432 hominibus.
1186 2379 1423 2434 Proinde
1479 2380 1608 2435 licet
1665 2381 1798 2435 nihil
1832 2384 1903 2439 sit

279 2468 433 2537 quod
470 2468 651 2521 eidem
680 2467 874 2522 lumini
924 2469 1095 2541 digne
1138 2471 1414 2540 possimus
1452 2488 1692 2543 aequare,
1736 2491 1900 2544 quas-

284 2556 413 2609 dam
446 2561 625 2609 tamen
656 2557 875 2626 species
913 2558 1100 2629 aliquo
1144 2560 1311 2614 modo
1357 2561 1407 2615 ei
1439 2560 1708 2616 debemus
1743 2578 1897 2617 com-

287 2663 504 2717 parare,
537 2657 597 2702 ut
626 2647 842 2703 facilius
885 2649 1121 2723 intelligi
1166 2651 1338 2720 possit
1373 2667 1473 2723 per
1525 2654 1716 2707 eadem
1765 2655 1900 2708 aani-

284 2746 474 2808 gmata
528 2752 730 2798 rerum,
791 2738 938 2807 quod
999 2738 1127 2793 huic
1166 2739 1274 2794 luci
1315 2741 1522 2795 visibili
1577 2741 1765 2812 dispar
1818 2751 1900 2797 est

282 2826 473 2880 lumen
545 2826 836 2891 luminum,
900 2835 955 2882 et
1014 2829 1135 2883 dies
1189 2831 1423 2885 dierum.
1488 2833 1686 2887 Eadem
1746 2835 1893 2887 enim

282 2915 660 2986 discrepantia
701 2917 765 2987 (si
795 2917 903 2971 dici
950 2917 1153 2987 liceat),
1187 2927 1271 2974 est
1301 2921 1355 2973 in
1401 2920 1644 2976 hacluce
1674 2924 1896 2995 gemina

285 3019 413 3074 quae
446 3004 501 3057 in
538 3006 783 3059 masculo
814 3005 1226 3061 demonstratur
1271 3024 1335 3062 ac
1374 3007 1599 3075 femina,
1648 3027 1883 3080 praeser-

278 3091 379 3145 tim
413 3107 537 3146 cum
568 3091 752 3146 minor
780 3092 973 3159 majori
1006 3094 1199 3151 eodem
1251 3097 1414 3151 modo
1454 3098 1798 3168 subjiciatur,
1839 3109 1896 3155 ut

276 3183 500 3252 Opinor,
536 3197 647 3253 quo
679 3199 814 3237 uxor
842 3185 957 3239 viro
990 3202 1102 3241 non
1142 3187 1317 3254 major
1352 3188 1570 3243 videtur
1599 3206 1741 3257 esse,
1796 3191 1894 3246 sed

274 3275 480 3329 minor.
521 3276 787 3330 Praeterea
847 3293 976 3332 vero
1020 3279 1162 3334 sicut
1214 3280 1509 3335 maximum
1552 3299 1583 3337 a
1637 3283 1891 3351 minimo,

274 3375 340 3419 ut
368 3382 629 3437 magnum
663 3367 833 3422 distat
872 3386 903 3422 a
933 3369 1157 3439 pusillo,
1190 3372 1265 3426 ita
1305 3372 1513 3427 distare
1542 3374 1758 3429 videtur
1810 3376 1893 3430 lu-

278 3472 408 3510 men
434 3457 536 3510 hoc
561 3457 629 3510 ab
653 3457 768 3524 illo,
798 3458 927 3529 quia
957 3459 1394 3531 licetutrumque
1426 3463 1891 3521 nobiscoruscare

276 3548 531 3602 videatur
557 3565 588 3602 a
619 3548 853 3617 Christo,
884 3551 1059 3619 major
1105 3561 1289 3606 tamen
1329 3553 1504 3625 gratia
1548 3555 1706 3610 nobis
1753 3558 1895 3613 solet

276 3641 348 3693 ab
384 3640 476 3695 illo
508 3642 798 3710 provenire
825 3659 987 3714 quam
1019 3644 1141 3697 isto.
1176 3644 1475 3698 Sciendum
1492 3652 1573 3700 est
1594 3649 1740 3703 enim
1764 3652 1894 3722 quia

279 3738 547 3800 quantum
602 3731 866 3787 differunt
903 3750 935 3787 a
987 3734 1303 3789 carnalibus
1351 3736 1683 3805 spiritualia,
1735 3747 1789 3793 et
1827 3740 1895 3793 ab

278 3818 645 3875 inferioribus
676 3836 955 3891 .superna,
991 3829 1201 3876 tantum
1253 3823 1344 3876 lux
1384 3823 1489 3879 ista
1521 3827 1840 3896 temporalis
1869 3845 1898 3882 a

278 3911 404 3964 luce
433 3910 599 3965 distat
637 3921 865 3977 aeterna,
898 3913 1133 3967 maxime
1192 3928 1315 3967 cum
1366 3915 1435 3968 ad
1467 3916 1726 3969 eumdem
1776 3932 1896 3971 mo-

275 4003 407 4056 dum
465 4003 707 4057 coelestia
758 4003 1012 4069 terrenis,
1046 4010 1101 4057 et
1157 4019 1370 4058 summa
1409 4020 1521 4060 non
1570 4007 1901 4061 conveniant

274 4094 427 4160 imis,
487 4111 597 4165 quo
659 4096 837 4166 prima
907 4112 1016 4150 non
1072 4097 1412 4151 conveniunt
1452 4098 1790 4165 novissimis,
1851 4116 1906 4173 et

276 4188 580 4243 novissima
637 4190 849 4260 primis.
883 4192 1074 4246 Adhuc
1126 4192 1292 4246 etiam
1344 4192 1538 4247 eodem
1592 4194 1757 4249 modo
1812 4193 1903 4249 lux

280 4296 393 4334 una
418 4280 581 4336 distat
608 4280 676 4335 ab
707 4282 834 4346 alia,
876 4298 986 4353 quo
1012 4283 1238 4353 spiritus
1268 4300 1299 4337 a
1331 4284 1509 4338 littera
1537 4285 1624 4339 vel
1664 4302 1895 4356 granum

279 4370 562 4441 discrepat
590 4389 621 4426 a
674 4373 852 4442 palea,
884 4388 953 4427 ne
992 4380 1048 4428 et
1086 4390 1189 4429 nos
1219 4390 1371 4430 more
1409 4375 1727 4431 Judaeorum
1769 4393 1897 4450 gra-

1995 564 2222 630 vadunt,
2280 563 2350 616 de
2408 561 2610 632 quibus
2647 560 2907 630 scriptum
2964 569 3074 614 est:
3131 562 3190 616 Si
3244 578 3414 616 caecus
3467 578 3602 618 amco

1993 657 2259 710 ducatum
2292 654 2601 723 praebuerit,
2632 653 2787 707 ambo
2824 656 2881 705 in
2932 654 3141 718 foveam
3194 654 3396 707 cadunt
3428 654 3599 723 (Matt.

1994 743 2105 811 xv).
2138 741 2436 796 Christiani
2467 741 2626 794 amcis
2656 740 2767 794 illis
2795 755 3017 810 semper
3032 738 3276 792 arrident
3305 741 3374 793 de
3402 742 3603 811 quibus

1993 832 2256 902 scriptum
2312 838 2425 886 est:
2495 833 2629 885 ϐα)σὶ
2688 831 2869 883 vident
2927 830 3095 897 (Matt.
3149 829 3245 897 χι),
3306 828 3376 882 ita
3425 830 3603 884 Judaei

1996 939 2169 995 usque
2208 924 2264 976 in
2320 923 2453 977 iram
2505 920 2997 976 consummationis
3045 919 3206 974 cmcis
3246 919 3356 973 illis
3393 919 3605 974 similes

1994 1026 2176 1083 erunt,
2231 1018 2301 1073 de
2339 1018 2543 1089 quibus
2589 1017 2818 1071 dicitur:
2872 1017 3055 1071 Oculos
3080 1016 3277 1069 habent
3308 1022 3357 1069 et
3385 1030 3495 1070 non
3521 1018 3602 1069 vi-

1993 1111 2195 1164 debunt
2235 1110 2340 1181 (Ps.
2373 1110 2543 1179 CXIII).
2589 1108 2724 1171 Quia
2773 1107 2919 1161 enim
2961 1107 3137 1161 Judaei
3200 1122 3309 1161 non
3370 1122 3604 1177 conjun-

1994 1211 2200 1273 guntur
2242 1201 2580 1267 Christianis,
2620 1216 2723 1255 nec
2769 1198 3059 1253 Christiani
3089 1198 3316 1261 Judzeis,
3352 1199 3476 1253 ideo
3517 1198 3604 1253 lu-

1995 1306 2122 1343 men
2148 1290 2395 1344 veritatis
2426 1291 2609 1344 datum
2651 1297 2734 1344 est
2763 1288 2943 1350 nobis,
2990 1293 3044 1341 et
3091 1287 3333 1341 ablatum
3370 1294 3453 1341 est
3485 1287 3599 1354 cis;

1994 1380 2244 1449 quamvis
2279 1379 2440 1432 etiam
2504 1378 2607 1449 ipsi
2637 1377 2970 1448 quandoque
3038 1376 3249 1430 Patrem
3305 1383 3358 1429 et
3407 1376 3602 1433 Filium

1994 1469 2238 1524 debeant
2290 1470 2519 1524 adorare
2553 1469 2861 1531 nobiscum,
2903 1468 3130 1539 impleto
3175 1468 3323 1537 quod
3356 1467 3559 1522 dicitur
3590 1484 3603 1524 :

2002 1568 2061 1616 Ut
2091 1570 2409 1631 cognoscant
2438 1565 2671 1617 tesolum
2693 1577 2882 1616 verum
2905 1566 3091 1627 Deum,
3116 1567 3185 1625 et,
3213 1575 3369 1629 quem
3388 1563 3604 1625 misisti,

1997 1658 2178 1709 Iesum
2216 1657 2487 1709 Christum
2510 1654 2685 1719 (Joan.
2710 1660 2785 1712 ii).
2827 1652 2930 1705 Sed
2972 1652 3259 1705 sciendum
3288 1651 3438 1722 quia,
3478 1651 3609 1706 licet

2004 1741 2059 1794 in
2086 1743 2346 1812 mysterio
2368 1742 2547 1796 crucis
2572 1741 2720 1795 aliud
2760 1740 3005 1794 sentiant
3036 1738 3352 1804 Christiani,
3381 1746 3435 1791 et
3457 1737 3606 1791 aliud

2002 1832 2197 1899 Judaei,
2223 1840 2611 1888 omnestamen
2634 1839 3002 1902 peccaverunt
3024 1837 3078 1884 et
3106 1839 3272 1903 egent
3292 1830 3466 1903 gloria
3488 1829 3607 1895 Dei,

2002 1923 2074 1978 ita
2102 1932 2161 1978 ut
2189 1940 2417 1979 necesse
2448 1925 2518 1978 sit
2556 1924 2819 1979 omnibus
2843 1922 3133 1991 justificari
3164 1922 3333 1993 gratis
3359 1938 3458 1992 per
3486 1937 3610 1991 gra-

2000 2013 2129 2065 tiam
2160 2013 2353 2083 ipsius,
2382 2030 2412 2067 a
2441 2028 2551 2084 quo
2598 2013 2986 2081 justificandus
3037 2019 3118 2065 est
3147 2011 3371 2081 impius,
3399 2016 3452 2063 et
3491 2008 3612 2081 glo-

2004 2098 2305 2155 rificandus
2342 2108 2424 2156 est
2456 2102 2597 2171 pius.
2643 2101 2796 2155 Unde
2836 2100 3103 2154 orandum
3134 2106 3216 2152 est
3247 2098 3404 2153 nobis
3430 2105 3486 2151 ut
3515 2100 3614 2151 tua:

2000 2207 2148 2258 vera,
2187 2208 2306 2261 qua:
2334 2194 2612 2247 illuminat
2664 2208 2876 2247 omnem
2922 2194 3187 2245 hominem
3217 2192 3517 2243 venientem
3554 2191 3615 2240 in

2003 2284 2150 2337 hunc
2173 2285 2442 2338 mundum
2473 2286 2649 2351 (Joan.
2680 2300 2810 2347 xvn,
2840 2283 3052 2338 Judaici
3087 2282 3271 2336 cordis
3304 2281 3375 2333 ita
3413 2280 3608 2352 digne-

2004 2386 2092 2432 tur
2119 2377 2432 2432 illuminare
2487 2378 2847 2449 profundum,
2880 2386 2939 2431 ut
2988 2377 3152 2432 etiam
3184 2375 3287 2446 ipsi
3323 2374 3609 2428 nobiscum

2003 2468 2070 2522 ab
2114 2470 2306 2523 eadem
2350 2478 2666 2524 mereantur
2720 2470 2842 2525 luce
2891 2470 3168 2539 perfundi,
3210 2469 3278 2522 de
3319 2483 3425 2538 qua
3478 2466 3614 2521 scri-

2001 2564 2150 2627 ptum
2184 2567 2299 2613 est:
2332 2565 2437 2628 Ego
2461 2576 2585 2615 sum
2634 2563 2732 2615 tua:
2754 2562 2949 2615 mundi
2977 2564 3149 2629 (Joan.
3192 2563 3281 2624 1x).

2001 2697 2005 2701 .
2075 2649 2198 2703 Haec
2227 2658 2309 2704 est
2368 2650 2533 2723 igitur
2572 2650 2663 2705 illa
2708 2651 2796 2704 lux
2828 2667 2926 2721 per
2955 2667 3117 2721 quam
3165 2649 3260 2704 Dei
3294 2649 3462 2705 Filius
3494 2656 3608 2704 tra-

2001 2741 2140 2795 hens
2166 2742 2355 2796 omnia
2384 2758 2573 2797 secum
2609 2742 2660 2796 in
2693 2759 2785 2797 ara
2815 2742 3013 2804 crucis,
3042 2743 3418 2817 evangelicum
3456 2742 3609 2796 illum

1950 2876 1959 2885 .
1999 2828 2403 2885 illuminaverat
2432 2847 2659 2898 caecum,
2692 2831 2785 2902 qui
2821 2832 2975 2898 juxta
3024 2831 3164 2885 viam
3198 2831 3326 2885 fidei
3361 2847 3610 2901 propen-

1996 2917 2111 2972 sius
2167 2919 2479 2989 imprecans
2536 2920 2766 2994 gloriam
2826 2921 2951 2974 Dei:
3012 2922 3130 2987 Fili,
3174 2920 3375 2990 inquit,
3424 2921 3612 2986 David,

1995 3012 2248 3065 miserere
2283 3014 2392 3064 mei
2421 3011 2631 3080 (Matth.
2665 3026 2719 3077 χ,
2761 3016 2886 3066 Luc.
2918 3010 3091 3080 xvui).
3137 3010 3213 3062 Ad
3242 3010 3346 3063 hoc
3378 3025 3614 3079 namque

2000 3119 2098 3171 per
2134 3110 2368 3157 mortem
2429 3104 2606 3157 crucis
2658 3102 2974 3159 mortificari
3016 3102 3187 3157 voluit
3224 3117 3452 3173 granum
3500 3101 3614 3153 fru-

1996 3190 2190 3257 menti,
2225 3197 2283 3245 ut
2312 3192 2403 3245 lux
2433 3192 2677 3247 coelestis
2724 3193 3072 3247 illucesceret
3128 3192 3279 3247 omni
3343 3190 3610 3256 credenti,

1996 3283 2125 3352 quia
2153 3283 2295 3337 sicut
2321 3284 2584 3339 omnibus
2612 3294 2823 3347 notum,
2882 3285 3043 3339 etiam
3085 3283 3345 3338 omnibus
3375 3291 3458 3336 est
3484 3282 3608 3352 pla-

1996 3385 2149 3436 num,
2184 3372 2238 3424 in
2265 3373 2464 3426 eodem
2492 3389 2639 3428 czeco
2685 3390 2863 3446 genus
2895 3373 3226 3428 illuminavit
3280 3372 3605 3425 humanum.

1994 3464 2138 3516 Deus
2192 3479 2430 3535 namque
2463 3466 2638 3519 lucem
2691 3482 2845 3520 suam
2892 3466 3088 3520 bifaria
3136 3464 3349 3520 ratione
3399 3462 3611 3533 divisit,

1995 3556 2124 3610 dum
2181 3557 2363 3612 eidem
2414 3574 2560 3614 caeco
2589 3560 2699 3613 duo
2751 3560 2960 3613 lumina
3026 3559 3290 3627 reddidit,
3346 3559 3440 3630 qui
3496 3558 3609 3611 duo

1994 3645 2198 3710 amisit,
2241 3648 2372 3718 quia
2395 3647 2440 3701 si
2477 3647 2755 3717 duplicem
2787 3649 3036 3702 sanitatis
3066 3649 3187 3711 ejus
3215 3648 3443 3719 gratiam
3479 3662 3614 3701 con-

1998 3734 2310 3790 sideremus
2349 3736 2582 3805 intente,
2626 3752 2726 3807 per
2752 3736 3075 3807 mysterium
3114 3737 3295 3790 crucis
3338 3738 3522 3789 lumen
3553 3736 3607 3789 in

1999 3843 2252 3898 corpore,
2288 3835 2341 3883 et
2388 3829 2573 3884 lumen
2606 3830 2818 3901 recepit
2848 3830 2902 3883 in
2936 3838 3141 3884 mente.
3186 3830 3339 3885 Unde
3370 3829 3417 3883 si
3446 3828 3610 3883 volu-

1999 3935 2122 3972 mus
2147 3929 2205 3973 ut
2226 3935 2350 3974 cum
2383 3920 2577 3975 eodem
2610 3936 2756 3976 caeco
2789 3921 2924 3976 lucis
2964 3928 3183 3975 aeterna:
3209 3935 3614 3990 consequamur

2005 4011 2255 4080 gratiam,
2288 4026 2386 4081 pro
2425 4029 2533 4082 qua
2564 4013 2827 4067 Dominus
2870 4014 2937 4067 ad
2980 4029 3133 4068 eum:
3175 4013 3309 4075 Quid
3360 4012 3474 4076 tibi,
3519 4010 3612 4063 in-

2006 4099 2148 4169 quit,
2174 4103 2252 4155 vis
2290 4102 2533 4167 faciam?
2570 4105 2710 4170 (Luc.
2748 4104 2924 4172 xvm.)
2954 4102 3181 4174 dignum
3235 4107 3318 4154 est
3347 4111 3406 4154 ut
3438 4115 3611 4154 unus-

2006 4189 2239 4260 quisque
2277 4199 2522 4246 nostrum
2579 4207 2701 4246 cum
2751 4208 2818 4247 eo
2874 4192 3077 4263 saepius
3116 4190 3420 4246 orationem
3476 4190 3617 4244 hanc

2005 4278 2153 4332 dicat
2192 4280 2464 4351 exiguam,
2515 4297 2676 4352 quam
2739 4283 2859 4352 ipse
2929 4282 3213 4352 respondit
3252 4281 3323 4346 ei,
3383 4280 3610 4334 dicens:

1997 4372 2233 4435 Domine,
2275 4377 2337 4425 ut
2388 4372 2597 4426 videam
2633 4372 2827 4444 (ibid.).
2872 4373 3125 4445 Alioquin
3170 4372 3343 4427 turbae
3393 4370 3608 4443 cogita-

277 4464 411 4519 tiam
456 4464 551 4517 Dei
582 4465 914 4535 recipiamus
944 4465 1001 4519 in
1031 4483 1254 4534 vanum,
1285 4483 1395 4539 quo
1448 4485 1545 4539 pro
1584 4449 1970 4524 littera’se-D
1998 4459 2230 4524 tionum,
2285 4476 2408 4531 qua:
2473 4461 2634 4516 nobis
2688 4462 2847 4517 bonae
2904 4462 3199 4517 voluntatis
3260 4461 3609 4516 seminariam

276 4566 527 4630 quuntur
555 4560 830 4629 Spiritum,
864 4569 918 4615 et
945 4577 1044 4631 pro
1084 4562 1243 4632 palea
1269 4580 1522 4634 granum.
1555 4563 1770 4618 Certum
1809 4572 1897 4620 est

274 4648 426 4703 enim
461 4649 611 4719 quia,
657 4650 799 4705 sicut
837 4651 905 4703 ad
936 4653 1384 4723 cognoscendum
1436 4656 1612 4725 legem
1646 4671 1811 4709 unam
1840 4663 1895 4709 et

276 4741 462 4806 aliam,
485 4739 768 4796 Christiani
793 4757 1022 4813 granum
1052 4751 1105 4798 et
1125 4744 1300 4798 Judaei
1323 4753 1632 4816 sequuntur
1656 4748 1893 4816 paleam,

275 4827 360 4881 sic
390 4834 625 4899 utraque
658 4829 744 4882 lex
798 4830 890 4884 uni
920 4833 1128 4902 populo
1175 4834 1419 4904 loquitur
1466 4842 1522 4889 et
1557 4836 1713 4890 alteri
1746 4837 1891 4902 silet,

279 4915 412 4969 dum
444 4931 543 4985 pro
570 4916 975 4973 intuendaluce
1017 4919 1286 4975 Creatoris
1326 4939 1470 4978 unus
1497 4932 1583 4977 est
1612 4940 1813 4991 caicus,
1840 4934 1895 4980 et

279 5006 423 5060 alius
448 5007 617 5062 videt.
650 5008 997 5064 Credendum
1039 5020 1123 5066 est
1161 5029 1295 5068 sane
1331 5014 1462 5085 quia
1513 5015 1657 5070 sicut
1688 5016 1896 5072 electo-

280 5114 402 5151 rum
437 5098 525 5152 lux
554 5099 857 5155 tentatione
888 5116 1000 5156 non
1027 5103 1415 5178 exstinguitur,
1446 5107 1544 5161 sed
1570 5107 1892 5174 illustratur,

283 5190 361 5244 ita
391 5190 606 5244 caecitas
624 5190 939 5246 Judaeorum
969 5209 1146 5264 usque
1167 5196 1235 5249 ad
1265 5212 1549 5266 vesperam
1577 5199 1768 5253 mundi
1798 5216 1893 5255 se-

279 5279 568 5333 nescentis
616 5279 813 5334 durare
866 5282 1148 5350 probatur,
1179 5292 1453 5355 quatenus
1501 5287 1794 5342 Christiani
1838 5296 1893 5344 et

273 5368 455 5423 Judmi
485 5369 625 5423 duos
680 5370 916 5440 populos
966 5388 1091 5426 esse
1121 5389 1181 5427 se
1220 5375 1396 5429 sciant
1422 5376 1491 5431 de
1522 5377 1728 5447 quibus
1754 5378 1892 5432 scri-

276 5467 428 5529 ptum
463 5469 572 5513 est:
603 5464 704 5523 Qui
753 5464 1090 5531 nonvidmt,
1149 5468 1386 5534 videant,
1440 5475 1492 5523 et
1543 5472 1636 5537 qui
1685 5471 1886 5537 vident,

270 5555 402 5607 caeci
429 5553 572 5616 ﬁant
609 5555 785 5619 (Joan.
821 5554 911 5621 ιχ).
955 5554 1108 5609 Sicut
1157 5559 1304 5611 enim
1353 5560 1642 5614 Christiani
1698 5569 1886 5631 typum

274 5644 494 5699 illorum
545 5661 721 5715 usque
784 5646 947 5701 hodie
988 5659 1208 5717 gerunt,
1254 5653 1325 5706 de
1381 5653 1583 5723 quibus
1649 5654 1883 5710 dicitur:

274 5737 427 5788 Beati
461 5739 556 5803 qui
603 5751 716 5791 non
759 5737 1033 5805 viderunt,
1072 5746 1124 5793 et
1170 5743 1511 5798 crediderunt
1547 5746 1727 5812 (Joan.
1775 5746 1886 5815 xx),

1996 4553 2247 4617 demunt,
2281 4570 2403 4609 cum
2435 4556 2629 4610 eodem
2687 4573 2831 4613 cmco
2864 4574 3051 4613 vocem
3110 4566 3309 4612 nostrae
3342 4557 3611 4627 depreca-

1995 4643 2163 4697 tionis
2198 4652 2477 4715 prcmunt,
2511 4646 2616 4700 nisi
2651 4649 3031 4716 phantasmata
3057 4647 3311 4702 vitiorum
3354 4662 3474 4718 quae
3530 4646 3610 4699 fe-

1997 4735 2174 4790 cimus
2193 4735 2262 4789 ab
2293 4736 2470 4792 oculis
2499 4738 2749 4793 cordium
2780 4739 3019 4793 assiduis
3064 4740 3397 4810 repellamus
3428 4736 3611 4808 preci-

1996 4824 2118 4879 bus.
2151 4825 2253 4880 Per
2296 4827 2401 4880 hoc
2422 4833 2604 4882 autem
2634 4829 2785 4898 quod
2826 4845 3005 4883 caecus
3046 4829 3151 4883 iste
3173 4829 3332 4897 juxta
3382 4828 3522 4882 viam
3556 4836 3613 4882 et

1998 4931 2107 4970 non
2139 4917 2194 4971 in
2218 4919 2308 4971 via
2327 4918 2578 4986 sedebat,
2611 4919 3034 4990 imperfectioris
3079 4920 3259 4974 adhuc
3288 4919 3416 4974 ﬁdei
3448 4919 3612 4975 nobis

1997 5011 2307 5080 exemplum
2351 5010 2655 5080 praebebat,
2689 5021 2748 5066 ut
2804 5012 3186 5084 unusquisque
3226 5020 3471 5067 nostrum
3513 5028 3612 5083 per

1998 5097 2478 5154 mortiﬁcationem
2533 5099 2715 5153 carnis
2766 5116 2861 5155 cor
2899 5117 3057 5155 suum
3105 5102 3177 5154 ita
3220 5116 3441 5171 semper
3469 5100 3611 5155 afﬂi-

1994 5201 2107 5264 gat,
2140 5201 2198 5247 ut
2252 5194 2304 5247 in
2359 5193 2593 5248 veritate
2623 5194 2754 5249 boni
2787 5196 2971 5265 operis
3009 5212 3257 5267 gressum
3305 5196 3457 5270 figat.
3503 5195 3610 5249 Sed

1998 5284 2101 5340 hoc
2128 5284 2246 5339 fieri
2288 5300 2400 5340 non
2433 5293 2633 5356 potest,
2670 5287 2773 5340 nisi
2815 5303 2921 5341 nox
2953 5286 3067 5352 illa,
3128 5303 3294 5358 quam
3324 5288 3614 5362 originalis

1995 5379 2202 5449 peccati
2233 5380 2505 5435 morosior
2532 5380 2588 5432 in
2618 5380 2780 5435 nobis
2811 5389 3158 5437 contraxerat
3185 5382 3335 5445 hora,
3375 5384 3447 5437 ab
3478 5398 3617 5438 ocu-

1992 5473 2061 5526 lis
2090 5474 2289 5527 nostris
2317 5472 2474 5528 nOvze
2496 5473 2634 5528 lucis
2659 5474 2983 5530 discutiatur
3013 5491 3229 5542 aurora,
3264 5483 3342 5542 ut,
3369 5475 3613 5531 resoluta

1992 5568 2046 5621 in
2090 5567 2251 5620 nobis
2304 5568 2475 5622 totius
2512 5568 2764 5622 caecitate
2792 5569 3071 5643 caliginis,
3112 5570 3168 5623 in
3200 5585 3395 5623 novam
3428 5569 3607 5621 lucem

1989 5657 2158 5711 decor
2177 5656 2416 5726 antiquae
2443 5656 2776 5711 reformetur
2807 5658 3060 5731 originis.
3095 5658 3262 5711 Aliter
3291 5657 3497 5726 quippe
3529 5652 3604 5706 nil

1989 5743 2154 5799 nobis
2200 5743 2413 5813 proficit
2465 5745 2615 5815 quod
2644 5744 2808 5798 Jesus
2876 5745 2933 5797 in
2992 5744 3189 5798 eodem
3248 5756 3393 5797 caeco
3424 5742 3599 5794 lucem
