4006 6198
447 352 549 402 987

1430 351 1796 405 BERENGOSI
1839 352 2112 405 ABBATIS
2153 352 2205 404 S.
2251 350 2489 404 ΜΛΧΙΜΙ
2530 349 2789 403 TREVIR.

3673 348 3785 403 988

449 473 706 527 amissam
749 474 1040 544 reparavit,
1101 474 1320 544 quando
1376 491 1566 529 vocem
1621 475 1886 529 czecitatis
1937 474 2057 542 ejus
2085 484 2132 546 Α
2161 474 2271 542 (Ps.
2298 482 2411 541 cn).
2440 475 2529 528 Sic
2561 474 2728 543 igitur
2761 472 2997 542 repulsis
3023 473 3091 525 ab
3154 473 3348 526 eadem
3382 488 3521 526 nave
3577 474 3796 527 cunctis

451 565 725 618 transiens
760 566 969 619 audivit
1014 573 1238 619 etstans
1268 565 1628 619 illuminavit:
1687 566 1791 619 nisi
1818 566 1929 629 ille,
1964 566 2058 636 qui

451 672 611 709 renes
641 668 694 710 et
724 657 891 711 corda
920 657 1069 711 solus
1102 658 1364 719 intuetur,
1394 656 1590 710 eodem
1624 658 1785 711 modo
1851 658 2060 711 caecita-

451 755 557 800 tem
606 759 844 802 nostram
875 749 1208 802 transeundo
1255 748 1465 813 audire,
1517 756 1569 801 et
1625 749 1820 802 stando
1855 748 2061 801 illumi-

455 854 584 892 nare
637 839 910 911 dignetur.
986 842 1105 909 lpse
1159 840 1304 893 enim
1371 840 1465 909 qui
1520 855 1614 908 per
1663 840 2060 893 humanitatem

455 928 707 991 transire,
753 937 806 980 et
857 946 953 997 per
993 928 1336 981 divinitatem
1381 928 1545 981 habet
1584 936 1749 993 stare,
1806 930 2061 983 eumdem

455 1032 657 1068 carettm
689 1016 923 1069 mirabili
952 1017 1115 1070 modo
1135 1016 1391 1084 dignatus
1418 1026 1503 1069 est
1530 1016 1865 1082 illuminare,
1890 1034 2065 1088 quan-

456 1106 526 1159 do
567 1105 695 1160 fidei
718 1107 887 1175 ipsius
921 1108 1194 1177 prepriam
1224 1123 1413 1161 vocem
1444 1108 1496 1160 in
1530 1109 1649 1162 haec
1683 1110 1849 1163 verba
1878 1110 2063 1177 subje-

456 1200 558 1253 cit:
622 1203 772 1267 Vade,
811 1203 938 1265 fides
993 1208 1088 1254 tua
1143 1209 1192 1256 le
1244 1204 1457 1257 salvum
1499 1205 1625 1269 fecit
1684 1204 1879 1273 (ibid).
1916 1204 2065 1258 Unde

457 1293 585 1361 quia
623 1309 742 1358 nos,
775 1294 1117 1348 dilectissimi
1156 1294 1376 1361 fratres,
1418 1304 1565 1351 tanta
1591 1297 1701 1364 jam
1738 1314 1926 1352 sumus
1966 1314 2062 1368 op-

459 1380 629 1450 pressi
658 1381 922 1445 caecitate,
954 1389 1009 1436 ut
1056 1399 1164 1437 non
1194 1384 1370 1437 solum
1406 1384 1535 1438 caeci
1567 1400 1632 1439 ex
1675 1392 1941 1456 tempore,
1971 1387 2069 1440 sed

457 1473 619 1526 etiam
653 1473 781 1526 caeci
826 1474 999 1528 simus
1031 1492 1061 1528 a
1115 1476 1424 1541 nativitate,
1476 1478 1744 1531 orandum
1778 1486 1861 1531 est
1911 1477 2071 1532 nobis

458 1570 516 1616 ut
546 1562 612 1615 ad
647 1574 926 1632 perpetuen
951 1566 1088 1619 lucis
1112 1567 1415 1621 claritatem
1451 1582 1509 1620 se
1542 1568 1720 1637 ipsum
1752 1568 1913 1622 nobis
1932 1585 2069 1638 pras-

460 1652 581 1705 lieat
613 1652 829 1717 ducem,
874 1672 903 1707 a
946 1671 1054 1724 quo
1089 1657 1231 1709 idem
1291 1674 1467 1709 caecus
1510 1673 1619 1710 non
1674 1673 1866 1710 aurum
1899 1658 2074 1711 voluit

461 1741 760 1810 postulare,
792 1744 887 1795 sed
922 1744 1120 1798 lucem.
1144 1745 1198 1798 Si
1233 1745 1380 1799 enim
1435 1746 1602 1801 corda
1647 1757 1834 1802 nostra
1879 1749 2070 1801 eadem

462 1830 547 1882 lux
595 1830 900 1885 divinitatis
956 1832 1214 1898 illustrat,
1258 1850 1420 1904 quam
1453 1850 1554 1889 nec
1594 1834 1809 1888 initium
1861 1836 2072 1902 dilatat,

463 1934 564 1971 nec
605 1921 730 1973 hnis
787 1930 1057 1991 angustat,
1101 1938 1325 1976 necesse
1384 1933 1467 1978 est
1525 1933 1582 1977 ut
1621 1924 1689 1977 ab
1716 1924 1908 1978 eadem
1958 1923 2077 1976 luce

463 2008 763 2078 quaerenda
817 2011 1264 2079 praetereuntium
1324 2012 1720 2067 diemoniorum
1777 2013 1941 2066 nullis
1969 2028 2068 2066 un-

464 2118 628 2172 quam
661 2119 947 2157 arceamur
987 2106 1173 2172 minis,
1215 2107 1370 2175 cujus
1406 2108 1647 2178 profecto
1680 2108 1816 2161 fides
1858 2108 2073 2161 initium

466 2199 547 2244 est
576 2198 627 2243 et
654 2193 904 2261 Operatio
941 2192 1083 2247 finis.
1121 2195 1180 2248 Et
1206 2195 1334 2265 quia
1372 2212 1474 2250 nec
1503 2197 1756 2250 humanae
1787 2196 1946 2249 saluti
1978 2212 2080 2249 nec

466 2281 663 2336 divina:
693 2285 953 2339 convenit
1008 2286 1178 2349 laudi,
1222 2296 1279 2341 ut
1322 2304 1352 2340 a
1405 2288 1563 2342 nobis
1602 2289 1693 2342 illa
1743 2288 1829 2342 lux
1882 2288 2087 2342 debeat

468 2369 798 2441 quaeri,un
832 2373 913 2426 vel
935 2383 1180 2444 tempore
1214 2375 1380 2438 finiri,
1411 2376 1496 2429 vel
1525 2375 1644 2431 loco
1675 2378 1852 2430 valeat
1883 2376 2090 2436 claudi,

469 2457 696 2529 dignum
729 2471 813 2514 est
843 2471 901 2515 ut
926 2462 1069 2516 illam
1102 2463 1280 2517 lucem
1309 2464 1430 2517 sine
1462 2464 1869 2519 intermissione
1934 2482 2085 2535 qua:-

472 2562 673 2613 ramus,
697 2565 864 2619 quam
890 2566 1000 2604 non
1035 2567 1156 2605 eum
1187 2552 1410 2619 belluis,
1431 2554 1527 2607 sed
1559 2570 1683 2608 cum
1714 2554 1926 2628 angelis
1942 2570 2084 2609 com-

470 2656 690 2694 munem
730 2643 933 2696 hahere
968 2645 1266 2699 valeamus.

542 2732 663 2785 llaec
702 2743 783 2787 est
810 2742 995 2789 autem
1031 2736 1118 2790 lux
1148 2746 1353 2791 aeterna
1403 2755 1525 2808 quae
1569 2736 1777 2791 infimis
1804 2739 1975 2793 voluit
1998 2754 2089 2793 so-

468 2821 611 2875 ciare
670 2839 929 2892 superna,
984 2826 1206 2896 quando
1254 2827 1455 2880 divime
1502 2827 1877 2882 miserationis
1915 2828 2089 2901 gratia

470 2912 644 2975 dives,
703 2930 801 2982 per
861 2917 1177 2984 mysterium
1221 2919 1399 2971 crucis
1448 2918 1676 2991 angelos
1724 2925 1777 2972 et
1834 2918 2089 2972 homines

472 3007 600 3061 fecit
641 3024 764 3063 esse
793 3012 1065 3065 concives.
1105 3012 1223 3067 Haec
1257 3021 1338 3066 est
1369 3013 1459 3066 illa
1510 3013 1599 3065 lux
1634 3012 1781 3067 unde
1822 3020 1883 3066 ut
1907 3028 2087 3067 causa:

472 3102 671 3167 causis,
716 3113 768 3157 et
813 3121 901 3158 res
932 3106 1270 3161 conveniant
1303 3107 1487 3174 rebus,
1531 3108 1798 3177 quosdam
1834 3107 2091 3177 antiquos

476 3193 661 3248 Patres
705 3196 794 3249 hic
845 3197 1195 3252 introducere
1247 3198 1537 3261 debemus,
1581 3209 1853 3270 quatenus
1910 3213 2092 3253 sermo

476 3295 663 3339 noster
693 3303 758 3341 eo
782 3288 1093 3342 consultius
1125 3290 1192 3343 ad
1227 3289 1389 3343 finem
1422 3291 1596 3360 possit
1620 3291 1843 3345 evolare
1874 3305 1972 3360 per
1988 3305 2093 3344 oze-

476 3383 591 3428 tera
621 3392 730 3446 quo
762 3378 853 3430 lux
886 3378 1177 3433 invisibilis
1197 3381 1264 3434 ad
1296 3381 1401 3435 hoc
1429 3382 1589 3435 nobis
1616 3380 1822 3451 profert
1860 3381 1927 3433 de
1961 3382 2087 3433 the-

476 3484 638 3521 sauro
671 3485 771 3522 suo
796 3486 935 3524 nova
966 3482 1020 3525 et
1051 3481 1254 3527 vetera.
1305 3475 1439 3539 Quia
1470 3474 1616 3528 enim
1654 3475 1740 3527 lux
1789 3474 2092 3527 divinitatis

478 3562 582 3609 tant
616 3557 751 3610 mira
772 3559 1031 3628 probatur
1078 3568 1131 3615 et
1161 3570 1368 3628 sancta,
1421 3572 1480 3616 ut
1521 3563 1670 3617 nulla
1711 3577 1937 3633 prorsus
1968 3562 2092 3617 talis

478 3647 726 3702 videatur
754 3658 847 3703 aut
875 3657 1042 3717 tanta,
1073 3652 1301 3726 dignum
1344 3661 1426 3707 est
1458 3663 1515 3708 ut
1565 3654 1863 3708 humanum
1897 3654 1947 3707 ei
1978 3668 2088 3707 non

479 3735 684 3791 debeat
751 3739 943 3793 deesse
994 3743 1352 3811 praeconium,
1432 3759 1554 3813 quae
1598 3744 1980 3814 prOpheticum
2039 3750 2094 3797 et

479 3830 858 3903 evangelicum
884 3834 1023 3887 solet
1049 3835 1249 3888 habere
1274 3835 1672 3890 testimonium.
1694 3836 1799 3889 Sed
1833 3835 2092 3906 quoniam

477 3918 713 3992 gemina:
739 3921 959 3978 dilectio
989 3924 1271 3979 charitatis
1312 3926 1566 3996 personis
1599 3926 1897 3996 deputatur
1918 3926 2096 4001 gemi-

478 4006 589 4072 nis,
619 4019 942 4080 competens
970 4023 1053 4067 est
1082 4021 1141 4067 ut
1192 4014 1247 4067 in
1284 4015 1385 4069 hac
1410 4014 1649 4069 lectione
1682 4014 1904 4070 femina
1938 4015 2091 4081 viris,

479 4105 533 4153 et
565 4100 663 4154 viri
705 4102 1021 4159 adtinentur
1070 4106 1310 4172 feminis,
1349 4107 1479 4178 quia
1522 4107 1730 4175 justum
1764 4116 1848 4163 est
1896 4119 1954 4162 ut
2009 4111 2093 4163 lex

480 4199 685 4245 aeterna
726 4194 1100 4250 testimonium
1129 4197 1373 4252 habeata
1403 4198 1542 4252 virili
1576 4216 1709 4254 sexu
1746 4208 1800 4254 et
1826 4199 2092 4267 femineo,

480 4294 603 4348 qua:
629 4280 682 4332 in
712 4284 971 4351 mysterio
1003 4287 1181 4340 crucis
1215 4295 1512 4358 utrumque
1553 4304 1585 4341 a
1624 4289 1896 4344 diabolico
1926 4290 2098 4344 voluit

482 4368 721 4425 liberare
752 4373 1019 4441 dominio,
1061 4383 1256 4431 etnon
1314 4378 1588 4432 immerito
1638 4379 1863 4450 quidem
1910 4380 2098 4435 lumen

2117 3157 2165 3224 C

2166 566 2468 619 haeresibus
2496 572 2550 619 et
2590 563 2988 631 haeresiarchis,
3022 564 3196 633 primo
3237 570 3467 619 tractare
3513 564 3787 619 debemus

2164 662 2232 715 de
2258 660 2446 729 justis,
2482 659 2684 714 deinde
2715 659 2784 714 de
2839 658 3063 731 regibus
3093 666 3148 712 et
3179 658 3539 728 patriarchis:
3601 676 3793 730 quam-

2165 749 2245 803 vis
2286 751 2608 820 priusquam
2654 749 2785 801 hinc
2815 748 2882 801 de
2924 746 3249 817 patriarchis
3290 746 3680 815 perveniamus
3712 747 3782 799 ad

2166 839 2483 908 prophetas,
2534 853 2643 893 non
2692 853 2855 890 unam
2883 845 2976 890 aut
3006 836 3163 898 duas,
3204 835 3303 889 sed
3354 834 3538 904 plures
3586 832 3784 887 videa-

2166 946 2287 984 mur
2314 930 2519 983 habere
2547 929 2769 992 dimtas;
2805 938 2864 982 et
2911 928 3039 982 ideo
3081 943 3312 981 necesse
3360 934 3444 980 est
3468 933 3527 979 ut
3554 925 3650 996 qui
3682 940 3785 994 pa-

2169 1025 2419 1080 triarchis
2450 1035 2504 1079 et
2536 1023 2818 1095 prOphetis
2848 1024 3057 1097 regiam
3098 1022 3238 1076 viam
3271 1021 3401 1076 olim
3446 1019 3790 1092 dignabatur

2166 1113 2481 1171 ostendere.
2516 1113 2677 1167 nobis
2716 1113 2878 1167 etiam
2911 1113 2965 1166 in
3000 1113 3104 1166 hoc
3137 1110 3335 1165 itinere
3364 1111 3606 1164 dextram
3630 1124 3791 1162 suam

2170 1199 2429 1271 dignetur
2455 1200 2817 1271 praetendere,
2858 1200 3121 1270 quoniam
3162 1198 3415 1253 navicula
3454 1197 3655 1251 mentis
3692 1211 3799 1250 no-

2167 1298 2290 1344 stra:
2350 1300 2483 1346 tunc
2533 1308 2659 1346 vere
2703 1292 2887 1345 divina
2928 1291 3138 1363 regitur
3184 1291 3393 1356 dextra,
3438 1290 3483 1342 si
3521 1287 3799 1342 bitumine

2172 1379 2453 1434 charitatis
2494 1380 2640 1433 intus
2674 1379 2922 1433 firmetur
2968 1386 3022 1432 et
3062 1386 3235 1432 extra.
3284 1377 3391 1431 Sed
3434 1375 3702 1447 quoniam
3739 1374 3797 1427 in

2175 1468 2296 1521 navi
2330 1468 2581 1523 Ecclesiae
2640 1468 2840 1522 frustra
2872 1468 2983 1536 jam
3038 1466 3292 1520 videmur
3323 1462 3628 1525 immorari,
3682 1461 3797 1515 nisi

2174 1576 2294 1613 cum
2328 1561 2573 1631 antiquis
2597 1560 2848 1614 Patribus
2879 1576 2909 1613 a
2949 1558 3135 1613 divina
3165 1557 3287 1612 luce
3319 1570 3633 1609 mereamur
3666 1553 3796 1607 illu-

2175 1650 2357 1714 strari,
2398 1650 2665 1704 orandum
2734 1657 2817 1702 est
2874 1649 2926 1701 in
2980 1648 3086 1702 hoc
3132 1653 3362 1699 tractatu
3401 1644 3647 1714 seipsum
3693 1656 3803 1696 no-

2176 1744 2264 1798 bis
2290 1744 2420 1798 velit
2440 1744 2737 1799 ostendere
2768 1744 2987 1810 ducem,
3018 1741 3113 1813 qui
3142 1742 3210 1795 de
3238 1740 3424 1810 seipso
3453 1738 3752 1809 discipulis
3790 1757 3799 1790 :

2179 1845 2314 1894 Dum
2363 1841 2557 1905 lucem,
2600 1839 2795 1909 inquit,
2824 1838 3026 1892 habetis
3063 1837 3260 1892 credite
3289 1838 3349 1889 in
3375 1837 3548 1889 lucem
3592 1834 3800 1903 (Joan..

2181 1936 2295 2001 xu).

2250 2025 2372 2078 Haec
2385 2025 2711 2096 estergoilla
2738 2025 2827 2079 lux
2842 2041 2963 2095 qua:
2983 2025 3217 2094 primum
3235 2031 3518 2094 parentem
3544 2032 3799 2077 nostrum

2180 2116 2345 2170 Adam
2364 2117 2760 2186 protoplastum
2784 2117 2838 2170 in
2854 2133 2944 2171 ara
2974 2118 3150 2171 erucis
3174 2133 3242 2170 ex
3272 2115 3445 2186 impio
3464 2115 3640 2186 pium,
3665 2122 3801 2168 etex

2185 2208 2395 2263 incesto
2422 2208 2627 2263 fecerat
2652 2208 3123 2279 castum,quando
3149 2206 3806 2279 perejus-mysteriisalu-

2190 2296 2322 2350 taris
2335 2296 2588 2352 effectum
2613 2297 3127 2368 antiquaéclaritatis
3150 2298 3204 2351 in
3220 2313 3285 2351 eo
3310 2294 3805 2364 reformavitaspe-

2193 2395 2359 2442 ctum.
2408 2389 2529 2442 Haec
2560 2396 2643 2442 est
2672 2389 2762 2442 illa
2820 2390 2906 2443 lux
2949 2404 3047 2459 per
3075 2404 3239 2459 quam
3281 2388 3338 2441 in
3377 2387 3497 2457 ipsa
3528 2386 3809 2457 passionis

2196 2480 2493 2534 Dominicaa
2532 2480 2621 2534 die
2662 2480 2971 2535 maledictio
3026 2480 3146 2533 Eva:
3178 2488 3390 2533 mutata
3427 2484 3509 2531 est
3568 2477 3808 2531 benedi-

2185 2569 2364 2623 ctione
2392 2568 2605 2633 Mariae;
2664 2570 2886 2639 quando
2917 2569 2986 2621 ad
3013 2568 3437 2638 comparandam
3467 2565 3628 2620 nobis
3665 2564 3808 2618 lucis

2192 2667 2474 2729 perpetua:
2512 2659 2884 2732 margaritam,
2936 2660 2991 2713 in
3033 2659 3292 2729 mysterio
3333 2657 3510 2712 crucis
3540 2672 3707 2726 paena
3750 2655 3803 2707 in

2188 2751 2440 2822 gloriam,
2465 2757 2519 2804 et
2548 2766 2697 2804 mors
2726 2750 2981 2804 transivit
3010 2751 3065 2804 in
3094 2750 3278 2804 vitam.
3315 2749 3436 2804 llaec
3462 2757 3545 2802 est
3583 2747 3677 2800 illa
3712 2747 3801 2799 lux

2191 2859 2288 2912 per
2318 2858 2480 2912 quam
2523 2842 2782 2896 Dominus
2834 2843 2976 2897 Deus
3019 2843 3181 2896 Israel
3210 2841 3339 2896 olim
3391 2841 3664 2894 illustrare
3705 2854 3803 2892 vo-

2193 2934 2336 2988 lebat
2362 2933 2519 2999 Abel,
2552 2934 2793 3004 quando,
2836 2935 2977 2989 sicut
3010 2934 3205 3009 legifer
3238 2942 3469 2987 testatur
3526 2932 3804 3004 egregius,

2191 3027 2420 3091 respexit
2476 3028 2731 3079 Dominus
2804 3025 2874 3077 ad
2918 3025 3088 3090 Abel,
3146 3030 3198 3078 et
3252 3024 3323 3076 ad
3406 3037 3639 3075 munera
3690 3025 3808 3089 ejus

2194 3113 2337 3182 (Gen.
2377 3116 2465 3177 Iv).
2516 3112 2636 3166 Haec
2664 3120 2745 3166 est
2777 3112 2868 3165 illa
2907 3113 2990 3165 lux
3027 3128 3149 3182 quae
3180 3112 3313 3173 Noe,
3348 3110 3441 3180 qui
3474 3113 3678 3178 requies
3712 3108 3803 3161 in-

2194 3211 2547 3273 terpretatur.
2577 3204 2774 3267 illuxit,
2807 3204 3030 3274 quando
3063 3204 3130 3257 de
3164 3203 3329 3277 lignis
3370 3201 3810 3271 imputribilibus

2193 3309 2372 3347 arcam
2394 3292 2447 3345 in
2475 3300 2660 3362 typum
2690 3292 2943 3346 Ecclesia:
2966 3291 3289 3355 construxit,
3312 3289 3570 3360 baptismi
3598 3290 3809 3344 scilicet

2193 3383 2446 3437 salutaris
2484 3398 2547 3436 ac
2586 3381 2895 3440 .Domicica':
2953 3381 3133 3435 crucis
3187 3380 3346 3434 nobis
3396 3379 3698 3449 praeferens
3738 3379 3813 3432 si-

2191 3491 2382 3548 gnum,
2407 3474 2534 3528 dum
2563 3488 2621 3528 se
2653 3488 2894 3542 suosque
2916 3488 3012 3541 per
3037 3469 3474 3542 aquamsalvavit
3493 3477 3547 3523 et
3571 3468 3806 3539 lignum.

2196 3563 2319 3616 Haec
2350 3570 2432 3616 est
2459 3562 2551 3614 illa
2580 3561 2670 3615 lux
2703 3576 2801 3631 per
2836 3577 2999 3630 quam
3034 3560 3178 3614 idem
3234 3559 3346 3613 Noe
3391 3558 3694 3611 illustratus
3728 3566 3811 3611 est

2195 3650 2503 3724 figurative,
2545 3650 2769 3720 quando
2801 3650 3052 3703 columba
3092 3648 3196 3702 sibi
3258 3662 3466 3701 ramum
3525 3645 3813 3699 deferebat

2196 3746 2372 3807 olivae,
2407 3745 2584 3815 typice
2611 3744 2823 3799 scilicet
2851 3744 3150 3818 designans
3180 3742 3327 3813 quod
3378 3741 3638 3795 virtutum
3674 3757 3810 3810 pen-

2196 3836 2282 3890 nis
2315 3836 2500 3890 nullus
2529 3836 2747 3890 evolare
2779 3836 2922 3890 valet
2952 3836 3020 3888 ab
3062 3835 3188 3888 imis
3225 3834 3294 3888 ad
3335 3848 3571 3896 summa,
3621 3832 3726 3885 nisi
3760 3833 3813 3886 in

2196 3940 2374 3979 arcam
2394 3924 2652 3979 Ecclesiae
2684 3924 2815 3978 boni
2845 3923 3029 3995 Operis
3056 3939 3266 3977 ramum
3290 3924 3509 3977 studeat
3529 3929 3816 3992 reportare

2197 4030 2321 4067 cum
2363 4013 2621 4068 columba
2675 4013 2799 4068 Haec
2837 4022 2921 4067 est
2961 4012 3055 4066 illa
3087 4014 3175 4066 lux
3215 4027 3323 4082 qua
3363 4011 3507 4064 idem
3552 4012 3665 4065 Noe
3698 4010 3818 4064 illu-

2196 4115 2397 4161 stratus
2428 4115 2531 4173 est,
2574 4108 2795 4179 quando
2848 4108 2916 4161 de
2960 4107 3107 4173 vino,
3157 4106 3304 4177 quod
3351 4106 3470 4176 ipse
3528 4105 3816 4175 plantavit,

2199 4199 2505 4253 inebriatus
2535 4211 2641 4265 est,
2672 4198 2993 4271 signiﬁcans
3038 4199 3298 4254 videlicet
3326 4198 3473 4268 quod
3520 4197 3662 4252 calix
3712 4198 3816 4252 Do-

2201 4288 2419 4343 minicaz
2448 4289 2717 4358 passionis
2742 4288 3002 4344 fidelibus
3030 4288 3213 4343 suavis
3257 4297 3313 4342 et
3350 4286 3560 4342 Judzeis
3590 4303 3818 4340 amarus

2201 4390 2312 4445 est;
2346 4380 2415 4433 de
2448 4397 2558 4451 quo
2590 4397 2771 4437 sermo
2814 4381 3202 4452 prephcticus;
3235 4383 3407 4447 Catia,
3444 4378 3818 4449 inquit,meus

489 4469 755 4519 aiternum
785 4484 815 4520 a
846 4469 977 4523 viris
1016 4480 1070 4524 et
1128 4471 1348 4526 feminis
1399 4472 1566 4527 debet
1604 4473 1807 4528 habere
1837 4473 2089 4546 gloriam,
2123 4462 2170 4528 υ
2199 4470 2476 4524 inebrians
2514 4486 2679 4539 quam
2710 4472 3006 4540 praeclarus
3032 4469 3140 4525 est!
3193 4472 3352 4539 (Psal.
3384 4468 3543 4537 χχιι.)
3584 4469 3711 4524 Haec
3738 4479 3820 4523 est

488 4557 635 4626 quod
668 4558 720 4611 in
767 4569 998 4633 utroque
1055 4579 1187 4618 sexu
1217 4581 1370 4619 suam
1412 4566 1586 4620 voluit
1616 4574 1945 4637 perpetuare
1979 4584 2099 4622 me-

492 4652 743 4717 moriam,
777 4655 906 4709 dum
938 4673 1076 4728 quos
1117 4659 1287 4713 virtus
1341 4660 1614 4716 conditori
1668 4660 1796 4713 olim
1850 4660 2103 4716 formavit

491 4749 556 4801 ad
609 4751 799 4817 vitam,
857 4753 949 4808 lux
1005 4755 1309 4810 divinitatis
1376 4756 1666 4811 illustravit
1725 4757 1792 4811 ad
1851 4757 2078 4830 gratiam

493 4838 645 4892 Unde
668 4842 928 4910 quoniam
963 4843 1051 4899 hic
1081 4847 1333 4900 volumus
1371 4846 1723 4916 antiquorum
1752 4845 1970 4899 Patrum
2006 4862 2104 4899 ne-

489 4935 637 5005 gotia
660 4944 910 5003 tractare,
949 4938 1174 5009 dignum
1201 4948 1284 4994 est
1314 4948 1371 4994 ut
1414 4939 1724 4994 naviculam
1779 4939 1978 4992 mentis
2006 4955 2106 4994 no-

494 5033 588 5079 tra:
632 5027 817 5082 lumen
848 5038 1113 5084 aeternum
1174 5032 1496 5086 studeamus
1530 5030 1785 5095 invitare,
1818 5030 1950 5100 quia
1978 5047 2105 5083 san-

492 5121 698 5169 ctarum
746 5119 1147 5188 Scripturarum
1200 5121 1367 5174 remis
1409 5135 1476 5174 eo
1528 5119 1829 5174 studiosius
1862 5120 1972 5190 jam
2027 5120 2104 5172 in-

493 5204 754 5257 cumbere
809 5206 1099 5272 debemus,
1148 5224 1256 5279 quo
1306 5209 1360 5262 in
1401 5207 1596 5280 pelago
1644 5207 1767 5262 libri
1825 5208 2104 5262 Geneseos

494 5304 593 5343 nos
642 5303 859 5362 Oportet
897 5296 1172 5367 aliquibus
1212 5298 1478 5352 ﬂuctuare
1508 5297 1730 5353 diebus.
1794 5296 1927 5361 Quia
1955 5294 2100 5348 enim

489 5381 599 5445 jam
659 5383 980 5441 intravimus
1020 5389 1103 5443 hic
1164 5406 1308 5444 mare
1372 5405 1630 5461 magnum
1683 5396 1739 5443 et
1799 5387 2101 5457 spatiosum

496 5471 789 5540 mentibus,
820 5489 1047 5530 necesse
1075 5485 1158 5532 est
1198 5486 1257 5532 ut
1298 5494 1400 5532 nec
1437 5478 1594 5532 vanis
1652 5476 2101 5551 cogitationibus,

498 5570 599 5611 nec
630 5561 808 5613 verbis
837 5560 1212 5629 periclitemur
1252 5567 1530 5632 inanibus,
1575 5582 1676 5621 nec
1707 5566 1814 5620 illis
1848 5564 2102 5619 vitiorum

498 5651 783 5717 rcPtilibus
827 5651 1010 5706 cordis
1061 5659 1231 5711 nostri
1266 5665 1524 5730 gravetur
1570 5660 1847 5716 humerus.
1891 5656 1960 5709 de
1986 5657 2111 5727 qui-

498 5730 597 5787 bus
622 5736 856 5791 dicitur:
890 5738 1005 5793 Illic
1032 5748 1263 5813 reptilia,
1321 5760 1551 5812 quorum
1591 5762 1701 5801 non
1733 5752 1809 5801 est
1850 5760 2112 5803 numerus

2204 4564 2298 4618 illa
2329 4564 2419 4618 lux
2452 4580 2550 4635 per
2580 4582 2741 4636 quam
2774 4566 2896 4620 Sem
2928 4574 2982 4620 et
3028 4566 3261 4636 Japheth
3295 4566 3555 4620 illustrari
3586 4582 3812 4621 merue-

2206 4662 2350 4720 runt,
2386 4655 2608 4725 quando
2639 4673 2702 4710 ex
2743 4656 2972 4710 adverso
3001 4657 3294 4711 venientes
3335 4657 3503 4726 patris
3528 4656 3616 4711 sui
3646 4657 3827 4714 virilia

2208 4754 2486 4813 texerunt,
2536 4747 2912 4823 significantes
2951 4749 3208 4805 videlicet
3236 4758 3294 4804 ut
3326 4765 3426 4804 nos
3455 4750 3529 4804 ad
3560 4752 3821 4806 eumdem

2206 4839 2430 4893 modum
2459 4838 2751 4893 virtutibus
2790 4839 2983 4893 faciem
3025 4849 3080 4893 et
3107 4839 3256 4893 vitiis
3287 4839 3638 4910 praebeamus
3690 4839 3823 4894 dor-

2207 4947 2349 4995 sum,
2382 4946 2492 5000 quo
2532 4929 2637 4999 ipsi
2670 4946 2766 5001 pro
2796 4932 3147 5004 contegenda
3174 4931 3511 4987 verecundia
3539 4932 3713 5001 patris
3745 4932 3828 4984 in-

2206 5038 2425 5077 cessere
2483 5032 2798 5077 retrorsum.
2852 5023 2976 5077 Hch
3023 5031 3107 5077 est
3162 5023 3253 5077 illa
3301 5024 3388 5077 lux
3427 5040 3553 5093 qua:
3598 5022 3827 5077 Melchi-

2207 5113 2414 5169 sedech
2443 5112 2746 5166 sacerdotis
2776 5113 2907 5166 olim
2943 5112 3193 5167 illuxerat
3231 5112 3428 5177 menti,
3468 5113 3698 5182 quando
3735 5128 3830 5181 pa-

2206 5219 2330 5258 nem
2389 5210 2442 5256 et
2472 5202 2659 5256 vinum
2717 5201 2916 5256 obtulit
2959 5203 3186 5257 Aliraha:
3242 5219 3273 5256 a
3321 5202 3475 5256 caede
3526 5206 3826 5257 revertenti

2203 5298 2350 5364 (Gen.
2379 5298 2512 5361 xxv),
2547 5294 2868 5364 praecedens
2890 5294 3105 5348 scilicet
3134 5294 3296 5348 nobis
3320 5293 3659 5348 sacrificium
3695 5294 3828 5348 illud

2207 5384 2511 5441 sacerdotis
2565 5383 2857 5447 Altissimi,
2904 5384 2972 5437 de
3004 5400 3113 5454 quo
3167 5383 3414 5452 Sponsus
3472 5383 3526 5435 in
3559 5384 3828 5438 tianticis:

2203 5474 2487 5541 Co-medite,
2518 5473 2716 5543 inquit,
2771 5473 3140 5537 inebriamini,
3186 5473 3493 5525 charissimi
3540 5474 3720 5541 (Cant.
3758 5478 3827 5535 vi.

2216 5566 2337 5621 Haec
2370 5573 2452 5619 cst
2482 5565 2573 5618 illa
2603 5565 2691 5618 lux
2742 5581 2842 5634 per
2881 5581 3045 5634 quam
3106 5563 3371 5617 Dominus
3404 5563 3552 5617 Deus
3592 5563 3829 5617 Sabaoth

2212 5657 2491 5729 quondam
2535 5656 2808 5709 illustrare
2849 5654 3107 5726 dignatus
3154 5661 3237 5707 est
3286 5653 3402 5720 Lot,
3434 5653 3670 5724 quando
3703 5670 3834 5708 con-

2214 5745 2614 5817 cupiscentiam
2649 5742 2924 5798 carnalem
2968 5742 3124 5813 quasi
3164 5742 3458 5796 Sodomam
3492 5740 3721 5816 fugiens
3754 5758 3832 5795 ar-
