4006 6198
290 258 398 312 989

1364 255 1464 308 LlB
1529 252 1612 306 DE
1652 252 1975 306 MYSTERIO
2019 252 2192 306 LIGNI
2236 252 2549 308 DOMINICI.

3519 260 3630 315 990

293 385 516 437 dentem
546 384 688 450 (Gen.
741 383 875 451 xix),
918 384 971 436 in
1018 398 1184 453 parva
1241 382 1459 436 civitate
1496 381 1668 451 Segor
1706 394 1909 449 corpus
1940 390 1983 452 Α
2013 378 2419 448 perennitatem
2459 378 2620 431 nobis
2650 387 2869 434 aeternae
2907 383 3146 439 reddidit
3190 384 3347 438 lucis.
3387 386 3507 437 tlzec
3537 392 3621 438 est

299 471 533 527 salvavit
562 476 616 524 et
646 482 909 525 mentem.
948 472 1070 526 llaec
1118 478 1202 526 est
1232 470 1324 525 illa
1357 470 1447 523 lux
1491 485 1614 540 quae
1645 469 1914 523 divinitus

296 565 591 620 illustravit
633 562 925 626 Abraham,
980 578 1102 617 cum
1145 562 1299 630 juxta
1332 568 1665 633 praeceptum
1702 557 1915 615 Domini

296 660 660 729 egrederetur
688 657 757 711 de
783 657 964 721 Aram,
988 653 1082 709 ubi
1112 670 1143 708 a
1172 653 1403 709 Domino
1435 652 1658 723 cepiosa
1686 652 1788 706 ista
1810 652 1911 706 be-

299 748 542 802 nedictio
574 747 699 800 data
724 754 806 799 est
834 743 971 798 sibi:
1003 743 1320 798 Benedieam
1340 742 1767 797 benedicentibus
1798 741 1913 805 tibi,

296 851 348 898 et
392 844 712 897 maledicam
759 840 1202 894 maledicentibus
1257 839 1353 893 tibi
1386 837 1534 908 (Gen.
1594 837 1628 906 ).
1686 836 1807 890 Haec
1835 842 1916 890 est

298 933 393 986 illa
427 932 516 985 lux
554 947 677 1001 quae
710 929 890 983 adhuc
946 928 1226 983 interioris
1256 927 1496 982 hominis
1526 926 1705 980 illuxit
1734 926 1913 989 oculo,

300 1024 393 1077 ubi
428 1023 521 1079 Lot
547 1022 698 1076 fratri
730 1036 829 1075 suo
883 1037 946 1074 ac
990 1020 1314 1074 mulieribus
1370 1018 1489 1090 ejus
1532 1016 1799 1073 succurrit
1852 1032 1915 1070 ac

300 1117 528 1188 populo,
578 1115 803 1186 quando
852 1122 1055 1169 sanctae
1093 1114 1370 1168 Trinitatis
1403 1114 1610 1168 auxilio
1652 1113 1911 1167 adversa-

299 1211 504 1264 riorum
536 1224 761 1263 suorum
795 1208 992 1262 robore
1012 1206 1162 1261 velut
1181 1207 1236 1260 in
1259 1206 1386 1279 igne
1417 1204 1790 1260 tribulationis
1819 1220 1913 1258 ex-

302 1310 459 1357 cocto
501 1302 595 1371 (3).
630 1302 753 1354 Haec
793 1308 876 1355 est
917 1300 1008 1353 illa
1041 1300 1128 1353 lux
1152 1315 1273 1371 quae
1316 1299 1496 1353 eidem
1526 1298 1757 1352 Abrahae
1788 1313 1914 1368 par-

304 1398 412 1446 tem
446 1392 515 1445 de
553 1405 652 1444 suo
680 1389 889 1443 lumine
925 1388 1101 1455 dedit,
1136 1389 1265 1442 dum
1299 1388 1367 1441 ad
1399 1404 1653 1443 occasum
1686 1387 1818 1441 solis
1847 1387 1914 1439 de

301 1479 578 1535 sacrificio
622 1478 836 1532 Domini
884 1493 1014 1531 aves
1066 1477 1273 1550 abegit,
1334 1476 1652 1547 significans
1708 1474 1919 1530 scilicet

304 1570 450 1641 quod
495 1570 564 1622 de
595 1567 863 1621 sacriﬁcio
905 1566 1171 1621 orationis
1212 1581 1375 1621 nemo
1415 1565 1683 1633 repellere
1742 1569 1920 1634 potest

304 1660 566 1715 volucres
612 1654 1029 1717 daemoniorum,
1077 1655 1185 1708 nisi
1237 1654 1305 1708 ab
1354 1654 1529 1709 oculis
1558 1653 1738 1709 cordis
1769 1652 1920 1722 prius

301 1749 547 1818 abegerit
580 1746 960 1815 phantasmata
978 1743 1254 1797 vitiorum.
1291 1743 1415 1797 Haec
1441 1752 1526 1796 est
1552 1742 1643 1795 illa
1674 1741 1762 1794 lux
1792 1756 1915 1810 qua)

302 1839 356 1891 iu
378 1835 628 1891 convalle
660 1834 1062 1889 Mambreillum
1087 1834 1352 1888 divinitus
1373 1833 1915 1904 illustravit,quando

298 1926 402 1981 sub
427 1926 622 1980 arbore
653 1925 839 1979 crucis
871 1930 988 1978 tres
1020 1922 1178 1989 vidit,
1206 1931 1258 1977 et
1286 1939 1454 1977 unum
1480 1923 1743 1987 adoravit,
1770 1929 1915 1977 tanta

302 2020 567 2076 videlicet
592 2020 767 2075 divini
801 2018 1023 2073 luminis
1049 2018 1349 2073 illustratus
1375 2019 1642 2079 claritate,
1659 2026 1717 2072 ut
1747 2033 1911 2088 quem

303 2112 505 2166 trinum
545 2110 698 2165 novit
742 2110 795 2162 in
846 2108 1121 2178 personis,
1162 2123 1332 2161 unum
1372 2107 1603 2161 adorare
1635 2106 1689 2159 in
1741 2105 1913 2172 maje-

300 2209 460 2255 state.
497 2200 619 2253 llazc
652 2207 739 2253 est
765 2196 857 2251 illa
917 2198 1005 2250 lux
1037 2212 1158 2267 quae
1189 2196 1413 2250 aliunde
1442 2196 1625 2250 adhuc
1662 2196 1913 2265 resplen-

303 2291 425 2346 duit
450 2291 577 2357 sibi,
610 2290 701 2344 ubi
741 2288 1002 2343 Dominus
1030 2288 1096 2341 ad
1129 2304 1289 2341 eum:
1338 2286 1498 2351 Ofier,
1532 2287 1727 2357 inquit,
1780 2286 1914 2340 mihi

303 2383 474 2437 filium
528 2389 679 2436 tuum
748 2396 917 2450 super
967 2395 1138 2434 unum
1202 2379 1469 2434 montium
1524 2394 1686 2449 quem
1756 2392 1918 2432 mon-

302 2484 548 2529 stravcro
576 2471 707 2536 tibi;
760 2487 860 2541 per
888 2470 1038 2542 quod
1081 2469 1339 2523 videlicet
1369 2469 1532 2523 nobis
1572 2468 1787 2523 diversa
1812 2468 1919 2521 Do-

304 2567 522 2622 minicae
557 2564 832 2635 passionis
863 2572 917 2617 et
955 2562 1135 2617 crucis
1178 2560 1415 2630 praetulit
1451 2560 1627 2631 signa,
1681 2559 1810 2613 dum
1862 2557 1917 2612 in

300 2661 493 2715 eadem
540 2656 799 2729 mysteria
830 2655 1004 2709 filium
1053 2654 1333 2727 colligavit
1373 2669 1434 2706 ac
1482 2652 1648 2725 ligna.
1688 2652 1811 2705 lla3c
1838 2658 1919 2704 est

309 2754 400 2806 illa
432 2751 519 2805 lux
544 2767 642 2820 per
665 2765 826 2820 quam
859 2748 1160 2800 illustratus
1178 2746 1459 2809 estisaac,
1495 2743 1639 2797 filius
1667 2743 1913 2805 Abralne,

308 2858 435 2896 cum
486 2840 617 2891 Sara
647 2846 701 2891 et
732 2839 870 2904 Agar
901 2835 1069 2889 rixam
1101 2834 1371 2887 haberent
1402 2833 1544 2885 inter
1572 2850 1651 2895 se,
1693 2830 1913 2901 quando

303 2932 358 2984 in
392 2929 586 3001 figura.
625 2925 918 2979 Salvatoris
947 2924 1002 2977 in
1033 2924 1198 2978 domo
1231 2923 1400 2993 patris
1425 2923 1507 2976 sui
1541 2930 1645 2976 tam
1681 2923 1914 2976 honeste

2017 469 2110 523 illa
2140 470 2231 524 lux
2251 486 2374 540 qua:
2404 469 2459 522 in
2490 469 2684 523 eodem
2720 471 2868 525 Isaac
2910 471 3081 527 filium
3121 476 3278 530 nobis
3314 474 3631 529 clariticavit

2017 560 2221 626 Mariae,
2273 561 2365 615 ubi
2419 576 2656 629 egressus
2710 568 2787 616 est
2840 565 2909 616 ad
2948 568 3321 620 meditandum
3374 570 3435 621 in
3480 583 3627 635 agro,

2016 654 2283 707 inclinata
2304 657 2429 722 jam
2456 655 2541 707 die
2572 658 2695 717 (Gen
2748 655 2927 721 xxxv);
2962 655 3303 729 significans,
3350 656 3628 721 videlicet,

2015 744 2163 814 quod
2212 745 2534 817 unigenitus
2568 745 2662 798 Dei
2702 745 2869 799 Filius
2912 747 2966 799 in
3020 762 3151 818 agro
3209 748 3371 815 hujus
3414 748 3627 813 mundi,

2015 836 2164 890 velut
2194 837 2261 890 ad
2295 837 2674 891 meditandum
2708 837 3100 903 deambulavit,
3130 839 3258 892 dum
3294 854 3392 908 per
3426 839 3629 905 clavos,

2016 924 2262 979 lanceam
2314 935 2367 980 et
2421 941 2638 980 crucem
2697 926 2765 979 ad
2818 935 3047 981 mortem
3082 942 3257 997 usque
3292 927 3628 996 properavit.

2015 1018 2140 1073 Haec
2167 1029 2250 1073 est
2305 1020 2395 1074 illa
2432 1019 2519 1074 lux
2561 1036 2682 1091 qua)
2737 1021 2993 1075 eumdem
3031 1022 3180 1075 Isaac
3208 1029 3263 1075 et
3305 1021 3416 1076 alio
3468 1021 3632 1075 modo

2016 1108 2187 1162 voluit
2217 1108 2532 1162 illuminare
2573 1109 2702 1162 dum
2737 1110 2886 1183 ligna
2924 1110 3230 1165 holocausti
3286 1109 3484 1165 meruit
3515 1109 3632 1179 ipse

2015 1205 2269 1265 portare:
2320 1196 2550 1266 mystice
2587 1196 2797 1250 scilicet
2837 1196 3000 1250 nobis
3030 1196 3270 1250 innuens
3316 1197 3463 1267 quod
3493 1196 3635 1250 sicut

2016 1284 2135 1354 ipse
2177 1284 2326 1355 ligna
2397 1284 2450 1337 in
2498 1285 2879 1339 holocaustum
2936 1285 3220 1352 bajulavit,
3283 1285 3355 1338 ita
3389 1284 3632 1338 Christus

2014 1394 2230 1433 crucem
2266 1395 2419 1432 suam
2450 1379 2503 1433 in
2537 1379 2655 1449 ipsa
2677 1380 2932 1449 passione
2964 1380 3200 1449 portavit
3236 1380 3439 1449 (Matth.
3478 1396 3630 1442 xx1v;

2019 1472 2177 1521 Marc.
2239 1484 2341 1531 xv;
2396 1474 2519 1522 Luc.
2580 1485 2745 1536 xxiii;
2791 1474 2946 1522 Joan.
3030 1470 3160 1538 xxx).
3221 1469 3343 1522 Haec
3400 1476 3485 1522 est
3541 1468 3634 1521 illa

2020 1562 2130 1626 lux,
2181 1578 2302 1633 quae
2353 1563 2402 1615 in
2465 1563 2619 1617 asino
2687 1562 2781 1617 illo
2834 1563 3078 1617 Judaicze
3156 1562 3416 1617 caecitatis
3470 1562 3632 1617 nobis

2021 1654 2289 1723 expressit
2321 1654 2487 1708 chaos
2517 1654 2585 1707 de
2613 1670 2722 1724 quo
2750 1654 3014 1724 scriptum
3048 1662 3160 1708 est:
3208 1659 3520 1722 Exspectate
3550 1656 3634 1708 hic

2015 1760 2138 1798 eum
2196 1749 2368 1811 asino,
2413 1747 2575 1799 donec
2625 1752 2964 1799 revertamur
3012 1747 3081 1798 ad
3136 1761 3223 1800 vos
3280 1746 3427 1799 iGen.
3477 1746 3629 1811 xxii),

2016 1837 2244 1905 mystice
2292 1837 2501 1891 scilicet
2558 1838 2858 1909 designans
2906 1838 3053 1907 quod
3113 1837 3179 1890 ad
3237 1837 3483 1901 Judaeos,
3533 1836 3628 1906 qui

2016 1931 2259 1984 nondum
2289 1938 2416 1985 sunt
2458 1931 2618 1985 fidem
2674 1939 2876 1986 sanctae.
2916 1931 3191 1985 Trinitatis
3225 1930 3454 2000 echrti,
3489 1930 3631 1983 circa

2015 2020 2178 2074 finem
2213 2023 2398 2076 saeculi
2440 2021 2568 2075 ﬁdei
2596 2021 2803 2075 debent
2831 2021 3139 2076 arrhabone
3167 2022 3385 2074 reverti.
3418 2021 3631 2075 Hieccst

2015 2114 2105 2166 illa
2135 2112 2225 2167 lux
2257 2130 2378 2184 qua!
2412 2129 2512 2184 per
2540 2114 2663 2174 hoc,
2716 2112 2862 2183 quod
2907 2113 3049 2165 aries
3082 2113 3396 2166 immolatus
3438 2120 3540 2178 est,
3581 2121 3635 2166 et

2018 2206 2165 2259 Isaac
2192 2205 2384 2269 evasit,
2417 2204 2625 2274 duplici
2660 2205 2920 2274 mysterio
2954 2220 3055 2257 nos
3089 2205 3357 2258 irradiarc
3388 2205 3630 2259 curavit:

2016 2294 2196 2363 typicc
2226 2294 2387 2349 nobis
2446 2294 2737 2347 insinuans
2785 2292 2912 2363 quia
2967 2293 3093 2346 licet
3127 2293 3178 2346 in
3218 2292 3477 2362 passione
3534 2308 3633 2346 sua

2019 2386 2263 2440 diversas
2295 2385 2579 2439 irrisiones
2620 2385 2903 2454 pertulerit
2948 2385 3129 2447 Jesus,
3188 2384 3240 2438 in
3292 2384 3630 2438 humanitate

2022 2487 2205 2533 tamen
2259 2495 2473 2548 passus,
2530 2486 2582 2532 et
2628 2479 2680 2531 in
2733 2477 3018 2531 divinitate
3068 2477 3372 2547 permansit
3408 2476 3626 2529 illaesus.

2025 2573 2145 2627 Haec
2174 2580 2257 2627 est
2297 2572 2390 2626 illa
2423 2572 2511 2627 lux
2557 2589 2680 2643 quae
2701 2572 2870 2626 Jacob
2900 2572 3001 2626 sub
3034 2579 3163 2641 typo
3192 2571 3416 2640 gentilis
3442 2570 3631 2640 p0puli

2022 2662 2237 2717 coalitus
2268 2661 2445 2715 illuxit
2471 2665 2598 2726 (Gen
2653 2661 2847 2730 xxvn),
2880 2659 3007 2713 dum
3040 2659 3106 2713 ad
3142 2666 3419 2729 paternam
3454 2657 3630 2711 benc-

2020 2755 2316 2809 dictionem
2381 2754 2530 2824 prior
2568 2770 2693 2808 eum
2748 2754 2922 2827 gratia
2977 2760 3152 2806 mater
3205 2752 3525 2815 introduxit,
3574 2757 3633 2804 ut

2020 2844 2200 2897 minor
2227 2843 2372 2897 idem
2404 2842 2572 2896 frater
2608 2858 2674 2896 eo
2705 2842 2942 2908 majores
2982 2841 3185 2912 gratias
3209 2839 3437 2893 referret
3476 2854 3633 2893 crea-

2022 2936 2146 2991 tori.
2180 2950 2472 3005 quousque
2525 2934 2693 2988 hodie
2752 2934 2926 3001 major
2957 2933 3125 2987 debet
3156 2932 3361 2985 servire
3407 2930 3629 2984 minori.

302 3020 520 3075 8010])?”
549 3017 753 3081 vivere,
790 3023 847 3069 Ui.
880 3017 1051 3069 haeres
1083 3014 1203 3068 fieri
1234 3031 1344 3069 non
1400 3025 1585 3085 POSSCI.
1820 3029 1918 3066 an-
1947 3070 1990 3093 Π
2025 3026 2147 3079 Ηξεο
2182 3030 2266 3078 est
2433 3023 2521 3078 lux
2580 3040 2678 3093 Per
2704 3039 2866 3093 quam
3130 3021 3298 3076 Jacob
3345 3019 3631 3074 Dominum

304 3110 452 3165 Cilla?
486 3124 607 3162 cum
644 3105 756 3160 filio
806 3105 1012 3159 liberte.
1053 3105 1174 3158 lltec
1224 3112 1308 3158 est
1338 3074 1431 3158 illa
1476 3104 1563 3157 lux
1614 3119 1734 3173 qum
1761 3102 1919 3155 nobis
1945 3074 1993 3136 (λ
2905 3074 3177 3165 [iet-same
3301 3110 3458 3163 Aram
3507 3124 3630 3178 per-

299 3199 535 3252 formam
606 3195 929 3249 humilitatis
956 3194 1223 3256 ostendit,
1282 3194 1413 3247 dum
1472 3192 1741 3253 Rebecca,
1796 3189 1914 3244 viso

303 3293 485 3353 Isaac,
528 3289 595 3342 de
628 3286 839 3343 camelo
876 3286 1165 3340 descendit
1190 3287 1339 3350 (Gen.
1384 3286 1546 3353 xx1v),
1580 3283 1760 3354 typicc
1798 3281 1911 3335 sci-

298 3381 427 3434 licet
454 3376 771 3449 significans
799 3375 944 3446 quod
986 3373 1211 3444 antiqua
1240 3374 1516 3445 gentilitas
1542 3372 1709 3427 totius
1738 3370 1914 3425 idolo-

296 3475 471 3529 latria:
494 3471 743 3527 deseruit
766 3471 1053 3531 struinam,
1074 3470 1203 3522 dum
1232 3469 1541 3539 quasivisio
1574 3469 1629 3521 in
1657 3466 1913 3537 passione

302 3564 519 3619 Domini
554 3562 681 3615 fidei
711 3561 914 3615 meruit
944 3576 1244 3632 agnoscere
1285 3561 1525 3630 plumam
1562 3559 1815 3629 [palmum
1844 3556 1910 3629 τι.

306 3657 435 3710 Haec
460 3666 545 3708 est
578 3652 671 3707 illa
702 3654 789 3705 lux
818 3667 940 3721 quae
973 3651 1151 3703 cidem
1180 3651 1329 3703 Isaac
1352 3665 1416 3703 eo
1442 3659 1686 3719 tempore
1714 3648 1916 3703 divini-

305 3758 397 3801 tus
440 3745 616 3799 illuxit
662 3745 792 3814 (ibid
821 3746 857 3809 ζ,
909 3742 1128 3813 quando
1174 3742 1473 3795 Rebeccam
1509 3756 1731 3795 uxorem
1763 3757 1915 3794 suam

305 3840 570 3911 diligens,
616 3836 672 3889 in
719 3835 1129 3888 tabernaculum
1178 3834 1322 3887 Sara:
1364 3834 1553 3887 matris
1595 3833 1916 3897 introduxit,

306 3946 408 4002 per
442 3927 587 3999 quod
623 3926 877 3979 videlicet
908 3925 1238 3979 introductio
1267 3924 1532 3978 illunobis
1564 3923 1918 3995 praetenditur

303 4026 360 4077 in
400 4021 575 4094 figura
608 4020 676 4073 de
701 4034 808 4090 qua
840 4017 1153 4071 Ecclesiain
1182 4016 1443 4071 Canticis:
1478 4018 1785 4071 Introduxit
1812 4032 1915 4080 me,

300 4114 510 4186 inquit,
538 4129 635 4168 rex
673 4116 733 4167 in
765 4114 983 4168 cellaria
1013 4128 1113 4166 sua
1145 4116 1316 4178 (Cant.
1353 4118 1405 4165 il.
1444 4110 1567 4165 llaec
1597 4117 1679 4165 est
1710 4110 1798 4163 illa
1828 4109 1917 4163 lux

303 4224 432 4281 qua:
464 4206 723 4261 eumdem
759 4207 907 4259 Isaac
932 4205 1240 4275 disciplina),
1271 4204 1511 4259 caelestis
1539 4202 1916 4257 moderamine

302 4297 469 4359 rexit,
494 4297 622 4349 dum
652 4295 953 4349 Ri-bcccam
995 4310 1220 4349 uxorem
1247 4311 1401 4348 suam
1428 4293 1599 4347 nimio
1619 4307 1803 4347 amore
1832 4292 1917 4345 di-

301 4392 438 4447 lexit
470 4396 615 4453 (Gen.
646 4390 811 4455 xxxv),
863 4387 1181 4462 significans
1230 4389 1489 4447 videlicet
1545 4388 1690 4459 quod
1723 4387 1922 4460 unige-

304 4482 456 4535 nitus
494 4479 587 4532 Dei
627 4477 791 4531 Filius
822 4477 985 4530 nimis
1023 4478 1315 4532 Ecclesiam
1348 4478 1567 4535 amavit.
1601 4478 1729 4531 dum
1763 4475 1915 4530 dolo-

304 4589 420 4627 rem
450 4587 573 4641 quae
598 4586 662 4623 ex
682 4576 862 4623 morte
887 4569 1073 4622 matris
1096 4585 1207 4623 sua:
1221 4569 1523 4645 Synagogm
1550 4571 1657 4624 sibi
1685 4587 1929 4627 accesse-

304 4672 410 4731 rat,
450 4662 781 4731 temperavit
836 4662 959 4715 Haec
989 4662 1176 4716 estilla
1198 4663 1286 4715 lux
1316 4679 1437 4733 quae
1460 4664 1608 4718 Isaac
1632 4672 1686 4718 et
1720 4666 1923 4720 Rebec-

302 4770 426 4809 cam
486 4752 705 4806 etelitus
746 4749 1057 4816 illustravit,
1098 4751 1226 4803 dum
1276 4750 1331 4803 in
1386 4751 1559 4820 figura
1613 4751 1810 4807 Christi
1867 4762 1921 4809 et

308 4843 568 4899 Ecclesite
599 4843 829 4896 alterum
863 4841 1018 4895 alteri
1052 4849 1240 4897 mutua
1270 4843 1536 4897 charitate
1584 4844 1831 4911 sociavit,
1862 4856 1918 4901 ut

309 4932 552 4987 Ecclesia
603 4931 818 4985 Christo
872 4938 1019 4984 tanta
1095 4930 1389 4985 dilectione
1445 4933 1809 5002 copulandam
1865 4952 1923 4990 se

305 5025 446 5078 sciat
479 5025 655 5089 (ibid),
688 5030 750 5076 ut
806 5038 915 5093 pne
947 5037 1131 5076 amore
1173 5022 1320 5075 illius
1354 5039 1492 5077 uxor
1534 5040 1814 5095 nunquam
1848 5028 1928 5080 al-

309 5116 481 5170 terius
515 5115 626 5168 tiat.

384 5206 503 5259 "me
540 5212 624 5257 est
665 5206 756 5259 illa
815 5207 925 5266 lux,
969 5221 1064 5275 per
1114 5222 1277 5276 quam
1320 5206 1464 5259 idem
1527 5208 1678 5261 Isaac
1712 5209 1927 5263 etelitus

312 5298 514 5353 meruit
559 5298 836 5358 illustrari,
881 5299 1104 5369 quando
1153 5300 1400 5353 Salvator
1455 5306 1642 5354 noster
1693 5315 1790 5369 pro
1839 5316 1926 5366 eo,

309 5390 467 5462 quasi
504 5389 668 5453 aries,
696 5389 867 5443 voluit
900 5390 1197 5445 immolari:
1262 5391 1353 5462 qui
1396 5391 1524 5445 dum
1560 5390 1703 5445 inter
1731 5407 1930 5462 vepres

311 5485 660 5551 peccatorum
736 5488 1047 5534 nostrorum
1096 5480 1327 5535 adhzesit
1411 5480 1676 5535 cornibus
1726 5482 1927 5547 crucis,

386 5648 468 5715 (3)
502 5646 728 5701 Videtur
750 5646 960 5717 aliquid
994 5647 1212 5702 deesse.

2014 3222 2170 3279 gens,
2222 3207 2278 3259 in
2327 3206 2527 3260 itinere
2580 3204 2837 3259 dormivit
2902 3206 3052 3273 (Gen.
3120 3202 3346 3272 xxviii):
3406 3200 3632 3270 mystice

2015 3296 2314 3366 designans
2344 3296 2491 3365 quod
2539 3293 2629 3348 lux
2690 3294 2996 3349 divinitatis
3038 3292 3175 3347 nulli
3229 3291 3448 3361 penitus
3507 3288 3633 3342 illu—

2016 3388 2206 3455 cescit,
2260 3387 2365 3440 nisi
2396 3388 2488 3458 qui
2542 3387 2597 3440 in
2640 3387 2871 3440 transitu
2908 3386 3071 3455 hujus
3133 3382 3321 3437 mundi
3363 3380 3430 3435 ab
3481 3379 3631 3435 omni

2017 3476 2220 3531 carnali
2242 3476 2701 3546 concupiscentia
2724 3474 2983 3545 quiescit.
3020 3474 3143 3527 ch
3169 3480 3249 3526 est
3272 3471 3361 3524 illa
3395 3470 3481 3523 lux
3512 3485 3633 3539 quae

2018 3568 2266 3622 eamdem
2296 3568 2465 3622 Jacob
2500 3567 2680 3621 adhuc
2733 3566 2810 3620 ibi
2849 3565 3114 3619 divinitus
3147 3562 3461 3626 illustravit,
3502 3562 3630 3614 dum

2019 3659 2072 3711 in
2103 3657 2247 3711 scala
2307 3656 2559 3711 Ecclesiae
2616 3656 2844 3727 angelos
2896 3654 3258 3708 ascendentes
3317 3651 3635 3706 etdescen-

2021 3749 2215 3801 dentes
2269 3754 2323 3801 et
2398 3747 2612 3801 visione
2677 3745 2998 3800 monstravit
3065 3744 3193 3814 (Gen
3293 3752 3459 3803 xxix),
3536 3757 3635 3810 per

2022 3843 2438 3897 descensionem
2480 3842 2691 3897 scilicet
2746 3841 2909 3895 nobis
2961 3841 3222 3900 innuens,
3271 3845 3331 3890 ut
3376 3836 3635 3906 diligatur

2022 3932 2301 4002 proximus
2339 3948 2436 4001 per
2486 3931 2863 3985 ascensionem
2914 3944 3044 3982 vero
3078 3936 3135 3981 ut
3166 3926 3427 3999 diligatur
3469 3925 3627 3977 Deus.

2024 4024 2144 4077 Haec
2174 4030 2255 4077 est
2296 4023 2386 4077 illa
2419 4022 2507 4075 lux
2547 4038 2643 4093 per
2664 4038 2826 4093 quam
2857 4021 3024 4075 Jacob
3074 4027 3128 4073 et
3165 4018 3271 4072 alio
3317 4015 3480 4070 modo
3510 4014 3632 4069 illu-

2020 4115 2175 4168 strari
2206 4114 2518 4180 videbatur,
2549 4116 2675 4167 dum
2714 4129 2810 4184 pro
2838 4111 3182 4183 adaquandis
3212 4109 3405 4165 ovibus
3434 4106 3637 4161 amovit

2020 4204 2258 4273 lapidem
2283 4218 2393 4274 quo
2415 4210 2615 4273 puteus
2631 4201 3011 4265 claudebatur,
3034 4198 3354 4273 significans
3378 4195 3638 4249 videlicet

2018 4297 2165 4367 quod
2195 4313 2356 4349 verus
2386 4296 2553 4349 Jaeob
2594 4295 2649 4347 in
2682 4311 2775 4348 ara
2806 4294 2985 4348 crucis
3044 4293 3301 4364 dignatus
3340 4297 3423 4343 est
3473 4287 3636 4340 nobis

2026 4394 2246 4455 puteum
2312 4385 2526 4455 aperire
2579 4383 2843 4449 veritatis,
2899 4389 2958 4436 ut
3013 4398 3078 4436 ex
3146 4390 3311 4451 puteo
3368 4375 3633 4431 Dominici

2025 4475 2313 4549 sanguinis
2344 4473 2698 4528 reficeremur
2738 4474 2886 4526 unda
2916 4470 3217 4525 cliaritatis.
3265 4468 3384 4521 llaec
3422 4474 3507 4519 est
3546 4464 3635 4517 illa

2030 4569 2118 4621 lux
2175 4584 2271 4637 per
2319 4582 2481 4638 quam
2519 4566 2686 4619 Jacob
2719 4563 3006 4618 Rachelem
3060 4562 3163 4615 sibi
3206 4574 3429 4613 uxorem
3486 4556 3639 4611 novit

2028 4676 2153 4716 esse
2185 4660 2442 4724 futuram,
2468 4659 2619 4723 dum,
2650 4658 2923 4728 adaquato
2956 4672 3123 4731 grege
3155 4655 3296 4722 eius,
3330 4668 3448 4706 eam
3474 4665 3638 4704 oscu-

2023 4752 2119 4806 lari
2162 4750 2350 4821 cmpit,
2406 4757 2465 4803 ut
2490 4766 2666 4815 suam,
2703 4749 2881 4819 typicc
2934 4748 3142 4802 scilicet
3173 4746 3459 4799 insinuans
3489 4740 3637 4813 quod

2019 4845 2261 4900 Ecclesia
2286 4861 2408 4898 cum
2443 4842 2653 4897 Christo
2695 4851 2817 4913 post
2857 4842 3181 4896 effusionem
3230 4837 3517 4912 sanguinis
3554 4836 3636 4891 sui

2028 4936 2325 4992 osculoillo
2356 4934 2822 4989 eharitatisdehet
2842 4931 3289 4988 aeternaliterfrui
3343 4930 3415 4983 De
3437 4932 3641 4998 Sponsa

2028 5033 2085 5086 in
2146 5029 2408 5085 Canticis:
2462 5030 2754 5094 Osca/(stur,
2814 5028 3011 5099 inquit,
3074 5042 3162 5081 me
3215 5027 3435 5080 dilectus
3491 5038 3641 5077 meus

2028 5121 2202 5175 osculo
2227 5122 2334 5174 oris
2360 5122 2448 5173 sui
2474 5122 2649 5183 (Cant.
2684 5121 2743 5184 ι).
2786 5118 2907 5171 Haec
2947 5126 3031 5171 est
3079 5116 3171 5169 illa
3202 5116 3293 5169 lux
3324 5130 3445 5184 quae
3470 5111 3642 5166 .Iacoh

2030 5209 2335 5262 illustratus
2393 5206 2634 5276 ponebat
2675 5206 2855 5279 virgas
2921 5205 2976 5259 in
3036 5202 3320 5259 canalibus
3374 5214 3639 5271 aquarum

2031 5300 2176 5361 (Gen.
2223 5304 2289 5367 1.),
2351 5298 2585 5366 utjuxta
2622 5299 2945 5352 varietatem
3002 5297 3215 5351 illarum
3247 5293 3433 5347 varius
3488 5290 3643 5343 fieret

2032 5393 2176 5447 fetus
2215 5392 2398 5446 ovium
2422 5408 2677 5446 suarum:
2735 5392 2915 5461 typicc
2944 5391 3103 5447 nobis
3143 5390 3380 5443 innuens
3405 5383 3551 5455 quod
3588 5382 3640 5434 in

2031 5483 2315 5537 canalibus
2345 5482 2592 5537 cordium
2650 5489 2959 5536 nostrorum
3002 5483 3112 5536 Deo
3153 5480 3378 5551 dignum
3431 5488 3642 5543 praepa-
