4006 6198
469 309 564 361 991

1481 320 1844 379 BERENGOSI
1885 326 2162 380 ABBATIS
2203 327 2256 378 S.
2302 324 2537 379 MAXIMI
2577 324 2834 379 TREVIR.

3702 334 3818 389 992

463 451 580 488 rare
613 452 722 492 non
752 454 1043 508 possumus
1091 444 1380 512 templum,
1416 446 1521 502 nisi
1569 466 1671 520 pro
1711 452 2077 521 concipienda
2111 462 2153 524 Α
2181 466 2337 506 ovem
2379 451 2761 515 centesimam,
2811 451 2881 505 de
2933 455 3225 509 meretrice
3284 472 3573 528 sponsam,
3633 466 3691 513 et
3743 460 3815 514 de

460 526 724 582 varietate
797 530 1080 597 virtutum,
1156 534 1224 587 de
1275 537 1437 591 bonis
1516 558 1736 612 semper
1801 560 2080 598 sumamus

462 617 798 684 exemplum.
832 618 951 674 Haec
980 628 1061 674 est
1092 621 1185 676 illa
1220 623 1309 678 lux
1338 643 1434 695 per
1464 645 1626 699 quam
1658 631 1823 686 etiam
1874 648 1973 686 nos
2012 635 2078 686 ad

471 701 929 760 illuminationem
964 711 1229 765 mentium
1262 714 1401 767 vitas
1432 718 1647 771 l’atrum
1678 720 1732 773 in
1765 723 2076 791 exemplum

468 792 755 857 habemus,
790 813 887 865 per
916 814 1075 867 quas,
1108 801 1309 856 cortice
1344 805 1480 879 legis
1510 808 1714 871 ablato,
1756 818 1810 863 et
1840 813 2080 867 candore

462 880 650 950 gratiae
682 894 975 955 concepto,
1021 889 1227 957 prolem
1259 892 1391 946 boni
1424 897 1609 964 operis
1639 899 1863 973 gignere
1915 901 2083 956 debe-

466 986 607 1035 mus,
644 971 687 1024 si
722 983 801 1039 tu,
836 976 980 1029 Deus
1018 979 1393 1048 omnipotens,
1444 1000 1546 1039 nos
1599 971 1738 1042 intra
1778 1005 1910 1044 oves
1962 992 2082 1047 illas

466 1059 669 1113 t'etosas
730 1062 1024 1119 fecundare
1092 1068 1338 1140 digneris
1376 1071 1429 1124 in
1484 1073 1785 1131 virtutibus
1826 1080 1952 1144 tuis,
2008 1082 2078 1137 de

464 1149 666 1216 quibus
711 1152 937 1207 dicitur:
988 1162 1110 1212 Oves
1151 1174 1337 1215 eorum
1392 1166 1572 1231 fetoste
1623 1170 1963 1229 abundantes
2020 1178 2081 1229 in

461 1242 752 1335 egressibus
780 1248 892 1299 suis
936 1248 1096 1316 (Psal.
1142 1261 1340 1315 cxmuL
1398 1257 1519 1311 Haec
1561 1267 1647 1313 est
1686 1260 1778 1315 illa
1824 1263 1910 1317 lux
1958 1282 2080 1335 qua:

462 1328 642 1384 eidem
670 1334 837 1389 Jacob
868 1338 1086 1394 duobus
1117 1346 1504 1412 modisilluxit,
1531 1350 1658 1404 dum
1693 1354 1871 1422 primo
1907 1328 2080 1419 Liam,

462 1425 707 1479 secundo
754 1428 952 1484 Rachel
988 1433 1040 1486 in
1084 1452 1309 1491 uxorem
1355 1438 1537 1494 duxit:
1584 1460 1681 1513 per
1712 1446 1821 1500 hoc
1868 1449 2083 1504 scilicet

464 1513 625 1569 nobis
682 1517 970 1576 insinuans
1001 1530 1319 1595 mysterium
1377 1516 1510 1584 illud
1542 1536 1778 1589 salutare
1834 1538 1906 1592 de
1963 1556 2074 1610 quo

463 1603 775 1672 Apestolus,
816 1616 928 1663 Non
952 1617 1125 1681 prius,
1169 1616 1368 1688 inquit,
1401 1623 1536 1689 quod
1563 1626 1863 1693 spirituale,
1892 1636 1968 1682 est
1982 1603 2080 1683 sed

460 1699 597 1789 quod
624 1703 865 1756 animale
894 1708 943 1773 (Ι
968 1710 1083 1760 Cor.
1115 1720 1224 1778 xv).
1265 1712 1385 1767 Haec
1415 1723 1497 1770 est
1526 1716 1618 1770 illa
1650 1718 1736 1771 lux
1768 1735 1875 1789 qua
1902 1721 2072 1775 Jacob

465 1783 765 1841 illustratus
811 1790 877 1843 ad
920 1795 1170 1849 eamdem
1228 1798 1591 1857 differentiam
1654 1783 1890 1876 spatium
1944 1809 2071 1864 fecit

465 1880 605 1970 inter
660 1900 884 1957 gregem
927 1896 981 1942 et
1025 1908 1275 1965 gregem,
1324 1914 1447 1968 quae
1485 1916 1658 1970 usque
1713 1903 1876 1957 hodie
1929 1906 2073 1960 inter

464 1967 640 2041 legem
701 1974 980 2041 speeiatur
1053 1987 1107 2033 et
1178 1967 1380 2056 legem,
1438 2003 1506 2041 ne
1570 1967 1844 2060 ignorare
1901 1993 2074 2062 possit

463 2060 644 2113 omnis
698 2061 943 2119 fidelium
988 2078 1162 2124 caelus
1225 2073 1357 2142 quid
1417 2091 1515 2144 per
1576 2077 1812 2133 salutare
1869 2060 2072 2150 myste-

466 2149 606 2203 rium
655 2168 793 2207 nova
852 2156 935 2210 lex
990 2159 1249 2231 loquatur
1297 2173 1390 2219 aut
1429 2175 1605 2221 vetus.
1659 2168 1782 2224 Haec
1836 2149 1936 2225 est
1984 2171 2077 2225 illa

464 2239 555 2292 lux
617 2259 740 2312 qua:
806 2246 1087 2303 interioris
1152 2254 1299 2307 oculi
1358 2255 1479 2322 ejus
1540 2258 1722 2313 adhuc
1787 2260 2078 2316 illustravit

461 2333 655 2398 aciem,
718 2341 942 2407 quando
1010 2351 1195 2414 raptus
1265 2348 1405 2402 ultra
1461 2366 1520 2403 se
1578 2351 1712 2405 vidit
1785 2354 2073 2409 Dominum

464 2424 600 2478 facie
650 2427 718 2480 ad
774 2428 1000 2485 faciem:
1062 2437 1311 2505 quamvis
1360 2454 1486 2492 eum
1538 2440 1592 2493 in
1644 2440 1935 2497 divinitate
1978 2458 2075 2497 sua

460 2511 660 2568 viderit
735 2533 1041 2590 nunquam,
1121 2531 1353 2581 testante
1432 2529 1667 2594 Joanne,
1738 2530 1831 2601 qui
1890 2532 2073 2586 dicit:

461 2606 624 2655 Deum
678 2621 833 2662 nemo
880 2611 1013 2664 vidit
1060 2627 1304 2681 unquam
1358 2617 1406 2683 (ι
1466 2621 1623 2671 Joan.
1680 2623 1775 2686 IV).
1836 2618 1959 2673 limo
1994 2627 2078 2673 est

462 2692 553 2748 illa
603 2695 691 2750 lux
752 2700 844 2769 qui
900 2704 1154 2758 eumdem
1214 2706 1384 2763 Jacob
1428 2709 1721 2765 illustravit
1766 2711 1821 2765 in
1868 2712 2074 2778 Bethel,

464 2785 580 2853 ubi,
623 2796 832 2847 mutato
874 2797 1097 2851 nomine
1144 2799 1336 2868 Jacob,
1367 2802 1666 2872 appellavit
1704 2819 1830 2858 eum
1864 2805 2026 2859 lsrael
2062 2824 2075 2859 :

462 2882 691 2951 mystice
726 2887 1025 2961 designans
1063 2895 1211 2962 quod
1265 2896 1601 2965 spiritalibus
1658 2906 1866 2953 tantum
1897 2900 2075 2955 oculis

459 2969 651 3025 videre
681 2974 951 3031 debemus
1008 2996 1195 3035 verum
1255 2983 1403 3037 illum
1459 2986 1792 3053 Nazaraaum,
1835 2988 1903 3040 de
1959 3005 2069 3059 quo

2181 546 2470 618 Synagoga
2500 544 2627 599 fecit
2675 545 2991 600 Ecclesiam.
3026 548 3152 603 Hmc
3171 557 3257 605 est
3285 550 3377 605 illa
3408 553 3496 606 lux
3516 569 3809 624 perquam

2178 634 2349 688 Judas
2401 634 2687 698 annulum,
2732 633 2987 689 baculum
3029 643 3083 690 et
3135 639 3426 707 armillam,
3468 657 3593 712 quae
3645 643 3814 715 signa

2181 732 2336 780 erant
2384 726 2731 786 arrhabonis.
2797 729 2979 783 eidem
3032 731 3266 787 Thamar
3316 733 3469 789 dedit
3498 735 3553 789 in
3589 737 3809 809 pignus

2182 817 2508 883 vocationis,
2532 816 2943 885 justificationis
2973 830 3029 875 et
3068 822 3508 895 glorificationis,
3565 829 3801 901 quando

2186 907 2434 963 Christus
2465 908 2761 964 Ecclesiam
2803 914 3022 983 corpori
3052 930 3152 969 suo
3178 915 3234 969 in
3266 932 3358 971 ara
3373 920 3553 975 erucis
3584 923 3806 992 triplici

2183 996 2291 1051 hoc
2321 998 2629 1053 arrhabone
2668 1000 2919 1068 sociavit,
2953 1003 3023 1057 de
3054 1019 3166 1074 quo
3197 1006 3460 1076 scriptum
3502 1017 3617 1063 est:
3668 1015 3816 1075 Quos

2180 1089 2407 1152 vocavit,
2438 1088 2527 1142 hos
2548 1092 2598 1141 et
2617 1090 2961 1155 justiﬁcavit,
3001 1098 3052 1144 et
3078 1107 3205 1160 quos
3224 1096 3568 1162 justiﬁcavit,
3613 1100 3738 1153 illos
3762 1108 3815 1154 et

2182 1175 2503 1242 gloriﬁcavit
2551 1177 2713 1244 (Rom.
2746 1180 2879 1247 vui).
2913 1178 3036 1233 Haec
3074 1187 3159 1234 est
3204 1181 3296 1236 illa
3342 1183 3431 1237 lux
3484 1201 3583 1255 per
3629 1203 3805 1257 quam

2185 1261 2410 1328 Phares,
2450 1264 2543 1333 qui
2599 1264 2787 1319 divisio
2837 1265 3249 1336 interpretatur,
3317 1271 3491 1341 gratia
3547 1273 3808 1327 caelestis

2188 1353 2391 1419 arrisit,
2424 1354 2554 1408 dum
2590 1356 2645 1408 in
2674 1363 2803 1425 typo
2833 1357 3058 1427 gentilis
3088 1359 3277 1428 populi
3317 1376 3442 1414 eum
3498 1378 3530 1415 a
3571 1363 3817 1418 Judaica

2188 1446 2517 1502 infidelitate
2556 1449 2763 1515 divisit,
2807 1458 2865 1504 ut
2903 1458 2957 1505 et
2996 1451 3139 1507 inter
3179 1452 3318 1507 alios
3359 1454 3655 1525 partiretur
3683 1458 3816 1513 illas

2184 1539 2494 1595 divisiones
2524 1541 3014 1608 ministrationum,
3044 1544 3113 1598 de
3144 1545 3347 1616 quibus
3383 1547 3651 1617 scriptum
3684 1559 3806 1605 est:

2178 1634 2289 1688 Alii
2335 1651 2532 1704 genera
2581 1639 2918 1705 linguarum,
2968 1640 3067 1692 alii
3092 1642 3468 1708 interpretatio
3491 1657 3814 1698 sermonum

2181 1726 2222 1791 (Ι
2245 1727 2358 1777 Cor.
2405 1728 2520 1791 xu).
2559 1725 2683 1779 Haec
2720 1734 2807 1780 est
2845 1726 2939 1781 illa
2980 1727 3071 1781 lux
3110 1744 3234 1798 qum
3272 1728 3438 1793 Zaraa,
3497 1731 3591 1801 qui
3621 1735 3808 1787 on'ens

2175 1814 2395 1882 dicitur,
2441 1817 2607 1871 nimis
2648 1834 2811 1888 quam
2860 1836 3000 1889 opus
3064 1828 3212 1875 esset
3251 1821 3448 1888 illuxit,
3508 1823 3641 1877 dum
3693 1826 3802 1896 qui

2173 1902 2325 1972 prius
2353 1904 2488 1958 oriri
2518 1906 2730 1972 debuit,
2761 1908 2912 1977 prior
2965 1925 3191 1964 manum
3241 1911 3459 1977 eduxit;
3493 1928 3596 1982 per
3646 1916 3802 1985 quod

2174 1991 2743 2050 videlicetJudaicum
2780 2000 3043 2069 pepulum
3071 2000 3237 2055 nobis
3264 2001 3319 2054 in
3353 2000 3529 2075 figura
3561 2011 3810 2072 praeten-

2179 2084 2280 2151 dit,
2324 2085 2418 2155 qui
2459 2087 2881 2156 quasi‘manum
2922 2091 3180 2160 priebuit,
3229 2091 3358 2147 dum
3395 2095 3463 2148 ad
3512 2094 3803 2165 implenda

2179 2186 2457 2246 praecepta
2507 2176 2819 2234 Conditoris
2855 2198 2916 2236 se
2975 2194 3337 2252 praeparatum
3377 2186 3637 2241 ostendit.
3676 2187 3806 2241 Haec

2178 2273 2262 2318 est
2302 2264 2395 2318 illa
2425 2264 2514 2318 lux
2546 2283 2669 2337 quae
2703 2269 2967 2323 eumdum
3001 2270 3186 2325 Zaram
3224 2288 3522 2342 parumper
3550 2273 3802 2328 illustra-

2177 2352 2275 2417 vit,
2308 2353 2439 2407 dum
2471 2353 2852 2411 obstetrixsua
2874 2359 3164 2413 coccinum
3185 2360 3486 2415 Dominicae
3518 2362 3806 2431 passionis

2180 2448 2235 2495 et
2294 2443 2476 2497 crucis
2514 2444 2564 2497 ei
2615 2443 2813 2499 frustra
2860 2446 3069 2521 ligavit,
3112 2449 3243 2519 quia
3282 2449 3411 2503 dum
3472 2450 3800 2520 mysterium

2178 2528 2334 2595 fidei,
2365 2532 2515 2601 quod
2547 2531 2602 2585 in
2634 2534 2860 2589 coccino
2882 2536 2932 2589 ei
2954 2537 3209 2605 praebuit,
3233 2538 3486 2608 accipere
3503 2540 3802 2605 recusavit,

2181 2633 2402 2672 manum
2431 2637 2595 2691 quam
2628 2622 2694 2676 ad
2725 2622 2889 2677 fidem
2921 2625 3166 2694 protulit,
3190 2627 3454 2681 continuo
3484 2628 3789 2687 revocavit.

2186 2707 2309 2762 ﬂare
2338 2719 2424 2764 est
2456 2712 2547 2764 illa
2580 2712 2688 2777 lux,
2723 2729 2845 2784 qua:
2883 2716 3060 2769 oculis
3089 2717 3210 2783 ejus
3230 2732 3295 2770 ex
3324 2724 3477 2788 parte
3516 2718 3799 2789 caligavit,

2181 2798 2310 2853 dum
2334 2802 2491 2871 quasi
2510 2803 2579 2857 ad
2611 2802 2775 2858 fidem
2810 2822 3030 2861 manum
3064 2808 3276 2875 extulit,
3308 2816 3362 2863 et
3393 2810 3460 2864 ad
3492 2808 3801 2865 inﬁdelita-

2177 2895 2285 2943 tem
2312 2893 2606 2954 revocavit,
2650 2894 2772 2949 illos
2808 2895 3017 2950 scilicet
3045 2896 3364 2969 significans
3393 2899 3486 2970 qui
3520 2916 3622 2969 per
3648 2916 3799 2955 mor-

2174 2983 2282 3029 tem
2341 2978 2520 3033 crucis
2559 2996 2754 3035 manus
2806 2990 3065 3039 cruentas
3105 2985 3160 3038 in
3218 2984 3370 3039 illum
3427 2987 3801 3042 extenderunt

462 3056 607 3112 idem
666 3062 836 3153 Jacob
895 3069 1201 3138 appellatus
1265 3081 1349 3127 est
1398 3075 1586 3139 Israel,
1649 3075 1702 3128 id
1757 3084 1838 3129 est
1888 3056 2069 3133 videns

2172 3062 2243 3117 de
2271 3080 2381 3135 quo
2404 3067 2667 3138 scriptum
2690 3080 2775 3124 est
2798 3089 2810 3125 :
2839 3077 2903 3126 In
2924 3078 3142 3143 propria
3160 3079 3329 3142 venit,
3355 3082 3407 3129 et
3425 3077 3516 3129 sui
3539 3091 3666 3130 eum
3689 3093 3799 3133 non

457 3150 642 3201 Deum,
690 3151 814 3207 “33c
843 3166 926 3208 ρει
955 3156 1045 3209 illa
1087 3158 1172 3211 ιυχ
1207 3176 1304 3229 per
1331 3177 1494 3231 quam
1537 3138 1758 3232 Rachel,
1790 3182 1913 3236 qua,
1962 3172 2071 3222 ουές
2093 3138 2141 3200 (λ
2164 3167 2479 3226 receperunt
2501 3162 2735 3232 (10am).
2765 3163 2887 3219 Haec
2908 3138 2992 3219 est
3008 3138 3101 3221 illa
3125 3169 3213 3222 lux
3237 3186 3361 3241 quae
3383 3172 3548 3225 etiam
3568 3174 3789 3230 unicui-

457 3235 681 3303 dicitur,
734 3241 994 3297 illustrari
1052 3248 1272 3313 meruit,
1331 3249 1460 3303 dum
1520 3251 1665 3306 idola
1701 3235 1905 3321 Laban,
1947 3271 2070 3326 qua:

458 3323 656 3379 furtive
699 3328 943 3392 abstulit,
979 3333 1225 3389 sedendo
1257 3340 1565 3407 coeperuit,
1600 3341 1826 3411 mystice
1859 3323 2071 3403 scilicet

460 3415 754 3473 instituens
784 3422 935 3491 quod
968 3430 1117 3479 veste
1166 3425 1439 3482 bonorum
1483 3446 1710 3501 Operum
1753 3440 1807 3487 et
1852 3434 2074 3489 confes—

456 3508 613 3563 sione
666 3522 1013 3580 peceatorum
1066 3527 1253 3590 tegere
1292 3520 1560 3577 debemus
1598 3524 1748 3580 idola
1787 3526 2066 3581 vitiorum.

460 3598 583 3653 Haec
613 3610 696 3656 est
728 3603 819 3659 illa
852 3605 937 3660 lux
970 3625 1093 3679 quae
1125 3628 1224 3681 per
1277 3616 1523 3686 mysterii
1577 3617 2067 3674 salutarisintelle-

460 3697 607 3745 ctum
651 3694 754 3749 Liae
787 3705 841 3752 et
886 3699 1134 3757 Rachelis
1174 3704 1464 3762 illustravit
1492 3717 1803 3778 aspectum:
1831 3712 2069 3766 maxime

463 3798 584 3871 cum
619 3786 723 3841 hoc
752 3791 912 3846 nobis
943 3793 1136 3851 innuat
1165 3798 1440 3869 lippitudo
1472 3800 1600 3868 Lize,
1633 3808 1687 3856 et
1717 3802 2068 3871 pulchritudo

456 3869 732 3942 Hachelis,
774 3886 832 3932 ut
857 3896 979 3934 cum
1034 3900 1143 3938 una
1174 3885 1493 3942 laboremus
1537 3889 1591 3942 in
1635 3890 1814 3957 terris,
1862 3897 1916 3944 et
1946 3907 2067 3946 cum

454 3960 561 4014 alia
592 3964 941 4033 quiescamus
973 3970 1024 4024 in
1067 3973 1237 4028 coelis.
1277 3975 1398 4030 Haec
1443 3984 1526 4031 est
1554 3977 1648 4031 illa
1687 3979 1777 4031 lux
1809 3995 1930 4049 qua:
1957 3996 2069 4035 uno

454 4050 618 4105 modo
655 4052 914 4110 Martham
965 4068 1020 4112 et
1068 4060 1238 4128 Liam,
1279 4062 1386 4117 alio
1435 4079 1566 4119 vero
1624 4064 1917 4121 Rachelem
1950 4066 2070 4122 illu-

451 4139 644 4193 stravit
673 4143 984 4212 etMariam,
1017 4155 1076 4202 ut
1104 4157 1159 4202 et
1185 4165 1286 4204 nos
1308 4150 1477 4206 inhac
1503 4152 1611 4207 vita
1627 4153 1773 4208 circa
1800 4153 2060 4225 frequens

451 4232 817 4289 ministerium
848 4239 1154 4294 conditoris
1178 4250 1283 4297 tam
1315 4244 1563 4300 studiose
1588 4246 1903 4302 laboremus
1934 4264 2058 4302 cum

450 4320 660 4375 Martha
716 4336 771 4378 et
828 4326 939 4390 Lia,
994 4337 1053 4383 ut
1091 4330 1145 4383 in
1189 4331 1359 4387 altera
1413 4334 1526 4390 vita
1589 4318 2058 4407 contemplatione

449 4409 635 4466 divina
665 4429 787 4468 cum
840 4417 1076 4473 Rachele
1106 4422 1454 4491 perfruamur
1498 4432 1553 4480 et
1601 4426 1781 4482 Maria.
1829 4428 1950 4484 H830
1976 4438 2060 4484 est

449 4503 541 4557 illa
568 4508 659 4560 lux
685 4525 784 4577 per
811 4527 975 4580 quam
1015 4513 1067 4567 in
1095 4513 1254 4583 Juda,
1285 4517 1380 4588 qui
1419 4518 1813 4590 interpretatur
1849 4526 2061 4590 confes-

445 4602 544 4668 sio,
579 4600 899 4658 Christianae
958 4607 1245 4680 religionis
1294 4619 1377 4667 est
1430 4613 1705 4669 illustrata
1754 4617 2057 4686 professio:

449 4696 710 4764 quoniam
757 4698 998 4755 Ecclesia
1069 4702 1264 4760 Christi
1321 4707 1484 4763 bonis
1527 4726 1749 4781 semper
1796 4713 2063 4783 operibus

451 4786 847 4845 confitebimur
892 4793 1026 4861 Deo,
1080 4796 1150 4851 de
1206 4815 1315 4870 quo
1369 4801 1634 4867 scriptum
1683 4812 1799 4858 est:
1838 4808 1939 4868 Qui
1979 4821 2065 4859 me

447 4882 717 4946 confessus
766 4886 937 4951 fuerit
964 4902 1147 4943 coram
1174 4892 1497 4961 hominibus,
1546 4897 1833 4961 conﬁtebor
1880 4905 1930 4951 et
1973 4913 2065 4967 ego

447 4984 573 5024 eum
600 4985 782 5025 coram
818 4976 983 5029 Patre
1026 4993 1141 5032 meo
1183 4983 1387 5047 (Matth.
1432 4980 1504 5051 x).
1543 4983 1666 5037 Haec
1694 4990 1777 5038 est
1804 4984 1895 5038 illa
1949 4985 2059 5049 lux,

450 5072 571 5125 qua:
596 5057 815 5130 Judam,
847 5062 941 5134 qui
975 5065 1043 5118 ad
1091 5068 1403 5123 tondendas
1451 5085 1582 5125 oves
1621 5071 1896 5137 veniebat,
1933 5082 2061 5144 typo

451 5148 745 5207 Salvatoris
792 5156 1072 5214 illustrare
1114 5162 1353 5229 volebat,
1409 5165 1503 5236 qui
1562 5166 1616 5220 in
1650 5183 1743 5220 ara
1772 5168 1952 5222 crucis
1988 5168 2057 5222 ad

449 5238 554 5294 hoc
616 5244 803 5313 quinis
848 5251 1020 5306 voluit
1077 5256 1350 5310 cruentari
1427 5256 1769 5322 vulneribus,
1817 5266 1874 5313 ut
1924 5275 2057 5314 oves

448 5346 665 5419 Pascuze
693 5337 813 5405 ejus
842 5357 873 5394 a
906 5352 1255 5408 peccatorum
1290 5363 1514 5403 suorum
1539 5357 1725 5419 posset
1754 5364 2057 5405 exonerare

449 5418 765 5508 velleribus.
812 5429 932 5484 Haec
962 5440 1045 5487 est
1074 5432 1166 5487 illa
1216 5435 1308 5489 lux
1348 5453 1472 5508 quae
1518 5418 1673 5493 Jiudaa
1710 5439 1776 5493 ad
1828 5439 2060 5493 Thamar

449 5506 710 5577 spiritalis
755 5518 1020 5571 connubii
1061 5506 1629 5590 przebebatiaditum,
1706 5542 1850 5596 quae,
1907 5534 2058 5582 veste

448 5601 732 5658 viduitatis
771 5617 952 5673 exuta,
998 5628 1199 5667 nomen
1230 5619 1460 5673 mutavit
1488 5627 1543 5672 et
1564 5619 1829 5687 habitum,
1860 5621 2056 5675 Judam

449 5689 661 5746 scilicet
682 5693 833 5749 illum
867 5698 1186 5770 significans
1214 5704 1310 5773 qui
1339 5706 1395 5759 in
1424 5722 1519 5759 ara
1556 5707 1735 5761 crucis
1770 5710 2060 5779 requirens

2172 3260 2279 3315 que
2312 3246 2440 3302 fidei
2470 3250 2652 3304 lumen
2688 3268 2801 3307 sua)
2828 3254 3114 3310 charitatis
3140 3259 3404 3325 Ostendit,
3438 3261 3533 3330 qui
3564 3278 3790 3316 manum

2172 3350 2327 3389 suam
2369 3338 2439 3410 ad
2479 3338 2825 3409 iniquitatem
2870 3358 2978 3397 non
3013 3346 3288 3400 extendit:
3344 3348 3494 3402 illum
3536 3351 3801 3407 videlicet

2174 3424 2337 3480 bonis
2366 3426 2633 3496 operibus
2658 3445 2880 3500 semper
2909 3435 3288 3504 exsequendo,
3311 3436 3407 3507 qui
3437 3438 3493 3491 in
3522 3455 3797 3495 remune-

2176 3514 2392 3569 ratione
2431 3526 2746 3571 sanctorum
2785 3520 3044 3574 extendet
3075 3537 3297 3577 manum
3344 3540 3500 3579 suam
3534 3526 3590 3580 in
3622 3530 3794 3583 retri-

2174 3601 2417 3659 buendo.
2457 3604 2581 3660 Haec
2625 3615 2710 3661 est
2740 3607 2832 3661 illa
2868 3608 2959 3663 lux
2988 3626 3111 3680 quae
3141 3611 3308 3668 nobis
3351 3614 3518 3668 etiam
3554 3616 3797 3689 singulis

2173 3697 2445 3755 illucescit
2497 3701 2717 3765 diebus,
2758 3702 2803 3755 si
2846 3718 3040 3757 manus
3082 3712 3300 3759 nostras
3329 3707 3397 3760 ad
3438 3706 3792 3778 iniquitatem

2172 3805 2283 3845 non
2357 3792 2742 3859 extendamus,
2798 3794 2895 3848 sed
2964 3794 3032 3849 ab
3088 3795 3380 3867 iniquitate
3437 3816 3792 3868 revocemus,

2170 3883 2433 3953 quoniam
2482 3884 2583 3939 hoc
2617 3887 2930 3955 exemplum
2989 3886 3154 3941 nobis
3210 3888 3266 3942 in
3304 3890 3489 3960 seipso
3547 3892 3799 3949 Salvator

2170 3974 2434 4041 ostendit,
2465 3975 2560 4046 qui
2591 3976 2644 4029 in
2678 3976 3044 4033 retributione
3068 3979 3341 4047 justorum
3376 3998 3601 4037 manum
3634 4001 3792 4039 suam

2171 4082 2271 4136 pro
2302 4068 2557 4139 reprobis
2597 4069 2894 4135 contrahit,
2927 4078 2980 4124 et
3020 4087 3119 4141 pro
3143 4073 3310 4140 justis
3362 4075 3632 4129 extendit.
3672 4077 3793 4133 llzee

2159 4173 2243 4214 est
2298 4159 2391 4215 illa
2440 4162 2530 4216 lux
2577 4178 2701 4233 quae
2750 4163 2955 4234 Joseph
2995 4166 3273 4235 quondam
3338 4183 3437 4235 per
3489 4171 3779 4224 somnium

2158 4252 2379 4308 volebat
2409 4254 2705 4321 illustrare,
2742 4255 2871 4309 dum
2910 4256 3222 4326 manipulos
3275 4257 3504 4313 fratrum
3550 4276 3777 4315 suorum

2160 4343 2505 4414 manipulum
2541 4360 2699 4399 suum
2735 4344 2873 4399 vidit
2896 4345 3152 4410 adorare,
3186 4346 3511 4419 significans
3540 4350 3779 4414 scilicet,

2162 4430 2309 4502 quod
2340 4431 2433 4486 ille
2486 4448 2517 4486 a
2556 4432 2717 4488 nobis
2763 4433 3031 4489 bonorum
3073 4449 3301 4505 Operum
3350 4452 3573 4505 semper
3611 4438 3785 4493 debet

2161 4525 2379 4580 adorari
2445 4528 2760 4597 manipulis,
2796 4529 2888 4599 qui
2933 4536 3059 4599 post
3109 4532 3575 4586 resurrectionem
3622 4548 3779 4587 suam

2165 4615 2454 4671 manifeste
2509 4618 2680 4672 voluit
2716 4617 2831 4673 suis
2858 4634 3124 4688 apparere
3166 4619 3475 4691 discipulis.
3519 4621 3641 4675 Haec
3702 4631 3782 4677 est

2164 4702 2257 4758 illa
2296 4704 2386 4758 lux
2427 4721 2525 4775 per
2551 4722 2713 4777 quam
2769 4706 2914 4760 idem
2953 4707 3160 4777 Joseph
3208 4708 3316 4764 alio
3372 4709 3540 4764 modo
3579 4712 3782 4766 meruit

2165 4793 2486 4861 illuminari,
2526 4794 2657 4848 dum
2706 4810 2737 4848 a
2783 4795 2920 4857 sole,
2957 4795 3082 4850 luna
3137 4804 3193 4852 et
3224 4798 3400 4853 stellis
3448 4815 3508 4853 se
3553 4800 3780 4855 videbat

2164 4888 2413 4943 adorari:
2466 4889 2617 4944 illum
2668 4890 2929 4946 videlicet
2990 4891 3295 4965 designans
3333 4910 3497 4963 quem
3550 4895 3606 4949 in
3639 4896 3775 4961 sole,

2165 4976 2296 5033 luna
2326 4990 2382 5035 et
2426 4980 2621 5047 stellis,
2654 4980 2858 5051 quibus
2897 4980 3166 5055 figuratur
3217 4981 3438 5036 claritas
3473 4982 3775 5051 justorum,

2162 5071 2396 5127 adorare
2442 5071 2609 5126 debet
2639 5072 2821 5126 omnis
2852 5072 3096 5128 Ecclesia
3141 5079 3482 5128 sanctorum.
3518 5074 3644 5129 Haec
3696 5084 3777 5129 est

2159 5158 2253 5213 illa
2282 5159 2375 5214 lux
2401 5176 2525 5231 quae
2555 5159 2762 5231 Joseph
2807 5161 3095 5216 illustravit
3123 5162 3222 5215 hac
3278 5162 3457 5236 gratia
3486 5162 3774 5234 singulari,

2158 5258 2216 5306 ut
2266 5252 2411 5307 inter
2438 5253 2577 5308 alios
2614 5252 2808 5307 fratres
2848 5269 3003 5308 so.us
3048 5261 3293 5308 uteretur
3351 5253 3537 5308 tunica
3576 5253 3767 5308 talari:

2159 5344 2389 5414 mystice
2441 5360 2542 5399 nos
2590 5344 2867 5399 instruens
2923 5346 3073 5417 quod
3132 5345 3224 5399 ille
3273 5345 3588 5400 mercedem
3638 5346 3769 5400 boni

2159 5433 2346 5503 operis
2376 5433 2430 5486 in
2470 5442 2738 5488 internum
2779 5433 3034 5499 haberet,
3086 5434 3155 5488 de
3186 5449 3296 5505 quo
3348 5434 3610 5504 scriptum
3651 5444 3769 5488 est:

2158 5529 2259 5589 Qui
2302 5530 2719 5597 perseveruth
2773 5542 2939 5596 usque
2965 5530 3024 5581 in
3059 5528 3248 5593 ﬁnem,
3305 5529 3392 5581 hic
3439 5528 3619 5581 salvus
3672 5529 3776 5580 erit

2162 5622 2365 5690 (Matth.
2400 5624 2477 5687 κ).
2513 5620 2637 5674 Haec
2695 5629 2778 5673 est
2805 5618 2899 5673 illa
2952 5620 3037 5672 lux
3072 5635 3170 5688 per
3191 5634 3354 5689 quam
3410 5617 3615 5687 Joseph
3646 5617 3775 5671 illu-

2159 5716 2380 5776 stratus,
2396 5708 2634 5779 prepriae
2658 5707 2827 5778 cepit
2848 5706 3156 5777 praevidere
3177 5705 3363 5772 saluti,
3394 5704 3526 5759 dum
3548 5703 3773 5776 pallium
