4006 6198
227 223 335 278 993

1306 218 1428 273 LIB.
1472 220 1553 275 DE
1591 216 1920 275 MYSTERIO
1960 218 2138 275 LIGNI
2179 221 2497 278 DOMlNlCl.

3455 244 3558 300 994

226 368 390 406 suum
457 351 643 405 divisit
692 351 976 417 adulterae,
1029 367 1148 421 quae
1210 365 1276 405 eo
1328 350 1468 403 male
1530 350 1699 405 voluit
1739 351 1841 414 uti,
1873 353 2195 427 Afrugibus
2235 355 2343 408 illis
2384 357 2643 412 virtutum
2687 377 2818 432 ager
2862 364 3191 424 fecundatur
3223 374 3552 443 animarum,

230 445 410 514 typice
431 442 642 496 scilicet
669 441 976 506 insinuans,
1006 441 1153 510 quod
1177 447 1396 512 tegmen
1419 440 1608 512 legalis
1628 440 1842 502 litterae,

225 535 380 589 unde
410 534 584 588 Judaei
615 532 826 586 nullum
871 533 1077 585 habent
1135 530 1458 602 proﬁcuum,
1520 547 1618 600 per
1658 531 1844 585 lumen

227 630 531 684 divinitatis
581 628 743 682 nobis
779 628 948 681 debet
1001 642 1124 680 esse
1156 626 1528 696 perspicuum.
1591 626 1710 678 Haec
1765 632 1847 679 est

227 718 322 772 illa
352 719 441 771 lux
474 732 570 788 per
599 733 762 786 quam
788 715 843 768 in
884 715 1089 784 Joseph
1120 714 1412 768 emicantis
1432 714 1620 786 gratia:
1644 713 1845 783 duplex

228 811 434 864 enituit
465 809 692 872 fructus,
734 809 862 861 dum
898 808 954 860 in
983 822 1205 861 carcere
1244 807 1394 860 solus
1424 813 1506 858 est
1535 807 1754 866 missus,
1792 817 1847 860 et

229 902 360 954 inde
376 901 528 954 solus
559 901 819 954 eductus:
865 916 964 968 per
995 899 1140 969 quod
1172 897 1433 952 videlicet
1465 898 1625 952 nobis
1657 914 1845 952 resur-

232 994 536 1048 rectionem
580 994 700 1059 ejus
741 991 796 1044 in
836 991 1008 1063 figura
1059 990 1295 1062 signavit
1333 989 1451 1060 qui,
1487 1006 1778 1064 resurgens
1817 1006 1847 1043 a

231 1091 486 1154 mortuis,
515 1103 644 1142 suos
671 1103 734 1141 ex
765 1086 968 1140 inferni
998 1101 1216 1140 carcere
1249 1085 1624 1154 potentissime
1655 1085 1848 1138 libera-

229 1182 330 1234 vit.
366 1181 484 1234 llzec
510 1187 592 1234 est
633 1179 724 1232 illa
763 1179 853 1232 lux
902 1193 1024 1248 qua
1072 1178 1277 1246 Joseph
1319 1178 1548 1232 internae
1587 1177 1848 1231 claritatis

227 1277 434 1324 tantam
477 1269 738 1338 aspiravit
787 1267 1101 1331 scientiam,
1163 1276 1221 1320 ut
1281 1267 1467 1340 lingua
1524 1267 1644 1337 ejus
1703 1267 1850 1321 inter

224 1363 508 1433 principes
534 1362 850 1431 loqueretur
895 1359 1245 1428 sapientiam,
1298 1359 1518 1429 quando
1568 1359 1620 1412 in
1682 1359 1846 1414 domo

228 1450 530 1505 Pharaonis
555 1449 633 1502 illi
661 1449 958 1502 servitores
996 1447 1116 1516 ejus
1142 1447 1198 1499 in
1228 1448 1470 1517 cophino
1515 1449 1843 1502 servierunt.

227 1543 356 1596 Haec
391 1549 473 1596 est
503 1541 594 1594 illa
624 1542 712 1594 lux
767 1555 888 1610 quze
929 1538 1152 1592 divertit
1185 1539 1252 1591 ab
1297 1540 1565 1594 oneribus
1617 1540 1844 1594 dorsum

226 1631 379 1699 ejus:
438 1629 659 1700 quando
714 1644 808 1682 cor
875 1628 1023 1681 illius
1076 1627 1328 1693 ejusdem
1397 1627 1567 1680 divini
1615 1626 1844 1681 luminis

222 1722 492 1790 splendor
521 1720 802 1774 irradiavit
833 1724 1077 1793 egregie,
1108 1734 1176 1772 ne
1204 1719 1260 1772 in
1294 1719 1499 1792 Egypto
1523 1717 1838 1774 tribulatio-

230 1811 322 1864 nis
353 1810 655 1864 carnalium
690 1809 1001 1862 divitiarum
1044 1816 1363 1881 gravaretur
1391 1823 1581 1872 onere,
1615 1808 1683 1861 de
1731 1807 1850 1878 qui-

227 1902 338 1954 bus
392 1901 652 1970 scriptum
710 1908 823 1952 est:
886 1901 1093 1952 Divitiae
1141 1901 1190 1951 si
1226 1900 1488 1964 afﬂuant,
1541 1899 1707 1952 nolite
1763 1913 1852 1952 cor

230 2006 498 2061 apponere
548 1993 710 2060 (Psat.
764 1992 889 2054 LXI).
953 1989 1075 2042 Haec
1106 1995 1188 2042 est
1241 1988 1334 2042 illa
1365 1989 1454 2042 lux
1492 2005 1612 2058 quae
1640 1988 1845 2058 Joseph

236 2083 444 2137 divinis
476 2081 764 2136 illustravit
793 2081 1029 2155 legibus,
1058 2080 1188 2134 dum
1239 2095 1336 2150 per
1363 2087 1529 2133 totam
1580 2080 1848 2153 Egyptum

233 2172 483 2242 quintam
519 2177 728 2241 partem
761 2169 982 2242 frugum
1008 2168 1283 2241 delegavit
1323 2169 1582 2240 regibus:
1635 2169 1849 2240 signiﬁ-

230 2282 368 2321 cans
390 2266 648 2320 videlicet
675 2265 824 2336 quod
856 2264 996 2334 ipse,
1030 2264 1123 2334 qui
1154 2263 1582 2334 primogenitum
1615 2264 1856 2318 hominis

232 2362 484 2433 quinque
505 2361 656 2414 siclis
675 2360 885 2432 argenti
912 2357 1384 2426 redimijubebat,
1410 2375 1508 2427 per
1533 2359 1854 2430 mysterium

232 2450 415 2506 crucis
437 2450 683 2520 quinque
710 2464 970 2502 sensuum
1028 2454 1339 2502 nostrorum
1384 2447 1689 2501 custodiam
1737 2448 1856 2518 qui-

237 2543 328 2596 nis
354 2541 673 2595 vulneribus
704 2538 1032 2594 redimebat.
1065 2539 1190 2592 Haec
1220 2546 1300 2592 est
1325 2537 1421 2592 illa
1450 2538 1540 2592 lux
1566 2554 1666 2608 per
1689 2555 1854 2609 quam

238 2635 390 2688 idem
412 2632 885 2703 Josephillustrari
911 2631 1129 2696 meruit,
1157 2631 1286 2685 dum
1316 2645 1414 2700 pro
1442 2631 1856 2701 dispensatione

238 2726 503 2780 frumenti
551 2726 752 2779 horrea
826 2723 971 2794 regis
1025 2723 1260 2793 aperuit,
1322 2723 1500 2793 typice
1561 2724 1858 2796 designans

241 2815 395 2886 quod
445 2814 676 2885 quilibet
746 2812 1005 2883 praelatus
1086 2829 1253 2882 super
1334 2813 1596 2868 familiam
1639 2814 1856 2869 Domini

243 2913 452 2961 tantam
498 2905 783 2958 habiturus
815 2911 900 2958 est
931 2920 1137 2970 curam,
1169 2913 1237 2958 ut
1258 2905 1349 2959 det
1372 2904 1481 2959 illis
1517 2906 1574 2959 in
1605 2912 1854 2976 tempore

1875 1675 1926 1741 B

1948 444 2017 497 de
2047 445 2250 514 quibus
2281 445 2506 502 dicitur:
2541 455 2748 506 Honora
2777 459 3061 510 Dominum
3091 462 3153 512 de
3184 469 3276 515 tua
3308 465 3554 521 substan-

1949 546 2045 608 tia,
2078 549 2126 596 et
2168 544 2230 597 de
2253 544 2509 611 primitiis
2544 546 2770 612 frugum
2813 553 3037 602 tuarum
3069 554 3240 607 (Prov.
3286 557 3359 626 in}
3437 559 3556 612 llaac

1947 642 2028 688 est
2057 634 2147 688 illa
2186 635 2272 688 lux
2306 651 2428 705 qum
2457 636 2738 690 Manassen
2780 645 2834 692 et
2892 641 3145 709 Ephraim
3179 644 3384 714 duplici
3430 664 3554 718 my-

1946 725 2112 779 sterio
2144 725 2415 779 illustrare
2463 727 2700 793 volebat,
2761 729 2889 784 dum
2941 732 3144 803 Joseph
3180 743 3335 804 pater
3366 754 3554 793 eorum

1948 831 2045 884 pro
2077 815 2470 870 benedictione
2499 817 2668 872 Jacob
2701 835 2866 873 unum
2908 822 2975 875 ad
3009 823 3275 890 dextram,
3308 833 3361 880 et
3393 829 3556 883 alium

1948 904 2016 957 ad
2073 905 2348 960 sinistram
2421 907 2682 976 ponebat,
2767 912 2947 981 typice
3010 914 3332 987 signiﬁcans
3411 923 3557 990 quod

1949 998 2198 1052 eamdem
2276 998 2502 1073 ﬁguram
2567 1001 2786 1072 utrique
2847 1004 3154 1061 habuerant
3212 1009 3263 1061 in
3350 1010 3558 1067 Christo

1948 1088 2074 1142 Jesu
2118 1105 2284 1159 quam.
2331 1091 2553 1161 gentilis
2623 1109 2686 1147 ac
2761 1094 3024 1149 Judaicus
3101 1099 3339 1167 p0pulus
3412 1103 3562 1171 prius

1949 1177 2142 1232 habuit
2198 1179 2253 1232 in
2300 1180 2466 1235 Jacob
2514 1189 2567 1236 et
2609 1182 2765 1237 Esau.
2831 1185 2954 1239 Haec
3005 1196 3087 1241 est
3141 1188 3233 1243 illa
3289 1190 3376 1244 lux
3436 1210 3560 1263 qua:

1952 1269 2004 1322 in
2064 1271 2320 1324 manibus
2361 1272 2528 1328 Jacob
2580 1275 2898 1344 mysterium
2965 1279 3145 1334 crucis
3207 1281 3560 1355 praeﬁgurare

1948 1359 2184 1424 volebat,
2261 1377 2383 1415 cum
2462 1364 2661 1419 minori
2731 1367 3024 1432 dextram,
3106 1380 3160 1423 et
3219 1371 3411 1438 majori
3486 1375 3564 1426 si-

1950 1449 2175 1502 nistram
2204 1467 2581 1520 superponere
2621 1454 2852 1520 solebat,
2895 1458 3124 1527 mystice
3157 1474 3256 1513 nos
3289 1460 3565 1515 instruens

1949 1544 2008 1590 ut
2047 1537 2100 1590 in
2134 1539 2233 1592 hac
2263 1539 2602 1595 derivatione
2659 1559 2917 1598 manuum
2960 1546 3095 1600 nihil
3147 1548 3296 1601 aliud
3339 1549 3561 1604 sinistra

1953 1629 2289 1703 intelligatur
2326 1640 2418 1684 aut
2457 1631 2667 1699 dextra,
2714 1632 2820 1686 nisi
2887 1635 3034 1704 quod
3090 1652 3189 1704 per
3236 1639 3560 1708 mysterium

1951 1721 2259 1787 crucisjam
2294 1723 2532 1791 pepulus
2580 1738 2724 1776 unus
2782 1731 2863 1777 est
2895 1725 2951 1776 in
3008 1726 3268 1792 Ecclesia,
3326 1736 3380 1782 et
3421 1730 3563 1783 alius

1949 1817 2117 1863 extra.
2169 1811 2288 1866 Haec
2319 1819 2402 1865 est
2436 1813 2529 1866 illa
2587 1815 2675 1866 lux
2717 1831 2840 1884 quae
2899 1830 3008 1868 uno
3053 1817 3216 1871 modo
3261 1819 3562 1881 seniorem,

1949 1901 2056 1955 alio
2087 1909 2267 1955 autem
2301 1903 2472 1958 voluit
2496 1903 2768 1959 illustrare
2793 1906 3096 1973 juniorem,
3129 1915 3189 1962 ut
3219 1909 3272 1962 in
3307 1910 3562 1980 Ephraim

1949 2003 2003 2049 et
2053 1997 2300 2051 Manasse
2354 1999 2422 2052 ad
2461 2000 2716 2054 eumdem
2760 2002 2984 2056 modum
3037 2004 3226 2058 senior
3281 2005 3571 2060 inserviret

1953 2087 2169 2157 minori,
2229 2105 2339 2161 quo
2409 2090 2462 2144 in
2519 2093 2656 2146 Esau
2714 2100 2768 2146 et
2827 2093 2996 2148 Jacob
3058 2095 3233 2165 major
3274 2097 3568 2153 videbatur

1949 2181 2157 2236 servire
2175 2183 2396 2237 minori.
2431 2184 2551 2239 Haec
2573 2192 2656 2239 est
2684 2185 2772 2239 illa
2800 2186 2886 2238 lux
2918 2203 3042 2257 qua:
3071 2189 3267 2242 eodem
3303 2180 3566 2259 mysterio

1957 2273 2304 2343 aliquatenus
2342 2275 2635 2330 illustravit
2693 2277 2908 2343 Ruben,
2941 2293 3050 2348 quo
3109 2280 3264 2350 prius
3303 2281 3576 2336 illustrare

1956 2366 2132 2420 noluit
2183 2367 2320 2420 Esau
2380 2375 2434 2420 et
2501 2368 2808 2435 Manassen,
2888 2371 3015 2424 dum
3079 2388 3178 2441 per
3235 2371 3568 2427 ineffabilem

1957 2457 2193 2511 cmlestis
2223 2458 2533 2529 disciplima
2559 2476 2847 2513 censuram
2883 2469 3116 2533 uterque
3144 2478 3332 2517 eorum
3376 2465 3576 2534 prioris

1961 2544 2148 2614 pOpuli
2180 2546 2468 2600 videbatur
2523 2547 2728 2602 habere
2749 2548 3012 2627 ﬁguram.
3079 2551 3197 2606 Haec
3237 2560 3318 2606 est
3359 2553 3450 2606 illa
3481 2555 3566 2606 lux

1961 2648 2058 2702 per
2078 2649 2240 2703 quam
2276 2634 2465 2688 Ruben
2510 2636 2933 2709 primOgenitus,
2985 2647 3038 2692 et
3078 2639 3341 2695 fortitudo
3373 2644 3567 2712 patris,

1959 2729 2198 2798 peccatis
2260 2730 2379 2798 ejus
2424 2731 2796 2803 exigentibus,
2853 2750 3071 2803 paanam
3115 2735 3213 2790 luit
3246 2737 3572 2808 iniquitatis,

1957 2819 2086 2873 dum
2127 2820 2324 2875 ordine
2371 2823 2635 2892 primatus
2689 2840 2873 2880 coram
2917 2837 3071 2896 patre
3131 2845 3230 2884 suo
3286 2845 3351 2884 eo
3394 2830 3577 2884 minus

1958 2913 2158 2966 meruit
2189 2913 2331 2967 inter
2359 2914 2496 2969 alios
2529 2915 2653 2979 frui,
2685 2933 2794 2988 quo
2824 2919 2985 2990 culpa
3035 2921 3387 2992 primogeniti
3423 2924 3572 2992 prin-

238 3000 514 3072 spiritalis
560 2999 724 3053 tritici
759 3014 1095 3053 mensuram.
1131 2999 1256 3054 Haec
1313 3007 1395 3053 est
1453 2999 1542 3053 illa
1594 2999 1682 3054 lux
1736 3015 1931 3112 quiec
1960 3005 2166 3076 cipium
2200 3007 2584 3063 auxitdoloris
2623 3011 2728 3064 sui.
2765 3011 2888 3066 Haec
2919 3020 3000 3066 est
3055 3014 3147 3068 illa
3199 3015 3284 3068 lux
3337 3033 3460 3088 quae
3513 3016 3568 3069 in

240 3094 606 3150 interioribus
657 3093 831 3148 oculis
877 3093 1007 3170 ejus
1045 3093 1407 3162 spiritualiter
1463 3093 1687 3159 insedit,
1727 3094 1856 3148 dum

245 3188 536 3256 l-tenjamin
585 3186 735 3241 fratri
768 3203 866 3242 suo
927 3193 1201 3241 trecentos
1257 3195 1546 3260 argenteos
1599 3187 1773 3248 dedit,
1807 3194 1865 3242 ut

243 3294 365 3346 vos,
401 3277 748 3332 dilectissimi
805 3276 1027 3342 fratres,
1068 3276 1124 3329 in
1165 3277 1373 3331 eisdem
1405 3278 1680 3348 argenteis
1728 3277 1863 3331 nihil

247 3369 400 3424 aliud
440 3368 754 3442 intelligere
785 3369 1054 3435 debeatis,
1087 3369 1190 3423 nisi
1240 3371 1558 3440 mysterium
1591 3371 1769 3425 crucis
1811 3377 1866 3424 et

247 3464 418 3518 ﬁdem
449 3474 650 3519 sanctze
701 3464 998 3518 Trinitatis.
1055 3463 1176 3517 Haec
1207 3471 1290 3517 est
1340 3463 1431 3517 illa
1461 3464 1550 3518 lux
1601 3480 1722 3535 quae
1773 3481 1869 3533 per

249 3563 532 3613 trecentos
557 3571 841 3621 numeros,
875 3555 969 3625 qui
1008 3555 1359 3609 continentur
1397 3555 1452 3606 in
1501 3555 1680 3610 littera
1734 3556 1865 3620 Tau,

250 3647 485 3719 ﬁguram
514 3645 690 3699 crucis
719 3643 972 3713 quotidie
1007 3643 1168 3696 nobis
1219 3643 1461 3697 ostendit
1518 3644 1571 3697 in
1630 3645 1869 3717 imagine

249 3737 406 3801 Jesu,
487 3731 810 3807 signiﬁcans
889 3731 1102 3785 scilicet
1169 3731 1316 3802 quod
1373 3747 1468 3786 cor
1514 3742 1759 3787 nostrum
1811 3735 1866 3789 in

253 3829 490 3886 Domino
529 3844 596 3882 eo
637 3826 800 3881 altius
852 3842 973 3880 esse
1028 3825 1194 3880 debet
1248 3825 1518 3890 innixum,
1566 3843 1674 3897 quo
1732 3829 1868 3883 nihil

255 3919 404 3974 scire
478 3916 770 3982 debemus,
844 3915 948 3968 nisi
998 3914 1274 3969 Christum
1345 3915 1554 3982 Jesum,
1613 3924 1669 3970 et
1721 3918 1870 3973 hunc

253 4005 606 4063 cruciﬁxum.
643 4005 763 4059 Haec
809 4011 892 4058 est
951 4003 1040 4058 illa
1073 4004 1163 4057 lux
1192 4020 1314 4075 quze
1347 4004 1561 4059 duobus
1608 4005 1716 4061 illis
1745 4007 1876 4062 viris

257 4098 611 4169 inaequaliter
629 4097 825 4160 illuxit,
854 4112 993 4167 quos
1020 4096 1228 4150 Pharao
1282 4097 1350 4150 de
1378 4113 1600 4152 carcere
1641 4100 1875 4169 captivi-

261 4187 390 4243 tatis
435 4185 780 4257 inaequaliter
843 4185 1050 4251 eduxit,
1109 4185 1292 4255 typice
1360 4185 1520 4240 nobis
1584 4187 1872 4245 insinuans

262 4279 412 4352 quod
445 4279 668 4351 gentilis
695 4294 758 4332 ac
786 4278 1048 4333 Iudaicus
1077 4278 1314 4348 populus
1335 4277 1536 4333 divinae
1558 4295 1879 4338 remunera-

1965 3096 2323 3153 interioribus
2377 3101 2552 3155 oculis
2610 3103 2802 3157 Ruben
2861 3106 3088 3160 omnino
3140 3107 3395 3179 ealigavit
3443 3109 3572 3163 dum

1965 3187 2146 3241 cubile
2179 3188 2347 3258 patris
2377 3189 2461 3243 sui
2495 3193 2761 3254 ascendit,
2797 3201 3092 3249 etstratum
3118 3197 3238 3266 ejus
3257 3198 3574 3252 maculavit:

1964 3274 2282 3348 signiﬁcans
2337 3279 2596 3334 videlicet
2635 3283 2783 3352 quod
2831 3282 3094 3338 Judaicus
3127 3286 3365 3355 populus
3396 3287 3577 3340 cubile

1966 3364 2062 3417 Dei
2109 3364 2284 3419 Patris
2316 3366 2400 3420 sui
2433 3369 2736 3423 maculatus
2785 3372 3054 3439 ascendit,
3100 3373 3228 3426 dum
3273 3375 3325 3426 in
3383 3375 3579 3431 arbore

1970 3455 2148 3509 crucis
2169 3472 2370 3526 corpus
2394 3458 2515 3526 ejus
2545 3460 2714 3514 clavis
2741 3461 2942 3517 ferreis
2989 3466 3304 3534 suspendit.
3341 3467 3469 3522 Hazc
3499 3477 3580 3524 est

1971 3544 2062 3598 illa
2099 3545 2189 3600 lux
2248 3563 2371 3617 qua
2427 3550 2601 3603 oculis
2643 3550 2834 3605 Ruben
2895 3553 3059 3608 nimis
3105 3565 3221 3610 erat
3267 3558 3578 3626 obscurata,

1970 3633 2099 3687 dum
2146 3650 2246 3704 pro
2277 3635 2497 3692 lascivia
2534 3639 2720 3692 nimia:
2747 3640 3039 3710 voluptatis
3067 3643 3272 3699 effusus
3323 3654 3405 3700 est
3443 3648 3584 3702 sicut

1971 3743 2144 3798 aqua:
2192 3745 2382 3798 poenas
2410 3731 2624 3786 scilicet
2655 3735 2860 3803 peccati
2915 3752 2981 3790 eo
3036 3740 3210 3812 magis
3256 3741 3491 3795 luiturus
3524 3742 3579 3795 in

1971 3835 2202 3876 numero
2234 3821 2480 3887 fratrum,
2507 3839 2614 3895 quo
2645 3841 2705 3880 se
2734 3827 3083 3902 primogeniti
3127 3832 3303 3886 doluit
3333 3835 3584 3887 amisisse

1973 3909 2290 3979 primatum.
2324 3912 2440 3967 Haec
2470 3921 2551 3967 est
2579 3914 2670 3968 illa
2703 3916 2792 3969 lux
2815 3933 2938 3987 qua:
2976 3919 3188 3986 Ruben,
3222 3922 3311 3974 cui
3345 3922 3587 3993 dignitas

1975 4002 2328 4058 sacerdotalis
2341 4012 2394 4059 et
2416 4007 2559 4080 regis
2580 4007 2905 4075 debebatur,
2936 4009 3090 4065 radio
3117 4012 3380 4082 spiritalis
3401 4015 3589 4086 gratia».

1974 4092 2158 4146 minus
2198 4093 2469 4151 illustrare
2509 4097 2820 4165 videbatur,
2849 4116 2972 4154 cum
3022 4100 3298 4157 effrenatae
3343 4103 3592 4157 libidinis

1975 4183 2148 4239 nimio
2175 4194 2432 4242 aestuaret
2461 4189 2765 4256 desiderio,
2799 4192 2891 4262 qui
2926 4200 3086 4247 antea
3118 4195 3270 4262 prior
3313 4195 3368 4248 in
3411 4196 3596 4280 donis.

1979 4285 2035 4330 et
2084 4278 2260 4348 major
2297 4289 2412 4333 erat
2441 4280 2698 4351 imperio.
2744 4282 2868 4337 Haec
2917 4292 2998 4338 est
3028 4285 3120 4339 illa
3159 4287 3252 4340 lux
3295 4304 3392 4357 per
3431 4278 3595 4358 quam

263 4371 435 4426 tionis
465 4371 738 4440 inaequate
790 4371 969 4425 sortiti
1027 4377 1152 4424 sunt
1191 4369 1548 4434 beneﬁcium,
1605 4373 1733 4427 dum
1786 4392 1886 4446 per
1909 4366 2210 4438 DSimeon
2241 4373 2294 4421 et
2323 4369 2470 4433 Levi,
2501 4386 2629 4424 vasa
2663 4371 2971 4442 iniquitatis
3020 4373 3300 4439 bellantia,
3336 4393 3434 4446 pro
3465 4393 3600 4447 cpe-

264 4463 590 4534 mysterium
641 4463 818 4516 crucis
856 4479 1001 4516 unus
1039 4463 1350 4532 praemium,
1397 4470 1453 4526 et
1490 4465 1628 4519 alius
1675 4470 1885 4539 recepit

264 4554 628 4625 supplicium.
678 4554 801 4609 Haec
828 4562 909 4609 est
941 4555 1033 4608 illa
1074 4554 1164 4609 lux
1219 4571 1318 4624 per
1363 4571 1524 4626 quam
1566 4557 1696 4614 licet
1743 4576 1885 4615 unus

263 4662 460 4702 eorum
523 4645 588 4699 ad
646 4661 894 4716 poenam,
935 4646 1075 4701 alius
1125 4645 1452 4701 educeretur
1505 4648 1572 4702 ad
1630 4650 1882 4722 gloriam,

266 4735 497 4805 utrique
548 4739 730 4788 tamen
786 4734 1083 4789 Dominicre
1131 4736 1547 4792 resurrectionis
1601 4739 1888 4813 signavere

266 4822 576 4887 victoriam,
631 4821 759 4875 dum
826 4838 936 4875 una
992 4822 1300 4894 eademque
1353 4825 1596 4880 caelestis
1646 4830 1885 4898 mysterii

272 4919 448 4976 sorte,
505 4917 629 4981 post
673 4916 784 4964 tres
823 4910 942 4965 dies
995 4909 1072 4964 illi
1113 4912 1182 4966 de
1235 4929 1480 4980 carcere,
1538 4922 1592 4969 et
1648 4915 1890 4972 Christus

269 5003 506 5059 surrexit
537 5019 568 5056 a
596 5008 790 5056 morte.
835 5001 959 5056 Hzec
992 5010 1076 5057 est
1122 5003 1215 5056 illa
1257 5005 1346 5058 lux
1390 5021 1486 5074 per
1521 5022 1682 5077 quam
1725 5009 1888 5064 nobis

271 5094 330 5146 in
385 5092 656 5157 Manasse,
689 5091 781 5161 qui
830 5091 1018 5146 oblivio
1075 5091 1295 5158 dicitur,
1336 5093 1596 5149 Judaicus
1653 5097 1890 5167 populus

272 5187 478 5242 divinae
500 5185 795 5240 oblivionis
819 5185 1030 5241 ultione
1045 5187 1357 5256 subjicitur,
1387 5203 1479 5253 ne,
1502 5203 1534 5243 o
1559 5188 1887 5260 Christiane,

273 5280 532 5349 exemplo
573 5277 750 5348 ipsius
778 5278 1122 5334 obliviscaris
1178 5279 1478 5334 conditoris
1526 5280 1628 5347 tui,
1681 5282 1749 5337 de
1781 5300 1890 5355 quo

275 5369 543 5438 scriptum
617 5375 736 5421 est:
807 5369 1007 5423 Oblitus
1079 5377 1154 5424 est
1226 5373 1437 5424 Domini
1500 5376 1754 5427 creatoris
1807 5378 1894 5428 sui

277 5459 454 5528 (Deut.
510 5458 696 5522 χχχιι).
732 5455 857 5511 Haec
886 5465 967 5511 est
1007 5457 1097 5511 illa
1135 5459 1225 5512 lux
1281 5475 1378 5528 per
1408 5476 1568 5529 quam
1607 5460 1887 5531 Ephraim,

278 5545 373 5615 qui
429 5546 664 5612 frugifer
711 5544 1120 5614 interpretatur,
1189 5547 1412 5619 gentilis
1464 5549 1652 5618 p0puli
1713 5565 1888 5618 usque

281 5632 448 5687 hodie
493 5630 802 5687 fecunditas
869 5633 1186 5700 illustratur,
1255 5635 1300 5687 si
1359 5641 1542 5691 tamen
1599 5636 1653 5690 in
1726 5637 1890 5692 nobis

1986 4458 2138 4513 ribus
2168 4461 2539 4528 tenebrarum,
2573 4463 2728 4534 quasi
2759 4465 2942 4520 sidera
2985 4467 3382 4522 obnubilantur
3409 4485 3601 4523 erran-

1985 4549 2081 4616 tia,
2123 4551 2250 4622 quia
2274 4551 2560 4625 indignum
2592 4554 2749 4609 valde
2781 4564 2947 4619 esset,
2978 4565 3039 4612 ut
3067 4575 3096 4611 a
3137 4558 3351 4613 caelesti
3387 4560 3596 4616 lumine

1987 4639 2280 4696 interiores
2293 4656 2480 4696 eorum
2506 4642 3092 4708 illustrarenturoculi,
3120 4662 3216 4716 per
3245 4663 3384 4717 quos
3407 4649 3600 4704 scribae

1987 4736 2043 4783 et
2072 4730 2386 4786 sacerdotes
2426 4731 2637 4787 Judaici
2670 4733 3004 4808 praeﬁgurati
3050 4742 3178 4789 sunt
3231 4736 3441 4806 populi.
3479 4738 3603 4794 Haec

1988 4827 2072 4874 est
2109 4820 2203 4875 illa
2232 4821 2320 4875 lux
2360 4839 2482 4892 quae
2516 4822 2570 4876 in
2601 4824 2864 4879 cordibus
2893 4842 3085 4881 eorum
3117 4827 3301 4881 lumen
3354 4829 3604 4884 veritatis

1989 4908 2117 4964 fecit
2142 4910 2461 4977 obscurum,
2489 4911 2584 4982 qui
2615 4912 2670 4966 in
2694 4911 2876 4968 furore
2907 4930 3006 4969 suo
3045 4915 3372 4970 occiderunt
3401 4917 3600 4984 virum,

1988 5006 2044 5054 et
2089 4998 2142 5052 in
2200 4999 2390 5054 dolore
2415 5015 2515 5054 suo
2545 5000 2890 5057 suﬂ’oderunt
2921 5020 3165 5057 murum:
3229 5004 3604 5079 signiﬁcantes

1989 5090 2407 5160 videlicetquod
2424 5091 2503 5144 illi
2535 5092 2699 5146 nimis
2728 5094 2796 5147 ab
2818 5101 3021 5150 aeterna
3040 5095 3284 5169 elongati
3306 5105 3437 5151 sunt
3457 5098 3602 5164 luce,

1991 5180 2085 5249 qui
2115 5194 2318 5250 corpus
2373 5180 2590 5234 Domini
2638 5181 3032 5237 cruciﬁxerunt
3088 5183 3278 5251 clavis,
3310 5183 3503 5240 lancea
3551 5194 3606 5241 et

1991 5283 2170 5325 cruce.
2210 5269 2331 5323 Haec
2368 5275 2455 5323 est
2495 5269 2586 5324 illa
2615 5270 2706 5324 lux
2737 5287 2858 5341 quae
2908 5287 3018 5327 uno
3055 5271 3219 5326 modo
3249 5272 3420 5328 Jacob
3479 5275 3606 5328 illu-

1993 5361 2183 5416 stravit
2207 5361 2262 5414 in
2296 5360 2487 5414 Bethel
2507 5401 2520 5426 ,
2551 5360 2658 5416 alio
2690 5377 2820 5418 vero
2849 5363 3075 5417 Simeon
3105 5372 3160 5417 et
3183 5363 3309 5418 Levi
3336 5365 3519 5419 divisit
3547 5365 3603 5418 in

1995 5451 2186 5516 Jacob,
2219 5457 2273 5504 et
2304 5450 2568 5521 dispersit
2598 5451 2653 5504 in
2686 5452 2882 5507 Israel:
2935 5454 3196 5524 quoniam
3231 5454 3304 5507 ibi
3339 5471 3438 5524 pes
3483 5455 3605 5520 ejus

1992 5546 2058 5600 ad
2093 5546 2288 5616 pedem
2324 5545 2472 5600 illam
2512 5563 2624 5602 non
2647 5547 2884 5602 habebat
2923 5548 3404 5619 signiﬁcationem,
3439 5561 3603 5614 quam

1995 5637 2083 5691 hic
2101 5635 2300 5692 divisio
2341 5637 2513 5692 habet
2542 5639 2612 5692 ad
2651 5638 3079 5709 dispersionem.
3118 5640 3240 5694 Haec
3279 5644 3361 5689 est
3395 5635 3487 5689 illa
3512 5634 3606 5686 lux
