4006 6198
407 282 512 338 995

1424 269 1788 326 BERENGOSI
1831 267 2101 324 ABBATIS
2139 268 2192 321 S.
2237 265 2478 321 ΜΑΧΙΜΙ
2519 267 2781 324 TREVIR.

3648 275 3768 332 996

407 427 503 481 per
533 424 694 480 quam
731 407 804 460 ita
862 401 1148 458 nominum
1203 399 1426 454 istorum
1471 398 1753 467 reciproca
1781 395 2025 449 variatur
2056 403 2096 464 Α
2127 391 2373 459 ejusdem
2417 393 2610 448 mortis
2628 395 2870 449 salutare
2899 397 3242 467 mysterium,
3285 399 3476 454 mortis
3503 401 3767 472 antiqua:

400 497 711 562 conversio,
755 503 814 550 ut
861 494 916 546 in
945 490 1149 546 Iudaeis
1193 487 1551 543 credentibus
1605 485 1824 552 divisio,
1875 491 1929 537 et
1967 483 2022 536 in

403 609 510 649 non
577 589 936 646 credentibus
974 584 1315 658 intelligatur
1363 581 1656 651 dispersio,
1705 579 1835 649 quia
1887 579 2026 632 sicut

403 697 501 751 per
530 681 685 734 istam
713 677 1044 732 divisionem
1079 671 1219 725 fides
1253 670 1411 724 nobis
1463 669 1773 722 insinuatur
1805 666 2020 719 illorum

405 773 473 826 de
503 771 705 842 quibus
735 769 940 822 dictum
981 773 1088 829 est,
1117 765 1360 832 Suscepit
1402 777 1484 816 eos
1516 762 1580 814 de
1601 763 1692 813 via
1721 760 2024 826 iniquitatis

403 879 589 918 eorum
627 863 733 931 (Ps.
793 861 922 928 cvi).
957 859 1030 910 ita
1085 871 1184 926 per
1241 856 1379 907 hanc
1433 850 1850 922 dispositionem
1912 864 2021 903 non

406 959 720 1022 credentes,
779 955 1046 1010 debemus
1085 958 1354 1004 annotarc
1428 947 1670 1009 Judaaos,
1710 944 1778 998 de
1822 941 2026 1014 quibus

405 1047 670 1118 scriptum
703 1052 822 1098 est:
885 1041 1120 1095 Tradidit
1170 1053 1251 1091 eos
1312 1039 1367 1090 in
1424 1050 1623 1089 manus
1657 1035 1920 1099 gentium,
1981 1035 2030 1083 et

403 1143 672 1196 dominati
723 1144 854 1193 sunt
901 1150 1086 1190 eorum
1111 1135 1204 1202 qui
1227 1132 1454 1186 oderunt
1484 1145 1566 1184 eos
1599 1128 1705 1194 (Ps.
1741 1125 1842 1195 cv).
1905 1123 2029 1178 llzec

407 1246 491 1293 est
539 1237 629 1291 illa
674 1237 762 1288 lux
817 1249 916 1302 per
956 1246 1118 1301 quam
1161 1228 1330 1282 Judas
1369 1223 1761 1280 benedictione
1806 1226 2028 1290 paterna

407 1328 604 1382 meruit
633 1323 968 1379 :eternaliter
997 1319 1122 1384 frui,
1175 1335 1271 1388 pro
1302 1333 1408 1388 qua
1451 1323 1610 1386 pater
1637 1314 1758 1381 ejus
1779 1312 1848 1366 ad
1870 1327 2022 1365 eum:

401 1419 563 1483 Juda,
610 1414 808 1486 inquit,
843 1419 892 1467 te
933 1411 1239 1465 laudabunt
1281 1409 1480 1475 fratres
1525 1408 1608 1459 tui
1659 1404 1782 1472 (Gen
1833 1402 2023 1470 xcrv);

403 1511 596 1567 Judam
630 1508 845 1564 scilicet
901 1506 1052 1559 illum
1086 1503 1246 1558 nobis
1301 1500 1604 1574 ﬁguraliter
1643 1511 2023 1568 expressurus,

405 1599 496 1670 qui
530 1598 597 1652 ad
629 1596 930 1650 vindictam
965 1592 1256 1655 malorum,
1290 1588 1506 1642 laudem
1540 1601 1669 1640 vero
1731 1585 2025 1649 honorum,

405 1692 472 1746 de
497 1691 638 1745 tribu
672 1689 813 1742 Juda
843 1693 959 1740 erat
1005 1683 1333 1737 nasciturus.
1379 1679 1502 1732 Haec
1547 1683 1630 1730 est
1673 1676 1765 1729 illa
1805 1675 1892 1728 lux
1934 1689 2032 1744 per

411 1800 576 1855 quam
624 1781 820 1835 fratres
849 1777 1002 1830 Judae
1033 1775 1100 1828 ad
1153 1773 1404 1828 eamdem
1461 1769 1688 1842 ﬁguram
1733 1766 2030 1821 laudabant

410 1894 536 1932 cum
569 1891 679 1946 quo
707 1871 940 1944 apostoli
965 1874 1154 1940 postea
1192 1867 1555 1920 laudaverunt
1580 1863 1772 1924 Deum,
1807 1859 2028 1930 quando

414 1965 680 2022 ineffabili
709 1962 929 2020 divina:
968 1958 1189 2030 pietatis
1225 1955 1470 2010 efficacia
1502 1952 1698 2007 fratres
1755 1951 1876 2018 ejus
1917 1965 2026 2004 non

415 2067 612 2112 natura
644 2056 822 2119 fuere,
863 2052 958 2106 sed
987 2049 1181 2123 gratia.
1220 2047 1339 2102 llaec
1395 2053 1478 2100 est
1515 2045 1606 2098 illa
1638 2043 1727 2097 lux
1783 2057 1906 2112 quae
1942 2041 2036 2094 diu

415 2145 741 2203 abscondita
785 2141 887 2196 fuit
927 2139 995 2194 ab
1055 2136 1234 2193 oculis
1290 2150 1503 2195 eorum,
1545 2133 1613 2186 de
1644 2131 1850 2202 quibus
1903 2129 2039 2182 sub-

412 2241 686 2314 jungitur,
706 2243 894 2292 Manus
918 2241 1026 2288 ture
1055 2236 1114 2286 in
1129 2230 1422 2286 cervicibus
1452 2229 1797 2282 inimicorum
1824 2231 2042 2278 tuorum

423 2334 570 2405 (Gen.
620 2331 783 2399 xux),
840 2325 1165 2400 significans
1215 2321 1430 2376 scilicet
1486 2319 1637 2390 quod
1671 2332 1837 2400 verus
1872 2315 2041 2369 ludas

425 2421 642 2476 virtutis
679 2417 889 2474 coalesti
919 2413 1102 2486 gladio
1135 2405 1427 2465 humiliare
1469 2406 1660 2462 debuit
1687 2405 1828 2460 colla
1847 2419 2040 2473 super—

427 2512 648 2574 borum,
667 2509 735 2562 de
767 2507 972 2577 quibus
998 2501 1266 2572 scriptum
1299 2507 1402 2566 est,
1425 2499 1874 2566 Dominusjustus
1904 2509 2032 2548 con-

427 2599 806 2654 cidetcerviccs
826 2599 1169 2663 peccatorum
1203 2593 1284 2658 (Es
1362 2604 1476 2654 xm.
1519 2585 1644 2640 llaac
1686 2591 1769 2637 est
1808 2583 1902 2636 illa
1953 2580 2042 2634 lux

423 2709 530 2765 qua
558 2690 726 2746 Jacob
755 2688 1064 2742 illustratus
1095 2685 1148 2738 in
1181 2680 1571 2737 benedictione
1625 2677 1722 2732 filii
1770 2676 1880 2742 sui,
1917 2690 2044 2730 con-

423 2785 579 2839 tinuo
601 2781 979 2854 subjungens:
1034 2777 1368 2840 Adorabunt,
1401 2772 1604 2842 inquit,
1657 2777 1706 2824 te
1735 2770 1840 2835 ﬁlii
1867 2770 2040 2836 patris

421 2881 509 2933 sui
562 2878 709 2945 (Gen.
773 2877 936 2938 xux),
1013 2885 1113 2940 per
1167 2881 1306 2937 quos
1379 2864 1639 2918 videlicet
1707 2860 2039 2934 praefigurati

423 2975 554 3024 sunt
581 2965 744 3021 nobis
773 2964 850 3018 illi
883 2962 995 3018 veri
1031 2961 1355 3015 adoratores
1381 2955 1497 3021 Dei,
1529 2955 1599 3008 de
1652 2953 1852 3024 quibus
1903 2951 2040 3005 scri-

2126 483 2393 538 destruxit
2420 485 2736 555 imperium.
2765 486 2888 541 Haec
2919 496 3004 542 est
3030 488 3120 543 illa
3151 488 3261 556 lux,
3291 506 3392 560 per
3413 507 3579 562 quam
3603 492 3761 546 idem

2127 573 2436 643 patriarcha
2476 575 2851 632 illustrabatur
2888 579 3168 654 egregius,
3220 581 3290 636 de
3341 597 3453 653 quo
3503 585 3760 650 dicitur;

2127 673 2236 721 Non
2263 669 2544 734 auferetur
2562 675 2834 738 sceptrum
2858 672 2920 725 de
2947 673 3110 739 Juda,
3141 679 3196 727 et
3219 674 3334 727 dua:
3361 675 3425 728 de
3452 677 3758 740 feruoribus

2126 761 2240 827 ejus
2279 758 2427 828 (Gen.
2457 762 2630 828 xux);
2685 761 2867 832 typice
2896 763 3115 818 scilicet
3155 763 3458 839 designans
3500 767 3654 838 quod
3679 769 3757 822 de

2127 849 2272 904 tribu
2326 850 2464 905 Juda
2495 851 2601 906 dux
2637 853 2729 908 ille
2757 855 3070 910 nasciturus
3099 862 3217 910 erat
3257 857 3310 910 in
3345 857 3574 913 salutem
3633 876 3761 914 cre-

2129 941 2400 1006 dentium,
2428 943 2498 997 de
2541 961 2650 1015 quo
2681 945 3070 1019 subjungitur:
3131 953 3245 1017 Ipse
3289 951 3392 1002 erit
3421 953 3769 1020 exspectatio

2129 1037 2370 1101 gentium
2404 1034 2598 1103 (ibid).
2635 1037 2758 1091 Haec
2795 1043 2878 1092 est
2915 1038 3007 1092 illa
3046 1037 3157 1107 lux,
3200 1057 3322 1110 quas
3352 1042 3608 1096 eumdem
3659 1041 3760 1095 Ju-

2129 1121 2253 1176 dam
2289 1130 2418 1194 typo
2457 1127 2772 1194 apostolica!
2820 1128 3230 1196 praedicationis
3280 1131 3587 1198 illustravit,
3623 1133 3763 1186 dum

2131 1211 2377 1286 infigura
2409 1215 2638 1287 gentilis
2662 1215 2851 1286 populi
2897 1218 3105 1287 pullum
3138 1235 3297 1274 suum
3332 1222 3398 1274 ad
3433 1221 3650 1276 vineam
3685 1221 3762 1274 li-

2129 1299 2307 1371 gavit;
2330 1300 2384 1354 in
2419 1301 2578 1356 vinea
2606 1303 2822 1358 scilicet
2856 1306 2960 1360 hac
2980 1305 3212 1379 intelligi
3243 1308 3437 1363 volens
3464 1310 3766 1364 ecclesiam

2133 1389 2354 1456 Christi,
2408 1393 2477 1448 de
2537 1411 2645 1465 quo
2691 1395 2895 1450 dictum
2953 1407 3064 1452 est:
3130 1404 3350 1454 Vineam
3414 1401 3478 1455 de
3539 1407 3773 1470 ﬁgypto

2129 1487 2460 1540 transtulisti
2483 1488 2638 1554 (Psal.
2671 1493 2872 1555 LXXIX).
2906 1490 3032 1545 Haec
3061 1499 3144 1546 est
3182 1492 3274 1546 illa
3305 1492 3418 1558 lux,
3449 1509 3547 1564 per
3586 1511 3759 1565 quam

2125 1572 2291 1628 Judas
2309 1577 2376 1629 ad
2421 1577 2844 1632 discernendam
2874 1581 3190 1636 .ludteorum
3209 1591 3265 1636 et
3301 1583 3551 1655 gentium
3577 1584 3763 1648 litem,

2133 1665 2236 1720 sub
2266 1673 2394 1738 typo
2425 1669 2648 1741 gentilis
2697 1671 2884 1742 p0puli
2933 1673 3140 1727 asinam
3173 1690 3326 1728 suam
3361 1675 3546 1749 ligavit
3575 1676 3646 1738 ad
3679 1677 3768 1730 vi-

2133 1767 2266 1825 tem,
2293 1761 2614 1834 significans
2641 1765 2919 1830 videlicet,
2953 1768 3101 1838 quod
3133 1768 3252 1838 ipse
3283 1770 3378 1840 qui
3417 1777 3541 1840 post
3575 1786 3768 1824 resur-

2134 1851 2437 1907 rectionem
2472 1871 2628 1909 suam
2690 1855 2982 1928 discipulis
3011 1875 3303 1930 apparens,
3339 1865 3418 1916 ire
3459 1878 3515 1916 se
3551 1864 3772 1930 bmgius

2129 1943 2292 2005 ﬁnxit
2324 1947 2469 2010 (Luc.
2520 1949 2689 2018 xxiv),
2732 1966 2830 2018 per
2859 1951 3174 2019 mysterium
3224 1953 3402 2007 crucis
3461 1953 3767 2008 Ecclesiam

2139 2036 2384 2107 gentium
2417 2037 2638 2092 vincula
2665 2039 2771 2093 sibi
2793 2041 3076 2096 charitatis
3105 2043 3375 2097 astrinxit.
3401 2044 3525 2098 llaec
3553 2051 3637 2098 est
3667 2045 3766 2099 illa

2143 2129 2250 2190 lux,
2295 2145 2393 2198 per
2441 2147 2603 2201 quam
2635 2131 2806 2185 Judas
2843 2134 3155 2202 passionem
3190 2135 3388 2190 Christi
3446 2137 3600 2192 novit
3639 2153 3772 2192 esse

2141 2223 2425 2272 venturam
2455 2218 2582 2272 dum
2624 2219 2677 2272 in
2711 2219 2887 2292 ﬁgura
2927 2221 3222 2278 Salvatoris
3251 2225 3386 2278 tavit
3417 2229 3476 2278 in
3499 2229 3626 2280 vino
3655 2232 3771 2280 sto—

2141 2309 2253 2360 lam
2294 2323 2454 2362 suam
2509 2309 2657 2374 (Gen.
2699 2311 2872 2380 XLVI);
2928 2312 3156 2382 mystice
3214 2313 3426 2368 scilicet
3476 2313 3775 2370 insinuans

2142 2394 2290 2464 quod
2344 2411 2469 2450 caro
2497 2395 2717 2463 Christi,
2776 2415 2898 2469 qua:
2945 2399 3000 2453 in
3033 2416 3194 2455 cruce
3248 2403 3542 2472 pependit,
3595 2405 3769 2472 paulo

2144 2485 2324 2538 minus
2353 2484 2420 2537 ab
2449 2487 2654 2554 angelis
2692 2486 2856 2556 (Psat.
2892 2489 3004 2557 VIII)
3039 2490 3312 2556 discessit,
3345 2491 3475 2546 dum
3512 2491 3774 2546 Ecclesia?

2141 2577 2388 2648 gentium
2422 2578 2644 2634 botrum
2679 2582 2764 2635 sui
2805 2583 3090 2656 sanguinis
3116 2583 3169 2636 in
3205 2585 3460 2640 torculari
3491 2587 3772 2656 passionis

2143 2671 2430 2740 expressit.
2466 2671 2586 2727 Haec
2617 2679 2700 2726 est
2731 2672 2823 2727 illa
2859 2673 2972 2734 lux.
3001 2689 3100 2744 per
3139 2690 3303 2746 quam
3348 2692 3512 2730 verus
3541 2676 3634 2730 ille
3663 2678 3764 2732 Ju-

2143 2761 2261 2825 das,
2310 2762 2365 2816 in
2398 2763 2668 2836 sanguine
2717 2781 2833 2819 uvae
2865 2767 3090 2836 pallium
3146 2785 3308 2824 suum
3341 2771 3491 2838 lavit,
3533 2772 3628 2842 qui
3665 2787 3770 2842 per

2143 2853 2468 2924 mysterium
2511 2856 2692 2910 crucis
2723 2856 3020 2912 Ecclesiam
3071 2861 3317 2932 gentium
3349 2862 3418 2915 ab
3463 2863 3614 2916 omni
3649 2863 3760 2916 ini-

2141 2941 2350 3012 quitate
2369 2943 2673 3002 mundavit.
2702 2945 2923 3014 quando
2955 2947 3162 3018 duplici
3193 2958 3418 3019 peccato
3446 2950 3612 3018 illius,
3648 2952 3757 3006 du-

427 3066 579 3132 ptum
613 3063 712 3120 est,
743 3054 1056 3110 Adorabunt
1079 3066 1205 3106 eum
1233 3063 1412 3104 omnes
1454 3061 1622 3114 reges,
1653 3059 1833 3098 omnes
1861 3048 2040 3110 gentes
2063 3071 2110 3137 Ο
2141 3035 2269 3104 plici
2301 3035 2577 3090 medicina
2607 3037 2887 3106 subvenit,
2923 3039 3019 3094 ubi
3042 3040 3112 3094 de
3133 3041 3307 3096 latere
3337 3057 3435 3096 sua
3463 3059 3608 3114 aqua
3632 3060 3764 3100 eum

423 3127 656 3208 servient
682 3151 732 3204 ei
765 3151 865 3212 (Es.
919 3148 1082 3212 LXXI).
1135 3143 1256 3196 Ilazc
1299 3146 1382 3194 est
1422 3139 1512 3192 illa
1570 3137 1659 3191 lux
1715 3151 1836 3206 quae
1879 3133 2033 3188 Judae
2069 3127 2110 3137 ν
2139 3127 2331 3192 abluit,
2362 3135 2418 3182 et
2445 3129 2714 3202 sanguine
2744 3130 3002 3186 redemit.
3053 3132 3179 3187 Hrec
3229 3139 3312 3188 cst
3342 3133 3437 3188 illa
3487 3135 3599 3201 lux,
3662 3152 3764 3206 per

427 3243 556 3298 huic
587 3243 803 3295 leonem
838 3237 991 3292 illum
1025 3230 1462 3304 praemonstravit
1495 3229 1551 3282 in
1593 3227 1786 3298 figura,
1825 3226 1892 3280 de
1924 3240 2033 3296 quo
2132 3239 2294 3294 quam
2349 3222 2466 3290 ille,
2520 3223 2615 3294 qui
2681 3232 2764 3278 est
2820 3227 2915 3292 llos
2974 3231 3154 3296 campi
3203 3235 3256 3283 ct
3312 3229 3492 3284 lilium
3545 3232 3771 3285 conval-

427 3326 806 3400 subjungitur,
835 3325 1058 3378 Catulus
1081 3323 1244 3374 leonis
1273 3320 1410 3372 Juda
1445 3317 1592 3386 (Gen.
1652 3323 1817 3376 xmxl,
1865 3313 2036 3387 signi-
2132 3313 2267 3367 tium
2297 3315 2474 3381 (Cant.
2522 3317 2602 3381 ιι),
2638 3330 2734 3385 pro
2773 3315 2948 3371 salute
2978 3319 3327 3374 credentium
3381 3320 3438 3374 in
3485 3321 3764 3395 sanguine

427 3418 600 3472 ficans
653 3415 862 3468 scilicet
895 3411 1048 3484 quod
1127 3409 1182 3463 in
1264 3406 1665 3461 resurrectione
1751 3403 2034 3459 Dominica
2129 3419 2247 3458 uvae
2274 3403 2453 3459 lavare
2473 3405 2731 3477 dignatus
2752 3414 2833 3462 est
2863 3409 3108 3478 pallium,
3139 3409 3267 3465 dum
3291 3427 3391 3481 per
3433 3413 3756 3482 mysterium

424 3509 597 3566 virtus
617 3507 793 3562 leonis
822 3505 970 3558 illius
996 3501 1158 3556 nobis
1185 3499 1324 3554 facta
1354 3505 1436 3553 est
1465 3498 1633 3563 nuda,
1662 3498 1730 3550 de
1761 3512 1870 3568 quo
1897 3496 2034 3550 scri-
2139 3493 2230 3548 sui
2251 3493 2520 3548 salutiferi
2552 3495 2765 3550 cruoris
2793 3497 3033 3553 reddidit
3061 3499 3142 3553 eis
3173 3499 3400 3570 pallium
3433 3500 3634 3565 laudis,
3660 3517 3760 3570 pro

429 3608 578 3672 ptum
610 3607 714 3664 cst,
744 3603 874 3652 Ecce
899 3597 1028 3650 vicit
1050 3596 1126 3648 leo
1152 3594 1216 3648 de
1242 3592 1386 3646 tribu
1414 3591 1554 3644 Iuda
1587 3587 1777 3659 (Apoc.
1813 3600 1885 3643 vt.
1921 3588 2042 3643 llaac
2141 3585 2334 3654 spiritu
2365 3587 2618 3642 maeroris
2681 3589 2804 3644 Haec
2833 3595 2920 3644 est
2954 3589 3046 3644 illa
3086 3591 3198 3660 lux,
3237 3608 3360 3663 quae
3391 3594 3583 3648 oculos
3611 3593 3769 3648 Judae

427 3701 512 3748 est
541 3691 630 3746 illa
659 3691 748 3745 lux
788 3705 885 3759 per
927 3703 1092 3759 quam
1121 3683 1293 3739 Judas
1323 3681 1626 3737 illustratus
1665 3687 1748 3735 est
1787 3680 2043 3752 mysterio
2144 3677 2408 3746 mysterio
2459 3677 2639 3733 adhuc
2671 3679 2961 3736 illustravit
3001 3681 3212 3748 divino,
3253 3681 3348 3736 ubi
3380 3683 3764 3756 subjungitur:

429 3787 625 3842 Christi
658 3763 881 3857 quando
903 3790 1060 3854 pater
1099 3781 1219 3849 ejus
1241 3779 1306 3834 ad
1334 3778 1518 3832 illum:
1552 3777 1630 3831 Ad
1658 3777 1918 3846 praedam,
1959 3775 2049 3828 in-
2153 3769 2778 3826 Pulclzrzoressuntocuti
2797 3777 2913 3841 ejus
2941 3773 3228 3843 vino(Gen.
3252 3776 3424 3840 xux):
3454 3775 3594 3828 nihil
3619 3775 3770 3829 aliud

426 3875 564 3948 quit,
594 3877 676 3942 ﬁli
693 3877 790 3940 mi,
820 3873 1110 3927 ascendisti
1129 3870 1274 3939 (Gen.
1304 3867 1478 3935 xux):
1506 3881 1605 3936 per
1626 3865 1772 3936 quod
1797 3864 2056 3928 videlicet
2153 3859 2412 3916 videlicet
2441 3860 2670 3935 intelligi
2701 3865 2894 3919 volens
2923 3881 3022 3934 per
3049 3866 3162 3920 vini
3182 3866 3344 3936 hujus
3369 3867 3764 3932 sinceritatem,

428 3967 589 4023 nobis
607 3957 2043 4038 praedatorisilliusinsinuatmajestatem,quiascen-
2157 3953 2264 4006 nisi
2314 3953 2508 4026 legalis
2538 3954 2904 4012 observantiae
2939 3957 3338 4013 austeritatem.
3385 3958 3510 4014 Haec
3547 3966 3633 4014 est
3676 3959 3771 4013 illa

425 4065 554 4119 dens
587 4065 648 4117 in
677 4063 892 4126 cretum,
942 4061 1216 4128 captivam
1261 4069 1442 4110 secum
1489 4054 1648 4107 duxit
1676 4055 2045 4120 captivitatem
2144 4043 2256 4109 lux,
2289 4060 2390 4115 per
2439 4060 2602 4116 quam
2635 4046 2780 4101 oculi
2812 4047 2964 4103 Judae
3013 4049 3141 4117 vino
3199 4058 3357 4104 erant
3398 4049 3759 4120 pulchriores,

425 4151 628 4224 (Ephes.
680 4151 772 4219 iv).
811 4152 933 4210 Haec
965 4157 1047 4205 est
1103 4149 1193 4202 illa
1248 4147 1360 4212 lux,
1395 4161 1494 4216 per
1547 4160 1710 4216 quam
1749 4143 1918 4198 ludas
1956 4158 2046 4198 re-
2145 4135 2276 4189 dum
2307 4137 2542 4206 apostoli
2564 4144 2619 4192 et
2647 4139 3000 4214 evangelistze
3026 4140 3187 4214 legali
3216 4141 3514 4196 traditione
3545 4141 3760 4196 fuerant

425 4242 720 4315 quiescens
753 4239 1013 4296 accubuit
1043 4247 1100 4294 ut
1139 4239 1248 4304 leo,
1293 4236 1421 4290 dum
1468 4234 1716 4288 Christus
1751 4236 1805 4286 in
1853 4232 2045 4304 sepul-
2145 4227 2428 4295 clariores.
2479 4229 2702 4299 quando
2730 4247 2830 4300 per
2867 4232 3240 4306 evangelicam
3297 4239 3352 4288 et
3399 4235 3756 4304 apostolicam

427 4350 523 4389 cro
573 4331 754 4387 tribus
809 4331 1008 4386 diebus
1066 4327 1340 4401 requievit
1397 4325 1452 4380 in
1499 4325 1640 4389 Deo;
1684 4325 1942 4397 quoniam
1975 4324 2043 4379 ad
2147 4321 2452 4376 doctrinam
2489 4323 2775 4380 scientiam
2821 4325 2984 4380 nobis
3034 4325 3288 4382 infudere
3319 4326 3583 4382 divinam.
3639 4327 3762 4382 Haec

425 4421 684 4476 eumdem
719 4420 939 4476 modum
968 4427 1076 4474 tres
1100 4419 1220 4473 dies
1251 4417 1305 4470 in
1336 4414 1546 4469 tumulo
1577 4414 1926 4486 requiescere
1955 4413 2034 4468 di-
2059 4443 2113 4509 D
2147 4417 2230 4464 est
2252 4410 2346 4465 illa
2397 4412 2507 4476 lux,
2538 4429 2638 4483 per
2665 4431 2829 4485 quam
2872 4415 3035 4469 etiam
3066 4417 3248 4471 dentes
3285 4421 3402 4486 ejus
3433 4423 3593 4470 erant
3627 4418 3763 4471 tacte

425 4521 624 4586 gnatus
654 4519 738 4567 est
793 4513 956 4578 Deus,
997 4527 1109 4582 quo
1141 4509 1355 4565 catulus
1386 4506 1564 4561 leonis
1609 4505 1810 4570 editus,
1861 4506 2038 4560 tribus
2059 4505 2095 4509 “
2137 4507 2468 4562 candidiores
2499 4507 2694 4576 (ibid.),
2725 4509 2853 4563 dum
2882 4509 3139 4564 doctores
3175 4509 3432 4566 Ecclesia!
3477 4511 3638 4582 legali
3671 4511 3762 4566 ob-

425 4605 629 4660 dicitur
657 4602 900 4659 dormire
932 4602 1146 4658 diebus.
1191 4603 1314 4658 Haec
1343 4612 1426 4658 est
1459 4599 1551 4654 illa
1580 4599 1690 4664 lux,
1731 4615 1854 4670 qua:
1883 4597 1937 4651 in
1966 4596 2038 4653 fi-
2137 4595 2398 4650 scuritate
2430 4595 2649 4652 fuerant
2695 4598 3014 4665 lucidiores,
3071 4601 3294 4672 quando
3334 4601 3596 4656 virtutum
3639 4617 3762 4656 can-

425 4713 563 4771 gura
590 4695 746 4750 Judre
769 4695 926 4750 istius
958 4694 1221 4749 suscitare
1241 4695 1412 4752 voluit
1445 4699 1640 4756 Deum;
1679 4693 1748 4746 de
1778 4706 1886 4763 quo
1917 4693 2042 4746 sub-

419 4787 700 4862 jungitur:
757 4789 882 4852 Quis
907 4786 1188 4842 suscitabit
1215 4801 1342 4842 eum
1364 4787 1392 4840 ?
1431 4789 1587 4858 (Gen.
1620 4784 1788 4854 xux.)
1825 4781 2042 4857 signifi-

421 4893 556 4934 cans
617 4875 899 4936 videlicet,
963 4874 1112 4946 quod
1160 4891 1258 4944 per
1305 4875 1492 4931 lumen
1550 4871 1876 4936 divinitatis,
1936 4885 2046 4942 quo

425 4965 740 5022 humanitas
773 4965 896 5033 ejus
947 4973 1064 5018 erat
1106 4957 1293 5034 plena,
1351 4980 1380 5018 a
1431 4965 1542 5019 Deo
1597 4962 1752 5016 Patre
1797 4958 2047 5014 suscitari

427 5057 620 5112 debuit
655 5056 814 5128 quasi
846 5056 956 5123 leo,
999 5061 1054 5110 et
1093 5055 1251 5127 quasi
1281 5057 1475 5110 leaena.
1513 5055 1638 5109 Haec
1675 5058 1758 5107 est
1787 5051 1880 5105 illa
1937 5051 2046 5117 lux,

428 5164 528 5219 per
591 5165 750 5220 quam
801 5149 958 5205 Judie
999 5149 1128 5204 huic
1175 5149 1370 5205 debuit
1424 5150 1481 5205 in
1530 5148 1706 5225 ﬁgura
1755 5146 2049 5218 prmtendi,

431 5245 634 5312 quanta
671 5241 726 5294 in
786 5241 998 5296 Christo
1038 5239 1206 5296 fuerit
1261 5242 1543 5297 humilitas
1604 5237 1940 5304 dormiendi,
1996 5245 2054 5292 et

431 5331 678 5401 potentia
735 5331 1088 5406 resurgendi;
1137 5333 1266 5388 dum
1336 5349 1436 5405 per
1509 5333 1697 5388 lumen
1747 5329 2052 5385 divinitatis

431 5425 585 5480 illum
615 5425 980 5494 spiritualiter
1003 5429 1234 5498 aspexit,
1262 5433 1357 5499 qui
1383 5444 1478 5498 pro
1506 5429 1656 5484 nobis
1675 5433 1924 5482 mortuus
1950 5431 2046 5492 est,

431 5523 482 5572 et
525 5515 824 5568 resurrexit
858 5515 1004 5574 (Rom
1078 5518 1215 5584 vui).
1251 5517 1372 5571 Haec
1399 5523 1484 5570 est
1535 5515 1628 5569 illa
1661 5516 1772 5581 lux,
1833 5515 1886 5566 in
1939 5529 2052 5584 qua

431 5607 704 5667 Christus,
745 5611 803 5656 ut
851 5604 936 5658 leo
967 5608 1258 5676 requievit,
1299 5608 1391 5680 qui
1423 5607 1602 5662 tribus
1632 5605 1832 5661 diebus
1858 5612 1913 5660 et
1943 5605 2046 5658 tri-

434 5699 543 5756 bus
565 5690 822 5748 noctibus
859 5695 1137 5751 somnium
1169 5700 1362 5754 mortis
1388 5698 1665 5767 implevit;
1697 5697 1920 5768 quando
1950 5711 2052 5766 per

2141 4685 2274 4740 dore
2303 4684 2458 4741 lactis
2486 4694 2808 4744 attestantes
2834 4689 3525 4766 albedinem,evangelicm
3557 4693 3760 4747 verita-

2140 4777 2210 4831 tis
2231 4777 2394 4832 nobis
2441 4779 2781 4836 instillavere
2811 4781 3186 4838 dulcedinem.
3241 4784 3366 4838 Haec
3410 4789 3495 4837 est
3524 4783 3620 4838 illa
3647 4783 3756 4849 lux,

2149 4887 2249 4942 per
2275 4887 2438 4943 quam
2482 4871 2535 4924 in
2576 4872 2839 4927 dentibus
2877 4873 2999 4940 ejus
3030 4873 3222 4928 Christi
3259 4874 3652 4945 praedicatores
3677 4875 3764 4928 in-

2148 4959 2494 5032 telliguntur,
2514 4975 2614 5030 per
2631 4975 2773 5032 quos
2804 4959 3074 5016 increduli
3108 4963 3342 5034 quippe,
3384 4964 3543 5034 quasi
3577 4963 3688 5018 cibi
3710 4964 3762 5017 in

2149 5071 2350 5126 corpus
2397 5055 2652 5110 Ecclesia;
2689 5055 3153 5125 transmittuntur,
3202 5057 3297 5129 qui
3329 5072 3482 5112 more
3509 5057 3764 5128 parvulo-

2153 5163 2272 5202 rum
2304 5146 2449 5202 lacte
2481 5147 2802 5203 nutriuntur
2831 5147 2886 5202 in
2921 5148 3116 5219 primis
3145 5149 3276 5220 quia
3306 5149 3554 5204 nondum
3586 5151 3762 5205 valent

2151 5234 2348 5290 solidis
2390 5249 2712 5290 assuescere
2750 5235 2906 5290 cibis.
2965 5235 3092 5291 Haec
3121 5245 3206 5291 est
3263 5236 3354 5291 illa
3386 5239 3498 5305 lux,
3559 5238 3614 5292 in
3659 5254 3762 5309 qua

2153 5323 2398 5380 Christus
2445 5323 2658 5396 antiqui
2713 5325 2881 5380 hostis
2917 5340 3218 5382 occurrens
3264 5325 3536 5394 audaciae,
3577 5329 3759 5381 vinum

2151 5424 2208 5472 et
2240 5417 2324 5473 lac
2353 5417 2493 5490 legis
2521 5417 2762 5488 antiquae
2819 5417 2974 5473 radio
3022 5431 3178 5472 novae
3211 5416 3506 5473 illustravit
3540 5418 3760 5493 gratiae;

2150 5511 2280 5566 dum
2335 5510 2392 5564 in
2440 5525 2534 5564 ara
2581 5510 2762 5565 crucis
2815 5509 3094 5582 duplicem
3141 5509 3285 5563 hanc
3323 5510 3554 5582 gratiam
3596 5509 3764 5564 voluit

2149 5604 2400 5662 conferre
2449 5605 2824 5671 credentibus,
2855 5613 2916 5660 ut
2952 5604 3034 5660 eis
3071 5603 3304 5659 ulterius
3356 5619 3461 5659 nec
3509 5605 3691 5678 caligo
3713 5605 3762 5659 in

2149 5694 2350 5760 oculis,
2377 5708 2480 5748 nec
2517 5693 2678 5748 dolor
2705 5699 3000 5766 appareret
3029 5693 3086 5747 in
3113 5691 3392 5748 dentibus.
3425 5693 3549 5748 Haec
3578 5692 3768 5748 estilla
