4006 6198
260 287 367 359 997

1328 300 1452 355 LIB.
1494 299 1576 354 DE
1616 298 1939 354 MYSTERIO
1982 300 2156 355 LIGNI
2202 298 2510 354 DOMINICI.
3476 306 3545 360 99

252 432 369 493 lux,
401 440 524 496 quae
543 423 783 478 Zabulon
811 440 910 492 per
939 423 1140 477 divinae
1168 422 1432 478 claritatis
1453 423 1851 478 illustravitra-
1884 433 1925 494 Α
1957 431 2407 496 prmmonstratur
2437 424 2683 487 nomine,
2704 425 2798 478 ubi
2826 426 2993 482 Jacob
3033 429 3135 482 sub
3166 428 3437 483 inferens:
3468 435 3572 486 Sa-

246 518 421 583 dium,
444 518 573 571 dum
596 517 843 571 inlittore
858 519 1028 570 maris
1053 514 1342 575 habitavit,
1366 520 1417 568 et
1438 518 1853 569 instationena-

241 613 396 664 vium
412 609 582 677 (ibid)
609 625 621 660 :
643 606 965 679 signiﬁcans
984 606 1401 675 videlicetquod
1428 605 1545 675 ipse
1564 606 1859 660 Ecclesiam

246 700 300 752 in
327 705 485 769 portu
513 695 947 767 quietiszeternae
971 693 1561 763 voluitcollocare,qui
1579 693 1632 746 in
1648 700 1864 763 aposto-

240 791 347 845 lica
378 789 766 860 praedicatione
795 788 1036 842 extendit
1095 788 1342 855 palmites
1401 802 1523 841 suos
1582 802 1747 856 usque
1797 787 1868 840 ad

238 900 394 939 mare
424 884 580 952 (Psal.
616 882 795 950 ιχχιχ)
862 880 987 934 Haec
1025 886 1109 933 est
1155 880 1247 934 illa
1284 880 1392 944 lux,
1427 897 1526 950 per
1562 896 1725 950 quam
1759 881 1863 934 Za-

240 976 434 1041 bulon,
487 974 580 1045 qui
639 973 1012 1027 habitaculum
1052 974 1394 1038 fortitudinis
1448 972 1863 1041 interpretatur,

243 1067 404 1139 quasi
438 1067 493 1119 in
528 1064 737 1129 littore,
768 1064 944 1136 magis
976 1064 1235 1118 illustrari
1267 1064 1579 1129 videbatur,
1610 1064 1739 1117 dum
1770 1063 1868 1118 Ec-

241 1155 412 1210 clesia
453 1153 697 1226 gentium
738 1150 807 1204 ab
849 1152 969 1221 ipso
1001 1150 1204 1205 meruit
1255 1149 1631 1205 fortitudinem
1665 1151 1869 1205 habere

238 1246 475 1309 virtutis,
506 1244 597 1315 qui
635 1258 730 1312 per
760 1242 1079 1313 mysterium
1138 1242 1323 1297 crucis
1374 1252 1589 1311 portum
1632 1242 1740 1296 sibi
1781 1258 1872 1304 νο,

240 1341 346 1397 luit
374 1341 752 1395 demonstrare
779 1336 994 1392 salutis.
1031 1336 1152 1390 Haec
1182 1344 1265 1391 est
1298 1336 1388 1390 illa
1421 1337 1533 1402 lux,
1570 1354 1671 1408 per
1700 1354 1863 1407 quam

1960 521 2137 573 tutare
2164 518 2384 588 (inquit)
2424 525 2581 571 tuum
2620 522 2950 587 exspectabo,
2979 527 3196 576 Domine
3235 525 3426 589 (ibid),
3455 543 3573 597 my-

1961 613 2093 665 stice
2123 611 2334 665 scilicet
2364 610 2702 683 significans,
2737 614 2880 682 quod
2917 629 3018 682 per
3047 614 3281 669 salutare
3313 617 3452 671 istud
3490 636 3579 673 re-

1963 702 2390 758 surrectioillius
2411 702 2754 771 apertissime
2786 704 3053 777 signatur,
3083 706 3173 775 qui
3205 707 3385 773 Jesus,
3412 709 3464 763 id
3497 719 3581 766 est

1967 792 2243 857 salutaris,
2275 790 2359 843 vel
2416 792 2563 845 salus
2606 793 3020 861 interpretatur.
3067 792 3189 845 Haec
3235 800 3319 846 est
3349 794 3440 848 illa
3470 797 3579 864 lux,

1969 901 2092 955 quae
2126 883 2285 938 nobis
2316 883 2481 935 etiam
2516 882 2568 935 in
2615 883 2725 936 Gad
2779 883 3103 953 spiritaliter
3146 888 3585 953 prasmonstravit

1971 975 2162 1038 Deum,
2192 971 2287 1026 ubi
2328 972 2710 1047 subiungitur;
2776 972 2887 1026 Gad
2926 975 3200 1028 accinctus
3248 976 3587 1043 prwliabitur

1969 1073 2098 1121 ante
2120 1082 2245 1120 eum
2285 1064 2478 1134 (ibid),
2513 1064 2706 1134 przelio
2726 1063 2939 1118 scilicet
2970 1064 3071 1118 hoc
3095 1064 3224 1118 illud
3268 1065 3587 1139 signiﬁcans

1974 1155 2245 1225 praelium,
2275 1154 2425 1224 quod
2458 1152 2701 1207 Christus
2741 1163 2933 1207 contra
2963 1153 3244 1207 diabolum
3303 1155 3587 1210 habiturus

1971 1255 2087 1300 erat
2119 1261 2217 1316 pro
2241 1244 2420 1298 salute
2451 1242 2722 1297 ﬁdelium.
2758 1244 2879 1298 HERC
2911 1251 2991 1298 est
3020 1244 3110 1298 illa
3132 1245 3243 1309 lux,
3270 1262 3392 1316 quae
3426 1248 3588 1301 nobis

1969 1340 2024 1394 in
2049 1340 2245 1395 eodem
2275 1339 2405 1399 Gad,
2431 1338 2583 1392 verbi
2612 1338 2856 1393 cmlestis
2880 1338 3123 1412 gladium
3153 1340 3301 1395 misit
3327 1357 3436 1412 quo
3467 1342 3588 1395 uni-

240 1433 509 1496 Issachar,
542 1430 636 1501 qui
668 1428 960 1483 dicebatur
1008 1431 1196 1482 asinus
1250 1430 1425 1495 fortis,
1474 1444 1572 1497 pro
1635 1429 1862 1497 praemio
1964 1431 2185 1505 genitus
2216 1430 2312 1485 Dei
2345 1428 2510 1483 Filius
2536 1446 2734 1483 nurum
2775 1446 2804 1484 a
2855 1445 3036 1494 socru,
3080 1438 3135 1484 et
3165 1430 3336 1486 ﬁlium
3372 1449 3401 1485 a
3434 1440 3586 1502 patre

239 1527 365 1580 vitm
388 1523 630 1579 caelestis
667 1538 809 1577 onus
850 1522 1129 1589 abjeeerat
1158 1521 1371 1585 mortis,
1406 1521 1536 1575 dum
1570 1537 1636 1576 eo
1674 1522 1858 1576 minus
1961 1522 2162 1583 divisit.
2193 1522 2416 1592 quando
2456 1521 2686 1576 veniens
2714 1521 2767 1575 in
2819 1522 3106 1591 przesentis
3159 1523 3282 1577 vitae
3322 1524 3587 1593 stadium,

238 1633 367 1672 eum
399 1615 661 1688 gravabat
681 1617 881 1683 jugum
900 1612 1115 1667 Domini
1145 1627 1334 1676 suave,
1361 1619 1410 1666 et
1432 1628 1569 1668 onus
1586 1612 1706 1679 ejus
1732 1612 1854 1667 leve
1956 1620 2068 1668 Non
2104 1617 2229 1668 veni
2254 1612 2475 1683 (inquit)
2508 1616 2566 1666 in
2599 1619 2802 1667 terram
2824 1629 3007 1682 pacem
3055 1617 3288 1680 mittere,
3336 1617 3431 1669 sed
3462 1616 3584 1682 gla-

237 1709 405 1779 (Math
445 1710 590 1772 χχχ),
621 1720 729 1775 quo
757 1719 999 1773 praesens
1030 1704 1289 1757 saeculum
1315 1703 1367 1758 ei
1407 1711 1854 1758 momentaneum

235 1795 549 1858 videbatur,
572 1802 625 1847 et
641 1793 778 1846 leve.
812 1791 936 1845 Haec
957 1798 1039 1845 est
1055 1791 1144 1845 illa
1171 1792 1257 1844 lux
1288 1806 1384 1860 per
1406 1808 1569 1861 quam
1589 1792 1856 1856 lssachar,

237 1884 337 1956 qui
360 1898 557 1938 merces
576 1879 1181 1950 videturinterpretari,
1200 1895 1322 1933 cum
1350 1880 1542 1953 gentili
1566 1880 1772 1950 p0pulo
1794 1878 1857 1932 ﬁ-

237 1979 331 2035 dei
369 1978 640 2033 mercibus
677 1977 786 2031 Deo
815 1976 956 2030 solet
983 1975 1103 2028 sine
1142 1974 1550 2029 intermissione
1581 1974 1857 2041 famulari,

237 2069 421 2141 typice
461 2082 563 2121 nos
601 2066 908 2129 instruens,
941 2080 1051 2135 quo
1092 2064 1237 2117 inter
1275 2065 1515 2138 gentiles
1548 2079 1611 2118 ac
1640 2063 1861 2118 Judzeos

240 2175 446 2233 magna
464 2165 713 2212 versatur
735 2155 994 2210 discretio
1018 2173 1031 2218 ;
1057 2155 1307 2226 quamvis
1329 2156 1516 2226 plures
1542 2172 1609 2209 ex
1629 2162 1860 2227 utroque

237 2251 445 2322 populo
474 2249 741 2304 Dominici
769 2248 1056 2322 sanguinis
1089 2248 1315 2302 mercati
1348 2254 1479 2302 sunt
1509 2248 1709 2319 pretio.
1738 2248 1861 2303 Haec

237 2348 325 2397 est
350 2342 442 2395 illa
471 2342 581 2405 lux,
623 2356 744 2411 qnie
777 2339 1031 2394 eumdem
1077 2339 1341 2401 lssachar,
1384 2338 1438 2391 id
1485 2346 1568 2392 est
1593 2339 1855 2411 gentilem

244 2433 541 2503 populum,
574 2432 754 2486 adhuc
783 2430 943 2485 aliter
970 2429 1284 2491 illustravit,
1316 2430 1445 2484 dum
1480 2430 1622 2485 inter
1659 2430 1853 2485 termi-

244 2539 349 2579 nos
393 2531 621 2577 zeternaz
675 2521 950 2576 felicitatis
993 2520 1290 2586 accubans,
1341 2527 1541 2574 terram
1605 2521 1868 2591 optimam

242 2616 475 2669 humero
517 2599 777 2684 portavit,
822 2611 1147 2686 signiﬁcans
1194 2611 1453 2666 videlicet
1507 2613 1653 2682 quod
1685 2611 1872 2667 omni-

244 2715 443 2777 potens
471 2707 614 2760 Deus
645 2705 857 2759 nullum
892 2705 946 2758 in
980 2703 1088 2757 ﬁne
1106 2703 1311 2767 saeculi,
1344 2704 1472 2758 vita;
1512 2704 1754 2759 caelestis
1782 2721 1872 2759 re-

243 2798 627 2852 muneratione
681 2802 927 2862 coronat,
962 2796 1067 2850 nisi
1097 2795 1253 2866 prius
1284 2796 1374 2849 hic
1427 2796 1495 2849 ad
1542 2796 1868 2866 portandam

238 2886 470 2953 iustitiae
493 2886 764 2940 sarcinam
792 2886 953 2941 bona:
986 2885 1220 2940 actionis
1251 2885 1539 2939 humerum
1574 2893 1868 2956 supponat.

246 2977 372 3030 Haec
402 2983 485 3030 est
515 2975 609 3029 illa
648 2975 762 3041 lux,
813 2991 915 3045 per
964 2990 1127 3045 quam
1159 2973 1329 3028 Jacob
1392 2973 1707 3028 futurorum
1739 2973 1872 3027 illu-

245 3074 468 3123 stratus
482 3066 713 3122 scientia
738 3084 751 3119 :
779 3070 918 3134 Fiat,
950 3065 1151 3137 inquit,
1182 3071 1300 3120 Dan
1324 3066 1537 3121 coluber
1560 3068 1620 3120 in
1646 3068 1757 3133 via,
1790 3080 1872 3120 ce-

247 3166 418 3214 rastes
449 3162 508 3213 in
543 3161 736 3214 semita
787 3158 941 3228 (Gen.
991 3161 1166 3225 xux);
1214 3156 1606 3213 Antichristum
1663 3157 1876 3213 scilicet

248 3246 591 3318 signiﬁcans,
626 3247 719 3318 qui
754 3254 942 3302 contra
993 3247 1201 3301 electos
1250 3246 1343 3301 Dei
1374 3246 1582 3317 duplici
1624 3246 1875 3317 quando-

252 3358 368 3414 que
396 3342 562 3397 debet
593 3342 785 3396 saevire
826 3342 1131 3407 dementia,
1177 3341 1308 3396 dum
1341 3350 1405 3396 et
1439 3341 1667 3397 coluber
1699 3358 1765 3396 ex
1795 3358 1879 3396 as-

252 3437 414 3503 tutia,
469 3443 523 3490 et
572 3445 812 3490 cerastes
874 3444 1106 3491 vocatur
1166 3451 1232 3489 ex
1290 3436 1557 3505 potentia.
1619 3436 1739 3491 Haec
1796 3443 1884 3490 est

256 3526 355 3580 illa
387 3526 496 3591 lux,
524 3542 645 3596 quae
697 3540 798 3580 nos
849 3525 1013 3580 etiam
1049 3540 1173 3579 cum
1204 3524 1374 3579 Jacob
1407 3541 1504 3594 per
1535 3525 1880 3595 spiritualem

257 3614 499 3669 illustrat
554 3614 899 3688 allegoriam,
969 3614 1098 3668 dum
1163 3613 1219 3666 in
1270 3614 1465 3668 eodem
1516 3614 1630 3668 Dan
1674 3615 1879 3670 arctio-

256 3723 376 3762 rem
417 3705 581 3760 nobis
612 3706 955 3761 demonstrat
1009 3705 1260 3760 semitam
1321 3722 1445 3760 esse
1491 3721 1652 3776 quam
1711 3706 1877 3772 viam,

1887 1749 1934 1816 ll

1956 1711 2109 1763 dium
2142 1711 2344 1763 (Matth.
2383 1709 2459 1772 χ).
2497 1708 2621 1761 Hzec
2655 1716 2735 1760 est
2778 1706 2869 1760 illa
2908 1707 3019 1768 lux,
3065 1724 3166 1778 per
3203 1724 3366 1778 quam
3424 1709 3476 1762 in
3525 1708 3589 1761 ﬁ—

1960 1815 2094 1871 gura
2112 1798 2225 1851 Gad
2250 1797 2503 1851 illustrati
2528 1797 2746 1851 fuerant
2767 1797 2847 1850 illi
2881 1797 3176 1851 bellatores
3212 1799 3585 1863 invictissimi,

1960 1888 2028 1940 de
2061 1887 2266 1957 quibus
2298 1884 2540 1939 Ecclesia
2586 1885 2639 1937 in
2690 1883 2964 1939 Canticis:
3024 1890 3212 1941 Omnes
3262 1887 3480 1958 (inquit)
3516 1895 3587 1941 te-

1959 1982 2146 2031 nentes
2201 1976 2420 2043 gladios,
2461 1980 2511 2029 et
2550 1976 2619 2027 ad
2677 1974 2811 2027 bella
2849 1975 3140 2028 doctissimi
3196 1977 3368 2041 (Cant.
3439 1975 3587 2046 χχχ),

1961 2065 2283 2140 signiﬁcans
2306 2064 2587 2130 videlicet,
2634 2065 2783 2135 quod
2821 2064 2897 2117 illi
2935 2065 2988 2118 in
3023 2065 3266 2119 Ecclesia
3294 2066 3387 2120 Dei
3422 2066 3581 2138 quasi

1964 2158 2132 2212 fortes
2181 2172 2245 2211 ex
2300 2155 2613 2210 fortissimis
2669 2154 2834 2209 Israel
2899 2172 3020 2209 esse
3079 2157 3401 2226 creduntur,
3490 2158 3591 2228 qui

1962 2249 2157 2297 contra
2197 2242 2433 2296 carnalis
2472 2241 2936 2311 concupiscentia!
2991 2243 3151 2297 luxus
3198 2244 3429 2314 spiritali
3483 2245 3595 2319 gla-

1962 2331 2052 2385 dio
2082 2346 2303 2400 semper
2352 2344 2661 2403 repugnare
2721 2329 2992 2385 nituntur.
3055 2331 3176 2385 Haec
3216 2341 3299 2386 est
3334 2332 3424 2385 illa
3478 2332 3591 2407 lux,

1970 2438 2071 2492 per
2098 2437 2263 2492 quam
2297 2420 2566 2475 verusille
2597 2408 2707 2475 Gad
2736 2421 2891 2475 verbi
2939 2422 3162 2476 celestis
3191 2423 3376 2495 gladio
3409 2423 3593 2478 accin-

1972 2522 2091 2568 ctus
2113 2512 2433 2576 fortissime,
2467 2512 2535 2566 de
2568 2528 2677 2582 quo
2699 2513 2962 2583 scriptum
2992 2524 3103 2567 est:
3161 2518 3445 2583 Accingere
3472 2516 3592 2583 gia-

1972 2602 2056 2657 dio
2084 2609 2176 2657 tuo
2201 2616 2363 2671 super
2388 2603 2570 2668 femur
2597 2608 2775 2668 tuum,
2812 2605 3178 2671 potentissime
3212 2604 3376 2669 (Psal.
3433 2602 3592 2669 xuv),

1976 2691 2205 2764 mystice
2236 2692 2452 2747 scilicet
2509 2692 2820 2759 insinuans,
2873 2694 3020 2763 quod
3060 2710 3162 2749 nos
3191 2700 3479 2749 armatura
3508 2696 3599 2749 Dei

1975 2785 2179 2839 lumbos
2226 2782 2496 2837 mentium
2536 2798 2758 2853 semper
2807 2783 3078 2838 debemus
3132 2785 3488 2859 praecingere,
3540 2793 3599 2839 ut

1977 2879 2257 2950 possimus
2297 2881 2482 2933 omnia
2535 2879 2638 2933 tela
2702 2881 3017 2946 nequissimi
3056 2883 3215 2949 ignea
3258 2884 3600 2949 exstinguere

1979 2976 2181 3043 (Ephes.
2216 2976 2309 3041 vi).
2368 2972 2492 3026 Haec
2524 2977 2607 3027 est
2646 2971 2739 3026 illa
2771 2972 2882 3034 lux,
2924 2988 3049 3042 quae
3082 2973 3244 3027 etiam
3275 2973 3385 3028 Gad
3417 2976 3598 3031 verbis

1975 3064 2340 3136 sequentibus
2370 3064 2664 3119 illustravit
2713 3065 2894 3119 adhuc
2933 3064 2988 3118 in
3029 3065 3287 3132 obscuro,
3341 3068 3433 3121 ubi
3467 3068 3602 3122 sub-

1969 3159 2254 3233 iungitur:
2292 3164 2406 3228 Ipse
2447 3162 2761 3228 accingetur
2810 3167 3106 3215 retrorsum
3165 3161 3234 3231 (II
3281 3164 3447 3217 Thess.
3517 3166 3598 3232 ιι),

1976 3253 2029 3305 id
2062 3261 2146 3306 est
2169 3252 2222 3305 in
2262 3250 2474 3306 futuro:
2507 3251 2828 3325 signiﬁcans
2866 3253 3125 3307 videlicet
3159 3254 3307 3325 quod
3350 3255 3600 3310 Christus

1954 3342 2373 3398 ‘Antichristum
2454 3342 2785 3414 quandoque
2862 3342 3155 3398 interﬁciet
3208 3344 3407 3415 spiritu
3488 3347 3600 3400 oris

1982 3431 2088 3499 sui,
2119 3439 2179 3486 ut
2206 3431 2368 3485 electi
2416 3432 2508 3486 Dei
2564 3438 2771 3486 aeterna
2818 3432 3161 3487 beatitudine
3217 3450 3401 3487 secum
3466 3449 3598 3505 pos-

1985 3519 2096 3572 sint
2145 3517 2396 3572 securius
2436 3517 2562 3572 frui.
2617 3519 2740 3573 Haec
2804 3529 2887 3573 est
2945 3520 3037 3573 illa
3089 3520 3200 3584 lux,
3269 3536 3368 3590 per
3437 3537 3601 3592 quam

1986 3605 2290 3660 illustratus
2356 3612 2441 3660 est
2486 3606 2679 3672 Jacob,
2743 3608 3080 3676 patriarehes
3145 3609 3420 3682 egregius,
3502 3610 3596 3664 ubi

1984 3696 2052 3749 de
2101 3695 2271 3749 altero
2324 3692 2439 3749 ﬁlio
2494 3694 2866 3765 subjungens:
2923 3699 3070 3761 Aser,
3124 3696 3324 3766 inquit,
3378 3702 3600 3767 pinguis

258 3814 333 3852 ne
360 3812 458 3868 pro
497 3804 651 3852 arcta
702 3806 751 3852 et
789 3804 1025 3865 angusta
1067 3800 1179 3862 via,
1226 3813 1343 3865 qua:
1395 3799 1544 3852 ducit
1600 3799 1669 3852 ad
1705 3801 1877 3852 vitam
1973 3790 2134 3857 Ραηὶδ
2160 3790 2274 3856 ejus
2304 3787 2455 3849 lGen-
2497 3786 2661 3857 XLIX).
2705 3802 2804 3857 per
2841 3787 2990 3857 quod
3019 3787 3297 3852 videlicet,
3332 3790 3491 3858 panis
3521 3792 3596 3844 il-

256 3887 447 3955 (Mat/1.
477 3884 597 3955 vn),
630 3885 773 3938 viam
816 3884 972 3937 illam
1004 3899 1316 3954 qumramus
1346 3883 1617 3947 latiorem,
1668 3883 1738 3937 de
1770 3901 1877 3954 qua
1978 3883 2084 3937 lius
2141 3882 2538 3955 pinguedinem
2591 3880 2754 3936 nobis
2794 3880 2970 3950 ﬁgura
3024 3882 3336 3951 praetendit,
3383 3883 3452 3937 de
3485 3901 3596 3956 quo

256 3977 525 4047 scriptum
553 3983 664 4031 est:
708 3982 840 4030 Lata
874 3982 926 4031 et
974 3978 1214 4045 spatiosa
1242 3979 1331 4030 via
1360 3983 1456 4043 est,
1488 3992 1607 4045 quae
1632 3977 1782 4031 ducit
1810 3978 1881 4031 ad
1978 3970 2242 4040 scriptum
2274 3977 2379 4024 est:
2434 3973 2529 4024 llic
2572 3976 2647 4024 est
2700 3972 2858 4038 panis
2896 3972 3051 4024 vivus
3107 3972 3201 4038 qui
3250 3971 3314 4024 de
3362 3972 3487 4025 caelo
3514 3976 3600 4026 de-

249 4069 606 4139 perditionem
650 4067 838 4137 (ibid)
890 4067 1011 4122 Haec
1072 4075 1157 4121 est
1210 4067 1303 4121 illa
1353 4068 1464 4134 lux,
1523 4083 1647 4138 quae
1697 4068 1878 4122 eidem
1979 4063 2183 4118 scendit
2204 4063 2502 4129 (Joan.v1).
2530 4061 2649 4115 Haec
2682 4068 2765 4115 est
2796 4061 2888 4115 illa
2918 4061 3006 4115 lux
3037 4062 3474 4132 perquamidem
3514 4064 3601 4117 Ja-

258 4159 376 4212 Dan
405 4156 570 4210 nimis
625 4156 921 4211 videbatur
950 4156 1265 4221 obscurari,
1316 4158 1445 4212 dum
1485 4158 1536 4211 in
1570 4158 1881 4228 aquilonari
1984 4150 2087 4204 cob
2126 4149 2331 4203 divinis
2360 4148 2541 4203 adhuc
2572 4147 2874 4203 illustratus
2906 4156 2987 4203 est
3017 4148 3256 4222 legibus,
3286 4149 3380 4203 ubi
3405 4150 3473 4204 de
3503 4167 3600 4206 co-

263 4254 419 4319 parte
477 4263 723 4303 seorsum
782 4264 811 4301 a
865 4247 1126 4302 fratribus
1169 4249 1382 4303 solebat
1437 4256 1614 4303 castra
1645 4250 1880 4313 metari;
1984 4245 2111 4299 dem
2143 4245 2276 4299 Aser
2311 4243 2688 4307 subinferens,
2719 4244 2999 4306 Prwbebit,
3045 4244 3243 4315 inquit,
3275 4246 3493 4302 delicias
3518 4263 3605 4303 re-

265 4336 419 4394 illius
439 4335 701 4391 videlicet
731 4352 828 4405 per
854 4337 959 4392 hoc
990 4336 1233 4392 imitatus
1260 4337 1556 4404 actionem,
1609 4338 1704 4409 qui
1750 4354 1885 4394 con-
1983 4337 2136 4406 gibus
2168 4337 2359 4405 (ibid),
2384 4352 2481 4406 per
2509 4337 2611 4391 hoc
2645 4336 2901 4391 videlicet
2937 4336 3061 4392 illos
3091 4336 3415 4410 signiﬁcans
3448 4354 3607 4408 reges

267 4432 351 4479 tra
382 4424 830 4479 Deumerectus:
864 4430 1088 4491 Panum,
1144 4426 1344 4497 inquit,
1382 4427 1555 4481 sedem
1599 4442 1777 4481 meam
1815 4430 1955 4500 ad“
1985 4426 2077 4498 qui
2109 4441 2169 4480 se
2202 4425 2354 4496 ipsos
2393 4426 2538 4480 bene
2577 4426 2877 4480 secundum
2911 4426 3125 4481 divinas
3161 4428 3397 4482 rexerint
3427 4428 3600 4500 leges.

266 4518 575 4585 aquilonem
622 4516 769 4585 (Isai.
802 4520 932 4583 xxv).
985 4516 1108 4571 Haec
1138 4526 1220 4572 est
1276 4518 1370 4571 illa
1401 4518 1510 4582 lux,
1564 4533 1668 4588 per
1714 4534 1875 4590 quam
1902 4513 1960 4552 υ
1990 4513 2117 4569 Haec
2136 4524 2219 4568 est
2248 4514 2340 4569 illa
2377 4515 2465 4569 lux
2499 4531 2597 4584 per
2623 4530 2789 4585 quam
2824 4519 2976 4579 Aser,
3010 4517 3105 4587 qui
3134 4517 3320 4572 beatus
3341 4517 3427 4571 vel
3481 4520 3608 4587 pin-

267 4604 429 4660 electi
463 4604 556 4658 Dei
599 4604 932 4676 quandoque
974 4608 1301 4676 ungularum
1344 4607 1466 4675 ejus
1498 4617 1765 4677 sperncnt
1793 4623 1889 4663 ve-
1991 4607 3606 4677 guispanisinterpretatur,typosalvatorisillustrarimerc-

265 4693 430 4768 stigia
457 4695 640 4766 sequi,
673 4695 741 4749 de
772 4710 882 4765 quo
931 4695 1098 4751 Jacob
1129 4695 1232 4749 sub
1292 4694 1572 4750 inferens:
1630 4697 1886 4762 Mordens,
1991 4700 2170 4765 batur,
2197 4702 2326 4756 dum
2360 4702 2429 4757 ad
2462 4701 2794 4772 praebendas
2835 4702 3064 4757 delicias
3103 4703 3347 4777 regibus,
3378 4704 3605 4759 divitia-

270 4786 472 4856 inquit,
527 4787 761 4855 ungulas
817 4790 939 4854 equi
976 4787 1127 4855 (Gen.
1181 4788 1345 4858 χιιχ),
1411 4786 1540 4857 quia
1596 4786 1886 4861 indignum
1990 4808 2109 4846 rum
2136 4791 2353 4846 illarum
2384 4792 2660 4847 ditabatur
2688 4791 2993 4857 affluentia,
3027 4792 3097 4847 de
3126 4793 3608 4865 quibusscriptum

271 4874 434 4928 valde
461 4883 544 4928 est
571 4884 632 4928 ut
658 4872 997 4928 Christianus
1027 4874 1094 4928 ab
1115 4874 1455 4953 ‘Antichristo
1488 4875 1630 4929 male
1669 4875 1890 4930 vivendi
1994 4887 2098 4948 est,
2129 4882 2330 4935 divitiae
2356 4882 2549 4936 salutis
2589 4883 2856 4950 sapientia
2889 4887 2941 4933 et
2974 4884 3201 4936 scientia
3234 4884 3360 4950 (Isa.
3395 4887 3607 4953 χχχιιι).

272 4964 587 5034 exemplum
619 4971 820 5029 sumat,
844 4964 938 5036 qui
969 4980 1065 5036 per
1093 4950 1410 5036 superbiam
1444 4975 1499 5020 et
1529 4966 1889 5022 ambitionem
1996 4976 2118 5031 Haec
2145 4982 2229 5031 est
2267 4975 2361 5029 illa
2388 4976 2478 5030 lux
2509 4991 2608 5045 per
2637 4990 2798 5044 quam
2829 4974 2989 5029 nobis
3018 4975 3074 5029 in
3107 4975 3453 5046 Nephthalim
3489 4950 3607 5033 cce-

274 5059 330 5112 in
363 5074 527 5113 cursu
554 5058 792 5113 labentis
822 5059 1011 5114 sseculi
1054 5060 1208 5131 quasi
1268 5075 1444 5131 equus
1487 5068 1724 5131 spumat.
1768 5062 1893 5118 Haec
1993 5067 2148 5122 [estis
2188 5067 2519 5122 sacramenti
2552 5075 2829 5121 reseratur
2859 5065 3108 5136 abyssus,
3142 5068 3235 5122 ubi
3278 5068 3347 5123 de
3380 5084 3446 5123 eo
3475 5070 3614 5123 sub-

274 5154 362 5203 est
390 5147 481 5201 illa
509 5147 621 5215 lux,
650 5164 770 5219 quae
817 5164 919 5203 nos
952 5148 1113 5203 etiam
1158 5148 1487 5219 poenitentia
1544 5157 1890 5220 peccatorum
1990 5160 2263 5231 jungitur.
2298 5160 2635 5229 Nephthalim
2663 5173 2848 5213 cervus
2889 5161 3115 5214 emissus
3144 5159 3299 5229 (Gen.
3344 5162 3489 5229 xux)
3539 5161 3613 5216 si-

274 5240 530 5312 quotidie
558 5240 699 5296 solet
730 5241 1003 5296 illustrare
1032 5257 1156 5297 cum
1183 5244 1363 5309 Petro,
1386 5258 1458 5297 ne
1486 5243 1555 5297 ad
1581 5246 1892 5315 exemplum
1992 5248 2263 5320 gniﬁcans
2294 5249 2551 5304 videlicet
2582 5248 2731 5320 quod
2759 5248 3025 5303 velocitas
3062 5249 3377 5320 apostolicae
3411 5251 3616 5320 praedi-

275 5329 391 5383 Dan
420 5344 543 5383 cum
568 5344 859 5385 ascensore
900 5330 1065 5401 hujus
1094 5331 1245 5402 equi,
1270 5332 1327 5385 id
1356 5341 1440 5385 est
1474 5332 1721 5403 superbo
1752 5350 1892 5405 quo-
1994 5337 2227 5392 cationis
2258 5337 2330 5396 ita
2361 5336 2595 5391 salutem
2628 5336 2964 5392 desideravit
2991 5338 3321 5406 animarum,
3353 5342 3612 5409 quemad-

277 5418 1893 5492 libetcadamusretro,scientesvidelicet,quotillisolum-
1990 5428 2211 5482 modum
2251 5428 2513 5482 desiderat
2568 5443 2755 5483 cervus
2809 5430 2880 5484 ad
2930 5431 3103 5495 fontes
3155 5446 3427 5500 aquarum
3452 5433 3614 5498 (Psai.

276 5509 446 5565 modo
478 5525 603 5563 cum
627 5510 788 5563 amcis
812 5510 1150 5585 evangelicis
1181 5511 1235 5565 in
1267 5512 1633 5582 prmeipitium
1666 5514 1892 5580 vadunt,
1998 5525 2122 5581 xu).
2158 5519 2281 5572 Haec
2310 5527 2393 5574 est
2436 5518 2534 5573 illa
2575 5519 2665 5573 lux
2711 5536 2810 5589 per
2845 5537 3008 5591 quam
3050 5521 3196 5576 idem
3244 5521 3617 5591 Nephthalim,

278 5601 376 5673 qui
409 5616 534 5656 cum
574 5600 738 5654 Saule
765 5608 909 5655 retro
940 5610 995 5656 et
1037 5618 1147 5657 non
1190 5603 1244 5656 in
1276 5602 1472 5658 faciem
1506 5604 1728 5659 cadunt.
1777 5606 1899 5661 Haec
2000 5606 2094 5676 qui
2126 5602 2354 5678 ﬁguram
2385 5606 2577 5661 habuit
2605 5607 2841 5661 cervime
2876 5609 3233 5674 fortitudinis,
3266 5608 3478 5665 czeteris
3509 5606 3619 5658 fra-

279 5696 366 5745 est
388 5690 482 5744 illa
512 5689 605 5743 lux
625 5702 726 5758 per
749 5703 911 5758 quam
941 5690 1101 5744 nobis
1118 5706 1353 5760 persona
1382 5691 1579 5746 Christi
1601 5709 1896 5764 suppresso
2000 5692 2178 5749 tribus
2227 5693 2378 5747 dedit
2406 5692 2632 5764 eloquia
2669 5695 3100 5762 pulchritudinis
3152 5696 3280 5749 dum
3306 5691 3614 5761 pulchritu-
