4006 6198
432 261 537 315 999
1412 262 1776 320 BERENGOSI
1817 265 2042 320 ΑΒΒΑΤΙ

2145 267 2186 321 3.
2231 266 2472 322 ΜΑΧΙΜΙ
2512 266 2775 323 τιιενιιι.
3626 275 3780 330 1000

433 386 563 441 dine
595 386 835 441 caelestis
864 387 1068 458 eloquii
1101 388 1550 458 praedicationem
1580 391 1743 446 nobis
1785 392 2042 466 praeﬁgu—
2070 398 2121 464 Α
2147 408 2237 459 ne,
2258 393 2448 465 dequo
2462 395 2723 464 scriptum
2748 400 2860 449 est:
2892 397 3777 467 Adjutoriumopportunitatibus,

435 477 572 531 ravit
602 478 816 531 illorum
872 478 939 532 Ile
982 478 1189 549 quibus
1245 481 1510 551 scriptum
1544 489 1658 536 est:
1719 489 1782 537 In
1835 500 2045 540 onmem
2144 490 2205 540 in
2242 487 2588 543 tribulatione
2617 488 2777 555 (Psal.
2814 488 2905 555 Ix).
2950 488 3073 543 Haec
3101 496 3183 543 est
3213 490 3307 544 illa
3332 490 3423 544 lux
3458 507 3560 561 per
3599 509 3773 562 quam

433 575 635 623 terram
660 574 825 623 exivit
853 586 1016 625 sonus
1056 587 1240 625 eorum
1271 573 1432 640 (Psal.
1469 576 1641 643 xvni).
1676 575 1801 629 Haec
1831 586 1918 631 est
1951 577 2043 631 illa
2145 570 2309 631 etiam
2344 588 2571 647 paterna
2599 579 2689 632 illa
2719 579 3034 635 benedictio
3066 581 3192 636 data
3212 582 3339 649 sibi,
3372 584 3441 638 de
3473 600 3587 655 quo
3624 586 3771 638 sub-

432 658 523 711 lux
566 674 663 727 per
700 675 864 728 quam
899 659 951 711 in
1000 659 1371 729 Nepbthalim,
1406 664 1498 732 qui
1535 663 1925 733 interpretatur
1965 668 2043 719 di-

431 750 642 809 latatio,
687 750 739 802 in
773 750 1059 805 latitudine
1113 752 1303 805 mundi
1336 753 1634 822 apostolica
1688 762 1857 825 οωριῐ
1912 757 2044 810 dila-

432 840 533 893 tari
566 841 904 910 praedicatio,
936 859 1033 912 per
1054 859 1217 913 quam
1250 845 1415 898 corda
1471 845 1713 899 ﬁdelium
1768 863 1945 918 usque
1975 849 2041 903 ad

433 932 687 987 ultimum
723 935 961 989 electum
1013 936 1261 1006 quotidie
1317 937 1616 993 dilatantur
1654 939 1721 992 ad
1754 940 1942 1003 Deum,
1977 941 2044 994 ad

435 1040 599 1095 quem
654 1026 1137 1097 PsalmOgraphus:
1204 1033 1369 1097 Viam,
1410 1030 1611 1101 inquit,
1659 1034 2047 1089 mandatorum

436 1125 653 1175 tuorum
665 1123 905 1185 cucurri,
926 1136 1051 1174 cum
1069 1122 1312 1175 dilatasti
1336 1137 1427 1177 cor
1445 1139 1627 1178 meum
1649 1124 1811 1195 (Psal.
1833 1125 2038 1195 cxvm).

437 1211 558 1266 llaec
588 1219 669 1265 est
690 1211 781 1265 illa
815 1212 905 1265 lux
930 1228 1027 1282 per
1056 1229 1218 1283 quam
1250 1214 1417 1268 Jacob
1444 1217 1549 1269 sibi
1600 1217 1801 1271 ardens
1857 1228 1911 1274 et
1942 1238 2041 1276 no-

433 1298 519 1353 bis
551 1301 863 1363 lucescens,
904 1301 972 1355 de
1011 1302 1214 1372 Joseph
1242 1304 1602 1378 ingeminavit
1629 1307 1845 1363 dicens:
1876 1312 2041 1367 Filius

431 1406 733 1445 accrescens
773 1394 978 1459 Joseph,
1017 1393 1163 1457 ﬁlius
1215 1410 1518 1449 accrescens
1548 1396 1709 1464 ,'(Gen.
1753 1399 1925 1470 xux);
1969 1408 2045 1471 ty-

434 1478 554 1549 pice
581 1478 793 1534 scilicet
822 1480 1120 1551 designans
1150 1482 1294 1552 quod
1328 1499 1425 1552 per
1452 1484 1597 1539 hunc
1631 1502 1856 1555 puerum
1889 1490 2043 1558 pueri

434 1568 581 1621 illius
608 1568 1061 1639 przeﬁgurabatur
1100 1571 1345 1640 potentia
1388 1573 1455 1627 de
1495 1589 1603 1644 quo
1647 1577 1907 1646 scriptum
1942 1588 2044 1643 est,

433 1660 575 1712 Puer
602 1662 751 1713 .lesus
793 1661 1105 1727 proﬁciebat
1143 1668 1302 1716 (etate
1345 1670 1396 1716 et
1447 1668 1714 1733 sapientia
1763 1668 1904 1735 (Luc.
1965 1672 2043 1739 II).

2137 667 2411 739 jungitur,
2442 672 2576 721 Deus
2605 672 2937 737 omnipotens
2971 671 3239 725 benedicet
3274 672 3371 726 tibi
3394 672 3542 742 (Gen.
3567 676 3724 742 χιιι)
3757 691 3771 735 ;

2144 758 2324 827 typice
2354 774 2454 813 nos
2483 758 2783 815 instruens.
2809 765 2869 814 ut
2900 770 3055 830 pater
3079 761 3136 815 iu
3170 762 3282 817 ﬁlio
3314 763 3774 819 benedictionem

2147 848 2291 903 illam
2324 849 2681 905 conﬁrmasse
2720 853 2976 906 credatur
3032 853 3101 907 de
3155 869 3265 925 quo
3305 856 3571 926 scriptum
3635 865 3725 911 est
3758 875 3773 910 :

2147 941 2247 1001 Qui
2322 940 2649 994 benedixerit
2729 943 2864 1008 tibi,
2942 943 3396 1000 benedictionibus
3488 948 3777 1015 repleatur

2148 1028 2275 1093 (Gen
2331 1031 2525 1095 xxvu).
2568 1029 2687 1085 Haec
2714 1037 2796 1085 est
2825 1031 2916 1085 illa
2948 1030 3039 1085 lux
3071 1047 3171 1101 per
3218 1049 3380 1103 quam
3410 1034 3616 1103 Joseph
3650 1050 3773 1103 pra:-

2149 1116 2407 1172 fratribus
2434 1120 2547 1173 suis
2570 1119 3061 1175 benedictionibus
3102 1121 3251 1175 illius
3276 1122 3475 1176 meruit
3502 1122 3772 1178 illustrari

2145 1221 2416 1269 seorsum,
2484 1208 2551 1261 de
2592 1207 2794 1278 quibus
2848 1209 3229 1283 subjungitur:
3302 1213 3776 1267 Benedictionibus

2145 1297 2263 1348 caeli
2290 1297 2533 1365 desuper,
2557 1305 2608 1351 et
2646 1299 3098 1355 benedictionibus
3135 1301 3312 1370 abyssi
3329 1304 3563 1370 jacentis
3606 1303 3773 1356 deor-

2144 1402 2269 1443 sum
2309 1390 2453 1456 (Gen.
2498 1393 2676 1457 xux);
2721 1390 2948 1462 mystice
3000 1392 3212 1447 scilicet
3257 1394 3420 1449 nobis
3473 1393 3777 1448 insinuans

2146 1478 2294 1548 quod
2330 1478 2427 1532 has
2458 1479 2876 1534 benedictiones
2891 1480 2959 1533 ad
2992 1479 3142 1534 illum
3162 1482 3774 1551 specialiterdebemus

2152 1565 2373 1632 referre,
2405 1568 2561 1638 cujus
2580 1568 3002 1642 gratiavivimus
3032 1569 3102 1623 de
3131 1585 3252 1624 rore
3280 1571 3429 1635 eieli,
3460 1578 3513 1626 et
3538 1572 3609 1624 de
3632 1572 3772 1640 pin-

2149 1654 2391 1727 guedine
2415 1665 2595 1709 terrae.
2619 1656 2741 1710 llzec
2760 1665 2841 1711 est
2862 1656 2954 1710 illa
2976 1657 3065 1711 lux
3094 1672 3192 1726 per
3207 1674 3369 1727 quam
3390 1658 3595 1728 Joseph
3621 1658 3776 1711 inter

434 1752 558 1807 Haec
588 1760 672 1806 ρει
710 1752 802 1806 illa
851 1753 937 1807 ιυχ
982 1771 1078 1823 per
1117 1771 1280 1824 quam
1339 1756 1543 1827 Joseph
1588 1759 1692 1828 ρίἓΕ
1731 1760 2044 1816 devotionis
2072 1749 2119 1815 Β
2144 1743 2280 1796 alias
2304 1744 2717 1799 benedictioncs
2742 1744 2966 1799 fratrum
2998 1760 3218 1800 suorum
3246 1747 3427 1801 adhuc
3459 1748 3776 1802 illustratus

436 1845 736 1899 illustratus
765 1844 989 1911 affectu,
1022 1846 1350 1915 splendidus
1381 1856 1496 1903 erat
1526 1850 1580 1903 in
1623 1851 1833 1917 habitu,
1863 1861 1917 1907 et
1947 1855 2041 1907 de-

431 1952 593 1991 corus
631 1944 885 2007 aspectu:
945 1938 1171 2009 mystice
1219 1939 1433 1994 scilicet
1467 1940 1618 1995 illum
1680 1943 2043 2014 praeﬁgurans

434 2028 748 2093 Dominum,
801 2029 869 2081 de
929 2044 1037 2099 quo
1086 2031 1348 2099 scriptum
1401 2039 1503 2098 est,
1540 2033 1813 2102 Speciosus
1868 2038 2044 2102 forma

431 2137 543 2189 pra:
578 2122 705 2186 ﬁliis
743 2122 1019 2175 hominum
1081 2120 1244 2191 (Psal.
1302 2130 1462 2187 κων).
1525 2125 1648 2179 11ωο
1690 2132 1772 2180 est
1809 2126 1901 2180 illa
1953 2127 2042 2180 lux

433 2224 554 2279 quae
578 2209 895 2277 mysterium
915 2208 1345 2279 pulchritudinis
1362 2212 1482 2281 ejus
1504 2210 1633 2266 ﬁliis
1651 2214 1901 2288 gentium
1921 2231 2044 2270 esse

434 2296 657 2351 nolebat
698 2297 1017 2363 obscurum,
1049 2298 1117 2353 de
1149 2299 1351 2369 quibus
1381 2300 1763 2375 subjungitur:
1796 2306 1919 2358 Filii
1938 2306 2047 2359 dis-

431 2393 724 2441 currerunt
759 2402 920 2455 super
968 2403 1193 2442 murum
1246 2394 1391 2453 (Gen.
1446 2391 1626 2457 xux);
1668 2390 2044 2463 signiﬁcantes

432 2477 692 2532 videlicet
748 2479 893 2549 quod
927 2477 1022 2532 ﬁlii
1077 2480 1334 2534 Ecclesiae
1390 2498 1486 2551 per
1538 2483 1870 2538 soliditatem
1913 2483 2040 2539 ﬁdei

433 2566 703 2623 Christum
733 2570 964 2643 diligere
1002 2570 1205 2624 debent
1257 2587 1424 2641 super
1452 2588 1645 2627 aurum
1680 2581 1733 2628 et
1761 2575 2038 2645 topazion,

430 2657 475 2711 si
504 2658 559 2711 in
600 2658 800 2714 decore
830 2676 930 2715 suo
958 2659 1142 2714 videre
1176 2659 1491 2716 desiderant
1521 2663 1687 2717 Deum
1723 2664 1952 2720 deorum
1987 2666 2040 2719 in

430 2752 580 2807 Sion.
613 2752 735 2807 Haec
760 2758 842 2806 est
872 2752 963 2806 illa
992 2754 1082 2807 lux
1120 2770 1185 2807 ex
1232 2770 1341 2824 qua
1390 2754 1582 2809 fratres
1611 2757 1816 2827 Joseph
1848 2758 1941 2813 diu
1973 2760 2042 2813 ab

434 2856 499 2894 eo
521 2841 815 2895 abalienati
841 2848 990 2907 sunt,
1021 2842 1089 2895 de
1120 2841 1323 2912 quibus
1375 2843 1638 2913 scriptum
1673 2854 1783 2898 est:
1811 2851 2044 2915 Exaspe-

429 2937 691 2984 raverunt
719 2945 863 2997 eum,
907 2938 959 2984 et
1001 2934 1216 2999 jurgati
1263 2937 1414 2997 sunt,
1468 2934 1682 3000 quando
1720 2934 2044 2989 insultantes

428 3028 649 3079 somniis
671 3029 806 3094 ejus,
836 3033 887 3078 et
902 3029 1154 3095 potentia:
1176 3042 1305 3081 sum.
1332 3029 1603 3095 Nunquid,
1636 3031 1914 3096 inquiunt,
1945 3045 2043 3084 rex

2145 1844 2227 1888 est
2266 1834 2760 1891 benedictionibus
2794 1838 3052 1906 uberum,
3096 1839 3149 1892 id
3186 1846 3289 1904 est,
3331 1838 3563 1893 duorum
3598 1846 3776 1893 testa—

2146 1936 2455 1982 mentorum
2482 1928 2599 1982 sive
2630 1930 3113 1985 benedictionibus
3167 1931 3400 1985 uberum
3432 1932 3638 2002 quibus
3675 1933 3768 1985 la-

2147 2026 2290 2073 ctata
2318 2028 2399 2074 est
2429 2020 2661 2075 infantia
2710 2021 2925 2087 Christi,
2967 2023 3037 2076 de
3086 2024 3292 2093 quibus
3342 2024 3608 2093 scriptum
3644 2032 3767 2078 est:

2146 2113 2341 2163 Beatus
2383 2118 2568 2165 venter
2613 2115 2707 2180 qui
2750 2117 2800 2165 te
2850 2116 3104 2181 portavit,
3145 2120 3196 2167 et
3252 2113 3417 2167 ubera
3445 2128 3565 2181 quae
3603 2118 3772 2167 suxi-

2144 2199 2214 2250 sti
2246 2203 2392 2261 (Luc.
2421 2200 2510 2268 XI).
2558 2200 2681 2254 Haec
2710 2208 2794 2253 est
2822 2198 2916 2254 illa
2966 2201 3055 2253 lux
3098 2217 3220 2271 qua:
3250 2200 3434 2255 eidem
3469 2201 3677 2271 Joseph
3710 2209 3772 2254 et

2145 2290 2253 2344 alia
2277 2290 2667 2345 benedictione
2687 2292 2909 2346 volebat
2929 2292 3266 2358 illucescere,
3300 2293 3369 2345 de
3393 2310 3499 2363 qua
3530 2293 3774 2361 subjun-

2146 2378 2322 2451 gitur:
2355 2382 2811 2435 Benedictionibus
2841 2383 3067 2435 uberum
3094 2389 3145 2436 et
3174 2384 3347 2436 vulva:
3372 2383 3528 2452 (Gen.
3566 2388 3716 2450 xux)
3756 2401 3772 2445 ;

2147 2483 2244 2537 per
2268 2469 2415 2539 quod
2441 2469 2699 2523 videlicet
2723 2470 2938 2524 vulvam
2970 2469 3115 2524 illam
3155 2470 3476 2541 virginalem
3512 2469 3772 2542 praeﬁgu-

2147 2559 2282 2612 ravit
2328 2559 2377 2612 in
2427 2575 2544 2629 spe,
2586 2551 2669 2614 '(le
2721 2577 2827 2631 qua
2867 2560 3154 2626 Jeremias,
3214 2567 3515 2631 Antequam
3569 2567 3768 2628 exires,

2143 2647 2339 2718 inquit,
2358 2649 2421 2703 de
2436 2650 2598 2703 vulva
2634 2652 2972 2714 sanctiﬁcan
3000 2657 3050 2705 te
3070 2652 3264 2718 (Jerem
3318 2650 3364 2721 I)
3413 2652 3536 2706 Haec
3564 2660 3648 2705 est
3676 2652 3767 2705 illa

2144 2738 2231 2792 lux
2261 2755 2358 2809 per
2396 2756 2561 2811 quam
2592 2741 2795 2811 Joseph
2818 2742 3299 2797 benedictionibus
3326 2742 3435 2797 illis
3456 2743 3767 2798 conﬁrma-

2149 2844 2235 2887 tus
2274 2843 2359 2889 est
2392 2836 2444 2888 in
2490 2835 2974 2891 benedictionibus
2999 2837 3297 2906 justorum,
3330 2838 3401 2891 de
3431 2837 3636 2908 quibus
3671 2838 3762 2891 Ja-

2145 2924 2283 2979 cob:
2342 2926 2753 2991 Benedictiones,
2814 2925 3010 2995 inquit,
3070 2930 3245 2995 patris
3315 2929 3396 2980 tui
3447 2929 3767 2992 con/artata:

2142 3023 2272 3071 sunt
2303 3017 2753 3072 benedictionibus
2777 3024 3003 3086 patrum
3032 3025 3251 3073 tuorum
3279 3018 3435 3089 (Gen.
3468 3020 3645 3089 xLIx);
3679 3026 3766 3088 ty-

428 3123 607 3171 noster
642 3120 766 3184 eris,
796 3124 895 3171 aut
922 3117 1273 3185 subjicicmur
1299 3119 1493 3171 ditioni
1521 3122 1629 3172 tua:
1658 3120 1685 3171 ?
1717 3122 1859 3186 (Gen.
1901 3136 2043 3188 xux,
2072 3099 2120 3166 C
2143 3108 2265 3178 pice
2288 3106 2497 3163 scilicet
2526 3106 2818 3160 insinuans
2848 3107 2996 3178 quod
3027 3106 3169 3162 sicut
3200 3106 3513 3162 benedictio
3553 3107 3762 3178 Joseph

430 3204 518 3269 37)
569 3204 688 3258 Hzec
727 3211 808 3258 est
860 3204 951 3257 illa
1004 3204 1095 3258 lux
1149 3220 1245 3272 per
1292 3220 1454 3275 quam
1509 3204 1563 3257 in
1620 3205 1830 3260 eisdem
1864 3206 2042 3263 fratri-

432 3296 536 3350 bus
554 3297 754 3350 divinae
782 3295 1064 3350 cbaritatis
1093 3296 1260 3366 ccepit
1285 3296 1564 3351 obscurari
1597 3297 1776 3352 facula
1807 3299 1876 3353 de
1907 3300 2037 3370 qui-

433 3388 535 3442 bus
561 3389 781 3454 dicitur,
815 3390 1131 3444 Inviderunt
1161 3392 1261 3456 illi,
1296 3390 1348 3443 id
1398 3398 1481 3445 est
1529 3391 1758 3455 Christo,
1792 3395 2043 3450 habentes

422 3478 616 3546 jacula
647 3479 794 3543 (Gen.
825 3481 987 3545 xux),
1039 3477 1163 3532 telis
1201 3477 1414 3533 scilicet
1451 3479 1673 3535 invidiae
1708 3498 1821 3536 suae
1852 3483 2043 3553 nequi-

434 3566 560 3620 tiam
596 3567 1012 3640 prazﬁgurantes
1039 3567 1256 3623 illorum
1289 3568 1358 3621 de
1397 3569 1602 3640 quibus
1641 3571 1900 3642 scriptum
1934 3579 2042 3639 est,

430 3658 652 3727 Sagitta:
690 3662 1044 3729 parvulorum
1067 3658 1241 3727 'factae
1282 3670 1416 3718 sunt
1436 3664 1612 3733 plaga:
1663 3678 1848 3719 eorum
1880 3664 2041 3734 (Psal.

433 3750 598 3820 LXIII).
646 3750 767 3805 Haec
799 3759 881 3806 est
912 3750 1003 3805 illa
1034 3751 1126 3806 lux
1160 3769 1257 3823 per
1276 3753 1755 3823 quamillustratus
1788 3761 1871 3807 est
1897 3753 2042 3807 idem

433 3849 589 3917 pater
631 3844 887 3916 egregius
944 3845 1011 3899 de
1069 3860 1179 3916 quo
1210 3845 1586 3917 subjungitur,
1645 3848 1785 3901 Sedit
1821 3849 1881 3900 in
1917 3848 2049 3912 forti

440 3951 601 3991 arcus
629 3938 745 4004 ejus
769 3935 934 4003 (Psal.
960 3934 1101 4004 va),
1126 3933 1447 4007 significans
1469 3935 1725 3989 videlicet
1758 3936 1907 4006 quod
1939 3935 2045 3991 vir-

2143 3199 2626 3255 benedictionibus
2664 3199 2949 3269 praevaluit
3010 3199 3259 3267 fratrum,
3306 3200 3380 3255 ita
3438 3200 3764 3256 benedictio

2143 3293 2238 3347 Dei
2274 3292 2444 3345 Patris
2470 3291 2525 3344 in
2581 3291 2709 3357 ﬁde,
2744 3290 3164 3347 benedictiones
3214 3293 3477 3363 praecellit
3513 3292 3763 3347 omnium

2145 3395 2379 3458 patrum,
2418 3386 2541 3441 Haec
2585 3392 2668 3440 est
2708 3386 2800 3440 illa
2855 3386 2945 3440 lux
3004 3403 3103 3457 per
3131 3404 3294 3459 quam
3335 3388 3541 3458 Joseph
3584 3387 3670 3441 his
3709 3396 3768 3442 et

2143 3479 2268 3533 aliis
2299 3477 2789 3533 benedictionibus
2818 3478 3118 3533 illustratus
3153 3486 3235 3533 est
3266 3479 3321 3533 in
3350 3479 3525 3550 ﬁgura
3548 3485 3757 3534 sancto

2148 3587 2266 3625 rum
2291 3572 2470 3626 donec
2498 3570 2714 3625 veniret
2743 3571 3080 3625 desiderium
3121 3572 3343 3627 collium
3396 3580 3759 3626 aeternorum:

2146 3662 2468 3739 signiﬁcans
2488 3664 2750 3719 videlicet
2780 3664 2927 3735 quod
2968 3666 3131 3721 electi
3162 3666 3256 3720 Dei
3297 3681 3395 3737 pro
3435 3665 3763 3720 excellentia

2146 3755 2454 3810 sanctitatis
2484 3754 2718 3809 collibus
2747 3755 2863 3809 suis
2888 3755 2997 3809 illis
3020 3756 3143 3824 jure
3175 3757 3447 3828 coazquari
3482 3756 3761 3815 videntur.

2148 3847 2216 3899 de
2270 3844 2474 3916 quibus
2522 3844 2783 3914 scriptum
2835 3853 2958 3898 est:
3017 3848 3371 3915 Pinguescant
3404 3850 3637 3916 speciosa
3672 3848 3765 3901 de-

2144 3943 2293 4006 serti,
2326 3945 2378 3993 et
2405 3941 2764 3993 exsultatione
2782 3940 2933 3993 colles
2958 3942 3411 4009 accingentur(Ps
3440 3954 3605 4001 LXIV].
3642 3940 3763 3994 Haec

435 4034 522 4080 tus
552 4023 672 4078 Filii
704 4024 799 4079 Dei
842 4023 1155 4078 ﬁrmissime
1188 4025 1391 4079 mansit
1432 4024 1486 4077 in
1528 4024 1707 4089 Patre,
1739 4026 1960 4097 quando
1989 4027 2043 4081 in
2148 4034 2234 4081 est
2265 4026 2356 4080 illa
2382 4026 2472 4080 lux
2503 4041 2602 4096 per
2628 4042 2790 4097 quam
2814 4042 3011 4082 omnes
3029 4027 3146 4082 istae
3177 4027 3600 4084 benedictiones
3636 4045 3762 4083 ver-

433 4133 559 4173 arca
587 4117 768 4172 crucis
795 4133 988 4187 passus
1032 4125 1116 4171 est
1155 4132 1252 4187 pro
1284 4117 1523 4171 Ecclesia
1553 4124 1743 4171 matre.
1796 4118 1919 4173 Hac
1967 4126 2049 4174 est
2151 4115 2235 4169 bis
2257 4114 2642 4186 frequentibus
2665 4114 3001 4170 conﬁrmatae
3030 4122 3159 4170 sunt
3187 4116 3261 4181 ei,
3294 4116 3364 4170 de
3409 4116 3613 4186 quibus
3638 4117 3765 4171 sub.

434 4212 526 4267 illa
555 4212 647 4267 lux
673 4228 771 4283 per
796 4229 959 4282 quam
985 4212 1052 4266 ad
1080 4212 1336 4266 eumdem
1368 4212 1592 4268 modum
1622 4213 1889 4269 dissoluta
1918 4225 2042 4270 sunt

2145 4204 2415 4278 jungitur,
2448 4208 2610 4260 Fiant
2625 4208 2686 4259 in
2722 4208 2896 4274 capite
2930 4206 3115 4274 Joseph
3167 4212 3219 4259 et
3258 4209 3317 4259 in
3363 4211 3558 4261 vertice
3594 4213 3765 4262 Naza-

433 4303 652 4356 vincula
685 4301 1034 4369 brachiorum
1064 4302 1203 4370 ejus,
1233 4316 1332 4372 per
1360 4317 1560 4356 manus
1586 4303 1827 4373 potentis
1854 4302 2045 4371 Jacob,
2146 4301 2246 4352 rwi
2297 4298 2452 4367 (Gen.
2511 4301 2690 4365 XLIX);
2762 4312 2860 4368 per
2912 4313 3049 4368 quas
3115 4297 3374 4353 videlicet
3428 4299 3759 4355 alabastrum

433 4406 543 4464 quo
567 4392 637 4446 de
677 4390 896 4445 vinculo
929 4390 1219 4445 muliebris
1258 4389 1580 4460 imprOperii
1607 4400 1800 4461 postea
1845 4391 2121 4465 libera»n
2147 4390 2420 4464 unguenti
2450 4389 2597 4444 illius
2636 4388 3020 4460 pretiosissimi
3075 4388 3239 4444 nobis
3276 4389 3576 4465 allegorice
3620 4408 3758 4462 prie-

432 4438 520 4535 flus
550 4479 778 4546 estJob,
812 4479 993 4551 typice
1024 4479 1237 4534 scilicet
1262 4438 1553 4534 insrinulans
1578 4438 1726 4550 quod
1748 4496 1846 4550 per
1869 4438 2121 4536 virtu-D
2146 4438 2346 4549 tenadit,
2373 4482 2521 4552 quod
2575 4498 2606 4535 a
2636 4438 2838 4552 rcapite
2895 4479 3091 4536 Christi
3132 4496 3232 4551 per
3275 4438 3461 4536 omnoia
3513 4438 3762 4538 membra

430 4582 539 4624 tem
598 4570 647 4624 ei
700 4569 877 4624 Patris
907 4569 1177 4624 dissoluta
1206 4576 1334 4623 sunt
1368 4569 1586 4625 vincula
1616 4570 1819 4641 quibus
1847 4585 2047 4641 corpus
2150 4573 2401 4628 Ecclesiae
2432 4589 2605 4644 usque
2646 4573 2713 4627 ad
2742 4572 2993 4627 ultimum
3023 4572 3284 4639 electum,
3317 4573 3436 4628 sine
3478 4573 3764 4628 intermis-

431 4661 626 4716 Christi
666 4661 846 4715 fuerat
886 4660 1134 4735 ligatum,
1183 4661 1407 4732 quando
1447 4660 1640 4715 fratres
1689 4661 1834 4731 ejus,
1874 4661 1929 4716 id
1964 4670 2047 4718 est
2148 4662 2305 4716 sione
2353 4661 2660 4717 descendit.
2698 4661 2824 4716 Haec
2862 4668 2946 4716 est
2982 4662 3074 4716 illa
3120 4661 3210 4716 lux
3255 4676 3354 4732 per
3381 4678 3545 4732 quam
3594 4662 3764 4719 Jacob

425 4751 603 4807 Judaei
633 4752 875 4807 vinctum
912 4766 1035 4805 eum
1107 4751 1381 4806 duxerunt
1425 4750 1494 4805 ad
1549 4749 1777 4804 Pilatum
1832 4753 2039 4818 (Matth.
2143 4750 2445 4806 futurarum
2488 4766 2670 4806 rerum
2719 4751 2899 4805 adhuc
2946 4749 3182 4806 obscura
3232 4750 3595 4821 praedicturus
3652 4768 3764 4821 my-

425 4844 607 4914 xxvn).
643 4843 767 4898 Haec
805 4850 889 4897 est
919 4842 1010 4897 illa
1047 4842 1137 4896 lux
1178 4858 1275 4912 per
1312 4856 1477 4912 quam
1508 4840 1677 4894 Jacob
1720 4840 2044 4911 patriarchae
2145 4842 2340 4898 steria:
2372 4844 2680 4911 Benjamin,
2716 4841 2914 4912 inquit,
2946 4844 3105 4911 lupus
3132 4858 3328 4911 rapam,
3348 4857 3511 4897 mane
3533 4844 3767 4897 comedet

426 4934 519 4989 illa
542 4932 858 4989 benedictio
898 4930 1052 5003 prius
1083 4931 1353 5001 promissa
1387 4937 1470 4985 est
1510 4930 1564 4982 in
1592 4929 1808 4996 Bethel,
1836 4930 1903 4984 de
1937 4945 2046 5001 qua

424 5026 797 5101 subjungitur.
840 5026 1010 5080 ludas
1069 5038 1307 5093 egressus
1346 5029 1424 5077 est
1460 5028 1645 5092 pastor
1682 5023 1818 5091 lapis
1876 5024 2045 5078 Israel

425 5118 574 5188 (Gen.
598 5124 761 5185 xux),
793 5115 1117 5190 signiﬁcans
1146 5114 1405 5169 videlicet
1427 5113 1576 5185 quod
1599 5113 1668 5168 ad
1691 5112 1857 5169 ﬁdem
1889 5113 2046 5169 Chri-

423 5208 492 5262 sti
524 5224 624 5278 per
648 5208 800 5263 illum
824 5209 1050 5264 introire
1072 5208 1240 5262 debet
1262 5206 1550 5278 plenitudo
1576 5206 1847 5280 gentium,
1877 5223 1908 5261 a
1933 5222 2043 5278 quo

423 5296 586 5369 lapis,
612 5298 666 5351 id
694 5305 779 5352 est
799 5296 1051 5365 ﬁrmitas,
1085 5304 1167 5352 est
1193 5296 1797 5371 egressacredentium.
1824 5296 1948 5351 Haec
1963 5303 2047 5350 est

424 5389 648 5455 illalux,
672 5404 771 5458 per
798 5405 961 5458 quam
994 5388 1303 5443 illustratus
1335 5397 1421 5443 est
1452 5388 1684 5459 Joseph,
1712 5384 1858 5441 ﬁlius
1887 5402 2041 5454 suus,

422 5481 517 5536 ubi
554 5489 712 5551 pater
741 5478 861 5547 ejus
889 5480 957 5533 ad
988 5496 1113 5533 eum
1140 5497 1153 5532 :
1188 5484 1342 5546 Deus,
1372 5479 1571 5550 inquit,
1598 5482 1772 5549 patris
1807 5481 1910 5533 erit
1938 5479 2042 5532 ad-

414 5577 572 5640 jutor
599 5576 727 5623 tuus
755 5570 959 5640 (ibid);
990 5570 1218 5640 mystice
1234 5571 1449 5626 scilicet
1476 5569 1919 5641 insinuansquod
1948 5585 2045 5640 pa-

426 5661 615 5717 terille
630 5657 872 5713 caelestis
902 5660 1074 5714 ﬁlium
1094 5675 1256 5714 suum
1269 5661 1480 5717 fortiter
1508 5663 1717 5731 adjuvit
1742 5662 1797 5716 in
1819 5661 2042 5732 passio-

2140 4926 2402 5001 praédam,
2419 4937 2471 4985 et
2490 4945 2699 5000 vespere
2715 4930 2912 4985 dividet
2938 4932 3107 4999 spolia
3135 4930 3291 4997 (Gen.
3321 4929 3499 5000 xux);
3532 4947 3634 5001 per
3662 4932 3763 4986 hoc

2143 5020 2401 5075 videlicet
2452 5019 2701 5075 ultimam
2741 5018 3057 5074 Judaeorum
3100 5017 3462 5091 praeﬁgurans
3502 5019 3761 5073 salvatio-

2148 5128 2294 5178 nem,
2327 5112 2477 5183 quod
2504 5110 2791 5180 Benjamin
2828 5111 3057 5166 ultimus
3110 5118 3397 5182 paternam
3428 5119 3763 5165 consecutus

2146 5209 2230 5257 est
2255 5199 2731 5255 benedictionem.
2768 5199 2893 5254 Haec
2922 5207 3006 5255 est
3035 5200 3130 5254 illa
3157 5201 3248 5254 lux
3278 5215 3402 5270 quae
3436 5215 3535 5270 per
3557 5208 3761 5271 myste-

2147 5296 2213 5351 rii
2252 5295 2509 5351 salutaris
2565 5292 2868 5350 efﬁcaciam
2908 5295 2963 5349 in
3004 5294 3207 5350 eodem
3249 5294 3537 5364 Benjamin
3586 5294 3764 5365 legem

2146 5387 2310 5441 nobis
2339 5391 2727 5456 praemonstrat
2756 5391 2811 5439 et
2860 5383 3091 5459 gratiam
3125 5401 3138 5438 :
3185 5383 3316 5438 dum
3361 5399 3460 5454 per
3519 5398 3682 5437 mane
3713 5390 3766 5437 et

2145 5496 2427 5551 vesperam
2484 5479 2720 5534 litteram
2771 5478 2929 5533 illam
2962 5494 3027 5534 ac
3081 5477 3337 5548 spiritum
3379 5475 3659 5552 signiﬁcat
3698 5477 3766 5531 de

2145 5571 2350 5642 quibus
2380 5569 2643 5639 scriptum
2684 5577 2805 5623 est:
2856 5569 3039 5623 littera
3106 5568 3315 5631 occidit,
3361 5569 3586 5635 spiritus
3632 5568 3766 5619 vivi-

2143 5661 2273 5725 ﬁcat
2301 5660 2378 5727 (II
2400 5661 2517 5715 Cor.
2560 5663 2659 5727 III).
2694 5657 2819 5713 Haec
2848 5664 2934 5713 est
2963 5657 3057 5711 illa
3086 5656 3176 5711 lux
3207 5671 3304 5727 per
3333 5671 3498 5725 quam
3533 5654 3587 5708 in
3632 5656 3767 5712 Ben-
