4006 6198
261 320 395 377 1001

1336 308 1458 361 LIB.
1505 307 1584 360 DE
1624 299 1951 359 MYSTERIO
1994 298 2169 353 LlGNl
2214 296 2532 350 DOMINICI.

3452 303 3477 357 1
3487 302 3596 359 002

251 447 453 522 ἀλωὴ),
486 443 578 515 qui
610 443 755 508 ﬁlius
786 440 974 494 doloris
1017 454 1047 490 a
1086 443 1260 490 matre
1287 434 1604 498 vocabatur,
1645 447 1878 485 convcr-
1908 434 1952 496 Α
1985 439 2145 478 mane
2177 438 2353 492 usque
2392 423 2460 475 ad
2493 438 2777 492 vesperam
2811 423 3169 492 perduximus
3203 425 3332 491 laeti,
3378 433 3594 497 tempus

257 520 344 593 aio
359 532 508 590 beati
530 531 684 586 Pauli
709 527 1003 600 allegorice
1035 525 1303 599 signatur,
1335 523 1391 576 in
1416 538 1521 593 qua
1546 520 1736 575 dolore
1764 534 1883 575 cor-

267 630 355 683 dis
394 626 731 681 intrinsecus
764 628 961 683 tactus,
997 634 1062 672 ex
1115 616 1284 686 impio
1313 614 1456 685 pius,
1495 620 1548 667 et
1587 629 1649 667 ex
1699 628 1886 681 perse-

262 726 453 777 cutore
484 717 679 772 doctor
718 720 803 767 est
841 711 1035 765 factus.
1072 709 1197 762 Haec
1231 713 1314 762 est
1348 705 1446 760 illa
1472 704 1561 759 lux
1595 721 1693 775 per
1724 719 1885 774 quam

263 808 412 864 bene
441 805 725 879 cognitum
755 807 838 855 est
874 797 1129 854 charitati
1169 802 1363 851 vestrae
1422 792 1569 865 quod
1603 791 1886 861 Benjamin

263 917 296 955 a
326 907 477 970 patre
500 912 600 952 suo
630 900 857 949 vocatus
880 899 965 946 est
999 889 1144 943 ﬁlius
1169 888 1399 953 dextrae,
1428 886 1654 940 Paulum
1676 882 1892 937 scilicet

271 990 617 1066 signiﬁcans,
646 985 740 1058 qui
791 989 914 1055 post
955 980 1389 1036 immutationem
1429 978 1633 1031 dextrze
1687 972 1889 1028 excelsi

267 1100 369 1156 per
396 1081 626 1157 gratiam
658 1077 810 1131 illius
841 1072 1089 1145 quotidie
1113 1071 1286 1125 crevit
1318 1071 1372 1123 in
1404 1067 1749 1134 salutem,de
1780 1079 1890 1136 quo

264 1175 531 1244 scriptum
548 1179 630 1226 est
651 1187 663 1222 :
696 1173 921 1223 Dextera
941 1167 1153 1220 Domini
1162 1166 1289 1230 fecit
1302 1166 1560 1216 virtutem
1582 1159 1687 1230 (Ps.
1703 1158 1884 1222 cxvn).

270 1264 394 1318 Haec
419 1267 502 1315 est
530 1260 621 1313 illa
675 1259 765 1311 lux
821 1271 917 1326 per
973 1270 1134 1325 quam
1185 1251 1404 1316 Paulus,
1446 1250 1540 1320 qui
1571 1255 1697 1303 ante
1752 1261 1886 1302 con-

266 1354 582 1411 versionem
615 1352 778 1421 lupus
798 1356 915 1403 erat
947 1362 1133 1417 rapax,
1168 1352 1293 1414 post
1333 1340 1750 1397 conversionem
1782 1339 1888 1393 ‘di-

268 1448 412 1501 vinae
449 1444 591 1517 legis
630 1442 806 1497 factus
856 1447 941 1494 est
998 1453 1201 1508 capax:
1245 1435 1468 1506 quando
1524 1439 1747 1504 prepter
1787 1432 1890 1485 hoc

270 1535 473 1591 Paulus
518 1536 739 1587 vocatus
795 1537 879 1583 est
933 1542 1187 1600 magnus,
1229 1523 1491 1595 quoniam
1547 1537 1610 1575 ex
1649 1518 1888 1592 reprobo

271 1624 476 1695 probus
505 1628 558 1676 et
596 1636 659 1674 ex
690 1620 821 1688 lupo
846 1615 1020 1671 factus
1060 1622 1145 1668 est
1175 1628 1371 1686 agnus.
1414 1611 1537 1664 llaic
1561 1616 1645 1664 est
1678 1608 1769 1662 illa
1800 1607 1891 1661 lux

1987 517 2289 583 estutjam
2331 516 2497 571 corda
2523 516 2975 571 commendemus
3023 518 3282 587 Creatori,
3322 528 3377 575 et
3425 538 3595 576 mem-

1988 608 2084 662 bra
2102 607 2386 678 quieti,ut
2411 622 2477 662 eo
2511 607 2747 662 laetiores
2778 623 2879 663 nos
2919 610 3156 664 crastina
3194 612 3438 668 inveniat
3476 614 3595 667 dies

1989 712 2098 767 quo
2133 696 2461 751 hodiernum
2489 695 2731 751 laborem
2773 704 3041 751 nocturna
3072 698 3248 773 magis
3277 702 3596 756 revelaverit

1988 800 2162 856 qnies.

2064 874 2122 927 Et
2157 889 2287 928 ecce
2309 873 2440 944 quia
2471 888 2576 928 nox
2617 874 2739 937 ista,
2777 875 3142 941 dilectissimi,
3178 883 3435 947 tanquam
3478 878 3598 933 dies

1992 963 2248 1017 hesterna
2286 979 2406 1034 qua).
2455 964 2734 1033 prmteriil,
2769 980 2965 1019 aurora
2997 965 3275 1031 rutilante,
3311 966 3422 1033 jam
3458 983 3597 1037 pene

1993 1053 2247 1123 deperiit,
2274 1053 2400 1108 ideo
2424 1070 2572 1108 nunc
2589 1054 2657 1107 de
2686 1055 2929 1109 tenebris
2955 1056 3022 1109 ad
3051 1057 3227 1111 lucem
3259 1058 3594 1128 surgendum

1989 1153 2073 1199 est
2118 1144 2277 1199 nobis
2308 1144 2363 1198 in
2410 1145 2584 1215 ipsius
2634 1146 2859 1201 nomine
2917 1148 2984 1201 de
3018 1164 3125 1218 quo
3163 1151 3426 1220 scriptum
3474 1157 3595 1205 est:

1987 1242 2272 1307 Signatum
2320 1246 2397 1294 est
2428 1254 2588 1309 super
2626 1256 2721 1295 nos
2778 1242 2963 1295 lumen
3001 1245 3184 1299 vultus
3226 1247 3327 1310 tui,
3383 1248 3601 1298 Domine

1992 1333 2278 1405 (Psal,1v),
2326 1334 2429 1389 Sed
2464 1350 2586 1389 cum
2628 1334 2891 1405 scriptum
2938 1342 3009 1390 snt
3040 1353 3054 1391 :
3100 1342 3346 1393 Primum
3381 1344 3603 1408 qumrite

1990 1445 2219 1499 regnum
2248 1433 2357 1497 Dei,
2389 1437 2438 1485 et
2468 1433 2578 1485 lucc
2604 1435 2788 1486 omnia
2836 1433 3163 1502 adjicientur
3215 1434 3355 1489 vobis
3393 1434 3598 1504 (Matth.

1993 1520 2084 1587 v1),
2126 1519 2405 1574 orationes
2430 1519 2495 1573 ad
2528 1520 2697 1575 Deum
2742 1520 2918 1590 primo
2959 1520 3225 1577 faciendae
3255 1530 3382 1576 sunt
3422 1525 3599 1586 nobis,

1994 1613 2053 1662 ut
2082 1608 2149 1662 ad
2183 1608 2524 1683 pergendum
2570 1609 2674 1663 iter
2703 1609 2813 1665 diei
2845 1612 3154 1681 praesentis,
3212 1630 3242 1667 a
3276 1613 3449 1669 latere
3480 1630 3604 1670 cor-

272 1727 380 1783 qua
435 1727 499 1764 ex
560 1708 756 1763 eodem
810 1703 1068 1775 Apostolo
1120 1700 1290 1756 divini
1348 1698 1574 1753 luminis
1632 1710 1891 1768 magnum
1923 1732 1968 1799 B
1996 1704 2148 1774 poris
2174 1703 2392 1758 facilius
2429 1703 2671 1759 solvatur
2696 1706 2946 1760 navicula
2986 1707 3208 1762 mentis.
3242 1708 3436 1764 Verum
3481 1727 3601 1765 cum

271 1804 505 1861 contulit
548 1817 771 1868 munus,
800 1799 929 1853 dum
963 1795 1121 1869 quasi
1150 1796 1208 1849 in
1240 1794 1408 1849 corde
1442 1808 1540 1847 suo
1573 1790 1776 1845 factum
1813 1798 1896 1843 est

272 1912 507 1967 vespere
547 1900 602 1948 et
632 1907 793 1947 mane
833 1890 955 1945 dies
993 1904 1176 1943 unus:
1211 1886 1343 1957 quia
1381 1884 1511 1939 dum
1546 1882 1793 1937 Christus
1826 1880 1891 1934 ad

275 1989 420 2044 viam
456 1986 705 2042 veritatis
731 1983 973 2054 seipsum
1007 1980 1115 2035 sibi
1157 1977 1390 2050 praebuit
1428 1977 1647 2038 ducem,
1677 1979 1891 2029 noctem

276 2082 400 2149 ejus
428 2080 482 2133 in
530 2078 707 2145 diem,
747 2083 801 2131 et
833 2074 1087 2129 tenebras
1139 2069 1389 2126 vertebat
1418 2068 1473 2123 in
1514 2069 1713 2123 lucem.
1770 2065 1897 2120 Hmc

276 2176 362 2225 est
385 2169 479 2222 illa
514 2167 605 2221 lux
649 2182 750 2237 per
781 2180 943 2235 quam
995 2160 1304 2229 Benjamin,
1337 2157 1431 2230 qui
1462 2173 1624 2211 mane
1655 2155 1893 2226 praedam

274 2257 520 2313 comedit
564 2263 618 2310 et
666 2269 897 2324 vespere
952 2249 1129 2321 spolia
1169 2246 1377 2313 divisit,
1410 2262 1508 2315 per
1567 2243 1891 2298 effusionem

276 2348 566 2422 sanguinis
589 2344 899 2417 prophetici
922 2357 1142 2397 causam
1168 2336 1486 2409 rapacitatis
1512 2335 1714 2401 amisit,
1731 2332 1896 2405 signi-

275 2437 449 2493 ficans
478 2436 734 2493 videlicet
763 2434 911 2505 quod
938 2433 1079 2487 sicut
1110 2431 1165 2484 in
1216 2428 1403 2500 praeda
1426 2444 1587 2498 quam
1622 2441 1782 2479 mane
1809 2440 1896 2479 co-

278 2525 455 2580 medit
484 2528 901 2595 praemonstrata
940 2528 1026 2574 est
1054 2518 1216 2573 nobis
1272 2516 1541 2587 rapacitas
1588 2515 1787 2579 Saulis,
1820 2514 1900 2568 sic

278 2618 339 2671 in
367 2615 561 2688 spoliis
599 2630 720 2685 qum
747 2628 980 2683 vespere
1016 2610 1201 2665 divisit
1227 2607 1459 2682 ﬁgurata
1492 2617 1574 2661 est
1627 2605 1897 2676 praedica-

275 2704 357 2762 tio
389 2703 566 2758 Pauli.
602 2702 729 2757 Hmc
757 2709 840 2755 est
870 2700 960 2754 illa
1006 2699 1097 2753 lux
1128 2714 1229 2769 per
1258 2712 1421 2768 quam
1455 2710 1618 2750 omne
1651 2694 1798 2765 quod
1831 2693 1898 2747 de

275 2797 564 2866 Benjamin
595 2794 750 2866 prius
778 2792 1097 2864 praedictum
1149 2796 1265 2845 erat
1292 2788 1577 2855 historice,
1607 2794 1800 2858 postea
1844 2785 1898 2839 in

280 2889 451 2945 Paulo
479 2887 811 2959 completum
854 2892 936 2939 est
964 2883 1282 2958 allegorice,
1332 2881 1554 2953 quando
1584 2880 1639 2933 in
1672 2894 1900 2934 excessu

274 2979 483 3036 mentis
511 2994 648 3044 sua),
679 2975 936 3032 eumdem
966 2974 1251 3045 Benjamin
1272 2973 1340 3027 ad
1374 2971 1671 3027 Ecclesiam
1704 2969 1798 3024 Dei
1832 2969 1901 3023 li-

281 3073 420 3127 bero
451 3077 778 3142 prosecutus
802 3075 884 3123 est
913 3084 1131 3141 gressu,
1156 3066 1225 3121 de
1256 3081 1367 3137 quo
1397 3065 1626 3120 dicitur:
1656 3064 1735 3117 Ibi
1764 3068 1902 3117 Ben-

267 3167 459 3235 jamin
479 3163 902 3219 adolescentulus
933 3165 993 3215 in
1025 3162 1221 3216 mentis
1251 3175 1466 3215 excessu
1508 3159 1665 3224 (Psal.
1710 3156 1896 3227 van).

276 3255 437 3311 Unde
483 3263 538 3310 et
574 3254 771 3309 beatus
817 3259 900 3307 est
932 3252 1022 3307 ille
1082 3251 1198 3323 qui,
1250 3246 1509 3321 exemplo
1564 3247 1731 3302 illius.
1768 3248 1900 3302 vitia

278 3362 458 3419 pauca
488 3353 542 3401 et
570 3346 798 3400 virtutes
846 3343 1103 3399 habuerit
1152 3342 1326 3408 mille,
1368 3342 1564 3397 beatus
1617 3340 1896 3406 nimirum,

286 3439 381 3511 qui
428 3454 531 3509 per
569 3436 856 3492 exterioris
893 3434 1135 3490 hominis
1173 3433 1480 3488 ariditatem
1524 3438 1579 3486 et
1618 3430 1902 3486 interioris

279 3529 617 3597 viredinem,
646 3528 770 3583 aliis
798 3528 962 3582 etiam
996 3526 1065 3580 de
1096 3525 1228 3580 boni
1260 3523 1447 3580 odoris
1465 3523 1606 3578 solet
1632 3521 1904 3576 instillare

286 3615 665 3681 dulcedinem,
714 3616 811 3672 sed
844 3615 1059 3671 beatior
1105 3613 1335 3668 multum
1375 3612 1442 3678 si,
1491 3627 1589 3682 per
1620 3609 1903 3665 ineffabile

280 3716 491 3765 sanctae
519 3708 804 3764 Trinitatis
831 3706 1118 3770 auxilium,
1186 3719 1363 3775 usque
1412 3702 1469 3756 in
1523 3701 1687 3756 ﬁnem
1744 3716 1903 3755 suum

282 3799 455 3855 bonis
481 3799 747 3870 Operibus
774 3796 1085 3872 germinare
1107 3800 1358 3860 conatur,
1376 3799 1435 3848 ut
1461 3792 1637 3847 lilium
1662 3792 1718 3846 in
1745 3790 1906 3845 stilli-

284 3887 460 3955 cidio,
483 3888 694 3943 scilicet
721 3887 870 3942 illius
898 3886 1029 3941 boni
1059 3884 1246 3956 operis
1268 3899 1497 3956 germen
1520 3883 1810 3950 inchoans,
1855 3891 1910 3938 et

279 3983 342 4036 in
382 3981 504 4052 ipso
532 3980 934 4046 determinans,
965 3979 1035 4033 de
1067 3993 1176 4050 quo
1207 3977 1470 4048 scriptum
1504 3983 1622 4031 est:
1654 3981 1720 4030 In
1745 3977 1908 4032 stillin

471 4073 585 4140 ejus
625 4068 900 4122 laetabitur
918 4069 1232 4136 germinans
1267 4065 1434 4137 (Psal.
1461 4065 1623 4136 Lxrv).

365 4158 501 4212 Ecce
567 4156 827 4228 quoniam
876 4156 932 4209 in
986 4155 1183 4227 pelago
1235 4153 1661 4224 Scripturarum,
1718 4152 1912 4207 fratres

297 4248 637 4315 charissimi,
664 4249 776 4317 jam
818 4248 912 4302 diu
945 4246 1295 4314 ﬂuctuamus,
1327 4245 1453 4300 dum
1496 4243 1915 4299 benedictiones

296 4341 656 4413 antiquorum
685 4341 927 4407 Patrum,
962 4338 1173 4394 Christo
1204 4338 1413 4413 remige
1445 4337 1513 4392 ad
1546 4343 1763 4408 portum
1792 4351 1911 4405 per-

1996 1795 2218 1849 mundis
2247 1796 2474 1861 munda,
2513 1803 2568 1851 ct
2608 1796 2954 1867 spiritalibus
3004 1797 3244 1854 debeant
3298 1802 3604 1871 comparari

1995 1886 2285 1957 spiritalia,
2327 1892 2544 1956 tempus
2574 1893 2656 1940 est
2685 1892 2745 1941 ut
2791 1887 2903 1955 jam
2957 1888 3011 1941 in
3047 1904 3157 1943 una
3188 1905 3353 1944 manu
3396 1891 3603 1957 tabula,

1995 1983 2050 2030 et
2082 1975 2254 2046 stylus
2291 1974 2589 2044 recipiatur
2617 1975 2673 2028 in
2700 1975 2826 2039 alia,
2859 1976 3121 2047 quoniam
3152 1976 3220 2030 de
3249 1977 3513 2032 uxoribus
3554 1987 3606 2032 et

1997 2066 2127 2121 ﬁliis
2151 2066 2319 2122 Jacob
2351 2067 2515 2122 hodie
2553 2067 2884 2122 brevissime
2932 2068 3307 2135 tractabimus,
3360 2085 3481 2140 qua:
3539 2071 3607 2123 ab

1996 2159 2113 2213 heri
2147 2164 2203 2213 et
2244 2160 2447 2214 nudius
2474 2159 2667 2214 tertius
2714 2159 2769 2214 in
2814 2161 2960 2215 hunc
2989 2161 3133 2215 diem
3174 2161 3452 2216 tractanda
3500 2178 3611 2215 ser-

1996 2248 2264 2304 vavimus.
2295 2249 2473 2304 Nostis
2503 2250 2729 2320 quippe,
2776 2250 3143 2317 dilectissimi,
3176 2252 3323 2322 quod
3371 2251 3459 2305 lux
3506 2267 3607 2305 an-

1999 2337 2167 2407 tiquae
2194 2337 2496 2391 divinitatis
2543 2338 2797 2392 eumdem
2828 2338 2997 2393 Jacob
3042 2339 3427 2409 multipliciter
3474 2340 3604 2395 illu-

1998 2425 2208 2491 stravit,
2241 2426 2371 2500 dum
2428 2426 2494 2479 de
2525 2426 2741 2480 duabus
2799 2425 2988 2480 liberis
3043 2433 3097 2480 et
3127 2427 3344 2481 duabus
3371 2428 3606 2496 ancillis,

2000 2516 2360 2571 duodecimos
2391 2516 2534 2572 ﬁlios
2583 2518 2886 2591 generavit,
2931 2535 3002 2573 ne
3033 2518 3281 2592 ignotum
3329 2521 3399 2574 sit
3447 2520 3610 2576 nobis

2000 2606 2146 2676 quod
2176 2606 2232 2659 in
2261 2605 2346 2659 his
2375 2604 2717 2679 significetur
2764 2615 2857 2662 aut
2878 2608 2935 2661 in
2967 2608 3096 2676 illis,
3125 2625 3246 2664 cum
3272 2625 3409 2665 nova
3441 2611 3526 2665 lex
3554 2613 3608 2666 in

1998 2702 2206 2768 liberis,
2238 2709 2291 2756 et
2320 2710 2477 2757 vetus
2509 2701 2775 2777 ﬁguretur
2800 2704 2855 2758 in
2884 2704 3117 2759 ancillis.
3156 2705 3219 2760 Ut
3274 2714 3453 2762 autem
3488 2725 3613 2763 ver-

2004 2792 2090 2846 bis
2117 2792 2356 2846 historiae
2384 2793 2701 2864 mysterium
2735 2792 3064 2868 suffragetur
3090 2796 3388 2870 allegoriae,
3419 2798 3610 2854 scien-

2005 2881 2134 2937 dum
2165 2889 2247 2937 est
2285 2883 2433 2954 quod
2464 2884 2533 2938 de
2563 2884 2770 2938 eisdem
2805 2885 3099 2941 duodecim
3144 2886 3246 2941 filii
3271 2904 3365 2943 sex
3397 2888 3612 2945 fuerant

2007 2971 2132 3039 Liae,
2161 2979 2433 3043 quatenus
2464 2980 2573 3027 tres
2613 2974 2734 3029 aliae
2762 2990 2962 3030 uxores
3007 2991 3074 3031 eo
3105 2976 3304 3032 melius
3342 2993 3613 3054 recogno-

2004 3072 2223 3119 scerent
2248 3064 2389 3120 ﬁlios
2430 3081 2585 3133 suos,
2621 3082 2729 3137 quo
2762 3067 2978 3123 Balaam
3011 3074 3067 3123 et
3105 3069 3304 3139 Zelpha
3353 3078 3608 3142 quatuor,

2005 3164 2059 3210 et
2112 3155 2309 3211 Rachel
2352 3157 2543 3212 habuit
2592 3158 2747 3214 duos.
2807 3160 2916 3214 Sed
2975 3161 3275 3216 notandum
3326 3170 3410 3217 est
3454 3164 3613 3219 nobis

2002 3244 2170 3315 quod,
2207 3244 2348 3299 inter
2374 3245 2497 3300 illos
2531 3245 2726 3301 fratres
2750 3248 2841 3320 qui
2892 3248 2961 3304 de
2993 3248 3187 3304 liberis
3219 3250 3429 3305 fuerant
3478 3253 3614 3320 nati,

2001 3334 2098 3389 ﬁlii
2129 3336 2293 3390 etiam
2326 3335 2652 3391 ancillarum
2685 3344 2914 3407 paterna
2952 3346 3080 3393 sunt
3103 3340 3497 3396 benedictione
3526 3357 3617 3396 sa-

2002 3425 2159 3491 crati,
2188 3434 2247 3480 ut
2278 3440 2398 3491 nos,
2432 3427 2686 3496 exemplo
2722 3442 2937 3494 eorum,
2966 3442 3033 3482 eo
3062 3428 3325 3497 majorem
3360 3428 3615 3485 fiduciam

2003 3516 2307 3571 habeamus
2327 3532 2425 3586 per
2454 3515 2723 3571 Christum
2753 3518 2820 3571 ad
2846 3519 3013 3572 Deum
3048 3534 3158 3589 quo
3190 3519 3245 3573 in
3269 3520 3619 3577 benedictio‘

2006 3604 2169 3658 nibus
2208 3604 2425 3659 illorum
2466 3620 2577 3659 non
2626 3612 2743 3659 erat
2778 3620 3135 3674 personarum
3185 3612 3419 3677 acceptio
3475 3613 3622 3680 apud

1986 3710 2133 3777 eum
2165 3695 2289 3761 (Col.
2328 3693 2430 3763 Ill).
2477 3693 2557 3747 Ab
2578 3693 2700 3764 ipso
2732 3694 2941 3765 quippe
2968 3698 3338 3752 communiter
3383 3699 3467 3753 eis
3497 3700 3625 3755 data

2008 3791 2092 3839 est
2120 3784 2294 3858 gratia
2316 3790 2557 3854 paterna:
2589 3784 3015 3850 benedictionis,
3059 3786 3153 3857 qui
3178 3788 3359 3842 divisit
3400 3791 3476 3843 eis
3516 3795 3622 3844 ter-

2007 3888 2131 3927 ram
2159 3876 2220 3927 in
2272 3874 2519 3940 funiculo
2554 3874 2949 3929 distributionis
2980 3876 3139 3943 (Psal.
3185 3876 3410 3947 Lxxvn),
3444 3877 3624 3951 signi-

2011 3962 2182 4019 ﬁcans
2236 3963 2497 4019 videlicet
2533 3965 2679 4036 quod
2741 3965 2885 4021 Deus
2932 3966 3286 4037 omnipotens
3341 3968 3621 4023 neminem

2011 4058 2128 4115 vult
2154 4058 2365 4129 peccati
2395 4068 2568 4113 morte
2592 4060 2793 4130 perire,
2833 4060 2931 4115 sed
2961 4075 3157 4116 omnes
3187 4063 3254 4116 ad
3286 4062 3625 4132 agnitionem

2012 4149 2259 4205 veritatis
2279 4150 2466 4206 venire
2498 4150 2547 4221 (Ι
2598 4155 2729 4205 Tim.
2766 4155 2843 4219 ιι).
2887 4152 3005 4207 Non
3037 4152 3183 4207 enim
3223 4152 3505 4208 distinctio
3547 4162 3630 4208 est

2015 4250 2197 4300 utrum
2229 4245 2304 4299 sis
2339 4245 2562 4299 Judaeus
2602 4261 2670 4299 an
2714 4246 2954 4311 Grmcus,
2989 4246 3256 4302 barbarus
3297 4264 3367 4302 an
3405 4248 3626 4318 Scytha,

2017 4357 2139 4396 cum
2201 4357 2299 4411 per
2347 4341 2573 4415 gratiam
2623 4340 2915 4397 Salvatoris
2952 4357 3145 4397 omnes
3200 4351 3407 4397 aeterna
3450 4343 3633 4414 capiat

298 4430 509 4486 ducere
536 4429 864 4487 curavimus.
916 4437 1135 4499 tempus
1167 4435 1248 4483 est
1300 4434 1360 4482 ut
1411 4441 1591 4482 sermo
1624 4432 1811 4481 noster
1846 4425 1903 4479 de

2017 4434 2148 4501 vita,
2170 4433 2216 4488 si
2240 4439 2423 4488 tamen
2458 4432 2548 4488 hic
2580 4433 2797 4504 corpori
2817 4433 3309 4502 ejusconciliantur
3324 4450 3421 4505 per
3442 4433 3631 4499 ﬁdem,

296 4521 578 4596 profundo
630 4522 1038 4594 mysteriorum,
1094 4520 1253 4592 quasi
1307 4518 1726 4576 sublevantibus
1755 4517 1919 4573 undis

298 4613 535 4678 excitus,
580 4630 702 4669 cum
738 4612 988 4668 navicula
1027 4612 1230 4667 mentis
1285 4612 1615 4683 quantocius
1647 4611 1918 4682 perduca-

299 4711 393 4758 tur
412 4701 480 4757 ad
512 4701 684 4757 littus.
718 4700 826 4756 Sed
858 4701 985 4772 quia
1016 4699 1180 4755 ﬁnem
1214 4700 1482 4756 orationis
1511 4706 1732 4764 nostrae,
1765 4699 1920 4770 quasi

301 4791 594 4864 planitiem
627 4798 783 4847 terrae
829 4792 1077 4851 nondum
1116 4789 1362 4862 perfecte
1413 4790 1601 4845 videre
1653 4788 1916 4850 valemus,

302 4886 535 4961 dignum
571 4895 655 4943 est
711 4893 767 4941 ut
805 4887 859 4940 in
894 4886 1105 4942 Christo
1146 4886 1275 4942 Jesu
1329 4886 1627 4942 anchoram
1661 4885 1778 4956 spei
1819 4899 1923 4939 no-

305 4981 435 5030 stra:
474 4973 790 5030 ﬁrmissime
829 4975 1187 5041 collocemus,
1216 4982 1491 5046 quatenus
1528 4974 1585 5027 in
1630 4974 1732 5028 hac
1762 4977 1924 5027 nocte

306 5066 488 5141 gratia
516 5066 681 5122 nobis
711 5066 1079 5122 obumbrante
1127 5082 1393 5137 superna,
1445 5065 1523 5119 ibi
1556 5080 1658 5120 nos
1698 5066 1818 5120 dies
1848 5065 1928 5120 in-

302 5159 494 5215 veniat
525 5158 785 5227 crastina,
830 5159 925 5213 ubi
985 5158 1192 5213 dimisit
1247 5158 1531 5213 hodierna.
1588 5157 1738 5212 Sicut
1776 5159 1924 5213 enim

308 5252 586 5310 hodierna
606 5254 696 5309 die
726 5254 795 5309 de
822 5255 990 5311 Jacob
1024 5261 1079 5310 et
1106 5254 1235 5308 ﬁliis
1273 5255 1395 5324 ejus
1420 5254 1645 5325 ecpiose
1676 5254 1927 5309 tractavi-

306 5360 460 5414 mus,
486 5343 566 5399 sic
594 5344 831 5399 crastina
861 5343 952 5399 die
979 5344 1047 5399 de
1080 5343 1347 5398 uxoribus
1380 5343 1501 5412 ejus
1528 5358 1591 5396 ac
1620 5341 1811 5396 liberis
1841 5358 1925 5408 ea,

304 5451 431 5508 quae
458 5434 642 5491 adhuc
686 5440 915 5502 restant,
984 5435 1381 5506 compendiose
1430 5434 1807 5503 tractabimus,
1860 5450 1927 5489 ne

303 5525 375 5579 de
407 5523 581 5598 gestis
610 5524 830 5579 illorum
873 5524 1069 5595 raptim
1120 5523 1353 5580 transire
1391 5524 1681 5579 videamur
1704 5523 1772 5577 ad
1799 5523 1924 5589 alia,

300 5629 428 5669 cum
461 5613 519 5667 in
552 5628 741 5667 eorum
777 5612 1005 5668 historia
1054 5629 1285 5687 granum
1345 5611 1572 5683 aliquod
1618 5611 1797 5666 adhuc
1847 5612 1926 5666 la-

306 5704 426 5764 tere
459 5707 713 5764 videatur
745 5707 848 5762 sub
906 5707 1085 5779 palea.
1130 5707 1285 5764 Unde
1337 5706 1467 5779 quia
1530 5707 1674 5761 diem
1723 5707 1871 5760 hunc
1900 5723 1931 5760 a

658 5837 955 5900 PATROL.
1008 5836 1205 5900 CLX.

2021 4524 2116 4596 qui
2151 4539 2274 4578 cum
2300 4523 2459 4578 Patre
2490 4532 2545 4578 et
2583 4524 2791 4594 Spiritu
2821 4540 3043 4595 semper
3080 4530 3163 4580 est
3201 4541 3347 4580 unus
3377 4532 3432 4580 et
3459 4524 3629 4580 idem.

2021 4614 2176 4670 Unde
2230 4614 2275 4668 si
2343 4629 2443 4669 nos
2496 4613 2927 4670 misericordiam
2994 4613 3306 4669 Conditoris
3381 4614 3638 4670 conside-

2025 4723 2209 4763 remus
2263 4707 2495 4774 intente,
2555 4707 2695 4762 nihil
2738 4707 2951 4763 confert
3000 4708 3046 4761 si
3103 4708 3229 4779 quis
3292 4708 3500 4763 nobilis
3566 4709 3638 4763 sit

2025 4798 2080 4853 in
2130 4813 2314 4859 carne,
2366 4797 2473 4851 nisi
2530 4798 2771 4854 nobilior
2822 4798 3087 4869 probetur
3140 4799 3197 4853 in
3238 4807 3445 4863 mente,
3488 4815 3637 4871 quo~-

2024 4888 2173 4943 niam
2198 4886 2251 4940 in
2286 4894 2491 4942 aeterna
2518 4888 2694 4958 patria
2715 4887 2921 4961 gradus
2950 4903 3047 4943 eos
3069 4902 3180 4943 non
3203 4887 3466 4944 discernit
3496 4890 3639 4944 nati-

2025 4980 2226 5043 vitatis,
2258 4994 2396 5052 quos
2420 4977 2509 5034 hic
2538 4979 2778 5051 aequales
2818 4978 2947 5035 facit
2973 4979 3180 5049 ~,unitas
3212 4979 3515 5036 charitatis.
3550 4981 3642 5037 Sic

2027 5073 2173 5128 enim
2217 5087 2510 5127 commune
2545 5078 2598 5126 et
2619 5071 2883 5128 omnibus
2910 5088 3137 5145 regnum
3172 5072 3289 5137 Dei,
3319 5082 3380 5127 ut
3409 5089 3503 5128 rex
3534 5075 3638 5129 mi-

2027 5164 2133 5232 liti,
2168 5172 2222 5219 et
2248 5162 2409 5217 miles
2449 5163 2691 5218 assideat
2728 5164 2866 5238 regi,
2909 5163 3005 5217 ubi
3037 5164 3091 5217 in
3132 5164 3246 5219 Deo
3272 5163 3432 5220 Patre
3464 5171 3518 5219 et
3549 5181 3644 5221 co-

2028 5265 2234 5311 mterno
2261 5255 2382 5324 ejus
2412 5254 2570 5319 Filio,
2600 5271 2792 5310 servus
2818 5255 3065 5320 domino,
3111 5261 3165 5309 et
3194 5255 3311 5329 regi
3341 5270 3647 5330 conregna-

2028 5350 2107 5404 bit
2128 5348 2321 5419 opilio.
2349 5348 2426 5402 lbi
2456 5348 2659 5419 quippe
2697 5348 3004 5419 discipulus
3035 5356 3090 5404 et
3116 5348 3398 5420 magister,
3421 5349 3499 5403 ibi
3529 5366 3647 5403 ser-

2028 5453 2128 5490 vus
2160 5443 2215 5491 et
2258 5436 2418 5500 liber,
2450 5435 2528 5489 ibi
2572 5436 2738 5492 Jacob
2778 5445 2832 5491 et
2873 5436 3097 5503 Rachel,
3153 5438 3293 5512 Agar
3337 5444 3392 5491 et
3448 5437 3646 5491 lsmael

2029 5539 2224 5578 omnes
2242 5531 2530 5579 versantur
2562 5525 2789 5594 pariter,
2835 5525 2965 5595 quia
3011 5524 3237 5597 dignum
3270 5529 3440 5578 estut
3469 5523 3543 5575 ibi
3579 5523 3651 5575 sit

2033 5612 2180 5669 ﬁlius
2216 5613 2432 5669 ancilla:
2463 5630 2587 5668 cum
2633 5614 2745 5670 ﬁlio
2774 5615 2985 5681 liberal.
3027 5616 3285 5671 omnibus
3325 5614 3379 5666 in
3435 5611 3650 5665 Christo

2033 5720 2200 5760 unum
2245 5720 2386 5771 esse,
2443 5711 2499 5759 et
2528 5720 2697 5760 unum
2757 5713 2839 5760 est
2868 5706 3071 5761 vivere.
3127 5705 3219 5759 His
3249 5703 3417 5772 igitur
3444 5700 3651 5765 verbis,

3160 5828 3235 5889 32
