4006 6198
459 230 596 287 1003

1441 224 1802 279 BERENGOSI
1846 223 2117 278 ABBATIS
2159 224 2211 276 S.
2256 222 2501 277 ΜΑΧΙΜΙ
2541 223 2805 277 TREVIR.

3660 227 3829 281 1004

459 382 588 453 quia
611 381 757 433 diem
792 379 941 431 hunc
980 392 1155 447 usque
1191 377 1256 430 ad
1299 390 1604 445 vCSperam,
1656 376 1763 429 laiti
1800 375 2069 445 transegi-

2181 355 2303 408 rnini
2347 354 2537 425 lupino
2564 355 2732 409 dente
2774 362 2828 408 et
2860 354 3025 409 ovino
3058 360 3289 409 utuntur
3314 355 3519 412 vellere
3544 356 3687 412 dum
3718 375 3837 428 pro

458 487 601 535 mus,
648 469 777 522 dum
820 468 872 520 in
901 466 1086 520 carina
1140 465 1341 519 mentis
1399 472 1597 519 nostra)
1633 464 1864 537 legenda
1894 464 2069 518 dicta-

460 560 659 621 vimus,
690 558 965 611 etdictata
999 556 1317 626 relegimus,
1380 555 1527 617 ideo,
1564 553 1931 607 deeumbente
1958 554 2067 620 jam

458 654 598 713 sole,
630 665 695 705 eo
727 650 892 704 citius
926 647 1323 719 indulgendum
1354 652 1438 700 est
1465 644 1819 699 nobislabori
1848 644 2067 707 diurno,

460 759 567 815 quo
596 743 648 795 in
681 740 895 795 Christo
922 740 1050 793 Jesu
1083 739 1265 791 minus
1290 738 1480 791 timere
1510 736 1779 789 debemus
1805 753 1836 789 a
1875 736 2070 790 timore

460 838 750 885 nocturno.
810 827 963 881 Unde
1029 842 1149 879 cum
1218 824 1284 878 ad
1358 825 1669 893 exemplum
1738 824 2071 893 preplicticae

463 917 717 973 lectionis
775 916 1049 969 interdum
1096 915 1257 967 etiam
1300 912 1463 966 silere
1518 913 1821 966 debeamus
1883 929 1911 965 a
1971 912 2071 966 b0-

463 1009 572 1072 nis,
627 1022 692 1060 eo
723 1003 1046 1076 diligentius
1072 1002 1182 1069 jam
1235 1001 1515 1055 silentium
1558 1001 1953 1071 imponendum
1996 1009 2079 1055 est

464 1097 565 1161 ori,
614 1110 722 1166 quo
766 1092 1004 1147 crastina
1066 1092 1156 1145 die
1196 1092 1381 1146 denuo
1437 1091 1689 1145 volumus
1744 1108 1938 1146 vacare
1996 1092 2077 1146 lc-

462 1187 648 1242 ctioni.

535 1281 669 1335 Ecce
699 1280 829 1351 quia
855 1280 1032 1334 noctis
1065 1279 1221 1333 istius
1252 1284 1495 1332 extrema
1536 1294 1684 1333 nunc
1724 1278 1928 1331 indicat
1974 1278 2076 1333 ho-

466 1392 542 1438 ra,
571 1373 716 1445 quod
748 1371 1033 1427 hodiernae
1068 1371 1176 1424 diei
1229 1371 1341 1440 jam
1383 1370 1606 1424 rutilare
1655 1370 1825 1424 debet
1858 1386 2073 1435 aurora,

468 1466 592 1519 ideo
618 1464 686 1517 de
735 1478 931 1517 somno
982 1462 1218 1532 torporis
1260 1471 1313 1516 et
1369 1462 1618 1534 ignavize,
1658 1477 1724 1516 eo
1765 1461 1929 1515 nobis
1958 1478 2075 1516 sur-

464 1558 703 1629 gendum
743 1563 825 1610 est
879 1555 1061 1615 citius,
1094 1569 1202 1625 quo
1258 1554 1324 1607 ad
1368 1554 1521 1607 littus
1573 1554 1840 1609 orationis
1880 1562 2079 1609 nostra?

2173 460 2260 509 eo,
2280 443 2427 514 quod
2451 444 2564 514 lupi
2594 452 2743 510 sunt,
2771 452 2825 499 et
2854 459 2983 499 oves
3009 461 3069 499 se
3097 444 3332 518 ﬁngunt,
3366 446 3683 501 Ecclesiam
3714 448 3833 501 Dei

2172 534 2402 588 diversis
2436 533 2739 588 haeresibus
2794 534 3074 590 scindunt.
3128 536 3259 591 Cum
3322 537 3470 592 enim
3529 537 3828 609 scriptum

2171 627 2269 681 sit:
2322 630 2589 682 Attendite
2641 644 2675 681 τι
2726 630 2879 695 ﬁtlsis
2933 632 3200 699 prophetis
3242 631 3452 701 (Matth.
3509 631 3629 701 vn),
3704 633 3829 701 ipsi

2172 727 2299 772 sunt
2323 720 2390 773 de
2415 720 2616 790 quibus
2646 720 2804 774 vobis
2860 737 3054 777 cavere
3094 723 3340 778 debetis:
3383 724 3649 795 quoniam
3676 724 3829 779 licet

2170 806 2341 878 aliqui
2372 808 2441 861 de
2492 807 2650 862 vobis
2698 823 2795 863 eos
2834 808 3062 864 fortasse
3094 818 3433 867 venerentur
3479 821 3540 867 ut
3576 813 3747 879 deos,
3787 831 3826 866 τι

2169 902 2443 966 fructibus
2471 906 2653 953 tamen
2704 916 2889 955 eorum
2920 907 3239 971 cognoscetis
3284 919 3368 959 eos
3396 904 3593 975 (ibid.).
3647 905 3826 960 Unde

2180 1008 2305 1047 cum
2344 1007 2524 1046 sermo
2564 1000 2755 1047 noster
2797 1000 2987 1048 contra
3042 995 3279 1050 insidias
3337 996 3556 1051 illorum
3606 997 3688 1051 ita
3742 998 3829 1051 sit

2181 1082 2365 1136 divina
2384 1084 2726 1152 protectionc
2758 1084 3001 1139 munitus
3040 1092 3098 1140 ut
3136 1086 3206 1140 ab
3247 1086 3500 1143 hazretica
3527 1095 3826 1158 potestate

2180 1170 2466 1238 liberatus,
2496 1188 2691 1227 secure
2733 1188 3031 1243 preperare
3062 1176 3240 1245 possit
3270 1174 3337 1230 ad
3371 1176 3543 1245 littus,
3574 1183 3824 1248 tempus

2178 1273 2263 1319 est
2310 1274 2369 1320 ut
2416 1281 2518 1320 nos
2546 1266 2716 1320 veluti
2756 1283 2877 1320 cum
2927 1266 3066 1321 Jona
3121 1283 3188 1323 eo
3220 1267 3452 1324 celerius
3481 1270 3546 1325 ad
3597 1279 3822 1325 terram

2176 1358 2465 1412 sententiae
2488 1357 2644 1412 istius
2688 1359 2872 1426 ejiciat
2908 1375 3080 1424 mare,
3113 1375 3225 1431 quo
3273 1361 3437 1416 citius
3483 1363 3639 1434 quasi
3677 1378 3821 1417 cum

2179 1447 2303 1500 Jcsu
2327 1447 2705 1501 desideramus
2735 1447 2791 1501 in
2821 1447 3003 1503 littore
3036 1456 3199 1504 stare.
3240 1450 3349 1503 Sed
3379 1466 3449 1505 ne
3478 1453 3827 1526 margaritas

2184 1541 2386 1611 porcis,
2432 1542 2517 1595 vel
2573 1548 2822 1596 sanctum
2867 1543 3152 1597 videamus
3183 1542 3404 1599 dedisse
3457 1545 3722 1610 canibus,
3768 1549 3820 1599 si

465 1648 629 1701 hodie
660 1646 915 1714 cupimus
949 1644 1241 1713 pervenire
1272 1643 1536 1698 velocius.
1592 1643 1742 1697 Sicut
1780 1644 1925 1697 enim
1975 1648 2077 1697 he-

2182 1635 2302 1689 sine
2327 1636 2677 1690 multitudine
2720 1636 2976 1707 piscium,
3007 1654 3170 1707 quam
3211 1638 3483 1708 cepimus,
3512 1640 3709 1694 vacuis
3741 1642 3819 1695 ad

465 1747 653 1793 sterno
685 1737 774 1791 die
814 1736 1039 1805 superni
1073 1735 1298 1788 luminis
1330 1734 1583 1789 illustrati
1621 1736 1825 1800 sidere,
1855 1736 1923 1789 de
1955 1752 2082 1791 uxo-

468 1831 621 1883 ribus
649 1827 816 1882 .lacob
849 1827 1085 1881 breviter
1135 1826 1517 1891 enodavimus,
1562 1827 1693 1897 quid
1752 1828 1837 1881 vel
1868 1827 2080 1882 ancillae

467 1918 861 1989 portenderent
890 1923 982 1969 aut
1014 1915 1223 1981 liberm,
1244 1916 1325 1968 sic
1357 1917 1623 1971 hodierna
1651 1917 1739 1971 die
1771 1918 1906 1971 nihil
1934 1916 2081 1970 aliud

468 2010 722 2063 volumus
744 2008 1086 2078 enavigando
1119 2008 1507 2081 perstringere,
1548 2009 1651 2061 nisi
1683 2010 1918 2080 qualiter
1965 2025 2078 2062 ser-

470 2117 559 2155 mo
592 2102 714 2164 iste,
750 2100 1091 2169 spirantibus
1119 2099 1287 2164 auris,
1323 2108 1539 2169 portum
1585 2101 1756 2170 possit
1786 2102 2075 2175 attingere.

471 2193 623 2245 llnde
654 2192 721 2245 ad
748 2191 1127 2262 peragendum
1188 2191 1290 2245 iter
1335 2191 1499 2245 unius
1548 2192 1683 2257 diei,
1726 2208 1846 2247 cum
1890 2204 2082 2247 catena

471 2283 598 2337 ﬁdei
633 2282 941 2337 revocanda
982 2289 1068 2336 est
1102 2283 1214 2351 jam
1249 2283 1488 2337 anchora
1547 2284 1686 2354 spei,
1734 2285 1993 2356 quoniam
2029 2286 2081 2340 in

468 2375 720 2432 navicula
761 2376 941 2429 cordis
978 2375 1148 2430 nostri
1182 2391 1247 2430 eo
1279 2376 1543 2442 majorem
1576 2393 1728 2447 spem
1764 2377 1970 2433 habere
1996 2379 2089 2433 de-

468 2468 667 2522 bemus
690 2465 758 2518 ad
781 2464 974 2529 Deum,
1000 2480 1111 2536 quo
1144 2480 1256 2519 non
1270 2464 1621 2537 derelinquet
1640 2482 1834 2522 omnes
1851 2468 1943 2539 qui
1968 2484 2089 2540 Spe-

468 2563 589 2611 rant
622 2557 675 2611 in
709 2572 857 2610 eum.
902 2554 962 2608 Et
1003 2552 1134 2623 quia
1193 2552 1397 2607 divinae
1430 2553 1657 2623 pietatis
1706 2570 1948 2626 SUperno
1972 2557 2086 2625 jam

468 2645 781 2714 indigemus
833 2641 1086 2713 remigio,
1141 2642 1187 2695 si
1239 2641 1307 2695 ad
1363 2641 1542 2697 locum
1577 2643 1908 2697 destinatum
1959 2661 2086 2716 pro-

466 2751 631 2805 spero
670 2733 923 2788 volumus
967 2731 1255 2801 pervenire
1295 2731 1537 2801 navigio,
1571 2731 1694 2787 ideo
1744 2733 1798 2787 in
1833 2734 2085 2789 navicula

468 2823 669 2878 mentis
712 2836 778 2877 eo
809 2820 1112 2875 studiosius
1142 2818 1307 2875 nobis
1335 2819 1486 2885 ﬁdei,
1525 2821 1646 2891 spei
1692 2831 1746 2876 et
1803 2822 2085 2877 eharitatis

466 2911 902 2965 incumbendum
948 2916 1031 2964 est
1058 2910 1246 2977 remis,
1302 2926 1412 2981 quo
1452 2927 1551 2981 spe
1604 2910 1828 2966 videndi
1890 2913 2084 2968 littoris

464 3003 644 3075 magis
672 3003 961 3077 magisque
995 3002 1106 3069 jam
1150 3002 1452 3075 remigrare
1485 3003 1752 3057 debemus
1790 3004 1845 3058 in
1899 3012 2079 3060 extre-
2109 3033 2159 3102 C

465 3093 586 3147 mis.
623 3092 731 3146 Sed
776 3092 905 3146 dum
939 3091 1007 3145 ad
1048 3089 1214 3145 finem
1248 3091 1515 3146 orationis
1555 3102 1778 3159 nostrae,
1826 3095 1982 3165 quasi
2010 3097 2077 3150 ad

466 3184 614 3236 littus
644 3197 1005 3253 properamus
1054 3197 1083 3234 a
1131 3181 1336 3245 littore,
1390 3182 1531 3235 viam
1592 3185 1837 3239 veritatis
1867 3202 2077 3258 nequa-

463 3291 626 3344 quam
656 3273 927 3327 debemus
957 3273 1231 3337 amittere,
1270 3273 1367 3327 sed
1395 3280 1522 3327 ante
1550 3290 1650 3329 nos
1685 3277 1901 3347 longius
1932 3279 2077 3333 inte-

464 3365 701 3418 rioribus
726 3364 837 3431 jam
872 3363 1318 3434 prospiciendum
1360 3374 1442 3421 est
1471 3366 1666 3434 oculis,
1717 3384 1785 3421 ne
1827 3370 2078 3424 navicula

463 3456 665 3510 mentis
716 3456 951 3524 alicujus
1009 3456 1211 3510 erroris
1276 3456 1614 3512 anfractibus
1684 3459 1927 3515 illidatur
1993 3476 2084 3523 aut

461 3545 724 3616 scopulis.
782 3544 1079 3599 Sciendum
1129 3553 1214 3600 est
1260 3547 1468 3618 quippe
1513 3548 1642 3619 quia
1671 3549 1813 3605 sicut
1857 3551 1913 3604 in
1941 3553 2083 3611 libro

460 3634 737 3688 Gencseos
767 3640 928 3687 antea
966 3636 1478 3707 constataliquibus
1529 3638 1815 3711 navigasse
1862 3640 2081 3712 diebus,

461 3725 541 3779 sic
572 3725 626 3778 in
656 3724 781 3778 aliis
812 3724 968 3778 libris
1002 3724 1177 3795 Moysi
1232 3724 1513 3797 aliquanto
1558 3733 1804 3798 tempore
1854 3733 2081 3802 posthac

464 3818 663 3889 piscari
696 3817 982 3884 debemus,
1016 3818 1254 3872 maxime
1292 3836 1414 3873 cum
1451 3821 1634 3895 magni
1669 3822 1943 3892 piscesilli
1967 3825 2079 3892 jam

462 3910 622 3965 nobis
663 3910 1061 3980 prarmonstrati
1097 3911 1208 3964 sint
1245 3912 1298 3965 in
1334 3912 1658 3981 patriarchis
1686 3923 1739 3968 et
1769 3916 2077 3986 prophetis,

462 4000 531 4053 de
562 3997 762 4069 quibus
798 3999 1007 4053 Veritas
1040 3998 1357 4069 discipulis:
1394 4004 1603 4068 Mittite,
1638 4000 1837 4072 inquit,
1862 4006 1920 4057 in
1943 4005 2080 4059 dex-

464 4099 607 4144 tram
662 4092 869 4157 navigii
905 4096 1032 4156 rete,
1086 4098 1137 4143 et
1186 4093 1470 4144 invenietis
1526 4091 1702 4161 (Joan.
1771 4093 1884 4163 xu).
1930 4092 2082 4147 Sicut

462 4178 611 4231 enim
644 4176 871 4249 figuram
915 4177 1148 4247 piscium
1181 4177 1397 4231 illorum
1440 4178 1630 4249 plures
1672 4179 1916 4235 habuere
1949 4196 2080 4251 pro-

463 4272 666 4341 phetae,
700 4270 768 4324 de
795 4269 997 4340 quibus
1022 4269 1253 4324 dicitur:
1297 4275 1431 4325 Cum
1461 4276 1603 4326 tanti
1624 4280 1818 4341 essent,
1866 4289 1977 4329 non
2006 4282 2080 4329 est

2184 1735 2381 1782 terram
2416 1728 2711 1783 redeamus
2741 1728 3015 1795 manibus,
3045 1729 3274 1804 dignum
3307 1738 3411 1798 cst,
3445 1738 3505 1785 ut
3532 1731 3647 1799 jam
3683 1748 3822 1785 ma-

2183 1834 2323 1891 gnos
2345 1819 2471 1874 illos
2494 1821 2673 1889 pisces
2697 1820 2881 1875 cordis
2904 1822 3078 1876 nostri
3109 1820 3333 1893 colligat
3364 1831 3501 1883 rete.
3524 1838 3625 1892 per
3656 1839 3817 1894 quos

2183 1919 2342 1967 antea
2390 1911 2717 1982 patriarchae
2784 1912 3150 1984 signabantur
3196 1919 3250 1967 et
3306 1914 3613 1984 prophetae.
3695 1915 3815 1984 lpsi

2182 1999 2351 2064 enim,
2399 2000 2531 2070 quid
2578 2000 2749 2065 aliud,
2811 1999 2913 2054 nisi
2973 2001 3155 2070 pisces
3192 2010 3371 2066 erant,
3405 2001 3499 2073 qui
3535 2003 3814 2057 virtutum

2182 2088 2462 2159 pennulis,
2496 2089 2562 2143 ab
2600 2089 2723 2144 imis
2779 2090 2846 2144 ad
2879 2106 3093 2144 summa
3120 2090 3305 2145 volare
3361 2090 3639 2161 solebant,
3674 2092 3817 2146 dum

2182 2185 2374 2233 contra
2415 2178 2644 2232 insidias
2671 2178 2902 2244 diaboli,
2938 2179 3118 2233 adhuc
3159 2195 3383 2250 semper
3416 2180 3646 2249 iustitiae
3681 2196 3817 2235 mu-

2189 2267 2289 2321 niti
2322 2275 2449 2321 sunt
2504 2268 2770 2338 squamis,
2813 2284 2881 2322 ne
2941 2269 3242 2323 carnalium
3306 2268 3563 2324 vitiorum
3596 2269 3820 2324 aculeis

2190 2364 2520 2425 caperentur
2550 2363 2645 2410 aut
2669 2355 2891 2410 hamis?
2936 2356 3121 2411 Pisces
3159 2357 3367 2428 quippe
3407 2358 3502 2428 qui
3534 2360 3821 2429 pennulas

2188 2465 2539 2521 squamarum
2574 2450 2804 2517 habent,
2832 2451 2964 2505 dare
3000 2450 3172 2506 saltus
3202 2467 3370 2522 super
3400 2468 3572 2524 aquas
3601 2455 3819 2518 valent,

2188 2532 2565 2608 significantes
2608 2536 2867 2593 videlicet
2898 2540 3046 2611 quod
3094 2540 3169 2594 illi
3202 2541 3551 2598 solummodo
3590 2545 3818 2614 corpori

2189 2624 2445 2680 Ecclesiae
2467 2626 2575 2681 sibi
2602 2627 2911 2703 dignissimi
2944 2629 3083 2686 fiunt
3114 2632 3210 2703 qui
3236 2633 3305 2687 de
3338 2634 3573 2689 terrenis
3603 2636 3674 2690 ad
3705 2652 3821 2690 cm-

2186 2713 2345 2768 lestia
2376 2716 2633 2770 virtutum
2662 2720 2923 2788 pennulis
2952 2720 3171 2775 elevare
3199 2737 3257 2776 se
3297 2721 3502 2777 sciunt.
3543 2723 3675 2778 lllos
3712 2740 3815 2779 au-

2185 2812 2292 2860 tem
2322 2807 2472 2861 nulla
2499 2809 2806 2865 divinitatis
2828 2827 2959 2866 aura
2980 2813 3271 2885 contingit,
3303 2813 3401 2868 sed
3431 2814 3535 2869 sub
3567 2818 3813 2889 tegmine

2186 2894 2447 2950 vitiorum
2493 2897 2700 2970 glacies
2749 2899 2965 2954 interna
3007 2901 3357 2975 constringit,
3399 2902 3503 2957 nisi
3539 2904 3810 2975 septifor-

2186 2984 2291 3039 mis
2318 2985 2508 3059 gratiae
2540 2987 2633 3041 Dei
2669 2988 3035 3044 calidioribus
3064 2990 3145 3045 eis
3196 2991 3576 3061 aspirantibus
3604 2994 3804 3055 ventis,

2181 3076 2251 3131 de
2283 3078 2432 3132 vitiis
2480 3078 2548 3133 ad
2576 3079 2809 3136 virtutes
2841 3080 3076 3136 saltibus
3122 3083 3557 3139 conscenderint
3586 3085 3809 3140 mentis.

2179 3170 2333 3225 Tales
2373 3172 2540 3244 igitur
2584 3173 2757 3229 saltus
2795 3176 3121 3246 patriarcha)
3176 3187 3230 3231 et
3284 3180 3572 3249 prephetze
3637 3180 3805 3234 facie-

2179 3262 2329 3331 bant,
2380 3265 2510 3319 dum
2569 3266 2831 3321 virtutum
2874 3268 3134 3337 pennulis
3184 3269 3330 3337 fulti,
3391 3270 3460 3325 de
3496 3272 3705 3325 intimis
3734 3274 3800 3326 ad

2176 3372 2389 3411 summa
2434 3359 2615 3413 volare
2653 3359 2930 3425 solebant,
2981 3360 3133 3415 illum
3191 3361 3453 3417 videlicet
3513 3364 3795 3418 imitantes

2184 3446 2302 3517 qui,
2338 3456 2460 3518 post
2505 3448 2738 3522 gloriam
2783 3451 3202 3505 resurrectionis
3235 3466 3348 3505 suae
3402 3453 3713 3507 ascendens
3742 3454 3797 3507 in

2184 3539 2373 3606 altum,
2406 3539 2473 3594 de
2506 3541 2667 3594 terris
2695 3541 2763 3595 ad
2810 3541 2981 3597 caelos
3029 3558 3291 3615 magnum
3334 3543 3539 3599 fecerat
3576 3544 3792 3601 saltum.

2186 3630 2343 3686 Unde
2388 3633 2652 3703 quoniam
2691 3632 2903 3687 similes
2942 3643 3099 3689 erant
3136 3635 3351 3708 magnis
3383 3634 3491 3689 illis
3536 3637 3798 3706 piscibus,

2185 3723 2239 3777 id
2259 3731 2343 3777 est
2379 3730 2599 3778 centum
2630 3723 3032 3800 quinquaginta
3062 3725 3259 3789 tribus,
3293 3727 3362 3781 de
3391 3726 3596 3798 quibus
3622 3729 3678 3781 in
3710 3728 3801 3783 Ec-

2181 3818 2348 3873 clesia
2387 3826 2701 3874 sanctorum
2728 3825 2917 3893 gratus
2966 3820 3077 3875 Deo
3132 3836 3354 3891 semper
3403 3823 3790 3892 praeparandus

2180 3922 2264 3969 est
2288 3915 2465 3982 cibus,
2500 3931 2729 3971 necesse
2753 3922 2835 3970 est
2864 3923 2924 3971 ut
2954 3931 3075 3983 nos,
3109 3918 3177 3971 ad
3209 3919 3526 3988 exemplum
3554 3918 3789 3982 illorum,

2180 4010 2430 4064 eamdem
2459 4025 2581 4064 cum
2625 4010 2708 4064 eis
2740 4010 3041 4065 habeamus
3072 4010 3237 4066 tidem
3270 4028 3432 4082 quam
3469 4028 3571 4083 per
3602 4019 3793 4083 myste—

2181 4102 2322 4156 rium
2357 4101 2519 4157 nobis
2551 4118 2815 4157 numerus
2843 4103 3302 4159 demonstraverit
3336 4104 3504 4167 idem,
3531 4105 3623 4176 qui
3655 4122 3793 4177 quo-

2182 4197 2327 4251 niam
2357 4213 2387 4251 a
2417 4198 2578 4253 nobis
2617 4205 2800 4268 potest
2838 4198 3117 4254 enucleari
3145 4198 3499 4265 sincerius,si
3527 4216 3559 4254 a
3597 4209 3790 4271 myste-

2183 4289 2262 4345 rio
2294 4289 2461 4344 unius
2505 4290 2826 4361 mysterium
2867 4299 3155 4361 separetur
3206 4292 3454 4352 alterius.
3495 4291 3698 4348 idcirco
3727 4310 3790 4348 ne

459 4367 685 4418 scissum
713 4369 823 4416 rete
853 4363 988 4430 (Ibid
1016 4363 1053 4431 ),
1089 4362 1177 4415 hic
1218 4362 1457 4416 haeretici
1492 4363 1729 4434 quilibet
1769 4381 1943 4437 usque
1975 4366 2078 4422 ho-
2098 4362 2156 4430 Ι)
2182 4392 2334 4433 more
2366 4378 2613 4433 ciborum
2647 4394 2791 4433 unus
2823 4378 2985 4434 nobis
3012 4378 3086 4433 sit
3118 4379 3173 4433 in
3216 4378 3457 4447 fastidio,
3498 4386 3552 4434 et
3575 4380 3710 4435 alius
3738 4382 3789 4436 in

462 4455 552 4509 die
583 4462 770 4525 typum
803 4453 1009 4507 habent
1039 4452 1255 4507 illorum
1287 4454 1357 4507 de
1397 4454 1604 4525 quibus
1641 4457 1909 4528 scriptum
1969 4467 2079 4513 est:

463 4550 829 4619 Rumpebatur
857 4555 1042 4603 autem
1070 4555 1182 4603 rete
1204 4564 1390 4603 eorum
1435 4550 1580 4619 (Luc.
1638 4551 1712 4622 v),
1746 4558 1799 4606 et
1830 4553 1974 4608 sicut
1998 4554 2084 4624 pi—

461 4658 582 4697 sces
618 4641 697 4695 illi
727 4640 856 4695 boni
885 4640 1133 4712 quotidie
1187 4641 1542 4696 inveniuntur
1581 4643 1637 4697 in
1668 4645 1953 4714 praesentis
1985 4646 2084 4702 Ec-

463 4731 648 4787 clesiae
687 4746 833 4797 casa,
862 4731 932 4785 de
971 4730 1174 4803 quibus
1229 4731 1472 4787 Veritas:
1513 4734 1823 4802 Elegerunt,
1877 4734 2081 4807 inquit,

461 4822 618 4875 bonos
649 4822 707 4873 in
743 4835 873 4874 vasa
906 4822 1114 4881 (Matth.
1157 4830 1293 4883 xm),
1332 4821 1412 4876 sic
1441 4821 1684 4878 haeretici
1734 4823 1968 4894 piscium
2014 4825 2083 4879 il-

461 4914 636 4968 lorum
687 4911 917 4984 figuram
952 4928 1174 4983 semper
1212 4912 1519 4981 habebunt,
1561 4913 1631 4969 de
1688 4915 1893 4986 quibus
1947 4917 2082 4972 scri-

461 5007 611 5070 ptum
644 5007 751 5055 est:
804 5003 963 5056 Malos
1001 5009 1187 5057 autem
1214 5005 1361 5069 foras
1405 5006 1903 5077 miserunt(1bid.).
1948 5006 2084 5071 Quia

460 5090 608 5145 enim
646 5094 700 5146 in
754 5093 994 5149 Ecclesia
1027 5094 1121 5149 Dei
1151 5095 1377 5166 quidam
1420 5095 1494 5151 ita
1538 5098 1804 5168 perversi,
1851 5100 2075 5171 quidam

459 5198 592 5238 vero
632 5184 704 5239 ita
744 5193 870 5241 sunt
898 5187 1073 5241 sancti
1106 5194 1165 5243 ut
1218 5204 1328 5244 non
1372 5189 1649 5245 immerito
1701 5191 1914 5248 similes
1968 5194 2079 5249 sint

459 5286 668 5338 sagena:
702 5278 875 5330 missae
918 5280 974 5330 in
1000 5292 1173 5345 mare,
1216 5286 1270 5333 et
1301 5294 1369 5334 ea:
1429 5283 1580 5335 omni
1616 5296 1808 5349 genere
1847 5287 2080 5353 piscium

460 5371 805 5433 congreganti
866 5369 1054 5435 (ibid.),
1121 5369 1345 5443 dignum
1385 5380 1471 5426 est
1530 5381 1590 5427 ut
1647 5373 1795 5441 justo
1865 5375 2081 5443 judicio

462 5452 774 5506 Conditoris
817 5454 908 5508 alii
944 5466 1267 5513 remaneant
1315 5458 1482 5524 intus,
1531 5470 1587 5514 et
1624 5459 1720 5514 alii
1760 5460 1911 5516 foris.
1972 5464 2077 5519 Sed

461 5542 605 5605 illos,
659 5540 751 5611 qui
808 5543 943 5598 foris
999 5552 1146 5614 sunt,
1188 5563 1254 5602 eo
1295 5548 1458 5603 citius
1511 5566 1541 5603 a
1593 5548 1774 5617 vobis,
1822 5552 2073 5608 dilectis-

458 5629 583 5683 simi
623 5628 836 5695 fratres,
877 5631 1093 5686 debetis
1122 5634 1419 5703 expellere,
1461 5653 1572 5708 quo
1604 5638 1747 5694 intra
1785 5639 1929 5696 ovile
1966 5642 2071 5696 Do-

2185 4470 2485 4537 desiderio,
2543 4470 2770 4544 dignum
2802 4481 2886 4526 est
2929 4478 2989 4526 ut
3046 4472 3419 4539 centonarius,
3453 4472 3547 4543 qui
3600 4473 3665 4527 de
3713 4475 3792 4528 his

2187 4565 2396 4636 primus
2422 4566 2582 4620 estin
2623 4581 2877 4634 numero,
2910 4565 3122 4637 primus
3147 4567 3315 4622 etiam
3342 4567 3486 4621 adsit
3518 4568 3572 4621 in
3606 4577 3790 4639 mystc-

2184 4658 2287 4713 rio.
2320 4658 2503 4715 Nostis
2530 4659 2725 4730 utique
2756 4658 2903 4730 quod
2930 4674 2995 4715 ex
3026 4659 3260 4731 antiqua
3288 4660 3677 4730 supputatione
3703 4677 3783 4715 sa-

2184 4750 2456 4820 pientium
2486 4750 2675 4806 decies
2700 4751 2916 4819 decem,
2938 4750 3148 4806 faciunt
3168 4758 3415 4819 centum,
3438 4751 3664 4821 mystice
3690 4753 3789 4807 scio

2184 4840 2311 4896 licet
2348 4841 2651 4915 signantes,
2702 4849 2761 4896 ut
2799 4849 2854 4897 et
2893 4842 3141 4914 impletio
3174 4841 3429 4916 Deealogi
3452 4843 3713 4898 sentiatur
3740 4843 3786 4897 in

2184 4932 2434 5000 denario,
2467 4933 2825 5005 etplenitudo
2856 4934 3217 5005 perfectionis
3240 4932 3585 5006 intelligatur
3610 4934 3659 4988 in
3677 4951 3787 4989 cen-

2184 5023 2419 5078 tenario.
2475 5023 2776 5079 Sciendum
2812 5032 2897 5079 est
2935 5024 3085 5080 enim
3118 5025 3267 5096 quia,
3304 5024 3414 5079 nisi
3446 5024 3556 5080 ﬁde
3588 5025 3781 5100 integra

2180 5123 2234 5171 et
2256 5115 2519 5171 charitate
2541 5115 2783 5186 perfecta
2808 5116 3003 5173 decem
3042 5117 3242 5189 legalia
3271 5116 3599 5171 studeamus
3624 5117 3779 5171 adim-

2180 5206 2331 5278 plere
2382 5214 2657 5278 praecepta
2735 5224 3086 5279 nequaquam
3144 5207 3377 5263 adunari
3438 5207 3677 5262 valemus
3710 5207 3776 5260 illi

2182 5298 2442 5369 perfecta?
2470 5298 2703 5371 requiei,
2727 5300 2819 5353 ubi
2840 5299 3133 5354 scientiam
3165 5316 3324 5354 suam
3356 5314 3467 5356 non
3501 5314 3608 5355 nox
3635 5300 3779 5365 nocti,

2181 5391 2280 5445 sed
2310 5391 2430 5446 dies
2461 5391 2668 5446 indicat
2697 5391 2830 5446 diei.
2862 5391 2968 5446 Sed
3011 5400 3066 5446 et
3091 5391 3240 5447 aliud
3281 5392 3606 5463 mysterium
3626 5392 3779 5446 adhuc

2179 5486 2235 5539 in
2266 5486 2463 5541 eodem
2500 5502 2731 5543 numero
2758 5487 3170 5543 demonstratur
3199 5488 3549 5557 hominibus,
3583 5488 3670 5543 ubi
3697 5503 3778 5559 pro

2176 5592 2382 5632 corona
2410 5578 2745 5652 virginitatis
2795 5579 2938 5636 solet
2969 5580 3235 5637 attitulari
3295 5581 3629 5657 virginibus,
3655 5596 3773 5653 quo-

2171 5666 2315 5721 niam
2340 5666 2395 5721 in
2424 5666 2819 5726 inﬂexionibus
2848 5668 3171 5741 digitorum,
3200 5669 3327 5743 lege
3344 5668 3595 5727 dictante
3622 5685 3771 5742 magi-
