4006 6198
302 361 439 415 1005

1364 354 1486 410 LIB.
1530 355 1610 408 DE
1647 350 1978 408 MYSTERIO
2019 350 2194 405 LIGNI
2238 353 2554 411 DOMINICI.

3483 373 3622 430 1006

293 489 424 550 stra,
455 480 712 536 eumdem
747 476 1034 532 articulum
1070 476 1231 529 habet
1262 477 1316 529 in
1351 476 1559 542 dextra,
1603 492 1765 547 quem
1809 476 1906 528 de-
1931 476 1983 543 Α
2013 473 2078 526 ad
2108 490 2348 543 praesens
2397 494 2567 547 pauca
2599 497 2697 549 pro
2750 483 3002 551 pluribus
3045 486 3302 543 videntur
3342 491 3617 548 sufficere.

298 572 482 626 narius
513 570 568 623 in
594 568 839 622 sinistra.

367 664 524 728 Ecce,
558 660 688 732 quia
734 658 839 729 piae
868 656 1177 711 devotionis
1230 665 1285 709 et
1335 654 1587 709 fraternas
1627 651 1908 707 charitatis

299 752 525 804 humero
556 748 667 803 duo
699 746 958 818 mysteria
989 745 1147 800 vobis
1176 746 1229 798 in
1263 744 1456 799 eodem
1495 742 1907 814 apportavimus

301 856 554 907 numero,
609 846 773 893 restat
834 845 910 904 ut,
970 836 1277 892 secundum
1320 835 1626 890 doctrinam
1669 836 1909 889 virorum

300 930 611 995 solertium,
644 926 862 982 duobus
892 926 977 980 his
1016 925 1283 980 addamus
1313 931 1367 979 et
1417 925 1655 980 tertium.
1697 926 1915 978 Intuen-

300 1022 429 1075 dum
462 1029 545 1074 est
602 1033 735 1072 sane
779 1015 1120 1087 quibuslibet
1166 1014 1464 1070 lectoribus
1497 1015 1722 1069 intentis
1760 1014 1910 1084 quod

298 1113 477 1167 littera
518 1111 577 1179 T,
610 1111 761 1177 thau,
792 1108 1039 1164 numeris
1068 1107 1378 1163 intitulatur
1408 1108 1701 1162 trecentis:
1734 1106 1911 1180 signi-

300 1205 423 1260 ﬁcat
469 1204 728 1259 videlicet
772 1203 943 1274 quod,
1001 1202 1141 1256 sicut
1184 1217 1335 1257 nova:
1376 1202 1517 1275 legis
1556 1208 1785 1257 testatur
1824 1219 1912 1256 sa-

298 1305 664 1363 cramentum,
696 1298 931 1351 Trinitas
960 1298 1016 1351 in
1048 1296 1247 1363 tribus,
1294 1304 1349 1352 et
1378 1298 1615 1352 charitas
1644 1296 1909 1371 ﬁguratur

298 1397 353 1449 in
385 1402 628 1450 centum.
671 1393 781 1447 Nisi
835 1393 980 1446 enim
1040 1392 1289 1462 ejusdem
1349 1392 1633 1447 charitatis
1672 1392 1908 1447 velimus

298 1484 505 1539 habere
556 1490 828 1548 tenorem,
880 1481 949 1535 de
1002 1497 1109 1552 qua
1166 1481 1430 1551 scriptum
1484 1488 1604 1537 est:
1665 1484 1910 1549 Perfecta

296 1578 540 1631 charitas
579 1577 729 1641 foras
767 1575 933 1627 mittit
995 1576 1237 1629 timorem
1288 1574 1334 1641 (Ι
1381 1573 1537 1628 .Ioun.
1572 1574 1666 1644 ιν),
1702 1590 1911 1645 nequa-

298 1683 461 1737 quam
497 1665 551 1718 in
582 1679 682 1719 nos
712 1662 1026 1717 dilectionis
1048 1662 1195 1716 illius
1229 1669 1408 1732 potest
1438 1664 1752 1718 redundare
1785 1680 1909 1734 per-

296 1758 485 1821 fectio,
525 1756 595 1809 de
635 1771 742 1825 qua
781 1754 984 1809 dictum
1027 1761 1142 1807 est:
1196 1755 1477 1809 Plenitudo
1516 1756 1644 1821 legis
1699 1760 1774 1810 est
1829 1757 1912 1809 di-

297 1847 449 1900 lectio
478 1846 641 1913 (Rom.
686 1843 819 1912 xm).
854 1842 916 1897 Et
939 1842 1197 1913 quoniam
1235 1842 1513 1915 allegorici
1565 1858 1784 1910 sensus,
1819 1845 1911 1915 qui

297 1937 352 1991 in
408 1937 604 1992 eodem
645 1949 876 1990 numero
915 1934 1178 1999 latebant,
1213 1935 1465 1990 charitati
1521 1943 1736 2000 vestrae,
1773 1936 1909 1992 dile-

294 2026 546 2090 ctissimi,
573 2026 686 2095 jam
738 2023 897 2079 tertio
930 2022 1214 2093 patebant,
1257 2023 1486 2096 dignum
1529 2031 1613 2078 est
1653 2032 1732 2092 ut,
1781 2027 1910 2096 quia

296 2134 471 2174 novus
500 2118 716 2172 animus
747 2130 918 2170 novos
944 2113 1111 2183 exigit
1158 2122 1327 2173 artus.
1369 2115 1548 2169 tribus
1592 2117 1825 2171 addatur
1854 2128 1908 2172 et

293 2216 536 2282 quartus.
580 2208 773 2263 Notum
799 2212 881 2260 est
907 2206 1052 2260 enim
1084 2205 1245 2260 vobis
1277 2206 1333 2260 in
1361 2205 1569 2262 Christo
1599 2208 1725 2261 .lesu
1755 2211 1903 2279 quod

295 2318 407 2357 non
439 2318 592 2368 crux,
623 2300 721 2353 sed
740 2298 959 2368 species
991 2297 1170 2351 crucis
1193 2298 1547 2353 continentur
1571 2299 1625 2353 in
1654 2299 1812 2355 litera
1844 2302 1904 2368 T,

295 2393 447 2458 thau,
480 2389 763 2461 quoniam,
795 2388 840 2441 si
873 2387 928 2441 in
969 2386 1242 2457 superiori
1277 2397 1428 2457 parte
1456 2389 1637 2443 adhuc
1675 2390 1726 2442 ei
1780 2406 1905 2459 pars

293 2496 405 2535 una
432 2485 765 2550 superesset,
799 2492 911 2533 non
947 2478 1060 2547 jam
1094 2475 1269 2530 forma
1308 2477 1504 2544 crucis,
1535 2479 1632 2532 sed
1691 2480 1904 2553 integra

291 2584 424 2622 crux
455 2573 616 2622 esset.
662 2566 814 2620 Unde
846 2572 901 2620 et
928 2564 980 2617 in
1014 2564 1205 2619 eadem
1250 2564 1450 2632 littera,
1476 2583 1573 2636 per
1603 2583 1764 2637 quam
1798 2585 1905 2623 nu-

292 2680 477 2718 merus
506 2667 898 2725 trecentorum,
932 2668 987 2714 et
1017 2659 1191 2714 forma
1223 2661 1403 2715 crucis
1426 2662 1756 2728 ostenditur,
1795 2678 1903 2717 non

284 2753 591 2822 incongrue
622 2749 786 2804 nobis
836 2764 1020 2823 pugna
1051 2748 1326 2804 Gedeonis
1369 2750 1420 2803 in
1456 2749 1631 2825 ﬁgura
1663 2761 1901 2827 praeten-

285 2841 455 2907 ditur,
478 2839 534 2893 in
562 2856 671 2911 qua
695 2837 957 2894 videlicet
985 2854 1083 2908 per
1114 2839 1341 2911 gratiam
1376 2840 1779 2911 Omnipotentis
1807 2858 1903 2896 su-

287 2950 388 3004 per
432 2933 615 2987 hostes
655 2945 785 2985 suos
837 2928 1038 2983 meruit
1077 2931 1418 3000 triumphare
1465 2948 1590 2986 cum
1618 2934 1895 2987 trecentis.

282 3027 388 3081 Per
416 3025 739 3097 mysterium
788 3024 933 3079 enim
980 3025 1176 3090 crucis,
1221 3034 1275 3079 et
1315 3025 1541 3081 formam
1600 3028 1896 3095 Trinitatis,

283 3116 410 3170 sine
440 3115 608 3169 armis
638 3112 898 3186 pugnavit
925 3115 1325 3190 cumgarmatis,
1383 3118 1604 3187 quando
1657 3134 1752 3173 eos
1786 3134 1898 3173 non

283 3210 456 3265 armis
492 3207 809 3282 subjugavit
846 3207 1098 3273 amomis,
1130 3209 1227 3263 sed
1259 3210 1429 3279 tubis,
1464 3212 1815 3283 lampadibus
1849 3222 1903 3267 et

283 3299 517 3374 lagenis.
559 3296 866 3353 Notandum
914 3306 996 3349 est
1056 3298 1219 3352 etiam
1276 3301 1424 3371 quod
1478 3301 1727 3356 Ezechiel
1782 3318 1901 3372 pro-

282 3393 453 3462 pheta
485 3392 538 3445 in
586 3391 779 3446 eadem
834 3390 1012 3443 littera
1059 3390 1220 3444 ﬁdem
1265 3409 1625 3463 expressurus
1667 3395 1901 3450 creden-

278 3485 443 3551 tium,
503 3485 698 3551 Signa,
738 3484 940 3554 inquit,
987 3484 1047 3547 T,
1090 3484 1244 3549 than,
1304 3502 1462 3556 super
1510 3488 1714 3552 frontes
1752 3491 1899 3542 υίνο-

274 3595 405 3635 rum
430 3580 748 3648 gementium
786 3583 835 3632 et
865 3578 1158 3632 dolentium
1199 3577 1410 3648 (Ezech.
1450 3578 1541 3647 ix),
1583 3582 1762 3650 typice
1793 3580 1902 3634 sci-

274 3672 409 3727 licet
471 3670 759 3724 insinuans
804 3685 906 3740 per
966 3669 1070 3723 hoc
1110 3685 1267 3723 novae
1307 3668 1760 3726 sanctiﬁcationis
1816 3672 1898 3726 si-

272 3778 469 3838 gnum,
516 3760 663 3832 quod
692 3761 837 3816 ferro
869 3762 1107 3816 hostium
1162 3761 1355 3816 fortius
1386 3767 1470 3816 est
1501 3764 1680 3817 crucis
1714 3764 1898 3819 Domi-

276 3852 421 3907 nica:
452 3851 683 3924 lignum.
723 3851 823 3904 Per
855 3852 998 3904 hanc
1024 3865 1156 3922 ergo
1184 3865 1403 3905 crucem
1437 3851 1685 3907 Salvator
1713 3860 1900 3908 noster

275 3942 471 3998 omnia
512 3943 708 3998 volens
751 3942 970 3996 trahere
1004 3941 1070 3996 ad
1112 3958 1204 4007 se;
1261 3943 1322 3998 Si
1350 3945 1493 4012 quis,
1538 3943 1739 4014 inquit,
1786 3947 1901 3999 vult

274 4035 401 4102 post
425 4046 506 4086 me
530 4032 732 4093 veni-re,
776 4030 930 4083 tollat
959 4044 1164 4084 crucem
1204 4044 1377 4096 suam,
1421 4035 1470 4084 et
1515 4037 1775 4100 sequatur
1818 4050 1899 4088 me

282 4120 501 4185 (Matth.
531 4135 652 4185 xvr;
680 4120 847 4173 Marc.
894 4120 1028 4186 vni),
1087 4117 1409 4191 signiﬁcans
1460 4119 1721 4176 videlicet
1751 4124 1897 4192 quod

281 4228 353 4269 eo
402 4214 586 4269 verius
632 4213 886 4282 videmur
940 4230 1158 4269 crucem
1211 4214 1405 4271 tollere
1450 4215 1750 4271 Salvatoris
1788 4231 1900 4286 quo

281 4321 417 4381 erga
481 4306 761 4375 proximos
816 4314 1036 4362 nostros
1092 4308 1266 4375 major
1307 4307 1467 4362 nobis
1522 4314 1604 4362 est
1660 4308 1899 4363 charitas

279 4398 701 4469 compassionis.
762 4399 896 4455 Ecce
928 4400 1056 4471 quia
1117 4399 1292 4455 forma
1340 4400 1640 4455 centenarii
1689 4400 1900 4455 numeri

2013 559 2138 614 Cum
2167 564 2313 617 enim
2348 574 2423 619 tot
2449 575 2503 621 ct
2527 574 2630 622 tam
2662 569 2996 639 multiplices
3027 573 3076 626 ei
3118 576 3393 644 spiritales
3415 579 3622 635 intelli-

2008 650 2207 721 gentiae
2235 654 2342 709 sint
2373 661 2573 725 partes,
2608 666 2666 713 ut
2700 675 2796 729 pro
2845 662 3190 730 explicandis
3237 670 3495 726 omnibus
3533 672 3621 727 vix

2009 740 2261 795 humanae
2292 740 2568 798 sufﬁciant
2596 754 2762 811 artes,
2796 747 2924 802 ideo
2965 765 2994 802 a
3043 751 3204 806 nobis
3249 770 3359 809 non
3393 773 3458 811 ex
3484 767 3621 826 toto,

2014 828 2109 882 sed
2144 846 2207 883 ex
2242 836 2392 900 parte
2462 833 2754 906 allegorica
2788 837 2899 904 jam
2942 837 3322 896 diseutiendus
3362 853 3444 900 est
3488 853 3619 902 arte.

2014 924 2121 977 Sed
2150 932 2443 995 antequam
2476 928 2543 981 ad
2584 944 2854 983 summam
2886 934 3238 1000 perveniatur
3266 935 3460 1006 ipsius,
3502 954 3622 1009 par-

2013 1022 2093 1069 tes
2134 1017 2254 1084 ejus
2286 1018 2703 1075 considerandm
2743 1029 2871 1076 sunt
2904 1024 3075 1093 prius,
3110 1042 3180 1081 ne
3212 1043 3333 1082 cum
3379 1046 3443 1084 ex
3474 1039 3626 1101 parte

2014 1109 2330 1178 pervcnitur
2356 1110 2422 1163 ad
2455 1118 2648 1179 totum,
2702 1116 3022 1183 mysterium
3065 1119 3211 1188 quod
3245 1119 3366 1174 aliis
3424 1130 3505 1176 est
3532 1139 3624 1178 co-

2011 1198 2222 1271 gnitum
2266 1199 2389 1253 aliis
2413 1201 2585 1270 possit
2615 1218 2735 1256 esse
2766 1203 3037 1275 ignotum.
3070 1207 3253 1263 Nostis
3274 1209 3444 1282 igitur
3476 1214 3623 1284 quod

2009 1285 2324 1355 quinarium
2358 1303 2646 1342 numerum
2679 1290 2853 1345 virtus
2881 1291 3070 1347 divina
3094 1295 3349 1363 sacravit,
3383 1296 3511 1350 dum
3560 1298 3627 1351 de

2011 1374 2259 1445 quinque
2292 1376 2529 1445 panibus
2559 1384 2613 1431 et
2644 1378 2861 1434 duobus
2890 1381 3138 1451 piscibus
3169 1384 3417 1455 quinque
3456 1387 3629 1441 millia

2011 1467 2246 1536 satiavit,
2298 1468 2355 1521 in
2416 1468 2662 1541 quinque
2720 1471 2930 1527 scilicet
2993 1473 3231 1544 panibus
3287 1488 3629 1533 sacramenta

2011 1560 2331 1636 signiﬁcans
2371 1563 2528 1635 legis,
2576 1564 2631 1618 in
2673 1565 2890 1620 duobus
2943 1575 3125 1623 autem
3171 1570 3435 1639 piscibus,
3492 1572 3629 1626 duas

2016 1668 2281 1723 personas
2305 1654 2610 1710 sacerdotis
2642 1665 2695 1710 et
2714 1657 2860 1730 regis
2915 1658 3070 1713 Unde
3101 1660 3362 1731 quoniam
3398 1662 3453 1715 in
3470 1678 3626 1718 sacro

2015 1740 2237 1812 eloquio
2282 1742 2533 1813 quotidie
2588 1744 2870 1800 vobiscum
2922 1746 3187 1803 discimus
3222 1751 3368 1821 quod
3432 1752 3486 1804 in
3529 1753 3621 1806 illa

2016 1836 2275 1906 passione
2315 1837 2598 1891 Dominica
2655 1855 2757 1894 nec
2788 1839 2969 1910 pisces
3015 1842 3270 1912 panibus,
3313 1859 3417 1898 nec
3457 1862 3627 1914 panes

2014 1923 2241 1978 defuere
2272 1925 2539 1994 piscibus,
2573 1926 2800 1999 dignum
2832 1935 3020 1996 estut,
3054 1946 3153 2001 pro
3186 1931 3383 1985 eodem
3434 1949 3624 1988 exemm

2012 2016 2103 2085 plo
2130 2015 2187 2068 in
2218 2015 2456 2070 Ecclesia
2486 2017 2577 2071 Dei
2598 2033 2820 2089 semper
2847 2021 3228 2091 exsequendo,
3261 2038 3366 2077 nec
3396 2040 3622 2094 regnum

2009 2122 2039 2161 a
2069 2106 2396 2174 sacerdotio,
2456 2123 2558 2162 nec
2610 2110 2977 2166 sacerdotium
3018 2121 3307 2183 separetur
3344 2130 3375 2166 a
3431 2130 3620 2187 regno.

2008 2198 2169 2267 Cujus
2196 2198 2274 2252 rei
2310 2200 2621 2270 exemplum
2653 2199 2813 2255 facile
2854 2210 3036 2272 potest
3066 2203 3134 2257 ab
3183 2204 3301 2274 ipso
3333 2203 3624 2261 Conditore

2009 2289 2300 2360 perpendi,
2328 2291 2422 2360 qui
2448 2291 2516 2343 ad
2548 2290 3006 2346 sanctificandum
3030 2294 3293 2364 populum
3337 2311 3399 2348 ac
3433 2311 3627 2369 regen—

2009 2383 2137 2438 dum
2169 2401 2259 2438 rex
2283 2392 2335 2439 et
2363 2386 2623 2440 sacerdos
2643 2386 2864 2441 volebat
2883 2389 3127 2455 ostendi,
3157 2389 3378 2460 quando
3394 2391 3463 2444 ad
3478 2407 3618 2460 prai-

2008 2480 2303 2549 parandam
2356 2480 2520 2534 nobis
2551 2481 3063 2537 immarcessibilem
3097 2484 3220 2538 vitae
3264 2490 3488 2539 aeterna:
3520 2502 3616 2541 eo-

2007 2587 2219 2637 ronam,
2277 2573 2330 2626 in
2388 2573 2572 2643 seipso
2629 2575 3026 2630 sacerdotalem
3082 2592 3145 2631 ac
3197 2576 3403 2649 regiam
3452 2579 3625 2633 voluit

2008 2666 2227 2729 portare
2272 2676 2597 2730 personam;
2634 2663 2868 2733 proinde
2899 2664 3130 2718 multum
3183 2680 3356 2731 erras,
3398 2681 3430 2719 o
3463 2664 3619 2719 Chri-

2004 2753 2181 2807 stiane
2218 2754 2479 2809 nimirum
2517 2756 2799 2823 haeretice,
2842 2757 2935 2827 qui
2967 2773 3117 2812 more
3166 2758 3619 2828 phreneticorum

2004 2861 2233 2919 regnum
2269 2855 2324 2901 et
2378 2848 2747 2902 sacerdotium
2804 2848 2953 2903 soles
3002 2849 3211 2922 agitare
3270 2850 3620 2919 phrenetice,

2002 2935 2129 2990 dum
2167 2938 2306 2992 duas
2363 2954 2647 3008 personas,
2692 2955 2813 3009 qua:
2864 2938 2917 2991 in
2971 2939 3213 2993 Ecclesia
3253 2938 3349 2993 Dei
3401 2958 3624 3011 semper

2002 3024 2156 3079 fuere
2187 3026 2474 3093 sublimes,
2518 3027 2752 3081 diversis
2800 3028 3108 3082 haeresibus
3140 3029 3207 3081 ab
3242 3026 3477 3081 invicem
3526 3045 3620 3083 se-

2000 3130 2195 3184 parare
2236 3131 2345 3171 non
2374 3116 2553 3171 times.
2590 3117 2696 3170 Sed
2730 3117 2909 3171 nescis
2940 3116 3173 3172 fortasse
3196 3117 3345 3188 quod
3378 3117 3620 3188 antiqu

2003 3165 2025 3184 Γ
2043 3165 2086 3168 "‘
2104 3165 2190 3169 ""
2237 3165 2345 3171 “"'
2376 3165 2553 3171 "“""'
2591 3165 2696 3170 """
2731 3165 2907 3171 """'
2940 3165 3170 3172 """""
3199 3165 3345 3188 1"“
3379 3165 3618 3188 """“l“'"'

1928 3165 1977 3234 Ο
2002 3203 2304 3260 divinitatis
2339 3205 2468 3259 olim
2501 3206 2771 3261 sancitum
2797 3214 2883 3260 est
2938 3205 3058 3279 lege
3100 3223 3171 3261 ne
3205 3206 3260 3259 in
3301 3222 3472 3277 regno
3517 3207 3622 3262 lto-

2003 3316 2291 3355 manorum
2327 3318 2416 3355 rex
2450 3318 2478 3355 a
2514 3302 2797 3372 pontiﬁce,
2839 3302 2923 3356 vel
2983 3302 3226 3373 pontifex
3268 3310 3555 3373 separetur
3595 3320 3624 3355 ιι

2003 3407 2152 3462 rege,
2186 3399 2459 3463 quatenus
2488 3393 2614 3446 ﬁliis
2662 3393 2916 3447 Ecclesiae
2957 3393 3012 3447 in
3070 3393 3368 3449 concordia
3426 3408 3616 3449 eorum

2001 3481 2144 3537 bene
2172 3485 2346 3553 possit
2383 3485 2622 3547 ostendi,
2684 3486 2833 3556 quod
2889 3501 2952 3539 ex
3014 3486 3201 3540 divina
3250 3485 3621 3551 ordinatione,

2000 3588 2144 3627 unus
2174 3575 2342 3629 habet
2400 3584 2790 3630 testamentum
2823 3577 3120 3632 sacerdotii
3163 3572 3248 3631 et‘
3271 3577 3414 3631 alius
3444 3580 3620 3651 regni.

2003 3664 2155 3720 Unde
2198 3667 2274 3720 nil
2306 3666 2511 3733 obstat,
2552 3668 2597 3721 si
2632 3667 2858 3737 praifata
2899 3668 3124 3722 refectio
3167 3668 3465 3723 Dominicze
3497 3687 3625 3741 pas-

1998 3758 2169 3813 sionis
2200 3774 2298 3828 per
2328 3759 2621 3829 quamdam
2655 3758 3072 3813 similitudinem
3101 3758 3317 3814 duabus
3346 3761 3431 3814 his
3472 3778 3625 3816 com-

2000 3858 2223 3918 paretur
2264 3849 2539 3919 personis,
2573 3850 2835 3921 quoniam
2878 3851 2932 3903 in
2982 3850 3244 3922 mysterio
3278 3851 3622 3919 rcfectionis,

2000 3959 2163 4013 quam
2198 3944 2360 3999 iidem
2389 3944 2489 3997 viri
2521 3944 2726 3999 debent
2778 3944 3044 3999 exhibere
3083 3945 3428 4011 Christianis,
3479 3946 3623 4000 alius

2004 4034 2170 4089 habet
2228 4035 2456 4090 formam
2516 4036 2683 4106 piscis
2736 4044 2791 4090 et
2844 4036 2986 4090 alius
3034 4037 3212 4107 panis.
3274 4038 3396 4092 Non
3471 4037 3620 4091 enim

2002 4127 2250 4200 ignotum
2285 4135 2367 4182 est
2392 4128 2549 4183 vobis
2579 4128 2727 4199 quod
2753 4144 2842 4183 ars
2872 4128 3102 4199 pistoria
3140 4129 3212 4184 sit
3240 4130 3412 4195 intus,
3449 4135 3503 4183 et
3542 4130 3626 4199 pi-

2001 4216 2235 4271 scatoria
2260 4217 2414 4284 foris,
2441 4224 2717 4288 quatenus
2749 4219 2884 4272 alter
2922 4219 3079 4273 alteri
3110 4234 3175 4274 eo
3209 4219 3381 4291 magis
3411 4219 3628 4272 studeat

2004 4306 2059 4359 in
2083 4305 2281 4360 Christi
2328 4306 2595 4362 charitate
2637 4307 2923 4377 prodesse,
2965 4322 3074 4377 quo
3122 4324 3209 4361 ars
3251 4308 3351 4361 arti
3407 4322 3629 4376 semper

2007 4404 2187 4467 potest
2217 4398 2337 4453 usui
2370 4414 2511 4452 esse.
2564 4397 2770 4454 Taliter
2802 4398 2989 4473 igitur,
3034 4414 3132 4468 pro
3184 4397 3383 4453 divina:
3414 4413 3477 4451 ac
3515 4395 3627 4450 fra—

280 4487 442 4542 vobis
468 4494 552 4541 est
581 4487 827 4543 discussa
856 4489 1159 4553 moraliter,
1192 4496 1410 4560 tempus
1441 4496 1605 4544 estut
1635 4490 1903 4561 quinqua-
1926 4488 1981 4555 D
2009 4498 2178 4544 ternae
2205 4490 2520 4545 dilectionis
2552 4506 2761 4556 amore,
2790 4490 2899 4546 duo
2927 4490 3093 4545 iidem
3126 4490 3227 4544 viri
3250 4505 3469 4559 semper
3504 4505 3626 4543 esse

279 4578 544 4651 genarius
573 4593 831 4633 numerus
882 4579 1241 4635 dissentiatur
1278 4580 1582 4651 zequaliter,
1638 4580 1895 4651 quoniam

280 4667 414 4722 licet
447 4666 537 4721 ille
566 4667 636 4721 sit
665 4667 875 4736 primus
904 4676 959 4722 et
988 4668 1090 4723 iste
1116 4669 1418 4736 secundus,
1450 4676 1683 4740 uterque
1715 4676 1899 4723 tamen

280 4762 368 4810 est
400 4756 625 4826 mystica
669 4756 1012 4812 discussione
1058 4757 1384 4828 profundus.
1430 4759 1584 4814 Unde
1623 4759 1751 4814 licet
1803 4759 1903 4813 iste

281 4860 549 4900 numerus
581 4846 692 4916 jam
734 4845 1119 4901 discutiendus
1155 4848 1225 4902 sit
1263 4848 1582 4923 allegorice,
1626 4848 1779 4919 prius
1822 4855 1905 4903 ta-

280 4949 412 4988 men
442 4934 676 4989 naturali
710 4936 1106 5005 supputatione
1138 4937 1493 5007 multiplicari
1534 4938 1701 4993 debet
1746 4938 1915 4994 histo-

282 5024 418 5091 rice,
473 5034 748 5095 quatenus
786 5025 1038 5100 dignosci
1094 5027 1271 5082 valeat
1333 5045 1398 5082 ex
1447 5029 1731 5084 interioris
1771 5032 1914 5105 oculi

284 5119 625 5191 perspicacia
648 5119 781 5191 quid
812 5120 919 5175 sibi
962 5137 1034 5176 ex
1058 5129 1252 5177 natura
1283 5123 1549 5179 debeatur
1579 5132 1672 5180 aut
1708 5126 1902 5198 gratia.

282 5211 468 5266 Nostis
515 5212 703 5284 utique
732 5213 863 5284 quia
899 5214 943 5268 si
973 5213 1099 5285 quis
1132 5222 1317 5285 partes
1350 5215 1473 5284 ejus
1506 5216 1637 5271 velit
1663 5216 1906 5270 aestima-

285 5319 345 5358 re
371 5303 649 5373 distincte,
687 5305 875 5374 procul
910 5305 1082 5361 dubio
1111 5322 1175 5360 ex
1207 5308 1398 5362 decem
1429 5315 1643 5364 constat
1665 5316 1719 5363 et
1747 5311 1908 5380 quin-

283 5410 417 5466 que,
459 5395 718 5466 quoniam
761 5397 903 5451 sicut
949 5398 1308 5454 calculatores
1347 5400 1664 5455 solertiores
1700 5402 1909 5472 Optime

283 5487 488 5554 sciunt,
517 5487 705 5541 decies
735 5489 1003 5560 quinque,
1049 5492 1134 5546 vel
1165 5491 1461 5563 quinquies
1495 5493 1710 5560 decem,
1746 5493 1908 5565 quin-

283 5583 548 5658 quaginta
589 5581 752 5636 ﬁunt.
811 5583 960 5639 Unde
1021 5587 1171 5654 licet,
1213 5603 1310 5657 per
1344 5587 1554 5657 judicia
1603 5588 1908 5644 divinitatis

282 5673 522 5742 oceulta,
558 5672 614 5727 in
635 5672 834 5728 eodem
876 5690 1106 5733 numero
1146 5679 1406 5748 mysteria
1436 5678 1548 5734 sint
1577 5679 1768 5744 multa,
1812 5695 1907 5735 no-

284 5766 471 5821 lumus
500 5772 683 5819 tamen
717 5765 785 5819 de
812 5765 893 5819 eis
926 5769 1082 5836 plura
1116 5785 1214 5839 pro
1261 5770 1451 5839 paucis
1476 5770 1660 5825 dicere
1705 5770 1906 5840 quibus

2001 4581 2282 4637 debentia
2324 4583 2534 4649 labore,
2558 4582 2820 4654 quoniam
2854 4583 2908 4635 in
2952 4582 3192 4636 Ecclesia
3222 4579 3317 4635 Dei
3358 4580 3504 4634 inter
3532 4595 3629 4635 eos

2003 4672 2083 4726 sic
2114 4678 2200 4726 est
2222 4672 2359 4727 ordo
2390 4672 2707 4737 distinctus,
2738 4677 2799 4725 ut
2823 4670 2876 4724 in
2912 4670 2998 4725 his
3019 4687 3141 4740 quae
3172 4678 3299 4725 sunt
3330 4670 3542 4736 saeculi,
3576 4678 3629 4722 et

2004 4766 2060 4819 in
2103 4765 2188 4819 his
2215 4782 2339 4837 quae
2373 4766 2490 4833 Dei,
2522 4781 2666 4820 unus
2721 4773 2980 4837 operetur
3014 4765 3148 4820 foris
3181 4772 3235 4820 et
3270 4764 3410 4819 alius
3451 4765 3619 4819 intus.

2008 4854 2244 4927 Uterque
2277 4857 2425 4911 enim
2459 4856 2735 4927 quoddam
2769 4855 2972 4911 divinae
3006 4855 3291 4920 charitatis
3342 4856 3507 4910 habet
3533 4855 3624 4909 in-

2017 4950 2199 5022 signe,
2231 4951 2361 5005 dum
2392 4950 2552 5022 quasi
2582 4967 2726 5006 unus
2756 4951 2809 5004 in
2845 4967 2988 5022 aqua
3017 4958 3073 5006 et
3108 4950 3248 5004 alius
3287 4957 3548 5020 Operatur
3574 4949 3627 5003 in

2021 5043 2169 5115 igne,
2198 5048 2258 5096 ut
2280 5041 2424 5096 sicut
2455 5057 2554 5111 pro
2580 5041 2879 5096 dilectione
2894 5042 3010 5109 Dei,
3040 5041 3166 5116 igne
3189 5041 3362 5095 sancti
3397 5040 3631 5112 Spiritus

2008 5153 2154 5192 unus
2184 5142 2399 5191 assatur
2429 5142 2489 5191 ut
2514 5137 2695 5207 panis,
2731 5136 2803 5191 ita
2828 5152 2926 5207 pro
2971 5136 3300 5191 defensione
3346 5135 3628 5206 proximo-

2009 5246 2127 5284 rum
2183 5228 2431 5300 squamis
2471 5228 2701 5299 justitire
2756 5229 2898 5283 alius
2970 5229 3253 5284 muniatur
3320 5235 3378 5282 ut
3444 5228 3626 5299 piscis.

2010 5317 2164 5371 Unde
2197 5317 2459 5388 quoniam
2495 5318 2549 5371 in
2590 5333 2747 5372 sacro
2776 5318 3000 5389 eloquio
3055 5325 3239 5388 potest
3287 5316 3632 5389 apertissime

2011 5406 2147 5460 disci
2228 5406 2377 5477 quod
2458 5406 2510 5459 in
2580 5405 2878 5461 refectione
2950 5407 3236 5462 Dominica
3315 5422 3418 5461 nec
3467 5405 3634 5476 piscis

2011 5496 2162 5567 pani,
2202 5512 2306 5551 nec
2351 5496 2510 5566 panis
2553 5496 2742 5552 aberat
2799 5497 2962 5568 pisci,
3008 5499 3294 5553 sciendum
3350 5506 3433 5551 est
3483 5494 3631 5566 quod

2010 5607 2115 5645 nec
2159 5590 2447 5646 catholica:
2507 5590 2659 5656 ﬁdei,
2726 5606 2836 5647 nec
2894 5592 3213 5648 Christianae
3290 5588 3630 5645 contrarium

2007 5685 2090 5733 est
2140 5678 2273 5750 legi,
2328 5679 2373 5731 si
2428 5664 2500 5732 ad
2555 5680 2825 5734 honorem
2888 5680 3042 5753 regni
3097 5689 3151 5734 et
3204 5674 3499 5732 sacerdotii
3541 5688 3635 5725 rex

2010 5770 2258 5840 pontiﬁci
2306 5778 2360 5824 et
2416 5769 2665 5840 pontifex
2705 5769 2930 5824 obediat
2981 5771 3115 5841 regi.
3164 5769 3251 5821 [sti
3310 5770 3438 5818 sunt
3485 5762 3632 5816 enim
