4006 6198
479 259 613 315 1007

1486 254 1851 310 BERENGOSI
1894 254 2171 311 ABBATIS
2212 256 2266 309 S.
2312 257 2545 313 MAXIM]
2586 258 2844 313 TREVIR.

3679 261 3825 318 1008

477 392 569 461 qui
625 407 687 444 ex
735 390 975 459 antiquae
1031 386 1334 442 divinitatis
1405 387 1821 457 dispensatione
1881 387 2088 454 bifaria,

2198 394 2591 450 ecclesiasticis
2620 394 2784 447 rebus
2816 407 2880 447 ac
2908 392 3227 459 mundanis,
3260 394 3496 449 eosdem
3518 403 3821 449 exerceant

478 484 532 539 in
561 482 906 543 ﬁrmamento
934 479 1384 551 Ecclesiae,quasi
1419 480 1528 535 duo
1563 496 1757 551 magna
1782 495 2094 535 convenere

475 575 789 640 luminaria,
818 581 1111 645 quatenus,
1144 573 1197 626 in
1229 572 1316 626 his
1340 588 1462 642 quae
1477 580 1605 627 sunt
1626 572 1813 627 saeculi
1836 581 1891 627 et
1922 572 1977 626 in
2012 572 2096 627 his

476 682 599 738 quae
632 666 745 731 Dei,
777 665 1048 719 luminare
1091 663 1277 717 minus
1313 663 1482 729 nocti,
1510 671 1571 718 et
1602 663 1875 717 luminare
1916 664 2094 732 majus

476 763 679 816 debeat
706 775 947 831 prazesse
979 760 1111 813 diei.
1146 760 1205 812 Et
1235 774 1345 813 non
1370 757 1666 823 immerito,
1696 758 1846 829 quod
1872 757 2092 812 duobus

477 850 588 904 illis
641 847 1003 903 luminaribus
1059 854 1316 917 poterunt
1346 846 1652 916 comparari
1704 862 1826 917 quae
1876 847 2092 901 caeteris

477 940 753 995 sideribus
782 938 958 1010 magis
986 938 1241 992 videntur
1274 936 1606 1007 principari;
1658 937 1808 1008 quia,
1848 936 1989 991 sicut
2038 937 2093 990 in

477 1033 822 1088 ﬁrmamento
843 1032 967 1086 οωιὶ
999 1031 1207 1085 eisdem
1243 1029 1609 1084 luminaribus
1634 1029 1786 1084 nulla
1813 1030 2091 1084 stellarum

478 1134 729 1179 creatura
757 1123 1002 1178 claritate
1043 1121 1263 1175 videtur
1285 1120 1538 1185 eximior,
1566 1120 1725 1175 sicin
1750 1120 2096 1176 ﬁrmamento

480 1216 754 1281 Ecclesiae,
796 1214 1012 1268 duabus
1052 1212 1137 1266 bis
1189 1212 1446 1282 personis
1489 1211 1685 1267 ordine
1725 1220 1779 1266 et
1826 1211 2095 1285 dignitate

480 1305 629 1359 nulla
660 1312 841 1374 potest
868 1319 987 1358 esse
1036 1301 1344 1357 sublimior.
1412 1301 1564 1357 Unde
1624 1308 1679 1356 et
1725 1300 1927 1356 factum
1958 1300 2092 1355 illud

478 1397 559 1452 eis
598 1412 708 1451 non
736 1396 1040 1467 incongrue
1092 1394 1313 1449 videtur
1336 1392 1656 1457 convenire,
1684 1393 1833 1464 quod
1878 1392 2093 1462 Moyses

476 1483 891 1539 tabernaculum
950 1482 1163 1537 Domini
1220 1480 1417 1536 crebro
1473 1480 1678 1535 intrare
1769 1480 1983 1535 solebat
2039 1487 2093 1534 et

476 1574 650 1638 exire,
680 1580 742 1627 ut
782 1586 880 1641 pro
910 1570 1340 1625 demonstrando
1372 1569 1666 1625 sacerdotii
1704 1576 1759 1623 et
1812 1569 1967 1642 regni
2001 1568 2093 1623 ad-

476 1669 715 1723 mirabili
736 1668 1025 1731 coitu,hoc
1050 1666 1105 1720 in
1131 1666 1253 1720 loco
1284 1681 1515 1738 regnum
1538 1664 1591 1718 in
1625 1664 1795 1730 exitu,
1829 1672 1885 1719 et
1909 1679 2092 1718 sacer—

478 1760 687 1816 dotium
716 1760 987 1815 sentiatur
1030 1758 1085 1811 in
1117 1757 1368 1812 introitu.
1402 1758 1535 1811 Dum
1577 1755 1725 1810 enim
1776 1771 1920 1810 unus
1949 1756 2091 1810 bene

477 1850 700 1905 vivendi
727 1849 1040 1918 exemplum
1071 1847 1193 1902 aliis
1226 1847 1375 1901 intus
1404 1847 1633 1917 przebet,
1661 1845 1802 1900 alius
1831 1860 1963 1899 vero
1993 1859 2091 1915 pro

478 1938 846 2010 disponendis
874 1935 1267 1991 infirmantium
1300 1936 1481 1989 causis
1526 1934 1657 1990 foris
1687 1935 1867 2001 sedet,
1902 1934 2091 2004 procul

480 2029 649 2083 dubio
692 2044 856 2087 unus,
913 2026 1067 2097 quasi
1125 2041 1246 2079 cum
1303 2024 1487 2095 Moyse
1546 2024 1615 2077 ad
1672 2022 2090 2077 tabernaculum

480 2118 684 2183 redire,
725 2117 863 2171 alius
883 2130 1015 2170 vero
1036 2131 1160 2169 cum
1192 2129 1258 2169 eo
1284 2113 1429 2169 foras
1456 2113 1676 2167 videtur
1705 2113 1853 2167 exire
1878 2131 1892 2177 ;
1955 2113 2098 2167 sicut

480 2224 624 2262 unus
652 2206 911 2260 virtutum
940 2204 1139 2274 pennis
1168 2214 1380 2256 sursum
1414 2203 1681 2268 elevatur,
1714 2210 1775 2255 ut
1820 2200 2095 2265 columba,

479 2300 610 2355 dum
659 2314 758 2370 pro
800 2297 1027 2353 secretis
1085 2294 1403 2350 ccelestibus
1461 2294 1531 2347 de
1578 2293 1702 2347 imis
1758 2293 1989 2347 recurrit
2027 2292 2095 2346 ad

476 2408 721 2457 summa;
754 2391 832 2444 sic
858 2389 998 2444 alius
1031 2402 1129 2458 pro
1171 2386 1524 2441 resarcienda
1553 2386 1850 2440 mundanae
1883 2385 2097 2439 dissen-

476 2488 650 2542 sionis
678 2502 740 2541 ac
766 2484 1057 2540 discordia:
1084 2483 1243 2549 rima,
1275 2483 1345 2536 de
1367 2482 1599 2536 summis
1616 2496 1840 2551 semper
1861 2480 2096 2534 descen-

477 2592 640 2631 surus
668 2584 754 2631 est
773 2576 842 2629 ad
876 2575 1004 2628 ima.
1035 2572 1213 2639 Unde,
1242 2579 1301 2626 ut
1321 2571 1389 2625 ad
1415 2570 1728 2640 exemplum
1757 2567 1927 2638 Moysi
1950 2582 2093 2622 unus

476 2685 574 2740 pro
603 2667 929 2724 ordinandis
968 2663 1326 2721 interioribus
1358 2664 1508 2717 intus
1550 2662 1619 2715 ad
1671 2658 2088 2716 tabernaculum

474 2763 663 2817 redeat
691 2761 831 2816 alius
860 2775 992 2815 vero
1022 2775 1121 2831 pro
1169 2757 1535 2828 disponendis
1559 2753 1929 2810 exterioribus
1960 2752 2096 2807 foris

474 2870 597 2909 cum
637 2871 704 2909 eo
723 2855 889 2929 digne
919 2853 1131 2918 sedeat,
1164 2865 1392 2905 necesse
1426 2855 1533 2914 est,
1575 2856 1636 2903 ut
1670 2853 1875 2901 mutum
1916 2845 2098 2899 chari-

472 2946 598 3000 tatis
631 2945 814 3001 ofﬁcio
856 2945 993 2999 alter
1054 2942 1284 2997 alterum
1315 2940 1395 2994 sic
1422 2939 1665 3007 adjuvet,
1705 2944 1761 2991 et
1805 2935 1861 2989 in
1902 2934 2097 2989 Christi

468 3039 673 3096 virtute
705 3035 1022 3099 conﬁrmet,
1050 3044 1110 3088 ut
1146 3048 1290 3088 unus
1319 3029 1629 3102 spiritualia
1667 3028 1815 3082 intus
1854 3026 2099 3085 ordinet,

471 3134 612 3192 alius
635 3147 766 3187 vero
797 3129 934 3185 foris
969 3143 1111 3183 onus
1145 3124 1447 3181 carnalium
1467 3127 1666 3193 portet.
1696 3119 1902 3174 Taliter
1921 3118 2087 3193 igitur

472 3232 620 3285 inter
652 3244 710 3281 se
756 3240 947 3296 pacem
983 3222 1188 3276 habere
1228 3226 1412 3289 potest
1449 3232 1680 3289 regnum
1725 3223 1780 3269 et
1829 3213 2091 3269 sacerdo-

470 3322 627 3385 tium,
650 3319 694 3372 si
728 3317 837 3370 duo
856 3313 910 3367 hi
943 3313 1111 3384 digne
1143 3309 1692 3365 voluerintexercere
1719 3322 1877 3360 suum
1910 3318 2086 3375 nego-

470 3409 630 3473 tium,
688 3404 925 3459 maxime
963 3417 1089 3456 cum
1133 3399 1189 3452 in
1247 3397 1490 3453 Ecclesia
1543 3396 1636 3450 Dei
1677 3410 1896 3451 causam
1948 3394 2091 3447 hanc

469 3497 718 3570 quotidie
770 3494 987 3548 valeant
1054 3490 1304 3545 invenire
1346 3503 1445 3559 pro
1504 3503 1613 3559 qua
1668 3484 2084 3541 tabernaculum

470 3590 727 3647 Ecclesia:
756 3602 899 3641 unus
944 3585 1171 3650 intrare,
1211 3595 1267 3638 et
1308 3581 1449 3636 alius
1488 3581 1657 3654 digne
1709 3584 1885 3650 possu
1915 3576 2086 3631 exire.

545 3684 812 3736 Prmterea
866 3693 999 3732 vero
1038 3675 1365 3731 intuendum
1418 3679 1502 3727 est
1549 3671 1731 3737 nobis,
1772 3668 1921 3740 quod
1959 3666 2090 3722 huic

470 3771 727 3844 mysterio
759 3766 1071 3823 convivium
1109 3765 1244 3819 illud
1277 3763 1407 3818 olim
1439 3762 1585 3816 bene
1628 3757 2004 3823 concordavit,
2028 3756 2086 3811 in

468 3881 578 3937 quo
638 3860 801 3915 Maria
852 3858 1017 3922 sedit,
1079 3863 1132 3911 et
1171 3856 1379 3910 Martha
1419 3851 1767 3915 ministravit,
1824 3848 2083 3919 quoniam

466 3957 608 4009 sicut
632 3970 696 4007 ex
718 3951 902 4007 verbis
930 3946 1266 4019 cvangelicis
1292 3946 1437 4000 bene
1469 3949 1719 4015 apparet,
1745 3940 1912 3995 Maria
1939 3939 2079 3993 male

467 4046 805 4109 comederet,
835 4042 880 4095 si
900 4056 1012 4095 non
1034 4038 1243 4093 Martha
1271 4037 1633 4091 ministraret.
1667 4032 1965 4087 Sciendum
1996 4037 2081 4084 est

468 4151 724 4207 namque,
760 4132 890 4203 quia
922 4144 1018 4200 pro
1058 4126 1230 4181 habili
1259 4125 1477 4190 ordine,
1512 4129 1566 4177 et
1599 4119 1952 4177 convenienti
1990 4134 2079 4173 ra-

469 4230 640 4293 tione,
692 4223 905 4279 duabus
932 4221 1042 4275 illis
1082 4218 1334 4290 personis
1365 4217 1490 4271 duae
1527 4216 1645 4270 istm
1674 4220 1907 4285 possunt
1932 4226 2081 4266 com-

469 4317 648 4389 parari
683 4327 956 4386 persona,
990 4308 1254 4380 quoniam
1295 4306 1351 4359 in
1383 4304 1627 4360 Ecclesia
1670 4303 1763 4357 Dei
1796 4300 2080 4375 negotium

468 4406 603 4463 illud
628 4403 833 4458 habent
862 4400 919 4453 in
953 4396 1267 4451 nutriendis
1300 4394 1649 4465 corporibus,
1671 4399 1726 4447 et
1746 4389 2086 4446 illustrandis

2196 502 2398 552 mores,
2433 500 2571 557 quos
2594 485 2648 539 in
2682 484 2848 540 domo
2876 484 3158 550 Pharisaei,
3209 485 3494 554 quondam
3534 485 3661 541 duae
3703 486 3823 539 istae

2196 596 2515 652 expressere
2570 594 2807 635 sorores.
2859 578 3014 633 Sicut
3058 578 3207 632 enim
3253 578 3462 633 Martha
3508 579 3656 633 circa
3721 578 3826 632 fre-

2196 689 2375 745 quens
2393 672 2765 726 ministerium
2795 670 3098 744 satagebat,
3114 669 3285 725 Maria
3307 686 3438 726 vero
3458 686 3626 725 secus
3645 671 3824 741 pedes

2193 764 2409 822 Domini
2447 763 2676 819 verbum
2702 762 2849 817 illius
2875 762 3064 817 audire
3092 763 3336 828 solebat;
3368 762 3444 817 ita
3493 779 3595 834 pro
3627 762 3827 832 dispo-

2195 856 2378 911 nendo
2411 853 2795 909 ecclesiasticae
2824 867 2889 907 ac
2925 853 3225 907 mundanae
3259 852 3548 925 dignitatis
3582 853 3826 913 honore,

2196 964 2342 1004 unus
2369 962 2561 1002 eorum
2591 945 2695 999 erit
2723 943 2777 998 in
2800 943 3011 1015 requie,
3038 953 3094 999 et
3119 944 3261 998 alius
3293 944 3346 997 in
3366 944 3578 999 labore.
3614 943 3730 997 Sed
3761 958 3829 996 ne

2196 1040 2337 1096 alius
2395 1039 2559 1093 alium
2594 1037 2870 1107 relinquat
2901 1036 3080 1091 solum
3112 1036 3448 1100 ministrare,
3502 1050 3821 1109 congruum

2197 1142 2300 1192 est,
2348 1137 2407 1184 ut
2453 1129 2591 1183 alter
2635 1127 2866 1181 alterum
2916 1126 2970 1179 in
3037 1123 3249 1179 Christo
3292 1124 3558 1179 charitate
3598 1138 3831 1193 semper

2197 1221 2398 1276 debeat
2429 1219 2709 1288 adjuvare,
2760 1231 2829 1270 ne
2871 1216 3010 1269 alter
3057 1229 3157 1285 pro
3208 1214 3381 1269 altero
3432 1212 3825 1285 evangelicum

2197 1310 2333 1365 illud
2365 1310 2475 1363 Deo
2503 1307 2741 1361 inaniter
2765 1306 2993 1360 clamet:
3029 1307 3126 1361 Dic
3172 1320 3296 1373 ergo
3328 1305 3414 1358 illi
3437 1311 3498 1358 ut
3537 1320 3621 1357 me
3658 1305 3831 1372 adju-

2192 1408 2278 1455 vet
2327 1402 2458 1455 Luc.
2499 1401 2575 1465 x).
2623 1397 2880 1463 Quamvis
2923 1396 3070 1451 enim
3105 1396 3159 1450 in
3215 1396 3297 1449 eis
3337 1395 3483 1450 dona
3542 1394 3825 1459 caelestia,

2194 1508 2303 1547 non
2335 1497 2464 1545 sunt
2507 1488 2760 1560 aequalia,
2794 1503 3097 1559 congruum
3132 1493 3317 1541 tamen
3377 1493 3462 1541 est
3492 1496 3551 1540 ut
3577 1486 3726 1540 alter
3754 1487 3830 1539 al-

2198 1580 2299 1638 teri
2330 1596 2430 1635 sua
2478 1577 2718 1633 seminet
2767 1576 3032 1636 carnalia.
3082 1584 3141 1630 ut
3187 1583 3393 1630 metere
3438 1576 3612 1646 possit
3646 1576 3829 1646 ipsius

2191 1670 2516 1744 spiritualia.
2548 1669 2702 1725 Unde
2729 1676 2786 1723 ut
2817 1668 2883 1723 ad
2934 1667 3188 1722 eumdem
3248 1667 3468 1721 modum
3530 1667 3704 1722 homo
3755 1668 3825 1721 ab

2193 1760 2439 1827 homine,
2473 1765 2527 1814 et
2555 1774 2681 1829 pars
2706 1756 2983 1828 relevetur
3001 1771 3031 1809 a
3058 1762 3238 1825 parte,
3269 1770 3377 1825 quo
3397 1755 3621 1825 requies
3636 1755 3821 1810 Mariae

2193 1854 2498 1911 ministerio
2552 1852 2832 1925 quondam
2889 1850 3127 1905 relevata
3157 1858 3243 1905 est
3300 1850 3545 1917 Marthae,
3579 1851 3813 1921 dignum

2194 1952 2277 2000 est
2304 1952 2362 1999 ut
2392 1944 2446 1997 in
2476 1941 2748 1998 currenda
2778 1941 2943 2015 regiae
2969 1955 3033 1994 ac
3078 1938 3439 1993 sacerdotalis
3466 1938 3701 2008 justitiae
3736 1939 3821 1992 via

2195 2034 2337 2090 alius
2362 2033 2585 2098 Martha,
2616 2030 2824 2085 etalter
2846 2028 3002 2084 alteri
3024 2028 3097 2082 sit
3129 2027 3312 2081 Maria.

2270 2124 2405 2178 Ecce
2446 2120 2645 2176 rationi
2678 2120 2805 2174 huic
2836 2125 2891 2173 et
2922 2117 3014 2172 illa
3034 2117 3332 2173 convenire
3370 2116 3589 2171 videtur
3617 2117 3821 2178 oratio.

2198 2215 2252 2268 in
2276 2229 2386 2284 qua
2416 2210 2609 2284 legalis
2647 2206 2904 2263 sacriﬁcii
2937 2206 3143 2277 duplex
3193 2205 3355 2261 nobis
3402 2206 3821 2260 demonstratur

2197 2303 2424 2367 oblatio,
2459 2301 2551 2356 ubi
2583 2300 2795 2370 Moyses
2826 2296 3031 2368 populo
3065 2295 3237 2350 Israel
3255 2295 3701 2350 observationem
3730 2296 3815 2349 in-

2196 2395 2426 2450 veniens
2457 2408 2698 2447 sacram:
2732 2390 2956 2459 Olferat,
2986 2388 3189 2459 inquit,
3221 2402 3427 2455 agnam
3452 2387 3520 2441 dc
3548 2389 3817 2456 gregibus,

2195 2494 2306 2546 sive
2325 2505 2565 2560 capram.
2602 2490 2664 2544 Si
2692 2494 2866 2542 autem
2891 2502 2997 2540 non
3019 2486 3259 2554 potuerit
3287 2483 3483 2552 oﬂ'erre
3506 2498 3667 2551 pecus
3699 2484 3817 2552 (Le-

2194 2586 2293 2638 vit.
2349 2582 2422 2651 v),
2468 2597 2566 2652 per
2589 2579 2736 2651 quod
2799 2576 3309 2633 veraeinnocentiaa
3362 2575 3641 2647 integrum
3705 2574 3817 2630 Deo

2198 2677 2483 2733 immolare
2549 2676 2726 2730 valeat
2805 2674 2995 2742 decus,
3090 2673 3291 2728 saltem
3369 2687 3464 2742 pro
3547 2675 3820 2728 emenda-

2197 2770 2349 2826 tione
2391 2782 2705 2839 corporum,
2766 2773 2821 2821 et
2853 2764 3171 2836 expiatione
3229 2764 3561 2831 animarum,
3621 2765 3816 2834 offerat

2198 2862 2331 2916 duos
2362 2864 2621 2923 turtures,
2670 2859 2766 2911 aut
2805 2856 2938 2910 duos
2973 2855 3155 2927 pullos
3200 2855 3565 2909 columbarum
3607 2855 3812 2925 (ibid).

2201 2948 2466 3013 Quoniam
2488 2961 2621 3018 ergo
2650 2945 2705 2998 in
2736 2958 2971 3014 persona
3003 2942 3233 2997 Romani
3280 2940 3559 3012 pontiﬁcis
3582 2958 3650 2997 ac
3670 2945 3813 3019 regis

2202 3035 2486 3109 pr0posita
2533 3039 2661 3088 sunt
2691 3032 2851 3088 nobis
2907 3031 3022 3086 haec
3078 3029 3296 3085 diversa
3343 3029 3614 3085 sacriﬁcia
3658 3031 3821 3103 legis,

2193 3129 2420 3202 dignum
2444 3132 2526 3182 est
2568 3132 2629 3181 ut
2667 3139 2765 3196 pro
2809 3122 3149 3178 illustrandis
3205 3120 3452 3177 ﬁdelium
3498 3122 3810 3187 animabus,

2189 3236 2275 3285 ea,
2309 3235 2432 3291 quae
2462 3218 2638 3289 primo
2674 3214 3089 3287 pr0posuimus,
3120 3213 3357 3284 primum
3413 3213 3579 3267 etiam
3624 3214 3809 3269 solva-

2191 3330 2330 3368 mus.
2367 3311 2599 3367 Utenim
2636 3311 2692 3364 in
2727 3309 2811 3364 his
2841 3307 3064 3363 duobus
3104 3307 3239 3361 viris
3270 3307 3449 3377 pietas
3485 3308 3716 3378 copiosa
3757 3317 3809 3363 et

2191 3406 2364 3461 virtus
2402 3405 2471 3459 sit
2492 3418 2709 3478 magna,
2741 3400 2937 3474 legalis
2969 3400 3135 3469 hujus
3172 3397 3426 3455 sacriﬁcii
3471 3416 3639 3471 capra
3670 3401 3806 3472 ﬁgu-

2192 3505 2341 3553 ratur
2370 3505 2424 3551 et
2460 3512 2635 3571 agna;
2667 3494 2929 3567 quoniam
2960 3493 3105 3547 sicut
3137 3507 3294 3546 novre
3324 3490 3463 3565 legis
3510 3493 3689 3565 gratia
3727 3501 3808 3548 te-

2190 3592 2378 3653 statur,
2408 3600 2506 3655 per
2534 3598 2731 3655 agnam
2764 3581 2960 3647 activa,
2990 3594 3091 3650 per
3120 3594 3343 3649 capram
3390 3594 3522 3634 vero
3556 3588 3809 3635 contem-

2190 3677 2392 3748 plativa
2443 3676 2553 3730 vita
2605 3673 2873 3746 signatur.
2909 3670 3063 3725 Unde
3113 3684 3225 3724 non
3287 3669 3657 3742 incongruum
3728 3679 3809 3725 est

2190 3767 2338 3838 quod
2360 3765 2596 3837 qualitas
2622 3764 2739 3817 haec
2770 3760 3059 3831 utriusque
3104 3758 3231 3813 vita:
3260 3758 3379 3813 viro
3410 3758 3542 3812 huic
3580 3772 3806 3828 compa-

2188 3862 2339 3911 ratur
2370 3854 2609 3925 utrique,
2660 3851 2792 3923 quia
2843 3848 2947 3905 sub
2986 3847 3237 3916 ejusdem
3294 3862 3452 3927 agnre
3494 3847 3579 3901 vel
3625 3863 3806 3918 capre

2183 3946 2375 4020 legalis
2398 3942 2827 4017 signiﬁcatione,
2860 3955 2958 4012 pro
2990 3939 3232 3995 Ecclesia
3261 3938 3361 3993 Dei
3404 3953 3550 3992 unus
3576 3954 3802 4009 semper

2181 4037 2285 4092 erit
2310 4036 2363 4089 in
2385 4049 2577 4106 Opere,
2605 4039 2659 4087 et
2679 4032 2821 4087 alius
2848 4031 2905 4085 in
2923 4028 3413 4106 contemplatione.
3445 4026 3644 4082 Verum
3668 4028 3801 4099 quia

2181 4145 2281 4200 per
2309 4143 2505 4203 agnam
2546 4127 2674 4181 vitae
2704 4125 2896 4180 activa;
2956 4104 3278 4177 innocentia
3318 4122 3591 4196 signatur,
3628 4125 3800 4196 regali

2184 4234 2433 4290 personae
2465 4232 2574 4272 non
2628 4217 2929 4290 incongrue
2979 4219 3360 4284 comparatur:
3399 4212 3444 4266 si
3497 4219 3687 4267 tamen
3746 4214 3800 4268 in

2184 4311 2349 4367 corde
2379 4324 2479 4365 suo
2509 4306 2881 4364 innocentiam
2912 4304 3058 4360 illam
3087 4303 3290 4359 habeat
3321 4319 3419 4374 per
3438 4305 3673 4379 gratiam
3708 4306 3802 4360 Dei

2186 4402 2256 4457 de
2287 4418 2394 4474 qua
2422 4401 2685 4471 scriptum
2714 4406 2828 4454 est:
2866 4397 3242 4453 Perambulavi
3264 4399 3323 4450 in
3352 4399 3662 4451 innocentia
3685 4413 3810 4452 cor-

467 4497 780 4562 animabus,
813 4490 963 4565 quod
1005 4489 1170 4544 nobis
1205 4488 1336 4543 olim
1365 4452 1777 4559 praeﬁguntum
1800 4491 1883 4539 est
1910 4483 1966 4537 in
1999 4480 2082 4534 his

2193 4452 2271 4548 clis
2724 4452 2881 4543 “Misi
2902 4488 3050 4541 enim
3092 4501 3191 4557 pro
3238 4484 3472 4541 diversis
3528 4486 3807 4542 erratibus

466 4586 756 4645 sororibus
786 4582 1021 4637 duabus.
1055 4578 1243 4633 Nostis
1270 4578 1443 4642 enim,
1489 4574 1622 4647 quia
1651 4589 1751 4645 per
1789 4574 1888 4627 has
1942 4572 2081 4627 duas

466 4698 705 4748 sorores,
736 4680 858 4734 duae
885 4678 1008 4733 vitae
1041 4681 1172 4729 sunt
1203 4672 1484 4728 moraliter
1511 4684 1815 4741 expressae:
1848 4681 2081 4739 quarum

468 4781 652 4835 adhuc
677 4775 859 4831 unain
887 4789 1006 4845 spe,
1038 4771 1145 4827 alia
1173 4784 1302 4825 vero
1330 4768 1386 4822 in
1422 4784 1482 4822 re
1506 4767 1619 4836 jam
1673 4765 1835 4821 nobis
1865 4763 2085 4819 videtur

468 4868 712 4927 adesse?
744 4868 815 4922 de
844 4865 1050 4938 quibus
1086 4862 1317 4926 scilicet,
1368 4866 1429 4914 ut
1466 4858 1799 4932 evangeliea:
1837 4854 2084 4911 veritatis

466 4965 643 5042 gratia
686 4968 933 5028 testatur,
978 4975 1088 5015 una
1157 4956 1355 5013 activa.
1409 4960 1464 5008 et
1499 4952 1606 5007 alia
1655 4949 2084 5022 contemplativa

464 5040 714 5109 vocatur.
756 5051 884 5114 Sed,
938 5055 999 5103 ut
1052 5046 1256 5118 duplex
1305 5044 1420 5099 vita
1457 5040 1664 5113 duplici
1707 5040 1971 5095 innitatur
2026 5045 2082 5093 et

465 5144 594 5209 vite,
632 5141 918 5195 sciendum
963 5148 1046 5194 est
1094 5136 1244 5209 quod
1284 5133 1464 5189 aetiva
1489 5130 1803 5187 intitulatur
1831 5129 2079 5197 Marthae,

467 5239 525 5287 et
556 5229 984 5298 contemplativa
1031 5226 1240 5290 Mariae;
1296 5222 1557 5295 quoniam
1618 5220 1747 5276 licet
1785 5235 1894 5274 una
1925 5216 2081 5273 alteri

466 5322 879 5395 przejudicetur,
924 5321 1095 5375 altera
1146 5326 1331 5373 tamen
1376 5316 1531 5371 alteri
1589 5312 1905 5369 necessaria
1960 5325 2085 5366 esse

463 5413 685 5470 videtur
730 5406 882 5461 Unde
898 5409 972 5462 nil
1002 5409 1205 5474 obstat,
1235 5406 1281 5460 si
1315 5406 1414 5460 has
1429 5405 1566 5459 duas
1602 5417 1823 5459 sorores
1859 5401 2079 5456 duabus

463 5503 574 5558 illis
614 5495 865 5568 personis
893 5497 1056 5568 digna
1105 5495 1467 5551 aestimatione
1493 5507 1823 5563 componam
1876 5490 1971 5562 qui
2021 5490 2076 5544 in

463 5587 713 5651 Ecclesia
733 5584 825 5637 Dei
853 5586 1246 5642 sacerdotalem
1293 5601 1358 5639 ac
1405 5585 1613 5657 regiam
1663 5583 1921 5637 videntur
1950 5597 2081 5653 por-

464 5692 583 5739 tare
616 5689 932 5746 personam,
964 5675 1092 5745 quia
1128 5674 1353 5743 dignum
1405 5679 1489 5727 est
1516 5679 1576 5727 ut
1616 5673 1671 5726 in
1715 5670 2080 5742 disponendis

2182 4597 2278 4636 cor
2304 4596 2466 4636 suum
2483 4580 2563 4634 sic
2592 4578 2935 4634 incessanter
2978 4575 3207 4649 afﬂigat,
3259 4583 3317 4630 ut
3370 4576 3425 4629 in
3480 4575 3805 4632 innocentia

2182 4677 2365 4733 cordis
2384 4675 2469 4731 sui
2500 4675 2609 4729 Deo
2639 4671 2994 4728 laudabiliter
3022 4671 3187 4737 vivat,
3231 4687 3581 4743 nequaquam
3636 4671 3695 4725 in
3734 4687 3804 4728 eo

2184 4768 2506 4840 prophetica
2546 4765 2638 4820 illa
2676 4763 2997 4836 implebitur
3025 4762 3306 4817 sententia
3332 4762 3387 4816 in
3427 4778 3538 4834 qua
3577 4763 3799 4820 dicitur.

2184 4859 2302 4913 Non
2338 4855 2580 4927 privabit
2625 4854 2776 4909 bonis
2804 4866 2887 4907 eos
2916 4854 3018 4922 qui
3062 4852 3342 4906 ambulant
3379 4854 3439 4905 in
3493 4854 3805 4909 innocentia

2181 4946 2346 5011 (Psal.
2403 4944 2644 5010 Lxxxm).
2687 4942 2744 4997 Si
2774 4947 2954 4996 autem
2996 4940 3165 4996 corda
3203 4940 3472 4995 malorum
3528 4942 3804 4998 materiali

2181 5037 2367 5112 gladio
2392 5035 2597 5090 divinis
2625 5033 3003 5107 subjugaverit
3030 5031 3271 5107 legibus,
3297 5046 3409 5086 non
3429 5032 3543 5101 jam
3578 5050 3799 5105 capram

2182 5126 2278 5182 sed
2311 5141 2506 5199 agnam
2547 5123 2742 5179 oﬁerre
2799 5122 3021 5177 videtur
3048 5122 3117 5176 de
3147 5120 3431 5195 gregibus,
3479 5122 3805 5195 signiﬁcans

2183 5214 2441 5269 videlicet
2467 5214 2616 5284 quod
2659 5212 2806 5266 inter
2843 5211 2982 5265 duas
3019 5218 3198 5266 sortes
3225 5216 3282 5264 et
3310 5210 3450 5265 duas
3492 5210 3636 5267 vitas
3687 5214 3805 5267 ele-

2189 5312 2397 5360 ctorum
2430 5303 2605 5358 activa
2642 5301 2755 5357 vita
2790 5300 3089 5356 multorum
3123 5308 3227 5365 est,
3273 5306 3329 5354 et
3370 5301 3804 5372 contemplativa

2186 5410 2507 5469 paucorum.

2252 5485 2443 5559 Igitur,
2477 5482 2607 5555 quia
2638 5482 2796 5556 legali
2838 5497 2993 5555 agnae
3025 5496 3261 5553 persona
3295 5480 3491 5556 legalis
3521 5499 3671 5539 nunc
3715 5491 3804 5540 est

2180 5583 2495 5648 comparata
2519 5575 2820 5642 moraliter,
2870 5581 3037 5630 restat
3080 5582 3139 5629 ut
3169 5590 3337 5644 capra
3367 5574 3565 5650 legalis
3601 5576 3805 5633 Roma~

2180 5686 2252 5727 no
2267 5667 2882 5741 pontificicomparetur
2906 5666 3212 5738 aequaliter.
3225 5667 3378 5723 Sicut
3403 5667 3578 5734 enim,
3594 5662 3802 5727 secun-
