4006 6198
199 377 341 434 1009

1265 373 1389 428 LIB.
1432 375 1515 430 DE
1553 376 1883 433 MYSTERIO
1924 375 2101 431 LlGNl
2142 374 2458 430 DOMlNICl.

3391 376 3528 436 1010

195 507 326 562 dum
351 504 601 561 altiorem
634 502 1058 575 intelligentiam
1099 503 1260 576 legis,
1291 519 1432 576 agna
1457 503 1651 577 legalis
1680 520 1811 575 per—
1837 508 1885 574 Α
1915 504 2144 559 turibus.
2185 504 2415 572 lnsuper
2440 500 2606 555 etiam
2656 501 3059 556 enucleandum
3109 511 3195 558 est
3243 503 3404 558 nobis
3460 520 3525 558 ex

193 609 386 649 sonam
414 591 670 662 exprimit
702 590 871 664 regis,
902 590 983 645 sic
1012 607 1177 663 capra
1209 608 1310 662 per
1333 608 1497 663 quam
1545 591 1813 667 ﬁguratur

196 697 410 738 summa
437 680 568 736 ﬁdei
596 681 900 745 catholicae,
935 696 1046 735 non
1086 681 1364 737 immerito
1397 697 1645 752 personae
1675 682 1813 736 assi-

198 776 421 829 milatur
440 773 777 844 apostolicae.
804 772 941 827 Dum
964 772 1112 827 enim
1144 774 1481 844 apostolicus
1507 774 1618 829 ima
1649 775 1813 828 dese-

198 865 290 928 rit,
332 870 387 918 et
412 862 673 917 sublimia
694 861 913 933 quierit,
948 878 1057 917 non
1096 862 1402 938 incongrue
1434 863 1628 937 legalis
1649 864 1814 933 hujus

197 969 377 1023 caprae
406 952 647 1023 speciem
680 950 848 1023 gerit;
895 951 942 1005 si
997 957 1181 1007 tamen
1200 969 1300 1022 per
1328 952 1562 1026 gratiam
1613 953 1708 1007 Dei
1742 953 1814 1008 ita

195 1043 264 1097 de
285 1041 573 1113 priesentis
602 1039 788 1096 saeculi
821 1040 1141 1097 sublevetur
1166 1043 1448 1109 aerumnis,
1480 1048 1541 1097 ut
1568 1043 1719 1098 velut
1756 1042 1812 1095 in

194 1131 469 1202 supremis
480 1130 1212 1201 rupibuspendens,pastum
1232 1129 1339 1184 sibi
1363 1137 1574 1202 quierat
1591 1130 1645 1184 in
1661 1146 1811 1185 sum-

194 1221 313 1276 mis.
349 1220 451 1285 Qui
480 1221 612 1273 dum
642 1218 856 1273 animas
878 1216 1123 1272 ﬁdelium
1150 1219 1439 1290 utriusque
1462 1219 1604 1292 legis
1627 1219 1813 1274 uberi-

192 1314 296 1370 bus
328 1315 516 1380 lactat,
541 1327 763 1383 capram
794 1312 985 1380 procul
1017 1311 1185 1366 dubio
1218 1311 1274 1365 in
1314 1311 1648 1367 sacriﬁcium
1677 1326 1810 1367 con-

194 1406 660 1469 ditionismactat;
696 1403 743 1457 si
767 1412 971 1469 tamen,
998 1403 1127 1456 inde
1159 1404 1368 1458 tumido
1397 1404 1674 1474 superbire
1702 1419 1812 1458 non

193 1499 367 1553 elatus
416 1495 578 1562 fastu,
618 1496 862 1567 seipsum
894 1495 1046 1565 prius
1093 1494 1325 1549 internie
1365 1497 1813 1567 compunctionis

196 1588 478 1645 satiaverit
509 1595 689 1659 pastu.
731 1588 784 1641 Si
814 1594 994 1641 autem
1029 1602 1129 1657 pro
1160 1588 1467 1644 sublimiori
1498 1605 1624 1644 esca
1654 1590 1809 1645 duri-

198 1682 326 1737 tiam
352 1681 540 1736 cordis
560 1680 700 1734 lacte
722 1678 1003 1733 charitatis
1028 1678 1260 1744 emollit,
1295 1686 1426 1735 tunc
1456 1681 1615 1751 quasi
1648 1698 1813 1752 capra

1916 591 2271 648 interioribus
2314 590 2719 661 Scripturarum
2760 591 3039 655 medullis,
3084 592 3319 662 qualiter
3357 593 3523 646 iidem

1911 684 2012 738 viri
2069 683 2286 739 duobus
2334 682 2715 739 columbarum
2777 683 3103 754 coaequandi
3170 693 3297 738 sunt
3336 685 3524 754 pullis,

1914 782 2189 845 quatenus
2208 771 2671 843 uterquelaetetur
2691 771 2747 825 in
2773 772 2884 826 Deo
2901 773 3124 826 salutari
3153 788 3275 837 suo,
3297 772 3341 825 si
3357 772 3527 843 digne

1915 862 2024 917 sibi
2051 862 2161 917 duo
2179 862 2235 915 hi
2264 868 2523 928 turtures,
2555 869 2648 915 aut
2670 861 2804 932 pulli
2829 862 3160 916 conveniant
3189 861 3525 915 duo.Scien-

1913 953 2044 1007 dum
2069 958 2154 1007 est
2173 951 2377 1023 quippe
2390 951 2539 1023 quod
2557 967 2656 1021 per
2669 952 2979 1006 columbam
3003 958 3339 1006 acturturem
3351 966 3528 1005 sacer-

1913 1042 2114 1096 dotalis
2130 1057 2194 1096 ac
2214 1041 2379 1115 regia:
2400 1039 2687 1113 dignitatis
2708 1040 2910 1110 duplex
2935 1040 3199 1114 ﬁguratur
3217 1039 3522 1115 negotium.

1914 1134 2043 1188 dum
2059 1134 2115 1187 in
2128 1131 2722 1205 columbaintelligitur
2734 1132 3113 1203 regnum,etin
3128 1138 3337 1187 turture
3351 1148 3527 1186 sacer-

1914 1224 2145 1279 dotium.
2190 1223 2289 1278 Per
2315 1208 2628 1277 columbam
2660 1238 2920 1293 namque,
2967 1239 3087 1294 quae
3127 1224 3269 1277 solet
3298 1222 3525 1277 volitare

1914 1314 2202 1387 gregatim,
2234 1329 2468 1383 persona
2496 1313 2694 1385 regalis
2722 1329 2830 1368 non
2853 1312 3158 1385 incongrue
3178 1320 3359 1383 potest
3385 1312 3527 1382 ﬁgu-

1915 1402 2020 1457 rari
2060 1403 2395 1467 summatim,
2424 1402 2468 1455 si
2498 1412 2681 1457 tamen
2713 1402 2769 1456 in
2804 1403 2903 1457 hac
2944 1404 3115 1457 activa
3148 1403 3257 1457 vita
3289 1402 3527 1457 societas

1916 1494 2009 1548 illa
2054 1494 2325 1548 bonorum
2377 1492 2484 1546 sibi
2518 1508 2626 1547 non
2660 1493 2911 1547 videatur
2951 1493 3287 1563 importuna,
3320 1495 3388 1547 dc
3419 1511 3526 1563 qua

1911 1588 2172 1658 scriptum
2204 1593 2318 1640 est:
2354 1587 2721 1641 Multitudinis
2749 1587 3075 1640 credentium
3105 1592 3219 1640 erat
3246 1604 3339 1640 cur
3362 1603 3527 1640 unum

1912 1684 1961 1734 et
1979 1682 2171 1733 anima
2200 1696 2311 1733 una
2334 1678 2476 1747 (Act.
2515 1684 2608 1731 iv“.
2655 1679 2713 1731 ln
2749 1684 2956 1731 turture
2987 1685 3189 1740 autem,
3232 1694 3352 1749 quae
3381 1690 3526 1733 amat

197 1772 364 1845 digne
405 1770 578 1840 pedes
606 1767 788 1839 erigit,
817 1776 871 1821 et
900 1774 1065 1836 caput
1090 1767 1325 1835 extollit,
1356 1768 1615 1838 quoniam
1648 1770 1812 1824 inno-
1842 1810 1889 1879 Β
1914 1770 2371 1841 singularitatem,
2395 1769 2754 1823 sacerdotalis
2774 1783 3023 1838 personae
3052 1769 3318 1822 debemus
3347 1768 3524 1821 admi-

303 1863 335 1879 ,ο
376 1878 379 1879 ,
450 1869 588 1879 ,--.__
683 1875 794 1879 -__...
847 1857 953 1879 2112..
1013 1857 1154 1879 ---μξι
1198 1858 1556 1879 __-!_!A___lt.-_
1596 1858 1699 1879 (Au!
1751 1860 1804 1879 Δ-
1919 1859 2019 1879 η-μ3
2064 1858 2371 1879 Δεμμξι-ιΑ...
2425 1858 2464 1879 ,Α
2515 1864 2694 1879 Α-...,...
2743 1873 2857 1879 -.-μ
2888 1871 3104 1879 ,λδηηΑ-,ε
3140 1856 3229 1879 ΞΙΙι.
3256 1856 3496 1879 ηΑΙΞιΑηέλ

194 1863 390 1918 centiie
434 1869 615 1932 pastu,
675 1875 800 1913 cum
846 1857 956 1912 illis
1006 1857 1158 1928 cupit
1196 1858 1557 1928 spiritualiter
1595 1858 1703 1914 frui
1743 1860 1813 1914 de

194 1951 397 2022 quibus
424 1949 687 2018 scriptum
717 1956 829 2002 est:
867 1949 1024 2002 Pauit
1061 1962 1144 2001 eos
1193 1946 1249 2000 in
1284 1949 1594 2002 innocentia
1637 1949 1815 2004 cordis

189 2046 276 2096 sui
295 2042 465 2111 (Psal.
498 2044 718 2107 Lxxvn).

264 2135 425 2202 Ecce,
457 2135 601 2189 sicut
626 2134 681 2188 in
706 2148 944 2204 persona
976 2133 1255 2204 pontiﬁcis
1293 2143 1348 2189 et
1379 2134 1522 2207 regis
1551 2135 1804 2206 quaedam

190 2242 220 2280 a
253 2226 416 2282 nobis
442 2233 571 2281 sunt
609 2226 755 2281 dicta
811 2224 1086 2296 privatim,
1134 2226 1208 2280 ita
1246 2226 1315 2279 de
1364 2226 1653 2297 utriusque
1704 2226 1804 2280 viri

194 2325 372 2379 adhuc
401 2323 512 2378 alia
538 2328 667 2377 sunt
703 2320 941 2376 dicenda
966 2321 1323 2387 'summatim;
1366 2328 1639 2394 quatenus
1670 2322 1810 2376 alter

193 2416 349 2471 alteri
378 2430 446 2470 eo
487 2413 760 2468 curiosius
815 2413 1036 2468 studeat
1087 2412 1378 2479 inhaerere,
1420 2426 1530 2485 quo
1572 2413 1811 2469 Ecclesia

196 2508 287 2563 Dei
324 2507 460 2562 alter
500 2506 673 2560 altero
711 2504 860 2559 nulla
893 2504 1056 2559 debet
1092 2505 1300 2559 ratione
1331 2521 1542 2559 carere.
1577 2505 1809 2577 Dignum

192 2597 399 2667 quippe
429 2603 515 2650 est
557 2601 636 2660 ut,
677 2594 820 2649 sicut
858 2594 915 2647 in
946 2592 1220 2648 sacriﬁcio
1263 2593 1593 2661 Conditoris,
1646 2610 1808 2664 capra

189 2684 389 2753 pariter
419 2682 735 2738 immolatur
760 2688 815 2736 et
843 2697 1015 2756 agna;
1043 2681 1122 2736 sic
1150 2682 1297 2737 inter
1319 2688 1612 2754 utrumque
1668 2682 1806 2737 ﬁdes

186 2774 395 2848 integra
425 2780 482 2828 et
510 2773 750 2828 charitas
767 2773 839 2827 sit
864 2788 1097 2845 magna;
1132 2772 1418 2844 quoniam,
1458 2773 1589 2829 licet
1610 2774 1665 2828 in
1697 2774 1794 2828 Ec-

183 2866 347 2921 clesia
372 2866 467 2921 Dei
495 2866 564 2920 ab
587 2865 821 2920 invicem
845 2866 956 2920 sint
976 2865 1171 2920 ordine
1200 2872 1255 2921 et
1283 2866 1552 2940 dignitate
1582 2867 1796 2938 disjun—

184 2958 276 3022 eti,
314 2958 369 3011 in
400 2972 590 3012 amore
629 2963 815 3011 tamen
843 2956 1153 3011 Divinitatis
1184 2972 1404 3026 semper
1444 2957 1649 3012 debent
1679 2972 1798 3012 esse

187 3047 487 3116 conjuncti.
521 3047 673 3102 Sicut
697 3046 845 3100 enim
876 3061 1018 3100 unus
1057 3061 1156 3116 per
1182 3046 1413 3101 activam
1446 3046 1610 3101 vitam
1640 3046 1714 3101 ita
1741 3062 1802 3101 se

191 3139 407 3195 cunctis
435 3141 579 3195 solet
595 3132 1140 3193 exhibere’devotum
1172 3145 1233 3193 ut
1250 3153 1349 3208 pro
1379 3153 1570 3193 amore
1603 3137 1805 3194 Condi-

1918 1859 2022 1914 rari
2056 1858 2398 1932 dignitatem,
2423 1858 2467 1910 si
2515 1864 2699 1912 tamen
2738 1873 2860 1911 cum
2888 1871 3107 1926 passere
3140 1856 3232 1909 illo
3255 1856 3522 1921 solitario,

1915 1947 2357 2017 contemplativie
2388 1947 2511 2001 vitia
2573 1946 2921 2001 dulcedinem
2963 1945 3131 2000 corde
3162 1954 3525 2015 prosequatur

1915 2036 2183 2108 perfecto,
2238 2036 2307 2090 de
2343 2052 2452 2107 quo
2511 2035 2775 2106 scriptum
2825 2042 2935 2089 est:
2982 2037 3176 2089 Factus
3215 2048 3335 2088 sum
3387 2035 3523 2086 sicut

1901 2145 2095 2202 passer
2144 2130 2429 2185 solitarius
2477 2131 2539 2183 in
2592 2129 2906 2195 tecto(Psal.
2965 2130 3055 2194 cr).
3090 2126 3196 2180 Sed
3230 2125 3360 2196 quia
3398 2133 3519 2179 tur-

1904 2232 2059 2277 tures
2117 2230 2173 2276 et
2214 2220 2484 2276 columbae
2544 2220 2781 2290 duplicis
2850 2218 3193 2289 poenitentize
3252 2218 3517 2289 gemitum

1912 2313 2139 2373 habent,
2170 2327 2280 2366 non
2310 2310 2614 2383 incongrue
2656 2308 2868 2363 duabus
2898 2309 2985 2362 his
3013 2307 3268 2378 personis
3299 2305 3518 2359 assimi-

1911 2403 2008 2457 lari
2059 2401 2272 2467 valent;
2330 2402 2375 2454 si
2402 2409 2587 2455 tamen
2640 2416 2764 2454 cum
2823 2400 2931 2452 Axa
2985 2398 3099 2452 ﬁlia
3155 2396 3354 2466 Caleph
3420 2411 3516 2464 pro

1913 2491 2129 2547 duobus
2160 2490 2668 2565 irriguisduplicem
2694 2490 2842 2544 hunc
2869 2488 3133 2562 gemitum
3169 2486 3425 2552 habeant,
3458 2493 3519 2538 ut

1910 2591 1964 2638 et
1994 2591 2217 2654 peccata
2246 2580 2520 2652 praeterita
2549 2580 2810 2645 defleant,
2842 2589 2897 2632 et
2952 2577 3131 2631 futura
3156 2581 3512 2645 praecaveant.

1907 2673 2058 2727 Sicut
2095 2672 2240 2726 enim
2282 2671 2339 2724 in
2379 2670 2599 2725 duobus
2626 2668 2932 2723 turturibus
2985 2673 3078 2721 aut
3126 2664 3293 2736 pullis
3318 2664 3520 2734 duplex

1904 2762 2016 2815 Deo
2048 2758 2410 2814 deferendum
2453 2764 2536 2812 est
2568 2773 2788 2822 munus,
2845 2756 3069 2826 quando
3115 2754 3224 2809 duo
3262 2753 3395 2824 pulli
3438 2768 3522 2826 vel

1897 2858 2007 2911 duo
2047 2860 2288 2909 turtures
2339 2850 2665 2917 offeruntur,
2697 2857 2751 2904 et
2801 2865 2911 2905 non
2938 2850 3131 2916 Iunus;
3172 2847 3252 2901 sic
3303 2846 3522 2901 insimul

1900 2949 2011 3002 duo
2044 2946 2209 3000 iidem
2241 2944 2523 3015 principes
2552 2952 2707 2998 terra:
2731 2943 2787 2996 in
2818 2940 3145 2997 sacriﬁcium
3177 2947 3232 2995 et
3264 2940 3525 2995 holocau—

1904 3044 2047 3091 stum
2071 3033 2287 3089 Domini
2312 3032 2402 3103 pia
2422 3048 2481 3086 se
2503 3030 2709 3086 debent
2740 3031 3039 3086 devotione
3070 3027 3384 3083 transferre.
3414 3027 3522 3081 Sed

1907 3134 1961 3182 et
1991 3126 2141 3181 aliud
2171 3124 2353 3179 adhuc
2383 3124 2688 3179 notandum
2720 3131 2805 3178 est
2833 3123 2918 3177 his
2948 3120 3257 3177 turturibus
3283 3119 3519 3183 duobus,

187 3228 322 3285 toris
337 3230 716 3285 esurientibus
732 3231 933 3285 tribuat
952 3230 1159 3297 cibum,
1176 3190 1565 3286 etsitientibus
1581 3237 1800 3301 potum;

1909 3216 2054 3287 quod
2084 3229 2191 3269 non
2230 3213 2533 3286 incongrue
2565 3212 2730 3266 etiam
2762 3212 2893 3265 viris
2925 3211 3044 3265 istis
3070 3210 3367 3265 convenire
3392 3223 3521 3279 pos-

188 3320 266 3374 sic
296 3321 435 3375 alius
466 3337 569 3392 per
584 3321 1068 3391 contemplativam
1098 3323 1264 3376 vitam
1295 3321 1435 3375 nihil
1468 3322 1617 3377 aliud
1642 3322 1807 3376 debet

187 3423 463 3475 exercere,
500 3408 606 3463 nisi
638 3416 717 3476 ut,
758 3424 857 3479 pro
897 3409 1105 3464 unitate
1147 3409 1422 3472 Ecclesiae,
1464 3408 1807 3464 orationibus

187 3505 240 3549 et
264 3496 493 3567 jejuuiis
521 3496 626 3552 soli
658 3498 768 3553 Deo
798 3498 976 3553 valeat
1005 3498 1296 3554 inhaerere.
1331 3498 1388 3552 Si
1420 3498 1568 3552 enim
1604 3498 1807 3552 utrius-

190 3599 294 3652 que
325 3584 379 3637 in
432 3586 545 3640 Deo
593 3584 796 3639 ﬁducia
826 3592 911 3639 est
964 3601 1183 3659 magna,
1242 3601 1351 3640 non
1409 3585 1681 3640 immerito
1728 3585 1809 3639 eis

191 3686 350 3740 capra
381 3682 733 3743 comparatur
762 3681 817 3729 et
844 3690 1020 3748 agna;
1075 3673 1121 3728 si
1151 3688 1283 3728 vero
1324 3674 1381 3727 in
1420 3672 1501 3727 eis
1539 3688 1698 3727 mens
1726 3682 1810 3727 est

194 3761 379 3830 libera,
420 3774 475 3820 et
503 3781 632 3820 caro
686 3766 919 3836 captiva,
971 3781 1081 3821 non
1122 3766 1430 3840 incongrue
1469 3765 1579 3819 illis
1634 3765 1810 3820 activa

188 3852 293 3907 vita
323 3855 597 3912 similatur
627 3866 681 3912 et
713 3857 1154 3928 contemplativa.
1187 3857 1339 3912 Unde
1379 3864 1437 3911 ut
1466 3873 1609 3911 unus
1632 3856 1689 3910 in
1714 3871 1808 3911 oc-

191 3945 473 4004 casionem
491 3966 649 4021 agnm
673 3948 1013 4004 matcrialem
1040 3949 1284 4021 gladium
1302 3948 1600 4004 fortissime
1631 3951 1808 4003 vaEeat

197 4037 548 4118 distringere,
583 4044 723 4098 alius
754 4060 883 4100 vero
915 4061 1013 4114 pro
1064 4044 1440 4100 immolatione
1490 4059 1669 4114 caprae
1698 4044 1784 4113 spi

198 4126 375 4184 rituali
388 4134 576 4205 gladio
593 4133 979 4203 potentissime
992 4150 1053 4188 se
1066 4133 1564 4207 possitaccingere,
1579 4132 1805 4203 dignum

197 4228 299 4289 est,
348 4233 407 4280 ut
437 4245 535 4298 per
563 4228 921 4284 sacerdotalis
959 4245 1025 4283 ac
1065 4228 1228 4301 regiae
1284 4227 1566 4299 dignitatis
1618 4227 1807 4282 obser-

196 4315 429 4372 vantiam
513 4336 722 4375 sacram
784 4320 841 4373 in
907 4319 1236 4377 sacriﬁcium
1314 4319 1622 4375 Conditoris
1664 4334 1808 4372 unus

199 4398 384 4458 oﬁ‘erat
412 4423 633 4479 agnam,
667 4415 722 4463 et
752 4408 893 4463 alius
922 4425 1164 4480 capram.

1907 3305 1978 3359 sit
2026 3303 2315 3359 ambobus.
2378 3302 2515 3367 Quia
2562 3302 2710 3356 enim
2748 3308 2929 3356 turtur
2966 3300 3173 3354 amisso
3214 3298 3522 3370 conjugalis

1909 3400 2119 3471 copula:
2151 3399 2452 3464 consortio,
2478 3413 2578 3469 pro
2599 3406 2762 3453 cantu
2794 3398 3057 3472 gemitum
3090 3396 3271 3460 habet,
3305 3394 3523 3449 duobus

1910 3488 1996 3542 his
2021 3487 2152 3543 viris
2181 3503 2289 3542 non
2334 3487 2610 3542 immerito
2651 3486 2927 3557 coaequari
2958 3486 3121 3549 valet,
3154 3484 3412 3555 quoniam
3445 3483 3525 3536 di-

1908 3596 2077 3654 gnum
2106 3587 2195 3634 est
2224 3587 2284 3633 ut
2307 3580 2375 3645 si,
2406 3595 2505 3650 per
2536 3579 2760 3650 aliquod
2804 3576 3191 3642 infortunium,
3224 3576 3361 3630 alter
3393 3591 3520 3645 pcr-

1911 3671 2114 3726 diderit
2139 3672 2393 3737 alterum,
2416 3686 2529 3725 non
2553 3679 2771 3725 cantum
2796 3670 2927 3723 inde
2949 3669 3153 3723 debent
3171 3668 3395 3733 habere,
3425 3669 3522 3721 sed

1909 3764 2195 3839 gemitum.
2229 3762 2382 3816 Scire
2407 3762 2610 3815 etenim
2641 3761 2847 3815 debent
2876 3760 3006 3831 quia
3027 3766 3158 3813 tunc
3197 3774 3325 3811 vero
3358 3759 3411 3811 in
3442 3759 3523 3812 eis

1911 3855 2148 3910 charitas
2203 3854 2295 3908 illa
2325 3862 2593 3918 versatur,
2641 3852 2708 3906 de
2754 3868 2864 3923 qua
2892 3852 3100 3905 dictum
3143 3860 3251 3904 est:
3300 3851 3522 3904 Dilectio

1907 3947 2151 4015 prem-imi
2179 3946 2381 3998 malum
2410 3958 2521 3997 non
2564 3942 3020 4012 operatur(ﬂom.
3072 3940 3208 4010 xm),
3258 3940 3301 3992 si
3332 3938 3523 3993 frater-

1910 4055 2039 4093 num
2071 4037 2207 4092 illud
2262 4037 2684 4093 contubernium
2736 4036 2817 4089 eis
2886 4050 3235 4105 nequaquam
3268 4034 3521 4088 videatur

1911 4131 2284 4201 importunum
2317 4129 2387 4183 de
2417 4144 2526 4199 quo
2557 4128 2824 4198 scriptum
2867 4136 2980 4181 est:
3033 4129 3165 4180 Ecce
3216 4140 3381 4195 quam
3422 4125 3519 4178 bo-

1908 4235 2057 4283 num,
2098 4224 2146 4273 et
2202 4234 2366 4288 quam
2388 4218 2695 4286 jucundum
2725 4218 2975 4270 habitare
3016 4218 3218 4283 fratres
3270 4217 3327 4267 in
3355 4229 3522 4267 unum

1911 4308 2078 4377 (Psal.
2112 4306 2332 4377 cxxxn).
2368 4304 2572 4359 Taliter
2603 4304 2767 4377 igitur
2820 4320 2917 4375 pro
2951 4303 3266 4374 expiatione
3324 4317 3521 4371 corpo-

1909 4412 2050 4461 rum,
2083 4403 2137 4449 ct
2159 4394 2507 4465 respectione
2528 4393 2836 4447 animarum
2866 4393 2974 4447 duo
3006 4392 3058 4445 hi
3090 4391 3193 4446 viri
3224 4391 3364 4445 duos
3387 4389 3521 4445 offc-

267 4488 424 4562 Ergo,
451 4495 594 4550 sicut
614 4495 857 4551 evidenti
891 4478 1100 4553 τειίδηο
1124 4498 1237 4568 jam
1272 4496 1499 4551 relatum
1531 4500 1616 4549 est
1643 4489 1879 4557 nobisl)
1906 4493 2027 4538 rant
2067 4491 2323 4549 turtures,
2380 4488 2474 4536 aut
2541 4483 2679 4536 duos
2736 4480 2919 4551 pullos
2978 4478 3384 4543 columbarum,
3450 4479 3517 4545 si,

198 4577 427 4669 qualiter
456 4582 512 4635 in
545 4584 628 4637 his
658 4584 874 4639 duobus
899 4585 1030 4640 viris
1061 4602 1204 4661 agna
1229 4592 1283 4640 et
1302 4600 1467 4655 capra
1499 4582 1804 4637 mactandie

196 4663 369 4719 sintin
391 4669 721 4727 sacriﬁcium
740 4672 1081 4738 Conditoris;
1106 4674 1182 4728 ita
1194 4689 1340 4728 nunc
1355 4671 1705 4726 referendum
1721 4677 1806 4723 est

198 4752 368 4822 vobis,
390 4763 583 4827 paucis
634 4764 887 4818 versibus
940 4772 994 4819 et
1034 4765 1218 4821 verbis
1255 4763 1655 4834 compluribus,
1687 4778 1815 4834 qua.

199 4838 319 4897 liter
356 4848 524 4906 iidem
563 4855 674 4912 duo
719 4854 821 4909 viri
853 4857 1071 4913 duobus
1101 4858 1320 4913 valeant
1359 4855 1666 4927 comparari
1700 4865 1812 4912 tur-

1418 5424 1764 5434 .__———_—

1907 4575 2073 4629 totius
2104 4574 2323 4629 malitiae
2362 4588 2582 4629 veneno
2640 4590 2671 4626 a
2726 4571 2988 4627 cordibus
3036 4586 3226 4625 eorum
3271 4569 3518 4623 funditus

1905 4667 2193 4732 exhausto,
2233 4683 2355 4720 cum
2398 4666 2540 4718 alter
2592 4664 2819 4718 alterius
2858 4664 3155 4718 destitutus
3188 4669 3268 4715 est
3298 4661 3520 4729 solatio,

1916 4755 2119 4809 luctum
2159 4755 2262 4808 sibi
2298 4754 2502 4809 faciunt
2521 4769 2787 4807 amarum.
