4006 6198
370 275 502 332 1011

1357 265 1722 321 BERENGOSI
1764 264 2036 318 ABBA'l'lS
2079 264 2129 317 S.
2174 262 2415 316 ΜΛΧΙΜΙ
2459 261 2718 314 ΤιιΕνιιι.

3579 261 3743 316 1012

375 429 3714 459 MM

1165 586 2104 698 BEBENGOSI
2217 584 2916 691 ABBATIS

1574 866 2519 1007 SEBMONES

1410 1138 1747 1202 (Bibliotheca
1776 1138 2025 1199 Patrum,
2068 1143 2199 1188 tom.
2230 1134 2340 1197 XII,
2377 1150 2501 1207 pag.
2539 1133 2689 1201 376.)

917 1552 1134 1605 SERMU
1157 1550 1426 1608 PRIMUS.

884 1744 931 1777 IN
969 1741 1156 1777 NA’l‘ALl
1186 1740 1492 1778 MARTYRUM.

422 1875 477 1925 lu
505 1873 636 1927 illud
662 1873 858 1943 psalmi
876 1890 998 1926 Lvm
1028 1890 1040 1925 :
1062 1876 1222 1937 Deus,
1245 1873 1596 1941 repulistiuos
1613 1876 1661 1925 et
1678 1873 2001 1926 destruwt’sti

1062 1960 1178 2010 nos,
1218 1950 1322 1997 etc.

458 2093 592 2157 Quia
632 2094 895 2147 Dominus
927 2100 1112 2149 noster
1158 2094 1318 2149 Jesus
1343 2095 1605 2160 Christus,
1645 2094 1993 2150 dilectissimi

386 2182 597 2244 fratres,
632 2190 832 2237 nostra!
863 2184 1043 2237 carnis
1079 2183 1323 2253 suscepit
1357 2182 1753 2249 infirmitatem,
1782 2193 1844 2238 ut
1886 2184 1993 2237 ini-

386 2273 509 2327 mici
536 2290 565 2325 a
598 2273 757 2327 nobis
796 2274 1093 2343 expelleret
1134 2280 1485 2343 potestatem,
1517 2274 1834 2343 prOphetiea
1872 2274 1995 2328 sine

384 2368 551 2422 dubio
585 2375 812 2422 testatur
866 2369 1062 2434 oratio,
1095 2387 1216 2439 qua:
1268 2369 1470 2437 saipius
1515 2369 1654 2423 lecta
1708 2376 1789 2423 est
1847 2370 1991 2439 apud

385 2478 501 2523 vos,
535 2478 721 2530 quam,
757 2461 810 2513 in
852 2467 980 2531 typo
1012 2460 1281 2526 fidelium,
1324 2460 1489 2515 David
1521 2460 1647 2515 olim
1678 2460 1989 2529 proferens:

384 2557 541 2617 Deus,
603 2552 803 2623 inquit,
843 2553 1097 2621 γεραιέεεί
1132 2569 1226 2607 nos
1282 2557 1329 2606 et
1376 2554 1701 2607 destruxisti
1744 2570 1857 2606 nos.
1896 2552 1996 2606 Per

385 2647 528 2699 hunc
558 2644 765 2714 quippe
804 2643 994 2708 David,
1028 2645 1121 2715 qui
1182 2645 1236 2698 in
1269 2644 1423 2698 libris
1473 2644 1680 2716 Regum
1732 2644 1996 2714 plurimas

386 2734 642 2807 regiones
669 2733 818 2787 CtL‘dC
836 2739 889 2787 et
907 2732 1164 2787 incendio
1192 2733 1501 2787 debellasse
1540 2738 1811 2798 narratur,
1835 2748 1997 2787 verus

2018 1553 2071 1618 Α
2098 1549 2294 1609 xxvii):
2332 1544 2489 1598 aliter
2520 1559 2638 1607 eos,
2670 1544 2762 1613 qui
2804 1550 3085 1597 mutantur
3131 1544 3185 1596 in
3227 1543 3445 1609 melius,
3489 1545 3557 1598 de
3593 1546 3733 1615 qui-

2100 1640 2199 1691 bus
2228 1636 2530 1691 hicdicitur
2554 1654 2564 1687 :
2596 1640 2726 1689 Deus
2750 1636 3000 1704 repulisti
3017 1651 3133 1699 nos,
3159 1642 3207 1689 et
3234 1637 3568 1690 (lewtruzeisti
3597 1653 3728 1691 nos.

2101 1733 2226 1787 lllos
2256 1731 2401 1785 enim
2432 1730 2697 1784 destruxit
2729 1730 2793 1782 ad
2829 1729 3067 1795 ruinam,
3101 1746 3212 1784 non
3245 1730 3312 1783 ad
3346 1731 3726 1785 resurrectio-

2101 1840 2264 1890 nem;
2298 1823 2433 1876 istos
2460 1837 2587 1876 vero
2628 1822 2697 1875 ad
2729 1820 3146 1888 correctionem,
3194 1837 3303 1875 non
3343 1822 3412 1875 ad
3445 1822 3730 1891 perditio-

2100 1930 2244 1967 nem.
2308 1912 2452 1977 lllos,
2486 1919 2544 1965 ut
2576 1911 2629 1964 in
2678 1910 2878 1964 melius
2924 1925 3032 1965 non
3071 1918 3387 1974 mutentur;
3452 1911 3613 1978 istos,
3663 1920 3735 1965 ut

2098 2004 2439 2057 aediﬁcentur
2461 2008 2515 2055 et
2544 2007 2832 2055 sanentur.
2855 2000 2986 2055 lllos
3013 2002 3305 2066 destruxit,
3328 2007 3388 2054 ut
3409 2016 3530 2053 cum
3553 2000 3731 2055 Saulo

2094 2095 2427 2161 dejiciantur
2465 2093 2610 2162 (Act.
2646 2095 2741 2157 Ix),
2773 2091 2925 2155 istos,
2964 2095 3019 2142 ut
3043 2104 3165 2141 cum
3200 2087 3403 2142 Davide
3435 2087 3727 2161 erigantur

2095 2187 2325 2252 (ILReg.
2372 2186 2473 2251 ιιι).
2522 2181 2668 2245 illos,
2711 2188 2768 2233 ut
2821 2194 2943 2233 cum
3006 2190 3172 2231 uxore
3231 2175 3363 2231 Loth
3414 2175 3726 2246 respiciant

2094 2279 2272 2338 retro;
2330 2272 2463 2326 istos
2502 2276 2560 2324 ut
2619 2269 2687 2323 ad
2742 2264 3128 2338 puruitentiam
3188 2270 3532 2318 revertantur
3589 2280 3722 2318 cum

2095 2369 2275 2424 Petro.
2306 2368 2418 2421 Tali
2442 2366 2648 2437 quippe
2682 2363 2869 2429 modo,
2932 2368 2987 2416 et
3035 2361 3135 2414 hos
3160 2359 3542 2414 sanctissimos
3569 2360 3726 2415 viros

2099 2460 2298 2530 repulit
2322 2468 2376 2513 et
2404 2456 2692 2522 destruxit,
2722 2455 2944 2526 quando
2970 2469 3070 2524 per
3099 2452 3228 2505 iidci
3263 2452 3470 2518 lumen,
3505 2458 3561 2506 et
3589 2452 3732 2506 cha-

2098 2551 2273 2606 ritatis
2306 2550 2514 2623 ignem,
2547 2547 2629 2601 eis
2652 2546 2959 2601 clementer
2987 2544 3184 2610 illuxit,
3208 2552 3481 2613 quatenus
3514 2543 3727 2597 divina:

2099 2644 2413 2700 dilectionis
2468 2643 2597 2716 igne
2636 2639 2918 2706 succensi,
2973 2644 3241 2709 perpetuo
3301 2637 3380 2691 illi
3432 2637 3727 2692 adhaerent

2100 2732 2233 2807 igni,
2261 2733 2354 2803 qui
2380 2732 2547 2786 nullis
2570 2748 2808 2803 unquam
2837 2729 3240 2786 tentationibus
3271 2729 3476 2800 poterit
3503 2730 3721 2784 exstin-

384 2823 473 2875 ille
506 2821 837 2876 manufortis
866 2821 1026 2875 Jesus
1051 2820 1294 2875 Christus
1325 2820 1589 2875 Dominus
1607 2826 1795 2875 noster
1823 2820 1992 2890 spiri-
2016 2812 2068 2880 Β
2091 2825 2182 2896 gui
2210 2825 2425 2894 (Matth.
2460 2828 2647 2891 xxvn).
2707 2822 2927 2892 Repulit
2986 2821 3145 2877 etiam
3181 2837 3299 2886 eos,
3361 2826 3415 2874 et
3446 2820 3726 2877 destruxit

385 2912 604 2967 tualiter
633 2911 903 2984 signatur,
951 2912 1041 2982 qui
1078 2911 1134 2964 in
1176 2912 1321 2965 hunc
1350 2910 1618 2963 mundum
1648 2909 1899 2976 veniens,
1932 2919 1991 2964 ut

383 3005 553 3058 tilium
597 3021 626 3058 a
674 3011 827 3074 patre
858 3013 914 3059 et
954 3022 1151 3059 nurum
1198 3022 1227 3059 a
1268 3022 1426 3060 socru
1475 3005 1767 3070 divideret,
1809 3004 1991 3060 attulit

384 3098 564 3171 ignem
611 3114 721 3168 quo
746 3098 1089 3163 incenderet,
1123 3106 1177 3151 et
1215 3098 1481 3170 gladium,
1513 3113 1622 3168 quo
1668 3097 1943 3151 occideret
1973 3116 1986 3161 ;

382 3196 441 3242 ut
468 3204 587 3241 cum
622 3188 676 3241 in
707 3187 969 3243 cordibus
1002 3186 1268 3254 ﬁdelium,
1313 3203 1421 3242 non
1474 3187 1638 3250 ferro,
1697 3187 1795 3241 sed
1824 3186 1991 3241 verbo

383 3292 491 3330 non
522 3276 728 3347 gladio,
788 3277 884 3329 sed
939 3276 1134 3345 spiritu
1183 3276 1436 3330 vitiorum
1494 3276 1700 3331 faceret
1754 3285 1989 3348 stragem

383 3381 479 3436 per
501 3365 704 3419 amoris
734 3365 940 3436 ignem,
971 3365 1035 3419 ad
1069 3364 1634 3437 gemimedilectionis
1651 3381 1746 3420 cos
1774 3382 1995 3421 revoca-

381 3464 464 3511 ret
492 3472 836 3528 compagem.
865 3456 987 3509 llaec
1014 3456 1179 3529 igitur
1200 3456 1452 3511 vitiorum
1481 3466 1713 3531 strages,
1744 3465 1798 3513 et
1817 3459 1990 3515 virtu-

378 3559 492 3606 tum
533 3551 707 3604 series
748 3552 801 3605 in
843 3551 929 3604 his
976 3551 1339 3606 sanctissimis
1386 3553 1717 3623 martyribus
1770 3554 1985 3622 Christi,

379 3659 609 3716 quorum
653 3643 817 3698 hodie
851 3642 987 3697 festa
1015 3643 1266 3708 colimus,
1308 3644 1707 3713 perfectissime
1752 3646 1981 3711 claruit;

378 3737 619 3809 quando,
658 3737 842 3792 divina
874 3737 1174 3806 inspirante
1193 3738 1388 3809 gratia,
1432 3739 1672 3792 mundus
1701 3747 1756 3794 et
1782 3756 1983 3796 concu-

378 3828 648 3899 piscentia
679 3829 799 3898 ejus
820 3827 877 3881 in
917 3827 997 3881 eis
1028 3826 1277 3881 funditus
1306 3828 1534 3891 exaruit,
1581 3828 1653 3882 ita
1684 3835 1762 3894 ut,
1785 3847 1985 3899 pecca-

375 3916 446 3970 tis
497 3916 754 3971 omnibus
844 3916 899 3969 in
978 3916 1058 3969 eis
1110 3915 1437 3981 destructis,
1522 3931 1631 3970 non
1710 3918 1984 3976 immerito

376 4005 561 4058 dicere
620 4005 833 4074 possint
874 4004 1020 4057 inter
1094 4004 1261 4059 alios:
1348 4008 1485 4059 Deus
1551 4008 1803 4075 repulistt'
1865 4026 1982 4078 nos,

374 4100 422 4148 et
474 4094 797 4148 (testium-isti
856 4109 967 4147 nos.
1011 4094 1109 4157 Qui
1141 4092 1288 4148 enim
1336 4094 1391 4147 in
1437 4094 1631 4164 primis
1660 4097 1982 4165 parentibus

376 4185 576 4240 nostris
623 4185 827 4255 repulsi
880 4192 1009 4239 sunt
1072 4201 1101 4238 ιι
1154 4185 1265 4239 Deo
1348 4201 1446 4255 pro
1508 4185 1733 4241 traduce
1816 4204 1979 4259 pomo
2007 4177 2054 4202 υ

374 4281 525 4352 (Gen.
562 4281 664 4350 IlI),
706 4281 804 4335 hos
854 4281 908 4333 in
966 4280 1116 4353 ligno
1160 4280 1338 4335 crucis
1372 4290 1566 4349 postea
1610 4282 1772 4336 traxit
1823 4282 1890 4336 ad
1922 4300 1981 4337 se

373 4375 518 4429 idem
586 4375 730 4428 Deus
795 4381 849 4428 et
923 4375 1107 4428 homo.
1169 4373 1233 4426 Et
1299 4372 1423 4428 ideo
1473 4374 1564 4443 pia
1618 4374 1863 4444 repulsio
1929 4383 1982 4430 et

371 4475 600 4537 paterna
653 4466 969 4531 destructio,
1031 4481 1152 4538 quae
1213 4465 1293 4519 sic
1322 4465 1599 4520 hominem
1654 4466 1876 4537 repellit
1926 4476 1983 4523 ut

372 4563 625 4621 revocet;
700 4555 780 4610 sic
832 4553 1145 4620 mortiiicat,
1213 4561 1273 4608 ut
1326 4553 1598 4619 viviticet;
1668 4554 1748 4608 sic
1801 4556 1981 4611 humi-

369 4648 482 4712 liat,
542 4655 600 4702 ut
647 4648 868 4711 exaltet;
916 4647 996 4701 sic
1051 4646 1312 4713 destruit,
1356 4653 1414 4701 ut
1469 4644 1789 4701 reaediﬁcet.
1841 4648 1982 4702 Talis

369 4740 577 4811 quippe
604 4739 903 4795 destructio
939 4739 1107 4794 corda
1134 4738 1377 4793 fidelium
1410 4747 1464 4795 et
1492 4737 1783 4793 virtutibus
1805 4740 1974 4795 deco-

369 4842 467 4895 rat,
503 4839 607 4887 eta
631 4832 779 4886 vitiis
811 4838 1024 4905 purgat,
1059 4832 1126 4886 de
1158 4848 1266 4904 qua
1306 4832 1536 4887 dicitur:
1572 4833 1832 4902 Nunquid
1885 4836 1979 4903 qui

365 4928 563 4980 dormit
590 4941 696 4978 non
726 4925 951 4994 udjiciet
978 4930 1036 4979 ut
1074 4930 1323 4992 resurgat
1347 4923 1374 4976 ‘?
1405 4924 1569 4994 (Psal.
1604 4925 1710 4992 ιιι.)
1747 4924 1869 4979 Ηιιιε
1893 4934 1979 4980 est

366 5020 460 5074 illa
513 5019 835 5086 destructio,
899 5036 999 5090 per
1051 5035 1216 5090 quam
1254 5019 1398 5073 Deus
1462 5018 1561 5072 hos
1604 5018 1979 5074 sanctissimos

364 5109 512 5161 viros
542 5107 832 5175 destruxit,
866 5116 925 5163 ut
974 5108 1221 5175 Saulum,
1275 5115 1333 5162 ut
1376 5107 1430 5161 in
1472 5106 1669 5161 melius
1722 5114 1977 5172 mutaret,

368 5211 422 5256 ut
466 5201 715 5256 Paulum.
770 5202 895 5271 Qui,
938 5205 1039 5258 etsi
1074 5204 1129 5258 in
1192 5204 1369 5273 primo
1401 5202 1575 5257 aetatis
1619 5202 1774 5268 ﬂore,
1823 5203 1977 5272 quasi

364 5311 527 5351 mane
581 5295 814 5363 alicujus
867 5299 1111 5365 malitiae,
1179 5299 1418 5371 praedam
1502 5297 1796 5352 comedere
1852 5312 1976 5351 cum

363 5388 580 5444 Saulo:
631 5395 820 5456 postea
860 5400 1041 5446 tamen
1102 5392 1156 5445 in
1212 5390 1504 5463 prtesentis
1543 5390 1665 5443 vita:
1719 5388 1974 5459 vespere,

365 5474 631 5542 proximis
674 5473 786 5527 suis
836 5479 1009 5547 spolia
1038 5480 1285 5535 veritatis
1334 5479 1572 5534 divisere
1609 5494 1732 5533 cum
1783 5478 1970 5533 Paulo.

363 5562 471 5617 Sed
502 5571 691 5617 tamen
721 5559 875 5616 aliter
900 5566 1170 5622 dextruxit
1220 5585 1317 5623 eos
1356 5568 1500 5622 Deus
1548 5567 1616 5622 de
1649 5566 1854 5638 quibus
1886 5568 1968 5622 di-

366 5648 532 5702 citur:
597 5648 843 5703 Destrues
906 5667 988 5705 eos
1042 5659 1090 5707 et
1148 5671 1253 5709 non
1302 5657 1594 5723 cediﬁeabt’s
1649 5673 1732 5713 eos
1805 5658 1968 5727 (Psal.

2090 2915 2255 2985 (Psal.
2290 2916 2422 2985 xvr),
2455 2916 2678 2986 quando
2712 2916 2781 2968 de
2811 2912 3059 2968 tenebris
3086 2913 3155 2966 ad
3200 2912 3401 2977 lucem,
3441 2911 3509 2965 de
3537 2921 3725 2967 morte

2091 3008 2156 3061 ad
2189 3008 2373 3074 vitam,
2432 3023 2530 3062 sua
2585 3023 2680 3062 eos
2726 3007 2929 3076 pietate
2973 3004 3226 3069 reduxit;
3282 3012 3563 3075 quatenus
3618 3020 3724 3074 per

2094 3101 2270 3171 ipsum
2306 3100 2609 3155 liberentur
2639 3100 2706 3153 ab
2732 3098 2949 3153 inferno
2981 3096 3174 3153 mortis
3211 3103 3455 3161 aeternae,
3484 3095 3579 3167 qui
3614 3112 3720 3166 per

2096 3191 2446 3260 prophetam:
2480 3193 2608 3256 Ero,
2644 3189 2841 3260 inquit,
2870 3203 3013 3242 mors
3044 3192 3162 3252 tua,
3192 3202 3220 3240 ο
3246 3200 3424 3251 mors;
3454 3201 3544 3239 ero
3568 3200 3720 3240 mor-

2092 3298 2181 3336 sus
2213 3288 2361 3349 tuus,
2383 3284 2592 3349 inferne
2619 3282 2825 3349 (ibid.).
2861 3280 3104 3351 Repulit,
3139 3281 3386 3351 inquam,
3418 3292 3516 3333 eos
3535 3285 3589 3332 et
3615 3278 3719 3332 de-

2093 3376 2309 3441 struxit,
2337 3374 2562 3445 quando
2600 3375 2655 3428 in
2685 3374 2766 3428 eis
2795 3373 3096 3427 miriﬁcans
3115 3371 3524 3427 misericordias
3565 3388 3718 3438 suas,

2091 3467 2392 3521 secundum
2419 3466 2615 3520 lsaiam
2641 3484 2653 3519 :
2678 3466 2844 3531 Delct,
2868 3465 3046 3536 inquit
3067 3466 3402 3533 ,iniquitates
3424 3468 3543 3518 tuus
3562 3462 3714 3531 (lsai,

2089 3560 2291 3628 χχχιγῇ
2350 3566 2624 3629 quatenus
2685 3557 2777 3626 [in]
2824 3556 3113 3626 praisentis
3159 3555 3415 3609 Ecclesia:
3448 3569 3708 3625 pressura

2087 3666 2152 3705 eo
2184 3650 2398 3705 facilior
2429 3649 2535 3703 illis
2575 3664 2671 3718 pro
2705 3647 2913 3702 Christo
2971 3647 3154 3703 omnis
3194 3646 3475 3701 videretur
3533 3643 3713 3709 labor,

2087 3761 2197 3816 quo
2222 3744 2486 3799 continuo
2515 3744 2892 3817 subjungens:
2933 3745 3275 3797 Peccatorum
3332 3745 3568 3805 tuorum,
3628 3739 3713 3792 in-

2085 3842 2224 3913 quit,
2257 3857 2364 3895 non
2402 3840 2727 3893 recordabar
2761 3839 2965 3902 (Ezech.
3027 3836 3203 3906 xvm).
3256 3834 3477 3905 Repulit
3520 3848 3617 3888 eos
3656 3840 3711 3888 et

2085 3933 2378 3993 destruxit.
2407 3933 2630 4002 quando
2662 3931 2730 3985 ab
2773 3931 2855 3984 eis
2890 3930 3034 3985 sicut
3061 3929 3286 3989 nubem.
3320 3941 3541 3982 omnem
3567 3924 3702 3980 abs-

2084 4024 2208 4079 tulit
2248 4024 2616 4096 iniquitatem,
2644 4030 2838 4093 aptans
2867 4037 2965 4077 eos
2983 4020 3135 4076 omni
3166 4021 3336 4084 bono,
3367 4027 3429 4073 ut
3457 4018 3703 4073 facerent

2085 4118 2204 4185 ejus
2258 4115 2615 4171 voluntatem.
2677 4114 2899 4183 Repulit
2942 4119 2997 4168 et
3053 4111 3321 4166 destruxit
3359 4126 3455 4165 eos
3506 4109 3702 4164 Christi

2084 4209 2319 4263 charitas
2365 4207 2585 4270 invicta,
2641 4205 2865 4277 quando
2906 4205 3300 4273 conviviﬁcavit
3339 4216 3434 4256 eos
3462 4216 3582 4255 cum
3606 4202 3702 4256 illo

2083 4299 2279 4362 (Coloss
2333 4298 2412 4367 ιι),
2453 4297 2724 4350 damnans
2753 4294 2835 4348 eis
2873 4293 3058 4348 omnia
3100 4291 3319 4346 delicta.
3356 4288 3579 4361 Repulit
3603 4304 3701 4343 eos

2086 4398 2141 4446 et
2165 4387 2452 4455 destruxit,
2470 4386 2693 4460 quando
2723 4392 2782 4440 ut
2798 4382 3314 4439 immarcessibilem
3346 4380 3469 4435 vitae
3481 4386 3698 4434 aeterna:

2085 4482 2437 4553 perciperent
2485 4494 2743 4533 coronam
2805 4478 2855 4545 (Ι
2910 4479 3051 4530 Petr.
3091 4476 3158 4543 ι).
3220 4470 3693 4528 conversationem

2082 4576 2226 4629 inter
2252 4580 2447 4644 gentes
2474 4572 2785 4625 habuerunt
2810 4568 3035 4633 bonam,
3069 4573 3343 4638 quatenus
3381 4562 3684 4619 conﬁrmati

2081 4684 2178 4738 per
2206 4666 2434 4721 verbum
2466 4663 2560 4718 Dei
2601 4662 2711 4716 vivi
2750 4668 2804 4715 et
2835 4659 3237 4731 permanentis,
3270 4657 3636 4711 liberarentur
3665 4674 3693 4708 a

2079 4775 2211 4814 voce
2238 4755 2622 4826 exprobrantis
2649 4762 2702 4808 et
2731 4751 3103 4823 obloquentis.
3132 4749 3354 4820 Repulit
3380 4763 3478 4802 eos
3508 4754 3565 4800 et
3593 4746 3688 4800 de—

2078 4851 2273 4906 struxit
2311 4848 2535 4920 quando
2584 4845 2965 4917 unusquisque
3016 4859 3206 4899 eorum
3260 4840 3455 4895 dolore
3503 4838 3687 4894 cordis

2080 4943 2410 4998 intrinsecus
2458 4945 2656 5005 tactus,
2715 4952 2826 4992 non
2867 4936 3043 4991 solum
3100 4933 3319 4988 auditor
3348 4930 3528 4995 verbi,
3595 4931 3691 4984 sed

2080 5032 2240 5087 etiam
2273 5030 2445 5084 factor
2475 5037 2556 5082 est
2587 5027 2780 5081 factus.
2811 5025 2911 5089 Qui
2943 5024 3160 5096 quoties
3187 5022 3396 5077 vultum
3430 5019 3692 5073 nativita-

2082 5120 2154 5175 tis
2180 5136 2292 5173 sum
2323 5118 2521 5172 divina:
2552 5115 2693 5189 legis
2731 5111 3103 5169 consideravit
3129 5112 3185 5164 in
3220 5108 3473 5180 speculo,
3531 5107 3695 5162 toties

2082 5207 2491 5262 immaculatum
2523 5221 2582 5259 se
2630 5202 2927 5257 custodivit
2956 5202 3025 5255 ab
3056 5202 3161 5255 hoc
3189 5198 3413 5253 saeculo.
3474 5196 3697 5267 Repulit

2080 5313 2176 5352 eos
2205 5304 2259 5350 et
2286 5294 2576 5358 destruxit,
2611 5290 2831 5363 quando
2876 5289 3105 5361 spiritus
3144 5285 3474 5357 disciplinae,
3500 5285 3594 5355 qui
3620 5284 3696 5339 ef-

2078 5384 2214 5459 fugit
2254 5384 2509 5447 ﬁctum,a
2540 5379 2801 5436 cordibus
2840 5378 3056 5434 illorum
3086 5374 3377 5447 quodlibet
3418 5371 3693 5441 exstirpa-

2076 5475 2152 5529 vit
2203 5472 2497 5537 delictum;
2555 5474 2825 5541 quatenus
2881 5484 2912 5521 a
2970 5464 3237 5520 malorum
3290 5460 3692 5534 cogitationum

2205 5519 2494 5537 W..---___,
2561 5519 2818 5541 1__---,,_-
2889 5519 2908 5521 η
3094 5519 3099 5520 ,
3359 5519 3393 5534 υ

1991 5519 2049 5588 D
2075 5583 2141 5622 eo
2172 5564 2493 5638 diligentius
2520 5579 2579 5617 se
2609 5560 2953 5616 custodirent
2978 5556 3199 5621 affectu,
3245 5569 3356 5626 quo
3396 5552 3547 5607 idem
3580 5553 3695 5622 spi-

2074 5656 2210 5712 ritus
2274 5652 2522 5708 veritatis
2579 5649 2758 5705 aufert
2830 5664 2889 5702 se
2961 5664 2992 5700 a
3059 5641 3496 5719 cogitationibus
3568 5657 3693 5710 quae
