4006 6198
169 372 308 429 1013

1652 376 2020 432 SERMONES.

3363 380 3498 437 10M

168 500 296 549 sunt
351 494 475 548 sine
558 493 865 549 intellectu.
920 494 1143 565 Repulit
1216 512 1312 552 eos
1388 506 1441 553 et
1495 500 1785 567 destruxit,
1816 502 2049 571 ANovit
2091 501 2346 553 Dominus
2384 501 2494 553 dies
2543 501 3013 555 immaculatorum
3060 506 3227 573 (Psal.
3291 507 3494 572 XXXVI).

167 586 388 658 quando
454 586 837 657 unusquisque
921 586 1140 642 illorum
1211 589 1462 644 recolens
1519 591 1665 661 apud
1728 608 1787 646 se

165 678 312 750 quod
371 676 560 751 lingua
636 676 1010 747 imprudentis
1079 678 1370 735 subversio
1421 688 1510 735 est
1570 681 1785 752 ipsius,

160 769 437 840 applicare
519 784 577 823 sc
634 768 815 825 noluit
878 768 1270 839 imprudentia:
1347 772 1530 838 illius;
1582 780 1784 844 quate-

168 879 271 918 nus
301 878 399 934 per
442 863 624 933 ipsum
686 863 774 919 cui
832 864 1017 918 omnis
1058 864 1429 939 linguatorum
1485 869 1789 924 scurrilitas

165 960 248 1007 est
279 968 500 1024 semper
520 967 707 1019 exosa,
741 951 1074 1008 liberaretur
1104 971 1134 1009 a
1156 955 1319 1009 labiis
1355 956 1563 1028 iniquis
1592 964 1646 1012 et
1673 959 1787 1013 lin-

165 1057 273 1114 gua
302 1041 513 1096 dolosa.
545 1040 770 1112 Repulit
793 1056 889 1096 eos
922 1048 975 1097 et
1006 1042 1297 1108 destruxit,
1330 1045 1553 1115 quando
1582 1047 1783 1117 repleti

168 1132 616 1201 fructujustitize,
647 1131 860 1203 epulari
881 1133 1164 1189 noluerint
1194 1137 1251 1189 in
1275 1136 1536 1201 fermento
1564 1140 1787 1192 malitia:

167 1228 217 1277 et
245 1224 520 1293 nequitiae,
549 1222 662 1287 sed,
681 1228 1000 1293 contempto
1030 1224 1213 1293 potius
1232 1224 1784 1297 cibofalsitatis,epu-

167 1310 260 1366 lati
294 1318 423 1367 sunt
448 1313 509 1365 in
535 1313 742 1380 azymis
768 1314 1102 1367 sinceritatis
1132 1318 1181 1367 et
1203 1316 1450 1369 veritatis
1481 1314 1527 1384 (I
1559 1316 1678 1369 Cor.
1710 1316 1786 1368 ν.)

166 1403 388 1473 Repulit
414 1417 510 1457 eos
524 1411 578 1456 et
607 1402 900 1469 destruxit,
926 1403 1151 1473 quando
1170 1413 1229 1458 ut
1257 1406 1708 1475 apprehenderat
1728 1406 1780 1460 in

169 1491 250 1545 eis
289 1491 552 1545 messium
585 1490 894 1545 divinarum
934 1491 1128 1546 tritura
1179 1493 1536 1561 vindemiam,
1578 1494 1781 1565 Spiritu

163 1591 355 1639 sancto
410 1584 705 1639 uoluerunt
771 1584 976 1639 inferre
1052 1585 1481 1657 blasphemiam;
1545 1589 1783 1643 scientes

161 1673 420 1727 videlicet
450 1673 578 1744 quia
607 1673 831 1743 spiritus
895 1674 1084 1747 gloriae
1138 1675 1230 1729 Dei
1264 1692 1394 1731 vere
1451 1677 1505 1731 in
1558 1678 1653 1733 illo
1694 1694 1778 1732 re-

163 1765 420 1836 quiescit,
454 1765 547 1836 qui
592 1764 884 1819 Christiani
927 1766 1165 1821 nominis
1221 1783 1420 1823 nomen
1482 1786 1592 1824 non
1647 1787 1777 1825 eru-

164 1857 363 1911 bescit.
401 1856 620 1926 Repulit
675 1872 770 1911 eos
799 1862 854 1911 et
900 1856 1190 1923 destruxit,
1243 1861 1463 1930 quando
1513 1862 1634 1916 odio
1684 1862 1779 1916 ha-

165 1949 366 2002 bentes
396 1964 600 2003 omnem
628 1951 773 2002 viam
801 1951 1116 2019 iniquitatis
1171 1953 1337 2017 (Psal.
1389 1954 1592 2023 cxvm),
1641 1954 1780 2008 viam

167 2037 354 2106 potius
383 2036 601 2109 elegere
634 2037 911 2101 veritatis;
946 2037 1022 2090 illi
1055 2038 1314 2095 videlicet
1344 2041 1467 2095 sine
1499 2041 1779 2095 intermis-

162 2130 321 2184 sione
348 2131 722 2200 supplicantes
764 2130 949 2184 verbis
993 2140 1047 2185 et
1077 2146 1156 2196 re,
1206 2133 1274 2186 ad
1319 2149 1483 2204 quem
1534 2134 1778 2190 Psalmo-

158 2223 434 2293 graphus:
463 2224 643 2287 Viam,
675 2212 877 2293 inquit,
906 2225 1217 2293 iniquitatis
1238 2241 1415 2280 amove
1434 2242 1467 2279 a
1487 2242 1565 2280 me
1598 2227 1781 2295 (ibid).

162 2314 393 2384 Repulit
421 2329 517 2369 eos
547 2321 601 2368 et
654 2314 945 2382 destruxit,
978 2316 1198 2387 quando
1239 2317 1382 2372 utin
1431 2318 1512 2372 eis
1542 2319 1781 2373 caelestis

157 2406 451 2476 sapientim
476 2405 855 2476 requiesceret
904 2407 1211 2475 thesaurus,
1249 2409 1403 2477 juxta
1443 2417 1777 2480 prmceptum

153 2494 495 2550 Salomonis:
561 2495 680 2549 Non
738 2509 797 2549 se
837 2495 1173 2550 extollebant
1227 2498 1283 2550 in
1348 2498 1778 2569 cogitationibus

154 2584 359 2639 anima:
418 2601 552 2649 suae,
602 2585 750 2640 velut
822 2585 1134 2654 thesaurus,
1200 2603 1269 2642 ne
1333 2587 1470 2643 forte
1531 2589 1774 2644 illidere-

153 2684 248 2732 tur
314 2677 487 2731 virtus
546 2676 764 2732 illorum
814 2692 912 2747 per
972 2678 1258 2733 stultitiam
1319 2681 1500 2745 (Eccli.
1566 2684 1661 2748 vi),
1733 2683 1776 2734 si

154 2778 344 2819 amare
418 2764 769 2835 iniquitatem
841 2772 893 2819 et
968 2765 1152 2820 odisse
1219 2767 1541 2822 viderentur
1616 2769 1775 2838 justi-

147 2856 309 2911 tiam.
367 2855 586 2926 Repulit
649 2871 746 2911 eos
829 2863 882 2911 et
969 2857 1262 2926 destruxit,
1330 2860 1552 2930 quando
1607 2876 1777 2915 unus-

150 2947 395 3018 quisque
463 2947 679 3002 illorum
766 2964 866 3018 per
947 2948 1147 3005 divinae
1228 2950 1514 3004 charitatis
1564 2951 1779 3006 illectus

145 3059 423 3111 amorem,
485 3043 624 3097 dans
668 3044 919 3114 pauperi,
990 3060 1099 3099 non
1150 3045 1346 3115 recipit
1404 3052 1773 3115 peccatorem,

146 3136 340 3191 sciens
371 3135 636 3206 quoniam
662 3135 755 3206 qui
787 3135 1318 3206 benefeccritjusto,
1352 3137 1779 3194 invenietretri-

142 3225 437 3279 butionem
481 3233 525 3277 'a
575 3224 830 3279 Domino.
904 3225 1121 3295 Repulit
1192 3242 1289 3282 eos
1358 3234 1413 3281 et
1482 3227 1771 3293 destruxit,

146 3314 380 3385 quando
438 3313 568 3368 odio
617 3313 886 3368 habentes
930 3330 1153 3369 omnem
1193 3322 1468 3386 raptorem
1501 3324 1554 3371 ct
1608 3316 1769 3371 bilin-

147 3418 348 3477 guem,
404 3403 460 3457 in
526 3402 725 3472 seipsis
803 3402 970 3457 totius
1045 3403 1404 3459 detractionis
1456 3421 1519 3459 ac
1576 3404 1774 3459 furoris

142 3494 536 3551 exstinxerunt
579 3492 784 3565 ignem,
841 3492 1079 3547 scientes
1142 3493 1404 3548 videlicet
1452 3496 1581 3565 quia
1633 3495 1776 3549 sicut

142 3585 411 3644 confusio
429 3594 484 3640 et
514 3585 840 3656 poenitentia
869 3594 952 3639 est
991 3601 1158 3656 super
1197 3585 1398 3653 furem,
1432 3587 1505 3640 ita
1534 3596 1587 3641 et
1607 3588 1771 3642 devo-

142 3683 294 3737 ratio
324 3679 567 3752 pessima
608 3695 776 3750 super
816 3679 1149 3754 bilinguem.
1188 3680 1407 3751 Repulit
1446 3697 1543 3737 eos
1573 3689 1627 3735 et
1680 3682 1772 3736 de-

138 3766 374 3834 struxit,
406 3768 627 3838 quando
654 3769 1009 3839 possessione
1051 3769 1286 3834 virtutis,
1341 3778 1395 3824 et
1424 3769 1773 3841 depositione

142 3863 380 3917 malitiae
401 3863 619 3917 liberati
648 3881 682 3917 a
707 3869 944 3933 peccato,
985 3866 1129 3918 servi
1181 3864 1319 3930 facti
1372 3868 1499 3918 sunt
1540 3864 1775 3932 justitice

139 3956 327 4019 (Hom.
360 3955 456 4021 vr),
500 3969 623 4008 cum
665 3954 873 4023 populo
902 3952 1113 4008 scilicet
1143 3952 1236 4007 illo
1268 3952 1491 4024 gloriari
1525 3954 1778 4009 nolentes

138 4042 198 4095 in
222 4040 511 4108 malititia,
541 4041 611 4095 de
656 4057 765 4112 quo
796 4042 1000 4096 David:
1036 4043 1235 4109 Labor,
1278 4042 1479 4112 inquit,
1513 4047 1567 4097 in
1605 4044 1778 4098 medio

141 4133 297 4201 ejus,
358 4135 407 4184 et
445 4130 723 4199 injustitia
775 4133 943 4202 (Psal.
984 4132 1108 4200 Liv).
1155 4132 1375 4203 Repulit
1415 4148 1509 4188 eos
1564 4139 1619 4186 et
1682 4133 1781 4187 de-

138 4223 372 4287 struxit,
416 4221 641 4292 quando
664 4222 719 4275 in
741 4222 1001 4277 cordibus
1032 4238 1222 4278 eorum
1252 4240 1434 4279 sermo
1468 4224 1560 4277 ille
1589 4224 1781 4278 fructi-

145 4310 345 4365 ficavit
377 4310 657 4384 egregius,
689 4311 757 4364 de
798 4325 909 4381 quo
948 4311 1266 4380 Apostolus:
1321 4314 1438 4369 Non
1467 4317 1668 4379 regnet,
1703 4313 1780 4366 in-

139 4403 290 4475 quit,
314 4405 607 4473 peccatum
637 4404 695 4455 in
722 4405 893 4455 vestro
909 4403 1129 4455 mortali
1161 4417 1398 4471 corpore,
1432 4406 1489 4456 ut
1507 4401 1769 4455 obediatis

1893 592 2112 662 Repulit
2141 608 2238 647 eos
2263 598 2315 646 et
2346 592 2634 657 destruxit,
2667 593 2890 662 quando
2930 595 3212 662 cujusdam
3261 596 3363 650 viri
3401 613 3497 651 sa-

1890 684 2093 753 pientis
2148 684 2493 739 observando
2524 684 2800 749 mandata,
2842 685 3000 754 quasi
3032 701 3062 738 a
3111 686 3246 740 facie
3290 688 3498 743 colubri

1890 775 2079 850 fugere
2122 782 2363 847 peccata,
2407 792 2475 830 ne
2509 775 2728 829 illorum
2763 791 2862 844 per
2896 774 3082 830 omnia
3137 787 3503 847 sequerentur

1888 881 2103 921 errores
2141 866 2210 920 de
2248 865 2448 936 quibus
2493 864 2757 934 scriptum
2795 873 2906 918 est:
2936 864 3192 918 Gladium
3242 869 3504 932 euagina-

1887 966 2015 1015 runt
2043 964 2344 1029 peccatores
2380 959 2580 1028 (Ibid.).
2610 957 2733 1013 Haec
2770 964 2856 1012 est
2888 957 2981 1011 illa
3008 958 3329 1023 destructio,
3363 959 3498 1014 dile-

1887 1047 2115 1103 ctissimi
2145 1047 2363 1111 fratres,
2398 1062 2497 1116 per
2527 1062 2690 1116 quam
2722 1054 2991 1115 martyres
3020 1045 3109 1099 isti
3142 1047 3500 1114 sanctissimi,

1888 1138 2031 1191 inter
2068 1137 2275 1190 electos
2322 1144 2379 1189 et
2416 1134 2771 1189 circumcisos
2816 1134 3077 1188 destructi
3127 1145 3255 1188 sunt
3296 1141 3498 1205 patres,

1887 1225 2108 1296 quando
2165 1239 2262 1294 per
2291 1229 2619 1277 armaturam
2676 1223 2770 1276 Dei
2817 1221 2995 1276 induti
3044 1222 3271 1292 justitiaa
3310 1225 3499 1292 armis,

1885 1311 2190 1366 circumcisi
2250 1318 2379 1364 sunt
2421 1310 2843 1365 circumcisione
2897 1325 3006 1365 non
3052 1312 3383 1379 manufacta,
3443 1314 3499 1366 in

1886 1402 2259 1472 expoliatione
2291 1402 2538 1473 corporis
2569 1402 2769 1456 carnis.
2808 1403 2867 1456 Et
2896 1402 3022 1456 ideo
3046 1403 3175 1472 quia
3207 1403 3394 1457 nullus
3414 1405 3498 1457 vi-

1887 1496 2083 1551 tiorum
2127 1502 2438 1549 nostrorum
2496 1500 2676 1563 potest
2710 1493 2975 1563 repellere
3008 1495 3194 1556 chaos,
3250 1496 3356 1549 nisi
3412 1496 3499 1549 cui

1886 1603 1982 1656 pro
2010 1587 2305 1657 gratiarum
2346 1586 2559 1640 actione
2590 1584 2821 1639 dicitur:
2868 1589 3002 1639 Deus
3034 1588 3287 1655 repulisti
3318 1602 3412 1642 nos
3451 1592 3499 1642 et

1878 1681 2203 1733 dest-rumisti
2222 1694 2334 1745 nos,
2366 1678 2570 1732 idcirco
2586 1679 2857 1748 propheta
2875 1687 3297 1733 enumeraturus
3316 1679 3497 1733 adhuc

1883 1774 1937 1821 et
1968 1767 2074 1821 alia
2097 1766 2369 1821 beneﬁcia
2401 1767 2806 1836 Redemptoris,
2839 1766 3101 1820 continuo
3124 1766 3493 1821 subinl’erens.

1882 1864 2061 1916 Iratus
2083 1878 2158 1928 es,
2210 1859 2406 1932 inquit,
2441 1866 2490 1914 et
2520 1863 2771 1915 misertus
2811 1878 2862 1914 es
2895 1862 3050 1915 nobis
3104 1860 3142 1914 0
3174 1861 3251 1915 ira
3285 1861 3494 1915 miseri-

1885 1967 2005 2005 cors
2046 1958 2099 2005 et
2136 1949 2370 2004 salubris
2409 1949 2719 2022 indignatio
2768 1964 2866 2019 per
2918 1965 3082 2020 quam
3123 1948 3400 2004 fructuosa
3439 1950 3498 2003 ﬁt

1883 2045 2061 2099 omnis
2089 2043 2425 2099 infructuosa
2452 2044 2812 2098 conversatio.
2833 2044 2870 2098 0
2890 2044 2969 2098 ira
3003 2043 3338 2108 misericors,
3374 2061 3495 2115 quae

1883 2134 1962 2189 sic
2008 2134 2259 2189 irascitur
2306 2142 2366 2187 ut
2409 2132 2717 2199 subveniat,
2765 2133 2846 2186 sic
2898 2132 3140 2187 minatur
3178 2142 3236 2187 ut
3289 2142 3492 2203 parcat,

1883 2221 1961 2277 sic
2012 2221 2190 2276 aufert
2245 2229 2305 2276 ut
2356 2220 2627 2285 restituat,
2681 2220 2760 2274 sic
2820 2220 2986 2274 tradit
3036 2228 3094 2274 ut
3148 2221 3371 2290 eripiat,
3415 2221 3494 2275 sic

1883 2310 2118 2365 destruit
2145 2317 2203 2364 ut
2247 2309 2477 2371 muniat,
2520 2309 2598 2362 sic
2653 2309 2842 2375 objicit
2886 2318 2944 2362 ut
2976 2309 3223 2379 recipiat.
3257 2310 3294 2363 0
3326 2326 3489 2379 quam

1880 2400 2115 2455 salubris
2148 2400 2469 2471 indignatio,
2516 2416 2638 2470 quae
2671 2400 2751 2453 sic
2790 2400 2982 2454 avertit
3034 2407 3091 2453 ut
3132 2399 3379 2469 recipiat,
3412 2401 3493 2455 sic

1879 2492 2083 2550 claudit
2108 2502 2166 2549 ut
2194 2495 2429 2564 aperiat,
2481 2494 2557 2547 sic
2585 2494 2751 2565 exigit
2790 2500 2848 2547 ut
2900 2493 3158 2550 dimittat.
3192 2494 3271 2548 sic
3303 2494 3491 2561 dejicit

1879 2592 1936 2638 ut
1959 2584 2152 2658 erigat,
2186 2583 2264 2637 sic
2295 2583 2474 2653 perdit
2503 2591 2560 2636 ut
2583 2582 2844 2653 requirat,
2886 2582 2965 2636 sic
2995 2581 3195 2637 amittit
3221 2590 3277 2636 ut
3308 2591 3494 2638 custo-

1878 2677 2007 2730 diat.
2046 2675 2153 2729 Sed
2185 2691 2305 2746 quae
2361 2675 2432 2729 sit
2462 2676 2576 2728 haec
2606 2675 2685 2727 ira
2732 2673 2813 2726 vel
2856 2673 3187 2747 indignatio,
3224 2674 3493 2744 PrOpheta

1879 2772 2106 2819 testatur
2144 2764 2422 2837 egregius,
2474 2763 2568 2834 qui
2616 2773 2901 2833 utramque
2964 2762 3247 2817 evidenter
3313 2765 3492 2833 expri-

1882 2869 2065 2907 mens:
2097 2855 2208 2919 Ira,
2240 2852 2439 2923 inquit,
2484 2855 2541 2905 in
2588 2853 2970 2918 indignatione
3022 2852 3158 2919 eius,
3197 2856 3245 2905 et
3286 2855 3397 2906 vita
3435 2854 3494 2906 in

1881 2947 2151 3000 voluntate
2179 2945 2294 3013 ejus
2324 2945 2496 3014 (Psal.
2540 2942 2707 3013 χχιχ).
2748 2942 2909 3005 Quasi
2952 2942 3099 2996 enim
3142 2943 3217 2995 ira
3263 2944 3315 2996 in
3351 2943 3491 2997 indi-

1879 3039 2140 3113 gnatione
2188 3039 2306 3105 ejus
2336 3045 2601 3102 versatur,
2636 3036 2857 3108 quando
2892 3037 3077 3106 impiis
3120 3043 3173 3090 et
3216 3037 3495 3092 sceleratis

1877 3132 1957 3185 sic
1987 3130 2241 3185 irascitur
2270 3138 2329 3184 ut
2367 3145 2479 3184 non
2509 3130 2853 3183 misereatur.
2901 3129 3014 3183 Non
3057 3128 3188 3199 quia
3217 3129 3373 3184 irasci
3407 3130 3489 3183 vel

1875 3220 2008 3273 iram
2047 3219 2247 3273 habere
2297 3217 2569 3279 credatur,
2622 3217 2717 3270 sed
2773 3216 2901 3287 quia
2945 3216 3184 3283 objectio
3244 3217 3363 3284 ejus
3402 3218 3488 3271 vel

1877 3311 2182 3384 indignatio
2236 3311 2476 3365 humano
2529 3324 2680 3363 more
2724 3308 2803 3362 ira
2883 3308 3195 3363 vocabatur.
3248 3308 3309 3361 Et
3368 3308 3492 3363 ideo

1876 3403 2015 3457 sicut
2044 3402 2126 3456 ira
2156 3403 2209 3456 in
2235 3401 2619 3476 indignatione
2647 3401 2785 3469 ’ejus
2814 3417 2961 3455 mors
3009 3408 3091 3454 e~t
3120 3408 3491 3470 peccatorum,

1878 3496 1951 3549 ita
1980 3502 2034 3548 et
2067 3496 2117 3549 in
2151 3495 2431 3549 voluntate
2473 3493 2591 3560 ejus
2624 3492 2735 3546 vita
2757 3508 2877 3546 esse
2911 3492 3152 3546 creditur
3193 3507 3493 3545 converso-

1878 3603 1992 3642 rum
2026 3586 2284 3657 quoniam
2325 3586 2390 3640 ad
2429 3586 2535 3639 hoc
2590 3600 2685 3638 eos
2717 3584 2809 3653 qui
2857 3589 3252 3636 convertuntur
3302 3583 3369 3636 ad
3403 3599 3497 3637 cor

1875 3674 2126 3729 humiliat
2155 3686 2208 3728 et
2255 3674 2535 3737 sublimat,
2566 3672 2695 3743 quia
2735 3687 2848 3726 non
2879 3672 2994 3725 vult
3023 3679 3254 3725 mortem
3305 3688 3499 3740 pecca-

1876 3770 2027 3835 toris,
2061 3769 2159 3823 sed
2192 3776 2250 3822 ut
2288 3776 2639 3822 convertatur
2690 3773 2744 3819 et
2794 3765 2956 3819 vivat.
3003 3764 3108 3818 Sed
3143 3775 3328 3818 tamen
3383 3765 3498 3819 haec

1877 3859 1956 3912 ira
1980 3858 2089 3913 Dei
2131 3866 2185 3912 et
2217 3859 2324 3912 alio
2353 3856 2516 3911 modo
2544 3856 2690 3923 justa
2714 3854 2835 3922 ejus
2858 3852 3100 3907 vindicta
3123 3852 3349 3915 dicitur,
3371 3867 3494 3920 quae

1879 3947 2136 4018 praesenti
2163 3945 2366 4000 smeulo
2396 3959 2745 4014 nequaquam
2780 3940 3077 4011 perﬁcitur,
3104 3940 3200 3993 sed
3233 3939 3287 3992 in
3310 3939 3495 3993 futuro

1882 4039 2066 4110 potius
2104 4039 2225 4092 sine
2256 4035 2638 4091 misericordia
2698 4034 2751 4087 in
2783 4049 2878 4088 eos
2926 4032 3017 4103 qui
3060 4030 3492 4085 misericordiam

1882 4143 1993 4182 non
2024 4127 2274 4181 fecerunt
2314 4122 2636 4195 plenissime
2682 4120 3018 4193 perlicietur,
3051 4118 3272 4189 quando
3311 4117 3365 4171 in
3393 4117 3497 4170 im-

1881 4218 1986 4289 piis
2025 4226 2078 4272 et
2131 4215 2515 4288 peccatoribus
2571 4214 2897 4286 sanguinem
2944 4226 3226 4265 servorum
3270 4224 3493 4263 suorum

1882 4307 2196 4362 ulciscetur.
2227 4306 2378 4360 Sicut
2400 4304 2549 4358 enim
2577 4311 2705 4358 tunc
2755 4302 2811 4355 in
2849 4301 2974 4354 filiis
3005 4298 3213 4354 diaboli
3253 4297 3498 4352 caelestis

1871 4391 1966 4453 ira:
1992 4398 2262 4467 judicium
2295 4378 2617 4465 implebitur
2641 4410 2965 4465 supernum,
2993 4392 3215 4462 quando
3245 4389 3483 4443 audituri

136 4469 603 4561 concupiscentiis
655 4490 771 4559 ejus
812 4488 983 4560 (Rom.
1028 4491 1119 4558 v1).
1181 4469 1404 4560 Repulit
1459 4505 1555 4545 eos
1585 4497 1640 4544 ct
1684 4488 1774 4543 dc-
1796 4469 1850 4535 ι)
1877 4496 2003 4541 sunt
2028 4486 2217 4557 impii:
2253 4486 2515 4541 Discedite
2541 4502 2575 4538 α
2603 4501 2703 4550 me,
2727 4483 3026 4547 maledicti,
3050 4483 3107 4535 in
3136 4483 3313 4547 ignem
3337 4484 3492 4532 mter-

132 4584 372 4650 struxit,
395 4580 615 4654 quando
643 4586 863 4635 terrena
883 4596 948 4634 ex
972 4579 1188 4653 integro
1216 4579 1538 4634 deserentes
1562 4594 1772 4643 curam,

141 4673 454 4749 pecuniam
494 4687 647 4726 suam
690 4685 802 4727 non
834 4671 1109 4726 dederunt
1159 4671 1227 4724 ad
1258 4686 1500 4737 usuram,
1552 4688 1622 4724 ne
1654 4669 1776 4740 quis

138 4773 378 4828 illorum
407 4767 586 4839 plebis
613 4767 762 4822 illius
794 4781 1013 4838 poenam
1058 4765 1331 4821 incideret
1367 4765 1538 4832 solus,
1572 4765 1642 4819 de
1670 4781 1777 4835 qua

138 4859 363 4916 David:
407 4859 530 4915 Non
577 4857 791 4923 defecit,
832 4856 1034 4927 inquit,
1069 4856 1135 4909 de
1158 4857 1352 4925 plateis
1391 4854 1509 4924 ejus
1538 4869 1705 4909 usura
1728 4858 1777 4907 et

137 4955 311 5010 dolus
363 4948 533 5019 (Psal.
576 4948 699 5016 Liv).
737 4947 961 5017 Repulit
989 4962 1086 5002 eos
1137 4954 1192 5002 et
1226 4946 1522 5012 destruxit,
1556 4944 1777 5016 quando

140 5045 473 5103 recolentes
503 5042 648 5112 apud
679 5058 739 5095 se
772 5041 920 5113 quod
956 5040 1139 5096 omnis
1166 5047 1422 5110 peccator
1449 5047 1531 5094 est
1560 5039 1780 5094 invidus

139 5150 199 5196 et
228 5134 528 5208 bilinguis,
565 5133 974 5190 communicare
1000 5132 1267 5188 nolebant
1294 5132 1561 5203 epcribus
1587 5148 1778 5187 eorum

140 5229 433 5304 indignis,
479 5244 548 5283 ne
606 5227 893 5298 perﬁdiam
950 5227 1165 5283 illorum
1208 5229 1395 5299 lingua
1441 5227 1783 5281 imitarentur

140 5337 471 5388 venenosa,
499 5320 568 5376 de
609 5321 810 5392 quibus
838 5321 1143 5390 PrOpheta:
1176 5321 1365 5375 Locuti
1397 5326 1538 5385 sunt,
1581 5318 1779 5389 inquit,

141 5420 452 5474 adversum
479 5429 562 5468 me
595 5414 783 5480 lingua
808 5413 997 5467 dolosa
1029 5412 1198 5481 (Psal.
1233 5411 1406 5482 cvm).
1434 5411 1650 5480 Repulit
1688 5426 1783 5465 eos

144 5517 206 5567 et
251 5505 537 5563 destruxit
574 5504 795 5575 quando
848 5504 902 5557 in
942 5505 1128 5560 divina
1170 5520 1290 5559 cum
1330 5504 1440 5557 illis
1489 5519 1782 5558 conversa-

146 5602 375 5655 bantur
404 5592 636 5657 theoria,
661 5592 862 5662 quibus
890 5592 1119 5647 dicitur:
1156 5595 1306 5648 Beati
1336 5593 1673 5646 immaculati
1728 5596 1784 5646 in

143 5694 246 5745 via
279 5685 461 5755 (Psal.
497 5681 703 5751 cxvm),
735 5688 795 5735 ut
835 5681 976 5735 inter
1021 5682 1148 5736 illos
1205 5681 1540 5751 quandoque
1574 5697 1787 5736 merce—

150 5782 295 5834 dem
334 5769 692 5840 perciperent
730 5767 999 5833 laborum,
1031 5770 1101 5822 de
1135 5768 1340 5838 quibus
1370 5768 1633 5837 scriptum
1664 5779 1783 5822 est:

1876 4597 2002 4635 num
2059 4580 2270 4648 (Matth.
2328 4596 2471 4644 xxvi,
2535 4578 2608 4631 ita
2677 4578 2730 4630 in
2789 4577 2983 4630 electis
3043 4583 3097 4628 et
3172 4574 3335 4641 justis
3392 4572 3498 4626 im-

1880 4672 2017 4743 pleri
2046 4673 2212 4726 debet
2242 4670 2620 4725 misericordia
2667 4669 2784 4734 Dei,
2828 4668 3049 4739 quando
3090 4665 3330 4719 audituri
3369 4672 3496 4717 sunt

1874 4766 2047 4835 justi:
2115 4767 2314 4831 Venite,
2377 4764 2636 4816 benedicti
2680 4761 2864 4814 Patris
2928 4761 3032 4813 mei
3088 4758 3292 4827 (Ibid).
3351 4756 3498 4810 llanc

1879 4857 2045 4931 igitur
2074 4872 2262 4910 vocem
2315 4854 2432 4908 Filii
2476 4854 2593 4918 Dei,
2645 4859 2912 4923 martyres
2948 4851 3035 4904 isti
3089 4847 3389 4903 beatissimi
3433 4848 3472 4900 N

1882 4965 1991 5004 non
2012 4947 2285 5002 immerito
2322 4946 2658 5017 quandoque
2684 4960 2807 4998 cum
2841 4941 3032 4996 electis
3054 4941 3261 4994 debent
3282 4938 3493 5002 audire,

1883 5041 1975 5112 qui
2033 5040 2085 5094 in
2130 5039 2265 5109 ipsis
2321 5038 2450 5093 olim
2490 5080 2503 5103 ,
2564 5054 2684 5108 quae
2749 5034 2832 5089 vel
2894 5043 3098 5104 quanta
3156 5032 3224 5086 sit
3281 5032 3355 5085 ira
3411 5031 3525 5085 vel

1885 5132 2267 5188 misericordia
2318 5131 2532 5185 Domini
2588 5129 2843 5184 solebant
2896 5128 3041 5180 bene
3093 5124 3327 5179 vivendo
3366 5140 3497 5177 scn—

1884 5227 2014 5292 tire;
2076 5239 2196 5295 quae
2259 5223 2426 5277 David
2495 5220 2755 5275 nobisin
2812 5217 3125 5288 exemplum
3181 5231 3502 5287 prOponcns

1884 5322 2086 5376 divinae
2127 5318 2531 5374 miserationis:
2586 5319 2767 5370 Iratus
2822 5329 2895 5378 es,
2965 5312 3162 5383 inquit,
3214 5317 3263 5366 et
3313 5314 3503 5366 miser-

1884 5417 1969 5465 tus
2025 5424 2076 5463 es
2129 5409 2281 5461 nobis
2338 5406 2519 5475 (Psal.
2572 5404 2776 5474 χχχιχ).
2824 5401 2985 5465 Quasi
3017 5402 3164 5456 enim
3213 5400 3382 5454 iratus
3421 5407 3503 5452 est

1885 5497 2013 5552 huic
2067 5495 2441 5550 sacratissimo
2497 5500 2793 5563 martyrum
2863 5491 3052 5555 choro,
3107 5488 3325 5559 quoties
3381 5502 3503 5540 car-

1886 5589 1973 5642 nis
2006 5586 2324 5640 inﬁrmitate
2353 5584 2629 5654 peccavit;
2665 5583 2943 5644 misertus,
3004 5580 3225 5650 quando
3256 5577 3500 5644 seipsum

1889 5675 2147 5746 lacrymis
2178 5674 2519 5744 paenitentiae
2562 5682 2684 5742 post
2726 5670 2931 5742 flagitia
2965 5668 3266 5723 mundavit.
3297 5666 3500 5725 Iratus,

1890 5766 2112 5837 quando
2143 5765 2570 5835 snperstitiones
2594 5765 2763 5817 totius
2789 5762 2990 5815 erroris
3021 5761 3075 5813 in
3104 5773 3168 5811 eo
3192 5751 3496 5813 destruxit;
