4006 6198
392 230 530 283 1015

1370 222 1730 279 DERENGOSI
1774 220 2039 273 ABBATIS
2080 221 2132 273 S.
2180 220 2414 275 MAXIMI
2457 222 2722 277 TREVIR.

3566 235 3731 290 1016

390 358 666 421 misertus,
699 357 918 426 quando
970 356 1019 409 ei
1075 356 1260 409 lumen
1303 371 1446 409 vera-3
1486 352 1615 407 ﬁdei
1648 359 1701 406 et
1755 348 2075 420 veritatisA
2103 348 2171 403 de
2212 364 2322 419 quo
2365 349 2664 405 Salomon:
2715 353 2840 417 Iter,
2880 351 3080 424 inquit,
3121 356 3338 412 devium
3384 360 3609 416 deducit
3648 366 3733 418 ad

390 447 584 502 illuxit.
626 448 797 501 Iratus
823 456 908 501 est
942 448 991 501 ei
1034 446 1198 502 etiam
1234 447 1395 509 Deus,
1429 446 1473 500 si
1525 444 1744 515 quando
1798 444 1852 495 in
1891 455 1998 495 uno

389 543 663 607 przecepto
686 536 969 591 charitatis
990 536 1289 604 offendens,
1317 538 1497 605 factus
1524 538 1600 589 est
1623 535 1860 587 omnium
1880 545 2000 584 reus

388 632 521 703 (Jac.
553 634 609 702 ιι)
635 649 649 697 ,
674 631 932 686 misertus
958 633 1178 702 quando
1203 632 1380 685 eidem
1433 630 1690 684 studebat
1716 628 1998 682 adhaerere

390 723 662 789 charitati,
681 740 803 794 qua:
825 740 928 777 non
950 725 1148 791 gaudet
1168 740 1331 793 super
1361 725 1672 791 iniquitate,
1704 720 2001 787 congaudet

389 826 564 872 autem
593 820 814 873 veritati
854 820 900 882 (Ι
934 820 1052 875 Cor.
1096 824 1233 886 xui).
1291 819 1483 883 Iratus,
1517 817 1561 871 si
1619 816 1862 887 quando,
1894 831 2000 886 pu-

392 908 540 978 pillis
604 924 714 963 non
789 918 904 962 erat
960 908 1295 971 misericors,
1350 915 1412 961 ut
1467 913 1663 978 pater;
1716 906 1997 968 misertus,

391 998 612 1071 quando
643 999 1036 1053 misericordize
1065 998 1331 1069 operibus
1378 999 1635 1052 misertus
1675 1004 1757 1051 est
1810 1012 1998 1051 eorum

393 1089 567 1161 magis
600 1104 764 1159 quam
796 1096 991 1141 mater.
1030 1087 1222 1150 Iratus,
1265 1088 1310 1140 si
1351 1088 1594 1157 quando,
1637 1087 1784 1157 quod
1839 1086 1999 1146 absit,

391 1200 486 1239 ore
526 1182 823 1253 praeferens
849 1180 1159 1247 falsitatem,
1193 1182 1357 1235 corde
1379 1197 1486 1235 non
1516 1179 1757 1234 habebat
1802 1180 1999 1233 verita-

393 1277 499 1321 tem
524 1286 537 1330 ;
573 1269 848 1334 misertus,
873 1269 1095 1339 quando
1118 1268 1503 1324 conventicula
1525 1268 1813 1322 declinans
1840 1266 2000 1321 falla-

391 1357 560 1423 cium,
598 1357 862 1411 adversus
893 1356 1112 1411 fratrem
1154 1373 1312 1411 suum
1354 1357 1529 1412 noluit
1556 1373 1740 1410 amare
1774 1355 1998 1409 menda-

392 1452 554 1506 cium.
594 1454 783 1514 Iratus,
817 1453 1110 1522 siquando
1150 1453 1333 1507 animo
1375 1453 1594 1507 fervens
1629 1452 1999 1517 contentioso,

390 1549 577 1596 contra
616 1548 952 1612 praeceptum
1010 1542 1340 1608 Salomonis,
1374 1558 1497 1596 cum
1544 1542 1660 1596 viro
1704 1540 2003 1594 ambulavit

392 1635 597 1690 furioso
630 1640 787 1706 (Prov
838 1636 1005 1703 xxv);
1049 1636 1326 1700 misertus,
1360 1636 1581 1707 quando
1629 1634 1897 1689 obediens
1924 1634 2006 1687 ei-

393 1726 516 1779 dem
564 1727 682 1781 viro
714 1726 948 1781 facundo
990 1726 1167 1781 noluit
1225 1744 1345 1781 esse
1390 1727 1601 1782 amicus
1640 1726 1849 1780 homini
1904 1727 2003 1780 ira-

392 1817 597 1873 cundo.
632 1818 807 1871 Iratus
836 1817 879 1870 si
913 1817 1134 1887 quando
1167 1816 1557 1871 misericordia:
1598 1815 1861 1887 operibus
1898 1832 2002 1870 nec

393 1912 502 1965 Deo
542 1910 832 1963 amabilem
886 1925 986 1964 nec
1015 1911 1428 1984 congregationi
1459 1927 1762 1981 pauperum
1791 1926 1847 1965 se
1872 1909 1999 1964 fecit

393 2001 667 2056 affabilem
690 2018 704 2065 ;
729 2002 1010 2066 misertus,
1036 2002 1258 2073 quando
1288 2018 1383 2072 per
1408 2018 1650 2057 amorem
1671 2003 1775 2057 vivi
1803 2008 1856 2057 et
1881 2019 2000 2073 per-

394 2092 670 2147 manentis
703 2091 855 2145 verbi
900 2092 1149 2147 liberavit
1196 2108 1319 2147 eum
1362 2093 1456 2164 qui
1510 2094 1761 2162 injuriam
1809 2110 2000 2164 passus

394 2191 497 2249 est,
523 2185 591 2238 de
616 2200 779 2238 manu
803 2185 1049 2255 superbi.
1085 2186 1257 2240 Iratus
1301 2187 1344 2240 si
1378 2186 1597 2258 quando
1626 2188 2005 2242 innocentium

395 2272 707 2343 despiciens
734 2281 959 2339 sortem,
1002 2289 1111 2329 non
1142 2275 1285 2329 eruit
1314 2290 1410 2329 eos
1440 2277 1533 2346 qui
1564 2275 1908 2331 ducebantur
1937 2276 2002 2330 ad

394 2368 659 2428 mortem;
693 2362 970 2427 misertus,
1004 2364 1225 2434 quando
1258 2382 1355 2434 per
1385 2365 1547 2421 bona}
1574 2366 1809 2421 actionis
1841 2367 2004 2421 meri-

396 2460 504 2507 tum
545 2452 685 2507 eruit
724 2469 821 2507 eos
851 2453 945 2523 qui
980 2453 1341 2508 trahebantur
1371 2455 1438 2509 ad
1472 2456 1770 2511 interitum.
1809 2459 1998 2520 Iratus,

393 2541 436 2594 si
465 2542 709 2612 quando,
737 2551 1080 2613 postponens
1102 2544 1431 2599 sententiam
1457 2546 1785 2613 Salomonis,
1819 2547 1998 2618 proxi-

394 2633 497 2688 mis
520 2635 634 2688 suis
661 2635 900 2689 rcddidit
930 2636 1072 2689 mala
1105 2652 1201 2707 pro
1232 2637 1394 2692 bonis
1416 2641 1585 2707 (Prov.
1618 2643 1778 2710 XVII);
1808 2641 2003 2695 miser-

394 2731 501 2793 tus,
541 2726 765 2795 quando
798 2733 1133 2797 praeceptum
1186 2728 1547 2797 apostolicum
1603 2731 1769 2785 corde
1820 2746 2003 2801 prose-

391 2830 567 2884 quens
605 2814 830 2883 invicto,
863 2830 973 2870 non
1014 2816 1255 2871 reddidit
1304 2818 1504 2872 malum
1566 2835 1664 2889 pro
1710 2821 1872 2886 malo,
1914 2822 2000 2876 vel

392 2906 746 2961 maledictum
804 2921 903 2977 pro
961 2907 1255 2962 maledicto
1295 2912 1343 2974 (Ι
1392 2913 1532 2965 Petr.
1595 2914 1673 2981 ιι).
1722 2913 1913 2979 Iratus,
1956 2914 2000 2967 si

389 2998 610 3069 quando
642 2998 859 3053 illorum
900 2999 1142 3054 imitatus
1171 3008 1257 3053 est
1310 3002 1634 3072 nequitiam,
1677 3005 1745 3059 de
1799 3005 2002 3075 quibus

390 3089 659 3160 scriptum
739 3097 859 3144 est:
932 3092 999 3145 Os
1081 3094 1364 3147 stultorum
1447 3096 1633 3148 ebullit
1714 3098 2004 3151 stultitiam

391 3181 565 3244 (Prov.
600 3181 726 3249 xv);
771 3180 1049 3246 misertus,
1100 3182 1321 3251 quando
1380 3182 1597 3238 illorum
1639 3192 1865 3240 secutus
1922 3193 2004 3241 est

387 3267 715 3336 sapientiam
745 3268 813 3321 de
847 3266 1049 3337 quibus
1080 3269 1345 3340 scriptum
1372 3277 1489 3325 est:
1530 3273 1745 3341 Lingua
1784 3278 2003 3345 sapien-

390 3357 521 3408 tium
546 3360 700 3408 ornat
749 3357 1030 3409 scientiam
1057 3357 1233 3426 (ibid)
1268 3359 1459 3425 Iratus,
1503 3360 1546 3414 si
1582 3362 1802 3432 quando
1857 3365 2001 3420 obli-

390 3456 476 3499 tus
505 3444 839 3500 inﬁrmitatis
865 3446 1138 3514 humanae,
1173 3449 1420 3504 misereri
1462 3452 1640 3507 noluit
1668 3455 1719 3508 ei
1750 3456 1842 3526 qui
1877 3473 2001 3531 ege-

390 3538 480 3591 bat
528 3552 703 3607 pane;
746 3537 1004 3593 misertus
1047 3542 1268 3609 quando
1310 3542 1388 3595 illi
1421 3545 1669 3613 proximo
1714 3545 1999 3605 dimiserat

389 3644 587 3698 panem
621 3644 804 3698 suum,
838 3630 905 3684 de
956 3647 1067 3702 quo
1110 3632 1345 3687 Veritas:
1380 3635 1592 3703 Frange
1640 3636 1836 3708 inquit,
1877 3656 1999 3694 esu-

386 3719 549 3773 rienti
586 3736 783 3788 panem
822 3725 971 3776 tuum
1010 3723 1137 3792 (Isa.
1182 3723 1349 3793 mu).
1395 3725 1590 3789 Iratus,
1647 3727 1692 3780 si
1751 3730 1993 3798 quando,

386 3813 532 3881 quod
554 3812 716 3882 absit,
758 3814 892 3868 lucri
927 3815 1242 3886 temporalis
1281 3826 1522 3885 exactor,
1564 3820 1806 3876 cmlestis
1844 3824 1993 3878 verbi

384 3902 556 3956 factus
584 3910 667 3957 est
696 3903 936 3971 auditor,
964 3913 1018 3959 et
1050 3920 1159 3960 non
1192 3905 1390 3973 factor;
1440 3909 1719 3976 misertus,
1748 3914 1990 3982 quando,

385 4010 485 4049 nec
506 3996 821 4070 margaritas
852 3997 945 4051 Dei
980 4000 1183 4067 porcis,
1218 4016 1402 4072 neque
1440 4003 1674 4057 canibus
1704 4005 1841 4059 dans
1865 4022 1992 4061 san-

382 4092 527 4138 ctum
561 4083 733 4139 factor
768 4095 884 4140 erat
923 4086 1098 4152 verbi,
1141 4097 1196 4141 et
1224 4103 1331 4142 non
1364 4089 1585 4144 auditor
1614 4098 1845 4150 tantum.
1883 4095 1991 4149 Ira-

381 4186 491 4245 tus,
545 4178 591 4231 si
646 4179 869 4248 quando
921 4178 1238 4233 divitiarum
1288 4181 1500 4235 illarum
1552 4182 1857 4240 delectatus
1910 4199 1994 4244 est

380 4266 656 4332 onere,de
686 4266 891 4336 quibus
921 4267 1186 4337 scriptum
1229 4275 1343 4324 est:
1379 4271 1596 4324 Divitiae
1643 4274 1694 4326 si
1733 4274 1987 4342 afﬂuant,

377 4363 538 4416 nolite
580 4377 673 4417 cor
710 4377 975 4430 apponere
1013 4364 1180 4430 (Psal.
1239 4364 1371 4433 LXI);
1431 4364 1710 4433 misertus,
1767 4368 1988 4439 quando

376 4454 530 4508 dives
563 4452 689 4519 ﬁde,
718 4460 773 4508 et
800 4470 1012 4524 pauper
1034 4469 1222 4521 sensu,
1249 4455 1505 4524 parvulus
1530 4465 1646 4512 erat
1676 4459 1901 4525 malitia,
1934 4470 1989 4516 et

376 4546 653 4616 perfectus
680 4562 868 4601 sensu.
913 4546 1104 4613 Iratus,
1161 4547 1205 4600 si
1249 4549 1469 4619 quando
1517 4550 1779 4606 adversus
1824 4556 1988 4610 verba

375 4651 664 4705 pravorum
698 4635 949 4703 inermis,
1005 4644 1195 4691 contra
1223 4647 1557 4709 praeceptum
1592 4641 1855 4710 Apostoli,
1899 4660 1991 4698 se-

372 4724 570 4780 ductus
614 4730 699 4778 est
770 4724 1028 4779 inanibus
1064 4725 1248 4779 verbis
1290 4727 1507 4797 (Ephes.
1553 4730 1627 4800 ιιι)
1644 4748 1661 4793 ;
1716 4730 1990 4795 misertus,

369 4817 613 4889 quando,
647 4833 746 4888 per
778 4817 950 4872 divini
984 4818 1259 4873 sermonis
1293 4819 1729 4890 incomparabile
1759 4822 1992 4914 donum,

370 4907 553 4979 decipi
590 4923 701 4964 non
734 4908 914 4979 potuit
956 4910 1013 4963 in
1049 4910 1388 4965 sublimitate
1419 4928 1761 4971 sermonum.
1804 4907 1995 4985 Iratus,

368 5001 411 5053 si
443 5000 667 5071 quando
699 5002 1042 5072 pauperibus
1069 5002 1124 5056 in
1146 5002 1422 5058 hilaritate
1456 5005 1703 5059 misereri
1734 5008 1912 5063 noluit
1942 5015 1997 5065 et

371 5103 471 5141 sua
501 5088 585 5140 eis
616 5089 907 5157 partiendo
934 5106 1045 5146 non
1080 5092 1392 5163 condoluit;
1451 5093 1734 5162 misertus,
1770 5097 1992 5166 quando

369 5192 466 5230 sua
493 5191 594 5248 pro
625 5176 840 5234 Christo
881 5180 1236 5245 distribuens,
1300 5189 1511 5239 nomen
1540 5200 1698 5238 suum
1754 5185 1807 5239 in
1848 5187 1988 5243 libro

368 5270 492 5325 vita:
523 5285 645 5324 cum
672 5269 780 5323 illis
796 5274 1003 5343 optavit
1026 5276 1252 5343 ascribi,
1278 5277 1372 5347 qui
1390 5277 1460 5331 de
1486 5293 1610 5345 suo,
1634 5278 1781 5349 quod
1818 5279 1987 5335 habe-

368 5358 523 5428 bant,
568 5358 838 5417 miserunt
890 5370 1073 5433 partes
1104 5367 1205 5432 eis,
1259 5367 1352 5436 qui
1401 5383 1510 5421 non
1542 5379 1988 5439 praeparaverunt

366 5449 494 5503 sibi.
548 5448 746 5509 Iratus,
792 5449 835 5501 si
866 5452 1086 5520 quando
1125 5455 1181 5506 in
1223 5454 1424 5509 itinere
1481 5456 1699 5510 illorum
1756 5457 1875 5525 ivit,
1916 5458 1988 5513 de

368 5538 572 5607 quibus
598 5533 861 5601 scriptum
891 5548 1003 5592 est:
1029 5547 1136 5595 Iter
1156 5547 1455 5614 impiorum
1482 5548 1690 5615 peribit
1720 5549 1879 5618 (Psal.
1914 5550 1982 5621 1);

370 5628 652 5686 misertus,
684 5627 901 5690 quando
932 5628 1144 5684 itineris
1176 5633 1325 5687 illius
1355 5636 1728 5693 declinaverat
1752 5647 1980 5708 sortem,

2028 1768 2079 1835 B

2028 3042 2076 3109 C

2100 441 2320 492 mortem
2360 440 2534 504 (Prov.
2568 438 2700 505 xm).
2756 439 2914 493 Unde
2953 441 3082 511 quia
3130 444 3258 499 talis
3316 446 3418 513 ira,
3474 455 3746 521 tantaque

2101 528 2479 584 misericordia
2537 530 2831 597 Creatoris,
2874 531 3146 589 beneﬁcia
3204 536 3555 595 solummodo
3599 552 3737 595 sunt

2101 619 2302 675 divinae
2334 621 2694 695 dignationis,
2740 624 2945 680 idcirco
2972 641 3077 680 vox
3120 635 3420 700 martyrum
3460 632 3745 688 immotis-

2100 714 2237 767 sima
2272 729 2382 768 non
2443 715 2719 771 immerito
2750 724 2805 772 et
2862 732 2985 772 cum
3026 718 3269 774 Ecclesia
3329 723 3495 778 dicit:
3551 727 3742 779 Iratus

2100 821 2172 871 es,
2205 810 2254 859 et
2282 808 2532 860 misertus
2564 823 2614 862 es
2643 809 2812 863 nobis.
2857 809 2895 863 Ο
2923 810 3004 863 ira
3043 811 3377 880 misericors,
3414 822 3470 869 et
3510 816 3734 871 incom-

2102 893 2362 964 parabilis
2397 894 2802 963 misericordia,
2858 912 2982 967 quae
3025 898 3093 951 ab
3133 901 3396 956 omnibus
3435 904 3586 958 vitiis
3633 905 3741 960 hu-

2103 1005 2262 1044 mana
2282 1005 2501 1060 semper
2538 994 2801 1046 emundat
2840 995 3176 1064 praecordia!
3210 1014 3306 1068 per
3331 1017 3501 1070 quam
3522 1018 3730 1071 pecca-

2106 1084 2191 1133 tor
2229 1078 2490 1133 invitatur
2520 1081 2587 1133 ad
2617 1081 2856 1149 veniam,
2890 1084 3073 1153 justus
3103 1086 3169 1140 ad
3201 1088 3387 1155 vitam,
3428 1099 3638 1161 martyr
3664 1092 3740 1145 ad

2106 1167 2364 1237 palmam,
2418 1168 2703 1224 confessor
2745 1171 2815 1225 ad
2847 1172 3115 1246 gloriam!
3149 1175 3267 1230 Non
3303 1177 3451 1230 enim
3500 1179 3743 1233 misere-

2105 1261 2211 1320 tur,
2264 1256 2368 1309 nisi
2431 1256 2716 1326 irascatur,
2750 1259 2846 1329 qui
2889 1260 2959 1314 ob
3000 1262 3107 1316 hoc
3156 1264 3308 1333 prius
3365 1265 3642 1324 irascitur.
3676 1278 3741 1323 ut

2104 1352 2293 1416 postea
2325 1348 2673 1406 misereatur.
2711 1350 2989 1406 Praevenit
3019 1354 3164 1408 enim
3201 1355 3302 1423 ira,
3360 1368 3424 1411 ut
3469 1369 3745 1429 sequatur

2104 1442 2509 1507 misericordia;
2544 1446 2813 1514 praevenit
2844 1447 3105 1517 lacryma,
3147 1458 3206 1504 ut
3237 1459 3503 1522 sequatur
3541 1455 3739 1518 venia;

2107 1534 2376 1600 praevenit
2413 1534 2559 1604 ι)ωηί
2580 1536 2769 1602 lentia,
2805 1545 2863 1591 ut
2893 1547 3160 1609 sequatur
3190 1540 3565 1615 indulgentia;
3591 1562 3745 1615 prae-

2105 1630 2255 1684 venit
2300 1631 2634 1699 humiliatio,
2691 1641 2751 1688 ut
2800 1645 3067 1706 sequatur
3123 1639 3412 1705 exaltatio;
3468 1644 3745 1713 przevenit

2105 1719 2404 1787 confessio,
2447 1729 2787 1794 utsequatur
2815 1726 3109 1793 remissio,-
3174 1731 3439 1798 praevenit
3479 1733 3723 1799 vocatio,

2103 1815 2162 1863 ut
2188 1810 2833 1879 sequaturjustiticatio;
2868 1816 3129 1884 praevenit
3153 1817 3501 1886 justiﬁcatio,
3543 1828 3602 1874 ut
3630 1838 3730 1875 se-

2099 1910 2298 1974 quatur
2317 1906 2662 1977 gloriticatio.
2695 1908 2831 1973 Quos
2862 1912 3003 1963 enim
3039 1913 3249 1965 vocavit
3276 1913 3368 1968 hos
3426 1919 3475 1969 et
3507 1915 3720 1983 justiﬁ-

2098 1997 2280 2061 ca-vit;
2364 2002 2412 2050 et
2477 2014 2607 2066 quos
2678 1999 3006 2068 justiﬁcavit
3072 2003 3192 2057 illos
3266 2008 3315 2058 et
3391 2006 3735 2073 gloriﬁcavit

2100 2088 2276 2154 (Rom.
2317 2088 2453 2159 vm).
2491 2089 2551 2142 Et
2606 2090 2752 2156 ideo,
2787 2092 2880 2162 qui
2922 2100 3178 2162 peccator
3233 2106 3337 2162 est,
3379 2104 3504 2170 agat
3550 2100 3734 2169 paeni-

2109 2176 2355 2244 tentiam,
2398 2184 2457 2231 ut
2480 2176 2849 2248 justiﬁcetur;
2887 2181 2979 2251 qui
3028 2197 3157 2238 vero
3192 2185 3395 2254 justus,
3443 2186 3726 2254 justitiam

2107 2267 2287 2321 adhuc
2332 2276 2607 2336 exerceat,
2640 2276 2696 2324 ut
2731 2270 3094 2343 gloriﬁcatur.
3148 2273 3438 2330 Praemissa
3480 2295 3727 2350 namque

2107 2372 2257 2425 pura:
2313 2357 2679 2412 confessionis
2729 2358 2972 2415 efﬁcacia
3037 2363 3240 2419 occidit
3297 2373 3609 2436 peccatum,
3672 2378 3731 2424 et

2103 2444 2282 2498 oritur
2341 2446 2535 2518 gratia,
2577 2452 2817 2518 tuncque
2866 2457 3124 2518 peccator
3178 2453 3415 2523 quilibet
3472 2471 3571 2525 per
3622 2457 3732 2511 hoc

2105 2549 2255 2586 mare
2298 2550 2557 2607 magnum
2608 2542 2662 2589 et
2722 2536 3026 2606 spatiosum
3086 2541 3345 2612 navigare
3399 2542 3619 2599 videtur
3669 2545 3730 2599 in

2104 2633 2285 2695 portu,
2320 2627 2543 2696 quando
2569 2636 2695 2682 ante
2726 2630 2918 2685 oculos
2947 2631 3067 2699 Dei,
3097 2641 3154 2688 et
3177 2644 3461 2703 peccatum
3491 2637 3612 2705 ejus
3639 2647 3726 2692 est

2105 2719 2160 2772 in
2183 2734 2403 2786 occasu,
2439 2729 2493 2774 et
2527 2722 2722 2795 gratia,
2753 2740 2862 2794 qua
2894 2724 3177 2794 liberatur,
3211 2727 3266 2781 in
3297 2737 3442 2784 ortu.
3485 2731 3576 2785 Sic
3619 2733 3726 2806 igi-

2106 2821 2191 2866 tur
2216 2813 2342 2866 dum
2373 2822 2660 2883 peccatum
2701 2816 2921 2882 cadere,
2962 2825 3024 2884 et
3051 2821 3224 2891 gratia
3260 2821 3315 2875 in
3371 2822 3536 2877 nobis
3593 2826 3727 2880 oriri

2104 2901 2342 2967 videtur,
2377 2903 2531 2973 quasi
2588 2905 2731 2959 Deus
2782 2906 2943 2962 nobis
3006 2909 3260 2965 irascitur
3314 2920 3369 2965 et
3406 2912 3723 2981 miseretur,

2106 2993 2254 3064 quia,
2297 2994 2439 3048 sicut
2491 3004 2612 3065 post
2650 3003 2872 3051 ventum
2926 3000 3180 3070 sequitur
3221 3002 3425 3072 pluvia,
3457 3004 3562 3060 u'sic
3600 3016 3727 3076 post

2108 3081 2241 3135 iram
2275 3082 2525 3153 sequitur
2566 3084 2944 3140 misericordia
3006 3087 3111 3143 Per
3136 3090 3295 3159 cujus
3325 3092 3727 3149 misericordize

2105 3187 2274 3242 opera
2301 3181 2568 3244 martyres
2602 3175 2690 3229 isti
2742 3178 3074 3233 sanctissimi
3123 3180 3347 3236 liberari
3387 3199 3446 3237 se
3486 3185 3727 3255 postula—

2104 3271 2301 3316 verunt
2331 3280 2361 3317 a
2408 3264 2573 3318 totius
2605 3265 2869 3336 nequitia:
2905 3267 3071 3334 malo,
3122 3269 3191 3323 de
3234 3270 3437 3341 quibus
3462 3272 3718 3328 Psalmo-

2102 3353 2384 3425 graphus:
2440 3355 2839 3408 Misericordia:
2898 3359 3113 3411 Domini
3168 3361 3229 3412 in
3275 3364 3533 3415 aeternum
3581 3377 3721 3416 can-

2103 3445 2222 3497 tabo
2276 3445 2443 3511 (Psat.
2506 3446 2785 3516 Lxxxvui).
2832 3447 2961 3512 Quae
3017 3448 3183 3503 etiam
3233 3450 3364 3504 alibi
3411 3452 3729 3509 evidentius

2101 3531 2281 3585 adhuc
2308 3531 2623 3601 exprimens
2652 3532 2797 3586 idem
2855 3534 3063 3590 Psaltes
3094 3538 3384 3611 egregius:
3417 3541 3728 3596 Miseratio-

2098 3640 2211 3690 nes,
2227 3625 2422 3694 inquit,
2445 3625 2563 3693 ejus
2587 3642 2759 3696 supra
2785 3631 2965 3682 omnia
2984 3644 3146 3699 opera
3186 3646 3302 3699 ejus
3323 3633 3484 3700 (Psal.
3517 3642 3722 3703 cxuv).

2101 3715 2163 3769 Et
2187 3715 2381 3770 merito
2420 3717 2645 3788 quidem
2678 3718 3060 3774 misericordia
3090 3722 3307 3777 Domini
3354 3740 3523 3795 super
3552 3741 3721 3781 omne

2097 3823 2236 3877 opus
2261 3807 2562 3874 extollitur,
2606 3825 2705 3878 per
2735 3827 2897 3881 quam
2930 3827 3120 3867 servus
3164 3813 3304 3868 liber
3333 3815 3591 3883 efﬁcitur,
3615 3819 3721 3873 de-

2094 3897 2225 3950 bilis
2256 3896 2506 3969 erigitur,
2558 3898 2784 3953 humilis
2822 3900 3109 3968 exaltatur,
3152 3904 3422 3973 superbus
3455 3906 3717 3962 humilia-

2097 3993 2205 4053 tur,
2235 3985 2436 4040 surdus
2477 3986 2651 4055 audit,
2703 3997 2887 4044 mutus
2918 3989 3180 4061 loquitur,
3213 3993 3440 4049 claudus
3469 4004 3720 4064 curatur,

2095 4079 2348 4135 inﬁrmus
2380 4087 2626 4147 sanatur,
2662 4098 2839 4138 cmcus
2869 4084 3229 4153 illuminatur,
3260 4087 3509 4158 leprosus
3552 4107 3721 4146 mun-

2094 4176 2275 4244 datur,
2306 4182 2558 4230 mortuus
2584 4177 2896 4242 suscitatur,
2949 4194 3095 4233 mare
3150 4180 3393 4247 sedatur,
3423 4197 3725 4251 possessus

2093 4284 2123 4321 a
2153 4267 2403 4321 dmmone
2434 4266 2720 4322 liberatur.
2752 4269 2877 4323 Hinc
2926 4279 3010 4323 est
3040 4269 3133 4324 illa
3163 4271 3566 4339 misericordia,
3619 4293 3723 4345 per

2095 4377 2255 4432 quam
2286 4360 2431 4414 idem
2464 4367 2765 4431 martyrum
2807 4377 2938 4434 grex
2968 4362 3037 4416 ab
3074 4364 3333 4418 omnibus
3382 4364 3532 4420 vitiis
3557 4383 3720 4422 mun-

2094 4451 2252 4507 datus
2281 4460 2367 4507 est
2396 4470 2426 4508 a
2459 4455 2598 4520 Deo;
2628 4455 2721 4526 qui
2766 4456 2834 4511 de
2858 4472 2918 4510 se
2951 4473 3049 4527 per
3085 4457 3415 4527 Pr0phctam
3441 4459 3716 4531 loquens:

2092 4544 2542 4612 Misericordiam,
2577 4546 2774 4617 inquit,
2834 4563 3006 4601 meam
3046 4563 3154 4602 non
3205 4549 3521 4618 dispergam
3558 4552 3630 4604 ab
3660 4569 3718 4606 eo

2094 4635 2254 4704 (Psal.
2299 4635 2568 4703 Lxxxvm).
2613 4634 2713 4688 Per
2742 4651 2904 4706 quem
2955 4653 3103 4691 nunc
3131 4637 3295 4691 etiam
3342 4655 3373 4691 a
3405 4641 3709 4708 praesentis

2094 4724 2279 4779 saeculi
2312 4732 2471 4779 nocte
2500 4724 2796 4780 translatus
2828 4741 2861 4779 a
2891 4726 3002 4780 Deo
3042 4727 3094 4780 in
3125 4726 3355 4798 gloriam
3390 4744 3570 4796 suam,
3600 4745 3714 4785 non

2099 4817 2371 4872 immerito
2395 4816 2444 4870 ei
2498 4816 2681 4871 dicere
2712 4824 2924 4888 potest:
2988 4819 3258 4873 Emaltaoo
3286 4834 3444 4873 mane
3495 4823 3715 4876 miseri-

2100 4907 2342 4962 cordiam
2371 4910 2520 4959 tuam
2549 4906 2707 4974 (Psal.
2742 4907 2869 4971 1.1x).
2925 4905 3003 4958 Ad
3052 4907 3193 4960 hanc
3242 4907 3447 4978 quippe
3498 4908 3719 4963 miseri-

2098 4999 2338 5054 cordiam
2364 5010 2714 5067 nequaquam
2741 5001 2929 5066 posset
2959 4995 3335 5065 perveniendo
3355 4996 3569 5064 venire,
3611 4999 3719 5053 nisi

2095 5088 2241 5160 quod
2275 5086 2427 5157 prius
2450 5084 2876 5139 commotionem
2916 5083 3159 5139 caelestis
3187 5092 3447 5154 expertus
3486 5093 3573 5141 est
3598 5087 3711 5142 irae.

2095 5183 2222 5247 Quae
2278 5187 2571 5252 postquam
2611 5179 2666 5233 in
2705 5178 2872 5233 corde
2919 5180 3092 5250 ipsius
3142 5178 3408 5234 vitiorum
3464 5181 3712 5236 omnium

2090 5273 2380 5328 sedaverat
2426 5278 2640 5343 stagna,
2716 5269 2898 5324 statim
2968 5286 3068 5341 per
3131 5271 3571 5327 misericordiam
3618 5273 3711 5327 Dei

2090 5367 2229 5422 facta
2254 5371 2339 5419 est
2375 5362 2746 5434 tranquillitas
2788 5378 3006 5436 magna.
3040 5362 3148 5417 Sed
3193 5379 3316 5435 qua:
3366 5364 3437 5419 sit
3492 5365 3574 5419 ira
3629 5367 3714 5420 vel

2091 5456 2471 5513 misericordia
2517 5454 2757 5511 caelestis
2795 5470 2978 5510 sermo
3028 5456 3389 5527 propheticus
3420 5467 3506 5512 est
3536 5459 3713 5513 testis.

2084 5550 2258 5614 Quem
2294 5547 2338 5600 si
2374 5546 2442 5600 ad
2476 5546 2798 5601 memoriam
2831 5545 3129 5618 diligenter
3169 5547 3548 5602 revocaveris:
3582 5549 3715 5604 Cum

2084 5645 2261 5696 iratus
2294 5679 2309 5704 ,
2371 5637 2598 5708 inquit,
2653 5638 2828 5703 fueris
2895 5637 3278 5693 misericordiae
3331 5638 3713 5693 recordaberis
