4006 6198
350 365 487 420 1019
1324 371 1690 427 BERENGOS]
1735 373 1988 427 ABBATI!

2156 374 2400 430 ΜΛΧΙΜΙ
2437 365 2700 459 ΤΗΕνιβ.
3542 364 3692 421 1020

349 496 616 547 noverunt
652 498 948 561 peccatores
1006 494 1169 564 (Psal.
1226 499 1438 568 xxxvr).
1483 498 1739 553 Tetendit
1797 500 1963 554 etiam
1991 506 2039 572 Α
2064 516 2205 573 gens
2233 501 2327 555 illa
2353 498 2631 572 quondam
2679 492 2941 549 caecitatis
2981 506 3243 562 percussa
3284 498 3369 545 est
3405 490 3684 545 deformi-

351 597 534 635 arcum
566 582 733 649 hunc,
767 598 866 652 per
902 598 1065 654 quem
1097 585 1302 640 Novum
1361 585 1772 641 Testamentum
1804 603 1967 643 voca-
2069 599 2198 659 tate,
2234 608 2334 663 pro
2388 607 2497 662 qua
2556 588 2768 643 Eliseus
2798 584 2866 639 ad
2929 582 3252 638 Dominum:
3312 588 3549 648 Percute,
3594 584 3662 636 ob

354 683 439 726 tur
471 680 524 726 et
548 674 730 740 Vetus,
764 676 989 745 quando
1019 677 1074 730 in
1102 678 1223 750 lege
1250 681 1463 736 Domini
1487 682 1856 736 meditabatur
1876 682 1967 736 die
2066 698 2235 748 secro,
2292 680 2491 752 inquit,
2544 680 2784 738 Domine,
2830 678 3039 742 gentem
3092 676 3230 730 hanc
3285 676 3521 727 comitate
3590 674 3688 739 (ιν

352 777 416 814 ac
453 768 612 816 nocte
667 762 970 833 inquietus,
1030 781 1098 819 ne
1163 766 1365 822 inlidus
1402 776 1798 848 ‘pcrcuteretur
1837 786 1966 824 arcu
2068 774 2196 839 Reg.
2253 771 2344 840 vr).
2417 767 2790 824 Contritiones
2850 779 3042 819 eorum
3101 762 3335 827 sanavit,
3394 762 3490 833 qui
3551 777 3686 829 quos

356 853 502 907 illius
532 854 781 926 maligni,
815 854 884 909 de
918 872 1028 927 quo
1068 859 1326 929 scriptum
1374 868 1484 915 est:
1534 863 1743 916 Arcum
1785 868 1963 917 conte-
2060 866 2271 918 vocavit
2300 864 2392 917 hos
2435 866 2483 915 et
2520 859 2850 929 justiﬁcavit
2889 857 3059 927 (Rom.
3097 867 3236 924 vui);
3287 854 3549 926 quoniam
3582 871 3688 924 per

355 950 463 1010 νει,
528 951 577 999 ει
628 949 928 1014 confringet
983 965 1159 1016 arma,
1219 956 1268 1004 et
1332 958 1484 1007 scuta
1531 954 1796 1008 comburat
1848 956 1966 1021 igni
2066 953 2249 1023 ipsum
2276 951 2399 1007 etin
2430 950 2548 1020 ipso
2577 946 2823 1002 mundati
2850 952 2979 1000 sunt
3013 945 3083 1000 ab
3127 945 3279 1000 omni
3310 944 3474 999 sorde
3516 943 3691 999 vitio-

356 1041 522 1105 (Psal.
557 1042 702 1108 xcv).
761 1041 961 1095 Taliter
1009 1044 1216 1113 quippe
1260 1052 1523 1116 martyres
1580 1046 1669 1100 isti
1730 1048 1965 1103 sanctis-
2068 1060 2209 1107 rum,
2232 1046 2330 1113 qui
2356 1047 2516 1097 sanat
2531 1042 2786 1096 contritas
2815 1039 2992 1103 corde,
3023 1043 3071 1092 et
3103 1038 3297 1104 alligat
3333 1038 3686 1092 contritiones

357 1127 482 1180 simi
522 1128 706 1182 verbis
761 1129 999 1184 cmlestis
1045 1132 1229 1203 gladio
1280 1134 1539 1188 commoti
1572 1141 1699 1189 sunt
1750 1143 1804 1189 et
1833 1151 1970 1190 con-
2069 1151 2247 1191 eorum
2267 1136 2434 1202 (Psal.
2467 1134 2665 1203 cxcvr).
2692 1132 2844 1187 Unde
2874 1131 3003 1202 quia
3026 1130 3235 1185 sanatis
3260 1129 3694 1185 contritionibus

2068 1234 2406 1289 sanctorum,
2436 1240 2536 1294 per
2564 1225 2761 1279 multas
2815 1222 3188 1276 tribulationes
3227 1235 3312 1274 eos
3360 1224 3563 1289 oportet
3605 1220 3691 1271 in-

2070 1321 2216 1367 trare
2244 1316 2303 1366 in
2328 1328 2554 1381 regnum
2581 1312 2833 1366 caelorum
2863 1310 3009 1377 (Act.
3052 1308 3184 1378 xxv),
3208 1307 3415 1362 idcirco
3438 1307 3689 1378 prophe-

2074 1409 2126 1458 ta
2152 1403 2440 1457 declarans
2471 1411 2674 1473 quanta
2698 1401 2847 1471 passi
2876 1400 2990 1454 sint
3019 1398 3075 1452 in
3110 1397 3397 1469 praesentis
3426 1396 3689 1451 Ecclesia:

359 1514 455 1566 per
477 1498 839 1569 PrOphetam:
873 1502 1202 1569 Simulacra,
1236 1504 1436 1576 inquit,
1478 1510 1737 1574 gentium,
1768 1524 1970 1576 αγρεη-
2074 1507 2351 1563 pressura,
2383 1491 2643 1545 continuo
2683 1488 3063 1544 subinferens:
3122 1487 3438 1553 Ostendisti,
3481 1485 3693 1555 inquit,

353 1597 468 1646 tum
493 1597 541 1646 et
560 1609 961 1663 aurum,operu
994 1613 1251 1652 manuum
1281 1600 1557 1655 hominum
1598 1602 1767 1671 (Psal.
1802 1604 1967 1673 cxiii).
2067 1590 2268 1660 Ροριιιο
2329 1588 2474 1642 dum
2514 1588 2675 1658 (Psal.
2747 1586 2872 1657 LIX).
2945 1583 3160 1639 Sanctis
3222 1584 3429 1655 quippe
3483 1590 3695 1652 marty-

363 1682 628 1736 Commoti
661 1682 823 1736 etiam
852 1692 981 1738 sunt
1020 1701 1050 1738 a
1084 1687 1312 1755 malitia,
1348 1696 1407 1743 ut
1451 1705 1561 1745 non
1596 1690 1976 1746 dominaretur
2078 1684 2232 1737 ribus
2247 1682 2403 1753 {dum
2449 1680 2886 1736 ostendebant“?
2909 1696 2940 1733 8
2976 1679 3109 1742 ΠΕΟ.
3139 1676 3364 1749 quando
3395 1676 3450 1730 in
3492 1690 3694 1746 Perse-

360 1773 441 1827 eis
489 1774 668 1828 omnis
717 1774 1005 1843 injustitia,
1045 1780 1268 1849 quando
1316 1782 1641 1837 utcwlcstis
1691 1783 1813 1838 vita;
1860 1783 2044 1849 Deon
2075 1771 2412 1835 cutionibus,
2455 1786 2592 1842 quas
2617 1768 2843 1840 pertulit
2899 1767 3161 1831 Ecclesia,
3222 1766 3358 1820 dura
3389 1772 3445 1820 et
3494 1764 3694 1817 imma-

363 1862 529 1935 digne
571 1864 921 1934 perciperent
966 1866 1306 1935 alimoniam,
1338 1886 1527 1939 pacem
1560 1888 1683 1925 cum
1715 1872 1973 1927 omnibus
1997 1857 2047 1898 D
2078 1866 2306 1921 nissima
2342 1869 2617 1919 tormenta
2648 1861 2998 1932 patiebantur
3032 1875 3129 1931 pro
3161 1874 3262 1914 eo:
3318 1857 3559 1928 ideoque
3598 1872 3698 1910 eos

364 1953 536 2006 secuti
569 1961 771 2008 suntet
800 1955 1241 2011 sanctimoniam.
1297 1958 1560 2015 Commoti
1597 1969 1726 2015 sunt
1757 1968 1812 2016 et
1840 1977 1977 2019 con,-
2078 1956 2398 2029 apostolicis
2426 1954 2560 2008 viris
2612 1968 2722 2008 non
2775 1950 3046 2005 immerito
3090 1947 3564 2019 comparabimus,
3623 1944 3699 1999 de

368 2044 568 2097 turbati
603 2046 817 2115 quoties
845 2047 911 2100 ab
941 2048 1021 2102 eis
1051 2049 1504 2118 pravitatisillius
1529 2063 1612 2107 est
1650 2054 1736 2109 via
1774 2054 1975 2124 despc-
2081 2050 2283 2121 quibus
2313 2046 2628 2118 Apostolus:
2691 2046 2752 2101 Si
2779 2045 3155 2112 compatimur,
3202 2039 3403 2111 inquit,
3461 2044 3510 2093 et
3568 2053 3701 2092 con-

372 2142 481 2201 cta,
514 2135 583 2190 de
615 2153 723 2207 qua
753 2136 1042 2193 Salomon:
1072 2144 1187 2205 Est,
1226 2142 1425 2212 inquit,
1464 2148 1557 2199 via
1594 2161 1713 2215 qua:
1765 2147 1982 2201 videtur
2082 2144 2428 2210 regnabimus
2485 2141 2655 2206 (Rom.
2711 2137 2849 2202 vui).
2899 2134 3041 2189 Dura
3095 2132 3260 2187 etiam
3312 2144 3410 2200 pro
3478 2127 3698 2182 Christo

358 1220 579 1284 turbati,
608 1220 829 1290 quando
878 1220 931 1274 in
991 1223 1287 1277 novitatem
1320 1224 1442 1279 vitae
1481 1242 1513 1279 a
1562 1227 1788 1296 paterna
1843 1237 1969 1282 sunt

357 1318 622 1366 vetustate
657 1313 928 1380 translati,
962 1331 1060 1385 pro
1105 1317 1416 1373 simulacris
1455 1319 1716 1375 videlicet
1760 1322 1965 1385 multis,

357 1411 411 1458 ct
440 1403 677 1474 lapideis
703 1405 954 1460 colentes
988 1424 1158 1463 unum
1218 1411 1386 1465 Deum
1435 1418 1491 1466 et
1522 1413 1836 1481 Dominum,
1876 1414 1968 1485 qui

374 2228 678 2283 hominibus
729 2234 876 2283 recta
903 2232 1073 2297 (Prov.
1110 2236 1242 2302 xw),
1286 2234 1341 2287 in
1375 2236 1623 2303 ejusdem
1656 2238 1756 2292 vite
1801 2239 1978 2307 pessi-

374 2330 517 2368 mam
570 2315 879 2372 inciderent
919 2326 1144 2386 sortem,
1202 2322 1271 2375 de
1312 2340 1417 2394 qua
1459 2325 1839 2398 subjungitur:
1878 2330 1985 2385 No-

374 2415 596 2467 vissima
634 2415 751 2483 ejus
782 2415 1049 2471 deducunt
1082 2420 1156 2473 ad
1182 2425 1404 2475 mortem
1436 2423 1638 2491 (ibid).
1675 2422 1990 2479 Commovet

377 2506 540 2559 etiam
569 2513 624 2559 et
649 2505 953 2573 (conturbat
1001 2511 1250 2581 quotidie
1307 2523 1504 2568 terram
1567 2517 1820 2571 humanm
1850 2532 1984 2572 con-

378 2597 648 2663 scientire,
680 2598 771 2652 ubi
802 2599 952 2655 dicit.
1010 2604 1172 2670 Agite
1226 2606 1435 2671 fructus
1491 2609 1680 2675 dignos
1722 2614 1986 2679 pwniten-

379 2691 467 2743 tiae
523 2689 668 2755 (Luc.
734 2692 803 2759 v),
857 2707 926 2746 ne
981 2695 1301 2764 prOphetica
1376 2697 1466 2751 illa
1516 2700 1986 2772 transgrediamur

380 2782 583 2850 edicta,
614 2783 817 2853 quibus
840 2785 1077 2841 dicitur:
1117 2789 1465 2847 Paenitemini
1491 2800 1537 2848 et
1590 2798 1983 2862 convertimini,

380 2878 439 2925 ut
493 2873 773 2928 deleantur
827 2882 1007 2931 vestra
1060 2880 1255 2934 delicta
1292 2882 1437 2950 (Act.
1486 2900 1555 2940 Vl.
1604 2885 1987 2941 Commovetur

381 2961 541 3014 etiam
574 2962 821 3032 quidem,
863 2980 972 3019 non
1018 2966 1072 3020 in
1119 2971 1599 3038 resurrectionem,
1644 2974 1741 3029 sed
1784 2975 1838 3028 in
1870 2975 1986 3028 rui-

383 3068 530 3117 nam,
564 3054 633 3106 de
659 3070 768 3124 qua
796 3056 1088 3112 Salomon:
1139 3063 1384 3129 Egestas,
1426 3062 1624 3134 inquit,
1658 3070 1706 3119 et
1757 3070 1991 3134 ignomi-

380 3143 476 3196 nia
501 3143 552 3195 ei
580 3146 677 3212 qui
703 3144 899 3222 deserit
926 3148 1277 3217 disciplinam
1325 3152 1499 3219 (Prov.
1550 3158 1688 3219 χιιι).
1731 3156 1988 3212 Commo-

382 3240 579 3287 ventur
596 3234 760 3290 etiam
790 3238 1040 3308 quidem,
1074 3256 1184 3295 non
1236 3242 1289 3295 in
1324 3243 1559 3312 ruinam,
1590 3248 1689 3301 sed
1720 3248 1775 3301 in
1808 3264 1990 3303 resur-

384 3325 686 3380 rectionem
728 3327 1108 3397 nihilominus,
1142 3334 1210 3387 de
1257 3334 1463 3405 quibus
1518 3338 1820 3409 PrOpheta:
1878 3343 1992 3413 Ap-

379 3415 711 3483 prehendite,
752 3417 952 3488 inquit,
984 3420 1354 3490 disciplinam,
1385 3428 1437 3480 si
1464 3429 1685 3496 quando
1713 3432 1991 3486 irascatur

381 3506 637 3560 Dominus
668 3504 835 3576 (Psal.
874 3508 951 3578 n).
986 3509 1140 3564 Unde
1168 3512 1297 3583 quia
1344 3514 1523 3571 fidelis
1577 3519 1761 3574 anima
1809 3522 1988 3576 sanari

385 3593 551 3665 digna
594 3608 707 3649 non
763 3603 863 3660 est,
914 3598 1017 3652 nisi
1072 3615 1193 3669 quae
1234 3618 1332 3673 per
1370 3604 1511 3660 hanc
1553 3610 1988 3667 commotionem

385 3682 608 3738 diabolo
643 3684 926 3761 incognita
981 3698 1038 3743 et
1087 3689 1196 3746 Deo
1249 3702 1377 3748 nota
1433 3702 1537 3762 est,
1596 3697 1800 3755 idcirco
1862 3702 1990 3757 Pro-

384 3771 550 3841 pheta
578 3772 955 3830 subinferens:
988 3778 1156 3844 Sana,
1200 3780 1399 3852 inquit,
1459 3789 1803 3842 contritiones
1850 3791 1988 3860 ejus,

381 3868 514 3935 quia
550 3876 813 3923 commota
840 3873 916 3923 est
944 3871 1108 3939 (Psal.
1170 3877 1295 3944 Lix).
1337 3876 1553 3932 Sciebat
1582 3879 1731 3933 enim
1774 3881 1857 3934 vir
1888 3882 1991 3939 iste

386 3959 804 4057 probatissimus
826 3963 955 4034 quia
995 3981 1340 4038 nequaquam
1375 3980 1560 4041 posset
1587 3972 1756 4045 digne
1785 3977 1987 4043 sanari,

384 4050 490 4103 nisi
524 4051 673 4120 prius
697 4056 845 4124 apud
885 4071 946 4110 se
978 4056 1124 4113 intus
1156 4060 1497 4129 poenitentiae
1525 4072 1830 4120 mereretur
1849 4082 1991 4139 aqua

382 4144 611 4213 turbari,
639 4147 873 4220 ideoque
897 4167 996 4222 pro
1014 4154 1268 4225 exemplo
1296 4156 1617 4228 languidum
1640 4159 1795 4215 illum
1818 4177 1988 4217 evan-

382 4238 620 4311 gelicum
662 4254 787 4298 ante
826 4247 1017 4302 oculos
1061 4251 1262 4304 mentis
1302 4250 1531 4307 fortasse
1580 4253 1839 4322 habebat,
1894 4258 1989 4328 qui

382 4337 508 4398 post
539 4332 836 4388 motionem
878 4351 1034 4407 aquae
1065 4354 1232 4393 sanus
1263 4339 1450 4396 fiebat.
1504 4342 1628 4399 Haec
1657 4344 1824 4417 igitur
1860 4361 1996 4402 con-

384 4418 533 4473 tritio
559 4418 839 4477 fortiorem
892 4424 948 4478 in
984 4425 1196 4482 Christo
1231 4436 1545 4485 sanctorum
1579 4440 1879 4505 martyrum
1914 4436 1996 4491 fe-

384 4518 534 4563 cerat
562 4519 826 4579 mentem,
860 4521 915 4569 et
949 4514 1301 4585 debilitatem
1360 4521 1567 4576 mundo
1624 4522 1734 4579 Deo
1775 4541 1996 4597 semper

386 4600 631 4658 reddidit
651 4605 949 4673 valentem,
993 4608 1064 4663 de
1110 4626 1221 4680 qua
1248 4611 1440 4679 David,
1469 4615 1627 4683 cujus
1657 4630 1841 4671 sermo
1882 4634 1993 4674 non

384 4692 641 4749 deficiet:
676 4696 781 4750 Cor
811 4702 1119 4768 contritum,
1148 4702 1349 4774 inquit,
1400 4709 1449 4759 et
1478 4706 1817 4762 humiliatum
1856 4713 1993 4767 Deus

382 4798 492 4837 non
520 4784 777 4854 despicies
829 4786 997 4857 (Psal.
1054 4794 1130 4857 ι).
1186 4791 1358 4859 Sana,
1392 4794 1588 4866 inquit.
1625 4795 1748 4852 Haec
1790 4809 1875 4854 est
1901 4798 1996 4853 illa

383 4875 609 4943 sanitas,
650 4877 995 4936 dilectissimi
1026 4899 1190 4954 quam
1233 4885 1694 4961 Psalmographus
1724 4889 1855 4944 olim
1891 4890 1991 4944 im-

383 4979 639 5041 precatus
686 4982 768 5031 est
804 4976 932 5044 sibi,
966 4980 1187 5050 quando
1218 4996 1517 5038 conversus
1571 4985 1640 5038 ad
1672 4985 1989 5041 Dominum:

381 5062 551 5126 Sana,
600 5062 797 5137 inquit,
849 5073 1091 5127 animum
1142 5090 1336 5142 meam,
1401 5077 1553 5145 quia,
1613 5080 1834 5146 peccavi
1897 5079 1998 5133 tibi

384 5153 550 5221 (Psal.
598 5160 681 5225 χι)
756 5160 879 5217 Haec
930 5171 1014 5219 est
1063 5165 1154 5219 illa
1210 5167 1418 5222 sanitas
1475 5182 1573 5239 per
1628 5185 1792 5240 quam
1848 5169 1997 5225 idem

386 5244 651 5344 Dominus
697 5261 886 5308 noster
959 5258 1171 5313 sanavit
1237 5260 1596 5317 contritiones
1658 5268 1995 5331 sanctorum,

385 5340 481 5407 qui
515 5351 615 5406 per
661 5340 798 5398 Osee
857 5349 1228 5419 pr0phetam:
1278 5353 1515 5419 Sanabo,
1563 5353 1762 5425 inquit,
1810 5357 1998 5409 contri-

385 5428 555 5480 tiones
595 5443 774 5487 eorum
816 5435 953 5504 (Ose.
1003 5442 1136 5509 xiv),
1192 5458 1261 5497 ne
1317 5442 1409 5498 illa
1451 5443 1779 5499 contritione
1818 5452 2000 5500 conte-

382 5524 577 5574 rentur
598 5536 629 5575 a
666 5523 779 5580 Deo
810 5526 1212 5599 indesinenter,
1245 5534 1315 5591 de
1350 5550 1460 5607 qua
1508 5534 1809 5591 Jeremias:
1861 5537 1993 5594 Con-

383 5612 519 5666 trita
553 5618 650 5680 est,
684 5614 886 5686 inquit,
917 5621 1072 5688 virgo
1094 5625 1215 5692 ﬁlia
1229 5627 1415 5696 populi
1441 5629 1545 5681 mei
1563 5629 1734 5697 plaga
1755 5630 1996 5698 pessima

383 5701 708 5795 vehementer
743 5706 871 5771 (Jer.
916 5708 1045 5777 xxv).
1081 5711 1274 5765 Adhuc
1303 5714 1468 5767 etiam
1500 5729 1600 5783 per
1630 5715 1814 5785 ipsum
1842 5725 1897 5771 et
1924 5717 1992 5771 ab

386 5794 506 5854 ipso
558 5794 920 5853 contritiones
976 5814 1168 5855 eorum
1218 5812 1345 5857 sunt
1403 5812 1624 5870 sanetae,
1678 5823 1776 5877 per
1821 5823 1987 5878 quem

2084 2232 2231 2303 passi
2284 2238 2410 2285 sunt
2440 2229 2607 2283 iidem
2666 2227 2720 2282 S.
2759 2224 3014 2279 Ecclesiae
3070 2222 3189 2288 lilii,
3221 2220 3443 2292 quando
3470 2227 3695 2289 aposto-

2088 2323 2267 2378 lorum
2292 2319 2528 2393 vestigia
2546 2316 2746 2381 secuti,
2803 2315 2958 2369 ibant
2987 2312 3279 2380 gaudentes
3328 2324 3365 2363 a
3413 2312 3702 2377 conspectu

2088 2415 2305 2471 concilii
2334 2413 2476 2483 (Act.
2502 2414 2575 2479 v),
2600 2408 2840 2465 scientes
2861 2405 3139 2470 videlicet,
3170 2418 3229 2457 se
3259 2417 3326 2457 eo
3367 2400 3541 2475 magis
3564 2399 3705 2454 divi-

2087 2525 2169 2563 nae
2202 2505 2498 2578 placituros
2529 2502 2737 2574 pietati,
2769 2514 2878 2571 quo
2911 2499 3073 2565 digni
3117 2497 3227 2550 sint
3274 2495 3451 2549 habiti
3471 2508 3574 2562 pro
3602 2507 3704 2547 no-

2085 2605 2365 2659 mineJesu
2389 2598 2759 2654 contumeliam
2788 2596 2907 2664 pati
2939 2592 3136 2662 (ibid).
3173 2590 3265 2644 Sic
3287 2589 3455 2661 igitur
3487 2588 3699 2658 populo

2086 2711 2187 2751 suo
2214 2695 2352 2749 dura
2398 2689 2658 2752 ostendit,
2714 2686 2936 2759 quando
2983 2684 3064 2739 eis
3117 2679 3549 2753 praecedentium
3601 2679 3707 2732 Pa-

2088 2792 2230 2840 trum
2257 2782 2509 2852 exempla
2557 2777 2866 2850 prietendit,
2900 2782 3172 2846 quatenus
3199 2770 3556 2826 erudirentur
3581 2783 3702 2822 ver-

2088 2875 2174 2929 bis
2211 2871 2527 2944 apostolicae
2550 2868 2823 2933 lectionis,
2847 2866 2976 2938 quia
2998 2880 3107 2919 non
3134 2866 3255 2918 sunt
3274 2860 3558 2927 condigna:
3571 2874 3706 2927 pus-

2090 2970 2265 3023 siones
2322 2964 2487 3033 hujus
2542 2963 2811 3032 temporis,
2862 2959 2936 3012 ad
2963 2959 3212 3025 futuram
3263 2954 3518 3022 gloriam,
3585 2965 3708 3020 quae

2090 3059 2418 3115 revelabitur
2469 3059 2527 3110 in
2574 3055 2726 3109 nobis
2759 3054 2930 3123 (Rom.
2991 3050 3121 3120 vui).
3158 3047 3266 3102 Sed
3300 3060 3356 3101 et
3395 3045 3502 3099 alio
3541 3043 3710 3098 modo

2091 3154 2228 3207 dura
2266 3149 2508 3207 ostendit
2528 3146 2733 3218 p0pulo
2762 3160 2884 3212 suo,
2913 3144 3009 3199 ubi
3051 3142 3355 3211 unicuique
3405 3155 3504 3209 per
3532 3138 3706 3192 Evan-

2089 3246 2297 3321 gelium
2344 3245 2607 3314 loquens:
2676 3242 2901 3306 Diliges,
2958 3236 3156 3308 inquit,
3216 3236 3506 3289 Dominum
3545 3233 3709 3285 Deum

2092 3320 2242 3391 tuum
2268 3349 2335 3387 ea:
2391 3337 2496 3386 toto
2527 3330 2681 3384 corde
2723 3333 2812 3382 tuo
2862 3326 3077 3397 (Matth.
3130 3323 3283 3393 xxu).
3337 3322 3399 3376 Et
3445 3320 3706 3392 quoniam

2093 3426 2147 3480 in
2179 3426 2281 3480 hac
2311 3423 2428 3478 sola
2459 3420 2758 3475 dilectione
2818 3416 3002 3472 nullus
3033 3417 3199 3470 homo
3259 3412 3540 3485 perfectus
3574 3426 3709 3466 con-

2092 3525 2220 3581 stat,
2253 3513 2358 3568 nisi
2408 3519 2465 3566 et
2489 3510 2653 3565 aliam
2711 3508 2893 3562 adhuc
2921 3506 3121 3561 habeat
3151 3520 3316 3575 quam
3356 3503 3412 3556 in
3434 3500 3715 3572 sequenti-

2091 3608 2196 3663 bus
2227 3607 2588 3668 demonstrat,
2632 3600 2840 3656 idcirco
2863 3598 3151 3654 declarans
3199 3604 3407 3667 quanta
3445 3592 3711 3649 charitate

2091 3695 2317 3751 tendere
2346 3709 2406 3747 se
2433 3691 2634 3746 debeat
2659 3690 2796 3744 alter
2824 3688 2893 3743 ad
2926 3687 3179 3752 alterum,
3213 3683 3481 3740 continuo
3512 3681 3710 3736 subin-

2092 3786 2314 3841 ferens:
2368 3770 2591 3849 Diliges,
2642 3778 2843 3850 inquit,
2888 3778 3201 3847 proximum
3233 3778 3386 3828 tuum
3440 3775 3581 3827 sicut
3641 3778 3719 3826 te-

2090 3883 2267 3950 ipsum
2290 3876 2494 3950 (ibid).
2547 3875 2674 3929 Hmc
2715 3873 2883 3947 igitur
2930 3872 3041 3926 duo
3094 3875 3369 3941 praecepta
3398 3866 3711 3933 charitatis,

2090 3975 2149 4026 in
2171 3971 2367 4041 quibus
2396 3974 2508 4024 tota
2546 3968 2634 4022 lea:
2660 3966 2857 4037 pendet
2886 3968 2935 4018 et
2978 3966 3259 4033 propheta;
3288 3959 3496 4031 (ibid),
3529 3974 3627 4012 vos
3659 3958 3715 4011 in

2090 4063 2270 4130 vobis,
2327 4058 2667 4115 dilectissimi
2730 4057 2947 4121 fratres,
3003 4053 3336 4127 quantocius
3406 4050 3714 4120 adimplere

2092 4155 2331 4221 studete,
2373 4152 2564 4224 sicque
2602 4149 2985 4221 unusquisque
3023 4152 3259 4201 vestrum
3321 4144 3469 4216 apud
3524 4158 3584 4197 se
3628 4142 3715 4196 fa-

2092 4246 2198 4302 cile
2239 4242 2539 4317 perpendit
2591 4257 2757 4312 quam
2808 4240 2945 4294 dura
2994 4247 3123 4293 sunt
3188 4252 3312 4308 quae
3355 4234 3627 4306 praecipit,
3661 4240 3717 4287 et

2099 4354 2264 4411 quam
2313 4336 2449 4392 dura
2507 4350 2629 4407 qua:
2678 4331 2940 4389 ostendit.
2994 4330 3091 4385 Ille
3167 4329 3339 4393 enim,
3385 4327 3531 4382 sicut
3568 4328 3720 4381 arbi—

2098 4440 2243 4499 tror,
2322 4427 2657 4501 quaerendus
2728 4433 2812 4480 est
2882 4424 2939 4478 in
3024 4438 3256 4478 numero
3335 4422 3659 4494 angelorum
3698 4463 3714 4485 ,

2097 4533 2286 4578 etnon
2318 4520 2629 4584 hominum,
2674 4516 2769 4588 qui
2807 4516 2902 4577 ita,
2941 4513 3086 4569 sicut
3114 4512 3369 4583 praecipit
3418 4511 3715 4577 Dominus,

2097 4616 2275 4671 valeat
2295 4612 2525 4687 diligere
2559 4609 2875 4671 Dominum,
2917 4615 3010 4661 aut
3031 4605 3123 4677 qui
3155 4604 3248 4659 tali
3278 4604 3513 4658 lectione
3543 4603 3611 4656 ad
3635 4602 3718 4655 al-

2098 4718 2273 4766 terum
2331 4707 2520 4763 tendat
2585 4704 2968 4773 semetipsum,
3034 4706 3095 4754 ut
3149 4699 3343 4770 diligat
3402 4697 3712 4768 proximum

2096 4815 2257 4855 suum
2292 4799 2435 4853 sicut
2468 4795 2734 4865 seipsum.
2770 4793 2830 4847 Et
2858 4791 2986 4846 ideo
3013 4786 3396 4858 unusquisque
3430 4784 3586 4840 testis
3633 4792 3721 4838 est

2094 4889 2198 4945 sibi
2216 4888 2364 4960 quod
2397 4884 2583 4940 nullus
2608 4890 2703 4938 aut
2726 4883 2811 4936 vix
2831 4880 2978 4936 ullus
3007 4877 3210 4950 poterit
3232 4873 3465 4946 reperiri
3498 4873 3594 4944 qui
3623 4872 3718 4925 alii

2095 4990 2202 5037 tam
2241 4981 2382 5034 bene
2432 4976 2619 5048 cupiat
2648 4990 2811 5046 quam
2840 4972 2968 5027 sibi.
3003 4970 3200 5025 Verum
3251 4984 3322 5021 ne
3354 4981 3455 5021 nos
3504 4965 3717 5019 diutius

2101 5071 2297 5144 prioris
2326 5066 2615 5124 sententia
2655 5064 2914 5118 deserant
2934 5061 3085 5131 jura,
3116 5057 3367 5113 Ezechiae
3396 5056 3565 5110 etiam
3599 5055 3717 5127 regi

2099 5164 2362 5220 Dominus
2414 5158 2695 5231 quondam
2741 5154 3038 5212 ostendere
3102 5151 3362 5223 dignatus
3416 5155 3500 5202 est
3548 5147 3715 5212 dura,

2099 5252 2320 5329 quando
2357 5266 2480 5306 cum
2504 5249 2559 5303 in
2599 5243 2951 5301 multitudine
2981 5239 3299 5296 divitiarum
3336 5253 3564 5293 suarum
3595 5236 3717 5309 glo-

2100 5348 2352 5409 riaretur,
2385 5349 2445 5396 ut
2467 5340 2651 5396 dives:
2689 5339 2939 5406 Dispone,
2963 5332 3165 5404 inquit,
3223 5332 3409 5385 domui
3431 5334 3539 5384 tua:
3584 5331 3721 5398 quia

2099 5439 2345 5496 morieris
2376 5441 2455 5503 tu,
2477 5438 2527 5488 et
2552 5446 2661 5487 non
2685 5432 2831 5484 vives
2863 5429 3015 5496 (Isai.
3036 5425 3280 5494 xxxvm).
3307 5423 3371 5477 Et
3390 5437 3517 5477 ecce
3551 5436 3717 5492 quam

2100 5533 2297 5588 durum
2328 5527 2433 5583 sibi
2467 5529 2802 5596 praeceptum
2830 5518 2976 5574 istud
3030 5517 3331 5578 videretur,
3364 5514 3483 5584 ipse
3526 5512 3721 5566 decla-

2100 5620 2255 5684 ravit,
2316 5614 2537 5689 quando
2592 5625 2893 5668 conversus
2921 5608 2989 5662 ad
3034 5605 3323 5678 parietem,
3371 5602 3721 5658 amarissime

2094 5713 2328 5788 ploravit
2362 5707 2574 5782 (ibid);
2607 5707 2821 5778 sicque,
2853 5704 2982 5759 dum
3012 5718 3111 5773 per
3152 5697 3424 5771 longioris
3464 5697 3590 5751 vitae
3620 5694 3718 5749 de-

2090 5805 2357 5863 siderium
2388 5801 2693 5858 subitaneus
2736 5796 2929 5853 mortis
2957 5793 3165 5864 cupivit
3195 5791 3435 5847 evadere
3486 5794 3722 5844 sortem»
