4006 6198
240 337 369 393 1021

1718 337 2082 392 SERMONES.

3420 338 3569 393 1022

236 478 395 533 quam
422 460 664 515 libenter
696 462 922 527 viveret,
953 464 1268 535 exemplum
1323 465 1476 520 dedit
1526 466 1848 537 unicuique,
1875 470 1927 537 Α
1954 466 2066 532 dat,
2097 481 2199 536 per
2229 465 2377 536 quod
2436 462 2775 538 signiﬁcatur
2821 467 2967 535 quod
3007 468 3150 521 sicut
3189 468 3374 522 multa:
3415 483 3565 522 man-

235 558 324 629 qui
348 556 497 624 vivit,
518 564 571 612 et
600 558 812 612 videbit
855 568 1107 615 mortem.
1139 560 1251 613 Tali
1306 560 1470 613 etiam
1527 561 1691 616 modo
1748 577 1848 631 pa-

233 648 480 704 triarcha!
513 662 612 701 suo
645 648 910 702 Dominus
943 655 1130 703 noster
1182 648 1313 703 olim
1352 649 1486 702 dura
1531 650 1850 704 monstravit

231 736 452 807 quando
482 734 760 789 Abraham
814 752 1030 790 servum
1068 752 1227 791 suum
1285 736 1571 806 probando
1596 738 1845 803 tentavit,

231 835 284 880 et
318 825 580 881 tentando
635 826 886 895 probavit
910 826 1006 880 ubi
1061 826 1113 879 in
1166 826 1442 899 Unigeniti
1504 826 1590 881 sui
1642 826 1843 900 ﬁgura;

230 917 573 971 lsaacﬁlium
631 918 679 970 ei
710 918 1039 987 praecipiens
1083 918 1296 972 occidi:
1357 919 1501 986 Offer
1546 918 1700 985 mihi,
1760 919 1843 973 in-

229 1011 367 1080 quit,
396 1011 554 1064 illum
583 1025 749 1078 super
783 1026 946 1063 unum
981 1014 1245 1065 montium
1283 1027 1435 1079 quem
1477 1017 1844 1066 monstravere

227 1109 327 1160 tibi
361 1108 513 1174 (Gen.
557 1108 705 1176 xxii).
750 1107 811 1159 Et
842 1121 968 1162 ecce
1000 1123 1161 1177 quam
1195 1123 1450 1176 asperum
1478 1115 1533 1161 et
1561 1123 1725 1178 quam
1743 1106 1843 1161 du-

226 1220 341 1256 rum
370 1202 512 1257 foret
541 1203 683 1256 istud
711 1210 1045 1273 praeceptum
1072 1203 1222 1258 solus
1246 1202 1336 1257 ille
1360 1203 1465 1257 scit
1490 1203 1582 1274 qui
1621 1205 1842 1257 unicum

227 1292 389 1345 habet
430 1290 626 1357 ﬁlium,
658 1299 713 1345 et
762 1292 907 1346 hunc
934 1292 1215 1347 dilectum.
1261 1292 1367 1345 Sed
1410 1299 1465 1347 et
1503 1291 1633 1346 ﬁliis
1672 1292 1843 1346 lebe-

223 1382 325 1437 ι]ξυί
369 1383 632 1437 Dominus
695 1390 877 1439 noster
909 1384 1089 1438 taliter
1118 1385 1377 1457 dignatus
1418 1395 1501 1439 est
1550 1386 1842 1440 ostendere

224 1472 381 1537 dura,
416 1472 638 1542 quando
662 1473 744 1527 eis
784 1473 932 1543 quod
970 1474 1182 1544 passuri
1215 1481 1401 1528 essent
1440 1490 1537 1544 pro
1569 1475 1687 1545 ipso
1717 1491 1843 1544 pas-

223 1566 398 1619 sionis
455 1582 568 1619 suae
600 1566 1037 1636 praemonstravit
1076 1565 1270 1640 ﬁgura,
1330 1566 1422 1620 ubi
1464 1567 1531 1621 ad
1561 1582 1676 1634 eos,
1705 1568 1843 1622 sicut

218 1657 541 1731 evangelica
587 1656 826 1713 lectione
893 1657 1096 1727 saepius
1164 1658 1394 1712 audistis
1454 1665 1508 1713 et
1569 1658 1836 1713 audietis:

217 1750 467 1813 Calicem,
500 1749 695 1820 inquit,
752 1765 927 1803 meum
966 1750 1154 1805 bibetis
1202 1750 1422 1818 (Matth.
1484 1752 1594 1817 xx).
1636 1750 1836 1804 Taliter

215 1840 382 1909 igitur
412 1840 553 1895 Deus
592 1850 647 1895 et
677 1840 941 1895 Dominus
975 1849 1180 1907 noster,
1212 1843 1305 1912 qui
1343 1858 1441 1913 pro
1472 1842 1633 1897 nobis
1663 1842 1834 1898 C(RlOS

213 1929 496 1984 inclinavit
524 1936 578 1984 et
609 1930 916 1997 descendit,
950 1932 1156 1985 sanctis
1186 1933 1515 2003 martyribus
1556 1932 1671 1986 suis
1694 1932 1832 1986 dura

210 2022 477 2090 ostendit,
518 2023 739 2094 quando
770 2024 851 2077 eis
888 2024 1198 2094 praedicens
1235 2025 1364 2096 quid
1398 2026 1612 2095 passuri
1646 2034 1831 2079 essent

212 2118 441 2182 propter
470 2128 634 2166 eum:
668 2115 864 2180 Eritis,
904 2113 1108 2185 inquit,
1163 2116 1288 2169 odio
1316 2117 1560 2169 omnibus
1613 2123 1835 2185 propter

208 2220 394 2258 nomen
425 2220 599 2259 meum
632 2206 846 2270 (Matth.
899 2212 968 2269 x).
1006 2206 1157 2261 Unde
1197 2207 1323 2279 quia
1358 2214 1478 2277 post
1517 2208 1715 2264 multas
1745 2210 1835 2263 tri-

207 2292 543 2357 bulationes,
578 2292 778 2363 quibus
794 2294 957 2348 homo
982 2296 1381 2365 persecutionis
1408 2297 1661 2350 humanae
1686 2297 1830 2351 mal-

208 2381 293 2434 leo
325 2381 598 2448 tunditur,
630 2397 776 2451 saape
808 2397 1062 2437 reversus
1092 2384 1158 2437 ad
1194 2400 1275 2447 se,
1305 2384 1533 2438 interna:
1563 2399 1833 2455 compun-

202 2469 410 2525 ctionis
466 2470 640 2539 gratia
694 2471 1067 2541 perfunditur,
1120 2473 1326 2528 idcirco
1368 2473 1831 2547 PsalmOgraphus

204 2562 620 2631 praemissajam
644 2562 962 2619 ostensione
993 2564 1677 2631 tribulationis,,continuo
1704 2565 1833 2617 sub-

202 2652 486 2708 infercns:
540 2656 747 2713 Potasti
784 2669 876 2709 nos
908 2696 921 2721 ,
991 2655 1211 2726 inquit,
1263 2658 1391 2709 vino
1465 2659 1829 2724 compunctio-

198 2747 284 2798 nis
336 2745 508 2815 (Psal.
561 2750 691 2813 Lix).
750 2746 861 2801 lloc
899 2754 982 2802 est
1045 2747 1300 2817 poculum
1345 2747 1477 2801 illud
1531 2747 1829 2811 charitatis,

206 2837 357 2909 quod
391 2837 743 2892 beatissimos
774 2845 1038 2908 martyres
1070 2839 1205 2894 istos
1226 2840 1481 2910 perduxit
1511 2839 1579 2892 ad
1611 2855 1832 2894 consor-

203 2927 342 2979 tium
370 2926 614 2993 deitatis,
660 2933 947 2997 postquam
979 2942 1174 2981 omnes
1198 2927 1456 2983 vitiorum
1490 2928 1736 2981 ﬂammas
1771 2927 1823 2981 in

197 3030 395 3068 eorum
440 3014 608 3069 corde
641 3020 888 3084 repertas
930 3014 1079 3085 [non]
1137 3015 1251 3069 vini
1283 3016 1463 3087 copia.
1514 3014 1613 3070 sed
1672 3031 1825 3070 com-

194 3102 533 3171 punctionis
560 3102 819 3157 exstinxit
850 3102 1086 3159 ubertas.
1132 3104 1239 3159 Sed
1262 3114 1316 3158 et
1348 3103 1652 3170 Psalmista,
1683 3120 1824 3175 prae-

194 3194 400 3248 videns
428 3194 559 3265 quia
591 3202 752 3265 potus
777 3195 879 3249 iste
913 3211 1021 3251 non
1053 3196 1185 3262 oris,
1217 3196 1314 3251 sed
1348 3196 1567 3264 mentis,
1597 3202 1652 3250 et
1682 3196 1823 3251 ﬁde-

196 3287 351 3343 libus
389 3288 597 3354 suavis,
646 3297 699 3344 et
738 3289 987 3360 reprobis
1018 3306 1234 3345 amarus
1274 3300 1381 3361 est,
1410 3293 1580 3357 calix,
1624 3291 1820 3362 inquit,

187 3397 341 3435 meas
380 3382 681 3448 inebrians,
726 3398 889 3451 quam
911 3384 1211 3452 praeclarus
1239 3388 1313 3439 est
1362 3384 1525 3451 (Psal.
1560 3388 1713 3451 xxii).
1749 3383 1820 3436 Ex

188 3474 296 3527 hoc
329 3472 505 3546 igitur
536 3472 707 3527 calice
760 3472 893 3526 illud
949 3473 1148 3528 divina:
1196 3474 1476 3529 charitatis
1520 3474 1822 3531 effunditur

186 3562 483 3633 poculum,
516 3578 637 3616 cum
671 3578 781 3633 quo
820 3562 1065 3617 Christus
1117 3563 1170 3616 in
1213 3563 1481 3636 sanguine
1537 3579 1636 3618 suo
1678 3564 1821 3619 Chri-

182 3654 436 3708 stianum
477 3652 582 3707 sibi
618 3654 957 3725 comparavit
1007 3655 1274 3725 populum
1308 3655 1455 3726 quod
1488 3655 1730 3710 Ecclesia
1764 3656 1819 3710 in

180 3746 434 3800 Canticis
466 3745 668 3801 dilecto
695 3762 795 3801 suo
830 3747 1130 3818 propinans
1171 3747 1225 3800 in
1260 3746 1435 3823 ﬁgura
1465 3755 1816 3803 sanctorum:

177 3840 327 3894 llabo
357 3840 488 3903 tibi,
517 3838 711 3909 inquit.
732 3841 980 3909 poculum
1009 3857 1076 3895 ea:
1105 3843 1230 3895 vino
1248 3842 1479 3909 condito,
1498 3847 1547 3896 et
1576 3847 1815 3897 mustum

176 3930 469 3983 malorum
506 3933 861 3995 granatorum
913 3946 1148 3984 meorum
1206 3930 1379 4000 (Cant.
1442 3932 1574 4000 vni).
1621 3918 1812 3984 Vinum

170 4025 395 4092 quippe
423 4020 549 4073 sine
572 4021 796 4076 alterius
819 4022 898 4075 rei
918 4022 1326 4090 commistione,
1352 4022 1574 4079 dilectio
1594 4023 1810 4078 estsine

168 4111 584 4176 simulatione;
612 4111 798 4167 vinum
826 4130 956 4169 vero
988 4115 1294 4184 conditum,
1325 4116 1549 4172 dilectio
1576 4126 1659 4171 est
1683 4132 1806 4171 cum

170 4207 536 4278 operatione.
564 4206 755 4259 Vinum
788 4223 920 4280 ergo
945 4224 1054 4263 non
1082 4209 1339 4279 simplex,
1363 4210 1464 4263 sed
1493 4211 1654 4265 bonis
1680 4226 1812 4282 Ope-

172 4296 334 4351 ribus
376 4303 438 4349 et
479 4294 686 4348 sanctis
739 4295 1020 4349 conditum
1061 4297 1378 4364 virtutibus,
1422 4299 1622 4355 divinis
1665 4317 1809 4370 prae-

168 4384 347 4455 cipue
379 4385 607 4454 placere
636 4382 854 4437 videtur
891 4384 1193 4439 obtutibus.
1226 4387 1381 4450 Quod
1423 4388 1477 4441 in
1510 4389 1808 4461 Evangelio

1847 3149 1895 3215 (Σ

1950 555 2138 611 siones
2166 563 2295 610 sunt
2316 556 2370 610 in
2407 570 2578 629 regno
2607 556 2893 621 cmlorum,
2914 557 2986 611 ita
3019 564 3075 610 et
3104 559 3158 611 in
3188 558 3446 629 praesenti
3474 559 3564 613 Ec-

1950 648 2117 702 clesia
2152 649 2336 703 multae
2393 655 2520 702 sunt
2550 646 2934 701 tribulationes
2969 648 3262 715 justorum.
3321 650 3421 703 Per
3461 650 3565 705 hoc

1951 753 2078 794 vero
2111 739 2259 809 quod
2287 738 2489 792 malum
2520 737 2784 791 Punicum
2809 737 3174 809 sanguineum
3208 739 3375 793 habet
3405 740 3563 794 colo-

1950 845 2085 894 rem,
2119 844 2229 884 non
2270 828 2433 884 modo
2478 836 2778 898 martyrum
2811 826 3032 894 Christi,
3065 827 3162 881 sed
3194 828 3358 881 etiam
3389 829 3564 897 ipsum

1948 921 2290 976 Dominicum
2329 920 2548 974 videtur
2575 919 2817 991 typicare
2844 934 3120 987 cruorem,
3150 919 3243 990 qui
3269 918 3474 974 idcirco
3500 920 3568 972 ab

1950 1008 2191 1063 Ecclesia
2233 1010 2287 1063 in
2320 1008 2555 1064 Canticis
2585 1008 2854 1063 candidus
2879 1007 3081 1063 dicitur
3106 1018 3159 1063 et
3200 1006 3561 1075 rubicundus,

1948 1110 2007 1158 ut
2035 1120 2101 1157 ex
2150 1104 2491 1169 innocentia,
2534 1119 2697 1174 quam
2749 1103 2914 1158 habet
2943 1103 3213 1157 candidus
3257 1110 3312 1157 et
3338 1119 3403 1157 ex
3436 1119 3561 1172 pas-

1947 1191 2125 1259 sione,
2147 1208 2310 1263 quam
2335 1191 2584 1263 pertulit,
2615 1191 2953 1264 intelligatur
2967 1191 3310 1246 rubicundus
3361 1191 3419 1244 ln
3452 1207 3560 1261 qua

1947 1282 2205 1352 passione
2238 1283 2486 1337 salutifer
2510 1283 2604 1337 ille
2622 1282 2762 1337 calix
2790 1282 2999 1337 etl'usus
3019 1290 3102 1336 est
3126 1298 3225 1353 pro
3251 1282 3435 1346 nobis,
3458 1299 3558 1352 per

1945 1391 2107 1444 quem
2158 1375 2246 1429 isti
2311 1383 2577 1447 martyres
2643 1375 2982 1430 invictissimi
3036 1375 3205 1445 potati
3261 1383 3388 1428 sunt
3426 1374 3555 1428 vino

1944 1466 2413 1535 compunctionis,
2453 1483 2619 1537 quem
2662 1467 2716 1519 in
2750 1466 2985 1520 Cantieis
3007 1465 3343 1520 canticorum
3373 1472 3557 1519 trans-

1943 1552 2126 1608 ferens
2157 1554 2211 1607 in
2254 1570 2315 1607 se
2344 1555 2516 1609 virtus
2553 1554 2843 1608 Altissimi:
2888 1556 3078 1615 Bibite,
3118 1554 3319 1626 inquit,
3367 1557 3551 1619 amici,

1942 1650 1990 1698 et
2027 1647 2401 1712 inebriamim',
2432 1647 2742 1701 charissimi
2797 1646 2978 1717 (Cant.
3031 1653 3103 1713 v).
3141 1647 3212 1699 Ex
3254 1647 3357 1701 hoc
3388 1646 3554 1720 igitur

1939 1739 2137 1809 poculo
2169 1738 2446 1792 charitatis
2465 1753 2575 1792 non
2596 1738 2824 1809 indigne
2854 1737 2994 1792 bibit
3016 1738 3267 1809 quisquis
3288 1753 3398 1792 non
3423 1738 3550 1805 sibi,

1936 1825 2035 1879 sed
2066 1824 2176 1879 Deo
2204 1824 2355 1889 vivit,
2386 1825 2663 1895 particeps
2694 1825 2951 1881 videlicet
2973 1825 3146 1880 factus
3180 1826 3327 1880 illius
3356 1828 3551 1881 saluti—

1935 1916 2062 1970 fera
2103 1915 2396 1985 potationis
2452 1917 2521 1970 de
2575 1933 2681 1987 qua
2730 1917 2958 1971 dicitur:
3035 1920 3235 1972 Potasti
3278 1934 3372 1972 nos
3424 1922 3550 1972 vino

1932 2005 2355 2071 compunctionis
2388 2004 2554 2071 (Psal.
2598 2008 2725 2072 LIX).
2758 2005 2819 2059 Et
2857 2005 3000 2059 bene
3032 2005 3254 2076 quidem
3282 2021 3552 2075 compun-

1935 2094 2136 2149 ctionis
2176 2095 2405 2150 internae
2456 2097 2584 2150 vino
2640 2105 2861 2166 potatur
2890 2098 2980 2169 qui
3016 2113 3114 2168 pro
3161 2098 3399 2168 peccatis
3437 2098 3552 2153 suis

1936 2184 2082 2253 apud
2102 2200 2160 2238 se
2191 2185 2340 2239 intus
2362 2186 2419 2239 in
2442 2195 2626 2240 mente
2654 2187 2988 2254 stimulatur,
3014 2188 3275 2258 quoniam
3309 2188 3549 2258 perfecte

1935 2271 2173 2327 abluitur
2200 2274 2547 2329 immunditia
2574 2275 2777 2342 sordis,
2811 2292 2975 2346 quam
3011 2277 3212 2346 szepius
3243 2276 3435 2332 laverit
3465 2278 3547 2330 la-

1934 2382 2118 2436 cryma
2147 2365 2347 2420 cordis.
2383 2366 2501 2421 Non
2536 2368 2682 2421 enim
2715 2368 2965 2437 sequitur
2996 2368 3304 2438 peremptio
3334 2368 3544 2434 furens,

1936 2460 2027 2513 ubi
2069 2461 2183 2514 haec
2223 2460 2499 2515 medicina
2529 2462 2878 2531 praecesserit
2906 2478 3091 2517 urens.
3127 2462 3251 2517 Hiec
3290 2469 3373 2517 est
3399 2479 3548 2516 nam-

1935 2565 2043 2619 que
2074 2549 2425 2618 compunctio
2458 2549 2550 2603 illa
2576 2550 3001 2617 reconciliatrix,
3028 2567 3127 2621 per
3148 2567 3309 2622 quam
3344 2566 3548 2606 recon-

1933 2638 2113 2693 ciliata
2143 2645 2226 2692 est
2241 2638 2353 2693 Deo
2376 2638 2540 2693 Maria
2571 2640 2865 2710 peccatrix,
2899 2641 3142 2711 quando,
3174 2658 3271 2711 per
3279 2642 3545 2709 judicium

1934 2727 2236 2782 divinitatis
2261 2727 2559 2795 occultum,
2587 2730 2822 2783 demissa
2859 2735 2984 2783 sunt
3022 2732 3073 2783 ei
3098 2734 3319 2798 peccata
3347 2733 3543 2799 multa,

1931 2823 2189 2890 quoniam
2216 2822 2412 2875 dilexit
2439 2822 2669 2875 multum
2709 2823 2860 2890 (Luc.
2889 2825 3009 2889 vn).
3043 2822 3147 2877 Sed
3179 2830 3233 2876 et
3259 2822 3425 2877 David
3449 2840 3546 2894 pa-

1933 2911 2168 2966 triarcha
2206 2912 2454 2966 sentiens
2509 2928 2571 2967 se
2625 2912 2756 2967 olim
2799 2913 3038 2966 divinam
3079 2912 3375 2968 offendisse
3426 2914 3543 2968 cle-

1928 3004 2216 3073 mentiam,
2242 3004 2372 3059 vino
2413 2998 2856 3075 compunctionis
2912 3004 3070 3058 istius
3113 3020 3411 3059 conversus
3460 3013 3543 3060 est

1926 3096 1993 3149 ad
2017 3096 2433 3165 paenitentiam:
2471 3096 2692 3166 quando
2714 3112 2815 3166 per
2845 3095 3118 3150 internam
3150 3096 3542 3167 aspirationem

1924 3207 2330 3265 recognoscens
2362 3192 2707 3263 iniquitatem
2735 3207 2923 3246 suam:
2954 3194 3205 3246 Miserere
3223 3196 3341 3254 mei,
3376 3196 3538 3256 Deus,

1924 3282 2123 3353 inquit,
2150 3282 2438 3337 secundum
2460 3298 2716 3350 magnam
2738 3282 3165 3336 misericordiam
3191 3286 3339 3337 tuam
3368 3284 3536 3351 (Psal.

1923 3378 1990 3437 1.).
2021 3369 2134 3425 Tali
2166 3372 2330 3426 etiam
2362 3371 2793 3442 compunctione
2823 3371 3018 3426 beatus
3073 3370 3265 3425 Petrus
3293 3371 3535 3442 seipsum

1923 3468 2123 3523 meruit
2135 3468 2458 3538 poenitendo
2474 3468 2715 3535 turbare,
2730 3470 2954 3539 quando
2971 3484 3069 3539 pro
3083 3467 3226 3521 trina
3244 3467 3536 3541 negatione

1921 3560 2158 3627 Domini,
2192 3576 2443 3615 reversus
2482 3561 2551 3615 ad
2580 3577 2661 3627 se,
2704 3561 2854 3615 flevit
2883 3577 3088 3627 amare,
3130 3561 3223 3632 qui
3267 3563 3419 3632 prius
3452 3563 3536 3617 in-

1922 3660 2145 3709 cusatus
2171 3654 2239 3707 ab
2270 3652 2469 3707 ancilla
2524 3654 2670 3723 quod
2704 3668 2850 3707 unus
2900 3670 2963 3707 ex
2998 3654 3091 3707 Dei
3141 3662 3289 3709 esset
3317 3656 3533 3723 amicis,

1924 3746 2206 3816 respondit
2234 3746 2284 3800 ei
2315 3745 2538 3799 dicens:
2572 3746 2759 3801 Nescio
2778 3745 2917 3813 quid
2948 3744 3086 3799 dicis
3118 3746 3328 3813 (Matth.
3364 3750 3532 3816 xxvn).

1916 3838 2007 3893 Sic
2035 3844 2089 3892 et
2120 3838 2207 3893 isti
2233 3843 2505 3907 martyres
2537 3835 2754 3903 Christi,
2814 3835 3015 3889 divinae
3059 3852 3159 3906 per
3190 3836 3376 3891 omnia
3428 3855 3532 3893 cu-

1917 3930 2134 4001 pientes
2157 3928 2377 3999 placere
2408 3926 2618 3996 pietati,
2664 3941 2762 3996 per
2800 3926 3069 3980 internam
3109 3926 3530 3997 inSpirationem

1912 4021 2150 4087 Domini,
2181 4021 2313 4076 vino
2353 4018 2799 4089 compunctionis
2835 4019 2995 4074 istius
3047 4026 3176 4074 sunt
3222 4020 3532 4091 saepissime

1913 4117 2105 4189 potati,
2138 4114 2359 4187 quando
2393 4128 2502 4169 non
2534 4113 2715 4168 solum
2762 4130 2902 4183 pane
2936 4115 3296 4185 lacrymarum
3338 4130 3435 4170 eos
3476 4116 3528 4171 in

1914 4207 2201 4276 praesentis
2231 4204 2356 4258 vita:
2378 4202 2583 4258 cibavit
2604 4203 2995 4274 pressura,sed
3024 4204 3188 4258 etiam
3219 4210 3405 4274 potum
3433 4204 3533 4260 dc-

1912 4299 1992 4354 dit
2013 4299 2096 4353 eis
2126 4297 2456 4367 inlacrymis
2476 4297 2531 4350 in
2562 4311 2837 4351 mensura.
2873 4296 3024 4350 Unde
3052 4297 3123 4350 'ut
3154 4303 3208 4349 et
3235 4311 3356 4362 nos,
3387 4297 3529 4352 dile-

1911 4388 2138 4446 ctissimi
2162 4388 2380 4453 fratres,
2412 4402 2535 4441 cum
2576 4386 2785 4441 eisdem
2813 4388 3144 4457 martyribus
3162 4386 3383 4453 Christi,
3412 4389 3524 4444 Deo

169 4476 397 4531 Veritas
426 4473 695 4540 ostendit,
720 4489 843 4527 cum
872 4474 980 4529 ait:
1010 4477 1071 4532 Si
1099 4479 1238 4546 quis,
1270 4479 1456 4547 diligit
1480 4496 1579 4545 me,
1612 4496 1807 4537 sermo-
1838 4469 1890 4537 Ι)
1910 4479 2142 4553 gloriam
2176 4479 2389 4542 demus,
2422 4475 2855 4530 misericordiam
2876 4477 2997 4547 ejus
3018 4475 3303 4531 humiliter
3328 4476 3529 4547 implo-

163 4588 289 4627 nem
320 4586 512 4626 meum
548 4572 785 4625 servabit
816 4571 987 4639 (Joan.
1033 4577 1157 4635 xw).
1194 4572 1253 4628 Et
1283 4573 1426 4628 bene
1455 4576 1678 4647 quidem
1709 4578 1805 4632 Ec-

160 4664 341 4719 clesia
371 4678 482 4734 pro
512 4661 694 4717 nimiae
725 4663 1042 4720 dilectionis
1078 4665 1275 4721 affectu
1318 4682 1427 4723 non
1457 4667 1604 4724 aliud
1629 4670 1805 4741 quod-

157 4756 304 4810 libet
327 4754 625 4827 poculum,
653 4756 752 4810 sed
785 4764 1022 4812 mustum
1056 4773 1156 4813 suo
1188 4759 1398 4829 praebet
1428 4760 1655 4829 dilecto,
1676 4763 1804 4833 quia

157 4858 447 4904 mustum.
488 4862 609 4901 cum
639 4846 1109 4903 ferventissimum
1151 4858 1254 4915 est,
1308 4868 1592 4923 nunquam
1640 4870 1671 4907 a
1700 4870 1801 4910 suo

153 4937 351 4991 calore
376 4934 651 5006 probatur
702 4934 960 5003 deﬁcere,
1009 4938 1325 5011 priusquam
1368 4941 1537 4996 nimio
1588 4942 1799 4998 fervore

151 5044 262 5084 suo
296 5042 537 5082 onmem
570 5026 975 5083 immunditiam
1000 5046 1032 5085 a
1056 5046 1116 5085 se
1147 5031 1364 5086 videtur
1391 5033 1628 5102 ejicere,
1647 5036 1800 5091 Unde

150 5135 259 5190 per
279 5119 393 5172 hoc
413 5124 661 5171 mustum
685 5119 954 5175 malorum
978 5128 1325 5193 granatorum
1353 5139 1464 5179 non
1495 5124 1799 5201 incongrue

147 5207 424 5282 signatur
459 5202 620 5259 fortis
646 5205 867 5262 dilectio
898 5216 1236 5277 sanctorum,
1268 5212 1386 5281 qui,
1442 5211 1499 5265 in
1541 5214 1799 5283 passione

145 5310 255 5348 sua
287 5294 365 5348 ab
401 5293 563 5348 omni
595 5294 850 5351 vitiorum
877 5297 1043 5352 sorde
1065 5299 1335 5364 mundati,
1365 5308 1470 5355 tam
1505 5300 1795 5359 ferventis-

141 5384 294 5439 sima
338 5383 661 5437 dilectione
699 5385 869 5439 Deum
910 5386 1241 5441 videbantur
1285 5404 1492 5458 amare,
1525 5399 1583 5446 ut
1616 5409 1797 5464 neque

144 5489 331 5539 mors,
380 5486 577 5540 neque
618 5471 901 5529 tribulatio
933 5474 1118 5546 aliqua
1163 5484 1350 5547 posset
1380 5493 1476 5533 eos
1525 5495 1556 5534 a
1601 5480 1798 5537 Christi

143 5561 439 5619 eharitate
485 5572 762 5628 separare.
795 5561 992 5617 Malum
1033 5570 1212 5618 autem
1234 5564 1522 5635 Punicum,
1552 5570 1700 5639 quod
1742 5571 1797 5625 in

137 5653 339 5706 Africa
373 5648 685 5721 plurimum
727 5650 991 5719 abundat,
1045 5654 1249 5709 idcirco
1277 5656 1480 5710 malum
1510 5665 1796 5731 granatum

137 5741 327 5797 dicitu
341 5756 389 5807 r,
427 5735 565 5808 quia
582 5737 749 5794 multa
785 5747 1133 5811 granatorum
1162 5742 1559 5799 numerositate
1592 5746 1795 5801 redun-

1906 4587 2111 4638 remus,
2144 4577 2224 4637 ut,
2265 4568 2395 4640 quia
2424 4582 2534 4621 una
2573 4583 2697 4622 cum
2739 4567 2895 4622 Patre
2952 4575 3007 4622 et
3061 4567 3268 4639 Spiritu
3322 4568 3524 4626 Sancto

1906 4659 2324 4729 unusidemque
2344 4672 2568 4727 semper
2597 4657 2795 4711 mansit
2815 4664 2869 4711 et
2894 4663 3100 4724 manet,
3130 4656 3521 4713 contritionem

1907 4746 2147 4806 nostram
2187 4746 2261 4801 ita
2290 4744 2719 4799 clementissima
2748 4745 3105 4802 miseratione
3129 4745 3242 4814 jam
3274 4752 3429 4801 sanet
3458 4754 3519 4802 ut

1905 4838 1999 4909 qui
2028 4836 2236 4891 sanctis
2262 4833 2375 4888 suis
2402 4832 2457 4886 in
2486 4833 2743 4902 praesenti
2776 4835 2977 4889 saeculo
3001 4851 3099 4905 per
3125 4833 3323 4890 multas
3345 4835 3520 4891 tribu-

1904 4926 2138 4983 lationes
2168 4923 2409 4980 ostendit
2438 4921 2594 4989 dura,
2627 4921 2839 4979 meritis
2879 4940 3070 4979 eorum
3111 4923 3513 4979 intercedenti-

1903 5020 2030 5087 bus,
2065 5026 2119 5074 et
2150 5017 2336 5084 nobis,
2366 5017 2533 5071 etiam
2588 5032 2711 5071 cum
2752 5017 2834 5071 eis
2863 5025 3052 5088 potum
3109 5017 3315 5073 tribuat
3342 5018 3397 5072 in
3434 5020 3513 5074 la-

1901 5113 2100 5183 crymis
2140 5112 2194 5165 in
2248 5126 2528 5175 mensura,
2581 5117 2852 5181 quatenus
2909 5110 3096 5166 divina
3153 5110 3515 5182 inspiratione

1901 5207 2236 5279 compuncti,
2273 5206 2440 5281 digne
2464 5223 2586 5260 cum
2610 5206 2692 5259 eis
2721 5216 2957 5277 cantare,
2976 5206 3253 5276 possimus
3272 5207 3513 5278 elogium

1902 5297 2036 5353 illud
2077 5296 2414 5368 prOpheticai
2452 5296 2829 5368 jubilationis:
2863 5300 3070 5351 Potasti
3104 5312 3198 5352 nos
3229 5299 3352 5352 vino
3378 5314 3517 5352 com-

1894 5389 2224 5457 panctionis.
2257 5386 2410 5452 Quod
2461 5385 2579 5456 ipse
2621 5394 2877 5456 praestare
2926 5385 3204 5458 dignetur,
3252 5386 3343 5458 qui
3390 5402 3514 5441 cum

1901 5479 2059 5534 Patre
2091 5486 2145 5534 et
2169 5478 2375 5549 Spiritu
2402 5478 2603 5533 Sancto
2635 5477 2765 5533 vivit
2795 5484 2849 5532 et
2872 5485 3065 5549 regnat
3088 5478 3145 5533 in
3176 5478 3379 5534 saacula
3409 5492 3513 5530 sa:-

1901 5570 2175 5625 culorum.
2206 5572 2397 5623 Amen.
