4006 6198
398 307 533 361 1023
1369 323 1730 381 BERENGOSI
1770 330 2046 384 ABBATIS
2086 332 2139 384 S.
2182 331 2425 389 MAXIM!
2466 336 2730 394 TREVIR.

1032 448 1251 504 SERMO
1298 452 1385 507 ΙΙΙ.

903 554 969 591 DE
1019 555 1125 594 Ι]Νο
1157 556 1511 600 CONFESSORE.

3598 354 3757 411 1024

2034 467 2085 532 Α
2112 465 2444 533 expressisse
2471 468 2769 523 medullam
2843 471 2979 537 Quia
3009 490 3138 530 vero
3189 493 3288 546 per
3316 477 3501 533 oleum
3557 481 3736 537 mise-

2116 556 2364 613 ricordiae
2416 560 2468 613 in
2527 573 2828 632 conspectu
2871 566 3086 622 Domini
3128 570 3286 640 quasi
3319 570 3543 628 lucerna
3585 591 3749 630 sem-

403 638 477 718 De_
503 656 569 718 eo
601 645 748 712 quod
783 661 894 718 per
944 646 1120 718 legem
1153 650 1333 705 simila
1364 653 1417 705 in
1458 654 1786 709 sacriﬁcium
1830 659 2011 713 offerri

460 709 933 793 jubetur,ubide
974 709 1039 771 ea
1070 720 1310 793 dicitur:
1344 726 1405 777 In
1434 729 1715 793 sartagine
1744 730 1853 782 oleo
1890 746 2011 783 con-

464 797 652 849 siiersa
690 788 967 853 frtgetur;
1017 791 1200 857 offeret
1263 810 1376 848 eain
1425 788 1660 850 calidam
1700 800 1755 851 in
1793 802 2007 855 odorem

463 858 840 911 suavissimam
873 861 1093 915 Domino
1121 866 1393 937 sacerdos,
1427 870 1524 935 qui
1560 872 1710 934 patri
1736 871 1861 937 jure
1889 888 2013 926 suc-

465 930 702 1008 (cesserit,
744 934 793 982 et
851 936 963 984 tota
1018 936 1342 988 cremabitur
1383 930 1458 993 Vin
1511 930 1681 993 altari
1736 930 1880 1008 (Leu.
1934 960 2006 1006 Vl,

462 994 521 1048 21
540 1038 551 1059 ,
581 998 671 1063 22)
685 1040 696 1051 .

462 1108 714 1179 Semper,
757 1111 1098 1168 dilectissimi
1154 1116 1367 1179 fratres,
1403 1120 1585 1177 ﬁdelis
1633 1125 1868 1195 quilibet
1908 1142 2007 1197 per

390 1213 558 1252 sacrae
589 1200 840 1255 lectionis
861 1205 1167 1261 aediﬁcatur
1193 1209 1566 1277 historiam,si
1588 1216 1831 1287 antiquae
1865 1216 2004 1290 legis

388 1301 661 1363 praecepta
701 1299 906 1366 saepius
947 1302 1229 1359 reduxerit
1268 1306 1335 1359 ad
1368 1311 1712 1376 memoriam,
1745 1313 2001 1382 quoniam

380 1379 607 1447 justitiae
640 1383 870 1440 fructum
906 1388 1262 1447 aﬁ'ectuosius
1296 1394 1423 1450 inde
1475 1399 1643 1468 capit,
1685 1400 1729 1453 si
1765 1379 1915 1470 quod
1946 1402 2001 1455 in

383 1474 469 1528 his
501 1479 795 1534 carnaliter
823 1482 955 1554 legit
986 1485 1311 1555 spiritaliter
1340 1493 1502 1562 sapit.
1548 1494 1783 1550 Proinde
1818 1497 1999 1551 chari-

381 1566 475 1620 tati
519 1575 709 1624 vestrae
759 1589 868 1628 non
923 1578 1151 1632 multum
1194 1581 1393 1637 obesse
1426 1594 1701 1654 putamus,
1733 1589 1777 1642 si
1826 1604 1888 1642 ex
1921 1589 2001 1643 di-

356 1658 554 1712 ~versis
583 1664 851 1732 regalium
894 1669 1286 1726 sacriﬁciorum
1318 1676 1638 1747 generibus,
1673 1678 1763 1733 hic
1791 1680 1858 1733 de
1883 1680 2000 1749 plu-

2116 667 2215 720 per
2243 654 2470 708 ardebat
2498 662 2552 709 et
2582 656 2821 723 lucebat,
2879 660 3060 715 oleum
3091 663 3309 730 similae,
3338 665 3394 719 id
3435 675 3519 723 est
3545 670 3741 724 chari-

2115 751 2279 798 tatem
2350 747 2741 804 misericordiae
2787 751 2907 805 sine
2974 754 3385 812 intermissione
3435 759 3728 818 miscebat.

2117 834 2387 891 Recolens
2407 839 2554 892 enim
2586 841 2731 910 apud
2761 858 2823 895 se
2854 844 2986 914 quid
3019 844 3071 898 in
3104 845 3228 921 lege
3251 848 3569 918 jubebatur,
3596 868 3743 908 con-

2112 924 2312 991 spersit
2362 925 2485 980 oleo
2508 926 2765 995 similam,
2807 947 2929 1001 quae
2972 932 3026 986 in
3059 935 3333 1009 sartagine
3361 954 3391 991 a
3422 940 3607 994 cordis
3638 958 3743 997 co-

2111 1011 2404 1082 quebatur,
2453 1017 2675 1086 quando
2718 1034 2818 1087 per
2856 1020 3157 1090 spiritualis
3201 1026 3305 1079 zeli
3362 1026 3734 1085 afﬂictionem

2108 1114 2295 1158 contra
2354 1107 2725 1176 proximorum
2786 1111 2919 1166 vitia
2969 1113 3026 1167 in
3065 1117 3349 1191 sartagine
3406 1121 3610 1175 mentis
3656 1122 3738 1177 ita

2107 1197 2323 1253 solebat
2354 1200 2736 1267 exardescere,
2780 1210 2838 1257 ut
2882 1209 3062 1260 tamen
3093 1205 3172 1276 fex
3212 1210 3477 1279 Operibus
3509 1212 3735 1267 miseri-

2113 1294 2333 1361 cordim,
2366 1295 2421 1349 in
2457 1306 2757 1367 conspectu
2789 1300 3007 1354 Domini
3058 1318 3169 1357 non
3201 1304 3383 1359 minus
3412 1306 3606 1362 ardere
3646 1309 3735 1363 vi-

2113 1384 2338 1439 deretur
2366 1395 2419 1439 et
2446 1386 2772 1442 clarescere.
2817 1389 2971 1444 Unde
3020 1391 3149 1461 quia
3189 1393 3263 1446 nil
3290 1394 3465 1462 juvat,
3506 1397 3552 1449 si
3596 1399 3729 1468 quis

2105 1481 2281 1534 zelum
2314 1482 2665 1537 rectitudinis
2686 1483 2886 1539 habeat
2920 1485 2975 1539 in
3004 1488 3212 1554 animo,
3244 1488 3349 1543 nisi
3382 1506 3481 1561 per
3512 1493 3731 1548 amoris

2106 1574 2289 1646 ignem
2328 1574 2488 1630 bonae
2518 1576 2754 1630 actionis
2785 1578 3112 1635 reclarescat
3156 1597 3220 1635 ex
3250 1583 3467 1651 merito,
3508 1585 3725 1642 idcirco

2103 1666 2189 1720 lex
2219 1667 2441 1737 antiqua
2473 1667 2841 1739 subjungens:
2868 1671 3086 1740 Offeret,
3111 1673 3310 1745 inquit,
3338 1691 3455 1730 eam
3481 1678 3727 1733 calidam

379 1746 533 1801 ribus
567 1767 737 1819 pauca
768 1754 1038 1820 dicamus,
1090 1760 1294 1830 quibus
1324 1746 1573 1832 pontifex
1614 1766 1717 1821 iste
1744 1769 1972 1823 sacratis

379 1837 613 1867 o;m1‘nn
661 1843 812 1867 Ληε.--
847 1845 1163 1867 ι.-,];-ιι-ΑιΑ
1210 1866 1219 1867 ,
1268 1851 1279 1867 1
1323 1852 1334 1867 ι
1593 1855 1603 1865 .
1883 1858 1893 1867 .

2101 1758 2159 1807 in
2212 1755 2423 1809 odorem
2470 1759 2849 1812 suavissimum
2899 1762 3139 1815 Domino.
3201 1761 3390 1817 Simila
3447 1781 3715 1837 namque,

2108 1862 2217 1867 ,μμ
2266 1846 2379 1867 -1--
2419 1862 2703 1867 --_._;__--
2759 1849 2801 1867 ',
2949 1858 2959 1867 .
3044 1852 3054 1861 ο
3166 1852 3225 1867 ι·-
3310 1862 3320 1867 -
3507 1856 3581 1867 ια.
3648 1858 3659 1867 .

379 1837 551 1891 simus
573 1840 633 1892 N.
658 1843 815 1911 cujus
847 1845 1013 1899 hodie
1033 1847 1170 1902 festa
1198 1851 1564 1920 celebramus,
1592 1855 1645 1908 in
1680 1858 1974 1927 exemplun

2098 1862 2220 1918 quae
2261 1846 2385 1900 oleo
2413 1862 2711 1916 conspersa
2758 1849 2812 1903 in
2854 1852 3131 1924 sartagine
3164 1852 3413 1925 frigetur,
3439 1856 3621 1911 calida
3646 1858 3704 1911 in

378 1924 568 1997 Moysi,
626 1929 759 1984 iram
816 1934 1054 2000 Domini,
1108 1954 1221 1993 suae
1266 1956 1603 2014 suorumque
1643 1944 1989 2001 subditorum

374 2021 577 2089 saepius
610 2022 817 2091 placuit
849 2027 1155 2085 animabus.
1190 2032 1319 2087 Cum
1354 2036 1498 2089 enim
1532 2054 1630 2091 sua
1652 2055 1990 2111 suorumque

374 2108 742 2176 sulijectnrum
775 2114 905 2169 vitia
933 2116 1113 2172 adhuc
1143 2130 1328 2177 essent
1359 2124 1413 2177 in
1440 2127 1622 2182 radice
1650 2135 1860 2196 tenera,
1893 2148 1991 2201 per

371 2196 589 2251 diversa
622 2199 882 2273 legalium
917 2208 1313 2264 sacriﬁciorum
1370 2216 1582 2269 curavit
1639 2233 1866 2289 genera,
1918 2220 1986 2273 de

372 2285 574 2355 quibus
602 2288 735 2343 illud
786 2293 949 2347 nobis
998 2297 1085 2351 hic
1127 2299 1400 2370 imprimis
1428 2285 1717 2360 occurrere
1747 2306 1982 2375 videtur,

371 2377 463 2431 ubi
498 2395 598 2449 per
635 2382 813 2455 legem
843 2386 1023 2442 simila
1055 2390 1109 2443 in
1153 2393 1482 2449 sacriﬁcium
1517 2395 1702 2451 offerri
1733 2399 1978 2469 jubetur.

370 2468 507 2532 Quae
537 2472 794 2541 quoniam
831 2478 946 2531 sola
980 2494 1089 2533 non
1121 2488 1299 2551 potest
1333 2485 1610 2541 hominem
1642 2486 1823 2543 facere
1854 2507 1982 2560 per-

369 2555 591 2624 fectum,
617 2562 798 2615 oleum
823 2565 929 2618 sibi
950 2567 1105 2634 juxta
1128 2569 1266 2642 legis
1298 2574 1540 2645 antiquae
1568 2576 1737 2631 debet
1762 2555 1978 2633 misceri

368 2657 726 2720 praeceptum,
762 2655 856 2709 ubi
887 2660 1198 2717 utalterum
1235 2664 1390 2719 alteri
1416 2665 1545 2721 ﬁdei
1586 2669 1785 2725 unitati
1811 2671 1984 2727 socie-

367 2746 474 2800 tur,
518 2741 576 2792 in
629 2748 930 2813 sartagine,
986 2749 1185 2821 inquit,
1231 2754 1340 2807 oleo
1378 2771 1683 2825 conspersa,
1722 2762 1981 2829 frigetur.

364 2826 513 2881 Sicut
544 2831 691 2885 enim
726 2850 822 2903 per
852 2838 1093 2894 similam
1142 2844 1411 2899 munditia
1434 2846 1580 2913 vitae,
1610 2857 1664 2902 et
1686 2865 1784 2918 per
1798 2826 1979 2906 oleum

363 2934 505 2989 Opus
572 2924 967 2984 misericordiae
1016 2932 1299 3006 ﬁguratur,
1350 2936 1421 2990 ita
1464 2955 1562 3007 per
1620 2943 1973 3015 sartaginem,

363 3030 485 3084 quae
500 3016 568 3069 de
583 3017 704 3074 forti
727 3021 868 3078 ferro
880 3025 1139 3094 efﬁcitur,
1159 3030 1462 3100 spiritualis
1480 3034 1581 3088 zeli
1601 3035 1758 3091 fortis
1771 3037 1976 3093 frixura

2095 1937 2320 1991 odorem
2361 1938 2747 1993 suavissimum
2800 1941 3032 1997 Domino
3090 1941 3272 1997 offerri
3301 1944 3551 2015 jubetur,
3582 1948 3723 2017 quia

2094 2028 2202 2081 nisi
2234 2028 2290 2081 in
2322 2028 2507 2082 animo
2539 2029 2779 2085 doctoris
2812 2031 2963 2086 zelus
2999 2032 3204 2087 habeat
3228 2050 3495 2101 amorem,
3531 2037 3722 2092 simila

2092 2134 2202 2173 non
2235 2119 2455 2174 videtur
2504 2119 2705 2175 habere
2753 2122 3010 2178 calorem.
3076 2125 3228 2180 Unde
3281 2127 3540 2182 sacerdos
3605 2129 3710 2185 iste

2091 2212 2373 2282 piissimus
2424 2211 2512 2276 N.,
2563 2213 2658 2281 qui
2691 2213 2747 2267 in
2780 2222 3003 2284 pectore
3056 2218 3258 2272 mentis
3301 2234 3417 2273 suae
3472 2227 3715 2290 quatuor

2087 2302 2347 2356 virtutum
2379 2301 2616 2374 insignia
2646 2305 2895 2376 gerebat,
2939 2321 3035 2376 per
3077 2307 3252 2362 sancti
3284 2309 3388 2362 zeli
3443 2310 3702 2365 ardorem

2088 2396 2324 2451 similam
2366 2398 2505 2451 hanc
2540 2398 2774 2452 calidam
2807 2399 2862 2453 in
2892 2400 3122 2456 odorem
3168 2403 3560 2459 suavissimum
3601 2406 3710 2460 Do-

2088 2490 2238 2543 mino
2270 2490 2475 2560 saepius
2504 2489 2788 2552 offerebat,
2809 2493 3032 2562 quando
3056 2509 3153 2564 per
3178 2494 3381 2550 divinae
3416 2496 3705 2552 charitatis

2086 2578 2290 2651 ignem,
2323 2595 2448 2633 cum
2500 2594 2609 2650 quo
2658 2596 2688 2633 a
2740 2580 3117 2649 proximorum
3169 2583 3435 2639 cordibus
3478 2585 3704 2641 malitiae

2087 2669 2257 2743 trigus
2295 2669 2543 2735 abduxit,
2589 2670 2707 2740 ipse
2747 2671 2802 2724 in
2848 2680 3147 2742 conspectu
3177 2673 3273 2728 Dei
3302 2675 3706 2745 omnipotentis

2084 2779 2305 2834 semper
2332 2764 2465 2818 arsit
2493 2770 2548 2818 et
2579 2763 2777 2818 illuxit.
2820 2764 3013 2820 Adhuc
3051 2766 3216 2820 etiam
3265 2766 3499 2821 similam
3537 2768 3701 2834 hanc,

2084 2871 2395 2926 perquam,
2428 2862 2490 2909 ut
2541 2855 2800 2922 diximus,
2860 2856 3060 2911 mentis
3116 2857 3387 2912 munditia
3428 2858 3699 2929 signatur,

2082 2944 2314 3000 calidam
2370 2944 2426 2997 in
2456 2944 2682 2998 odorem
2738 2944 3120 2999 suavissimum
3161 2944 3395 3001 Domino
3434 2946 3704 3002 obtulisse

2078 3036 2358 3105 probatur,
2394 3033 2617 3103 quando
2651 3049 2720 3087 ne
2764 3032 2819 3086 in
2859 3033 3026 3088 corde
3055 3049 3154 3089 suo
3186 3034 3381 3089 eadem
3422 3035 3604 3089 simila
3632 3035 3700 3089 ﬁ-

362 3102 628 3175 signatur.
673 3108 786 3164 Hoc
808 3113 990 3167 sciens
1046 3116 1127 3170 vir
1150 3117 1254 3172 iste
1286 3122 1667 3178 sanctissimus
1693 3141 1787 3180 cor
1815 3142 1974 3182 suum
2002 3136 2052 3204 (ς
2075 3124 2166 3182 dei
2220 3122 2498 3179 amitteret
2525 3122 2781 3176 calorem.
2846 3138 2943 3193 per
2979 3122 3245 3192 spiritalis
3273 3124 3374 3177 zeli
3414 3125 3700 3179 rectitudi-

361 3196 693 3268 sartaginem
732 3200 989 3267 faciebat,
1016 3204 1068 3258 in
1100 3222 1209 3276 quo
1250 3224 1349 3278 per
1375 3210 1549 3265 zelum
1578 3213 1807 3282 justitiae
1840 3232 1975 3272 con-

360 3289 440 3335 tra
468 3286 841 3352 proximorum
886 3292 1016 3347 vitia
1078 3294 1290 3351 fortiter
1322 3300 1571 3368 ardebat,
1613 3304 1834 3374 quando
1873 3322 1972 3376 pro

358 3370 576 3427 delictis
605 3380 905 3434 errantium
942 3384 1190 3451 ejusdem
1244 3388 1604 3445 districtionis
1643 3391 1699 3445 in
1739 3409 1805 3448 eo
1844 3411 1970 3449 suc-

357 3479 556 3519 census
598 3478 680 3522 est
705 3470 876 3540 furor,
908 3474 979 3529 de
1009 3493 1119 3548 quo
1158 3480 1491 3550 Apostolus:
1533 3483 1664 3550 Quis
1694 3488 1968 3541 scandati-

356 3562 532 3625 zatur,
569 3559 767 3632 inquit,
795 3570 845 3619 et
890 3582 983 3634 ego
1007 3586 1114 3624 non
1151 3578 1329 3627 uror?
1358 3577 1427 3643 (ΙΙ
1477 3575 1597 3630 Cor.
1641 3579 1737 3646 χι.)
1765 3577 1969 3640 Quam-

355 3646 435 3699 vis
492 3648 639 3703 enim
690 3651 745 3704 in
801 3657 1076 3728 sartagine
1108 3660 1288 3715 cordis
1344 3663 1430 3716 sui
1472 3664 1627 3719 valde
1685 3665 1968 3724 videretur

354 3737 606 3804 cruciari,
658 3744 878 3813 quoties
909 3746 1158 3805 inﬁrmos
1200 3767 1447 3824 quosque
1483 3756 1707 3813 videbat
1760 3769 1966 3815 aeterna

353 3828 634 3900 deserere,
675 3843 729 3889 et
773 3837 940 3893 rebus
994 3844 1390 3913 temporalibus
1447 3848 1732 3917 delectari,
1774 3860 1962 3907 contra

351 3923 481 3978 vitia
509 3932 688 3981 tamen
737 3931 1106 3998 proximorum
1148 3935 1224 3990 ita
1272 3953 1495 4009 semper
1545 3941 1813 4012 spiritalis
1860 3946 1963 4000 zeli

352 4019 679 4087 temperavit
708 4022 960 4077 ardorem
986 4033 1043 4080 ut
1073 4034 1223 4082 extra
1252 4031 1533 4099 patientiae
1564 4034 1795 4090 limitem
1822 4055 1965 4092 nun-

350 4120 513 4172 quam
545 4114 640 4161 aut
669 4125 790 4164 raro
833 4128 1081 4184 praeceps
1120 4125 1404 4187 raperetur
1432 4120 1487 4174 in
1522 4121 1781 4178 furorem.
1811 4126 1961 4181 Scie-

350 4197 443 4252 bat
470 4216 710 4273 namque
742 4206 889 4275 quod
936 4209 1305 4281 omnipotenti
1346 4214 1455 4270 Deo
1498 4216 1708 4272 nullum
1749 4221 1961 4275 sacriﬁ-

349 4291 493 4346 cium
519 4300 624 4347 tam
656 4306 867 4366 gratum
898 4307 981 4354 est
1021 4308 1075 4355 et
1098 4312 1203 4356 tam
1232 4305 1458 4360 charum
1490 4311 1958 4380 quemadmodum

348 4394 431 4439 est
460 4386 611 4442 zelus
632 4388 965 4448 animarum.
1006 4393 1157 4450 Unde
1186 4404 1240 4451 et
1270 4398 1731 4476 Psalmographus
1762 4405 1864 4460 hac
1902 4406 1969 4460 in'

2074 3236 2199 3276 nem
2252 3217 2491 3292 geminae
2524 3216 2838 3271 dilectionis
2888 3217 2941 3270 in
3000 3233 3059 3271 se
3090 3218 3374 3272 suscitavit
3425 3234 3691 3274 amorem.

2075 3310 2185 3364 Sed
2214 3315 2269 3362 et
2307 3306 2415 3361 alio
2453 3305 2635 3359 adhuc
2665 3306 2829 3360 modo
2861 3306 3098 3359 similam
3129 3306 3272 3361 hanc
3301 3307 3535 3361 calidam
3578 3308 3690 3361 Deo

2072 3400 2126 3454 in
2148 3400 2374 3455 odorem
2398 3397 2790 3451 suavissimum
2822 3396 3108 3463 oﬂerebat,
3143 3399 3367 3468 quando
3397 3414 3492 3468 pro
3538 3413 3689 3453 com-

2074 3488 2329 3560 passione
2358 3485 2750 3556 proximorum.
2785 3485 2970 3540 oleum
3001 3486 3221 3551 similae,
3255 3486 3308 3540 id
3337 3494 3422 3542 est
3452 3488 3686 3541 charita-

2070 3583 2177 3631 tem
2233 3574 2627 3630 misericordiae
2675 3575 2962 3642 miscebat,
3024 3592 3092 3630 ne
3148 3577 3449 3633 Dominicis
3487 3578 3691 3634 ovibus

2069 3664 2252 3719 minus
2280 3664 2448 3736 digne
2474 3670 2756 3734 putaretur
2809 3680 3071 3735 praeesse,
3128 3666 3174 3721 si
3226 3683 3292 3721 ex
3350 3668 3690 3740 negligentia

2067 3756 2318 3827 pastoris.
2372 3755 2603 3810 alterum
2660 3756 2820 3810 alteri
2845 3757 3129 3814 videretur
3157 3759 3373 3815 deesse.
3425 3760 3503 3815 Ne
3536 3762 3685 3816 enim

2064 3849 2295 3904 alterum
2329 3848 2484 3904 alteri
2526 3849 2582 3901 in
2640 3848 2826 3919 aliquo
2881 3850 3075 3906 deesse
3133 3851 3405 3916 videatur,
3456 3853 3685 3927 dignum

2064 3952 2147 3999 est
2200 3951 2259 3998 ut
2288 3945 2343 3997 in
2384 3943 2646 3999 cordibus
2696 3945 3006 4011 doctorum,
3059 3947 3292 4002 alterum
3347 3948 3505 4003 alteri
3562 3951 3686 4005 sine

2065 4037 2479 4093 intermissione
2537 4039 2852 4104 misceatur,
2914 4041 3171 4109 quoniam
3234 4043 3341 4096 tale
3410 4050 3493 4097 est
3542 4060 3688 4115 Opus

2064 4129 2355 4201 quodlibet
2379 4130 2593 4202 absque
2614 4131 3017 4199 misericordia,
3060 4134 3239 4204 qualis
3270 4134 3391 4189 sine
3429 4134 3554 4190 oleo
3586 4135 3679 4190 lu-

2062 4243 2247 4283 cerna.
2283 4227 2493 4282 Idcirco
2531 4227 2615 4281 vir
2645 4227 2746 4282 iste
2784 4229 3205 4298 probatissimus
3238 4230 3498 4286 frixuram
3545 4248 3675 4287 cor-

2062 4317 2169 4383 dis,
2200 4333 2364 4388 quam
2394 4317 2696 4388 spiritualis
2734 4320 2887 4374 zelus
2943 4321 3162 4395 agebat,
3222 4338 3355 4397 erga
3397 4324 3680 4393 proximos

2058 4422 2190 4462 suos
2211 4407 2334 4462 oleo
2358 4407 2565 4462 laetitiae
2587 4424 2809 4478 semper
2839 4416 3149 4481 temperare
3180 4413 3415 4478 solebat,
3450 4416 3676 4485 quando

348 4497 403 4534 re
429 4483 642 4538 veritati
684 4486 1058 4543 testimonium
1105 4493 1406 4561 perhibens
1433 4495 1502 4550 de
1531 4513 1618 4551 se:
1658 4500 1831 4567 Zelus,
1866 4502 1953 4555 in-
1979 4512 2030 4579 ί)
2057 4495 2307 4563 Clusae"!
2338 4495 2441 4549 Ζθ¹ί
2480 4495 2695 4551 fervore
2747 4512 3066 4566 succensus:
3112 4508 3165 4555 εί
3196 4502 3329 4556 Vitia
3390 4502 3674 4574 SUbjeC‘o‘

345 4571 482 4642 quit,
541 4573 729 4629 domus
803 4582 908 4632 tua:
949 4582 1178 4636 comedit
1214 4600 1294 4637 me
1358 4588 1525 4653 (Psal.
1576 4591 1779 4659 vain).
1844 4592 1951 4647 Sed

344 4662 485 4716 hanc
523 4665 784 4734 spiritalis
820 4669 923 4723 zeli
949 4670 1205 4728 frixuram
1237 4676 1379 4745 Deus
1407 4679 1760 4751 omnipotens
1789 4700 1950 4755 quam

338 4759 622 4840 gratanter
649 4759 903 4830 accipiat,
937 4764 1130 4818 eadem
1175 4766 1258 4821 lex
1299 4770 1746 4828 manifestissime
1791 4775 1955 4830 nobis

337 4844 567 4915 indicat,
598 4851 689 4905 ubi
722 4868 823 4922 per
849 4853 1022 4924 ipsam
1072 4858 1252 4915 simila
1302 4860 1359 4915 in
1396 4862 1727 4920 sacriﬁcium
1768 4866 1948 4923 offerri

331 4933 581 5003 jubetur,
630 4940 700 4995 de
756 4959 863 5014 qua
899 4947 1169 5017 scriptum
1226 4959 1341 5007 est:
1383 4955 1446 5009 In
1498 4959 1779 5024 sartagine
1842 4960 1950 5014 oleo

334 5042 619 5094 conspersa
645 5035 902 5103 frigetur.
930 5038 1074 5093 Nihil
1107 5042 1257 5096 aliud
1284 5053 1368 5100 est
1397 5054 1578 5102 autem
1623 5049 1740 5104 haec
1769 5050 1950 5105 simila

334 5117 391 5170 in
428 5121 723 5193 sartagine,
779 5124 885 5179 nisi
916 5128 1119 5183 munda
1151 5147 1308 5186 mens
1345 5134 1481 5204 justi
1513 5151 1545 5188 a
1580 5135 1834 5191 vitiorum
1865 5138 1950 5192 ni-

332 5202 588 5277 gredine,
630 5210 889 5267 virtutum
945 5217 1236 5273 candidata
1291 5202 1627 5295 similagine,
1670 5242 1793 5296 quae
1851 5243 1949 5297 per

332 5296 600 5367 spiritalis
662 5303 762 5356 zeli
821 5306 1293 5377 sollicitudinem,
1362 5315 1487 5371 oleo
1544 5316 1941 5374 misericordiae

330 5394 462 5441 tunc
488 5388 655 5460 digne
686 5406 982 5464 conspersa
1009 5414 1130 5453 esse
1153 5403 1433 5470 probatur,
1468 5421 1594 5460 cum
1625 5407 1761 5462 alter
1782 5408 1940 5462 alteri

328 5480 384 5534 in
416 5480 683 5536 charitate
712 5486 967 5542 sociatur.
1003 5488 1247 5547 Proinde
1280 5496 1410 5565 quia
1451 5498 1654 5551 munda
1680 5515 1836 5554 mens
1856 5516 1945 5555 sa-

326 5570 567 5626 cerdotis
625 5570 785 5625 istius
837 5577 1190 5633 sacratissimi
1249 5583 1636 5655 principalium
1687 5588 1941 5645 vitiorum

328 5660 382 5713 in
411 5678 470 5715 se
494 5658 764 5713 maculam
803 5662 1045 5719 habebat
1072 5668 1298 5733 nullam,
1342 5688 1451 5726 non
1486 5675 1768 5731 immerito
1799 5678 1950 5751 lega-

330 5751 397 5805 lis
430 5751 593 5818 hujus
622 5750 818 5806 similm
874 5770 1067 5823 puram
1109 5759 1493 5833 sinceramque
1526 5767 1579 5819 in
1630 5785 1688 5822 se
1738 5771 1951 5827 videtur

2055 4599 2173 4637 rum
2219 4599 2446 4638 suorum
2484 4583 2842 4639 districtionis
2886 4587 3072 4660 gladio
3132 4590 3406 4655 mactavit,
3468 4599 3524 4645 et
3577 4610 3690 4662 per-

2051 4674 2333 4729 charitatis
2358 4690 2598 4732 amorem
2631 4678 2878 4741 eosdem,
2920 4695 3062 4750 quos
3110 4680 3327 4752 insequi
3357 4683 3674 4750 videbatur,

2051 4765 2270 4820 amavit.
2315 4766 2467 4821 Unde
2507 4772 2566 4820 ut
2598 4766 2839 4822 sciamus
2875 4769 3011 4839 quid
3040 4770 3109 4823 de
3134 4771 3328 4826 eadem
3364 4773 3545 4828 simila
3585 4774 3672 4830 lex

2053 4857 2214 4912 nobis
2265 4857 2450 4912 adhuc
2494 4858 2810 4913 faciendum
2842 4862 3111 4933 suggerit,
3166 4863 3432 4920 continuo
3470 4866 3670 4921 subin-

2051 4948 2265 5003 ferens:
2326 4949 2520 5018 Offert,
2588 4949 2788 5020 inquit,
2847 4965 2963 5004 eam
3018 4954 3288 5019 sacerdos,
3355 4958 3455 5023 qui
3516 4961 3676 5025 patri

2042 5038 2169 5107 jure
2225 5041 2554 5093 successerit.
2607 5038 2703 5093 llle
2760 5055 3001 5110 namque
3043 5041 3306 5097 sacerdos
3360 5043 3502 5112 patri
3545 5045 3670 5113 jure

2051 5132 2318 5197 succedit,
2352 5132 2447 5202 qui
2481 5133 2585 5187 hoc
2634 5148 2803 5203 Opere
2839 5140 3073 5189 testatur
3101 5134 3250 5206 quod
3281 5136 3481 5203 credit,
3515 5154 3666 5209 quo-

2050 5226 2195 5280 niam
2254 5226 2346 5297 qui
2400 5226 2455 5279 in
2511 5226 2736 5281 servitio
2803 5226 3138 5295 Conditoris,
3195 5228 3305 5283 ﬁde
3364 5236 3419 5284 et
3492 5247 3665 5302 Opere

2045 5319 2345 5375 immobilis
2404 5327 2640 5388 constat,
2730 5322 2932 5375 summi
2981 5323 3287 5379 sacerdotis
3344 5340 3403 5379 se
3491 5324 3663 5382 ﬁlium

2044 5424 2167 5464 esse
2225 5410 2583 5464 demonstrat.
2646 5410 2742 5465 llle
2799 5411 2964 5465 etiam
3018 5413 3280 5468 sacerdos
3338 5415 3477 5484 patri
3536 5432 3665 5471 suc—

2044 5498 2192 5552 cedit
2250 5499 2415 5565 jure,
2499 5500 2592 5570 qui
2673 5500 2730 5553 in
2813 5500 2999 5571 seipse
3069 5501 3304 5557 formam
3382 5505 3659 5575 quodam-

2046 5586 2210 5641 modo
2289 5586 2493 5641 divinae
2584 5588 2827 5643 imitatur
2907 5600 3163 5655 naturae,
3245 5600 3305 5646 ut
3382 5594 3475 5664 qui
3577 5601 3665 5649 est

2052 5681 2122 5736 de
2150 5687 2292 5735 terra
2320 5685 2620 5747 terrestris,
2654 5682 2770 5737 ﬁeri
2804 5686 3023 5739 studeat
3053 5692 3105 5739 et
3137 5686 3207 5739 de
3237 5687 3373 5743 caelo
3397 5686 3659 5744 caelestis.

2052 5774 2142 5830 Sic
2168 5782 2222 5829 et
2265 5775 2368 5831 iste
2398 5778 2655 5832 sacerdos
2695 5777 2890 5832 Christi
2931 5779 3291 5845 dignissimus
3335 5782 3393 5835 N.
3445 5782 3663 5851 pontiﬁ-
