4006 6198
266 299 405 353 1025

1741 286 2106 343 SERMONES.

3450 292 3586 347 1026

262 432 398 487 calis
436 428 604 486 ofﬁcii
638 429 747 483 Deo
774 428 941 501 digne
968 424 1362 497 prosequendo
1398 424 1701 496 negotium,
1735 423 1872 494 patri
1898 428 1949 493 Α
1976 424 2082 478 tics
2104 440 2202 495 per
2230 424 2583 479 dilectionem
2622 424 2879 494 proximi,
2919 425 3182 480 virtutum
3219 427 3419 481 scalam
3462 444 3583 481 cum

266 543 367 581 suo
398 524 612 579 scilicet
651 522 887 589 Christo,
912 522 1036 590 jure
1082 520 1346 575 successit
1377 519 1432 573 in
1463 517 1872 581 sacerdotium;

264 614 486 686 quando
519 628 676 667 mens
718 612 838 679 ejus
870 611 923 664 in
957 625 1145 665 amore
1185 608 1385 662 summi
1417 606 1696 662 Pontiﬁcis
1726 606 1875 659 illius

265 713 384 760 erat
410 705 643 769 intenta,
676 702 769 773 qui
798 717 898 772 per
920 702 1208 771 proprium
1256 701 1572 766 sanguinem
1629 698 1881 751 introivit

262 798 421 853 semel
445 800 503 851 in
532 799 740 861 sancta,
754 799 954 849 aeterna
963 794 1319 862 redemptione
1340 794 1562 845 inventa
1575 790 1762 857 (Hebr.
1778 790 1875 858 ιχ).

266 890 407 945 Patri
435 903 534 943 suo
559 887 687 956 jure
720 885 1055 941 successisse
1088 883 1375 955 probatur,
1404 882 1500 953 qui
1538 882 1689 953 quod
1715 880 1881 937 corde

263 977 520 1041 credidit,
552 990 722 1046 opere
759 974 1101 1037 testabatur;
1133 971 1357 1043 quando
1385 985 1484 1041 pro
1510 984 1697 1024 amore
1729 968 1882 1022 illius

266 1068 337 1119 de
363 1064 563 1119 virtute
590 1060 686 1116 ivit
718 1061 772 1114 in
801 1061 1079 1125 virtutem,
1110 1075 1207 1129 per
1258 1074 1423 1130 quem
1454 1058 1611 1112 corde
1641 1056 1883 1112 creditur

267 1154 342 1207 ad
380 1153 681 1221 justitiam,
737 1165 826 1204 ore
874 1152 1052 1203 autem
1091 1152 1153 1216 ﬁt
1207 1150 1469 1213 confessio
1537 1147 1611 1201 ad
1662 1148 1886 1201 salutem

268 1250 437 1315 (Rom.
462 1246 536 1315 X).
577 1243 719 1299 Patri
777 1258 877 1297 suo
902 1242 1027 1311 jure
1067 1242 1355 1307 successit,
1410 1241 1501 1312 qui
1536 1242 1589 1295 in
1624 1241 1887 1295 interiore

270 1336 494 1392 homine
550 1350 650 1390 suo
703 1334 930 1389 formam
979 1333 1390 1403 quodammodo
1434 1332 1735 1387 divinitatis
1792 1348 1888 1385 ex-

271 1426 498 1497 pressit;
542 1425 764 1496 quando
793 1424 861 1477 ad
893 1425 999 1478 hoc
1019 1424 1454 1497 cogitationibus
1480 1423 1639 1478 malis
1672 1431 1727 1478 et
1759 1437 1888 1493 Ope-

269 1515 420 1568 ribus
452 1511 786 1567 renuntiavit
825 1512 1072 1575 incestis,
1110 1520 1170 1566 ut
1197 1513 1291 1583 qui
1325 1512 1557 1582 portavit
1588 1510 1884 1584 imaginem

268 1601 499 1667 terreni,
532 1606 777 1672 portaret
828 1605 883 1654 et
927 1600 1225 1674 imaginem
1274 1600 1535 1655 cmlestis.
1594 1599 1735 1654 Patri
1776 1613 1878 1653 suo

262 1691 387 1759 jure
409 1689 694 1753 successit,
727 1689 819 1760 qui
853 1688 908 1742 in
930 1688 1095 1743 corde
1123 1687 1270 1744 bono
1293 1689 1595 1759 etoptimo,
1629 1705 1735 1744 nec
1765 1689 1879 1742 vir—
1907 1725 1957 1791 Β

269 1782 481 1837 tutibus
509 1797 754 1853 unquam
782 1780 1016 1848 obstitit,
1059 1796 1160 1836 nec
1198 1780 1350 1836 vitiis
1406 1783 1606 1847 cessit;
1657 1781 1880 1853 quando

270 1873 544 1929 nobilitati
576 1873 800 1937 mentis,
834 1888 940 1943 qua
970 1871 1027 1925 in
1057 1871 1266 1928 Christo
1292 1873 1442 1927 visus
1467 1879 1552 1927 est
1582 1872 1885 1939 nobilitari,

272 1978 503 2033 Operum
535 1976 758 2016 suorum
792 1961 1138 2036 ignobilitate
1185 1961 1501 2017 nullatenus
1537 1963 1754 2017 volebat
1783 1962 1890 2016 dis-

270 2051 550 2107 cordando
572 2050 845 2105 reluctari.
891 2050 982 2105 Sic
1026 2059 1081 2106 et
1110 2066 1233 2115 nos,
1267 2051 1614 2107 dilectissimi
1674 2051 1888 2118 fratres,

270 2145 328 2196 in
358 2142 672 2212 exemplum
701 2142 802 2195 viri
855 2140 1014 2197 istius
1066 2142 1447 2207 sacratissimi,
1508 2145 1613 2199 hoc
1671 2159 1894 2214 semper

271 2234 622 2290 elaboremus
664 2234 969 2303 insomnes,
997 2240 1058 2290 ut
1087 2234 1181 2289 ﬁlii
1236 2236 1585 2291 nominemur
1633 2242 1688 2291 et
1716 2236 1892 2290 simus

270 2323 443 2387 illius,
488 2322 583 2394 qui
628 2323 731 2376 ait:
783 2325 897 2391 Ego
943 2323 1108 2377 dimi:
1164 2326 1255 2379 Dii
1281 2327 1407 2379 estis
1445 2328 1495 2379 et
1533 2326 1640 2394 ﬁlii
1675 2326 1895 2380 Excelsi

272 2431 453 2470 omnes
481 2414 651 2482 (Psal.
686 2418 890 2481 LXXXI);
933 2430 1002 2469 ne
1056 2415 1213 2487 regni
1271 2416 1514 2471 coelestia
1570 2416 1892 2471 exhaeredes

277 2504 335 2557 in
376 2510 676 2573 conspectu
710 2502 909 2557 summi
935 2502 1140 2570 judicis
1176 2503 1510 2575 quandoque
1544 2503 1894 2558 inveniamur

280 2594 380 2661 rei,
412 2594 506 2665 qui
538 2594 681 2649 hunc
720 2593 1130 2648 sanctissimum
1175 2594 1351 2649 virum
1393 2594 1668 2650 transtulit
1721 2595 1778 2649 in
1826 2594 1894 2648 li-

279 2683 548 2738 bertatem
570 2682 758 2757 gloriae
790 2681 1029 2737 ﬁliorum
1062 2681 1179 2736 Dei.
1213 2682 1267 2736 Si
1296 2682 1466 2747 enim,
1501 2683 1621 2752 ejus
1643 2683 1896 2754 exempla

277 2778 601 2844 sequentes,
649 2770 799 2842 quod
828 2771 1037 2826 bonum
1069 2777 1153 2825 est
1190 2770 1427 2826 invicem
1461 2772 1714 2826 volumus
1754 2772 1897 2827 bene

278 2865 560 2938 Operando
598 2864 818 2932 sectari,
850 2864 1029 2920 simila
1067 2864 1162 2919 illa
1203 2864 1344 2938 legis
1404 2864 1461 2918 in
1501 2865 1657 2920 altari
1717 2865 1899 2921 cordis

281 2962 395 3009 tota
426 2954 708 3009 videretur
725 2953 979 3018 cremari,
1009 2953 1077 3007 de
1099 2969 1207 3025 qua
1233 2953 1428 3008 eadem
1458 2955 1546 3009 lex
1569 2954 1896 3026 praecipien-

1976 512 2188 585 angelis
2204 512 2676 568 descendentibus
2691 513 3010 577 descendit;
3036 515 3415 571 holocaustum
3432 534 3584 583 vero,

1978 603 2200 674 quando
2228 618 2328 674 per
2369 602 2725 656 dilectionem
2769 601 2861 654 Dei
2922 603 3172 656 eamdem
3213 605 3411 659 scalam
3463 623 3585 660 cum

1981 690 2194 762 angelis
2213 689 2643 746 ascendentibus
2668 690 2931 744 ascendit.
2965 690 3301 745 Sacriﬁcium
3322 691 3423 748 fuit
3442 712 3587 766 quo-

1983 782 2088 837 ties
2120 783 2414 838 Dominicis
2449 782 2848 837 lncarnationis
2880 782 3051 853 pedes
3089 798 3210 837 cum
3256 784 3421 839 Maria
3453 802 3589 856 pecu

1983 875 2184 930 catrice
2241 874 2497 945 lacrymis
2563 874 2901 945 poenitentiae
2983 874 3142 941 lavit;
3212 875 3589 932 holocaustum

1983 978 2112 1018 vero
2160 963 2380 1034 quoties
2419 962 2552 1018 boni
2593 963 2777 1033 operis
2834 970 3118 1035 unguento
3176 974 3339 1034 caput
3393 967 3595 1021 mentis

1984 1051 2158 1122 ipsius
2198 1051 2502 1106 divinitatis
2566 1068 2785 1106 summa
2829 1052 3046 1107 levavit.
3113 1053 3451 1109 Sacriﬁcium
3498 1056 3597 1110 fuit

1986 1140 2206 1211 quando
2235 1141 2289 1194 in
2332 1140 2622 1210 praesentis
2650 1140 2774 1195 vita:
2806 1157 2968 1198 cursu
3006 1158 3037 1195 a
3085 1144 3468 1213 temporalium
3512 1162 3595 1198 re-

1987 1246 2106 1284 rum
2139 1246 2345 1292 amore,
2378 1230 2534 1302 quasi
2566 1246 2689 1285 cum
2738 1232 2905 1286 Jacob
2952 1232 3006 1285 in
3066 1233 3262 1288 itinere
3291 1234 3553 1290 dormivit
3581 1254 3595 1299 ;

1990 1324 2368 1381 holocaustum
2416 1340 2569 1393 vero,
2602 1327 2847 1398 quando,
2888 1328 3145 1383 virtutum
3188 1331 3348 1384 scalae
3376 1346 3498 1385 cum
3532 1347 3597 1385 eo

1987 1418 2229 1488 desuper
2268 1417 2510 1484 innixus,
2553 1434 2653 1489 per
2687 1420 3168 1489 contemplationis
3225 1422 3468 1492 speciem
3530 1424 3597 1477 ad

1988 1509 2097 1564 alta
2128 1510 2398 1565 transivit.
2441 1510 2777 1565 Sacriﬁcium
2818 1510 2936 1578 fuit,
2994 1512 3216 1583 quando
3248 1514 3452 1584 populo
3506 1516 3596 1569 Dei

1984 1607 2262 1669 praecepta
2291 1597 2432 1671 legis
2475 1599 2836 1654 historialiter
2879 1601 3234 1664 annuntians,
3269 1604 3424 1674 quasi
3475 1620 3596 1658 eum

1986 1691 2169 1763 Moyse
2185 1692 2253 1746 de
2276 1698 2462 1747 monte
2484 1693 2804 1759 descendit;
2838 1695 3218 1750 holocaustum
3251 1712 3404 1764 vero,
3425 1715 3601 1769 quan-

1990 1784 2061 1840 do
2110 1800 2175 1839 ea
2204 1784 2529 1855 spiritaliter
2585 1785 2891 1852 excutiens,
2933 1787 3090 1858 quasi
3129 1803 3254 1841 cum
3312 1788 3494 1861 Moyse
3546 1792 3600 1845 in

1991 1882 2235 1931 montem
2288 1876 2557 1931 ascendit.
2594 1876 2933 1931 Sacrificium
2987 1877 3106 1943 fuit,
3160 1880 3381 1949 quando
3414 1881 3601 1935 humi-

1993 1967 2130 2023 liora
2148 1967 2240 2021 Dei
2260 1968 2521 2022 mandata
2546 1968 2719 2023 turbae
2741 1970 2969 2023 daturus
3000 1969 3264 2039 pedestri,
3297 1972 3451 2041 quasi
3480 1989 3601 2027 cum

1989 2056 2118 2111 Jesu
2150 2055 2499 2111 descendens
2524 2057 2594 2111 de
2630 2064 2838 2123 monte,
2868 2057 3019 2113 stetit
3048 2058 3102 2112 in
3129 2058 3248 2114 loco
3277 2062 3604 2131 campestri;

1991 2147 2375 2204 holocaustum
2408 2165 2537 2204 vero
2561 2150 2784 2220 quando
2824 2150 3196 2220 subjectorum
3228 2152 3515 2219 cordibus,
3544 2170 3608 2207 ex
3642 2196 3647 2201 .

1994 2253 2062 2292 eo
2093 2238 2240 2309 quod
2272 2237 2517 2308 pontifex
2548 2245 2685 2303 erat,
2727 2240 2794 2293 ad
2835 2255 3111 2294 summum
3167 2240 3483 2311 pontiﬁcem
3537 2242 3610 2296 fa-

1995 2327 2149 2381 ciens
2176 2334 2426 2397 pontem,
2459 2327 2615 2397 quasi
2638 2343 2760 2382 cum
2794 2328 2943 2393 Jesu,
2967 2328 3168 2383 videns
3199 2330 3385 2384 turbas
3415 2346 3608 2385 ascen-

1995 2415 2075 2470 dit
2126 2415 2180 2469 in
2245 2422 2510 2470 montem.
2571 2414 2909 2471 Sacriﬁcium
2973 2417 3092 2484 fuit,
3148 2419 3372 2490 quando
3447 2422 3607 2492 quid-

1995 2505 2128 2577 quid
2159 2505 2213 2558 in
2254 2512 2436 2560 mente
2494 2521 2593 2559 sua
2621 2506 2883 2561 vitiosum
2917 2523 3037 2561 esse
3088 2508 3481 2578 deprehendit,
3521 2528 3609 2568 sa-

1996 2595 2317 2650 cerdotibus
2346 2594 2566 2662 Christi,
2585 2595 2739 2664 juxta
2763 2606 3096 2667 praeceptum
3122 2599 3389 2665 veritatis,
3424 2611 3613 2657 osten-

1998 2685 2113 2751 dit;
2145 2687 2528 2741 holocaustum
2558 2702 2714 2753 vero,
2743 2688 2966 2758 quando
2996 2704 3106 2758 prze
3140 2689 3427 2746 nobilitate
3460 2709 3612 2747 men-

1999 2779 2087 2844 tis,
2149 2795 2311 2850 quam
2353 2794 2415 2833 ex
2453 2779 2773 2851 cognitione
2826 2779 3127 2835 divinitatis
3178 2782 3340 2836 traxit
3392 2785 3613 2852 eximia,

1998 2871 2259 2927 virtutum
2290 2870 2391 2925 alis
2429 2870 2499 2924 de
2531 2870 2655 2924 imis
2693 2886 2913 2941 semper
2961 2871 3163 2926 volavit
3215 2872 3283 2927 ad
3333 2874 3610 2930 sublimia.

2001 2958 2338 3015 Sacriﬁcium
2389 2958 2509 3027 fuit,
2560 2959 2783 3031 quando
2844 2959 3169 3013 renuntians
3237 2962 3462 3031 saeculo,
3517 2964 3616 3018 sed

284 3046 358 3103 do
384 3045 766 3100 subinferens:
807 3048 879 3100 Et
920 3049 1050 3112 tota,
1101 3045 1299 3116 inquit,
1342 3047 1670 3101 cremabitur
1710 3048 1773 3101 in
1811 3047 1898 3100 αι·
1923 3074 1973 3144 C
2001 3049 2245 3104 nondum
2280 3047 2525 3119 perfecte
2554 3048 2844 3102 adhaerens
2882 3047 3136 3111 Domino,
3176 3050 3332 3119 quasi
3373 3066 3495 3105 cum
3528 3053 3615 3107 Ja-

285 3136 599 3206 tari(Levit.
632 3135 725 3204 γι).
757 3134 862 3188 Per
892 3134 995 3189 hoc
1039 3134 1211 3189 altare
1241 3134 1379 3189 nihil
1408 3135 1583 3204 aliud,
1605 3135 1711 3189 nisi
1744 3134 1896 3206 puri-

291 3230 374 3279 tas
400 3224 600 3279 mentis
629 3223 860 3296 intelligi
896 3223 1132 3289 videtur,
1175 3240 1299 3295 quae
1329 3241 1440 3280 non
1471 3226 1651 3281 solum
1684 3226 1900 3281 sacriﬁ-

291 3321 463 3383 cium,
485 3317 586 3371 sed
616 3316 780 3371 etiam
812 3316 1195 3371 holocaustum
1220 3318 1332 3373 Deo
1363 3333 1487 3373 esse
1529 3319 1855 3389 perhibetur
1887 3337 1901 3385 ;

290 3404 340 3459 si
370 3413 551 3459 tamen
586 3419 682 3475 pro
723 3403 1027 3458 animarum
1069 3405 1245 3458 salute
1285 3405 1358 3459 ita
1389 3405 1444 3458 in
1486 3422 1553 3460 ea
1596 3406 1752 3461 fortis
1805 3406 1906 3461 zeli

293 3496 502 3552 frixura
531 3496 818 3563 fervescat,
857 3505 920 3551 ut
954 3496 1349 3551 misericordiae
1391 3497 1563 3551 virtus
1596 3498 1652 3551 in
1703 3514 1769 3552 ea
1797 3513 1910 3553 non

297 3587 487 3642 minus
515 3587 704 3641 ardeat
734 3594 790 3641 et
816 3588 1100 3641 clarescat.
1132 3585 1306 3641 Aliter
1331 3586 1479 3641 enim
1505 3588 1911 3657 holocaustum,

295 3680 451 3752 quod
472 3680 638 3735 latine
660 3688 832 3736 totum
855 3680 1143 3734 incensum
1172 3680 1395 3747 dicitur,
1428 3696 1459 3734 a
1478 3679 1629 3736 nullo
1661 3680 1910 3736 ﬁdelium

296 3772 358 3825 in
385 3771 615 3826 veritate
644 3769 945 3841 perﬁcitur,
994 3770 1103 3825 nisi
1144 3787 1243 3842 per
1276 3786 1478 3826 amoris
1509 3771 1715 3843 ignem,
1750 3788 1914 3844 quem

297 3862 499 3937 legalis
551 3863 640 3917 ille
688 3863 832 3937 ignis
870 3861 1194 3933 spiritaliter
1226 3860 1446 3936 ﬁgurat,
1492 3877 1659 3918 omne
1701 3863 1915 3932 vitium,

296 3955 454 4027 quod
479 3955 533 4008 in
553 3954 719 4009 corde
750 3969 850 4009 suo
880 3954 1021 4008 male
1047 3954 1262 4024 strepit,
1294 3960 1504 4009 exurat.
1551 3954 1725 4022 Unde,
1767 3956 1917 4027 quia,

301 4045 364 4099 in
396 4050 702 4114 conspectu
730 4042 1003 4105 Dei,sicut
1027 4057 1198 4097 sacrae
1221 4041 1512 4112 Scriptum
1536 4041 1917 4112 testaturjudi-

300 4136 475 4201 cium,
533 4135 912 4190 holocaustum
969 4134 1147 4202 majus
1193 4140 1278 4188 est
1333 4149 1497 4204 quam
1552 4132 1921 4201 sacriﬁcium;

305 4226 440 4282 ideo
463 4239 694 4279 necesse
720 4228 803 4278 est
839 4229 898 4277 ut
934 4223 1326 4294 unusquisque
1356 4222 1606 4277 ﬁdelium
1634 4238 1733 4293 per
1755 4223 1928 4278 sacri-

310 4317 499 4373 ﬁcium
545 4314 725 4369 laudis
763 4313 897 4384 quid
928 4313 1127 4368 debeat
1156 4315 1267 4368 Deo
1299 4324 1354 4368 et
1386 4313 1520 4385 quid
1579 4314 1829 4384 proximo
1855 4313 1929 4369 ita

2003 3138 2106 3194 cob
2161 3138 2303 3209 pede
2358 3137 2540 3193 adhuc
2583 3136 2986 3193 claudicaverat
3032 3152 3176 3199 uno;
3235 3138 3617 3195 holocaustum

2004 3242 2157 3293 vero,
2190 3226 2416 3299 quando
2447 3226 2589 3281 alius
2645 3225 2695 3280 ei
2740 3241 2838 3295 pes
2889 3242 2957 3279 ex
3011 3240 3079 3280 eo
3132 3242 3300 3281 sanus
3332 3230 3619 3295 remansit,

2008 3321 2154 3392 quod
2185 3320 2242 3373 in
2290 3320 2477 3375 animo
2506 3319 2627 3387 ejus
2661 3317 2894 3373 transire
2934 3317 3226 3374 videbatur
3274 3334 3438 3375 omne
3472 3322 3620 3390 quod

2010 3407 2224 3463 transit.
2290 3407 2626 3463 Sacriﬁcium
2698 3407 2817 3471 fuit,
2887 3407 3111 3479 quando
3179 3408 3422 3464 militans
3489 3410 3623 3479 Deo,

2013 3499 2249 3572 negotiis
2297 3498 2656 3554 saecularibus
2712 3514 3059 3569 nequaquam
3093 3515 3153 3554 se
3193 3500 3518 3571 implicavit,
3568 3513 3628 3558 ut

2014 3586 2065 3641 ei
2123 3587 2384 3656 placeret,
2438 3585 2527 3639 cui
2588 3601 2649 3639 se
2698 3586 2988 3654 probavit;
3048 3588 3427 3645 holocaustum
3472 3608 3625 3660 vero,

2015 3678 2237 3750 quando
2268 3678 2468 3731 divinae
2522 3676 2972 3746 contemplationi
3027 3694 3249 3745 vacans,
3300 3689 3355 3735 et
3411 3683 3628 3753 placere

2019 3764 2353 3819 desideravit
2411 3763 2794 3826 nihilominus,
2852 3765 2921 3819 de
2980 3781 3088 3836 quo
3144 3767 3628 3843 Psalmographus:

2028 3859 2244 3923 Vacate,
2298 3857 2501 3928 inquit,
2533 3860 2582 3910 et
2605 3857 2803 3922 uidete,
2827 3859 3080 3927 quoniam
3106 3874 3201 3926 ego
3226 3875 3344 3915 sum
3375 3865 3633 3918 Dominus

2021 3948 2188 4019 (Psat.
2222 3947 2360 4018 xcv).
2401 3946 2740 4003 Sacriﬁcium
2794 3946 2915 4013 fuit,
2966 3950 3209 4020 quando,
3271 3968 3381 4021 pra:
3438 3953 3637 4009 timore

2023 4036 2280 4108 supplicii
2311 4036 2545 4102 deﬂens,
2579 4035 2735 4107 quasi
2780 4052 2904 4091 cum
2943 4039 3053 4091 Axa
3093 4036 3205 4092 ﬁlia
3252 4037 3475 4110 Caleph,
3510 4042 3638 4096 irri-

2026 4125 2438 4200 guumiaceepit
2467 4124 2737 4193 inferius;
2799 4126 3179 4181 holocaustum
3213 4119 3364 4196 vero,
3417 4133 3642 4202 quando

2029 4234 2128 4289 pro
2161 4216 2313 4289 regni
2354 4216 2595 4272 caelestis
2631 4232 2820 4273 amore
2883 4217 3201 4288 deplorans,
3255 4236 3377 4275 cum
3447 4223 3640 4277 eadem

2032 4314 2142 4367 Axa
2191 4311 2453 4387 irriguum
2496 4311 2743 4381 possedit
2769 4313 3029 4383 superius
3092 4313 3288 4368 Verum
3320 4316 3451 4386 quia
3487 4316 3648 4372 sufﬁ-

312 4407 615 4482 diligenter
651 4379 918 4469 attendat,
973 4410 1032 4458 ut
1074 4420 1171 4475 per
1211 4379 1493 4459 charitatis
1544 4379 1728 4476 ignem
1760 4412 1926 4461 totam
1950 4379 2007 4446 D
2033 4401 2244 4457 cienter
2275 4379 2389 4469 jam
2421 4379 2625 4455 dictum
2651 4407 2733 4455 est
2771 4379 2870 4471 per
2899 4417 3067 4456 sacrae
3098 4379 3355 4458 lectionis
3379 4404 3647 4474 judicium

313 4505 560 4555 mentem
602 4512 756 4551 suam
782 4496 838 4550 in
876 4511 1061 4551 amore
1095 4495 1403 4551 Conditoris
1433 4497 1710 4551 incendat.
1738 4496 1926 4552 Sacri-

316 4588 507 4644 ﬁcium
535 4601 773 4657 namque
802 4583 981 4651 offert,
1017 4585 1111 4655 qui
1146 4585 1469 4654 temporalia
1508 4586 1652 4640 bona
1682 4602 1804 4641 cum
1841 4587 1932 4642 Lia

320 4688 379 4736 et
411 4679 615 4732 Martha
655 4678 798 4732 bene
826 4675 1190 4730 ministrando
1219 4674 1387 4730 Deum
1434 4675 1637 4746 placat;
1670 4676 1931 4731 holocau-

321 4781 467 4827 stum
496 4785 647 4837 vero,
680 4769 775 4840 qui
822 4785 945 4824 cum
980 4768 1215 4825 Rachele
1252 4774 1308 4823 et
1355 4767 1523 4822 Maria
1566 4768 1765 4823 divine
1795 4783 1933 4824 con-

325 4863 669 4933 templationi
719 4863 978 4919 attentius
1028 4870 1200 4917 vacat.
1257 4860 1594 4917 Sacriﬁcium
1630 4860 1806 4929 offert,
1842 4863 1939 4934 qui

327 4956 686 5012 historialiter
721 4956 857 5030 legit
885 4956 1035 5027 quod
1091 4956 1245 5027 virga
1293 4955 1447 5010 arida
1484 4955 1765 5026 quondam
1810 4972 1943 5027 pro-

328 5049 456 5106 tulit
486 5048 674 5103 florem
699 5066 716 5112 ;
747 5048 1123 5103 holocaustum
1153 5062 1303 5114 vero,
1337 5048 1430 5118 qui
1464 5048 1784 5118 Spiritaliter
1811 5065 1940 5103 cre-

328 5141 412 5195 dit
438 5139 586 5211 quod
640 5137 850 5192 innuba
878 5138 1030 5212 virgo
1060 5137 1277 5208 peperit
1305 5138 1668 5192 Salvatorem.
1726 5136 1947 5192 Sacriﬁ-

328 5229 475 5285 cium
508 5225 687 5295 oﬂ'ert,
715 5227 808 5298 qui
841 5227 1121 5282 sacularis
1148 5225 1613 5296 concupiscentia
1641 5226 1794 5281 lucra
1819 5227 1949 5282 reli-

332 5318 456 5392 quit
481 5334 605 5373 cum
646 5317 926 5383 Matthaao;
969 5316 1349 5372 holocaustum
1379 5331 1529 5383 vero,
1560 5316 1653 5387 qui
1685 5316 1945 5372 virtutum

332 5407 547 5464 meritis
575 5405 828 5461 arborem
868 5406 1044 5461 crucis
1090 5405 1340 5461 ascendit
1369 5421 1494 5460 cum
1535 5405 1785 5461 Zachceo.
1842 5406 1944 5460 Sa-

333 5495 603 5555 criﬁcium
634 5494 802 5568 igitur
833 5504 889 5549 et
915 5495 1021 5550 iste
1041 5495 1125 5549 vir
1153 5495 1533 5550 sanctissimus
1571 5494 1693 5563 fuit,
1727 5495 1949 5565 quando

334 5585 525 5640 divina
578 5582 1050 5652 contemplatione
1106 5598 1431 5652 suspensus,
1488 5591 1656 5637 totam
1707 5592 1950 5638 mentem

337 5678 468 5753 igne
498 5673 674 5732 divini
722 5673 924 5730 amoris
966 5674 1247 5739 incendit;
1286 5671 1618 5728 sacriﬁcium
1660 5673 1780 5739 fuit,
1811 5689 1953 5743 quo-

2031 4489 2265 4562 qualitcr
2300 4489 2383 4543 vir
2412 4489 2513 4543 iste
2544 4488 2850 4560 piissimus,
2887 4496 2941 4544 et
2982 4490 3366 4547 holocaustum
3399 4491 3567 4548 ﬁebat
3594 4502 3650 4549 et

2032 4581 2386 4641 sacriﬁcium,
2421 4589 2587 4637 restat
2624 4590 2684 4636 ut
2723 4583 2984 4654 quoniam
3027 4584 3180 4639 locus
3209 4594 3266 4639 et
3295 4594 3515 4656 tempus
3563 4587 3653 4642 hic

2035 4690 2095 4730 se
2162 4673 2363 4749 ingerit
2408 4683 2741 4743 opportune,
2810 4674 3053 4729 breviter
3103 4676 3349 4731 dicamus
3407 4679 3653 4749 qualiter

2040 4773 2334 4837 utrumque
2353 4766 2463 4820 Deo
2493 4781 2551 4819 se
2582 4764 2847 4821 offerebat
2875 4766 2931 4819 in
2962 4781 3285 4834 commune;
3320 4768 3650 4825 sacriﬁcium

2044 4870 2283 4927 namque
2320 4862 2374 4909 et
2402 4854 2781 4909 holocaustum
2828 4855 3025 4909 obtulit
3078 4857 3209 4923 Deo,
3244 4858 3467 4928 quando
3497 4875 3655 4915 reco-

2042 4948 2164 5003 lens
2190 4945 2320 5017 quid
2352 4944 2580 4999 deberet
2605 4946 2715 5000 Deo
2755 4952 2809 4999 et
2861 4947 2990 5016 quid
3029 4949 3296 5017 proximo,
3333 4949 3512 5004 reddit
3538 4966 3660 5020 quin

2043 5045 2171 5095 sunt
2191 5041 2418 5095 Gwsaris
2437 5040 2655 5105 Caesari,
2673 5044 2722 5093 et
2741 5055 2860 5109 qum
2876 5045 3002 5095 sunt
3022 5044 3120 5097 Dei
3141 5045 3244 5097 Deo
3267 5044 3479 5115 (Matth.
3507 5047 3658 5115 xxu).

2047 5128 2385 5184 Sacriﬁcium
2408 5137 2462 5182 et
2485 5126 2864 5183 holocaustum
2887 5132 2994 5184 Deo
3026 5146 3146 5186 esse
3177 5133 3407 5203 cupivit,
3439 5136 3662 5206 quando

2049 5221 2107 5275 in
2138 5218 2551 5274 tabernaculum
2610 5219 2846 5286 Domini,
2878 5222 3035 5291 quasi
3075 5238 3199 5278 cum
3260 5224 3443 5296 Moyse
3469 5228 3662 5282 crebro

2051 5308 2270 5363 intravit
2303 5312 2356 5362 et
2382 5306 2551 5360 exivit
2606 5307 2948 5364 Sacrificium
2979 5311 3226 5382 quidem,
3268 5315 3512 5385 quando,
3566 5332 3665 5387 pro

2049 5401 2367 5458 inﬁrmitate
2406 5399 2800 5471 proximorum,
2859 5402 2916 5456 in
2983 5404 3070 5459 his
3133 5421 3256 5475 quae
3311 5409 3498 5462 saeculi
3538 5417 3667 5462 sunt

2053 5492 2405 5548 laudabiliter
2421 5491 2620 5558 exivit;
2647 5493 3025 5550 holocaustum
3045 5512 3192 5558 vero.
3214 5498 3459 5568 quando,
3479 5497 3667 5551 divina

2053 5579 2519 5651 contemplatione
2578 5597 2903 5651 suspensus,
2969 5584 3026 5637 in
3077 5584 3162 5638 his
3212 5601 3335 5654 quae
3394 5584 3489 5637 Dei
3524 5590 3668 5654 [sunt

2056 5674 2338 5732 humiliter
2397 5673 2635 5730 intravit.
2697 5676 3039 5733 Sacrificium
3121 5677 3510 5732 holocaustum
3552 5674 3657 5729 fuit
