4006 6198
430 301 565 354 1027

1407 288 1771 343 BERENGOSI
1815 286 2091 341 ABBATIS
2133 287 2188 340 S.
2232 286 2468 340 ΜΑΧΙΜΙ
2510 285 2776 339 TREVIR.

3630 284 3781 338 1028

430 429 652 499 quando
710 432 763 479 et
813 422 1029 478 lumbos
1082 420 1284 474 mentis
1335 436 1450 473 sum
1506 419 1768 472 castitatis
1801 416 2038 471 habebat
2063 420 2116 486 Α
2143 416 2262 485 ipso
2285 431 2383 485 per
2430 414 2783 469 dilectionem
2815 412 3048 484 proximi
3082 413 3211 469 huic
3251 412 3415 486 legali
3463 411 3663 499 simila!
3691 412 3779 463 sic

430 520 633 575 virtute
676 516 1027 589 pra'cinctos;
1058 521 1113 567 et
1151 520 1334 566 tamen
1368 511 1484 581 ipse
1506 509 1777 564 bonorum
1810 523 2039 578 operum

429 611 685 683 lampade
715 626 826 663 non
856 623 1040 661 minus
1066 621 1248 660 coram
1300 604 1409 657 Deo
1450 602 1695 673 fulgebat
1737 602 1912 663 intus;
1954 616 2044 653 se-

430 723 610 779 quens
636 703 894 758 videlicet
923 701 979 754 in
1021 702 1123 754 hoc
1147 698 1379 772 gratiam
1426 694 1756 750 vivificantis
1794 695 2040 765 spiritus,

431 807 625 855 etnon
658 794 964 851 occidentis
1014 791 1231 856 litterze,
1284 790 1411 843 dum
1463 794 1518 842 et
1570 786 1702 841 illud
1732 786 1904 842 voluit
1964 784 2044 839 fa-

432 908 578 957 cere,
612 898 667 946 et
700 889 844 944 istud
876 902 986 942 non
1035 885 1311 941 omittere.
1348 883 1472 937 Haec
1509 881 1694 953 igitur,
1725 881 1919 935 fratres
1957 878 2044 932 di-

432 984 738 1048 lectissimi,
765 996 888 1052 quaa
920 980 986 1032 de
1015 979 1117 1032 hoc
1143 976 1490 1030 sanctissimo
1519 974 1636 1029 viro
1664 974 1775 1041 jam
1810 971 2049 1025 diximus

431 1077 745 1152 specialiter
773 1075 841 1129 ad
884 1071 1257 1141 nosmetipsos
1312 1069 1520 1124 referre
1554 1082 1847 1139 possumus
1875 1080 2047 1137 gene-

433 1171 649 1233 raliter;
682 1165 943 1238 quoniam
977 1163 1021 1216 si
1050 1162 1335 1232 praemium
1389 1169 1612 1215 aeterna:
1671 1156 2052 1213 retributionis

432 1280 554 1318 cum
578 1277 644 1315 eo
664 1258 917 1328 cupimus
944 1252 1763 1325 participare,debemus,sicut
1790 1250 1906 1319 ipse
1934 1264 2049 1302 am-

432 1352 656 1415 bulavit,
688 1356 742 1402 et
772 1363 873 1401 nos
904 1344 1209 1399 ambulare.
1270 1341 1424 1396 Unde
1476 1348 1535 1394 ut
1575 1340 1777 1410 priora,
1812 1352 1935 1408 quae
1965 1336 2049 1389 di-

434 1444 706 1505 misimus,
752 1439 938 1493 denuo
980 1442 1313 1505 repetamus,
1356 1432 1592 1487 similam
1645 1429 1952 1493 offerimus,
2007 1428 2052 1482 si

434 1534 763 1591 munditiam
795 1530 999 1585 mentis
1029 1528 1085 1581 in
1119 1528 1288 1582 corde
1319 1541 1633 1588 servamus;
1660 1523 1874 1577 illorum
1906 1520 2055 1575 vide-

435 1629 561 1682 licet
599 1624 850 1695 excmplo
872 1623 940 1676 ab
972 1620 1122 1674 omni
1157 1618 1412 1673 vitiorum
1445 1616 1726 1670 emundati
1762 1618 1946 1679 sorde,
1984 1615 2054 1667 de

432 1718 635 1791 quibus
674 1715 937 1783 scriptum
969 1717 1081 1764 est:
1126 1711 1280 1763 Beati
1303 1707 1503 1761 mundo
1535 1707 1692 1759 corde
1724 1705 1937 1771 (Matth.
1974 1708 2045 1770 v).

436 1807 571 1861 Huic
630 1811 812 1858 autem
868 1799 1065 1854 similaa
1108 1799 1247 1851 bene
1305 1796 1485 1851 oleum
1549 1795 1867 1859 miscemus,
1930 1808 2052 1846 cum

436 1894 702 1965 proximis
754 1890 955 1945 nostris
1002 1886 1285 1941 eharitatis
1334 1891 1387 1939 et
1441 1882 1837 1938 misericordiae
1887 1896 2056 1952 Opera

438 1986 801 2048 exhibemus,
848 1980 1112 2052 quoniam
1158 1975 1526 2048 omnipotenti
1574 1976 1683 2030 Deo
1724 1972 2053 2029 sacrificium

439 2084 688 2133 nostrum
743 2075 824 2129 sic
866 2071 1205 2143 permaxime
1246 2070 1447 2141 placet,
1480 2069 1524 2122 si
1576 2084 1697 2123 eum
1738 2067 2053 2132 severitate,

438 2182 601 2238 quam
633 2162 937 2235 spiritualis
954 2160 1103 2214 zelus
1124 2158 1367 2223 exhibet,
1398 2173 1594 2211 manus
1619 2172 1649 2209 a
1676 2153 2052 2209 misericordia

438 2273 549 2313 non
596 2262 773 2311 vacet.
822 2253 1035 2308 Deinde
1077 2266 1207 2306 vero
1247 2250 1497 2305 eamdem
1533 2248 1796 2313 similam,
1826 2246 1968 2301 sicut
1998 2246 2053 2299 in

436 2352 558 2425 lege
580 2350 810 2417 jubebat
834 2346 1121 2411 Dominus,
1144 2344 1267 2400 oleo
1298 2343 1498 2399 laetitia:
1531 2357 1881 2412 conspersam
1908 2340 2055 2395 bene

438 2448 493 2502 in
524 2446 800 2520 sartagine
841 2443 1121 2515 ponimus,
1150 2443 1195 2497 si
1249 2458 1343 2497 cor
1377 2450 1625 2497 nostrum
1655 2457 1755 2511 per
1794 2438 2056 2509 spiritalis

435 2536 539 2591 zeli
572 2536 1028 2600 destructionem,
1048 2548 1171 2604 qua:
1200 2531 1254 2585 in
1279 2547 1409 2586 cura
1427 2531 1732 2585 animarum
1759 2527 2056 2599 perfectius

436 2631 791 2691 monstratur,
821 2638 929 2678 non
963 2622 1137 2675 solum
1173 2619 1529 2685 sacriﬁcium,
1560 2620 1656 2673 sed
1689 2618 1854 2672 etiam
1896 2617 2055 2671 holo-

438 2723 684 2769 caustum
739 2713 852 2767 Deo
878 2727 999 2767 esse
1057 2710 1337 2780 probatur.
1382 2709 1551 2773 Quam
1594 2708 1758 2763 etiam
1818 2706 2049 2761 calidam

436 2806 547 2862 Deo
578 2805 881 2871 offerimus,
912 2803 968 2857 in
995 2803 1221 2858 odorem
1261 2800 1563 2865 suavitatis,
1594 2815 1715 2854 cum
1757 2800 1908 2853 zelus
1959 2813 2044 2853 re-

435 2896 718 2952 ctitudinis
764 2909 1006 2949 amorem
1048 2892 1211 2946 habet
1267 2889 1568 2944 eharitatis.
1607 2888 1875 2953 Quoniam
1925 2902 2048 2942 nos-

438 2985 541 3055 ipsi
564 3000 651 3051 ea,
668 2984 737 3038 de
758 2999 866 3055 qua
892 2982 1083 3037 eadem
1112 2979 1293 3035 simila
1317 2977 1566 3043 offertur,
1586 2982 1802 3050 sartago
1829 2993 2044 3042 sumus,

2143 505 2325 558 oleum
2360 503 2749 558 misericordiae
2790 502 3122 557 misceamus
3150 511 3209 557 ut
3237 518 3337 572 per
3376 495 3751 556 dilectionem

2143 595 2238 649 Dei
2255 595 2503 649 eamdem
2524 594 2766 648 similam
2782 593 3013 647 calidam
3040 592 3095 646 in
3111 593 3336 648 odorem
3352 592 3777 646 suavissimum.

2145 687 2376 742 Domino
2391 686 2599 759 jugiter
2628 684 2830 741 oﬂ‘crre
2870 685 3172 748 valeamus,
3217 701 3309 748 ne,
3364 684 3567 757 frigore
3601 683 3782 739 totius

2146 774 2453 846 iniquitatis
2471 781 2528 829 et
2557 774 2780 829 malitiaz
2803 773 3000 844 pressi,
3036 774 3091 827 in
3110 789 3398 828 numerum
3425 781 3779 829 transeamus

2146 864 2387 930 illorum,
2429 864 2496 917 de
2529 862 2732 934 quibus
2771 863 2976 917 dictum
3011 868 3132 916 est:
3167 862 3487 929 Refrigcscet
3524 862 3779 914 Charitas

2147 955 2436 1009 multorum
2483 953 2695 1021 (Matth.
2759 954 2931 1022 xxiv).
2996 952 3149 1016 Quod
3195 952 3313 1022 ipse
3368 956 3628 1021 praistare
3686 948 3779 1001 di-

2150 1051 2368 1116 gnetur,
2413 1043 2506 1115 qui
2550 1060 2672 1098 cum
2732 1043 2887 1098 Patre
2938 1052 2993 1098 et
3032 1043 3240 1114 Spiritu
3292 1049 3480 1098 sancto
3538 1041 3673 1097 vivit
3721 1048 3782 1093 et

2150 1151 2349 1211 regnat
2380 1140 2435 1193 in
2470 1138 2667 1194 saecula
2695 1138 3047 1193 saiculorum.

2786 1270 3003 1325 SERMO
3048 1270 3133 1324 IV.

2405 1383 2472 1421 οε
2511 1382 2616 1421 UNO
2642 1381 2985 1421 CONFESSOBE
3010 1382 3187 1428 ATQUE
3213 1379 3509 1420 PONTIFICE.

2156 1480 2229 1533 De
2270 1494 2335 1533 eo
2363 1480 2511 1549 quod
2561 1479 2649 1533 lex
2696 1479 2975 1549 praecipit:
3026 1480 3175 1545 Ignis
3231 1482 3292 1532 in
3337 1479 3507 1531 altari
3560 1474 3781 1528 ardebit

2225 1566 2451 1619 semper,
2492 1568 2650 1620 quem
2697 1554 2903 1604 nutriet
2957 1551 3227 1615 sacerdos,
3281 1550 3573 1617 subjiciens
3613 1563 3780 1620 mane

2228 1624 2375 1689 ligna
2394 1619 2751 1690 per'singulos
2782 1623 2895 1676 dies
2919 1639 2933 1687 ;
2966 1628 3013 1675 et
3041 1624 3292 1691 imposito
3320 1622 3651 1680 holocausta,
3679 1619 3781 1671 de-

2223 1710 2382 1762 super
2414 1694 2650 1747 adolebit
2679 1694 2865 1762 adipes
2893 1696 3259 1762 ptwiﬁrorum.
3336 1694 3481 1760 Ignis
3522 1695 3624 1744 iste
3648 1705 3781 1758 per-

2106 1744 2129 1805 ἲ
2220 1744 2559 1833 petua};
2578 1744 2987 1834 attenuata
3016 1744 3257 1833 mea
3296 1744 3387 1817 de"
3412 1744 3587 1818 altari
3620 1744 3773 1827 (Leu.

2229 1853 2300 1900 Vl,
2343 1837 2431 1901 12,
2471 1837 2575 1904 13).

2227 1979 2363 2042 Quia
2402 1978 2667 2032 Dominus
2694 1977 2888 2032 Noster
2917 1976 3077 2031 Jesus
3106 1975 3374 2042 Christus,
3407 1974 3604 2029 fratres
3643 1973 3779 2027 cha—

2159 2069 2382 2135 rissimi,
2408 2085 2506 2139 per
2546 2068 2933 2139 pnedicatorcs
2977 2065 3233 2122 Ecclesia:
3266 2080 3467 2120 nomen
3499 2080 3663 2118 suum
3715 2064 3777 2116 in

2157 2160 2415 2233 gentibus
2457 2176 2522 2215 eo
2583 2169 2829 2231 tempore
2882 2159 3055 2214 voluit
3098 2158 3306 2230 ubique
3355 2156 3621 2225 distendi,
3661 2172 3777 2228 quo

2157 2266 2257 2321 pro
2302 2250 2646 2305 illustrandis
2703 2248 2948 2303 fidelium
3015 2246 3319 2313 cordibus,
3371 2246 3555 2320 ignem
3608 2260 3775 2299 suum

2158 2342 2305 2396 misit
2355 2343 2409 2396 in
2481 2352 2707 2409 terram,
2764 2352 2818 2396 et
2870 2339 3042 2396 voluit
3093 2340 3457 2394 vehementer
3501 2338 3775 2400 accendi;

2157 2435 2383 2509 dignum
2442 2434 2698 2489 duximus
2727 2442 2787 2488 ut
2816 2433 2871 2486 in
2922 2432 3213 2487 festivitate
3251 2430 3556 2486 sacerdotis
3614 2430 3773 2485 istius

2157 2523 2511 2577 sacratissimi
2561 2522 2645 2585 N.,
2707 2522 2864 2590 cujus
2930 2521 3095 2575 hodie
3159 2520 3432 2575 solemnia
3493 2520 3769 2581 colimus,

2154 2618 2349 2691 legalis
2429 2618 2579 2672 illius
2643 2618 2757 2691 igni
2817 2617 3397 2672 commemorationem
3480 2615 3768 2681 faciamus,

2154 2728 2342 2783 quem,
2399 2712 2544 2766 idem
2601 2712 2800 2767 Christi
2846 2711 3177 2783 praedicator
3235 2710 3492 2785 egregius
3548 2710 3771 2764 assidue

2152 2802 2432 2872 quondam
2456 2802 2512 2855 in
2540 2801 2915 2869 subjectorum
2939 2815 3164 2856 suorum
3190 2800 3438 2854 incendit
3455 2799 3772 2853 animabus.

2150 2888 2255 2944 Lex
2286 2890 2433 2944 enim
2479 2891 2705 2960 antiqua
2763 2889 2942 2961 typice
3001 2888 3165 2944 nobis
3197 2889 3325 2943 olim
3371 2888 3768 2959 praenuntians,

2150 2980 2385 3051 qualiter
2438 2980 2822 3052 unusquisque
2869 2980 3112 3035 fidelium
3168 2978 3340 3034 divini
3383 2979 3590 3034 amoris
3641 2978 3767 3050 igne

434 3077 502 3143 si,
524 3093 638 3147 prie
667 3076 848 3131 calore
876 3074 1165 3137 virtutum,
1187 3070 1367 3125 omnis
1387 3069 1643 3125 vitiorum
1675 3086 1705 3123 a
1726 3069 1889 3124 nobis
1919 3084 2047 3123 eva-
2073 3094 2123 3165 ϐ
2143 3075 2350 3151 jugitcr
2394 3076 2587 3131 ardere
2615 3075 2881 3143 studebit,
2928 3076 2982 3129 in
3029 3076 3266 3147 quodam
3314 3074 3435 3130 loco
3482 3074 3611 3129 inde
3665 3089 3766 3128 nos

436 3165 622 3220 nuerit
651 3164 851 3218 fumus.
883 3160 1220 3215 Sacrificium
1254 3167 1435 3213 autem
1468 3157 1771 3224 oderimus,
1801 3158 1845 3212 si
1870 3158 2050 3213 carnis

439 3270 624 3309 curam
679 3254 732 3306 in
778 3249 1243 3320 concupiscentiis
1292 3264 1399 3303 non
1430 3247 1753 3315 fecerimus;
1789 3248 2049 3301 holocau-

439 3351 580 3398 stum
612 3358 763 3409 vero,
798 3342 844 3395 si
878 3347 1042 3395 totam
1079 3339 1438 3394 intentionem
1482 3346 1722 3394 nostram
1777 3339 1832 3392 in
1864 3354 2050 3394 amore

442 3435 752 3489 Divinitatis
809 3433 1238 3487 incenderimus.
1274 3430 1609 3486 Sacrificium
1670 3432 1832 3486 etiam
1865 3431 2052 3486 offeri-

438 3544 562 3582 mus
587 3527 659 3594 si,
690 3525 872 3580 ablato
900 3542 930 3578 a
966 3525 1127 3579 nobis
1146 3523 1415 3579 fermento
1449 3524 1671 3579 malitiae
1689 3532 1745 3579 et
1769 3524 2048 3596 nequitiae.

438 3623 495 3677 in
538 3638 632 3676 ara
678 3620 861 3676 cordis
899 3619 1071 3675 nostri
1126 3618 1499 3675 sacrificamus
1556 3618 1667 3675 Deo
1722 3618 2050 3675 sacrificium

435 3714 696 3783 justitim;
740 3713 1121 3767 holocaustum
1162 3727 1315 3778 vero,
1356 3728 1504 3778 cum,
1548 3728 1645 3783 per
1702 3711 1836 3767 boni
1869 3711 2053 3781 operis

440 3810 995 3873 consummationem,
1022 3808 1098 3863 illi
1126 3809 1508 3864 desideramus
1530 3809 1582 3862 in
1607 3816 1876 3879 perpetua
1893 3813 2051 3863 aeter—

442 3907 615 3961 nitate
655 3904 949 3968 conscribi,
1007 3904 1075 3958 ad
1124 3920 1287 3974 quem
1343 3903 1836 3977 Psalmographus:
1892 3905 2058 3959 Holo-

438 4000 645 4059 causta,
697 3993 896 4064 inquit,
927 3993 1223 4047 medullam
1252 3992 1476 4061 offeram
1524 3993 1628 4046 tibi
1676 3992 1844 4061 (Psal.
1907 3993 2052 4061 va).

440 4084 788 4140 Sacrificium
817 4099 946 4138 vero
979 4089 1033 4137 et
1054 4084 1437 4139 holocaustum
1487 4081 1767 4137 offerimus
1799 4082 2059 4137 immacu-

440 4177 631 4241 latum,
689 4176 734 4230 si
790 4191 886 4229 cor
941 4182 1185 4230 nostrum
1226 4175 1294 4229 ab
1324 4174 1582 4229 omnibus
1630 4173 1778 4228 vitiis
1833 4181 2055 4229 exutum

439 4275 615 4322 totum
648 4264 848 4318 divina?
878 4264 1161 4319 eharitatis
1191 4264 1356 4319 fuerit
1396 4263 1523 4337 igne
1556 4269 1887 4329 crematum;
1919 4280 2056 4334 qua—

439 4362 601 4408 tenus
654 4369 753 4424 per
782 4352 944 4408 bona:
986 4353 1327 4422 Operationis
1378 4353 1665 4407 incensum
1713 4352 1874 4427 legali
1925 4352 2055 4406 huic

438 4442 633 4497 simila:
684 4441 855 4513 digne
888 4441 1061 4511 possit
1092 4441 1421 4512 comparari,
1449 4442 1518 4495 de
1545 4457 1653 4512 qua
1693 4441 1929 4496 dicitur:
1985 4443 2055 4495 Et

441 4537 551 4587 tota
591 4532 920 4585 cremabitur
972 4534 1026 4583 in
1059 4530 1246 4584 altari.
1296 4530 1446 4585 Tunc
1501 4530 1706 4601 quippe
1760 4530 1943 4584 simila
1998 4529 2054 4582 in

441 4620 597 4676 altari
633 4625 744 4674 tota
774 4625 1069 4685 crematur,
1110 4618 1153 4673 si
1211 4618 1352 4673 Deus
1380 4635 1411 4673 a
1451 4618 1615 4674 nobis
1644 4625 1756 4675 tota
1785 4625 1973 4674 mente
2003 4625 2057 4673 et

442 4725 557 4773 tota
586 4716 786 4771 virtute
818 4714 1109 4788 diligatur;
1154 4715 1229 4769 ita
1282 4721 1487 4783 tamen,
1530 4720 1589 4769 ut
1638 4730 1736 4786 per
1777 4715 2053 4768 internum

441 4808 546 4864 zeli
575 4806 878 4879 spiritualis
908 4806 1184 4875 ardorem,
1227 4807 1279 4861 in
1308 4807 1585 4880 sartagine
1616 4806 1800 4861 cordis
1859 4807 2055 4875 nostri,

441 4901 692 4957 fraternze
747 4900 912 4954 etiam
964 4899 1326 4955 correctionis
1375 4898 1736 4954 incendamus
1790 4914 2050 4954 amorem.

443 4989 543 5053 Qui
573 4988 721 5043 enim
769 4993 1018 5043 errantes
1049 4988 1326 5058 proximos
1377 5003 1509 5043 suos
1535 4987 1843 5062 corrigunt,
1898 4996 1953 5044 et
1978 4994 2057 5043 ta-

442 5093 569 5132 men
601 5077 657 5130 in
691 5077 809 5147 ipsa
840 5077 1184 5132 correctione
1239 5076 1581 5142 spiritualem
1610 5078 1787 5132 zelum
1841 5084 2055 5147 tempe-

442 5184 565 5224 rare
603 5169 820 5237 sciunt;
866 5169 920 5223 hi
953 5169 1211 5224 nimirum
1259 5169 1626 5241 omnipotenti
1655 5170 1767 5224 Deo
1800 5176 1854 5223 et
1883 5171 2053 5224 sacri-

443 5257 625 5312 ﬁcium
670 5263 725 5311 et
754 5257 1133 5313 holocaustum
1187 5258 1345 5315 fiunt.
1372 5258 1526 5313 Unde
1566 5259 1935 5314 necessarium
1970 5266 2055 5315 est

447 5347 630 5414 nobis,
651 5348 843 5402 fratres
873 5348 1205 5417 charissimi,
1238 5357 1297 5406 ut
1330 5350 1383 5404 in
1412 5351 1518 5405 hoc
1540 5350 1780 5424 maligno
1805 5358 2051 5421 tempore

443 5438 763 5514 suffragium
796 5454 1108 5507 quaeramus
1138 5441 1442 5497 sacerdotis
1469 5441 1627 5496 istius
1657 5441 2045 5507 sacratissimi;

444 5538 718 5601 quatenus
760 5526 970 5580 meritis
1028 5528 1200 5599 ipsius
1247 5546 1311 5585 ac
1368 5529 1625 5601 precibus
1657 5531 1749 5585 illo
1779 5531 2049 5601 spirituali

447 5618 564 5673 zelo
589 5614 801 5687 repleat
852 5628 954 5668 nos
990 5614 1131 5671 Deus
1162 5619 1229 5671 de
1270 5632 1379 5688 quo
1426 5618 1689 5688 scriptum
1730 5627 1839 5674 est:
1877 5621 2047 5674 Tabe-

444 5722 583 5760 scere
611 5720 697 5757 me
712 5704 841 5769 fecit
873 5705 1015 5757 zelus
1045 5719 1189 5760 meus
1211 5706 1375 5773 (Psal.
1406 5710 1611 5774 cxvm),
1643 5713 1700 5761 ut
1725 5713 1779 5761 et
1800 5723 1900 5762 nos
1930 5723 2053 5764 cum

2153 3166 2465 3220 instruens:
2520 3168 2686 3233 Ignis,
2749 3165 2947 3237 inquit,
2994 3167 3053 3219 in
3082 3167 3252 3219 altari
3288 3179 3492 3232 semper
3531 3164 3758 3218 ardebit.

2152 3259 2456 3329 Statimque
2487 3260 2828 3333 praesignans
2876 3258 3113 3329 qualiter
3140 3273 3237 3327 pro
3269 3257 3465 3313 eodem
3502 3256 3631 3327 igne
3663 3272 3766 3309 nu-

2153 3350 2369 3405 triendo
2400 3351 2674 3406 sacerdoti
2722 3352 2922 3423 cuique
2963 3350 3272 3422 quotidiani
3317 3350 3563 3406 exercitii
3614 3348 3764 3402 nulla

2151 3438 2511 3493 concedenda
2530 3446 2613 3493 est
2628 3440 2815 3510 quies:
2840 3442 3010 3506 Quam
3030 3442 3262 3507 nutriet,
3279 3439 3480 3510 inquit,
3496 3439 3763 3503 sacerdos,

2149 3531 2442 3599 subjiciens
2468 3547 2624 3585 mane
2650 3532 2806 3599 ligna
2837 3548 2937 3601 per
2960 3533 3200 3599 singulos
3223 3533 3360 3588 dies.
3401 3531 3609 3586 Deinde
3636 3547 3766 3585 vero

2155 3620 2442 3674 insinuans
2471 3620 2634 3691 quale
2687 3621 3067 3676 holocaustum
3119 3621 3229 3676 Deo
3280 3621 3532 3675 redolere
3568 3620 3765 3674 debeat

2157 3714 2209 3767 in
2229 3713 2486 3768 cordibus
2514 3713 2846 3768 electorum:
2881 3716 3153 3784 Imposito,
3215 3714 3413 3784 inquit,
3464 3714 3767 3768 holocausta

2156 3804 2385 3874 desuper
2437 3805 2675 3859 adolebit
2739 3806 2927 3874 adipes
2971 3808 3342 3875 paciﬁcorum.
3408 3805 3469 3859 Et
3504 3806 3764 3876 quoniam

2159 3896 2303 3950 idem
2338 3896 2483 3970 ignis
2513 3897 2566 3951 in
2599 3897 2755 3952 altari
2808 3897 2993 3952 cordis
3036 3898 3205 3954 nostri
3246 3912 3471 3969 semper
3498 3898 3667 3952 debet
3716 3907 3771 3952 et

2160 3992 2280 4046 sina
2335 3992 2644 4047 cessatione
2728 3993 2984 4059 cremari,
3043 3993 3306 4048 continuo
3389 3991 3767 4047 subinfercns:

2157 4087 2306 4152 Ignis
2325 4087 2443 4147 iste,
2474 4083 2568 4152 ait,
2588 4088 2882 4155 perpetuus
2908 4090 3005 4153 est,
3038 4089 3136 4155 qui
3161 4101 3443 4155 nunquam
3472 4086 3678 4154 deﬁciet
3703 4084 3765 4139 de

2157 4177 2345 4231 altari.
2377 4175 2548 4248 Igitur
2598 4182 2658 4230 ut
2685 4191 2751 4230 ea
2783 4192 2907 4247 quae
2964 4193 3112 4233 nunc
3143 4176 3498 4232 historialiter
3538 4177 3762 4231 recitata

2157 4275 2310 4335 sunt,
2334 4268 2716 4336 discutiamus,
2746 4275 2967 4339 tempus
2996 4278 3081 4325 est
3126 4278 3186 4325 ut
3235 4288 3337 4342 per
3365 4273 3485 4328 haec
3510 4280 3763 4345 quatuor,

2156 4376 2278 4432 quae
2310 4362 2717 4432 proposuimus,
2763 4362 3030 4418 solvendo
3092 4364 3402 4420 redeamus.
3462 4369 3631 4434 Ignis,
3675 4368 3764 4420 in-

2078 4464 2131 4531 ί)
2157 4452 2297 4524 quit,
2326 4454 2385 4506 in
2431 4453 2599 4507 altari
2626 4468 2829 4523 semper
2860 4454 3088 4510 ardebit.
3142 4454 3250 4511 Cor
3277 4457 3484 4527 quippe
3524 4465 3765 4513 nostrum

2156 4544 2324 4598 altare
2349 4552 2432 4599 est
2461 4544 2580 4610 Dei,
2621 4545 2665 4599 si
2701 4552 2883 4600 tamen
2918 4546 3127 4617 nosipsi
3160 4544 3256 4600 filii
3298 4546 3439 4602 lucis
3477 4563 3684 4611 sumus,
3713 4557 3767 4605 ct

2155 4635 2358 4689 virtute
2387 4634 2690 4704 quadratis.
2715 4634 2850 4702 Deo,
2881 4635 3049 4709 digne
3079 4637 3137 4691 in
3166 4635 3330 4692 nobis
3353 4636 3536 4692 offerri
3556 4638 3766 4692 valeant

2156 4722 2305 4778 dona
2328 4730 2382 4777 et
2424 4723 2695 4778 sacriﬁcia
2725 4739 2825 4794 pro
2880 4725 3121 4794 peccatis
3174 4725 3330 4780 Unde
3373 4734 3429 4781 et
3479 4726 3624 4800 ignis
3676 4727 3763 4781 ille

2155 4811 2348 4884 legalis
2369 4827 2480 4867 non
2515 4812 2789 4867 immerito
2813 4828 3034 4883 semper
3062 4812 3278 4868 ardebit
3306 4814 3364 4867 in
3396 4814 3579 4878 altari,
3605 4815 3657 4868 id
3688 4824 3769 4871 est

2159 4905 2216 4958 in
2260 4920 2352 4958 ara
2382 4904 2568 4959 cordis
2605 4904 2800 4972 nostri,
2843 4904 3046 4961 divinm
3093 4906 3375 4961 eharitatis
3415 4907 3582 4962 ardor
3610 4908 3771 4963 debet

2158 4994 2278 5048 sine
2334 4994 2745 5050 intermissione
2796 4996 3053 5063 cremari,
3081 5013 3144 5051 ex
3196 4996 3292 5051 illo
3320 4995 3586 5051 videlicet
3610 5013 3766 5068 quem

2160 5084 2515 5156 praediximus
2555 5086 2683 5159 igne
2713 5086 2822 5142 vim
2878 5102 3106 5158 semper
3150 5092 3481 5157 accepturus
3521 5087 3769 5147 ardendi,

2159 5190 2323 5244 quem
2351 5173 2617 5228 Dominus
2638 5174 2788 5229 misit
2828 5175 2882 5228 in
2910 5182 3106 5230 terram
3141 5183 3195 5229 et
3216 5175 3390 5229 voluit
3416 5176 3773 5231 vehementer

2154 5263 2382 5317 accendi
2408 5264 2555 5332 (Luc.
2585 5266 2694 5332 xu).
2722 5261 2816 5316 Cui
2846 5264 3104 5319 videlicet
3124 5264 3260 5336 igni,
3296 5279 3364 5318 ne
3397 5264 3454 5318 in
3485 5266 3761 5334 subjecto-

2156 5368 2274 5405 rum
2315 5366 2538 5406 suorum
2573 5352 2834 5407 cordibus
2864 5354 3161 5425 aliquando
3202 5353 3487 5409 videretur
3514 5354 3767 5421 deiicere,

2149 5440 2409 5496 sacerdos
2439 5441 2540 5496 iste
2586 5442 2994 5497 sacratissimus
3031 5458 3194 5497 mane
3217 5445 3343 5514 :per
3372 5445 3629 5519 singulos
3653 5445 3768 5499 dies

2153 5525 2323 5599 ligna,
2363 5528 2418 5581 id
2469 5536 2571 5595 est,
2630 5529 2984 5602 antiquorum
3031 5529 3249 5586 Patrum
3279 5531 3498 5587 solebat
3524 5533 3767 5604 exempla

2153 5618 2458 5688 subjicere;
2509 5627 2785 5692 quatenus
2845 5623 2898 5676 in
2942 5638 3133 5678 eorum
3191 5623 3458 5681 cordibus
3517 5626 3768 5681 vitiorum

2158 5711 2402 5767 omnium
2449 5714 2789 5770 torsionibus
2833 5714 2902 5769 ab
2942 5716 3136 5770 eodem
3200 5717 3317 5784 ipse
3368 5720 3651 5785 crematis,
3704 5718 3769 5772 ad
