4006 6198
294 306 432 362 1029

1770 294 2134 350 SERMONES.

3475 314 3612 370 1030

293 436 541 490 divinum
569 446 811 486 amorem
848 436 902 483 et
934 428 1061 483 fidei
1094 443 1189 483 eos
1218 427 1363 498 ignis
1388 433 1443 480 et
1464 426 1675 496 lampas
1703 438 1904 479 accen-
1927 427 1980 494 Α
2005 421 2219 477 vocavit
2244 421 2313 475 ad
2342 421 2551 489 lucem;
2572 432 2631 479 ut
2653 425 2780 480 boni
2805 432 2992 499 operis
3033 434 3309 505 lampade,
3337 439 3404 492 ad
3433 440 3609 510 ipsum

293 526 448 578 deret
485 520 787 577 cbaritatis.
830 519 1006 582 Unde,
1030 533 1095 570 ne
1124 531 1222 587 pro
1244 515 1487 570 caecitate
1518 514 1700 569 cordis
1731 514 1902 569 nostri

288 612 469 680 justus
482 610 652 679 judex
672 609 729 662 in
751 608 933 662 futuro
952 605 1284 677 quandoque
1300 603 1511 673 judicio
1528 603 1675 671 juste
1694 617 1795 657 nos
1815 602 1907 656 da-

296 710 465 770 mnet,
498 703 726 777 dignum
751 707 837 756 est
861 708 921 756 ut
948 700 1335 772 unusquisque
1366 707 1637 764 nostrum,
1665 697 1907 752 dilectis-

294 797 419 851 simi
450 786 666 861 fratres,
699 793 1125 865 quibuscunque
1176 791 1321 846 valet
1346 790 1579 855 nisibus,
1612 806 1672 844 se
1719 789 1907 845 studio

293 884 929 949 cbaritatisinﬂammet;
955 883 1029 937 ita
1057 881 1317 937 videlicet
1343 881 1636 936 conferens
1660 880 1714 934 in
1737 878 1903 935 corde

291 997 392 1037 suo
414 980 745 1053 evangelicae
771 978 1148 1034 testimonium
1165 976 1432 1041 veritatis,
1456 982 1515 1031 ut
1542 976 1596 1030 in
1615 991 1709 1031 ara
1725 974 1907 1030 cordis

291 1073 376 1128 sui
436 1087 717 1144 nunquam
772 1070 993 1126 deficiat
1048 1068 1269 1123 ﬂamma
1308 1066 1607 1122 cbaritatis.
1666 1065 1899 1131 Quibus-

291 1167 415 1222 dam
445 1166 591 1222 enim
625 1166 807 1221 minus
861 1164 1041 1219 adhuc
1066 1163 1121 1217 in
1161 1162 1427 1217 cliaritate
1454 1160 1715 1232 perfectis
1753 1174 1898 1229 smpe

291 1257 563 1331 contingit
591 1255 738 1328 quod
786 1256 840 1310 in
881 1253 1142 1309 cordibus
1192 1251 1638 1324 qualemcunque
1696 1249 1898 1304 divinae

287 1349 604 1407 dilectionis
634 1349 816 1421 ignem
855 1345 1033 1401 semel
1085 1359 1376 1399 accensum
1410 1356 1517 1397 nox
1556 1341 1741 1412 aliqua
1771 1357 1901 1412 pra-

288 1440 474 1496 vitatis
510 1437 828 1509 exstinguit,
852 1435 1043 1506 sicque
1074 1433 1333 1505 paulatim
1376 1430 1665 1496 deficiens,
1700 1429 1753 1483 in
1812 1445 1904 1486 eo‘

288 1546 406 1585 rum
434 1527 716 1583 mentibus
734 1524 997 1580 citissime
1027 1523 1123 1578 iiet
1144 1522 1465 1583 exstinctus,
1491 1519 1616 1581 nisi,
1637 1518 1902 1574 adhibitis

288 1623 696 1693 Scripturarum
739 1617 1029 1689 exemplis,
1078 1615 1224 1688 apud
1265 1617 1418 1687 ipsos
1445 1615 1693 1687 quotidie
1733 1630 1902 1686 repa-

286 1721 440 1771 retur
469 1717 634 1769 intus.
666 1713 777 1768 Hoc
796 1711 981 1766 sciens
1019 1709 1104 1764 vir
1134 1710 1233 1764 iste
1289 1708 1687 1775 sanctissimus,
1720 1709 1904 1783 ignem

290 1810 439 1862 hunc
468 1821 579 1861 non
608 1804 787 1860 solum
818 1803 875 1857 in
907 1819 999 1857 ara
1028 1801 1212 1857 cordis
1236 1800 1321 1856 sui
1362 1801 1583 1856 assidue
1608 1801 1901 1872 reparavit,

285 1901 385 1955 sed
415 1898 586 1954 etiam
645 1897 703 1950 in
739 1893 1002 1950 cordibus
1048 1890 1294 1946 fidelium
1335 1891 1611 1959 nutriens,
1654 1890 1904 1963 quotidie

283 1989 460 2061 ligna,
494 1987 549 2041 id
577 1994 660 2040 est
713 1984 1116 2054 Scripturarum
1152 1982 1469 2036 testimonia
1511 1982 1593 2036 eis
1618 1980 1906 2036 sufﬁcien-

283 2085 499 2139 tissime
528 2081 886 2147 ministravit;
940 2085 1211 2151 quatenus
1240 2079 1415 2151 legale
1446 2077 1585 2133 illud
1625 2077 1901 2133 holocau-

284 2187 432 2232 stum
453 2177 569 2231 Deo
586 2174 861 2230 redoleret
889 2173 942 2225 in
984 2170 1246 2227 cordibus
1274 2171 1545 2241 ipsorum,
1570 2170 1640 2224 de
1672 2185 1783 2241 quo
1818 2168 1903 2224 lex

287 2269 540 2341 antiqua.
563 2264 944 2322 subinferens:
1002 2266 1272 2332 Imposito,
1339 2263 1538 2334 inquit,
1594 2262 1905 2317 holocausta

286 2344 520 2430 desuper
544 2356 777 2411 adolebit
806 2354 996 2423 adipes
1031 2354 1399 2423 paciﬁcorum.
1452 2350 1709 2421 Quisquis
1758 2350 1904 2405 enim

286 2450 431 2504 inter
463 2463 524 2501 se
556 2452 612 2501 et
658 2444 831 2499 Deum
858 2442 972 2497 vult
998 2441 1179 2496 facere
1210 2455 1423 2511 pacem,
1453 2440 1709 2510 primitus
1749 2440 1807 2493 in
1845 2455 1904 2495 se

287 2540 527 2616 geminae
567 2530 881 2589 dilectionis
906 2530 1234 2586 incensurus
1262 2536 1345 2584 est
1372 2530 1579 2583 facem:
1623 2530 1754 2601 quia
1776 2536 1908 2586 tunc

286 2636 401 2689 Deo
424 2630 595 2702 digne
634 2627 701 2680 de
728 2641 787 2679 se
817 2623 1042 2679 odorem
1074 2619 1459 2676 suavissimum
1490 2620 1692 2687 reddit,
1726 2621 1770 2676 si
1804 2638 1906 2693 pro

287 2722 597 2779 dilectione
654 2717 751 2772 Dei
800 2723 855 2770 et
902 2713 1137 2782 proximi
1193 2712 1261 2766 ad
1302 2710 1534 2766 humilia
1586 2727 1821 2783 quaeque
1847 2728 1909 2767 se

288 2816 475 2871 studio
504 2811 789 2869 cbaritatis
818 2807 1073 2864 inﬂectit.
1107 2805 1263 2861 Unde
1293 2811 1348 2859 et
1378 2804 1460 2858 vir
1489 2803 1591 2858 iste
1632 2805 1910 2859 sanctissi—

287 2924 433 2975 mus,
485 2912 801 2977 postquam,
862 2900 1058 2956 eodem
1110 2898 1240 2973 igne
1292 2912 1615 2965 succensus,
1668 2896 1908 2951 animam

287 3021 447 3060 suam
487 3016 600 3056 non
630 2998 841 3054 viribus
887 3005 942 3050 et
972 3000 1263 3067 potestate,
1292 2993 1389 3048 sed
1436 2992 1671 3048 consilio
1713 2998 1768 3048 et
1797 2993 1911 3065 pie-

284 3106 395 3155 tate
428 3095 679 3171 regebat,
710 3091 1105 3167 cogitationum
1145 3105 1364 3144 suarum
1398 3089 1614 3143 interna
1643 3089 1903 3144 conside-

286 3210 439 3259 rans,
462 3190 709 3261 seipsum
742 3187 797 3241 in
829 3184 1011 3240 cordis
1037 3184 1421 3240 holocaustum
1451 3182 1693 3254 desuper
1721 3184 1903 3255 impo-

288 3286 492 3347 nebat;
518 3281 741 3354 quando
768 3279 824 3332 in
848 3278 1031 3349 seipso
1054 3276 1377 3347 spiritaliter
1398 3275 1727 3343 incendens,
1756 3277 1906 3347 quod

286 3377 373 3432 lex
401 3371 701 3430 carnaliter
733 3369 919 3437 jussit,
961 3382 1125 3422 omne
1163 3364 1379 3429 vitium,
1426 3366 1573 3437 quod
1614 3364 1668 3419 in
1696 3381 1755 3420 se
1795 3382 1911 3422 car-

288 3469 494 3524 naliter
519 3463 670 3530 vixit,
700 3460 1020 3532 Spiritaliter
1048 3457 1288 3513 excussit
1344 3458 1409 3512 Ut
1438 3458 1584 3512 enim
1631 3473 1730 3528 per
1770 3459 1911 3515 hanc

284 3562 534 3619 hostiam
559 3559 703 3612 inter
731 3569 790 3609 se
819 3559 875 3609 et
911 3553 1080 3606 Deum
1113 3566 1305 3621 pacem
1338 3548 1564 3615 faciens,
1595 3550 1663 3604 ad
1696 3567 1903 3622 perpe-

285 3663 397 3709 tuae
427 3649 586 3724 pacis
624 3651 809 3718 posset
829 3642 1117 3715 pervenire
1146 3640 1524 3704 dulcedinem,
1554 3639 1907 3710 paciﬁcorum

284 3741 540 3813 adipem,
598 3737 653 3791 id
685 3743 768 3791 est
798 3734 1068 3789 internam
1107 3745 1263 3785 novae
1311 3729 1744 3785 conversationis
1800 3732 1910 3787 Deo

286 3830 514 3887 solebat
543 3826 767 3881 adolere
790 3819 1217 3897 pinguedinem;
1274 3818 1496 3889 quando
1526 3817 1583 3872 in
1611 3818 1780 3873 corde
1809 3835 1911 3877 suo

289 3918 545 3994 peccatis
583 3913 845 3970 omnibus
884 3910 1086 3967 divinae
1118 3907 1430 3963 dilectionis
1469 3908 1598 3983 igne
1628 3909 1908 3978 crematis,

289 4008 550 4080 seipsum
579 4002 782 4059 obtulit
818 4001 930 4056 Deo
955 3997 1283 4055 sacriﬁcium
1316 3996 1374 4050 in
1404 3996 1630 4052 odorem
1670 3996 1911 4053 suavita-

281 4100 371 4155 tis.
402 4098 467 4153 Et
495 4092 758 4167 quouiam
788 4089 1038 4159 ejusdem
1080 4087 1284 4142 divina
1328 4086 1611 4162 cbaritatis
1636 4100 1791 4141 amor
1830 4087 1910 4141 in-

280 4188 532 4248 visibilis
562 4185 616 4239 in
657 4181 916 4238 cordibus
964 4180 1265 4235 electorum
1313 4193 1536 4248 semper
1566 4179 1917 4249 permanebit

281 4270 789 4344 inexstinguibilis,
823 4268 1027 4324 idcirco
1080 4267 1163 4322 vir
1193 4266 1339 4321 idem
1380 4265 1738 4321 beatissimus
1766 4267 1915 4337 ejus-

280 4372 413 4426 dem
458 4364 605 4438 legis
629 4378 694 4417 ea
742 4377 865 4433 quae
913 4359 1097 4414 adhuc
1140 4364 1371 4422 restant,
1401 4357 1611 4412 studuit
1641 4366 1916 4430 praecepta

1934 1752 1983 1821 Β

2010 514 2149 569 lucis
2187 520 2466 569 auctorem
2524 516 2768 586 seipsum
2825 523 3201 590 praeviatorcm
3250 541 3617 601 sequerentur

2009 618 2072 657 ac
2125 602 2344 671 ducem,
2402 604 2623 675 quando
2669 621 2768 674 per
2822 605 2951 663 ﬁdei
3011 611 3191 684 ignem
3250 624 3304 671 et
3339 620 3618 677 cbaritatis

2009 689 2282 746 ﬂammam
2352 692 2433 746 sic
2488 692 2635 747 intus
2682 693 3013 767 sibimetipsi
3062 716 3282 773 semper
3332 711 3620 766 consuevit

2009 779 2227 849 ardere,
2259 787 2318 834 ut
2350 789 2531 835 tamen
2573 781 2841 851 proximis
2872 784 2990 840 suis
3019 802 3128 843 non
3159 791 3341 848 minus
3369 794 3500 851 foris
3520 814 3619 868 per

2009 870 2140 926 boni
2187 871 2373 943 Operis
2416 872 2699 928 videretur
2739 876 2989 946 exempla
3029 878 3235 937 lucere.
3278 882 3451 954 Unde,
3493 890 3620 959 quia

2007 962 2101 1017 tali
2141 962 2461 1038 magisterio
2503 964 2747 1033 seipsum
2776 964 3005 1022 formam
3037 969 3182 1027 bene
3214 976 3434 1030 vivendi
3468 977 3621 1033 Chri-

2006 1054 2072 1109 sti
2096 1070 2318 1124 semper
2339 1054 2557 1110 solebat
2577 1055 2838 1112 exhibere
2868 1060 3155 1130 ministris,
3192 1064 3397 1122 idcirco
3434 1068 3491 1123 in
3526 1070 3616 1125 fu-

2001 1152 2142 1213 turo,
2176 1152 2235 1201 ut
2250 1147 2545 1215 credimus,
2578 1147 2713 1203 nihil
2743 1165 3038 1208 commune
3066 1154 3356 1213 habiturus
3384 1166 3467 1215 est
3492 1155 3615 1216 cum

2001 1246 2266 1301 sinistris:
2328 1247 2427 1302 sed
2461 1249 2603 1303 inter
2643 1249 2767 1305 illos
2817 1252 2998 1321 potius
3042 1256 3456 1325 praedicationis
3484 1278 3619 1333 apo-

2001 1337 2208 1393 stolicae
2244 1338 2395 1394 viros
2435 1346 2646 1410 partem
2689 1343 3023 1415 quandoque
3054 1346 3219 1402 debet
3257 1349 3460 1407 habere
3496 1369 3619 1409 cum

2003 1430 2261 1498 dexteris,
2295 1430 2496 1503 quibus
2536 1433 2855 1505 evangelica
2899 1435 3032 1490 olim
3080 1439 3306 1495 veritas:
3358 1443 3500 1513 Sint,
3534 1447 3618 1501 in-

2004 1525 2144 1596 quit,
2176 1526 2344 1581 lumbi
2379 1529 2547 1582 vestri
2569 1532 2872 1598 praecincti,
2914 1536 2962 1585 ct
2996 1534 3223 1588 lucernae
3273 1538 3522 1595 ardentes
3560 1545 3619 1596 in

2005 1616 2253 1669 manibus
2281 1618 2472 1669 vestris
2504 1615 2651 1686 (Luc.
2675 1619 2793 1689 xu).
2840 1620 2902 1673 Et
2933 1620 3059 1676 ideo
3091 1638 3319 1679 necesse
3350 1636 3437 1683 est
3476 1637 3535 1684 ut
3566 1639 3623 1685 et

2008 1716 2087 1777 tu,
2128 1725 2161 1765 ο
2195 1710 2523 1778 Christiane,
2574 1696 2874 1785 diligenter
2910 1719 3056 1787 apud
3112 1725 3166 1773 te
3223 1721 3313 1776 die
3345 1732 3620 1798 noctuque

2008 1801 2322 1872 perpendas
2342 1802 2584 1873 qualiter
2631 1805 2885 1875 exemplo
2942 1807 3042 1860 viri
3077 1808 3236 1864 istius
3277 1812 3330 1865 in
3397 1821 3469 1879 te,
3522 1833 3622 1887 per

2008 1889 2410 1960 Scripturarum
2462 1891 2799 1959 testimonia,
2855 1894 3038 1966 ignem
3089 1896 3290 1953 divinae
3342 1902 3624 1959 cbaritatis

2006 1993 2228 2047 semper
2257 1978 2531 2033 accendas
2558 1997 2569 2031 :
2600 1979 2784 2034 sciens
2814 1981 3078 2038 videlicet
3107 1987 3255 2055 quod
3301 1993 3501 2045 summi
3532 1994 3622 2047 Sa-

2008 2068 2249 2124 cerdotis
2288 2070 2595 2125 membrum
2624 2070 2784 2126 aliter
2810 2087 2921 2128 non
2963 2074 3082 2142 fies,
3116 2075 3221 2131 nisi
3269 2081 3622 2153 antiquorum

2009 2156 2225 2248 {atrum
2265 2158 2517 2248 exempla
2553 2160 2814 2248 subjicias
2868 2162 2970 2216 tibi
3017 2180 3182 2220 mane
3234 2185 3334 2238 per
3379 2172 3629 2248 singulos

2009 2243 2149 2298 dies.
2172 2244 2236 2299 Et
2262 2244 2411 2309 ideo,
2444 2253 2504 2301 ut
2533 2247 2786 2317 quotidie
2816 2249 3001 2305 valeas
3039 2252 3152 2309 Deo
3193 2256 3359 2329 digne
3398 2243 3626 2329 servire,

2008 2335 2064 2389 in
2097 2352 2189 2390 ara
2219 2337 2401 2392 cordis
2453 2337 2530 2392 tui
2560 2339 2762 2394 divinae
2794 2341 3076 2398 cbaritatis
3120 2344 3397 2404 ﬂammam
3457 2352 3631 2407 debes

2007 2427 2127 2483 sine
2167 2428 2582 2485 intermissione
2605 2432 2835 2500 nutrire,
2869 2449 2938 2489 ne
2977 2434 3224 2492 deterius
3262 2439 3360 2495 tibi
3396 2442 3629 2516 ;aliquid

2009 2523 2139 2577 inde
2163 2523 2448 2596 contingat
2480 2524 2525 2579 si
2560 2525 2615 2579 in
2643 2526 2810 2580 corde
2834 2533 2928 2582 tuo
2961 2531 3187 2599 superni
3212 2534 3417 2590 amoris
3446 2536 3629 2609 ignem

2012 2630 2117 2671 nox
2140 2616 2374 2684 alicujus
2403 2617 2663 2672 caecitatis
2701 2619 3040 2693 exstinguat.
3071 2622 3167 2679 Hic
3188 2632 3272 2682 est
3312 2628 3460 2683 enim
3489 2630 3633 2702 ignis

2010 2707 2121 2771 ille,
2156 2724 2319 2779 quem
2356 2709 2585 2781 antiqua
2615 2710 2883 2767 Divinitas
2924 2730 3025 2785 per
3062 2718 3459 2786 praedicatores
3502 2740 3633 2780 suos

2009 2798 2141 2854 olim
2167 2799 2330 2854 latius
2355 2800 2575 2872 sparsit,
2609 2803 2830 2872 quando
2881 2804 2948 2859 ad
2975 2805 3441 2866 illuminationem
3493 2831 3633 2886 gen-

2010 2895 2147 2950 tium
2170 2895 2316 2970 ignis
2329 2895 2385 2949 in
2408 2904 2712 2968 conspectu
2726 2898 2846 2966 ejus
2858 2900 3079 2968 exarsit,
3098 2918 3198 2972 per
3208 2920 3372 2975 quem
3389 2910 3555 2964 corda
3567 2908 3633 2963 fi-

2012 2989 2219 3045 delium
2237 3007 2361 3046 cum
2376 2990 2713 3047 carbonibus
2734 2993 2843 3048 illis
2863 2994 2931 3049 ad
2954 2994 3119 3051 fidem
3144 2998 3589 3059 incenderentur
3603 3022 3633 3060 a

2011 3083 2234 3151 Deo,de
2262 3084 2463 3156 quibus
2499 3084 2768 3157 PrOpheta
2800 3087 3181 3164 subjungens:
3216 3093 3511 3164 Carboncs,
3538 3098 3623 3152 in-

2010 3177 2147 3248 quit,
2178 3180 2416 3233 succensi
2441 3185 2572 3233 sunt
2605 3180 2674 3233 ab
2694 3195 2751 3235 eo
2783 3181 2933 3251 (Psal
3009 3189 3157 3244 xvul.
3192 3188 3443 3258 Apostoli
3474 3206 3630 3246 nam-

2009 3283 2138 3338 que,
2151 3282 2457 3339 eorumque
2472 3284 2844 3337 successores,
2864 3273 3000 3343 quid
3019 3274 3165 3330 aliud
3181 3284 3360 3344 erant,
3377 3279 3486 3334 nisi
3511 3297 3632 3336 car-

2010 3357 2204 3425 bones,
2224 3358 2354 3413 dum
2373 3374 2474 3429 per
2486 3360 2798 3432 exemplum
2828 3362 3180 3435 boniOperis,
3204 3374 3259 3422 et
3274 3368 3465 3424 lumen
3496 3388 3634 3442 pra:-

2012 3447 2323 3515 dicationis,
2342 3454 2396 3502 et
2412 3448 2773 3520 sibimetipsis
2785 3452 3054 3508 ardebant
3069 3455 3237 3522 intus,
3252 3463 3307 3512 et
3329 3458 3457 3514 aliis
3475 3459 3629 3516 foris.

2012 3536 2090 3590 Ad
2118 3537 2225 3592 hoc
2253 3536 2401 3590 enim
2431 3537 2598 3592 corda
2626 3537 2874 3594 fidelium
2907 3542 3015 3596 illis
3053 3545 3299 3601 caelestis
3358 3550 3509 3604 verbi
3540 3567 3635 3605 sa—

2009 3622 2160 3698 gittis
2216 3623 2426 3693 potenti
2484 3623 3005 3693 solebantjaculare
3057 3631 3259 3688 virtute
3300 3634 3370 3691 de
3431 3638 3633 3708 quibus

2010 3711 2272 3782 scriptum
2330 3717 2439 3765 est:
2486 3711 2711 3779 Sagittae
2756 3718 2991 3783 potentis
3050 3725 3222 3775 acuta
3260 3723 3429 3789 (Psal.
3466 3729 3629 3798 cxw).

2012 3809 2072 3858 ut
2101 3810 2156 3858 et
2206 3802 2311 3873 ipsi
2369 3802 2601 3857 desolati
2641 3819 2671 3858 a
2726 3805 2891 3872 vitiis,
2940 3816 2995 3862 et
3047 3813 3264 3886 purgati
3304 3830 3333 3868 a
3362 3819 3634 3887 peccatis,

2014 3893 2349 3951 carbonibus
2380 3894 2487 3949 illis
2517 3894 2953 3953 assimilarentur
2978 3900 3049 3956 de
3091 3903 3298 3973 quibus
3327 3905 3477 3961 idem
3508 3908 3639 3965 Pro-

2014 3987 2189 4059 pheta
2216 3987 2588 4061 subjungens:
2640 3991 2771 4047 Cum
2797 3993 3140 4062 carbonibus,
3173 3998 3376 4069 inquit,
3418 4002 3634 4058 desola-

2015 4084 2173 4138 toriis
2205 4082 2405 4153 (ibid).
2428 4083 2533 4139 Per
2557 4086 2828 4143 carbones
2857 4090 3067 4161 quippe
3100 4092 3466 4152 desolatorios
3504 4114 3640 4155 con-

2016 4170 2159 4225 versi
2188 4171 2424 4242 quilibet
2447 4173 2855 4243 exprimuntur,
2888 4177 3005 4248 qui,
3034 4180 3191 4250 quasi
3217 4198 3317 4252 per
3349 4193 3639 4254 peccatum

2017 4262 2172 4335 prius
2197 4265 2472 4332 exstincti,
2502 4273 2557 4321 et
2588 4283 2687 4337 per
2710 4268 2982 4337 justitiam
3014 4280 3207 4342 postea
3238 4279 3545 4348 reacccnsi,
3576 4295 3640 4334 ex

2015 4355 2250 4409 mortuis
2304 4356 2571 4426 Operibus
2610 4358 2676 4412 ad
2721 4356 2990 4414 Christum
3042 4371 3462 4433 convertuntur,
3506 4385 3643 4440 qua-

280 4459 521 4526 seclari,
553 4456 607 4510 in
639 4454 845 4526 quibus
871 4451 1093 4506 dicitur:
1159 4453 1307 4518 Ignis
1338 4451 1441 4504 iste
1496 4454 1572 4504 est
1597 4455 1917 4520 perpetuus,
1945 4442 2000 4509 D
2020 4450 2185 4499 tenus
2208 4444 2264 4498 in
2278 4445 2623 4502 desolatione
2648 4448 2907 4504 vitiorum
2935 4458 2991 4505 et
3020 4454 3346 4523 Operatione
3376 4456 3640 4512 virtutum

281 4555 384 4625 qui
411 4560 706 4616 nunquam
730 4543 937 4611 deﬁciet
964 4543 1026 4595 in
1061 4540 1248 4595 altari.
1308 4539 1502 4594 Nullus
1542 4540 1690 4594 enim
1736 4540 1909 4595 Deum

282 4657 421 4698 vere
461 4635 732 4705 probatur
769 4646 979 4697 amare,
1020 4628 1125 4683 nisi
1176 4643 1343 4701 quem
1385 4643 1569 4699 neque
1607 4628 1910 4697 tribulatio,

282 4744 478 4802 neque
507 4722 762 4797 angustia
800 4718 1000 4793 poterit
1041 4718 1112 4774 ab
1168 4718 1289 4787 ejus
1335 4716 1601 4773 charitate
1655 4733 1915 4788 separare

284 4825 471 4893 (Rom,
523 4816 673 4887 vni);
715 4812 978 4887 quoniam
1022 4826 1176 4867 amor
1219 4809 1451 4865 internae
1496 4808 1815 4865 dilectionis
1862 4810 1918 4865 in

284 4929 488 4972 eorum
521 4908 804 4965 mentibus
834 4921 1114 4978 nunquam
1163 4904 1277 4960 otio
1311 4902 1568 4973 tabescit,
1618 4904 1673 4957 in
1719 4904 1922 4975 quibus

286 5005 360 5059 de
403 5002 501 5057 die
536 4998 594 5052 in
623 4997 770 5052 diem
814 4995 1014 5051 divinae
1042 4992 1325 5050 cbaritatis
1368 4991 1553 5048 fervor
1591 5007 1812 5063 semper
1838 5008 1922 5048 ac-

284 5093 516 5153 crescit.
571 5090 681 5145 Hoc
709 5088 895 5143 sciens
925 5086 1187 5141 sacerdos
1224 5085 1326 5140 iste
1367 5084 1588 5152 beatus,
1628 5099 1695 5139 eo
1746 5085 1920 5157 magis

283 5187 589 5261 magisque
609 5196 874 5253 prospera
900 5178 1094 5235 mundi
1116 5194 1216 5249 pro
1248 5176 1460 5233 Christo
1487 5176 1705 5232 solebat
1730 5176 1918 5248 despi-

285 5297 444 5347 cere,
479 5291 591 5349 quo
622 5273 883 5330 eumdum
945 5272 1144 5326 divina
1194 5270 1479 5327 cbaritatis
1510 5270 1697 5345 ignem
1730 5270 1785 5324 in
1825 5285 1918 5324 ara

283 5368 482 5428 cordis
504 5365 588 5421 sui
628 5379 909 5436 nunquam
961 5376 1155 5432 passus
1184 5368 1267 5416 est
1307 5361 1582 5424 deficere;
1642 5370 1919 5433 quatenus

284 5464 343 5517 in
379 5461 688 5531 perpetuas
713 5451 1143 5507 zeternitatesilli
1176 5466 1396 5523 semper
1429 5451 1742 5507 adhaereret
1782 5450 1919 5524 igni,

283 5551 383 5624 qui
426 5545 600 5601 nullis
643 5560 887 5615 unquam
919 5542 1318 5598 tentationibus
1371 5542 1575 5614 poterit
1623 5541 1920 5616 exstingui.

284 5644 404 5700 Sed
428 5646 489 5697 et
519 5654 619 5708 per
646 5636 902 5691 eumdem
936 5636 1216 5692 cbaritatis
1264 5636 1449 5709 ignem
1478 5652 1614 5692 oves
1643 5634 1750 5691 sibi
1776 5651 1928 5691 com-

291 5738 504 5792 missas
537 5732 605 5786 ad
644 5732 749 5787 hoc
778 5731 846 5784 de
898 5736 1071 5786 morte
1100 5731 1166 5785 ad
1207 5730 1394 5796 vitam,
1438 5730 1507 5785 de
1563 5729 1810 5786 tenebris
1842 5744 1931 5785 rc-

2016 4549 2083 4589 ex
2114 4533 2302 4589 verbis
2328 4535 2647 4591 caelestibus
2684 4553 2907 4609 semper
2955 4541 3248 4599 addiscant
3295 4547 3531 4616 qualiter
3575 4549 3645 4604 de

2017 4625 2264 4681 tenebris
2290 4626 2359 4682 ad
2387 4627 2590 4695 lucem,
2620 4629 2690 4683 de
2723 4639 2896 4686 morte
2924 4634 2993 4687 ad
3021 4634 3188 4690 vitam
3219 4636 3341 4692 sine
3365 4638 3646 4695 intermis-

2020 4716 2180 4772 sione
2238 4716 2587 4774 reviviscant.
2630 4719 2759 4784 Quae
2805 4724 3082 4778 sententia
3118 4725 3295 4781 virum
3357 4728 3519 4783 istum
3575 4731 3646 4785 de

2021 4823 2132 4881 quo
2154 4808 2438 4881 loquimur
2462 4825 2813 4883 nequaquam
2845 4814 3090 4885 delituit,
3122 4818 3252 4873 dum
3276 4836 3376 4890 per
3403 4822 3647 4877 cmlestis

2022 4898 2180 4956 verbi
2211 4899 2530 4970 mysterium
2563 4900 2727 4957 bonis
2750 4905 2997 4961 moribus
3028 4915 3084 4961 et
3105 4908 3297 4978 probis
3314 4910 3534 4966 actibus
3559 4912 3645 4968 vi-

2025 4998 2136 5048 tam
2168 5007 2323 5047 suam
2344 5007 2567 5063 semper
2594 4993 2858 5064 instituit,
2887 5006 3162 5069 quatenus
3191 5000 3247 5054 in
3275 5002 3441 5057 corde
3473 5003 3647 5075 ipsius

2024 5083 2080 5139 in
2112 5084 2326 5140 incesto
2357 5093 2561 5152 castus,
2601 5092 2657 5140 et
2710 5103 2773 5141 ex
2814 5089 3032 5161 impuro
3062 5109 3254 5163 purus,
3296 5094 3455 5150 fieret
3495 5096 3649 5153 locus

2022 5180 2323 5248 desolatus,
2355 5187 2415 5235 ut
2470 5180 2528 5235 in
2559 5181 2926 5240 habitaculum
2966 5186 3064 5242 Dei
3119 5188 3174 5243 in
3204 5190 3409 5261 Spiritu
3451 5201 3649 5248 sancto

2021 5287 2243 5343 semper
2272 5278 2459 5343 posset
2489 5288 2613 5328 esse
2640 5282 2883 5345 paratus.
2928 5278 3083 5335 Unde
3115 5296 3226 5337 non
3270 5282 3550 5340 immerito
3581 5299 3648 5338 ex

2020 5361 2229 5416 eisdem
2257 5362 2594 5418 carbonibus
2632 5379 2776 5421 unus
2804 5373 2943 5435 erat,
3000 5369 3130 5424 dum
3160 5387 3259 5441 per
3289 5372 3421 5428 boni
3456 5373 3650 5443 operis

2026 5454 2212 5509 lumen
2243 5455 2350 5509 sibi
2382 5460 2439 5509 et
2473 5455 2729 5512 Ecclesiae
2758 5459 2907 5514 intus
2945 5469 3001 5516 et
3039 5462 3175 5518 foris
3203 5480 3425 5534 semper
3452 5467 3649 5520 ardere

2025 5555 2080 5603 et
2104 5549 2290 5604 lucere
2319 5550 2563 5618 solebat;
2590 5554 2665 5607 ita
2694 5561 2756 5609 ut
2777 5554 2923 5610 lucet
2953 5556 3009 5609 in
3038 5572 3104 5612 co
3129 5559 3329 5613 divinae
3360 5558 3651 5612 cbaritatis

2027 5641 2190 5695 ardor
2220 5656 2343 5696 raro
2388 5648 2482 5697 aut
2508 5658 2789 5715 nunquam
2830 5646 3112 5702 videretur
3168 5648 3493 5710 exstinctus,
3526 5662 3650 5702 om-

2032 5730 2117 5784 nis
2175 5735 2361 5785 tamen
2418 5731 2595 5805 gloria
2641 5733 2783 5800 ejus,
2844 5736 2999 5805 quasi
3048 5736 3223 5806 gloria
3268 5733 3391 5787 filia:
3433 5749 3647 5807 regum,
