4006 6198
418 303 545 357 1031

1385 294 1748 347 BERENGOSI
1792 293 2065 347 ABBATIS
2107 295 2162 347 S.
2206 294 2443 349 MAXIMI
2486 294 2752 351 TREVIR.

3604 298 3757 354 1032

415 445 636 500 semper
660 435 805 482 esset
835 426 903 480 ab
934 425 1079 478 intus
1126 423 1289 492 (Psal.
1339 432 1501 487 XLIV).
1545 423 1649 474 Sed
1696 429 1749 475 et
1803 423 1911 475 duo
1943 422 2031 474 di-
2054 428 2105 493 Α
2131 422 2185 475 in
2211 423 2603 494 sacroeloquio
2625 425 2733 479 duo
2750 430 2877 479 sunt
2904 424 3028 492 zeli,
3060 426 3213 480 zelus
3237 428 3451 482 scilicet
3480 430 3759 484 amaritu-

416 518 614 588 scipuli
636 516 713 569 illi
748 514 993 582 ejusdem
1023 511 1225 566 divinae
1252 511 1535 565 eharitatis
1558 511 1687 582 igne
1718 511 1873 581 quasi
1901 526 2023 564 car-

419 610 593 665 bones
646 608 932 671 ardebant,
988 604 1081 675 qui
1127 612 1248 673 post
1304 602 1764 656 resurrectionem
1817 601 2029 655 Domini

418 718 539 757 cum
567 718 632 756 eo
663 716 720 755 se
754 699 902 771 loqui
931 706 984 752 et
1016 698 1092 751 ire
1127 696 1466 761 nesciebant,
1497 696 1718 765 quando
1758 710 1882 748 sera
1910 709 2027 765 poe-

420 796 653 850 nitentia
708 793 1017 848 recolentes
1075 807 1133 844 se
1176 791 1387 845 locutos
1426 788 1592 843 fuisse
1632 804 1755 843 cum
1798 789 2024 842 Messia:

419 889 622 950 Nonne,
652 881 930 953 inquiunt,
963 897 1053 934 cor
1103 885 1344 933 nosth
1371 880 1569 932 ardens
1623 882 1821 933 eratin
1858 880 2026 943 nobis,

418 994 535 1032 cum
560 979 868 1044 loqueretur
899 974 957 1026 in
983 974 1074 1024 ria
1102 974 1128 1023 ?
1178 973 1323 1035 (Luc.
1368 970 1529 1037 xxxv).
1575 970 1776 1025 Taliter
1826 971 2034 1042 quippe

419 1070 548 1125 olim
579 1064 894 1139 legiferille
929 1062 1161 1133 Moyses,
1222 1061 1405 1116 taliter
1461 1064 1639 1116 Aaron
1693 1063 1921 1117 ardebat
1978 1073 2031 1119 et

424 1158 677 1217 Phincos,
712 1154 801 1207 tali
834 1152 997 1206 etiam
1041 1150 1205 1205 modo
1268 1150 1435 1204 David
1476 1150 1703 1204 ardebat
1741 1167 1863 1205 cum
1897 1151 2029 1216 Elia,

420 1246 885 1320 quemadmodum
917 1243 1082 1296 iidem
1117 1243 1224 1297 duo
1257 1242 1513 1312 discipuli
1540 1241 1741 1312 quibus
1772 1243 2030 1297 Dominus

420 1342 745 1414 loquebatur
789 1339 845 1392 in
874 1337 981 1392 via.
1035 1338 1227 1391 Nonne
1260 1336 1407 1390 enim
1440 1336 1652 1406 Moyses
1692 1336 1819 1410 igne
1850 1336 2027 1391 chari-

418 1435 544 1489 tatis
573 1433 821 1497 ardebat,
855 1429 972 1501 qui,
996 1429 1092 1482 irae
1122 1428 1215 1483 Dei
1242 1428 1526 1495 resistens,
1559 1439 1790 1482 mortem
1816 1429 2028 1483 caden-

422 1528 489 1581 tis
535 1524 722 1596 pepuli
763 1538 863 1576 sua
895 1531 1067 1575 morte
1115 1526 1456 1575 commutare
1511 1520 1765 1585 volebat;
1809 1520 2031 1591 quando

420 1618 488 1671 ad
521 1616 833 1679 Dominum,
866 1621 925 1667 ut
952 1612 1008 1665 in
1049 1612 1190 1666 libro
1216 1610 1379 1665 Exodi
1411 1609 1819 1682 saepiuslegere
1852 1610 2031 1680 potui-

420 1711 517 1765 sti:
555 1712 789 1772 Dimilte,
840 1706 1039 1776 inquit,
1081 1708 1176 1770 eis,
1210 1705 1347 1757 hanc
1383 1719 1601 1763 noxam.
1652 1705 1895 1773 alioquin
1922 1705 2035 1757 dele
2059 1732 2107 1799 Β

420 1803 589 1857 mede
628 1801 785 1863 lib-ro,
816 1814 970 1867 quem
1002 1798 1322 1865 scripsisti?
1377 1796 1570 1849 ’Emad.
1608 1798 1796 1861 χχχιι).
1843 1795 2034 1849 Nonne

424 1902 479 1948 et
510 1894 682 1946 Aaron
725 1888 971 1957 ejusdem
1028 1886 1309 1940 eharitatis
1358 1886 1485 1956 igne
1537 1902 1837 1940 succensus
1897 1893 2031 1951 erat,

424 1985 543 2056 qui,
571 1985 661 2037 irae
691 1980 784 2034 Dei
811 1994 967 2049 aeque
1022 1978 1299 2041 resistens,
1334 1978 1480 2031 inter
1516 1978 1761 2032 viventes
1805 1991 1860 2032 et
1889 1994 2034 2033 mor-

427 2086 549 2131 tuos
624 2070 963 2129 thuribulum
1015 2069 1267 2123 sumebat
1315 2076 1589 2140 quatenus
1647 2069 1777 2123 iram
1832 2068 2034 2123 furoris

424 2171 546 2237 ejus
578 2162 833 2220 immensi
866 2162 1014 2217 fumo
1043 2162 1283 2231 placaret
1318 2160 1574 2215 incensi?
1606 2161 1796 2215 Nonne
1827 2169 1880 2215 et
1914 2162 2035 2215 Phi-

427 2279 561 2317 nees
588 2261 707 2315 zelo
734 2257 1013 2313 charitatis
1041 2254 1252 2310 fortiter
1280 2254 1531 2321 ardebat,
1563 2254 1657 2324 qui
1700 2253 2036 2307 luxuriantes

425 2348 755 2423 alienigenis
786 2346 839 2400 in
872 2346 992 2415 ipso
1030 2343 1178 2398 coitu
1226 2342 1499 2396 trucidare
1526 2341 1761 2405 solebat,
1813 2343 2034 2413 quando

429 2439 739 2495 Israelitica:
767 2435 946 2507 plebis
977 2433 1199 2506 largiter
1225 2432 1559 2487 effundendo
1591 2448 1860 2496 cruorem,
1892 2434 2035 2488 divi-

428 2548 556 2587 num
586 2532 658 2585 ita
681 2527 913 2600 placavit
953 2526 1190 2581 furorem
1212 2528 1239 2579 ?
1264 2525 1456 2579 Nonne
1497 2525 1657 2579 etiam
1688 2525 1830 2579 Elias
1869 2526 2035 2581 homo

425 2622 621 2677 similis
671 2620 832 2675 nobis
882 2624 935 2671 et
993 2615 1270 2687 passiliilis
1302 2615 1358 2668 in
1415 2616 1581 2670 corde
1620 2631 1721 2670 suo
1762 2615 2031 2670 fervorem

426 2715 671 2783 ejusdem
704 2710 986 2766 cbaritatis
1008 2708 1247 2763 habebat
1295 2707 1780 2781 inexstinguibilis,
1812 2707 2034 2778 quando

426 2805 593 2858 aridae
624 2800 831 2855 diutius
856 2809 1012 2853 terrae
1072 2797 1304 2850 imbrem
1338 2798 1407 2850 dc
1463 2796 1779 2851 coelestibus
1838 2797 2034 2851 dolens

428 2912 551 2949 esse
582 2889 1307 2955 subductum;orationibus
1358 2888 1473 2943 suis
1521 2897 1575 2943 et
1628 2888 1751 2943 (ια)ιί
1799 2888 2037 2943 obtinuit

430 2988 693 3059 pluviam,
722 2992 775 3040 et
804 2992 960 3039 terrae
1008 2983 1241 3037 fructum
1270 2981 1299 3033 ?
1330 2982 1518 3037 Nonne
1546 2988 1601 3036 et
1631 2982 1796 3037 David
1839 2982 2034 3037 eodem

2133 517 2301 583 (linis,
2331 524 2384 572 et
2414 519 2565 572 zelus
2592 519 2942 583 dilectionis;
2978 521 3049 574 ita
3081 520 3242 575 etiam
3275 524 3386 577 duo
3416 534 3547 580 sunt
3567 526 3750 597 ignes,

2136 607 2280 680 ignis
2307 608 2568 663 videlicet
2600 609 2800 665 furoris
2838 619 2893 664 et
2924 611 3070 683 ignis
3110 613 3331 668 amoris.
3359 615 3543 669 Zelum
3577 618 3751 688 quip-

2133 714 2203 768 pe
2227 699 2611 754 amaritudinis
2647 702 2845 756 mulier
2876 702 2969 757 illa
3001 704 3279 773 quondam
3300 706 3558 761 habuisse
3587 709 3753 764 vide-

2131 792 2314 864 batur,
2358 812 2479 866 quie
2527 795 2641 851 ﬁlio
2718 797 2968 853 mulieris
3017 799 3244 853 alterius
3307 801 3589 857 invidens:
3645 806 3753 859 Nec

2131 885 2282 952 mihi,
2326 886 2525 958 inquit,
2558 904 2649 941 nec
2679 890 2781 943 tibi
2805 892 2898 955 sit,
2922 892 3013 944 sed
3034 892 3318 947 dividatur
3346 893 3449 963 (III
3473 898 3601 962 Reg.
3641 900 3725 965 in}

2134 977 2315 1031 Zelum
2370 987 2551 1034 autem
2598 980 2913 1035 dilectionis
2953 982 3414 1055 Psalmographus
3463 986 3655 1040 habuit
3697 987 3754 1040 in

2139 1084 2220 1133 se,
2275 1070 2499 1140 quando
2550 1086 2646 1141 pro
2711 1071 2997 1143 iniquitate
3059 1074 3371 1130 Judazorum
3424 1076 3753 1146 suspirans:

2134 1156 2305 1223 Zelus,
2338 1158 2535 1229 inquit,
2577 1161 2764 1215 domus
2787 1176 2912 1215 mete
2940 1164 3163 1217 comedit
3215 1180 3297 1217 me
3328 1166 3492 1218 (Psal.
3538 1171 3749 1233 vam).

2134 1245 2269 1310 Quia
2300 1263 2430 1316 ergo
2474 1249 2566 1319 qui
2624 1249 2733 1304 duo
2783 1251 2885 1304 zeli
2926 1258 3053 1305 sunt
3103 1253 3524 1322 perstrinximus
3580 1255 3753 1310 histo-

2130 1334 2357 1401 rialitcr,
2426 1337 2499 1390 ita
2564 1346 2617 1391 et
2662 1339 2754 1409 qui
2809 1340 2919 1395 duo
2966 1347 3094 1395 sunt
3139 1342 3296 1415 ignes
3340 1342 3753 1413 distinguamus

2133 1428 2440 1498 aequaliter.
2473 1430 2573 1493 Qui
2606 1430 2753 1483 enim
2785 1431 2956 1486 divini
2990 1433 3193 1488 furoris
3223 1434 3295 1488 sit
3328 1435 3491 1508 ignis,
3524 1437 3753 1506 plenius

2134 1519 2354 1575 edoceri
2391 1522 2624 1591 potestis
2659 1522 2726 1576 ab
2766 1539 2831 1577 eo
2874 1525 2965 1595 qui
3009 1541 3109 1595 per
3134 1525 3359 1596 Moysen
3390 1528 3751 1597 prephetam:

2136 1614 2303 1679 Ignis,
2350 1612 2551 1684 inquit,
2601 1630 2879 1669 succensus
2918 1622 2994 1671 est
3050 1620 3108 1671 in
3162 1620 3350 1685 furore
3395 1636 3505 1673 meo
3535 1621 3751 1689 (Jercm.

2134 1703 2237 1767 xv).
2271 1702 2404 1764 Quis
2426 1718 2555 1757 vero
2589 1703 2733 1776 ignis
2764 1705 2974 1759 amoris
3014 1706 3105 1773 sit,
3140 1722 3239 1777 per
3271 1708 3448 1781 legem
3480 1710 3623 1763 seire
3657 1727 3756 1765 va—

2136 1790 2279 1855 letis,
2336 1790 2429 1844 ubi
2486 1791 2554 1845 de
2611 1792 2889 1861 paschalis
2937 1794 3065 1867 agni
3119 1797 3459 1851 comestione
3508 1813 3613 1853 nos
3670 1800 3756 1852 in—

2136 1889 2379 1934 struens:
2415 1881 2474 1936 Si
2502 1882 2655 1950 quid,
2717 1881 2914 1953 inquit,
2979 1884 3187 1938 residui
3234 1887 3422 1952 fuerit,
3456 1889 3579 1953 igne
3613 1903 3756 1941 com-

2138 1976 2335 2029 buretis
2395 1976 2586 2043 (Exod.
2636 1978 2734 2046 xu)
2814 1977 2966 2032 Unde
3014 1985 3072 2032 ut
3109 1979 3162 2032 in
3217 1979 3480 2034 cordibus
3524 1981 3753 2041 nostris,

2135 2064 2478 2118 dilectissimi
2511 2063 2727 2131 fratres,
2774 2073 2829 2119 et
2858 2082 3027 2119 unum
3060 2066 3244 2137 ignem
3296 2069 3674 2140 exstinguere,
3703 2076 3757 2122 et

2135 2162 2366 2217 alterum
2402 2162 2702 2217 incendere
2734 2164 3034 2231 valeamus,
3093 2166 3319 2239 dignum
3360 2174 3442 2221 est
3496 2175 3553 2222 ut
3591 2183 3756 2237 opem

2137 2250 2440 2304 sacerdotis
2471 2251 2629 2305 istius
2677 2253 3035 2307 sacratissimi
3067 2262 3179 2310 tota
3235 2263 3442 2323 mente,
3503 2264 3615 2311 tota
3646 2258 3749 2311 de-

2137 2340 2357 2395 votione
2387 2357 2730 2412 quaeramus;
2762 2349 3036 2414 quatenus
3083 2345 3294 2399 meritis
3318 2346 3497 2416 ipsius
3536 2363 3601 2400 ac
3630 2364 3756 2417 prc-

2137 2432 2293 2487 cibus
2324 2433 2395 2486 ita
2426 2432 2480 2486 in
2522 2434 2683 2488 nobis
2726 2433 2872 2509 ignis
2930 2436 3102 2489 divini
3158 2438 3532 2511 restinguatur
3582 2438 3753 2501 furor,

2139 2530 2196 2577 ut
2230 2523 2397 2577 corda
2454 2532 2644 2577 nostra
2692 2540 2912 2595 semper
2953 2525 3227 2580 illustrare
3290 2527 3552 2600 dignetur
3611 2530 3755 2603 ignis

2137 2614 2358 2669 amoris.
2396 2614 2454 2667 Et
2482 2616 2741 2685 quoniam
2772 2633 2883 2687 pra:
2914 2616 3041 2689 igne
3076 2618 3273 2673 furoris
3318 2619 3535 2673 Domini
3576 2622 3757 2675 omnis

2136 2721 2262 2761 caro
2289 2707 2625 2777 quandoque
2651 2707 2916 2775 tabescet,
2949 2708 3196 2779 quando,
3225 2709 3292 2763 ad
3320 2710 3753 2765 discernendum

2137 2796 2313 2851 bonos
2342 2806 2396 2851 et
2425 2798 2623 2861 malos,
2657 2801 2801 2865 ignis
2855 2803 2914 2852 in
2967 2806 3243 2868 conspectu
3273 2802 3389 2870 ejus
3441 2804 3753 2857 cmardcscet

2138 2888 2304 2958 (Psal.
2338 2892 2500 2956 xux),
2530 2890 2797 2944 orandum
2829 2899 2914 2945 est
2960 2890 3141 2954 nobis,
3188 2907 3255 2945 ne
3289 2902 3421 2948 tunc
3449 2894 3518 2947 ab
3550 2902 3755 2949 aeterno

2140 2981 2269 3054 igne
2305 2998 2428 3036 cum
2462 2982 2715 3053 rcprobis
2762 2983 3092 3039 devoremur
3136 2992 3192 3039 et
3220 2985 3498 3057 malignis,
3532 2989 3755 3058 quando

427 3081 557 3154 igne
595 3076 878 3132 charitatis
909 3090 1203 3129 accensum
1240 3088 1361 3128 esse
1401 3073 1780 3146 cognovimus,
1825 3074 1940 3144 qui,
1982 3082 2039 3128 ut
2070 3088 2118 3155 Ο
2143 3075 2203 3127 in
2232 3075 2319 3127 ira
2358 3090 2459 3128 sua
2506 3073 2848 3129 conturbabit
2899 3091 3006 3141 eos,
3057 3082 3104 3129 et
3161 3076 3440 3132 devorabit
3478 3094 3562 3133 cos
3617 3083 3755 3147 ignis

428 3167 668 3223 inlibris
698 3167 904 3238 Regum
954 3164 1213 3235 legimus,
1254 3162 1470 3218 obicem
1526 3179 1584 3217 se
1626 3163 1903 3234 quondam
1939 3180 2038 3235 pro

427 3262 543 3316 suis
571 3260 889 3330 Oppouebat
921 3258 1135 3318 ovibus,
1183 3258 1407 3327 quando
1448 3273 1546 3327 pro
1603 3258 1687 3310 his
1727 3274 1912 3323 orans,
1945 3259 2038 3330 qui

430 3354 628 3425 angelo
668 3351 920 3405 credente
980 3349 1290 3419 perierunt:
1348 3352 1460 3416 Ego
1512 3366 1650 3415 sum,
1696 3349 1895 3421 inquit,
1943 3354 2043 3421 qui

426 3448 645 3516 peccavi
672 3447 743 3511 (II
769 3447 895 3511 Reg.
929 3443 1109 3512 xxiv);
1144 3442 1253 3508 isti,
1286 3444 1378 3513 qui
1433 3459 1565 3497 oves
1596 3450 1742 3510 sunt,
1785 3444 1917 3515 quid
1950 3444 2037 3498 te-

431 3540 626 3590 cerunt
652 3533 680 3586 ?
709 3533 898 3587 Adhuc
928 3532 1090 3587 etiam
1124 3538 1177 3585 et
1199 3531 1349 3586 aliud
1380 3533 1701 3603 mysterium
1724 3534 1931 3605 grande
1962 3533 2041 3587 si-

429 3625 559 3680 mile
587 3624 671 3679 his
700 3623 951 3679 videmus
998 3623 1052 3676 in
1093 3621 1327 3689 Joanne,
1372 3623 1466 3694 qui
1518 3625 1781 3694 pupulum
1845 3624 1937 3679 Dei
1971 3624 2038 3679 ad

428 3716 546 3770 vias
566 3714 714 3768 illius
745 3711 1022 3783 quondam
1056 3711 1111 3765 in
1139 3711 1359 3766 deserto
1383 3712 1673 3779 reducens,
1700 3714 1856 3781 juxta
1878 3715 2039 3769 testi-

430 3803 677 3859 monium
730 3801 1040 3856 Divinitatis
1086 3802 1304 3855 lucerna
1356 3807 1471 3854 erat
1522 3802 1721 3855 ardens
1760 3807 1808 3855 et
1863 3802 2043 3857 lucens

326 3952 333 3959 ,
431 3897 606 3965 (Joan.
643 3892 719 3962 v),
752 3891 973 3963 quando
1003 3905 1061 3944 se
1088 3890 1316 3963 dignum
1353 3889 1623 3945 exhibens
1652 3891 1719 3945 ad
1744 3907 1908 3961 quem
1941 3891 2042 3945 Ve-

433 3982 607 4039 ritatis
636 3979 790 4035 fieret
817 3994 1020 4043 sermo,
1052 3977 1278 4032 sibimet
1307 3978 1455 4033 intus
1492 3980 1624 4034 arsit
1653 3980 1953 4048 desiderio,
1989 3988 2041 4036 et

431 4076 554 4132 aliis
582 4075 822 4130 exterius
853 4071 991 4125 luxit
1015 4069 1205 4125 verbo.
1250 4070 1386 4135 Quia
1415 4086 1546 4142 ergo
1575 4070 2039 4141 sufﬁcienterjam

432 4162 838 4235 prmlibavimus
879 4169 1086 4230 quanta
1148 4159 1385 4214 charitas
1453 4159 1615 4214 fuerit
1672 4161 1725 4214 in
1781 4162 2042 4218 cordibus

430 4255 649 4308 Patrum
673 4249 1125 4322 priscedentium,
1168 4256 1335 4303 restat
1365 4255 1424 4303 ut
1481 4250 1687 4321 aliquid
1742 4252 1922 4307 simile
1951 4270 2041 4308 re-

430 4344 673 4399 feramus
699 4357 764 4395 ex
788 4340 955 4394 Paulo
972 4339 1196 4393 doctore
1214 4339 1494 4410 gentium:
1520 4340 1639 4409 ipse
1662 4342 1808 4394 enim
1843 4343 2038 4397 eodem

430 4438 560 4511 igne
591 4432 892 4497 charitatis,
926 4447 1036 4503 quo
1058 4439 1113 4485 et
1140 4431 1267 4501 ipsi,
1292 4429 1509 4486 fortiter
1537 4433 1784 4499 ardebat,
1819 4436 2041 4506 quando

432 4543 531 4600 pro
572 4524 830 4581 fratribus
867 4521 983 4576 suis
1039 4530 1094 4575 et
1124 4521 1242 4590 ipse
1272 4522 1565 4577 anathema
1606 4522 1724 4578 fieri
1758 4525 2036 4596 cupiebat.

431 4618 529 4683 Qui
560 4623 614 4671 et
644 4615 697 4668 in
738 4612 846 4668 alio
875 4612 1058 4666 adhuc
1087 4611 1207 4665 loco
1241 4626 1397 4682 aeque
1428 4611 1817 4668 demonstrans
1847 4622 2039 4686 quate-

429 4723 534 4762 nus
571 4706 626 4759 in
654 4718 721 4758 eo
771 4701 972 4756 divina:
996 4699 1279 4755 cbaritatis
1318 4699 1482 4755 fuerit
1523 4700 1733 4756 fervor:
1778 4703 1908 4769 Quis
1953 4705 2041 4756 in-

428 4800 707 4868 ﬁrmatur,
731 4791 931 4863 inquit,
958 4796 1006 4847 et
1035 4806 1127 4860 ego
1153 4806 1261 4846 non
1282 4794 1531 4862 inﬁrmor
1550 4793 1577 4846 ?
1606 4795 1730 4862 quis
1762 4795 2044 4849 scandali-

429 4893 589 4944 zatur
617 4890 665 4941 et
693 4900 785 4952 ego
844 4900 954 4939 non
990 4886 1165 4937 uror?
1205 4886 1277 4953 (II
1328 4885 1446 4940 Cor.
1499 4884 1603 4956 xr.)
1662 4884 1825 4955 Cujus
1879 4887 2040 4942 ctiam

431 4978 715 5035 charitatis
753 4974 1065 5045 exemplum
1094 4975 1274 5029 adhuc
1315 4974 1447 5030 inde
1491 4992 1782 5046 possumus
1814 4979 2041 5034 eviden-

432 5069 542 5124 tius
577 5067 741 5131 seire,
772 5064 921 5137 quod
958 5079 1056 5135 pro
1105 5065 1283 5119 salute
1320 5065 1626 5121 Galatarum
1680 5067 1922 5140 seipsum
1956 5071 2045 5125 di-

431 5160 591 5215 cebat
620 5157 912 5227 parturire.
948 5157 1172 5228 quando
1198 5158 1267 5211 ad
1300 5157 1709 5214 reformandum
1752 5160 1808 5214 in
1838 5161 1919 5215 eis
1957 5164 2044 5217 di-

431 5250 815 5308 vinivirtutem
843 5249 1075 5305 amoris:
1127 5252 1327 5317 Filioli,
1368 5251 1565 5323 inquit,
1620 5257 1747 5320 mei,
1777 5271 1909 5325 quos
1940 5259 2043 5311 ite-

428 5360 547 5400 rum
590 5343 870 5412 parturio,
929 5342 1091 5397 donec
1149 5344 1396 5400 Christus
1442 5347 1706 5411 formetur
1769 5351 1830 5402 in
1893 5350 2043 5406 vobis

428 5434 629 5503 (Galat.
663 5434 757 5488 ιν).
812 5429 963 5484 Unde
991 5432 1121 5502 quia
1150 5433 1338 5489 Patres
1367 5434 1536 5490 iidem
1594 5437 1899 5493 beatissimi
1931 5456 2041 5495 non

427 5525 544 5579 zelo
593 5516 1002 5587 amaritudinis,
1046 5524 1143 5577 sed
1175 5526 1293 5581 zelo
1335 5526 1555 5595 pietatis
1602 5529 1730 5585 talia
1771 5530 2041 5601 fecerunt,

422 5606 656 5683 quando
740 5601 794 5657 in
849 5607 1111 5665 cordibus
1162 5614 1537 5681 proximorum
1594 5619 1794 5676 divina:
1858 5621 2044 5676 chari-

418 5702 538 5759 tatis
572 5698 771 5764 ignem
828 5697 1214 5772 incenderunt,
1246 5705 1534 5761 sciendum
1566 5717 1649 5766 est
1687 5711 1858 5781 quod,
1900 5713 2042 5770 sicut

2143 3166 2305 3233 (Psal.
2350 3168 2463 3231 xxi;
2500 3166 2596 3220 sed
2638 3182 2738 3237 per
2779 3166 2930 3221 illum
2992 3168 3177 3238 potius
3231 3169 3431 3223 divinae
3477 3171 3755 3226 charitatis

2142 3255 2324 3326 ignem
2350 3257 2571 3310 liberari
2605 3274 2911 3329 mercamur
2950 3258 3099 3325 inde,
3134 3260 3227 3331 qui
3257 3261 3385 3315 olim
3430 3280 3600 3333 super
3628 3265 3753 3317 uni-

2141 3345 2389 3418 genitum
2422 3345 2515 3398 Dei
2549 3345 2741 3399 Filium
2769 3347 2821 3400 in
2854 3347 3136 3414 columba,
3169 3359 3223 3403 et
3255 3366 3427 3420 super
3449 3350 3755 3422 discipulos

2141 3437 2288 3491 venit
2311 3436 2365 3489 in
2395 3436 2541 3508 igne.
2568 3436 2723 3498 Quod
2746 3436 2864 3507 ipse
2888 3437 3054 3492 nobis
3076 3445 3335 3508 praestare
3354 3440 3637 3513 dignetur,
3663 3443 3752 3513 qui

2142 3540 2270 3580 cum
2299 3524 2456 3579 Patre
2483 3524 2537 3577 in
2570 3524 2775 3579 unitate
2803 3525 3051 3594 ejusdem
3083 3526 3319 3597 Spiritus
3350 3531 3524 3584 sancti
3555 3530 3685 3584 vivit
3707 3538 3755 3583 et

2142 3622 2335 3689 regnat
2365 3616 2421 3670 in
2448 3614 2650 3671 sarcula
2679 3617 3030 3671 saeculorum.
3066 3618 3257 3672 Amen.

2788 3724 3009 3779 SERMO
3059 3725 3118 3778 V.

2288 3835 2339 3873 IV
2370 3833 2728 3873 DEDICATIONE
2756 3835 3019 3873 ECCLESIE
3046 3837 3225 3883 DEQUE
3260 3837 3616 3885 RELIQUIARUM

2758 3906 3142 3946 VENERATIONE.

2216 3985 2441 4041 Gaudeo
2493 3992 2547 4041 et
2590 3986 2957 4042 exsultatione
3020 3987 3309 4059 multiplici
3362 4004 3456 4044 cor
3510 3998 3756 4046 nostrum

2143 4074 2444 4140 hilareseit,
2494 4064 2713 4147 quoties
2754 4075 2957 4131 festive
2997 4085 3311 4133 sanctorum
3361 4079 3496 4135 colit
3554 4098 3761 4137 memo-

2141 4168 2299 4233 riam,
2330 4167 2533 4239 quibus
2564 4169 2845 4222 annuatim
2878 4169 3108 4225 ecclesia
3159 4179 3346 4225 nostra
3394 4172 3635 4227 celebris
3662 4176 3761 4229 tle-

2144 4256 2326 4311 rescit.
2375 4255 2619 4311 Ecclesia
2653 4272 2893 4328 namque
2934 4265 3138 4323 nostra,
3182 4260 3611 4331 quamplurimis
3633 4280 3762 4317 sau-

2142 4357 2351 4404 ctorum
2382 4348 2667 4403 solemniis
2694 4348 3003 4405 laetabunda
3035 4351 3307 4418 redditur,
3358 4354 3623 4425 varioque
3663 4356 3760 4409 de-

2061 4456 2270 4532 Dcore
2312 4440 2565 4511 speciosa
2604 4439 2865 4510 efﬁcitur,
2925 4448 2978 4496 et
3028 4442 3177 4498 velut
3233 4445 3517 4501 vernando
3569 4447 3760 4502 ﬂorida

2145 4533 2330 4604 Specie
2351 4533 2691 4603 reSplendet,
2715 4534 3039 4606 cunctisque
3070 4537 3432 4592 cernentibus
3463 4537 3590 4593 laeta
3623 4539 3760 4593 arri-

2142 4625 2252 4681 det.
2287 4626 2396 4680 Nee
2428 4625 2721 4690 immerito,
2752 4626 2904 4697 quia,
2947 4627 3165 4698 quoties
3200 4627 3411 4684 festivis
3441 4638 3756 4687 sanctorum

2141 4716 2407 4771 natalitiis
2438 4716 2629 4772 debito
2671 4719 2878 4773 honore
2907 4718 3225 4786 celebratis,
3277 4720 3332 4774 in
3384 4721 3617 4777 Domino
3647 4724 3762 4796 glo-

2145 4808 2370 4875 riamur,
2402 4808 2565 4863 toties
2620 4809 2865 4880 ipsorum
2912 4811 3171 4880 precibus
3206 4820 3265 4866 et
3308 4812 3523 4868 meritis
3565 4814 3761 4883 adjuti,

2146 4900 2295 4973 larga
2324 4900 2735 4956 benedictionis
2784 4903 2959 4976 gratia
3008 4902 3278 4959 Creatoris
3310 4905 3482 4960 nostri
3538 4906 3765 4978 perfun-

2145 4993 2348 5049 dimur.
2392 4994 2669 5065 Quidquid
2698 4996 2850 5051 enim
2897 4997 3075 5052 laudis
3128 5004 3181 5052 et
3214 4999 3441 5054 honoris
3490 5001 3765 5057 militibus

2143 5088 2291 5159 regis
2341 5087 2700 5158 impenditur,
2755 5094 2926 5144 totum
2973 5090 3042 5144 ad
3099 5091 3327 5165 gloriam
3379 5093 3549 5166 regis,
3608 5096 3766 5163 cujus

2143 5187 2361 5248 sceptro
2391 5178 2597 5233 milites
2618 5179 2869 5253 insigniti
2901 5189 3050 5248 sunt,
3081 5182 3346 5239 titulatur.
3379 5183 3490 5239 Nec
3508 5185 3765 5245 dubium.

2143 5268 2277 5340 quin
2309 5283 2406 5323 eos
2448 5284 2671 5339 semper
2700 5270 3001 5326 habeamus
3051 5272 3459 5341 patrocinantes
3491 5275 3549 5330 in
3587 5276 3764 5339 caelis,

2145 5371 2377 5429 quorum
2400 5357 2753 5413 celebritates
2790 5358 2893 5429 piae
2925 5360 3237 5415 devotionis
3285 5363 3469 5418 studio
3522 5365 3770 5437 gerimus

2143 5450 2200 5504 in
2242 5447 2423 5503 terris.
2476 5448 2532 5502 Si
2573 5450 2721 5503 enim
2778 5459 2967 5506 noster
3013 5451 3267 5522 spiritus,
3307 5454 3542 5509 necdum
3584 5457 3767 5511 carnis

2144 5538 2371 5594 materia
2409 5546 2628 5608 exutus,
2674 5547 2729 5595 et
2781 5547 2967 5597 tamen
3008 5541 3324 5598 dilectionis
3371 5547 3610 5620 geminae
3666 5547 3771 5602 fer-

2143 5643 2273 5684 vore
2296 5627 2567 5683 interdum
2600 5629 2668 5684 ad
2706 5638 2849 5685 astra
2876 5630 3125 5699 libratus,
3171 5647 3368 5703 preces
3398 5634 3633 5692 Domino
3668 5652 3768 5707 pro

2144 5720 2260 5774 suis
2289 5720 2651 5776 dilectoribus
2698 5722 2889 5777 nititur
2914 5721 3224 5791 effundere,
3259 5725 3454 5797 utique
3486 5734 3767 5796 praestan-
