4006 6198
260 304 399 360 1033

1786 301 2151 356 SERMONES.

3441 300 3581 358 1034

252 431 369 484 tius
395 430 734 485 credendum
765 435 849 484 est
885 436 1198 485 sanctorum
1241 430 1471 495 animas,
1504 446 1732 486 summae
1771 430 1863 485 di-
1895 444 1943 508 Α
1976 428 2066 498 pio
2099 440 2286 481 amore
2325 425 2710 496 amplectimur
2765 427 2984 482 cineres
3022 436 3076 484 et
3105 444 3250 495 ossa,
3309 436 3365 485 et
3400 430 3580 502 angeli

250 518 515 573 lectionis
554 518 904 589 plenitudine
951 518 1190 573 fervidas
1236 520 1351 574 suis
1392 520 1447 572 in
1500 520 1867 574 solemnitati-

251 606 383 675 bus,
429 607 499 661 ad
538 608 622 662 sui
662 608 913 678 corporis
953 608 1186 683 pignora
1225 609 1476 664 foventes
1508 610 1870 677 descendere,

248 711 597 767 suorumque
625 713 727 767 pro
775 697 951 752 salute
982 696 1232 753 ﬁdelium
1265 698 1633 767 intercedere,
1685 715 1750 753 ac
1775 698 1871 753 de-

249 783 385 839 bitae
412 784 794 841 retributionis
825 785 1146 842 donativum
1172 786 1288 841 suis
1318 788 1739 844 veneratoribus
1761 788 1870 841 im-

248 881 525 951 pendere.
555 881 832 936 Habentes
863 882 1032 956 igitur
1060 882 1259 937 eximia
1284 884 1448 952 hujus
1470 884 1588 953 spei
1620 884 1872 956 pignora,

248 973 469 1028 scilicet
499 975 746 1045 ipsorum
779 974 1065 1030 beatorum
1097 975 1388 1045 spirituum
1415 976 1660 1039 exuvias,
1694 975 1876 1051 dignis

252 1066 568 1122 honoribus
597 1076 912 1122 sanctorum
946 1068 1223 1138 praeconia
1244 1068 1616 1134 celebremus;
1640 1068 1878 1139 amplius

250 1163 444 1213 autem
474 1156 672 1212 festiva
702 1172 891 1213 eorum
931 1157 1137 1228 gaudia
1167 1158 1369 1213 debitis
1413 1158 1668 1214 laudibus
1711 1158 1879 1213 extol-

253 1245 456 1313 lamus,
494 1262 727 1318 quorum
787 1247 1004 1301 cineres
1047 1255 1106 1302 et
1138 1263 1264 1302 ossa
1303 1262 1403 1302 suo
1432 1246 1485 1300 in
1512 1247 1635 1302 sinu
1674 1247 1878 1322 largius

254 1337 480 1393 refovet
519 1338 636 1393 haec
668 1346 856 1393 nostra
883 1338 1143 1408 specialis
1172 1339 1428 1394 ecclesia.
1463 1339 1644 1395 Nostis
1673 1347 1876 1407 autem,

252 1430 455 1486 fratres
482 1430 817 1497 charissimi,
844 1431 961 1486 haec
992 1431 1143 1486 unici
1164 1432 1326 1487 nobis
1357 1431 1576 1499 delicta,
1620 1431 1878 1502 specialis

253 1522 457 1594 utique
497 1521 775 1578 ecclesia?
800 1523 959 1593 cujus
989 1524 1141 1596 gravi
1167 1523 1273 1578 laeti
1293 1524 1633 1596 quiescimus
1654 1525 1710 1579 in
1740 1542 1873 1598 gre-

250 1613 394 1680 mio,
428 1628 558 1668 ecce
587 1628 751 1683 quam
780 1611 907 1668 lata
936 1611 1103 1677 fovet,
1139 1613 1288 1668 unde
1344 1613 1453 1668 fcta
1492 1613 1680 1674 ﬂoret:
1711 1630 1874 1686 quam

251 1704 531 1775 praedives
569 1719 669 1774 per
716 1712 1031 1759 sanctorum
1074 1704 1307 1767 cineres,
1349 1705 1735 1779 virgineosque
1775 1705 1871 1760 ﬂo-

250 1812 365 1863 res,
400 1796 549 1867 quod
577 1803 758 1851 servet
813 1796 1024 1870 integra
1060 1812 1189 1853 vere
1227 1795 1467 1852 felicium
1538 1803 1876 1872 tegumenta,

249 1884 520 1955 quodque
571 1883 853 1954 possideat
908 1899 1035 1938 ossa
1064 1884 1356 1955 utriusque
1411 1901 1575 1941 sexus
1620 1886 1729 1940 late
1760 1884 1877 1940 col-

249 1971 429 2026 lecta:
461 1973 741 2026 Lmtemini
767 1974 944 2039 igitur
983 1976 1031 2027 et
1060 1974 1323 2028 exsultate
1369 1976 1430 2028 in
1458 1990 1539 2040 ea,
1571 1989 1748 2029 omnes
1778 1976 1879 2043 qui

251 2064 494 2132 diligitis
532 2079 652 2118 eam
679 2065 847 2131 (Psal.
896 2068 1075 2133 xxx1);
1117 2065 1355 2140 gaudete
1381 2082 1504 2121 cum
1539 2066 1747 2141 ingenti
1778 2066 1876 2121 lae-

251 2156 374 2211 titia
403 2162 458 2211 et
488 2156 772 2212 hodierna:
812 2156 1124 2213 festivitatis
1170 2159 1412 2214 celebria
1463 2159 1571 2214 laeti
1612 2159 1875 2230 suscipite

252 2244 479 2315 gaudia.
510 2246 574 2300 Et
600 2253 660 2300 ut
692 2246 745 2299 in
774 2246 877 2301 hac
902 2247 1248 2303 solemnitate
1274 2249 1550 2304 celebrius
1576 2250 1877 2323 gloriemur

252 2338 311 2392 in
327 2337 591 2404 Domino,
616 2337 856 2408 idipsum
890 2338 1053 2394 nobis
1085 2340 1367 2410 scriptura:
1401 2342 1695 2398 auctoritas
1724 2358 1874 2398 com-

252 2426 507 2493 mendat,
565 2442 688 2481 cum
720 2427 839 2482 haec
868 2428 1036 2483 verba
1082 2439 1507 2486 commemorat:
1569 2434 1874 2498 Lwtamini,

255 2516 460 2588 inquit,
492 2519 550 2571 in
579 2520 823 2581 Domino,
868 2523 919 2574 et
968 2521 1228 2574 exsultate
1260 2522 1423 2591 justi,
1470 2526 1521 2577 et
1560 2525 1879 2590 gloriamini

253 2623 436 2663 omnes
468 2612 601 2663 recti
629 2610 787 2663 corde
818 2611 985 2678 (Psal.
1044 2611 1244 2683 XCXVI).
1289 2613 1399 2667 Nos
1444 2628 1599 2679 vero,
1657 2614 1704 2667 si
1735 2614 1878 2669 inter

248 2698 437 2767 justos
477 2705 533 2753 et
571 2706 749 2754 rectos
790 2700 1027 2755 necdum
1062 2717 1437 2770 recensemur,
1467 2703 1748 2758 desiderio
1790 2709 1873 2757 ta-

256 2805 389 2844 men
422 2796 477 2844 et
506 2790 733 2859 optione
761 2806 884 2845 cum
918 2790 1192 2859 justorum
1222 2792 1526 2862 patrocinio
1557 2800 1871 2848 sanctorum

258 2883 425 2938 nobis
454 2884 788 2939 studendum
821 2894 905 2940 est
929 2902 999 2941 ne
1030 2886 1222 2941 saltem
1254 2887 1483 2943 omnino
1507 2888 1737 2957 justitiaz
1777 2904 1872 2941 ex-

259 2982 444 3047 pertes
483 2976 848 3032 inveniamur.
892 2977 1062 3047 Hujus
1102 2994 1235 3052 ergo
1282 2979 1394 3035 diei
1423 2979 1709 3035 salutifera
1747 2994 1875 3052 gra-

258 3066 554 3122 tulabundi
582 3067 809 3123 recolite
831 3067 1122 3137 solemnia,
1138 3070 1355 3126 scilicet
1376 3087 1474 3141 pro
1497 3069 1688 3125 electis
1708 3075 1874 3140 atque

1971 514 2310 570 exsultantes
2340 512 2396 567 in
2429 513 2570 569 coelo
2600 515 2902 569 concinunt
2920 531 3088 586 super
3112 517 3417 573 animarum
3448 534 3583 573 con-

1973 605 2178 662 sortio:
2213 606 2401 662 Gloria
2450 606 2511 659 in
2548 606 2771 660 emcelsis
2818 611 2917 660 Deo
2957 608 3104 674 (Luc.
3154 608 3231 676 ιι).
3301 607 3585 665 Credimus

1975 718 2177 773 nempe
2221 708 2276 756 et
2331 701 2463 756 huic
2515 707 2830 756 sanctorum
2872 702 3229 769 solemnitati,
3282 704 3584 779 angelicam

1974 810 2098 849 cum
2137 793 2254 847 suis
2305 807 2599 848 occurrere
2638 792 3026 862 praesentiam:
3067 792 3112 847 si
3169 800 3350 847 tamen
3403 795 3587 867 dignis

1976 879 2284 937 honoribus
2317 880 2458 935 hanc
2498 879 2600 934 ritc
2642 878 3108 939 celebraverimus
3138 895 3238 950 per
3274 880 3586 936 sanctiﬁca-

1975 972 2181 1027 tionem
2211 971 2336 1026 vitae
2364 987 2467 1026 vox
2488 978 2676 1027 nostra
2696 971 2817 1026 voci
2850 972 3135 1027 amborum
3174 978 3416 1026 meretur
3440 988 3590 1028 com-

1976 1062 2194 1118 miseeri
2252 1060 2639 1118 caelicolarum.
2684 1061 2942 1132 Alioquin
2996 1077 3195 1135 magna
3252 1062 3417 1131 hujus
3476 1062 3588 1117 diei

1976 1157 2224 1214 celebria
2251 1157 2439 1233 dignis
2475 1156 2738 1212 laudibus
2764 1172 3112 1228 nequaquam
3146 1157 3410 1212 decenter
3434 1172 3592 1213 reco-
3641 1226 3650 1237 I

1977 1252 2163 1319 limus,
2229 1253 2338 1308 nisi
2394 1269 2497 1324 per
2547 1249 3039 1307 sanctiﬁcationem
3078 1251 3202 1306 vitae
3266 1252 3591 1322 nosmetipsi

1975 1346 2097 1402 laus
2133 1347 2232 1402 Dei
2263 1346 2552 1402 fuerimus.
2605 1346 2877 1417 Scriptum
2919 1361 3159 1417 namque
3208 1353 3318 1404 est:
3365 1350 3489 1403 Non
3516 1353 3595 1402 est

1976 1440 2216 1508 speciosa
2259 1440 2381 1493 laus
2428 1440 2484 1491 in
2514 1452 2602 1492 ore
2625 1439 2924 1507 prccatoris
2976 1438 3163 1505 (Eccli.
3197 1436 3307 1508 xv).
3362 1438 3589 1492 Renun-

1975 1525 2175 1581 tiantes
2203 1541 2335 1601 ergo
2364 1532 2718 1597 peccatorum
2765 1525 2913 1581 vitiis
2953 1525 3416 1581 circumcidamus
3456 1543 3594 1595 prae-

1977 1617 2191 1688 putium
2222 1616 2404 1673 cordis
2426 1616 2620 1684 nostri,
2650 1622 2710 1671 ut
2737 1616 2998 1672 videlicet
3024 1615 3153 1689 igne
3184 1616 3357 1672 divini
3387 1617 3592 1672 amoris

1976 1705 2185 1773 attacti,
2217 1705 2531 1760 emundatis
2569 1704 2754 1772 labiis,
2787 1710 3071 1777 gratanter
3090 1703 3436 1775 hymnidicas
3464 1704 3589 1760 lau-

1902 1768 1952 1836 B
1977 1798 2076 1853 des
2107 1797 2340 1852 Domino
2369 1797 2611 1852 Sabaoth
2640 1797 3000 1852 concinamus
3027 1813 3151 1852 cum
3178 1796 3382 1851 sanctis
3407 1804 3463 1852 et
3492 1813 3595 1852 an—

1975 1888 2139 1962 gelis,
2170 1895 2442 1960 quatenus
2472 1890 2721 1960 ipsorum
2747 1888 2983 1961 collegio
3024 1889 3249 1944 tandem
3279 1904 3597 1945 mereamur

1976 1978 2239 2035 associari
2272 1979 2327 2032 in
2358 1978 2517 2034 coelo.
2570 1978 2865 2052 Tergamus
2900 1992 3030 2051 ergo
3056 1978 3277 2033 oculum
3332 1979 3534 2035 mentis
3562 1995 3595 2035 a

1974 2070 2173 2126 vitioso
2214 2069 2445 2140 pulvere
2478 2067 2834 2140 peccaminis,
2878 2075 2935 2124 et
2980 2067 3293 2123 intueamur
3324 2084 3422 2125 eos
3455 2085 3594 2142 quo-

1975 2181 2096 2221 rum
2136 2164 2396 2221 laudibus
2427 2162 2643 2218 dicatur
2673 2162 2792 2217 dies
2839 2161 2941 2217 ista
2971 2161 3231 2230 celebris,
3262 2178 3592 2234 sequamur-

1977 2278 2086 2333 que
2138 2276 2330 2316 eorum
2373 2258 2627 2333 vestigia.
2688 2256 2932 2321 Quorum
2989 2258 3138 2312 enim
3184 2257 3347 2313 vitam
3377 2257 3591 2325 {imitati

1977 2348 2265 2415 fuerimus,
2320 2348 2563 2418 ipsorum
2605 2345 2813 2417 quippe
2851 2352 2905 2400 et
2952 2345 3250 2417 adepturos
3312 2361 3414 2401 nos
3469 2346 3592 2418 glo-

1977 2439 2112 2493 riam
2143 2436 2441 2493 credimus.
2476 2436 2537 2489 Et
2561 2449 2795 2506 quorum
2828 2433 3131 2505 exemplari
3162 2432 3351 2489 forma:
3398 2433 3590 2504 impri-

1976 2525 2050 2581 mi
2082 2525 2391 2592 renitimur,
2419 2523 2486 2578 ab
2519 2524 2766 2594 ipsorum
2808 2521 2972 2577 etiam
3006 2521 3427 2593 participatione
3456 2538 3591 2593 pro-

1976 2614 2065 2670 cul
2094 2614 2265 2669 dubio
2297 2627 2675 2679 seeernemur,
2698 2610 2958 2676 Quaenam
2990 2625 3118 2680 pars
3144 2608 3293 2664 ﬁdeli
3324 2626 3445 2665 cum
3470 2609 3593 2665 inﬁ-

1975 2704 2125 2760 deli?
2172 2705 2274 2758 Aut
2328 2718 2452 2774 quae
2509 2700 2745 2756 societas
2795 2699 2901 2755 luci
2943 2714 3068 2754 cum
3124 2698 3415 2754 tenebris?
3453 2700 3588 2765 Quid

1973 2796 2181 2868 templo
2209 2795 2303 2851 Dei
2325 2811 2450 2850 cum
2481 2793 2681 2849 idolis?
2706 2792 2893 2867 Diligit
2924 2808 3163 2863 namque
3193 2792 3374 2848 omnis
3404 2792 3590 2848 anima

1973 2887 2214 2942 similem
2240 2885 2379 2940 sibi:
2411 2884 2563 2939 Unde
2597 2899 2695 2953 per
2733 2882 3031 2954 quemdam
3083 2880 3394 2952 sapientem
3439 2881 3589 2935 dici-

1974 2987 2063 3035 tur
2088 2997 2101 3033 :
2136 2979 2299 3035 Omne
2325 2977 2533 3032 animal
2562 2976 2750 3043 diligit
2777 2975 2885 3030 sibi
2910 2976 3088 3029 simile
3114 2975 3192 3028 sic
3222 2978 3269 3027 et
3296 2976 3468 3028 omnis
3496 2974 3592 3029 ho-

1973 3070 2386 3139 mopromimum
2428 3066 2535 3120 sibi
2575 3064 2764 3135 (Eccli.
2815 3064 2959 3134 xm).
2992 3061 3178 3117 Omnis
3241 3077 3368 3116 caro
3417 3062 3486 3116 ad
3512 3061 3587 3115 si-

262 3158 550 3229 prazclaris
578 3158 743 3230 hujus
773 3161 1020 3217 ecclesiae
1043 3162 1378 3237 margaritis,
1411 3177 1621 3234 proque
1648 3176 1878 3217 vernan-
1900 3142 1949 3210 C
1977 3158 2108 3213 mile
2128 3157 2233 3212 sibi
2273 3157 2666 3230 conjungetur,
2699 3160 2755 3209 et
2793 3154 2975 3210 omnis
3000 3153 3165 3209 homo
3192 3153 3261 3207 ad
3290 3152 3470 3208 simile
3485 3152 3592 3207 sibi

264 3250 412 3305 tibus
462 3257 627 3321 atque
674 3253 1098 3308 coruscantibus
1150 3254 1338 3309 electae
1404 3253 1614 3309 altricis
1676 3259 1878 3309 nostrae

266 3338 517 3395 floribus.
571 3346 645 3395 lto
674 3349 854 3396 autem
896 3342 1122 3397 rationis
1152 3351 1343 3399 tenore
1393 3343 1555 3399 nobis
1602 3342 1879 3397 exsultan-

267 3428 398 3484 dum
462 3429 629 3485 hodie
659 3430 1073 3487 denuntiamus.
1121 3432 1302 3487 Primo
1332 3432 1577 3503 quidem.
1631 3433 1759 3503 quia
1790 3448 1882 3487 ec-

268 3518 439 3574 clesia
507 3526 694 3575 nostra
751 3519 1045 3576 ﬂoriditate
1089 3520 1405 3592 apostolicae
1443 3520 1732 3576 viriditatis
1781 3536 1881 3576 seu

267 3612 636 3687 smaragdinis
695 3613 969 3677 redimita,
1028 3614 1255 3670 lucescit
1294 3613 1530 3688 gemmis
1603 3613 1879 3680 Secundo,

269 3704 401 3775 quia
474 3703 797 3776 sanguineis
850 3712 1150 3776 martyrum
1198 3721 1426 3761 corusca
1480 3704 1668 3760 rutilat
1713 3705 1881 3760 rosis:

272 3802 396 3865 post
427 3795 569 3861 haec,
627 3796 756 3867 quia
801 3796 1123 3852 clarissimis
1165 3795 1546 3852 confessorum
1602 3796 1886 3868 phalerata

270 3886 409 3942 nitet
459 3888 789 3961 margaritis.
856 3889 1069 3944 Deinde
1121 3889 1253 3961 quia
1309 3889 1574 3964 virgineis
1626 3888 1885 3945 ﬂoridula

271 3978 509 4034 albescit
538 3978 691 4034 liliis.
723 3980 1005 4037 Postremo
1038 3981 1226 4047 etiam,
1268 3982 1398 4053 quia
1446 3981 1731 4053 opulentia
1760 3983 1885 4053 plu-

271 4069 534 4126 rimorum
586 4070 877 4142 utriusque
934 4086 1099 4126 sexus
1165 4078 1508 4139 sanctorum,
1565 4072 1721 4144 quasi
1775 4071 1882 4127 fra-

271 4161 488 4233 grantia
540 4162 835 4216 multarum
881 4162 1193 4232 specierum
1243 4163 1414 4217 ditata
1444 4163 1766 4219 suavissime
1806 4181 1886 4219 re-

271 4251 445 4317 dolet,
495 4249 672 4316 ﬂoret,
724 4250 876 4323 viget
899 4257 1062 4321 atque
1103 4252 1294 4321 pollet.
1338 4251 1583 4315 Quorum
1637 4253 1883 4308 omnium

275 4341 406 4397 fidei
440 4341 749 4397 constantia
797 4356 901 4396 nos
939 4343 1181 4408 roborat,
1217 4349 1271 4398 et
1298 4344 1417 4413 Spei
1448 4344 1677 4400 altitudo
1712 4345 1888 4401 elevat

1979 3250 2299 3307 sociabitur.
2335 3248 2487 3303 Sicut
2530 3246 2963 3303 communicabit
3001 3247 3161 3316 lupus
3198 3260 3359 3319 agno,
3385 3246 3466 3301 sic
3493 3246 3596 3300 ali-

1980 3341 2205 3414 quando
2230 3347 2513 3412 peccatum
2549 3339 2718 3410 justo.
2752 3338 2880 3404 Quae
2911 3337 3337 3393 communicatio
3384 3337 3594 3393 homini

1981 3440 2169 3489 sancto
2192 3433 2261 3487 ad
2282 3431 2517 3487 canem?
2550 3430 2718 3495 Quam
2752 3430 2916 3502 igitur
2957 3444 3091 3504 rogo
3118 3439 3330 3501 partem
3378 3430 3466 3484 vel
3504 3444 3596 3485 so-

1983 3526 2237 3580 cietatem
2274 3524 2589 3579 habiturum
2643 3522 2870 3576 creditis
2921 3520 3191 3576 incestum
3226 3537 3352 3577 cum
3392 3529 3543 3577 casto
3568 3520 3598 3573 ?

1986 3619 2260 3674 ebriosum
2306 3632 2429 3672 cum
2456 3614 2684 3671 sobrio?
2741 3620 3019 3685 raptorem
3051 3615 3136 3671 vel
3183 3616 3436 3687 iniquum
3470 3632 3593 3672 cum

1977 3708 2130 3779 justo
2158 3706 2247 3760 vel
2275 3711 2465 3760 sancto
2484 3703 2512 3757 ?
2542 3702 2934 3773 Blasphcmum
2964 3703 3050 3757 vel
3082 3702 3451 3758 detractorem
3469 3720 3593 3759 cum

1985 3793 2333 3865 boniloquo?
2382 3792 2706 3847 mendacem
2749 3805 2874 3845 cum
2937 3790 3222 3846 veridico?
3258 3791 3595 3847 obstinatum

1982 3883 2071 3942 vel
2098 3898 2320 3939 avarum
2351 3897 2477 3937 cum
2508 3880 2658 3954 largo
2678 3879 2706 3932 ?
2734 3877 3064 3953 ﬂagitiosum
3125 3896 3250 3935 cum
3281 3880 3543 3955 religioso
3569 3880 3598 3932 ?

1983 3975 2091 4030 Vos
2119 3988 2273 4049 ergo,
2308 3971 2503 4027 fratres
2532 3970 2867 4037 charissimi,
2899 3970 2992 4042 qui
3034 3969 3458 4026 Christianitatis
3484 3987 3594 4028 no-

1984 4063 2133 4118 mine
2160 4060 2519 4133 appellamini
2559 4059 2775 4128 ﬁdeles,
2807 4067 3059 4115 recusate
3095 4060 3450 4134 paganisticis
3478 4076 3599 4116 mo-

1986 4158 2138 4213 ribus
2183 4155 2439 4211 inﬁdeles
2466 4154 2703 4211 censeri.
2743 4154 2845 4219 Qui
2900 4170 3030 4211 vero
3082 4155 3176 4210 lux
3224 4155 3281 4210 in
3339 4157 3596 4223 Domino,

1986 4251 2301 4307 charactere
2324 4248 2629 4320 apostolico
2651 4248 2971 4312 titulamini,
3006 4248 3177 4304 nolite
3205 4249 3466 4304 vitiorum
3506 4255 3596 4305 te-

1991 4346 2226 4401 nebrosa
2254 4344 2492 4417 caligine
2524 4343 2768 4415 principi
2796 4343 3149 4398 tenebrarum
3169 4344 3464 4418 assignari:
3505 4344 3600 4415 qui

276 4440 332 4487 et
356 4429 647 4487 charitatis
692 4429 983 4501 plenitudo
1028 4431 1310 4487 cxhilarat.
1330 4409 1343 4413 ’
1376 4432 1552 4488 Laetus
1581 4450 1712 4507 ergo
1771 4435 1891 4489 dies
1911 4409 1967 4476 D
1991 4438 2156 4495 etiam
2188 4438 2243 4493 in
2274 4409 2415 4492 sacri
2446 4409 2887 4509 eloquiipagmis
2918 4436 3182 4508 templum
3213 4409 3311 4492 Dei
3336 4409 3600 4512 depingi-

277 4523 425 4594 apud
459 4537 561 4577 nos
588 4521 690 4577 ista
720 4528 979 4590 transeat,
1011 4539 1175 4594 quem
1217 4524 1399 4594 nobis,
1450 4525 1649 4582 fratres
1675 4526 1889 4583 charis-

276 4615 425 4685 simi,
480 4621 560 4671 tot
613 4622 667 4670 et
714 4620 991 4670 tantorum
1049 4623 1360 4670 sanctorum
1436 4618 1890 4675 commemoratio

280 4707 649 4763 commendat.
672 4707 839 4763 Totus
860 4722 1063 4763 canora
1087 4706 1420 4776 jubilatione
1451 4710 1697 4779 prodeat,
1725 4727 1889 4783 quem

283 4803 339 4851 et
377 4798 697 4870 angelorum
731 4813 890 4868 aeque
933 4805 989 4852 et
1050 4803 1366 4854 sanctorum
1414 4799 1574 4870 parili
1620 4808 1890 4856 concentu

282 4894 434 4960 grata
472 4888 705 4944 societas
749 4888 1119 4945 concelebrat.
1170 4889 1247 4945 De
1305 4890 1409 4946 hoc
1464 4891 1669 4963 quippe
1700 4891 1894 4949 festivo

284 4994 497 5054 magnai
560 4980 754 5036 salutis
806 4982 1010 5055 gaudio
1067 4997 1135 5037 ex
1184 4981 1468 5053 Scriptura
1535 4983 1788 5039 canimus
1838 4984 1895 5040 in

284 5069 523 5138 psalmo:
570 5072 690 5127 νοω
717 5071 1100 5127 exsultationis
1130 5075 1177 5126 et
1207 5072 1403 5127 salutis
1446 5074 1504 5127 in
1535 5073 1898 5130 tabernaculis

276 5156 550 5225 justorum
600 5158 675 5213 ad
723 5159 1053 5214 audiendum
1107 5161 1301 5216 audita
1352 5165 1431 5216 est
1477 5160 1640 5233 (Psal.
1704 5164 1892 5235 xxxu).

287 5250 581 5322 Aptissima
632 5252 879 5325 profecto
917 5269 1023 5311 vox
1079 5255 1458 5311 cxsultationis
1507 5265 1563 5312 et
1591 5258 1784 5312 salutis
1840 5258 1896 5313 in

289 5336 391 5394 isto
420 5342 594 5396 audiri
615 5341 696 5397 fas
727 5350 811 5398 est
840 5342 1007 5398 hodie
1031 5343 1334 5410 domicilio,
1357 5345 1488 5416 quia
1511 5345 1772 5401 nimirum
1800 5347 1899 5403 ho-

289 5429 498 5487 diernae
525 5432 654 5500 {diei
701 5433 756 5487 in
794 5434 1140 5502 celebritate,
1172 5436 1303 5490 dum
1334 5437 1663 5507 generaliter
1698 5455 1905 5496 memo-

291 5516 370 5572 ria
399 5517 459 5574 ﬁt
484 5521 752 5589 omnium,
776 5537 1008 5593 quorum
1038 5524 1095 5577 in
1129 5524 1232 5578 ista
1259 5524 1512 5596 reliquiae
1544 5528 1903 5584 continentur

289 5609 520 5668 ecclesia
557 5619 894 5682 sanctorum,
925 5615 1202 5671 credimus
1227 5631 1385 5689 teque
1413 5625 1468 5673 et
1495 5618 1551 5672 in
1583 5620 1724 5675 cazlo
1760 5628 1816 5675 et
1846 5621 1903 5675 in

292 5704 431 5757 terra
444 5702 637 5762 laudes
664 5719 924 5761 resonare
949 5706 1196 5777 ipsorum
1221 5724 1236 5773 ;
1278 5707 1409 5765 dum
1450 5716 1505 5765 et
1535 5724 1638 5767 nos
1672 5710 1727 5767 in
1757 5718 1905 5767 terra

650 5813 951 5876 PATROL.
999 5814 1194 5877 CLX.

1991 4532 2150 4600 mini,
2194 4538 2439 4587 statuere
2491 4531 2549 4585 in
2595 4531 2860 4586 cordibus
2888 4531 3086 4586 vestris
3138 4531 3432 4587 simulacra
3462 4532 3600 4588 deo-

1993 4644 2112 4684 rum
2160 4627 2371 4683 viribus
2422 4625 2554 4680 totis
2604 4624 2934 4679 renitimini.
2981 4625 3242 4697 Quisquis
3295 4626 3441 4681 enim
3490 4626 3601 4681 ali-

1993 4715 2129 4788 quid
2176 4714 2299 4786 plus
2338 4729 2501 4786 quam
2558 4712 2729 4767 Deum
2771 4713 2968 4785 diligit,
3020 4722 3251 4784 constat,
3305 4715 3437 4787 quia
3481 4715 3605 4773 favo

1992 4810 2078 4866 sui
2103 4808 2288 4866 cordis
2307 4808 2420 4877 jam
2469 4807 2679 4862 idolum
2710 4807 2920 4875 statuit,
2958 4807 3048 4863 cui
3105 4809 3268 4865 toties
3311 4810 3606 4868 serviendo

1995 4900 2252 4973 procidit,
2281 4897 2500 4971 quoties
2527 4897 2666 4952 illud
2689 4913 2811 4953 cum
2836 4896 3281 4970 frequentatione
3300 4901 3519 4969 excolit,
3551 4907 3608 4956 et

1996 4991 2117 5062 ejus
2142 4989 2342 5044 ditioni
2391 5003 2451 5043 se
2485 4986 2691 5043 subdit.
2748 4986 3022 5057 Scriptum
3070 4988 3217 5044 enim
3257 4996 3361 5057 est,
3404 4990 3609 5058 Diliges

1995 5083 2279 5137 Dominum
2311 5083 2479 5135 Deum
2535 5083 2687 5134 tuum
2726 5094 2795 5134 ea:
2835 5080 2962 5140 total
2978 5080 3136 5135 corde
3171 5085 3282 5149 tuo,
3324 5086 3374 5137 et
3399 5098 3467 5136 ea:
3496 5086 3612 5138 tota

1997 5175 2182 5229 anima
2214 5177 2330 5239 tua,
2358 5176 2409 5227 et
2461 5187 2528 5226 ea:
2561 5173 2684 5226 totis
2708 5171 2916 5226 viribus
2948 5174 3055 5227 tuis
3099 5174 3311 5244 (Matth.
3340 5173 3497 5247 χχιι).
3535 5175 3614 5230 Ita

2000 5269 2057 5317 et
2087 5261 2179 5315 ille
2205 5260 2356 5316 solus
2382 5275 2595 5314 summe
2622 5259 2956 5333 diligendus,
2989 5260 3451 5336 quisingulariter
3478 5264 3614 5320 ado-

2002 5350 2232 5418 randus,
2269 5364 2335 5404 ac
2374 5347 2779 5404 studiosissime
2831 5349 3169 5405 excolendus
3195 5358 3297 5407 est.
3337 5352 3616 5425 Quidquid

2003 5443 2172 5518 igitur
2199 5450 2387 5499 contra
2425 5443 2592 5512 hujus
2621 5441 2824 5498 amoris
2853 5443 2940 5497 vel
2980 5445 3227 5501 exercitii
3277 5445 3480 5502 cultum
3513 5451 3616 5512 est,

2002 5534 2247 5606 profecto
2303 5534 2626 5589 medullitus
2680 5533 3081 5591 eliminandum
3133 5544 3235 5593 est.
3303 5535 3619 5607 Apostolico

2003 5631 2189 5682 autem
2220 5626 2479 5699 dogmate
2529 5624 2875 5695 instruimur,
2907 5628 3170 5699 quoniam
3220 5626 3484 5682 habitatio
3522 5625 3620 5680 Dei

2002 5722 2279 5774 structura
2306 5717 2556 5788 corporis
2579 5715 2756 5772 nostri
2789 5715 3034 5788 eligitur.
3067 5720 3160 5774 An
3186 5719 3384 5782 nescis,
3418 5714 3620 5787 inquit,

3168 5822 3248 5885 33
