4006 6198
515 323 654 378 1035
1692 321 1740 374 .l.
1782 317 2131 375 MARSICAN]

2232 314 2450 370 USCUL.
2492 314 2693 369 EPISC.
3710 323 3854 377 1036

511 452 765 519 quoniam
791 462 1018 517 corpora
1038 453 1217 501 uestra
1237 447 1496 516 templum
1511 451 1635 502 sunt
1664 447 1903 515 Spiritus
1926 448 2122 513 sancti,
2151 448 2202 516 Α
2229 442 2357 497 dum
2392 443 2447 496 in
2479 442 2631 497 nullo
2688 442 2888 497 feritati
2920 443 3040 511 ejus
3066 443 3290 508 cedunt,
3323 445 3420 499 sed
3464 461 3643 518 usque
3676 448 3745 502 ad
3784 448 3853 502 ﬁ-

514 542 563 593 et
600 538 845 607 Spiritus
882 537 978 589 Dei
1007 535 1220 589 habitat
1257 537 1316 589 in
1342 536 1491 589 vobis
1514 538 1541 588 ?
1568 536 1612 606 (ι
1634 536 1753 591 Cor.
1786 543 1876 605 γι.)
1909 535 1971 590 Et
2000 551 2125 590 rur-
2225 553 2350 591 nem
2407 536 2618 591 fortiter
2676 536 2993 591 dimicando
3035 536 3313 592 resistunt.
3359 538 3525 611 Cujus
3556 543 3852 612 tyrannide

515 644 665 683 sum:
729 628 1003 695 Templum
1060 628 1157 681 Dei
1209 630 1455 681 sanctum
1502 631 1600 693 est,
1647 628 1789 696 quod
1832 629 1959 682 estis
2010 643 2119 682 vos.

516 717 578 772 Si
601 717 721 785 quis
744 718 920 769 autem
950 716 1204 784 templum
1226 716 1323 769 Dei
1338 715 1639 777 violaverit,
1668 714 1940 784 disperdet
1970 715 2126 768 illum

516 810 651 861 Deus
690 808 740 875 (ι
777 808 895 863 Cor.
948 807 1050 876 ιιι).
1103 806 1495 872 Quamobrem,
1544 805 1737 861 fratres
1791 806 2121 873 charissimi,

517 902 891 956 necessarium
943 901 1126 956 ducite
1181 901 1249 955 ab
1294 902 1443 957 omni
1495 902 1832 972 peccaminis
1881 902 2127 958 foeditate

520 992 783 1062 templum
808 991 900 1046 Dei
925 1008 1255 1064 expurgare,
1279 999 1474 1047 cuncta
1492 1008 1670 1047 rerum
1694 993 2126 1049 transitoriamm

519 1084 665 1137 idola
688 1083 934 1137 funditus
960 1083 1274 1147 eliminare,
1305 1083 1487 1138 vitiosi
1518 1082 1707 1154 operis
1732 1083 2129 1155 impedimenta

519 1173 816 1244 expellere,
870 1172 1177 1228 orationum
1237 1180 1500 1229 texturam
1579 1174 1743 1229 latius
1794 1175 2128 1245 expandere,

519 1265 826 1320 charitativi
858 1265 1072 1321 ardoris
1101 1266 1496 1337 splendoribus
1525 1267 1859 1333 illuminare,
1883 1267 2128 1323 omnium

518 1357 776 1413 virtutum
833 1358 1195 1413 redolentiam
1250 1374 1616 1432 conspargere
1654 1367 1715 1415 ut
1767 1360 2130 1415 habitatorem

520 1446 680 1515 hujus
706 1446 899 1517 templi
929 1448 1089 1503 vobis
1120 1448 1446 1519 placabilem
1488 1458 1542 1504 et
1571 1449 1760 1525 gratiae
1790 1449 2130 1524 largitorem,

517 1542 746 1598 valeatis
772 1542 1081 1613 acquirere.
1114 1543 1180 1599 Ut
1210 1550 1391 1599 autem
1425 1543 1680 1600 efﬁcaces
1706 1545 1869 1616 hujus
1896 1545 1974 1599 rei
2005 1559 2135 1616 pos-

518 1630 691 1686 simus
717 1630 835 1685 fieri
856 1630 1109 1703 opiﬁces,
1144 1640 1198 1687 et
1232 1632 1453 1688 obnixis
1480 1635 1742 1704 precibus
1768 1633 2132 1705 conquirendi

519 1726 648 1775 sunt
670 1719 855 1775 idonei
896 1719 1160 1787 fautores,
1218 1736 1358 1792 quos
1396 1722 1566 1778 hodie
1610 1738 1941 1778 veneremur
1972 1723 2136 1793 hujus

521 1809 707 1879 operis
754 1810 1219 1879 praidecessores.
1260 1811 1446 1882 Itaque
1478 1810 1713 1882 primum
1758 1811 2135 1867 venerationis

518 1897 704 1951 studio
750 1897 1015 1951 reddendi
1061 1905 1189 1951 sunt
1236 1897 1515 1966 benevoli,
1577 1907 1767 1970 postea
1824 1898 2136 1954 ﬁducialius

526 1985 881 2056 prmdicandi.
915 1986 1021 2039 Sed
1050 1993 1179 2041 tunc
1206 1987 1409 2042 certius
1440 2003 1628 2043 eorum
1663 2005 1823 2043 aures
1853 1988 2015 2043 nobis
2044 2003 2133 2042 ac-

523 2077 692 2133 clives
731 2077 1037 2144 reddimus,
1091 2078 1138 2132 si
1195 2079 1381 2149 operis
1433 2080 1806 2148 attestatione,
1862 2080 2133 2151 ipsorum,

524 2170 656 2225 boni
696 2170 1047 2225 aemulatores
1091 2169 1377 2228 fuerimus.
1410 2172 1544 2227 Ecce
1568 2172 1673 2243 ipsi
1702 2173 1884 2228 carnis
1908 2174 2135 2229 materia

525 2261 724 2328 induti,
749 2262 891 2316 sicut
916 2260 1270 2317 evidentibus
1308 2262 1482 2337 signis
1512 2262 1715 2331 elucet,
1760 2264 1929 2319 totius
1956 2264 2135 2319 crimi-

523 2353 644 2409 nosi
675 2354 859 2424 Operis
884 2353 1158 2408 immunes
1200 2360 1255 2408 et
1291 2360 1548 2425 expertes
1595 2356 1761 2411 vitam
1812 2371 1994 2412 coram
2023 2358 2134 2413 Deo

522 2455 579 2502 et
608 2445 930 2502 hominibus
957 2446 1244 2502 honestam
1279 2446 1574 2514 duxerunt,
1597 2456 1652 2503 et
1677 2448 1746 2502 ab
1775 2449 2133 2521 hujusmundi

524 2535 944 2607 inquinamento
989 2528 1449 2591 incantaminatas
1494 2552 1691 2592 manus
1719 2538 2131 2595 continuerunt.

523 2622 736 2680 Florem
788 2622 982 2679 mundi
1037 2623 1297 2679 omnibus
1336 2640 1462 2680 eum
1505 2624 1621 2680 suis
1671 2624 2137 2683 oblectationibus

520 2729 803 2786 sprevere,
834 2721 891 2770 et
917 2714 1165 2771 coelestia
1193 2715 1344 2770 omni
1371 2715 1554 2771 cordis
1582 2715 1891 2773 intentione
1920 2717 2136 2774 instan-

520 2807 630 2863 tius
653 2806 994 2879 exquisiere;
1035 2806 1268 2876 jejuniis
1322 2813 1376 2863 et
1406 2806 1753 2864 orationibus
1793 2809 2133 2879 insistentes,

522 2898 704 2954 carnis
754 2898 880 2967 jura
918 2898 1239 2966 domabant,
1298 2898 1550 2969 spiritum
1592 2899 1945 2958 roborabant.
2005 2900 2135 2957 Cum

2224 624 2452 680 victrice
2531 640 2695 678 manu
2744 624 3004 691 devicta,
3070 625 3431 696 triumphales
3478 629 3583 683 sibi
3662 630 3854 685 titulos

2225 713 2423 767 summi
2454 712 2620 785 regis,
2645 713 2699 766 in
2725 713 2850 768 aula
2872 711 3083 783 proprii
3106 715 3320 770 cruoris
3351 716 3513 789 signo
3541 718 3852 790 inscripse-

2230 809 2375 865 runt,
2410 817 2508 871 per
2542 815 2638 856 eos
2659 817 2799 872 quos
2828 816 3022 856 eorum
3052 804 3375 859 memoriale
3407 805 3630 861 ﬂorebit
3662 807 3717 861 in
3740 825 3853 861 8&3-

2230 892 2382 946 cula:
2424 908 2546 947 cum
2577 900 2837 967 vergente
2898 892 3028 947 anni
3059 894 3264 952 circulo
3317 913 3541 968 semper
3599 900 3852 955 redivivo

2229 982 2407 1039 fructu
2439 984 2618 1039 laudis
2648 994 2900 1051 vernant,
2931 994 2987 1040 et
3017 1000 3118 1041 nos
3171 987 3225 1042 in
3270 997 3629 1061 augmentum
3662 992 3853 1047 meriti

2230 1074 2336 1142 sui,
2388 1075 2653 1131 lucrando
2701 1078 3037 1149 germinant.
3100 1079 3255 1134 Unde
3312 1081 3575 1152 scriptum
3621 1090 3744 1138 est:
3789 1086 3853 1138 In

2229 1167 2485 1219 memoria
2510 1171 2706 1220 aeterna
2737 1172 2890 1221 erunt
2912 1167 3059 1237 justi
3084 1170 3245 1237 (Psal.
3288 1170 3388 1241 ιιι).
3421 1172 3551 1225 ltem
3584 1172 3694 1227 alio
3724 1188 3854 1228 mo-

2232 1257 2303 1314 do
2334 1259 2535 1315 dicitur
2563 1259 2616 1313 in
2648 1260 2756 1315 alio
2798 1260 2950 1316 loco:
2982 1264 3169 1318 Justus
3208 1268 3268 1318 ut
3295 1265 3479 1333 palma
3502 1266 3733 1333 ﬂorebit,
3763 1269 3850 1319 si-

2232 1355 2320 1405 cut
2357 1352 2547 1405 cedrus
2591 1353 2784 1406 Libani
2813 1354 3293 1423 multiplicabitur.
3326 1356 3571 1410 Plantati
3603 1358 3669 1409 in
3696 1356 3853 1410 domo

2232 1444 2453 1497 Domini
2480 1482 2494 1504 ,
2578 1446 2642 1498 in
2696 1447 2859 1499 atriis
2925 1446 3113 1500 domus
3184 1449 3281 1500 Dei
3340 1450 3511 1501 nostri
3585 1449 3853 1516 ﬂorebunt

2233 1533 2401 1603 (Psal.
2436 1536 2561 1603 XCI).
2596 1534 2787 1590 Adhuc
2818 1535 3331 1606 multiplicabuntur
3374 1536 3429 1592 in
3457 1545 3682 1593 senecta
3712 1554 3852 1609 pro-

2232 1624 2487 1692 vectiori,
2511 1632 2565 1679 et
2586 1626 2729 1681 bene
2762 1626 3035 1696 patientes
3066 1634 3247 1693 erunt,
3272 1644 3560 1700 usquequo
3589 1630 3851 1700 posteris,

2234 1714 2385 1785 quod
2403 1714 2747 1788 agnoverint,
2773 1715 3127 1782 annuntient,
3144 1716 3355 1773 scilicet
3378 1719 3642 1789 quoniam
3664 1720 3854 1775 Domi-

2236 1820 2341 1859 nus
2372 1805 2513 1859 Deus
2542 1813 2729 1861 noster
2751 1806 2936 1877 justus
2955 1815 3010 1861 et
3048 1814 3230 1863 rectus
3259 1816 3362 1873 est,
3398 1817 3452 1864 et
3482 1810 3537 1864 in
3570 1810 3668 1866 illo
3702 1811 3853 1865 nulla

2236 1905 2321 1951 est
2353 1896 2633 1968 iniquitas.
2678 1898 2873 1953 Verum
2920 1904 3026 1967 est,
3062 1898 3274 1965 fratres,
3329 1902 3591 1973 quoniam
3647 1903 3855 1957 multos

2235 1978 2364 2039 ante
2395 2000 2571 2041 annos
2596 1985 2866 2053 defuncti,
2889 1987 3071 2043 adhuc
3086 1987 3689 2061 vivaciterloquuntur,
3717 1991 3851 2045 dum

2239 2079 2489 2150 quotidie
2530 2096 2629 2150 per
2669 2095 2859 2135 eorum
2900 2081 3158 2153 dogmata
3211 2081 3405 2138 fideles
3460 2084 3526 2137 ad
3559 2084 3855 2139 Dominum

2235 2177 2649 2238 convertuntur,
2676 2179 2731 2226 et
2761 2171 2829 2226 ad
2861 2187 3000 2243 opus
3020 2172 3227 2228 bonum
3256 2190 3355 2245 per
3380 2190 3571 2229 eorum
3601 2175 3860 2245 exempla

2234 2262 2582 2317 roborantur.
2643 2262 2899 2327 Quandiu
2958 2263 3143 2336 itaque
3197 2266 3363 2336 hujus
3433 2266 3624 2321 mundi
3677 2266 3861 2322 orbita

2235 2351 2494 2416 volvitur,
2524 2352 2770 2422 ipsorum
2808 2352 3127 2410 venerabile
3159 2354 3416 2410 meritum
3448 2372 3674 2427 semper
3702 2357 3852 2411 acci-

2236 2441 2316 2513 pit
2364 2442 2788 2498 incrementum.
2832 2444 3068 2519 Agamus
3115 2460 3268 2521 ergo,
3330 2447 3666 2515 charissimi,
3740 2450 3854 2501 im-

2237 2552 2456 2592 mensas
2487 2537 2542 2591 in
2590 2537 2840 2608 ipsorum
2871 2538 3225 2596 solemnitate
3255 2540 3496 2597 Creatori
3520 2548 3710 2598 nostro
3739 2542 3862 2597 lau-

2238 2625 2338 2681 des
2387 2635 2443 2681 et
2492 2628 2714 2700 gratias,
2767 2630 2861 2701 qui
2909 2638 2964 2685 et
3003 2630 3113 2685 illis
3167 2646 3419 2704 regnum,
3459 2639 3590 2688 ante
3645 2634 3856 2689 saecula

2235 2718 2689 2790 praeordinatum,
2739 2721 2795 2775 in
2825 2722 3148 2778 coelestibus
3195 2724 3308 2793 jam
3361 2724 3615 2793 contulit,
3645 2735 3703 2782 et
3753 2742 3854 2783 nos

2236 2809 2483 2878 ejusdem
2535 2812 2688 2886 regni
2721 2813 3017 2884 participes
3055 2813 3173 2869 fore
3233 2814 3569 2886 reintegrata
3597 2832 3698 2886 per
3726 2817 3848 2884 ejus

2236 2906 2561 2978 sanguinem
2596 2906 2775 2964 salute
2808 2909 3140 2981 repromisit.
3174 2910 3281 2980 Ipsi
3309 2926 3441 2984 ergo
3462 2909 3712 2965 omnium
3738 2911 3848 2983 regi
3934 2906 3941 2984 ἦ

521 2989 713 3044 salutis
741 2989 968 3045 inimico
998 2989 1268 3063 belligera
1306 3006 1473 3045 manu
1504 2991 1767 3062 congredi
1800 3008 1912 3047 non
1967 2992 2136 3048 dubi-
2167 3060 2204 3070 Α
2236 2994 2588 3063 saeculorum,
2612 3011 2712 3066 pro
2735 2995 2821 3051 his
2837 2996 3099 3052 omnibus
3114 2995 3301 3053 lauset
3320 2998 3494 3070 gloria
3520 2998 3849 3069 perinfinita

523 3084 729 3144 lavere,
762 3093 925 3149 quem
952 3084 1007 3133 et
1026 3060 1194 3133 armis
1216 3078 1496 3148 praecincti
1517 3078 1720 3133 divinis
1746 3088 2091 3150 prostravere
2117 3098 2131 3136 :
2156 3060 2207 3131 C
2234 3084 2464 3152 saecula;
2488 3085 2652 3141 nobis
2672 3093 2857 3142 autem
2887 3087 3269 3144 misericordia
3294 3090 3626 3161 serpiterna.
3664 3094 3849 3144 Amen.

521 3301 3844 3343 ω

1904 3496 2045 3539 ANNO
2086 3498 2272 3540 οοιιιιειι
2312 3501 2458 3541 ICXII

1118 3692 1953 3849 JOANNES
2058 3699 2131 3849 ll

2232 3699 3261 3862 ABSICANUS

1712 3980 2109 4045 TUSCULAN
2116 3981 2208 4046 US
2248 3981 2655 4049 EPISCOPUS

930 4385 1534 4475 NOTITIA
1637 4388 2427 4482 HISTORICA
2538 4394 2685 4483 IN
2782 4394 3432 4485 JOANNEM

1728 4601 2013 4671 (UcasLu,
2041 4604 2202 4659 Italia
2230 4603 2421 4672 Sacra,
2457 4603 2500 4674 Ι,
2523 4604 2671 4676 230.)

581 5033 1212 5109 Joanncs,‘_Marsicanus
1239 5032 1568 5109 appellatus,
1598 5034 1667 5109 ab
1709 5034 1923 5109 Urbano
1952 5037 2007 5091 II
2031 5035 2209 5109 dictus
2239 5041 2315 5093 est
2343 5039 2622 5109 episcopus
2649 5041 2950 5096 cardinalis
2983 5041 3337 5098 Tusculanus.
3390 5046 3500 5099 Hic
3528 5047 3589 5100 in
3629 5048 3836 5103 Vastat-

516 5105 652 5181 lensi
677 5106 901 5181 concilio
930 5104 1408 5181 1106_grauissime
1426 5108 1757 5181 sententiam
1796 5108 1938 5173 tulit,
1962 5108 2218 5181 adeoque
2240 5104 2429 5176 magni
2445 5104 2788 5181 promptiquc
2825 5114 3004 5167 animi
3029 5114 3158 5180 fuit,
3201 5118 3282 5181 ut,
3324 5129 3447 5169 cum
3478 5116 3741 5175 Henricus
3766 5120 3844 5173 IV

516 5177 713 5252 impius
750 5180 1042 5252 imperator
1070 5175 1381 5252 Paschalem
1418 5177 1480 5252 II»
1502 5178 1811 5252 pontiﬁcem
1848 5175 2161 5247 conjecissct
2187 5182 2245 5233 in
2274 5175 2562 5248 carcerem,
2598 5175 2718 5252 ipse
2755 5199 2868 5237 una
2914 5175 3038 5239 cum
3062 5175 3234 5239 Leone
3268 5175 3582 5243 Vcardinali
3607 5194 3842 5245 ementita

515 5248 750 5330 uestium-
771 5250 922 5302 cultu
944 5249 1165 5330 {tamam
1193 5248 1521 5330 profugerit,
1549 5248 1857 5330 populoque
1873 5252 2110 5330 Romano
2128 5253 2195 5330 in
2219 5248 2755 5330 concionemyocato,
2779 5255 2949 5330 eidem
2967 5258 3302 5330 persuaserit
3324 5262 3386 5311 ut
3415 5263 3654 5330 sumptis
3682 5267 3843 5316 armis

516 5321 701 5398 contra
728 5321 1113 5398 imperatorem
1130 5320 1407 5398 pontiﬁcis
1432 5319 1670 5398 injurias
1698 5321 2010 5398 ulciscatur.
2045 5322 2152 5398 Sub
2179 5323 2362 5398 eodem,
2384 5325 2641 5380 Paschali
2669 5319 2784 5381 vita
2837 5319 3062 5394 functus
3087 5331 3166 5382 est
3207 5328 3491 5398 [Interfuit
3518 5319 3682 5387 etiam
3717 5349 3845 5388 con-

515 5387 636 5469 cilia
662 5387 900 5469 nomqu
924 5403 1016 5442 an.
1054 5389 1243 5469 1112.__
1259 5391 1716 5469 Vicariumpapa
1734 5393 1793 5445 in
1825 5393 1962 5469 Ur_be
1988 5395 2155 5469 egisse
2183 5395 2456 5469 colligitur
2485 5410 2554 5450 ea:
2581 5398 2740 5452 titulo
2770 5387 3016 5466 apposito
3043 5387 3286 5469 epistola:
3315 5387 3562 5458 recitatae
3582 5421 3617 5457 a
3644 5387 3840 5460 Barea.

514 5458 773 5545 grauat.
1115 5460 1300 5545 scribit
1317 5458 1590 5545 Iticharao
1610 5458 1910 5545 albanensi
1936 5458 2204 5545 episcopo,
2376 5467 2677 5545 admonens
2712 5468 2778 5522 de
2804 5458 3056 5545 ncquiter
3073 5458 3235 5545 aclis
3261 5473 3331 5527 ab
3380 5458 3675 5541 Henrico:
3691 5458 3848 5545 deque

520 5526 676 5612 grais
690 5532 753 5612 'e't
789 5529 1401 5612 uniuersalisﬁcclesiz
1418 5536 1570 5612 statu
1589 5535 1905 5612 miseriimo.
1930 5526 2070 5612 Qum
2095 5526 2350 5612 plurimis
2378 5539 2751 5612 cardinalibus
2782 5526 3092 5595 Paschalem
3142 5526 3471 5612 objurgavit
3488 5526 3847 5602 "ceiéeséiéii;

941 5598 1409 5685 inuestiturarum.
1444 5603 1550 5657 Sed
1578 5608 1688 5685 et_a_
1717 5597 2823 5685 Paschali_scite_redarguitur__ipse‘quod
2860 5614 3034 5685 nimio
3068 5613 3181 5667 zelo
3198 5597 3332 5685 imi;
3359 5597 3847 5685 carpat;

514 5669 747 5721 uerterat
777 5669 921 5720 enim
940 5669 1003 5721 in
1017 5684 1221 5739 papam
1256 5673 1446 5738 fecisse
1472 5688 1540 5728 ne
1568 5674 1855 5733 schismate
1881 5681 1932 5732 et
1957 5677 2219 5734 deteriori
2245 5669 2443 5735 damno
2475 5669 2610 5737 Urbs
2637 5669 2917 5752 ﬂagraret.
2951 5682 3213 5756 Lucam.)
