4006 6198
304 292 323 343 1
335 289 438 342 037

1271 287 1576 343 EPISTOLA
1615 289 1699 343 AD
1740 288 2123 344 BICIIARDUM
2169 287 2369 343 EPISC.
2412 288 2646 343 ALBAN.

3485 290 3507 343 1
3519 289 3623 345 038

1067 557 1808 684 JOANNIS
1914 555 2863 685 MARSICANI

1620 801 1985 856 TUSCULANI
2030 800 2322 856 EPISCOPI

793 946 1319 1038 CONCIO
1414 950 1596 1037 AD
1684 948 2346 1039 POPULUM
2431 947 3135 1038 ROMANUM

395 1160 487 1222 Ut
520 1160 825 1237 iniuriam
859 1163 1100 1222 summi
1131 1162 1473 1240 pontiﬁcis,
1512 1179 1660 1224 cum
1691 1165 1825 1223 suis
1858 1163 1937 1223 ab
1973 1163 2255 1225 Henrico
2284 1163 2664 1241 imperatore
2702 1163 2859 1224 tenti
2891 1169 2953 1224 et
2986 1162 3295 1224 conviciis
3322 1162 3534 1223 affecti

1777 1268 2186 1330 ulciscantur.

1312 1443 1563 1509 (Banon,
1597 1444 1828 1509 Annal.,
1861 1444 1928 1498 ad
1961 1459 2052 1498 an.
2082 1443 2245 1507 1111,
2283 1459 2334 1496 n.
2373 1443 2460 1509 11,
2498 1444 2606 1507 13.)

362 1788 532 1854 Licet,
564 1787 869 1842 charissimi
907 1786 1026 1848 tilii.
1067 1786 1332 1841 alacritati
1366 1788 1665 1859 virtutique
1705 1794 1901 1843 vestrae
1934 1790 1979 1859 Α
2006 1787 2109 1841 bus
2138 1794 2356 1842 tenetur
2395 1787 2449 1839 in
2489 1786 2752 1851 vinculis;
2810 1786 2993 1840 omnis
3048 1785 3406 1841 sacerdotalis
3464 1786 3621 1851 ordo,

288 1879 496 1934 stimuli
551 1877 992 1933 adhortationum
1058 1876 1387 1931 admovendi
1432 1893 1541 1932 non
1592 1876 1722 1941 sint,
1780 1893 1902 1932 cum

288 1968 474 2023 verbis
496 1984 678 2039 neque
694 1984 759 2022 ex
790 1966 1071 2021 imbecillo
1098 1973 1378 2033 strenuus,
1412 1982 1596 2037 neque
1640 1966 1906 2021 robustus

291 2061 565 2133 quispiam
599 2060 859 2115 reddatur
888 2075 955 2113 ex
985 2058 1201 2127 timido,
1232 2058 1414 2114 omnis
1451 2059 1600 2113 enim
1634 2059 1793 2114 vobis
1822 2068 1907 2114 est

293 2166 392 2220 pro
422 2150 532 2204 vita
571 2156 626 2204 et
647 2164 745 2219 pro
774 2147 1052 2215 libertate,
1085 2162 1184 2218 pro
1211 2146 1406 2221 gloria,
1433 2162 1532 2218 pro
1572 2146 1905 2202 defensione

294 2238 613 2310 apostolicae
635 2236 786 2293 sedis
814 2252 1002 2312 pugna
1039 2251 1315 2308 omneque
1336 2244 1615 2292 certamen
1650 2245 1765 2305 est;
1789 2238 1908 2291 haec

295 2328 481 2384 omnia
507 2328 564 2382 in
596 2326 852 2382 manibus
879 2325 1079 2382 vestris
1123 2333 1252 2381 sunt
1280 2327 1597 2381 constituta.
1652 2327 1784 2381 Nam
1812 2327 1911 2399 qui

294 2436 489 2492 pacem
517 2419 814 2484 desiderat,
840 2424 1111 2489 praeparet
1141 2418 1370 2474 bellum.
1416 2419 1534 2473 Filii
1565 2419 1734 2474 vestri
1766 2434 1907 2475 con-

294 2520 375 2567 tra
400 2513 492 2581 jus
521 2527 705 2575 omne,
735 2516 928 2566 contra
967 2510 1048 2565 fas
1077 2516 1339 2566 tenentur
1369 2510 1423 2564 in
1456 2510 1718 2566 vinculis:
1762 2511 1906 2567 Petri

294 2604 525 2676 apostoli
566 2602 817 2672 basilica,
871 2608 987 2659 toto
1040 2602 1174 2657 orbe
1224 2608 1494 2658 terrarum
1553 2603 1904 2670 venerabilis,

294 2694 486 2763 armis,
508 2692 892 2759 cadaveribus,
921 2693 1079 2747 sanie
1112 2701 1168 2748 et
1196 2708 1393 2748 cruore
1429 2692 1593 2764 plena
1632 2700 1735 2748 est.
1768 2693 1907 2758 Quid

292 2790 477 2838 autem
518 2798 583 2837 ex
615 2783 722 2837 hoc
749 2797 1016 2836 summam
1040 2782 1285 2837 omnium
1318 2782 1596 2845 malorum
1631 2782 1908 2854 conjicere

293 2872 635 2946 possumus?
662 2874 792 2939 Qum
848 2889 1089 2945 unquam
1135 2874 1322 2930 audita
1353 2881 1440 2930 est
1478 2875 1772 2931 immanior
1810 2892 1910 2947 pe-

293 2965 435 3021 stis?
486 2964 734 3022 Pontifex
762 2965 1078 3036 apostolicaa
1108 2965 1257 3020 sedis
1304 2981 1336 3020 a
1380 2951 1630 3020 barbaris
1668 2965 1907 3021 homini-

2008 1882 2124 1931 tota
2151 1876 2531 1931 ecclesiastica
2572 1876 2814 1949 dignitas
2844 1876 3046 1931 carceri
3090 1892 3154 1931 ac
3193 1877 3437 1931 tenebris
3467 1876 3627 1931 addi—

2008 1974 2095 2020 cta
2117 1971 2232 2020 est:
2272 1966 2464 2039 lugent
2493 1964 2733 2020 ministri
2786 1965 3004 2021 Domini
3063 1965 3257 2021 altaria
3303 1974 3490 2021 sancta
3541 1967 3624 2021 la-

2008 2060 2212 2131 crymis
2239 2060 2500 2123 madent;
2550 2060 2670 2131 ipsa
2702 2075 2929 2131 prorsus
2957 2067 3135 2116 mater
3163 2060 3407 2116 Ecclesia
3445 2062 3626 2116 attrita

2006 2149 2201 2221 gemit,
2236 2149 2606 2221 imploratque
2636 2164 2799 2220 opem
2830 2157 3098 2206 vestram:
3157 2149 3300 2207 ﬁlios
3329 2158 3388 2207 ut
3416 2168 3476 2206 se
3508 2162 3629 2207 tan-

2010 2240 2078 2296 tis
2111 2240 2363 2297 cladibus
2404 2250 2601 2297 eruant
2631 2257 2875 2297 mcerens
2901 2248 3020 2298 orat
3068 2250 3123 2299 et
3161 2243 3432 2299 obsecrat.
3484 2245 3626 2308 Quo-

2010 2329 2155 2386 circa
2184 2345 2442 2402 rogamus
2498 2327 2697 2385 affectu
2751 2345 2861 2402 quo
2919 2346 3234 2401 possumus,
3296 2331 3627 2402 periclitanti

2012 2419 2365 2485 succurratis,
2398 2425 2452 2474 et
2478 2419 2547 2473 ad
2587 2419 2964 2474 ulciscendam
3005 2419 3197 2474 matris
3228 2418 3481 2488 injuriam
3516 2428 3629 2476 toto

2009 2512 2216 2579 animo,
2249 2512 2379 2568 totis
2414 2510 2623 2567 viribus
2653 2511 3007 2567 incumbatis.
3040 2512 3173 2566 Nam
3204 2511 3251 2566 si
3308 2512 3490 2567 adsint
3532 2513 3626 2583 qui

2010 2604 2301 2671 obsistant,
2333 2604 2527 2679 fugere
2557 2605 2765 2669 hostes,
2810 2621 2973 2676 quam
3018 2604 3344 2671 consistere,
3385 2605 3630 2675 paratio-

2011 2711 2100 2751 res
2137 2705 2323 2751 erunt.
2370 2696 2561 2767 Itaque
2613 2695 2907 2750 alacriores
2944 2694 3243 2767 insurgatis
3292 2695 3361 2750 ad
3418 2702 3626 2751 tantum

2011 2783 2389 2839 ulciscendum
2419 2783 2621 2850 scelus,
2664 2783 2735 2838 de
2790 2783 3005 2839 Domini
3040 2784 3211 2840 nostri
3256 2791 3310 2839 et
3340 2784 3624 2839 beatorum

2009 2876 2384 2947 apostolorum
2417 2875 2560 2930 Petri
2585 2882 2640 2930 et
2671 2874 2821 2930 Pauli
2851 2875 3231 2931 misericordia
3258 2875 3624 2946 confidentes,

2011 2965 2080 3021 ab
2102 2965 2363 3022 omnibus
2394 2981 2490 3023 vos
2524 2965 2765 3037 peccatis
2791 2964 3148 3022 absolvimus.

1181 3331 1921 3459 JOANNIS
2024 3262 2873 3459 EPISTOLA

714 3598 874 3683 AD
938 3595 1654 3686 RICHARDUM
1721 3596 2495 3686 ALBANENSEM
2561 3595 3213 3685 EPISCOPUM

1277 3805 1355 3864 De
1388 3806 1666 3881 nequiter
1695 3807 1846 3866 actis
1869 3805 1942 3865 ab
1976 3804 2233 3866 Henrico
2261 3806 2637 3882 imperatore,

1644 3965 1890 4037 (Butam,
1930 3966 2028 4023 ubi
2061 3967 2272 4038 supra.)

367 4312 628 4376 Joannes,
662 4312 757 4366 Dei
785 4311 980 4386 gratia,
1020 4312 1359 4369 Tusculanus
1380 4313 1699 4386 episc0pus,
1738 4332 1909 4389 agens
1938 4317 2198 4390 Bquieta
2243 4314 2471 4373 omnino
2510 4311 2809 4381 dimittere,
2861 4311 3088 4368 obsides
3137 4313 3301 4369 etiam
3347 4315 3478 4372 dare
3527 4333 3626 4388 pro

295 4408 448 4463 vices
504 4406 714 4461 domini
767 4406 1039 4462 Paschalis
1093 4424 1249 4478 papa:
1305 4408 1631 4464 vinctiJesu
1686 4410 1909 4478 Christi,

296 4494 601 4551 venerabili
642 4493 794 4549 fratri
852 4495 1133 4551 RICHARDO
1166 4496 1375 4553 Albano
1409 4497 1673 4569 episcopo
1702 4499 1757 4553 in
1806 4499 1909 4555 Do-

297 4591 454 4646 mino
485 4592 737 4647 salutem.

372 4680 663 4749 Quoniam,
723 4680 865 4737 sicut
893 4681 969 4736 ait
1022 4681 1316 4753 Apostolus
1348 4681 1520 4753 (Rom.
1565 4686 1682 4751 xu),
1740 4674 1910 4739 unum

300 4789 506 4843 corpus
542 4790 731 4829 sumus
777 4774 835 4828 in
868 4773 1101 4843 Christo,
1133 4785 1189 4830 et
1226 4775 1272 4830 si
1302 4775 1507 4846 patitur
1535 4792 1706 4832 unum
1739 4792 1910 4832 mem-

301 4869 484 4938 brum,
516 4875 713 4924 czetera
742 4869 989 4925 membra
1012 4869 1446 4941 compatiuntur,
1478 4886 1601 4941 quae
1633 4869 1700 4925 de
1731 4870 1910 4941 capite

301 4967 511 5029 nostro,
542 4971 596 5017 et
617 4961 684 5017 de
711 4969 825 5017 tota
854 4961 970 5017 fere
1002 4962 1244 5017 Ecclesia
1282 4970 1437 5036 gesta
1466 4970 1616 5028 sunt,
1650 4961 1912 5017 fraterni-

300 5054 399 5109 tati
440 5061 549 5109 tum
588 5054 984 5129 significamus.
1031 5054 1162 5109 Cum
1203 5054 1373 5126 igitur
1412 5054 1693 5120 Henricus,
1721 5054 1917 5110 Teuto-

262 5217 266 5221 .
303 5145 553 5200 nieorum
583 5161 698 5212 rex,
734 5146 977 5201 Sutrium
1013 5145 1371 5215 pervenisset,
1404 5146 1616 5219 legatos
1645 5146 1911 5217 quosdam

304 5234 533 5289 Romam
566 5234 786 5302 direxit,
819 5234 1292 5306 quijurejurando
1324 5233 1701 5299 ﬁrmaverunt,
1724 5234 1911 5289 domni

305 5342 463 5398 papae
491 5326 769 5381 Paschalis
823 5327 1031 5399 legatos
1090 5341 1283 5381 secure
1337 5325 1560 5391 ducere,
1620 5332 1674 5380 et
1730 5342 1913 5402 regem

308 5417 485 5488 ipsum
517 5423 859 5471 sacramento
898 5414 1137 5482 firmare,
1170 5431 1392 5471 omnem
1439 5415 1795 5471 ecclesiarum
1829 5416 1917 5470 in-

306 5508 625 5564 vestituram
657 5509 879 5579 penitus
898 5508 1178 5574 abdicare,
1214 5508 1440 5564 obsides
1471 5509 1633 5564 etiam
1666 5508 1822 5574 dare,
1846 5524 1914 5563 ne

306 5596 375 5653 ad
403 5598 506 5654 hoc
548 5597 818 5671 ﬂagitium
863 5598 1060 5653 iterum
1090 5598 1314 5666 rediret,
1359 5604 1414 5653 et
1443 5615 1533 5653 res
1576 5597 1915 5653 ecclesiasti-

308 5701 420 5754 cas,
451 5694 506 5743 et
539 5684 762 5759 regalia,
819 5702 882 5742 ac
909 5686 1055 5742 beati
1087 5686 1226 5741 Petri
1286 5686 1616 5756 patrimonia
1663 5686 1834 5740 libera
1866 5694 1921 5740 et

2009 4408 2324 4472 securitate,
2357 4420 2480 4460 cum
2507 4402 2576 4458 ad
2599 4402 2975 4459 coronandum
3009 4419 3135 4458 cum
3176 4405 3244 4460 ad
3287 4406 3432 4461 beati
3476 4406 3623 4464 Petri

2010 4494 2293 4551 basilicam
2326 4493 2520 4550 exiret.
2564 4492 2758 4549 Postea
2786 4509 2853 4548 ex
2886 4499 3043 4564 parte
3094 4493 3355 4550 Ecclesia:
3387 4511 3420 4550 a
3464 4495 3624 4553 laicis

2010 4584 2147 4641 viris
2183 4584 2454 4639 limatum
2499 4588 2603 4648 est,
2631 4581 2677 4635 si
2732 4581 2833 4637 ista
2872 4596 2994 4653 qua:
3034 4581 3307 4652 promissa
3336 4590 3485 4656 sunt,
3512 4585 3626 4655 jam

2014 4677 2195 4733 dictus
2226 4692 2321 4732 rex
2361 4674 2700 4741 observaret,
2744 4673 2894 4745 quod
2947 4672 3205 4729 dominus
3253 4682 3444 4731 noster
3500 4693 3625 4732 eum

2016 4765 2258 4839 benigne
2285 4763 2615 4835 susciperet,
2646 4769 2699 4817 et
2728 4761 2781 4817 ei
2808 4760 3065 4817 diadema
3104 4762 3263 4839 regni
3295 4763 3627 4835 imponeret,

2013 4866 2069 4915 et
2091 4865 2408 4926 coronatus,
2439 4856 2485 4911 si
2517 4855 2701 4923 vellet,
2753 4855 2948 4911 Urbem
2981 4854 3227 4911 intraret.
3269 4856 3370 4913 Pro
3398 4858 3630 4913 transitu

2012 4951 2179 5008 etiam
2196 4950 2382 5022 pontis
2395 4948 2622 5004 obsides
2638 4947 2875 5019 accepit,
2890 4962 2989 5019 pro
3003 4948 3205 5020 quibus
3221 4957 3627 5006 sacramentum

2016 5040 2289 5108 exhibuit,
2320 5038 2469 5111 quod
2492 5036 2550 5091 in
2575 5035 3099 5108 ipsodieDominico
3128 5038 3175 5092 si
3200 5046 3426 5110 pontem
3448 5049 3630 5097 trans-

2016 5135 2142 5203 iret,
2165 5150 2261 5191 eos
2284 5134 2339 5188 in
2356 5133 2588 5187 liberam
2613 5138 2923 5186 nostrorum
2950 5131 3261 5187 restitueret
3280 5140 3626 5204 potestatem.

2020 5229 2112 5283 His
2164 5230 2331 5302 igitur
2368 5228 2630 5284 omnibus
2678 5226 3037 5284 sacramentis
3082 5243 3148 5281 ex
3195 5236 3427 5299 utraque
3478 5238 3633 5301 parte

2019 5323 2256 5392 peractis
2313 5328 2367 5377 et
2406 5322 2695 5378 obsidibus
2753 5322 2918 5389 datis,
2974 5337 3097 5376 cum
3140 5321 3208 5375 ad
3248 5323 3631 5377 coronandum

2018 5429 2145 5470 cum
2185 5412 2253 5467 ad
2293 5411 2580 5467 ecclesiam
2617 5412 2673 5466 Β.
2708 5411 2850 5467 Petri
2881 5426 3023 5482 papa
3063 5409 3254 5475 exiret,
3313 5410 3636 5481 postpositis

2018 5507 2377 5564 sacramentis
2392 5514 2448 5562 et
2473 5506 2716 5562 dimissis
2741 5505 3053 5572 obsidibus,
3076 5521 3203 5561 eum
3230 5505 3285 5558 in
3311 5505 3429 5574 ipsa
3453 5503 3637 5559 eccle-

2019 5596 2102 5650 sia
2130 5611 2255 5650 eum
2296 5595 2573 5666 episcopis
2610 5603 2666 5650 et
2692 5594 3086 5657 cardinalibus,
3119 5600 3173 5648 et
3216 5591 3402 5645 multis
3434 5590 3638 5644 Roma-

2022 5686 2111 5740 nis
2141 5684 2411 5740 violenter
2437 5686 2601 5759 cepit,
2621 5692 2675 5740 et
2702 5685 2757 5740 in
2779 5684 3032 5759 captione
3060 5679 3363 5737 arctissima
3402 5678 3635 5733 detinet.
