4006 6198
273 299 403 354 1041

1606 301 1862 357 ΝΟΤΙΤΙΛ
1905 300 2272 357 HISTORICA.

3457 312 3479 364 1
3489 309 3594 367 042

271 421 492 494 publice
520 421 726 478 litteras
769 421 826 476 in
869 420 1008 477 urbe
1043 421 1306 492 Tullensi,
1337 425 1468 480 dein
1507 427 1734 482 Tornaci
1785 444 1882 498 per
1903 429 1966 501 Α
1991 432 2105 483 tota
2144 427 2395 484 turbatur
2431 429 2640 495 schola,
2682 437 2740 485 et
2776 433 3166 488 canonicorum
3205 442 3380 491 coetus
3419 437 3598 492 admi-

269 514 718 586 quinquennium
779 529 978 585 magna
1034 531 1157 569 cum
1210 515 1351 571 fama
1408 524 1462 572 et
1489 519 1887 590 discipulorum

273 603 585 676 frequentia
631 603 839 658 docuit.
900 604 1073 674 Hujus
1132 606 1234 660 viri
1291 611 1740 666 commemoratio
1778 629 1887 669 non

270 696 502 752 strictim
533 695 783 750 facienda
810 702 914 762 est,
945 697 1152 768 quippe
1205 699 1300 769 qui
1329 699 1677 756 Tornacense
1705 703 1887 761 Sancti

275 791 492 846 Martini
564 791 981 857 monasterium,
1055 793 1360 848 monachus
1441 803 1494 849 et
1544 795 1718 852 abbas
1777 799 1888 855 illic

274 883 472 950 factus,
522 883 864 937 instauravit.
922 883 1048 937 Erat
1103 883 1150 938 is
1207 885 1460 952 clericus,
1515 888 1782 946 oriundus
1824 909 1889 948 ex

277 976 438 1041 urbe,
493 983 553 1030 ut
597 975 765 1030 modo
819 975 1094 1034 dicebam.
1148 977 1549 1041 Aurelianensi.
1604 993 1757 1053 patre
1789 986 1891 1040 Ge-

277 1068 441 1122 rardo
487 1072 774 1138 matreque
808 1067 1021 1121 Caecilia
1070 1070 1412 1143 progenitus,
1467 1073 1749 1130 Odoardus
1771 1078 1889 1132 vul-

275 1174 347 1230 go
377 1164 624 1221 vocatus,
656 1172 687 1209 a
715 1156 952 1226 pueritia
977 1156 1049 1210 ita
1075 1157 1376 1214 instructus
1406 1161 1623 1230 litteris,
1665 1172 1726 1219 ut
1753 1167 1888 1221 nulli

276 1247 555 1308 secundus
585 1246 730 1300 inter
778 1246 1106 1302 Francorum
1160 1249 1242 1304 sui
1285 1253 1549 1321 temporis
1596 1256 1887 1327 magistros

279 1344 594 1399 haberetur.
647 1345 743 1399 llic
792 1346 970 1416 primo
1014 1347 1482 1405 Tulli-Leucorum
1529 1354 1744 1410 scholas
1801 1363 1885 1412 te-

277 1438 419 1506 nuit,
460 1437 588 1490 inde
612 1453 643 1491 a
672 1438 954 1493 canonicis
983 1441 1232 1495 ecclesia:
1262 1441 1626 1500 Tornacensis
1657 1449 1884 1513 ascitus,

275 1530 521 1600 quinque
562 1530 722 1583 annis
762 1537 909 1584 tanta
948 1546 1069 1585 cum
1111 1532 1514 1589 existimatione
1548 1537 1755 1593 litteras
1793 1539 1887 1594 do-

276 1619 412 1682 cuit,
461 1626 520 1673 ut
565 1635 675 1674 non
716 1620 881 1675 modo
921 1636 952 1674 e
983 1620 1257 1688 Flandria,
1291 1625 1665 1697 proximisque
1701 1629 1884 1703 regio-

279 1710 463 1776 nibus,
495 1710 592 1764 sed
626 1710 789 1764 etiam
839 1726 904 1765 ex
956 1713 1346 1768 remotissimis
1386 1717 1704 1784 provinciis.
1754 1720 1887 1774 Bur-

277 1799 507 1874 gundia,
540 1799 691 1853 ltalia
720 1806 775 1853 et
817 1800 1056 1854 Saxonia
1095 1801 1350 1872 discipuli
1384 1807 1630 1860 certatim
1663 1809 1730 1862 ad
1762 1824 1885 1863 eum

278 1890 670 1956 conﬂuxerint,
724 1891 793 1945 ad
834 1907 1125 1947 numerum
1164 1910 1338 1966 usque
1378 1895 1737 1954 ducentorum
1774 1900 1888 1955 cle-

277 1982 536 2037 ricorum.
582 1981 709 2036 Cum
744 1998 875 2038 vero
924 1982 1182 2038 liberales
1231 1995 1378 2041 artes
1408 2003 1602 2043 omnes
1651 1991 1886 2046 maxime

274 2070 524 2136 calleret,
576 2071 856 2142 praecipue
912 2079 1097 2127 tamen
1135 2074 1188 2127 in
1230 2075 1519 2131 dialectica
1559 2079 1884 2148 excellebat,

273 2163 442 2217 veteri
484 2170 646 2218 secta)
685 2179 874 2219 eorum
921 2166 1015 2235 qui
1048 2165 1242 2220 Reales
1278 2177 1563 2232 vocantur,
1595 2171 1885 2226 adhaerens

279 2267 392 2321 pra:
427 2267 568 2307 nova
597 2259 746 2306 secta
765 2254 1148 2320 nominalium,
1181 2272 1344 2326 quam
1383 2258 1727 2314 llaimbertus
1757 2261 1882 2331 qui-

275 2344 423 2405 dam,
474 2344 717 2401 famosus
747 2348 1028 2421 magister,
1069 2357 1202 2404 tunc
1247 2350 1304 2404 in
1361 2352 1568 2422 oppido
1609 2353 1879 2408 lnsulensi

272 2432 562 2504 discipulis
593 2437 710 2490 suis
740 2437 1090 2510 pmlegebat.
1129 2438 1256 2493 Cum
1283 2441 1411 2494 rixae
1440 2441 1542 2494 hac
1570 2441 1639 2496 de
1679 2458 1736 2496 re
1777 2441 1878 2497 ﬁe-

273 2535 418 2594 rent,
459 2544 602 2582 unus
645 2544 674 2581 e
725 2529 1083 2584 Tornacensis
1135 2531 1385 2586 ecclesia:
1433 2533 1734 2598 canonicis,
1769 2549 1876 2588 no-

270 2617 417 2670 mine
473 2617 816 2685 Gualbertus,
865 2619 959 2690 qui
1009 2629 1201 2690 postea
1275 2621 1504 2676 Tornaci
1552 2622 1876 2688 monachus,

268 2723 333 2762 ac
359 2709 581 2763 demum
611 2710 666 2764 in
709 2710 1091 2766 Catalaunensi
1123 2713 1307 2768 Sancti
1357 2713 1501 2768 Petri
1539 2715 1878 2770 monasterio

266 2797 442 2852 abbas
495 2799 719 2864 exstitit,
777 2800 1070 2871 quemdam
1124 2801 1504 2872 pythonicum,
1549 2803 1775 2857 surdum
1823 2810 1878 2858 et

267 2895 502 2952 mutum,
536 2889 766 2943 nutibus
804 2903 970 2958 super
1024 2889 1125 2944 hac
1169 2906 1225 2945 re
1270 2891 1570 2958 consuluit,
1610 2899 1772 2964 atque
1813 2908 1876 2948 ex

263 2996 332 3034 eo
367 2979 766 3050 praeferendum
799 2981 1046 3035 Odonem
1079 2981 1368 3038 intellexit.

338 3072 467 3127 Cum
514 3072 626 3127 Odo
659 3073 864 3128 scholae
893 3075 1228 3129 Tornacensi
1256 3076 1371 3131 fere
1422 3093 1519 3147 per
1563 3077 1874 3149 quinquen-

265 3165 419 3218 nium
474 3164 806 3235 praefuisset,
849 3167 1065 3221 oblatus
1099 3176 1182 3222 est
1234 3167 1283 3222 ei
1336 3185 1367 3222 a
1406 3169 1645 3239 quodam
1673 3170 1876 3226 clerico

262 3254 404 3308 liber
428 3255 600 3309 sancti
632 3256 916 3328 Augustini
963 3260 1035 3311 De
1065 3258 1228 3312 libero
1265 3259 1517 3325 arbitrio,
1565 3277 1726 3331 quem
1758 3277 1876 3314 ma-

260 3348 432 3421 gister
469 3349 805 3418 comparavit
834 3350 1058 3420 quidem
1101 3351 1157 3404 in
1206 3368 1318 3406 suae
1348 3353 1716 3419 ,bibliothecaa
1737 3371 1872 3425 sup-

267 3437 630 3507 plementum,
663 3438 760 3492 sed
784 3437 840 3492 in
871 3439 1133 3493 scrinium
1157 3456 1280 3494 cum
1313 3443 1528 3496 czeteris
1549 3443 1707 3496 libris
1740 3459 1871 3513 pro-

260 3527 418 3594 jccit,
474 3528 680 3598 quippe
728 3529 822 3600 qui
883 3529 1128 3600 profanae
1176 3530 1494 3586 litteraturae
1531 3539 1673 3586 totus
1715 3533 1876 3586 addi-

268 3628 408 3683 ctus,
461 3621 636 3695 magis
678 3621 1054 3678 delectabatur
1113 3623 1352 3678 lectione
1411 3623 1654 3678 Platonis
1708 3641 1871 3695 quam

269 3709 578 3781 Augustini.
614 3712 771 3767 Forte
827 3713 1027 3768 accidit
1056 3720 1115 3767 ut
1159 3719 1282 3783 post
1311 3712 1450 3768 duos
1489 3713 1604 3768 lere
1654 3729 1875 3768 menses

265 3799 438 3854 Boetii
477 3800 652 3856 libros
701 3803 772 3856 De
809 3803 1167 3857 consolatione
1193 3803 1551 3874 philosophia
1586 3803 1876 3874 discipulis

269 3893 626 3967 praelegeret;
672 3893 768 3948 ubi
821 3909 953 3950 vero
1019 3894 1087 3949 ad
1119 3901 1371 3967 quartum
1403 3894 1628 3962 librum,
1663 3895 1716 3948 in
1767 3910 1878 3967 quo

264 3981 333 4035 de
392 3981 570 4037 libero
624 3982 855 4039 arbitrio
912 3984 1110 4058 agitur,
1149 3985 1513 4055 pervenisset,
1562 3985 1880 4041 recordatus

269 4075 442 4146 empti
492 4075 644 4142 libri,
686 4091 812 4131 eum
859 4076 966 4131 sibi
1007 4076 1186 4132 afferri
1236 4078 1416 4146 jussit,
1467 4077 1513 4132 si
1554 4079 1682 4150 quid
1742 4079 1880 4134 forte

271 4164 330 4217 in
358 4179 424 4219 eo
439 4164 540 4218 hac
557 4164 625 4218 de
642 4180 700 4219 re
725 4164 1114 4221 observatione
1136 4165 1364 4239 dignum
1409 4167 1698 4236 reperiret.
1722 4165 1878 4232 Tum,

266 4257 428 4311 lectis
459 4255 676 4310 duabus
707 4257 947 4312 tribusve
987 4258 1107 4328 ejus
1140 4259 1390 4333 pagellis,
1422 4259 1503 4314 sic
1533 4275 1598 4313 ea
1644 4260 1881 4315 lectione

267 4347 498 4403 affectus
551 4354 656 4413 est,
702 4355 762 4402 ut
806 4349 1056 4420 protinus
1095 4351 1410 4407 convocatis
1449 4351 1756 4422 discipulis,
1785 4353 1874 4408 in-

262 4445 412 4500 venti
442 4443 683 4498 thesauri
713 4443 906 4498 volens
957 4460 1055 4500 eos
1093 4461 1231 4503 esse
1262 4448 1593 4520 participes:
1645 4470 1668 4499 σ
1717 4448 1876 4516 Vere,

265 4535 469 4605 inquit,
529 4535 794 4590 hactenus
835 4535 1082 4609 ignoravi
1115 4544 1334 4607 quantae
1384 4537 1654 4592 facundia:
1694 4546 1750 4592 et
1779 4538 1879 4593 do-

263 4624 454 4679 ctrinae
485 4631 633 4679 esset
673 4625 1034 4698 Augustinus,
1072 4649 1096 4668 »
1129 4640 1368 4696 moxque
1399 4625 1601 4681 librum
1627 4628 1805 4698 ipsum
1848 4643 1879 4681 a

267 4713 449 4784 capite
475 4729 720 4779 exorsus,
755 4714 874 4784 ipso
896 4730 959 4768 ac
993 4714 1249 4785 sequenti
1280 4715 1372 4770 die
1399 4715 1688 4787 discipulis
1720 4715 1877 4790 legit,

269 4807 666 4878 etcxplanavit.
700 4807 826 4863 Cum
846 4824 977 4864 vero
1015 4809 1084 4864 ad
1110 4809 1308 4864 librum
1333 4811 1552 4864 tertium
1595 4811 1880 4881 pervenis-

265 4904 372 4963 set,
413 4897 466 4951 in
493 4914 602 4968 quo
643 4904 864 4952 sanctus
901 4894 1095 4953 doctor
1133 4898 1392 4953 miseram
1430 4901 1658 4970 exponit
1687 4914 1881 4971 pecca-

269 4999 448 5045 torum
495 4989 894 5057 condiiionem,
947 4991 1042 5062 qui
1100 4992 1386 5053 mundum,
1448 4991 1630 5047 fetida:
1681 4993 1883 5047 cloaca:

269 5081 528 5148 similem,
587 5081 798 5138 caelesti
864 5082 1055 5154 gloria:
1101 5090 1468 5152 anteponunt,
1529 5099 1640 5154 prae
1689 5083 1884 5138 intimo

277 5172 470 5228 dolore
495 5173 602 5228 alta
619 5174 854 5244 suspiria
877 5175 959 5241 exl
976 5174 1086 5229 imo
1114 5174 1358 5244 pectoris
1389 5176 1639 5229 trahens:
1688 5196 1709 5223 α
1733 5175 1845 5229 Heu
1870 5175 1882 5227 l

278 5263 476 5334 inquit,
521 5280 682 5334 quam
711 5264 898 5318 stricte
934 5263 1034 5318 ista
1075 5279 1178 5319 nos
1211 5265 1385 5338 tangit
1426 5264 1735 5334 premitque
1756 5280 1888 5318 sen-

277 5357 476 5413 tential
511 5358 602 5428 qui
644 5359 830 5412 omnia
875 5357 1058 5412 studia
1113 5365 1298 5413 nostra
1330 5357 1385 5411 in
1445 5374 1594 5412 vanae
1641 5357 1889 5412 scientia:

280 5449 704 5521 acquisitionem
776 5450 1135 5517 conferimus,
1200 5450 1373 5504 divini
1433 5451 1612 5505 cultus
1660 5450 1888 5505 omnino

284 5547 640 5601 immemores
686 5551 740 5599 et
766 5545 1010 5602 coelestis
1045 5545 1253 5618 gloriae,
1289 5561 1354 5598 ea
1386 5553 1506 5616 post
1535 5551 1765 5601 mortem
1807 5547 1892 5599 in-

285 5636 439 5710 digni
496 5634 692 5690 futuri!
742 5635 950 5699 Quibus
1004 5636 1164 5691 dictis
1220 5636 1478 5700 surrexit,
1521 5644 1776 5708 totusque
1811 5637 1893 5690 la-

1907 1757 1958 1826 Β

1903 3122 1952 3190 C

1899 4400 1955 4468 D

1991 517 2201 572 ratione
2246 518 2581 588 percellitur.
2635 518 2906 590 Deinceps
2939 521 3053 577 Odo
3095 524 3352 592 paulatim
3394 528 3596 582 scholae

1991 625 2052 663 se
2092 608 2387 676 subtraxit,
2427 609 2718 665 ecclesiam
2750 610 2914 665 solito
2947 613 3185 683 amplius
3207 613 3594 686 frequentavit,

1990 713 2246 754 nummos
2284 706 2649 772 congregatos
2689 698 2743 752 in
2785 706 3034 774 egentes,
3075 702 3311 757 maxime
3342 705 3595 771 clericos,

1989 788 2255 860 erogavit,
2310 788 2541 859 jejuniis
2585 789 2830 860 denique
2870 789 2945 844 ita
2997 806 3216 845 carnem
3285 793 3506 858 attrivit,
3540 803 3598 848 ut

1991 875 2143 930 brevi
2175 892 2286 947 prae
2335 877 2512 932 macie
2570 893 2600 931 a
2656 878 2846 931 multis
2897 879 2984 932 vix
3032 885 3443 952 agnosceretur.
3480 881 3597 936 Non

1991 970 2162 1025 multo
2195 979 2319 1041 post
2347 979 2583 1043 quatuor
2611 971 2800 1027 clerici
2833 973 2883 1027 ei
2924 989 2983 1028 se
3015 974 3346 1046 adjungunt,
3387 975 3601 1030 scilicet

1991 1057 2105 1114 Odo
2133 1059 2325 1129 abbas,
2363 1061 2677 1128 Gerbertus,
2711 1061 2982 1117 Rodulfus
3009 1070 3064 1117 et
3093 1063 3420 1127 Willelmus,
3455 1080 3599 1133 prm-

1991 1163 2073 1211 ter
2103 1156 2438 1219 Lanfridum,
2486 1156 2575 1226 qui
2620 1154 2748 1230 fuga
2803 1155 2988 1226 lapsus
3041 1156 3241 1210 misere
3281 1157 3460 1226 periit.
3506 1156 3600 1210 Ve-

1992 1262 2107 1300 rum
2141 1245 2297 1300 dubii
2337 1245 2623 1300 haerebant
2652 1262 2816 1316 quem
2858 1252 3054 1299 statum
3112 1246 3598 1316 amplecterentur,

1989 1336 2381 1391 canonicorum
2431 1353 2497 1390 an
2532 1337 2942 1391 monachorum.
3002 1337 3387 1407 Utrorumque,
3438 1337 3601 1391 variis

1989 1425 2125 1479 locis
2153 1425 2472 1495 exploratis,
2513 1425 2732 1480 interim
2775 1425 2830 1478 in
2861 1425 3183 1479 suburbana
3220 1427 3401 1480 Sancti
3456 1427 3596 1480 Mar-

1989 1513 2086 1567 tini
2119 1514 2434 1580 ecclesiola,
2467 1513 2562 1568 ubi
2615 1515 2893 1586 quondam
2949 1515 3169 1569 abbatia
3200 1517 3595 1571 monachorum

1987 1599 2184 1667 fuerat,
2226 1603 2322 1656 sed
2379 1619 2410 1656 a
2450 1602 2677 1674 paganis
2719 1602 3014 1670 destructa,
3067 1611 3120 1657 et
3150 1603 3263 1658 fere
3321 1605 3375 1658 in
3404 1605 3599 1660 solitu-

1988 1696 2172 1750 dinem
2251 1697 2492 1763 redacta,
2556 1698 2718 1752 simul
2785 1697 3034 1752 habitare
3119 1709 3426 1768 creperum.
3485 1699 3597 1754 Tali

1989 1793 2245 1862 exemplo
2290 1793 2516 1847 recreati
2556 1793 2708 1847 cives
2736 1793 3110 1848 Tornacenses
3151 1793 3434 1848 Rabodum
3475 1796 3597 1864 epi-

1989 1903 2218 1956 scopum
2262 1893 2479 1959 rogant,
2527 1894 2586 1942 ut
2626 1903 2695 1941 ne
2726 1887 2972 1942 Odonem
3007 1889 3238 1960 ejusque
3263 1889 3444 1944 socios
3487 1890 3596 1945 alio

1988 1981 2224 2053 migrare
2257 1980 2552 2050 permittat.
2597 1981 2667 2034 Ea
2701 1997 2789 2034 res
2835 1988 2987 2055 grata
3025 1982 3310 2052 episcopo,
3369 1982 3498 2052 quia
3529 1999 3596 2037 ea

1987 2071 2057 2126 de
2092 2089 2149 2126 re
2181 2073 2425 2127 Odonem
2456 2072 2813 2143 interpellat;
2842 2073 2960 2138 sed,
2985 2088 3110 2127 cum
3144 2073 3236 2125 ille
3262 2071 3413 2126 nullo
3444 2080 3593 2127 certo

1985 2179 2254 2232 responso
2304 2163 2522 2218 reddito
2571 2163 2639 2216 ab
2678 2163 2979 2234 episcOpali
3029 2164 3193 2218 domo
3252 2164 3589 2227 recessisset,

1985 2256 2302 2330 religiosum
2348 2256 2753 2325 presbyterum,
2785 2255 3008 2310 nomine
3056 2255 3444 2321 Gislebcrtum,
3495 2256 3590 2325 qui

1984 2347 2040 2400 in
2067 2345 2174 2400 illis
2206 2346 2454 2416 partibus
2479 2354 2608 2400 tunc
2638 2345 2904 2415 temporis
2931 2345 3080 2398 velut
3120 2345 3387 2413 propheta
3419 2343 3589 2398 liabe-

1982 2437 2164 2504 batur,
2197 2438 2248 2490 in
2282 2437 2581 2491 Elnonensi
2614 2437 2796 2491 Sancti
2828 2437 2972 2490 Petri
2999 2436 3234 2490 ecclesia
3265 2444 3455 2505 postea
3486 2437 3587 2490 hu-

1981 2537 2182 2595 matus,
2214 2527 2440 2591 adhibet
2496 2528 2777 2598 piissimus
2821 2527 3039 2598 praesul,
3090 2536 3148 2581 ut
3177 2527 3244 2580 ad
3297 2542 3454 2580 suum
3507 2527 3590 2580 ci-

1979 2621 2244 2691 viumque
2291 2635 2574 2674 assensum
2620 2619 2864 2674 Odonem
2907 2619 3105 2673 ﬂectat.
3150 2618 3442 2672 Gislebcrti
3472 2635 3591 2672 ser-

1981 2724 2145 2763 mone
2171 2709 2345 2764 victus
2391 2708 2504 2763 Odo
2531 2724 2588 2762 se
2618 2708 2729 2763 illic
2759 2724 3136 2762 remansurum
3189 2708 3502 2778 pollicetur,
3543 2707 3589 2763 si

1980 2801 2146 2857 modo
2177 2801 2412 2857 liberum
2444 2801 2551 2855 sibi
2576 2802 2753 2856 locum
2795 2807 3079 2871 praestaret
3107 2801 3422 2871 episcopus.
3459 2801 3590 2856 Hinc

1979 2891 2072 2946 ille
2104 2907 2440 2964 magnOpere
2472 2891 2828 2956 exhilaratus,
2870 2891 3264 2946 canonicorum
3303 2906 3587 2944 assensum

1977 2983 2216 3052 expetit;
2261 2983 2338 3036 illi
2369 2982 2525 3053 quasi
2552 2981 2851 3036 futurorum
2887 2982 3248 3049 coniectores,
3300 2989 3590 3051 negantac

1978 3080 2300 3146 pernegant.
2335 3072 2467 3125 Tum
2495 3087 2626 3126 vero
2657 3071 2954 3142 episc0pus
2983 3087 3049 3126 ea
3065 3087 3172 3142 qua
3208 3071 3454 3141 pollebat
3487 3087 3589 3126 au-

1978 3164 2230 3218 ctoritate
2287 3163 2602 3234 praedictam
2666 3163 2846 3218 Sancti
2926 3163 3140 3217 Martini
3213 3163 3584 3232 ecclesiolam,

1979 3272 2101 3327 quae
2131 3255 2216 3310 sui
2266 3255 2407 3323 juris
2448 3265 2586 3321 erat,
2638 3255 2812 3309 Odoni
2843 3256 3071 3325 ejusque
3118 3253 3288 3309 sociis
3336 3255 3590 3310 absolute

1980 3348 2148 3403 tradit
2187 3364 2397 3420 eosque
2441 3349 2680 3403 solemni
2723 3348 3081 3418 processione
3113 3347 3169 3400 in
3201 3362 3320 3401 eam
3362 3345 3592 3400 deducit

1977 3456 2029 3492 vr
2074 3440 2257 3494 Nonas
2287 3440 2428 3503 Maii,
2475 3457 2597 3512 qua:
2628 3440 2748 3494 dies
2793 3440 3076 3495 Dominica
3130 3446 3267 3504 erat,
3309 3455 3453 3493 anno
3485 3439 3592 3494 Do-

1977 3530 2194 3585 minicae
2226 3531 2621 3586 incarnationis
2669 3531 2827 3596 1092,
2874 3546 3082 3601 eosque
3113 3531 3318 3584 ibidem
3367 3530 3469 3584 sub
3504 3547 3592 3584 re-

1974 3625 2104 3698 gula
2131 3625 2307 3678 sancti
2335 3624 2630 3696 Augustini
2663 3623 2716 3676 in
2748 3623 2938 3677 habitu
2978 3622 3220 3677 clericali
3261 3623 3372 3677 Deo
3414 3624 3590 3677 servi-

1976 3724 2128 3771 turos
2153 3715 2386 3770 dimisit.
2424 3716 2546 3770 llaec
2596 3715 2782 3770 omnia
2826 3714 2946 3769 fuse
2986 3722 3382 3769 commemorat
3437 3714 3592 3768 Heri-

1979 3819 2214 3859 manuus
2269 3803 2443 3858 abbas
2490 3804 2546 3857 in
2600 3802 2742 3858 libro
2783 3803 2857 3857 De
2917 3802 3316 3857 restauratione
3355 3802 3590 3857 abbatize

1981 3895 2166 3950 Sancti
2197 3895 2416 3950 Martini
2473 3895 2840 3951 Tornacensis
2883 3895 3096 3965 (Spicil.
3139 3900 3175 3948 t.
3224 3894 3338 3959 XII,
3372 3911 3426 3964 p.
3485 3894 3590 3950 398

1980 3994 2028 4042 et
2080 3987 2269 4058 scqq.).
2302 3989 2456 4043 Tunc
2495 3987 2762 4058 temporis
2808 4002 2963 4041 sacro
2995 3985 3123 4057 igne
3163 3991 3276 4040 tota
3318 3984 3434 4040 fere
3463 4000 3590 4055 pro-

1981 4081 2161 4139 vincia
2186 4087 2435 4137 contacta
2464 4088 2568 4145 est,
2599 4080 2656 4134 in
2685 4079 2877 4151 primis
2918 4077 3051 4132 urbs
3087 4077 3461 4144 Tornacensis,
3494 4076 3592 4131 ubi

1982 4191 2093 4231 non
2114 4173 2291 4230 solum
2333 4189 2398 4228 ex
2427 4173 2589 4238 urbe,
2621 4171 2719 4226 sed
2748 4171 2913 4226 etiam
2945 4185 2974 4225 e
3015 4169 3241 4226 remotis
3270 4169 3591 4243 regionibus

1981 4263 2203 4335 plurimi
2240 4263 2366 4336 igne
2393 4261 2488 4316 illo
2517 4261 2720 4325 adusti,
2751 4260 2819 4314 ad
2847 4259 3138 4314 ecclesiam
3167 4259 3221 4312 Β.
3257 4257 3436 4312 Mariae
3462 4273 3591 4331 gre-

1981 4352 2150 4427 gatim
2179 4350 2592 4406 deferebantur.
2623 4348 2775 4402 Tunc
2804 4347 3102 4418 episcopus
3130 4364 3196 4402 ex
3218 4346 3310 4400 illa
3341 4345 3594 4417 principe

1982 4441 2215 4496 ecclesia
2247 4439 2314 4494 ad
2356 4439 2542 4494 Sancti
2575 4438 2787 4492 Martini
2827 4437 3171 4493 ccclesiolam
3215 4437 3268 4490 in
3299 4437 3390 4491 die
3432 4436 3590 4489 Exal-

1980 4531 2202 4587 tationis
2239 4535 2439 4584 sanctae
2481 4528 2662 4584 crucis
2698 4528 3002 4583 solemnem
3045 4526 3245 4581 indixit
3284 4524 3592 4596 processio-

1982 4641 2130 4689 nem,
2176 4637 2298 4695 qua
2346 4621 2511 4676 nudis
2556 4620 2792 4692 pedibus
2836 4620 2976 4675 facta
3030 4625 3134 4684 est,
3207 4618 3472 4687 deinceps
3523 4618 3590 4672 ad

1981 4723 2228 4772 nostrum
2278 4729 2455 4786 usque
2507 4720 2746 4783 tempus,
2816 4712 2994 4783 inquit
3035 4711 3416 4774 Herimannus,
3475 4711 3594 4780 ipsa

1982 4810 2072 4865 die
2104 4810 2444 4866 continuata.
2484 4808 2750 4863 Caeterum
2791 4813 2994 4877 praeter
3035 4823 3101 4862 ea
3129 4822 3250 4878 quae
3282 4805 3374 4860 ille
3404 4813 3595 4859 auctor

1984 4903 2054 4958 de
2085 4903 2274 4958 Odone
2304 4901 2490 4966 habet,
2524 4899 2789 4954 nonnulla
2837 4897 3000 4954 etiam
3029 4897 3293 4953 discimus
3323 4913 3387 4950 ex
3426 4895 3595 4951 Gode-

1987 4993 2109 5048 fridi
2173 4989 2459 5046 Remensis
2504 4987 2770 5061 magistri,
2828 4988 2948 5055 ejus
3003 4985 3186 5053 amici,
3234 4986 3481 5040 versibus
3539 4985 3594 5039 in

1987 5087 2187 5161 quibus
2217 5084 2424 5141 Odonis
2454 5083 2713 5138 natalium
2747 5081 3006 5137 nobilitas
3033 5089 3088 5136 et
3128 5081 3448 5136 excellentia
3477 5080 3600 5149 ejus

1990 5178 2200 5254 ingenii
2232 5194 2296 5234 ac
2339 5176 2604 5232 doctrina:
2642 5189 2994 5245 summopere
3035 5173 3422 5246 praadicantur.
3457 5173 3602 5228 lnter

1990 5272 2098 5326 alia
2126 5285 2256 5326 vero
2283 5269 2402 5340 ejus
2432 5266 2703 5340 opuscula
2727 5266 2914 5321 laudat
2935 5265 3180 5320 libellum
3215 5266 3289 5321 De
3309 5265 3454 5320 bello
3475 5265 3604 5321 Tro-

1985 5362 2140 5432 jano,
2181 5375 2346 5430 quem
2379 5359 2447 5412 ab
2503 5373 2569 5413 eo
2601 5356 2808 5411 editum
2858 5371 2979 5410 esse
3035 5354 3246 5412 scribit.
3283 5355 3394 5410 Hoc
3423 5353 3606 5409 Gode-

1994 5449 2118 5504 fridi
2146 5464 2310 5519 opus,
2351 5448 2633 5502 Somnium
2678 5447 2744 5500 de
2775 5444 2960 5501 Odone
2991 5445 3380 5500 Aurelianensi
3407 5443 3608 5497 inseri-

1996 5547 2169 5612 ptum,
2201 5541 2486 5604 hactenus,
2547 5544 2606 5591 ut
2659 5552 2804 5603 reor,
2838 5535 3130 5601 ineditum,
3189 5535 3500 5590 invenimus
3548 5533 3605 5585 in

1996 5630 2184 5684 codice
2217 5626 2436 5697 collegii
2467 5626 2749 5680 societatis
2774 5626 2903 5679 Jesu
2921 5623 3250 5678 Parisiensis
3277 5630 3404 5675 ante
3432 5633 3608 5673 annos

286 5725 493 5795 crymis
547 5722 802 5794 perfusus
849 5724 1137 5779 ecclesiam
1187 5725 1468 5795 ingressus
1514 5731 1617 5778 est.
1659 5725 1734 5778 Ad
1780 5725 1897 5778 haec
1998 5723 2334 5793 quingentos
2363 5719 2587 5788 scripto.
2633 5717 2703 5770 Ex
2744 5733 2852 5786 quo
2883 5731 3010 5771 cum
3047 5715 3294 5768 libellum
3329 5713 3603 5780 integrum
