4006 6198
423 306 562 361 1055

1649 311 1685 364 Β
1751 308 1989 365 ODONIS
2029 306 2265 365 CAMER.
2311 310 2517 367 EPISC.

3611 309 3751 364 1056

421 454 532 510 que
562 438 802 496 conﬁsus
861 441 916 495 in
943 441 1034 496 Dei
1081 442 1305 508 auxilio,
1354 450 1417 497 ut
1459 443 1567 499 tuis
1612 442 1869 513 precibus
1929 441 2028 497 tibi
2056 446 2105 513 Α
2199 444 2496 514 Imprimis,
2548 453 2669 511 qua
2734 438 2836 493 tibi
2885 436 3162 507 oﬂ'erimus
3204 451 3307 507 pro
3354 438 3598 494 Ecclesia
3651 442 3750 495 tua

423 531 565 600 εαξρὶ
612 548 857 602 praesens
881 533 1027 604 apud
1059 541 1132 599 te,
1182 541 1237 589 et
1295 534 1497 590 absens
1529 535 1754 606 perfeci,
1791 536 1913 590 sine
1954 543 2025 590 te.

2130 538 2321 590 sancta
2350 531 2644 589 Catholica.
2679 526 2975 599 Imprimis,
3007 525 3155 597 quod
3200 527 3588 598 superioribus
3618 529 3753 599 jun-

423 621 554 676 Volo
575 629 853 688 autem,ut
878 630 1055 677 textus
1080 624 1352 696 cujusque
1384 625 1610 695 capituli
1645 625 2034 694 priescribatur
2133 626 2281 697 gitur
2306 623 2609 680 secundum
2652 619 2970 691 praedictum
3003 634 3251 685 sensum,
3295 618 3550 693 jungitur
3579 620 3748 674 etiam

421 713 754 783 expositioni
792 714 979 781 totius,
1023 732 1093 769 ne
1133 717 1239 771 cito
1279 725 1681 786 praesumantur
1719 717 2035 771 additiones

421 805 507 860 vel
537 806 928 871 detractiones,
973 808 1055 862 vel
1107 809 1441 864 mutationes
1472 808 1526 863 in
1577 825 1733 863 sacro
1784 808 2032 864 Canone:

424 897 571 967 quod
597 896 749 951 nefas
778 898 1029 952 ducimus
1057 898 1199 961 ﬁeri,
1240 901 1359 953 sine
1403 900 1647 956 Romano
1678 900 1961 972 pontiﬁce.

935 987 1188 1041 TEXTUS
1216 987 1512 1045 CANONIS.

963 1091 1127 1130 PRIMA
1186 1092 1497 1133 DISTINCTIO.

501 1171 569 1223 Te
600 1171 769 1236 igitur
792 1171 1200 1227 clementissime
1232 1176 1407 1239 Pater,
1433 1190 1531 1243 per
1561 1176 1739 1229 Jesum
1766 1176 2036 1232 Christum

424 1258 625 1312 Filium
651 1262 819 1325 tuum,
852 1266 957 1313 etc.

845 1365 1119 1407 EXPOSITIO
1175 1369 1361 1409 DOIINI
1389 1370 1605 1411 ODONIS.

2137 713 2510 778 inferioribus,
2561 707 2927 783 signiﬁcando
2966 706 3115 778 quod
3141 704 3437 762 offeramus
3483 707 3749 773 hostiam,

2139 810 2377 881 primum
2436 823 2536 879 pro
2591 811 2707 861 tota
2748 802 3013 868 Ecclesia,
3064 801 3268 856 deinde
3326 816 3425 872 pro
3480 801 3605 856 aliis
3653 802 3750 873 qui

2137 909 2466 961 sequuntur.

2242 922 2466 959 nuntur.

2202 922 2380 1058 (Euam
2404 992 2697 1061 paciﬁcare
2739 986 2808 1042 ab
2840 984 3093 1041 hostibus
3118 983 3435 1041 visibilibus
3464 992 3519 1039 et
3548 983 3749 1039 invisi-

2138 1084 2342 1139 bilibus
2388 1092 2449 1138 ut
2482 1098 2587 1138 nec
2623 1080 2911 1136 hominum
2952 1076 3438 1149 persecutionibus
3460 1077 3757 1133 conculce-

2137 1180 2243 1239 tur,
2276 1188 2380 1227 nec
2416 1170 2678 1226 instinctu
2721 1169 3038 1224 daemonum
3083 1165 3412 1222 criminibus
3448 1165 3748 1236 polluatur.

2212 1264 2509 1319 Custodirc.
2540 1264 2601 1317 ln
2628 1262 2748 1333 ipsa
2772 1275 2928 1332 pace.

2207 1358 2482 1411 Adunare.
2543 1354 2619 1408 Ne
2680 1350 3075 1408 schismatibus
3138 1349 3267 1404 uilis
3330 1359 3386 1405 et
3445 1349 3755 1405 hteresibus

500 1444 637 1506 Quia
713 1444 941 1518 dignum
999 1454 1053 1501 et
1103 1447 1312 1515 justum
1363 1457 1446 1504 est
1501 1450 1665 1505 nobis
1716 1451 1814 1505 tibi
1872 1466 2035 1525 agere
2135 1452 2430 1516 dividatur,
2462 1450 2560 1505 sed
2600 1450 2656 1503 in
2686 1449 2896 1504 unitate
2954 1450 3424 1502 sacramentorum
3466 1443 3751 1500 catholicae

424 1532 662 1605 gratias:
718 1536 787 1588 Te
834 1536 1027 1601 igitur,
1068 1539 1468 1593 clementissime
1523 1544 1700 1605 Pater,
1761 1555 2036 1611 rogamus,

426 1631 485 1677 ut
531 1640 561 1676 a
614 1624 775 1679 nobis
840 1625 1172 1680 sacriﬁcium
1223 1628 1482 1699 accipias.
1530 1630 1590 1683 Et
1645 1630 1774 1701 quia
1827 1636 2039 1684 nostras

2140 1542 2292 1607 ﬁdei,
2322 1542 2376 1595 in
2416 1539 2678 1595 omnibus
2721 1545 2835 1593 tota
2872 1536 3146 1592 adunetur
3174 1535 3436 1590 Ecclesia.

2208 1636 2273 1685 Et
2300 1645 2479 1698 regere
2508 1630 2750 1696 digneris
2790 1631 2897 1682 toto
2935 1626 3059 1681 orbe
3092 1630 3379 1680 terrarum.
3435 1623 3501 1678 Ut
3529 1624 3587 1678 in
3638 1624 3757 1679 suis

428 1727 593 1822 νςοθε
656 1714 890 1783 ευβριίϐί
949 1715 1301 1771 οοηῖοδδίοηο
1365 1717 1628 1784 admittis.
1698 1721 1766 1773 Τϐ
1842 1721 2037 1785 ἰθεῖαν,
2070 1757 2117 1822 Β
2142 1725 2408 1786 consiliis,
2457 1721 2935 1793 dispositionibus,
2988 1719 3231 1791 judiciis,
3273 1720 3528 1783 decretis,
3589 1719 3760 1774 instu-

427 1802 829 1858 clementissimc
885 1808 1068 1871 Pater,
1126 1824 1222 1876 per
1277 1809 1456 1863 Iesum
1531 1812 1804 1865 Christum
1841 1811 2040 1864 Filium

433 1897 583 1947 tuum
609 1896 877 1962 supplices
916 1911 1186 1962 rogamus,
1239 1904 1291 1951 et
1326 1898 1471 1952 reale
1523 1899 1855 1953 sacriﬁcium
1886 1913 2044 1954 acce-

433 1981 597 2049 ptari,
628 1989 687 2036 ut
708 1983 898 2037 laudes
927 2000 1120 2040 vocum
1154 1985 1514 2042 substantiale
1546 1995 1805 2059 sequatur
1832 1987 2044 2043 sacriﬁ-

432 2086 599 2125 onum.

500 2166 765 2231 Rogamus
818 2171 867 2219 et
901 2170 1148 2234 petimus.
1210 2168 1439 2240 Rogatio
1487 2170 1730 2224 ostendit
1771 2170 2043 2224 humilita-

431 2260 560 2319 tem,
621 2253 816 2323 petitio
875 2254 1298 2323 conﬁdcntiam;
1361 2258 1455 2329 qui
1516 2258 1725 2329 aliquid
1789 2259 2045 2328 implorat

433 2340 797 2395 humilitatem
852 2342 1019 2397 debet
1071 2346 1368 2400 ostendere
1433 2354 1487 2400 et
1532 2347 1600 2400 de
1659 2346 2044 2418 impetratione

430 2430 732 2489 conﬁdere.
769 2435 957 2505 Itaque
1014 2437 1293 2507 supplices
1350 2454 1626 2513 rogamus,
1702 2437 2047 2494 confidenter

432 2525 689 2594 petimus.
728 2526 879 2581 Unde
911 2529 1173 2599 scriptum
1222 2537 1336 2584 est:
1393 2534 1543 2586 Petat
1580 2548 1614 2585 a
1643 2534 1868 2587 Domino
1905 2533 2047 2586 nihil

434 2618 711 2672 luesitans.
734 2620 838 2686 Qui
874 2622 1015 2675 enim
1056 2622 1289 2687 haesitat,
1323 2624 1520 2678 similis
1548 2628 1623 2678 est
1658 2628 1845 2693 ﬂuctui
1874 2626 2045 2680 maris

433 2708 565 2775 (Jac.
604 2712 679 2779 1.).
719 2711 778 2765 Et
837 2713 1067 2767 iterum:
1110 2714 1393 2784 Quidquid
1448 2716 1719 2772 credentes
1755 2719 2042 2786 petieritis,

430 2801 705 2867 accipietis
732 2803 919 2857 (Marc.
954 2803 1051 2869 χι).

506 2893 595 2945 Uti
642 2898 859 2960 accepta
887 2894 1081 2948 habeas
1123 2898 1173 2948 et
1215 2896 1509 2951 benedicas.
1566 2899 1825 2968 Accepta,
1869 2898 1922 2952 id
1969 2905 2050 2953 est

432 2990 588 3055 grata
618 2990 674 3037 et
704 2983 921 3053 placita.
956 2986 1191 3056 Accepta
1223 2988 1448 3046 habeas.
1483 2989 1661 3059 culpis
1691 2990 1894 3045 nostris
1922 2990 2048 3045 data

436 3069 597 3123 venia
627 3085 737 3124 non
779 3070 1043 3136 offensus,
1091 3074 1201 3129 imo
1228 3083 1416 3130 nostra
1454 3076 1750 3132 devotione
1780 3077 2044 3147 placatus.

437 3164 507 3216 Et
536 3162 836 3227 benedicas,
897 3164 1316 3235 multiplicando
1364 3168 1615 3238 gratiam,
1666 3169 1921 3243 augendo
1972 3171 2049 3224 di-

436 3250 727 3323 gnitatem,
791 3253 899 3308 imo
942 3257 1316 3310 convertendo
1394 3257 1449 3311 in
1529 3258 2046 3316 excellentissimam

434 3339 861 3395 immortalitatis
890 3349 944 3395 et
972 3342 1404 3414 incorruptionis
1429 3354 1755 3402 creaturam.

509 3429 633 3480 Haec
679 3428 839 3482 dona.
880 3427 1000 3483 Haec
1028 3430 1194 3497 dona,
1223 3448 1346 3503 qum
1375 3433 1476 3487 tibi
1520 3436 1810 3503 donamus,
1842 3445 1900 3492 ut
1948 3439 2048 3494 tibi

2143 1815 2232 1879 tis,
2264 1811 2579 1867 actionibus
2608 1809 2759 1865 nullo
2802 1807 3115 1879 decipiatur
3152 1823 3363 1872 errore,
3395 1813 3450 1861 et
3473 1806 3528 1860 in
3569 1804 3760 1860 omni—

2144 1907 2249 1961 bus
2276 1912 2370 1960 tuo
2397 1904 2630 1960 ducatur
2652 1900 3054 1957 moderamine.

2218 2001 2339 2053 Una
2375 2012 2495 2051 cum
2536 1996 2745 2062 famulo
2782 1999 2876 2048 tuo
2935 2009 3090 2064 papa
3143 1997 3345 2058 nostro,
3400 1995 3447 2046 et
3512 1991 3759 2045 antistite

2141 2092 2323 2142 nostro
2351 2126 2365 2152 ,
2438 2090 2489 2140 et
2541 2100 2663 2151 rege
2726 2087 2912 2137 nostra
2937 2123 2951 2148 ,
3026 2085 3076 2136 et
3149 2080 3389 2136 omnibus
3440 2079 3758 2133 orthodoxi:

2142 2183 2304 2247 atque
2354 2176 2629 2231 catholica:
2682 2178 2730 2227 et
2785 2172 3092 2242 apostolica
3135 2171 3266 2240 ﬁdei
3313 2169 3627 2223 cultoribus.
3684 2168 3759 2222 De

2148 2274 2260 2323 toto
2288 2265 2646 2321 descenditur
2683 2264 2752 2319 ad
2803 2270 3005 2335 partes,
3062 2271 3142 2329 ut,
3198 2278 3323 2317 cum
3353 2259 3629 2331 imprimis
3659 2274 3759 2329 pro

2144 2363 2259 2412 tota
2289 2355 2529 2411 Ecclesia
2567 2354 2743 2409 oratio
2783 2352 2961 2420 ﬁeret,
3005 2360 3196 2425 postea
3239 2351 3310 2406 de
3340 2350 3577 2425 singulis
3605 2349 3762 2404 solli-

2147 2445 2239 2500 citi
2260 2445 2448 2499 simus.
2473 2444 2593 2499 Alio
2622 2457 2860 2514 namque
2904 2449 3017 2496 tota
3049 2440 3289 2496 Ecclesia
3318 2425 3758 2513 cgetregimine,

2146 2539 2254 2595 alio
2294 2538 2526 2612 singulae
2557 2536 2833 2601 Ecclesiae,
2864 2542 2919 2589 et
2949 2535 3058 2590 alio
3088 2533 3297 2607 singuli
3341 2531 3614 2587 homines.
3644 2529 3763 2584 Alia

2146 2644 2277 2685 cura
2305 2629 2471 2683 rebus
2499 2634 2583 2682 est
2610 2625 2927 2681 exhibenda
2964 2622 3229 2696 publicis,
3263 2621 3372 2677 alia
3420 2622 3645 2692 privatis
3701 2624 3759 2677 In

2147 2720 2321 2775 tribus
2350 2729 2532 2775 autem
2565 2717 2818 2790 personis
2868 2731 2968 2788 pro
3010 2715 3214 2787 quibus
3243 2715 3514 2770 orandum
3557 2731 3760 2787 propo-

2149 2814 2277 2880 suit,
2298 2814 2404 2868 hoc
2432 2810 2843 2866 observandum
2873 2808 3110 2876 videtur,
3139 2815 3199 2863 ut
3222 2823 3324 2878 pro
3357 2824 3499 2879 papa
3520 2823 3677 2877 vero,
3700 2817 3758 2863 et

2149 2902 2391 2957 antistite
2413 2908 2467 2955 et
2496 2908 2628 2972 rege
2657 2905 2819 2954 orent
2844 2897 3040 2969 reliqui
3073 2897 3401 2968 presbyteri.

2220 2992 2566 3048 Orthodomis.
2626 2988 2684 3042 Id
2734 2994 2837 3054 est,
2894 2988 3005 3041 vita
3067 2993 3125 3041 et
3175 2985 3431 3041 doctrina
3481 2985 3763 3057 gloriosis,

2148 3100 2383 3156 quorum
2441 3082 2585 3137 fama
2611 3081 2870 3136 dilatatur
2903 3079 2960 3133 in
3019 3079 3251 3150 populo,
3313 3078 3507 3133 merito
3561 3078 3766 3133 vitaeet

2072 3141 2120 3210 Ο
2149 3141 2436 3231 doctrinae.

2222 3265 2371 3319 Fidei
2408 3262 2722 3319 cultoribus.
2770 3260 2890 3315 Non
2933 3258 3099 3314 ﬁdem
3148 3264 3360 3314 tantum
3404 3256 3759 3311 habentibus.

2152 3356 2313 3411 Aliud
2336 3362 2421 3410 est
2450 3354 2599 3410 enim
2639 3353 2802 3408 ﬁdem
2840 3352 3068 3419 habere,
3091 3359 3146 3405 et
3172 3349 3322 3404 aliud
3356 3347 3522 3402 ﬁdem
3546 3348 3760 3412 colere;

2157 3448 2321 3502 ﬁdem
2362 3446 2512 3514 colit,
2539 3445 2635 3517 qui
2665 3444 2850 3500 studet
2878 3451 2933 3498 et
2961 3440 3203 3498 intendit
3250 3440 3555 3496 secundum
3598 3438 3762 3493 ﬁdem

436 3528 699 3573 maneant
754 3535 853 3590 per
906 3528 1051 3575 tuam
1120 3521 1567 3580 benedictionem
1626 3526 1876 3597 ﬁrmata;
1938 3532 2055 3587 haec
2154 3542 2340 3597 vivere
2394 3558 2518 3597 cum
2576 3540 2732 3595 multi
2788 3538 2953 3593 ﬁdem
3020 3535 3263 3591 habeant
3317 3534 3413 3606 qui
3483 3535 3586 3589 hoc
3653 3548 3764 3588 non

437 3607 584 3661 dona
625 3624 749 3679 quae
792 3609 889 3663 tibi
921 3611 1215 3680 donamus,
1259 3621 1319 3667 ut
1362 3616 1510 3685 apud
1541 3624 1595 3670 te
1618 3619 1926 3674 consistant
1956 3637 2054 3690 per
2154 3635 2375 3691 facianL

436 3713 585 3758 tuam
627 3704 1078 3762 benedictionem
1104 3709 1452 3783 incorrupta;
1488 3713 1607 3769 haec
1637 3714 1783 3770 dona
1804 3733 1924 3787 qua:
1953 3718 2051 3772 tibi

435 3799 728 3869 donamus,
768 3811 827 3855 ut
877 3801 1011 3858 ﬁant
1065 3804 1167 3859 tibi
1216 3805 1361 3861 Deus
1412 3814 1712 3879 assumpta,
1772 3810 2047 3881 siquidem

444 3892 678 3946 Verbum
699 3908 823 3947 caro
847 3895 1059 3961 factum
1087 3900 1165 3950 est
1195 3897 1377 3963 (Joan.
1418 3900 1479 3965 ι).

503 3981 631 4036 Haec
675 3998 926 4037 munera.
969 3983 1223 4040 Solemus
1259 3985 1384 4041 illos
1427 4003 1723 4044 munerare
1760 4005 1792 4044 a
1845 3990 2050 4061 quibus

431 4067 643 4140 aliquid
690 4070 947 4125 molimur
995 4072 1270 4128 obtinere.
1316 4075 1439 4131 Haec
1478 4093 1709 4132 munera
1748 4078 1952 4150 quibus
1987 4089 2044 4136 te

432 4162 489 4215 in
520 4178 663 4232 pane
716 4171 936 4220 terreno
990 4182 1367 4235 muneramus,
1422 4177 1482 4224 ut
1524 4170 1874 4227 obtineamus
1914 4188 2042 4228 eum

429 4251 744 4319 ccnlestem;
770 4253 885 4308 haec
913 4270 1162 4321 munera,
1197 4256 1400 4327 quibus
1439 4257 1496 4311 in
1533 4259 1804 4329 corporali
1827 4260 1953 4316 cibo
1991 4267 2043 4315 te

430 4360 805 4411 muneramus,
839 4353 899 4401 ut
918 4347 1238 4404 alimentum
1268 4349 1398 4404 inde
1418 4350 1703 4422 spirituale
1735 4367 2043 4424 consequa-

2660 3701 2912 3757 TEXTUS
2957 3700 3255 3757 CANONIS.

2668 3810 2966 3851 DISTINCTIO
2997 3810 3258 3850 SECUNDA.

2221 3894 2497 3959 Memento,
2538 3894 2776 3958 Domine,
2808 3891 3141 3958 famulorum
3167 3890 3608 3958 famularumque
3643 3893 3764 3943 tua-

2148 3998 2291 4049 rum,
2322 3984 2442 4039 NN.
2481 3986 2530 4036 et
2569 3982 2810 4036 omnium
2857 3980 3343 4040 circumstantium,
3383 3991 3610 4047 quorum
3666 3978 3763 4030 tibi

2145 4072 2279 4140 ﬁdes
2330 4072 2542 4139 cognita
2589 4074 2686 4136 est,
2734 4076 2783 4124 et
2819 4073 2949 4123 nota
3003 4068 3234 4134 devotio,
3273 4081 3377 4136 pro
3430 4066 3626 4135 quibus
3665 4066 3761 4119 tibi

2143 4162 2441 4233 offerimus,
2494 4163 2577 4217 vel
2656 4164 2754 4231 qui
2825 4161 2922 4215 tibi
2976 4159 3212 4228 offerunt
3270 4159 3365 4214 hoc
3426 4160 3755 4227 sacriﬁcium

2144 4252 2352 4321 laudis,
2383 4260 2489 4308 etc.

2566 4355 2844 4395 EXPOSITIO
2876 4355 3065 4395 DOMINI
3114 4353 3334 4395 ODONIS.

429 4449 578 4499 mur;
620 4434 737 4488 hac
776 4450 1026 4502 munera,
1056 4437 1259 4507 quibus
1306 4445 1357 4492 te
1398 4454 1754 4494 muneramus
1804 4441 1861 4494 in
1901 4437 2113 4505 sub-D
2208 4436 2387 4490 Prima
2451 4433 2716 4506 periodus
2792 4433 3080 4504 hucusque
3161 4437 3424 4503 protensa
3492 4446 3592 4503 pro
3648 4436 3756 4485 tota

428 4525 631 4597 staptia
670 4524 830 4595 panis
861 4533 915 4580 et
944 4526 1080 4595 vini,
1112 4538 1172 4582 ut
1201 4528 1574 4599 percipiamus
1611 4530 1741 4586 inde
1766 4547 1969 4602 corpus
1990 4542 2045 4588 et

431 4617 760 4690 sanguinem
793 4616 1011 4674 Christi.

497 4710 623 4763 Ηκο
675 4712 863 4762 sancta
903 4710 1176 4777 sacriﬁcia
1216 4709 1448 4764 illibata.
1501 4710 1718 4778 Sancta,
1772 4712 1901 4783 quia
1932 4712 2044 4768 Deo

427 4800 646 4866 oblata;
705 4798 935 4865 illibata,
996 4800 1127 4872 quia
1204 4802 1388 4857 adhuc
1445 4803 1661 4877 integra
1712 4811 1767 4858 et
1818 4804 2039 4859 intacta.

427 4894 615 4966 Neque
646 4893 795 4949 enim
817 4895 1066 4971 contingi
1088 4895 1313 4962 debent,
1357 4897 1537 4953 donec
1564 4899 1906 4968 sumpserint
1934 4899 2039 4953 vim

427 4985 794 5057 spiritualem,
837 4994 892 5041 et
934 5002 1201 5043 conversa
1251 4987 1460 5043 fuerint
1513 4988 1567 5042 in
1610 4987 1807 5044 Christi
1840 5005 2044 5059 corpus

426 5088 483 5134 et
528 5082 878 5153 sanguinem.
926 5084 1057 5139 Nam
1099 5084 1252 5155 prius
1279 5090 1522 5157 sumpta,
1570 5100 1775 5156 corpus
1830 5091 2038 5140 tantum

429 5177 743 5239 pascerent.
789 5171 941 5227 Unde
1002 5172 1225 5244 quidam
1283 5172 1667 5244 superioribus
1729 5173 2043 5248 adiungunt

426 5256 579 5326 quod
630 5258 901 5329 sequitur.
966 5261 1048 5316 sic
1109 5261 1526 5336 distinguendo.
1594 5262 1809 5317 Illibata
1849 5262 2043 5333 impri-

428 5344 554 5407 mis,
594 5344 756 5401 idest
794 5348 995 5403 intacta
1022 5350 1259 5420 primum
1301 5366 1595 5423 quousque
1653 5352 1840 5408 divina
1869 5353 2044 5408 bene-

428 5430 674 5487 dictione
712 5434 945 5501 munita,
994 5438 1061 5491 ad
1102 5439 1333 5493 salutem
1400 5445 1690 5496 sumantur
1737 5441 1934 5496 animae
1987 5449 2044 5497 et

428 5522 693 5590 corporis.
730 5524 800 5576 Ex
856 5524 959 5578 hoc
996 5530 1160 5584 verbo
1200 5530 1587 5598 admonemur,
1637 5541 1696 5588 ut
1754 5534 2043 5604 appositus

428 5614 587 5679 panis
640 5614 856 5688 integer
907 5616 977 5668 sit
1046 5628 1099 5675 et
1172 5622 1323 5675 nulla
1375 5620 1640 5680 fractione
1697 5626 1783 5680 vel
1844 5627 2041 5681 laesura

428 5701 679 5754 violatus.

428 5712 679 5757 notatus.

2145 4528 2389 4585 Ecclesia
2411 4526 2781 4598 omnibusque
2813 4523 2944 4580 ﬁdei
2973 4524 3284 4580 cultoribus
3311 4530 3451 4580 orat.
3484 4523 3756 4587 Secunda,

2145 4637 2267 4694 quae
2298 4621 2388 4676 hic
2440 4619 2660 4691 incipit,
2715 4634 2814 4691 pro
2871 4616 3247 4690 praesentibus
3297 4632 3357 4671 se
3404 4615 3642 4687 accingit
3671 4614 3757 4685 qui

2145 4712 2319 4768 sancti
2350 4709 2603 4768 sacriﬁcii
2643 4716 2772 4765 sunt
2819 4707 3208 4780 astipulatores
3252 4713 3307 4760 et
3352 4710 3756 4776 c00peratores.

2144 4808 2425 4868 Memento,
2458 4805 2700 4866 Domine,
2732 4802 3063 4871 famulorum
3089 4799 3529 4868 famularumque
3547 4800 3760 4850 tuarum

2143 4904 2193 4953 et
2228 4899 2460 4953 omnium
2488 4896 2982 4958 circumstantium,
3014 4892 3070 4947 id
3102 4897 3206 4958 est,
3234 4890 3510 4945 Memento
3540 4887 3759 4959 quidem

2142 5004 2334 5045 eorum
2365 5002 2505 5059 quos
2543 5003 2709 5057 supra
2762 4984 3044 5057 proposui,
3076 4982 3134 5038 id
3183 4988 3268 5037 est
3297 4980 3544 5037 omnium
3577 4980 3761 5035 catho-

2143 5077 2262 5133 licae
2289 5076 2417 5132 ﬁdei
2451 5075 2748 5142 cultorum,
2780 5081 2889 5129 tam
2922 5071 3292 5127 masculorum
3320 5084 3490 5141 quam
3527 5067 3763 5123 femina-

2144 5183 2288 5234 rum,
2368 5174 2423 5220 et
2478 5162 2731 5220 omnium
2792 5158 3325 5225 circumastantium,
3391 5157 3605 5212 scilicet
3667 5156 3760 5227 qui

2143 5255 2504 5327 corporaliter
2533 5253 2758 5320 adsunt,
2797 5257 3112 5307 sanctorum
3141 5252 3535 5317 cooperatores
3563 5252 3762 5317 myste-

2144 5347 2365 5401 riorum.
2429 5344 2621 5415 Neque
2678 5342 2829 5397 enim
2914 5347 3064 5396 tanta
3127 5335 3345 5394 sufﬁcio
3417 5341 3761 5392 sacramenta

2142 5438 2441 5504 conﬁcere,
2501 5439 2604 5493 nisi
2656 5437 2900 5494 collectas
2939 5432 3311 5491 multitudinis
3372 5432 3596 5503 adjutus
3644 5446 3761 5485 ora-

2141 5529 2314 5593 tione,
2344 5544 2507 5599 quam
2547 5526 2702 5598 prius
2727 5525 2895 5580 etiam
2924 5540 3044 5579 sum
3075 5523 3331 5579 hortatus
3360 5521 3431 5576 ad
3460 5521 3763 5585 orationes,

2142 5619 2406 5675 dicendo:
2441 5619 2620 5683 Orate,
2654 5617 2868 5671 fratres.
2906 5616 2965 5669 Et
2995 5616 3136 5669 sicut
3177 5613 3353 5683 prima
3410 5611 3697 5681 periodus,
3728 5626 3759 5664 a

2142 5722 2254 5771 toto
2282 5713 2572 5769 descendit
2601 5712 2669 5767 ad
2717 5720 2918 5782 partes,
2966 5711 3039 5764 ita
3078 5708 3324 5763 secunda
3354 5709 3474 5762 haec
3506 5708 3575 5761 ab
3626 5706 3755 5761 uni-
