4006 6198
455 306 594 362 1059
1716 294 1751 345 Β
1815 288 1984 344 ODON
1992 287 2049 341 IS

2174 285 2329 340 MER.
2378 287 2576 342 EPISC.
3674 294 3814 350 1060

461 432 783 489 memoriam
838 435 1153 485 sanctorum
1187 423 1522 480 venerando.
1560 422 1727 494 Igitur
1769 421 1907 474 hanc
1928 417 2074 473 obla-
2101 412 2498 488 Asubluceat,
2540 430 2650 469 non
2682 424 2811 469 sunt
2850 422 3033 470 tamen
3091 418 3277 472 omnia
3314 419 3422 473 nisi
3452 435 3626 475 unum
3656 429 3715 476 et
3756 421 3808 475 id

460 526 691 590 tionem,
726 538 1033 594 precamur,
1080 528 1139 574 ut
1167 519 1415 588 placatus
1441 517 1715 584 accipias:
1773 519 1829 566 ut
1867 510 2076 565 scilicet
2176 500 2354 570 ipsum
2400 501 2661 594 verbum;
2716 511 2772 558 et
2797 503 3050 575 quamvis
3074 504 3152 559 ibi
3197 512 3284 561 est
3302 522 3434 562 vera
3464 516 3520 563 et
3541 507 3812 580 perfecta-

460 617 503 671 si
538 591 780 686 peccatis
812 591 1014 667 nostris
1036 608 1427 681 praepedimur,
1459 604 1846 660 communione
1884 602 2074 657 saltem
2178 592 2380 657 ιιῐιὶῐδε,
2414 591 2498 686 ibi
2552 601 2756 686 ῑειιξιθην
2805 595 3112 686 εςθηηάυηι
3165 608 3377 653 creatas
3406 615 3495 654 res
3537 601 3795 672 quaedam

463 680 665 759 sanctas
680 680 1332 757 Ecclesiaeetsanctorum
1354 703 1572 750 tuorum
1595 692 1951 748 veneratione
1971 693 2081 763 pla-
2183 688 2417 751 apparet
2445 680 2772 746 ἀίνθΐείῐᾶεῖ
2805 682 2947 738 Sicut
2974 699 3098 739 cum
3130 687 3287 741 semel
3312 688 3520 742 locutus
3548 693 3629 744 est
3666 692 3809 744 Deus

463 794 684 851 cerisad
707 792 1092 865 accipiendum
1124 791 1272 863 quod
1305 789 1403 844 tibi
1432 788 1716 843 offerimus
1731 787 2056 842 sacriﬁcium

2186 771 2240 825 in
2265 771 2475 842 psalmo
2518 774 2679 842 (Psal.
2715 774 2843 844 in),
2876 774 3151 846 PrOpbeta
3172 776 3284 833 duo
3309 777 3573 852 intelligit
3603 772 3657 833 in
3692 796 3805 835 uno

541 885 850 949 Servitutis,
905 882 957 935 id
999 888 1083 935 est
1118 879 1271 941 cleri,
1328 877 1422 931 tibi
1483 877 1594 947 (qui
1655 875 1958 931 secundum
1992 890 2082 930 ac-

464 979 658 1043 ceptos
687 971 891 1043 gradus
922 970 977 1023 in
1011 970 1113 1022 hac
1142 966 1423 1022 oblatione
1457 962 1710 1018 sacriﬁcii
1759 962 2079 1028 servimus).
2179 953 2297 1006 υἱέα
2322 956 2439 1006 erat
2470 953 2650 1022 (Ῑοαηυ
2685 954 2745 1022 ¹)σ
2774 954 2994 1011 Factum
3022 963 3108 1010 est
3146 957 3217 1012 de
3248 958 3446 1026 nihilO,
3468 968 3587 1014 erat
3615 967 3804 1015 tamen

537 1061 643 1115 Sed
681 1064 730 1113 et
761 1062 967 1113 cunctw
994 1056 1223 1122 familiai
1254 1059 1378 1113 tuae.
1412 1052 1465 1106 id
1498 1060 1581 1107 est
1620 1051 1788 1106 totius
1816 1051 2078 1105 assisten-
2184 1043 2236 1097 in
2278 1043 2476 1099 verbo:
2528 1044 2743 1100 Factum
2800 1053 2884 1101 est
2933 1048 3213 1117 crealiter,
3266 1060 3385 1105 erat
3439 1052 3803 1108 aeternaliter.

465 1150 537 1205 tis
568 1149 833 1204 collectae.
891 1144 1128 1201 Solitarii
1174 1144 1253 1198 sic
1293 1142 1609 1214 intelligunt
1659 1140 1938 1195 servitutis
1980 1154 2080 1194 no-
2181 1131 2307 1187 Erat
2334 1132 2389 1186 in
2440 1148 2654 1189 summa
2689 1142 2828 1202 arte,
2863 1134 3064 1192 factum
3121 1146 3205 1194 est
3261 1139 3317 1193 in
3356 1155 3432 1195 re.
3486 1140 3718 1196 Vivebat
3746 1143 3803 1196 in

467 1250 615 1304 δικ-ει),
649 1238 702 1290 id
725 1244 805 1290 est
855 1251 939 1289 me
971 1250 1091 1289 eum
1123 1248 1245 1288 meo
1306 1231 1578 1286 ministro.
1635 1230 1743 1285 Sed
1782 1237 1834 1284 et
1865 1236 2077 1284 cunctae
2180 1223 2394 1279 ratione
2424 1224 2651 1281 artiﬁcis
2681 1226 3006 1296 formaliter,
3044 1228 3244 1285 factum
3305 1238 3390 1286 est
3439 1232 3493 1286 in
3551 1232 3808 1289 realitate

464 1329 689 1385 familiae
721 1339 847 1392 tuae,
880 1327 937 1380 id
966 1333 1047 1381 est
1071 1332 1282 1381 cuncta:
1306 1324 1579 1379 Ecclesiae.
2179 1315 2518 1373 subsistendi
2548 1320 3002 1378 substantialiter.
3027 1324 3102 1379 De
3133 1324 3307 1381 nihilo
3336 1326 3562 1398 prodiit,
3583 1335 3645 1383 ut
3663 1328 3805 1383 sub-

532 1423 866 1488 Qucesumus,
890 1421 1128 1485 Domine,
1149 1426 1278 1484 etc.,
1305 1432 1482 1488 usque
1513 1416 1589 1470 ibi
1610 1430 1767 1483 grege
1793 1417 2079 1491 munerari
2177 1410 2507 1466 stantialiter
2530 1420 2676 1467 esset
2715 1414 2862 1485 quod
2894 1414 3093 1470 factum
3128 1425 3232 1472 est.
3264 1417 3323 1471 In
3347 1417 3520 1474 verbo
3556 1417 3800 1485 vivebat,

456 1530 559 1584 per
602 1513 874 1569 Christum
896 1513 1177 1566 Dominum
1206 1514 1466 1565 nostrum.
2175 1511 2236 1559 ut
2266 1503 2572 1563 formaliter
2611 1515 2758 1563 esset
2814 1515 3107 1582 antequam
3160 1510 3596 1568 substantialiter
3627 1523 3796 1570 esset.

530 1604 758 1670 Diesque
804 1606 1014 1656 nostros
1042 1601 1101 1653 in
1141 1603 1235 1653 tua
1271 1614 1403 1667 pace
1460 1597 1737 1667 disponas.
1784 1595 2075 1669 Signanter
2176 1596 2393 1654 Factum
2426 1608 2511 1656 est
2538 1602 2849 1673 multiplex,
2875 1602 3110 1658 Verbum
3141 1611 3224 1660 est
3242 1604 3498 1677 simplex.
3532 1608 3593 1662 In
3617 1609 3792 1663 verbo

456 1701 551 1748 tua
579 1693 783 1799 posuit.
834 1692 931 1794 .Est
957 1691 1119 1799 enim
1166 1707 1291 1799 paxn
1326 1689 1540 1799 mundi,
1572 1695 1655 1790 est
1686 1695 1740 1799 et
1792 1703 1893 1757 pax
1952 1686 2067 1740 Dei.
2097 1731 2146 1799 Β
2172 1686 2745 1799 ῗ.ἰῖηρ1‹ξξθῖαι,.ᾳυοά
2783 1690 3169 1799 multipliciter
3191 1691 3537 1799 factumuest.

460 1786 564 1840 Pax
596 1784 787 1839 mundi
834 1782 1062 1844 inutilis,
1106 1798 1207 1852 pax
1256 1782 1348 1836 Dei
1380 1779 1633 1836 salubris.
1694 1779 1887 1832 Pacem
1934 1791 2070 1831 con-
2099 1775 2146 1819 ν
2174 1775 2300 1831 liter
2327 1776 2547 1833 videtur
2578 1780 2631 1833 in
2663 1795 2773 1836 uno
2807 1780 3110 1850 pluralitas,
3156 1781 3213 1836 in
3243 1783 3483 1854 simplici
3519 1785 3799 1856 multipli-

2182 862 2370 918 verbo.
2412 864 2563 919 Unde
2592 865 2855 937 scriptum
2887 873 2970 922 est
3044 868 3199 934 Quod
3230 870 3439 936 factum
3458 875 3557 938 est,
3598 874 3657 926 in
3683 874 3805 942 ipso
3888 906 3891 907 ν

456 1877 634 1933 stituit
672 1874 935 1940 mundus,
997 1880 1055 1928 ut
1106 1873 1282 1927 libere
1320 1873 1482 1927 liceat
1533 1872 1611 1927 uti
1672 1871 2067 1941 voluptatibus.

458 1968 650 2023 Pacem
673 1966 768 2020 dat
804 1964 1007 2019 sanctis
1038 1965 1201 2024 Deus,
1237 1968 1296 2017 ut
1334 1962 1610 2017 mandatis
1642 1961 1838 2016 intenti
1871 1960 2072 2016 divinis

457 2070 669 2117 secreta
698 2062 957 2117 studeant
984 2059 1305 2115 virtutibus.

945 2150 1197 2206 TEXTUS
1257 2149 1562 2205 CANONIS.

986 2255 1276 2295 DISTINCTIO
1322 2256 1529 2294 TERTIA.

524 2330 694 2398 Quam
731 2331 1048 2385 oblationem
1067 2334 1148 2396 tu,
1169 2332 1326 2396 Deus,
1359 2332 1417 2384 in
1445 2330 1718 2395 omnibus,
1743 2345 2066 2399 quasumus,

455 2423 781 2488 benedictus,
822 2425 1136 2490 ascriptam,
1177 2426 1374 2487 ratam,
1409 2423 1790 2478 rationabilem
1819 2429 2069 2493 accepta-

459 2515 715 2586 bilemque
752 2516 932 2582 facere
959 2516 1236 2583 digneris;
1267 2520 1327 2569 ut
1353 2516 1506 2570 nobis
1534 2531 1729 2586 corpus
1769 2520 1817 2571 et
1846 2518 2074 2584 sanguis

458 2609 558 2676 ﬁat
595 2608 932 2663 dilectissimi
950 2607 1076 2661 Filii
1102 2610 1204 2673 tui,
1237 2609 1455 2662 Domini
1480 2609 1655 2662 nostri
1682 2610 1809 2662 Iesu
1850 2607 2070 2663 Christi.

884 2713 1161 2753 EXPOSITIO
1207 2714 1396 2753 DOMINI
1430 2713 1644 2754 ODONIS.

531 2789 588 2843 ln
612 2788 994 2859 superioribus
1025 2787 1289 2858 periodis,
1314 2788 1489 2858 prima
1504 2786 1714 2842 scilicet
1730 2794 1785 2842 et
1804 2788 2067 2853 secunda,

450 2879 731 2935 oravimus
787 2894 885 2950 pro
940 2879 1196 2941 Ecclesia,
1246 2893 1342 2948 pro
1404 2876 1532 2932 ﬁdei
1586 2877 1914 2946 cultoribus,
1968 2895 2067 2950 pro

449 2978 660 3025 astante
689 2970 938 3026 collecta.
985 2969 1107 3023 Haec
1136 2968 1297 3023 tertia
1337 2968 1599 3038 periodus
1629 2985 1793 3040 quam
1821 2970 2068 3045 ingredi-

2174 1868 2341 1935 citas;
2374 1871 2592 1926 videtur
2620 1881 2673 1928 et
2701 1888 2811 1928 non
2841 1875 3350 1944 comprehenditur.
3385 1876 3569 1933 Potest
3596 1877 3797 1941 videri,

2173 1961 2366 2032 nequit
2394 1962 2679 2033 explicari,
2702 1966 2982 2036 quomodo
3005 1981 3177 2021 unum
3198 1967 3427 2023 verbum
3463 1968 3792 2041 inscriptum

2172 2050 2242 2105 sit
2280 2052 2540 2109 omnibus
2566 2053 2760 2110 formis
2797 2056 3046 2111 omnium
3076 2073 3280 2124 rerum,
3303 2057 3446 2115 sicut
3476 2060 3611 2114 alibi
3651 2061 3793 2116 scri-

2169 2148 2322 2212 ptum
2352 2151 2468 2199 est:
2502 2146 2757 2201 Calamus
2785 2148 2969 2202 scribae
3004 2148 3250 2203 velociter
3297 2150 3584 2205 scribentis
3622 2151 3779 2217 (Psal

2170 2235 2333 2305 xmv).
2380 2235 2540 2290 Pater
2593 2244 2676 2291 est
2722 2237 2904 2292 scriba
2936 2237 3029 2310 qui
3067 2238 3238 2295 verbo
3268 2254 3372 2295 suo
3401 2239 3665 2296 velociter
3704 2239 3796 2294 in-

2171 2325 2365 2381 scribit
2395 2328 2599 2383 omnia.
2630 2328 2906 2385 Velociter
2951 2329 3167 2397 scribit,
3210 2331 3347 2403 quia
3385 2331 3619 2388 alterum
3680 2347 3794 2388 non

2171 2422 2418 2470 moratur
2474 2431 2575 2487 pro
2628 2416 2821 2473 altero.
2883 2418 3159 2475 Velociter
3213 2420 3431 2488 scribit,
3478 2421 3607 2493 quia
3674 2424 3801 2479 sine

2174 2517 2329 2558 mora
2358 2503 2573 2572 scribit,
2627 2506 2832 2561 omnia.
2880 2507 2968 2561 Est
3000 2522 3132 2579 ergo
3189 2507 3358 2563 Filius
3409 2508 3532 2577 Dei,
3570 2509 3803 2565 verbum

2176 2593 2462 2665 scriptum.
2505 2596 2611 2651 Sed
2673 2605 2731 2653 et
2771 2612 2974 2668 corpus
3001 2605 3366 2670 assumptum,
3416 2606 3565 2656 recte
3594 2601 3802 2657 dicitur

2175 2685 2460 2756 scriptum.
2504 2687 2656 2743 Sicut
2704 2689 2851 2744 enim
2906 2705 3007 2746 vox
3053 2691 3373 2747 transitoria
3419 2692 3703 2759 scribitur,
3741 2703 3801 2749 ut

2175 2793 2298 2849 quae
2332 2794 2433 2849 per
2461 2795 2525 2835 se
2551 2778 2715 2854 fugit,
2767 2780 2973 2852 scripto
3007 2791 3355 2852 permaneat;
3388 2782 3472 2838 sic
3518 2784 3799 2855 corrupti-

2170 2871 2284 2928 bile
2323 2874 2538 2947 aliquid
2567 2876 2841 2942 scribitur,
2893 2891 3015 2932 cum
3072 2877 3128 2930 in
3161 2878 3540 2949 incorruptum
3582 2879 3801 2947 transit,

2168 2969 2228 3016 ut
2246 2962 2393 3035 quod
2419 2964 2775 3034 corruptione
2806 2965 3181 3021 transitorium
3209 2966 3576 3037 erat,scripto
3605 2967 3797 3024 incor-

458 3081 583 3121 mur
631 3062 868 3118 maxime
913 3067 1214 3132 occupatur
1269 3061 1414 3116 circa
1473 3059 1827 3129 sacriﬁcium,
1883 3069 1942 3118 ut
1985 3061 2077 3117 ﬁat
2106 3079 2155 3149 Ο
2177 3057 2452 3128 ruptionis
2487 3059 2954 3139 permaneagtSic
2984 3076 3119 3134 ergo
3148 3076 3348 3132 corpus
3377 3061 3575 3117 Christi
3607 3063 3790 3134 quod-

457 3156 789 3229 perfectum,
822 3161 876 3210 et
904 3155 962 3208 in
994 3154 1155 3208 aliam
1190 3159 1434 3208 mutetur
1462 3153 1820 3209 substantiam
1852 3154 2073 3211 immor-

457 3245 621 3300 talem
657 3255 711 3299 et
753 3245 1148 3314 incorruptam.
1199 3243 1373 3309 Quam
1408 3243 1730 3299 oblationem
1780 3252 1835 3299 et
1856 3252 2071 3313 caetera,

460 3352 674 3407 usque:
709 3335 1211 3405 Acceptabilemque
1233 3336 1412 3402 facere
1436 3335 1696 3404 digneris.
1720 3336 1778 3390 ln
1810 3336 2073 3392 omnibus

464 3426 813 3482 benedictam
846 3426 1042 3498 gloria,
1074 3432 1135 3481 ut
1164 3426 1402 3500 gloriosa
1432 3426 1545 3491 fiat,
1586 3427 1931 3483 benedictam
1971 3429 2077 3483 im-

464 3517 816 3585 mortalitate,
858 3527 917 3573 ut
955 3519 1050 3574 ﬁat
1088 3518 1448 3585 immortalis;
1503 3518 1847 3575 benedictam
1888 3520 2073 3576 incor-

461 3607 743 3679 ruptione,
774 3618 833 3663 ut
862 3608 1179 3679 incorrupta
1199 3607 1342 3679 lﬁat;
1387 3608 1729 3664 benedictam
1763 3608 2069 3673 divinitate,

461 3704 520 3752 ut
560 3696 705 3752 Deus
747 3695 859 3751 ﬁat.
900 3697 1113 3752 Transit
1141 3698 1211 3752 ad
1256 3706 1444 3769 partes
1500 3715 1531 3753 a
1577 3707 1711 3766 toto,
1753 3708 1813 3755 ut
1852 3699 2077 3755 univer-

459 3789 591 3845 salis
648 3790 1053 3846 benedictionis
1102 3798 1285 3862 partes
1338 3791 1673 3863 imprecetur
1727 3794 1938 3861 hostiae,
1985 3796 2074 3852 cui

462 3881 775 3955 universam
811 3883 1259 3939 benedictionem
1290 3882 1471 3940 fuerat
1491 3884 1840 3956 imprecatus,
1864 3893 1924 3943 ut
1948 3903 2072 3943 cum

462 3973 616 4042 prius
639 3973 887 4042 posuerit
919 3973 974 4027 in
1004 3973 1266 4029 omnibus
1290 3975 1638 4032 benedictam
1670 3976 2075 4048 particulariter

459 4060 778 4135 subjungat,
821 4061 1139 4133 ascriptam,
1175 4071 1229 4118 et
1259 4070 1452 4134 ratam,
1478 4075 1533 4121 et
1582 4065 1986 4133 rationabilem,
2019 4075 2073 4124 et

460 4152 880 4223 acceptabilem,
910 4170 1032 4226 quas
1070 4162 1198 4209 sunt
1236 4162 1421 4226 partes
1474 4156 1808 4214 omnimodae
1842 4158 2072 4215 benedi-

457 4243 675 4300 ctionis.

528 4333 861 4401 Ascriptam.
914 4331 1129 4388 Scimus
1182 4333 1311 4405 quia
1362 4333 1418 4388 in
1461 4333 1724 4392 Trinitale
1754 4354 1875 4410 quae
1924 4339 2068 4396 Deus

2176 3150 2301 3205 dam
2334 3151 2598 3222 scriptum
2656 3157 2758 3219 est,
2792 3151 2939 3224 quod
2980 3151 3049 3208 de
3097 3152 3345 3224 passibili
3377 3169 3544 3209 carne
3584 3154 3791 3226 impas-

2174 3241 2340 3297 sibile
2372 3241 2572 3298 factum
2604 3250 2688 3298 est
2718 3243 2774 3298 in
2817 3243 3243 3323 resurrectione,
3300 3253 3358 3301 et
3386 3246 3455 3302 de
3498 3261 3645 3316 pane
3678 3253 3796 3301 ter-

2176 3351 2310 3392 reno
2339 3337 2585 3409 quotidie
2637 3337 2698 3393 ﬁt
2727 3339 2990 3407 caelestis,
3024 3354 3191 3411 super
3217 3337 3409 3397 altare.
3439 3340 3533 3396 Sic
3577 3357 3710 3415 ergo
3735 3342 3791 3397 in

2178 3424 2409 3490 Christo,
2434 3434 2487 3482 et
2526 3427 2749 3485 verbum
2783 3427 2987 3483 dicitur
3014 3414 3303 3498 scriptum,
3324 3436 3380 3484 et
3399 3444 3601 3500 corpus
3624 3414 3790 3485 etiam

2178 3513 2541 3570 nihilominus
2566 3515 2769 3572 dicitur
2797 3515 3088 3588 scriptum.
3117 3516 3257 3582 Quid
3291 3523 3475 3573 autem
3514 3524 3600 3574 est
3626 3520 3795 3574 ascri-

2177 3609 2354 3674 ptum,
2408 3603 2511 3659 nisi
2565 3605 2770 3676 scripto
2813 3604 3125 3676 appositum
3177 3605 3491 3677 scriptum?
3538 3614 3626 3662 est
3662 3623 3793 3681 ergo

2175 3710 2376 3767 corpus
2393 3695 2590 3752 Christi
2624 3711 2735 3752 non
2766 3696 2943 3752 solum
2975 3696 3263 3768 scriptum,
3294 3697 3393 3752 sed
3422 3697 3591 3753 etiam
3619 3698 3789 3754 ascri-

2176 3797 2352 3860 ptum,
2408 3789 2463 3844 id
2515 3796 2598 3845 est
2652 3789 2859 3861 scripto
2904 3789 3218 3862 appositum
3266 3789 3552 3861 scriptum,
3606 3791 3663 3845 id
3704 3798 3785 3846 est

2175 3877 2342 3934 verbo
2367 3893 2566 3950 corpus
2594 3878 2937 3948 adjunctum.
2985 3878 3213 3944 Quando
3243 3879 3413 3953 igitur
3436 3894 3659 3935 oramus
3688 3880 3787 3935 bo—

2174 3970 2332 4025 stiam
2378 3970 2498 4026 ﬁeri
2538 3970 2852 4042 ascriptam,
2905 3970 3040 4042 quid
3088 3970 3237 4027 aliud
3269 3977 3525 4043 optamus
3567 3971 3678 4027 nisi
3727 3978 3785 4025 ut

2172 4074 2296 4131 quae
2336 4057 2518 4116 adhuc
2556 4066 2641 4115 est
2677 4059 2838 4130 panis
2888 4058 3285 4130 corruptibilis,
3333 4057 3429 4114 ﬁat
3474 4058 3779 4114 substantia

2171 4150 2529 4224 incorrupta?
2551 4151 2608 4206 id
2641 4158 2726 4207 est
2753 4151 2824 4207 de
2855 4165 2989 4207 voce
3032 4148 3126 4206 ﬁat
3155 4151 3420 4223 scriptum
3461 4151 3693 4223 scripto,
3728 4150 3780 4205 id

2168 4251 2252 4301 est
2279 4245 2469 4313 verbo,
2524 4244 2863 4314 adjunctum.
2907 4244 3011 4300 Fac
3051 4258 3203 4319 ergo,
3243 4243 3497 4311 Domine,
3538 4254 3774 4301 nostram

2167 4332 2505 4391 oblationem
2544 4334 2860 4405 ascriptam,
2917 4332 2971 4387 id
3029 4338 3111 4389 est
3139 4332 3405 4403 scriptum
3449 4332 3654 4403 scripto
3684 4331 3776 4385 ad-

455 4429 560 4492 est,
593 4423 763 4479 Filius
788 4426 861 4479 sit
878 4426 1130 4495 splendor
1143 4431 1386 4497 paternae
1410 4428 1616 4496 gloria,
1657 4435 1707 4485 et
1733 4433 1915 4501 ﬁgura
1940 4433 2068 4488 sub-
2082 4453 2143 4523 D
2161 4424 2436 4496 junctum,
2465 4431 2525 4481 ut
2544 4424 2848 4497 pretiosum
2892 4423 3088 4479 Christi
3116 4438 3319 4495 corpus
3344 4421 3461 4491 ﬁat,
3486 4421 3654 4477 verbo
3685 4421 3777 4476 Dei

457 4519 675 4574 stantia:
702 4517 837 4587 ejus.
874 4515 975 4581 Qui
1012 4535 1145 4591 ergo
1193 4518 1369 4592 ﬁgura
1420 4528 1477 4585 et
1529 4521 1709 4595 imago
1749 4533 1833 4579 est
1872 4525 2062 4595 patris,

453 4614 667 4680 patrem
700 4606 1035 4680 imaginatur
1064 4615 1119 4664 et
1142 4607 1417 4685 efﬁgurat,
1448 4611 1604 4682 quasi
1620 4612 1899 4684 sculptura
1924 4630 2075 4686 quae—

452 4697 579 4752 dam
614 4696 755 4766 ejus,
801 4695 888 4751 vel
939 4697 1213 4768 scriptura
1248 4697 1303 4752 in
1335 4716 1443 4771 qua
1481 4709 1635 4771 pater
1681 4702 1968 4773 splendet;
2012 4702 2065 4758 id

452 4793 539 4841 est
578 4784 723 4841 bene
780 4791 1010 4857 apparet
1048 4795 1106 4842 ut
1144 4795 1293 4843 recte
1330 4785 1478 4844 ﬁlius
1530 4788 1745 4846 dicatur
1803 4790 2068 4862 splendor

451 4875 591 4946 ejus.
617 4875 708 4930 Est
729 4890 861 4949 ergo
886 4882 1042 4945 pater
1072 4874 1382 4948 insculptus
1406 4884 1573 4949 atque
1605 4878 1902 4951 inscriptus
1926 4879 2064 4948 ﬁlio,

448 4964 608 5034 cujus
645 4964 823 5040 ﬁgura
869 4964 1015 5021 ﬁlius
1056 4973 1143 5021 est
1172 4973 1226 5021 et
1289 4966 1492 5042 imago,
1553 4976 1612 5023 ut
1651 4966 1799 5023 ﬁlius
1830 4969 1902 5024 sit
1945 4970 2066 5040 ejus

447 5054 735 5125 scriptum,
768 5072 933 5128 quem
965 5056 1071 5110 sibi
1103 5056 1269 5112 habet
1316 5057 1659 5129 inscriptum.
1694 5059 1864 5115 Aliter
1914 5058 2062 5116 ﬁlius

447 5143 651 5200 dicitur
679 5146 965 5218 scriptum,
998 5146 1128 5218 quia
1163 5146 1328 5202 habet
1356 5146 1412 5201 in
1440 5162 1498 5201 se
1543 5146 1774 5204 formam
1806 5149 2058 5204 omnium

450 5249 652 5289 rerum.
684 5236 772 5292 Sic
797 5236 947 5291 enim
978 5236 1165 5292 omnia
1214 5244 1399 5293 creata
1424 5246 1572 5304 sunt,
1605 5245 1665 5293 ut
1702 5239 1877 5295 divini
1908 5238 2060 5294 verbi

450 5324 641 5382 forma:
672 5327 1062 5402 digesserunt;
1095 5345 1199 5386 nec
1224 5329 1387 5386 aliter
1426 5330 1479 5383 in
1508 5331 1804 5386 essentiam
1838 5332 2063 5402 prodie-

452 5420 597 5480 runt,
627 5430 790 5484 quam
850 5419 907 5471 in
955 5419 1125 5476 verbo
1188 5435 1404 5475 summo
1460 5418 1650 5476 formae
1697 5420 2061 5478 dictaverunt.

450 5500 712 5560 Nonsunt
742 5507 814 5561 ibi
845 5508 994 5564 aliud
1028 5510 1238 5583 formae,
1271 5511 1421 5567 aliud
1453 5510 1630 5583 ipsum
1663 5511 1915 5576 verbum,
1966 5514 2061 5569 ubi

452 5595 591 5649 nihil
620 5601 703 5649 est
748 5597 896 5652 aliud
944 5609 999 5655 et
1027 5603 1200 5671 aliud,
1257 5604 1353 5657 sed
1387 5604 1571 5658 omnia
1615 5613 1743 5659 sunt
1789 5603 2060 5676 idipsum:

450 5699 509 5745 ut
538 5691 795 5763 quamvis
844 5692 1135 5751 formarum
1194 5696 1485 5752 diversitas
1521 5697 1941 5771 intelligibiliter
1986 5700 2063 5755 ibi

2176 4520 2434 4584 adunata,
2462 4520 2590 4577 etin
2612 4520 2823 4576 unitate
2848 4536 3101 4592 personae
3122 4519 3440 4589 conjuncta.

2245 4610 2464 4665 Ratam.
2512 4610 2707 4666 Ratum
2746 4609 3003 4678 dicimus,
3062 4610 3211 4682 quod
3248 4618 3459 4667 certum
3507 4617 3563 4666 et
3612 4608 3774 4665 ﬁxum

2174 4698 2463 4755 habemus.
2497 4699 2612 4755 Fiat
2637 4715 2770 4773 ergo
2825 4707 2962 4769 rata,
3022 4699 3077 4756 id
3109 4707 3196 4756 est
3237 4716 3351 4757 non
3380 4706 3662 4757 remaneat
3692 4700 3778 4754 iu-

2166 4791 2382 4847 stabilis
2409 4800 2464 4849 et
2492 4791 2836 4848 mutabunda
2877 4792 3268 4865 corruptione;
3299 4791 3400 4848 sed
3449 4805 3780 4863 permanens

2166 4889 2222 4938 et
2258 4881 2366 4938 ﬁxa
2394 4882 2488 4939 ﬁat
2517 4882 2959 4956 incorruptione,
2992 4890 3047 4940 et
3075 4883 3200 4940 ideo
3220 4892 3391 4940 certa.

2236 4980 2650 5035 Rationabilem.
2706 4979 2942 5053 Sanguis
3005 4988 3285 5036 taurorum
3335 4983 3431 5033 aut
3483 4976 3777 5034 vitulorum

2164 5085 2275 5126 non
2313 5070 2517 5127 sufﬁcit
2574 5087 2883 5144 expurgare
2926 5086 3028 5127 nos
3092 5087 3124 5126 a
3171 5070 3414 5141 peccatis
3464 5069 3648 5139 (Hebr.
3704 5068 3777 5138 ι).

2160 5162 2340 5218 Minor
2368 5170 2451 5220 est
2473 5165 2622 5220 enim
2654 5164 2723 5219 ad
2770 5164 3073 5220 hominem.
3119 5163 3223 5219 Pro
3274 5162 3503 5219 homine
3533 5177 3664 5236 ergo
3695 5176 3782 5214 ra-

2163 5250 2380 5319 tionali,
2423 5251 2712 5307 rationalis
2740 5252 2920 5307 hostia
2945 5250 3151 5307 sufﬁcit
3179 5249 3318 5306 sola.
3352 5249 3469 5304 Fiat
3508 5263 3638 5324 ergo
3681 5264 3781 5304 no-

2163 5347 2276 5396 stra
2296 5340 2477 5396 hostia
2504 5339 2821 5395 rationalis:
2880 5339 3157 5411 siquidem
3190 5338 3359 5393 homo
3407 5346 3721 5408 assumptus
3747 5352 3779 5389 a

2163 5432 2355 5499 verbo,
2388 5448 2452 5487 ex
2496 5432 2680 5487 anima
2710 5431 2963 5487 rationali
3007 5437 3064 5487 et
3091 5431 3334 5486 humana
3379 5444 3548 5485 carne
3596 5426 3781 5482 subsi-

2162 5520 2277 5576 stit.
2324 5520 2439 5575 Fiat
2466 5521 2647 5577 hostia
2676 5526 2861 5576 nostra
2886 5519 3194 5587 rationalis,
3254 5514 3316 5573 ut
3356 5518 3640 5575 hominem
3691 5531 3782 5571 ve-

2165 5626 2284 5666 rum
2327 5626 2425 5682 pro
2460 5609 2783 5666 hominibus
2815 5608 3134 5678 offeramus,
3195 5616 3251 5664 et
3285 5608 3341 5663 in
3394 5608 3576 5665 hostia
3615 5605 3783 5662 ratio-

2166 5699 2277 5755 nali
2317 5699 2458 5755 Deus
2489 5699 2821 5770 pr0pitietur
2865 5699 3211 5757 hominibus.
3261 5698 3377 5753 Fiat
3420 5695 3782 5761 rationabilis,
