  <div class='ocr_page' id='page_1' title='image "/cluster/home/n/w/nwhite01/storage/ocr_20150623/160/uva.x000829802/536.png"; bbox 0 0 4006 6198; ppageno 0'>
   <div class='ocr_carea' id='block_1_1' title="bbox 318 317 3646 378">
    <p class='ocr_par' dir='ltr' id='par_1_1' title="bbox 318 317 3646 378">
     <span class='ocr_line' id='line_1_1' title="bbox 318 317 3646 378; baseline -0.001 -4"><span class='ocrx_word' id='word_1_1' title='bbox 318 322 448 378; x_wconf 76' lang='grc'><strong>1061</strong></span> <span class='ocrx_word' id='word_1_2' title='bbox 1443 319 1777 375; x_wconf 76' lang='lat' dir='ltr'><strong>EXPOSITIO</strong></span> <span class='ocrx_word' id='word_1_3' title='bbox 1821 321 1882 374; x_wconf 85' lang='lat' dir='ltr'><strong>IN</strong></span> <span class='ocrx_word' id='word_1_4' title='bbox 1926 318 2254 374; x_wconf 82' lang='lat' dir='ltr'><strong>CANONEM.</strong></span> <span class='ocrx_word' id='word_1_5' title='bbox 2299 317 2524 370; x_wconf 48' lang='lat' dir='ltr'><strong>MISSA‘T.</strong></span> <span class='ocrx_word' id='word_1_6' title='bbox 3503 318 3646 372; x_wconf 76' lang='lat'><strong>1062</strong></span> 
     </span>
    </p>
   </div>
   <div class='ocr_carea' id='block_1_2' title="bbox 319 444 3642 520">
    <p class='ocr_par' dir='ltr' id='par_1_2' title="bbox 319 444 3642 520">
     <span class='ocr_line' id='line_1_2' title="bbox 319 444 3642 520; baseline -0.002 -15"><span class='ocrx_word' id='word_1_7' title='bbox 319 459 378 505; x_wconf 91' lang='lat' dir='ltr'><strong>ut</strong></span> <span class='ocrx_word' id='word_1_8' title='bbox 417 449 713 504; x_wconf 75' lang='lat' dir='ltr'><strong>offeramus</strong></span> <span class='ocrx_word' id='word_1_9' title='bbox 771 447 1188 504; x_wconf 82' lang='lat' dir='ltr'><strong>rationabiliter.</strong></span> <span class='ocrx_word' id='word_1_10' title='bbox 1240 449 1369 502; x_wconf 82' lang='lat' dir='ltr'><strong>Nam</strong></span> <span class='ocrx_word' id='word_1_11' title='bbox 1412 451 1502 520; x_wconf 90' lang='lat' dir='ltr'><strong>qui</strong></span> <span class='ocrx_word' id='word_1_12' title='bbox 1534 449 1692 506; x_wconf 67' lang='lat' dir='ltr'><strong>offert</strong></span> <span class='ocrx_word' id='word_1_13' title='bbox 1732 467 1928 506; x_wconf 90' lang='lat' dir='ltr'><strong>emen-</strong></span> <span class='ocrx_word' id='word_1_14' title='bbox 1957 458 2004 520; x_wconf 82' lang='lat' dir='ltr'><strong>A</strong></span> <span class='ocrx_word' id='word_1_15' title='bbox 2107 452 2186 503; x_wconf 87' lang='lat' dir='ltr'><strong>Ac</strong></span> <span class='ocrx_word' id='word_1_16' title='bbox 2211 449 2397 514; x_wconf 79' lang='lat' dir='ltr'><strong>fregit.</strong></span> <span class='ocrx_word' id='word_1_17' title='bbox 2423 446 2462 500; x_wconf 91' lang='grc' dir='ltr'>Ο</span> <span class='ocrx_word' id='word_1_18' title='bbox 2494 444 2837 508; x_wconf 78' lang='lat' dir='ltr'><strong>miraculum,</strong></span> <span class='ocrx_word' id='word_1_19' title='bbox 2876 444 3231 518; x_wconf 86' lang='lat' dir='ltr'><strong>frangebatur</strong></span> <span class='ocrx_word' id='word_1_20' title='bbox 3252 446 3393 500; x_wconf 90' lang='lat' dir='ltr'><strong>inter</strong></span> <span class='ocrx_word' id='word_1_21' title='bbox 3419 446 3642 520; x_wconf 77' lang='lat' dir='ltr'><strong>digitos,</strong></span> 
     </span>
    </p>
   </div>
   <div class='ocr_carea' id='block_1_3' title="bbox 320 535 3648 610">
    <p class='ocr_par' dir='ltr' id='par_1_3' title="bbox 320 535 3648 610">
     <span class='ocr_line' id='line_1_3' title="bbox 320 535 3648 610; baseline -0.001 -10"><span class='ocrx_word' id='word_1_22' title='bbox 320 547 436 600; x_wconf 91' lang='lat' dir='ltr'><strong>dari</strong></span> <span class='ocrx_word' id='word_1_23' title='bbox 469 561 579 600; x_wconf 92' lang='lat' dir='ltr'><strong>non</strong></span> <span class='ocrx_word' id='word_1_24' title='bbox 629 544 877 607; x_wconf 85' lang='lat' dir='ltr'><strong>studens,</strong></span> <span class='ocrx_word' id='word_1_25' title='bbox 922 543 1079 598; x_wconf 69' lang='lat' dir='ltr'><strong>offert</strong></span> <span class='ocrx_word' id='word_1_26' title='bbox 1129 543 1598 600; x_wconf 82' lang='lat' dir='ltr'><strong>irrationabiliter.</strong></span> <span class='ocrx_word' id='word_1_27' title='bbox 1643 546 1740 609; x_wconf 93' lang='lat' dir='ltr'><strong>Qui</strong></span> <span class='ocrx_word' id='word_1_28' title='bbox 1776 546 1935 602; x_wconf 72' lang='lat' dir='ltr'><strong>offert</strong></span> <span class='ocrx_word' id='word_1_29' title='bbox 2036 539 2238 594; x_wconf 79' lang='lat' dir='ltr'><strong>sedens</strong></span> <span class='ocrx_word' id='word_1_30' title='bbox 2269 537 2563 592; x_wconf 72' lang='grc' dir='ltr'><strong>ἱηοοιιιῐηὶδ</strong></span> <span class='ocrx_word' id='word_1_31' title='bbox 2597 536 2742 589; x_wconf 69' lang='lat' dir='ltr'><strong>inter</strong></span> <span class='ocrx_word' id='word_1_32' title='bbox 2782 535 3102 605; x_wconf 74' lang='lat' dir='ltr'><strong>diSCipulos.</strong></span> <span class='ocrx_word' id='word_1_33' title='bbox 3149 538 3270 592; x_wconf 74' lang='lat' dir='ltr'><strong>Erat</strong></span> <span class='ocrx_word' id='word_1_34' title='bbox 3327 539 3561 610; x_wconf 79' lang='lat' dir='ltr'><strong>integer,</strong></span> <span class='ocrx_word' id='word_1_35' title='bbox 3591 547 3648 591; x_wconf 79' lang='lat' dir='ltr'><strong>et</strong></span> 
     </span>
    </p>
   </div>
   <div class='ocr_carea' id='block_1_4' title="bbox 323 623 3644 708">
    <p class='ocr_par' dir='ltr' id='par_1_4' title="bbox 323 623 3644 708">
     <span class='ocr_line' id='line_1_4' title="bbox 323 623 3644 708; baseline -0.001 -15"><span class='ocrx_word' id='word_1_36' title='bbox 323 640 535 694; x_wconf 85' lang='lat' dir='ltr'><strong>habens</strong></span> <span class='ocrx_word' id='word_1_37' title='bbox 566 653 661 693; x_wconf 92' lang='lat' dir='ltr'><strong>cor</strong></span> <span class='ocrx_word' id='word_1_38' title='bbox 687 637 1065 708; x_wconf 76' lang='lat' dir='ltr'><strong>impmnitcns,</strong></span> <span class='ocrx_word' id='word_1_39' title='bbox 1091 637 1545 692; x_wconf 85' lang='lat' dir='ltr'><strong>irrationabiliter</strong></span> <span class='ocrx_word' id='word_1_40' title='bbox 1573 638 1764 702; x_wconf 71' lang='lat' dir='ltr'><strong>offert;</strong></span> <span class='ocrx_word' id='word_1_41' title='bbox 1794 641 1937 696; x_wconf 92' lang='lat' dir='ltr'><strong>sicut</strong></span> <span class='ocrx_word' id='word_1_42' title='bbox 2037 627 2389 682; x_wconf 68' lang='lat' dir='ltr'><strong>diVidebamr</strong></span> <span class='ocrx_word' id='word_1_43' title='bbox 2418 626 2472 679; x_wconf 78' lang='grc' dir='ltr'><strong>ίη</strong></span> <span class='ocrx_word' id='word_1_44' title='bbox 2503 633 2718 696; x_wconf 54' lang='lat' dir='ltr'><strong>Parios;</strong></span> <span class='ocrx_word' id='word_1_45' title='bbox 2752 624 2805 677; x_wconf 77' lang='grc' dir='ltr'><strong>ίη</strong></span> <span class='ocrx_word' id='word_1_46' title='bbox 2850 623 3104 676; x_wconf 69' lang='lat' dir='ltr'><strong>mallibus</strong></span> <span class='ocrx_word' id='word_1_47' title='bbox 3135 626 3355 680; x_wconf 77' lang='lat' dir='ltr'><strong>lcncbal</strong></span> <span class='ocrx_word' id='word_1_48' title='bbox 3378 627 3644 697; x_wconf 73' lang='lat' dir='ltr'><strong>seipsum.</strong></span> 
     </span>
    </p>
   </div>
   <div class='ocr_carea' id='block_1_5' title="bbox 325 723 1931 797">
    <p class='ocr_par' dir='ltr' id='par_1_5' title="bbox 325 723 1931 797">
     <span class='ocr_line' id='line_1_5' title="bbox 325 723 1931 797; baseline -0.001 -13"><span class='ocrx_word' id='word_1_49' title='bbox 325 729 453 786; x_wconf 87' lang='lat' dir='ltr'><strong>Cain</strong></span> <span class='ocrx_word' id='word_1_50' title='bbox 486 734 632 781; x_wconf 91' lang='lat' dir='ltr'><strong>recte</strong></span> <span class='ocrx_word' id='word_1_51' title='bbox 651 725 872 797; x_wconf 88' lang='lat' dir='ltr'><strong>quidem</strong></span> <span class='ocrx_word' id='word_1_52' title='bbox 913 723 1174 791; x_wconf 75' lang='lat' dir='ltr'><strong>offerens,</strong></span> <span class='ocrx_word' id='word_1_53' title='bbox 1198 726 1295 779; x_wconf 90' lang='lat' dir='ltr'><strong>sed</strong></span> <span class='ocrx_word' id='word_1_54' title='bbox 1339 741 1450 780; x_wconf 88' lang='lat' dir='ltr'><strong>non</strong></span> <span class='ocrx_word' id='word_1_55' title='bbox 1483 733 1631 780; x_wconf 87' lang='lat' dir='ltr'><strong>recte</strong></span> <span class='ocrx_word' id='word_1_56' title='bbox 1657 726 1931 782; x_wconf 87' lang='lat' dir='ltr'><strong>dividens.</strong></span> 
     </span>
    </p>
   </div>
   <div class='ocr_carea' id='block_1_6' title="bbox 326 813 1936 888">
    <p class='ocr_par' dir='ltr' id='par_1_6' title="bbox 326 813 1936 888">
     <span class='ocr_line' id='line_1_6' title="bbox 326 813 1936 888; baseline -0.001 -16"><span class='ocrx_word' id='word_1_57' title='bbox 326 818 493 872; x_wconf 80' lang='lat' dir='ltr'><strong>Recte</strong></span> <span class='ocrx_word' id='word_1_58' title='bbox 525 815 747 885; x_wconf 87' lang='lat' dir='ltr'><strong>quidem</strong></span> <span class='ocrx_word' id='word_1_59' title='bbox 767 813 967 869; x_wconf 88' lang='lat' dir='ltr'><strong>obtulit</strong></span> <span class='ocrx_word' id='word_1_60' title='bbox 1001 815 1130 876; x_wconf 86' lang='lat' dir='ltr'><strong>Deo,</strong></span> <span class='ocrx_word' id='word_1_61' title='bbox 1168 815 1263 868; x_wconf 86' lang='lat' dir='ltr'><strong>sed</strong></span> <span class='ocrx_word' id='word_1_62' title='bbox 1287 831 1398 870; x_wconf 91' lang='lat' dir='ltr'><strong>non</strong></span> <span class='ocrx_word' id='word_1_63' title='bbox 1429 821 1574 870; x_wconf 90' lang='lat' dir='ltr'><strong>recte</strong></span> <span class='ocrx_word' id='word_1_64' title='bbox 1607 815 1813 882; x_wconf 87' lang='lat' dir='ltr'><strong>divisit,</strong></span> <span class='ocrx_word' id='word_1_65' title='bbox 1843 817 1936 888; x_wconf 92' lang='lat' dir='ltr'><strong>qui</strong></span> 
     </span>
    </p>
   </div>
   <div class='ocr_carea' id='block_1_7' title="bbox 323 901 1941 972">
    <p class='ocr_par' dir='ltr' id='par_1_7' title="bbox 323 901 1941 972">
     <span class='ocr_line' id='line_1_7' title="bbox 323 901 1941 972; baseline -0.001 -13"><span class='ocrx_word' id='word_1_66' title='bbox 323 903 607 959; x_wconf 90' lang='lat' dir='ltr'><strong>emendari</strong></span> <span class='ocrx_word' id='word_1_67' title='bbox 640 918 746 958; x_wconf 89' lang='lat' dir='ltr'><strong>non</strong></span> <span class='ocrx_word' id='word_1_68' title='bbox 770 901 998 956; x_wconf 89' lang='lat' dir='ltr'><strong>studuit.</strong></span> <span class='ocrx_word' id='word_1_69' title='bbox 1033 901 1185 956; x_wconf 91' lang='lat' dir='ltr'><strong>Unde</strong></span> <span class='ocrx_word' id='word_1_70' title='bbox 1216 903 1482 972; x_wconf 90' lang='lat' dir='ltr'><strong>scriptum</strong></span> <span class='ocrx_word' id='word_1_71' title='bbox 1525 911 1637 958; x_wconf 92' lang='lat' dir='ltr'><strong>est:</strong></span> <span class='ocrx_word' id='word_1_72' title='bbox 1680 905 1772 959; x_wconf 84' lang='lat' dir='ltr'><strong>Ad</strong></span> <span class='ocrx_word' id='word_1_73' title='bbox 1806 904 1941 958; x_wconf 84' lang='lat' dir='ltr'><strong>Cain</strong></span> 
     </span>
    </p>
   </div>
   <div class='ocr_carea' id='block_1_8' title="bbox 324 995 1939 1068">
    <p class='ocr_par' dir='ltr' id='par_1_8' title="bbox 324 995 1939 1068">
     <span class='ocr_line' id='line_1_8' title="bbox 324 995 1939 1068; baseline -0.001 -16"><span class='ocrx_word' id='word_1_74' title='bbox 324 1002 372 1052; x_wconf 89' lang='lat' dir='ltr'><strong>et</strong></span> <span class='ocrx_word' id='word_1_75' title='bbox 405 997 480 1050; x_wconf 86' lang='lat' dir='ltr'><strong>ad</strong></span> <span class='ocrx_word' id='word_1_76' title='bbox 508 1011 736 1050; x_wconf 85' lang='lat' dir='ltr'><strong>munera</strong></span> <span class='ocrx_word' id='word_1_77' title='bbox 755 995 871 1063; x_wconf 88' lang='lat' dir='ltr'><strong>ejus</strong></span> <span class='ocrx_word' id='word_1_78' title='bbox 901 1010 1004 1048; x_wconf 88' lang='lat' dir='ltr'><strong>non</strong></span> <span class='ocrx_word' id='word_1_79' title='bbox 1030 998 1266 1064; x_wconf 65' lang='lat' dir='ltr'><strong>respexit</strong></span> <span class='ocrx_word' id='word_1_80' title='bbox 1292 995 1436 1061; x_wconf 86' lang='lat' dir='ltr'><strong>(Gen.</strong></span> <span class='ocrx_word' id='word_1_81' title='bbox 1475 998 1564 1064; x_wconf 82' lang='lat' dir='ltr'><strong>IV).</strong></span> <span class='ocrx_word' id='word_1_82' title='bbox 1609 997 1740 1050; x_wconf 86' lang='lat' dir='ltr'><strong>Nam</strong></span> <span class='ocrx_word' id='word_1_83' title='bbox 1775 1012 1939 1068; x_wconf 89' lang='lat' dir='ltr'><strong>quem</strong></span> 
     </span>
    </p>
   </div>
   <div class='ocr_carea' id='block_1_9' title="bbox 326 1082 1938 1157">
    <p class='ocr_par' dir='ltr' id='par_1_9' title="bbox 326 1082 1938 1157">
     <span class='ocr_line' id='line_1_9' title="bbox 326 1082 1938 1157; baseline 0.001 -17"><span class='ocrx_word' id='word_1_84' title='bbox 326 1086 469 1140; x_wconf 89' lang='lat' dir='ltr'><strong>Deus</strong></span> <span class='ocrx_word' id='word_1_85' title='bbox 519 1099 630 1138; x_wconf 90' lang='lat' dir='ltr'><strong>non</strong></span> <span class='ocrx_word' id='word_1_86' title='bbox 660 1082 830 1150; x_wconf 89' lang='lat' dir='ltr'><strong>novit,</strong></span> <span class='ocrx_word' id='word_1_87' title='bbox 862 1098 964 1137; x_wconf 88' lang='lat' dir='ltr'><strong>nec</strong></span> <span class='ocrx_word' id='word_1_88' title='bbox 1001 1083 1334 1138; x_wconf 88' lang='lat' dir='ltr'><strong>oblationem</strong></span> <span class='ocrx_word' id='word_1_89' title='bbox 1393 1085 1512 1152; x_wconf 85' lang='lat' dir='ltr'><strong>ejus</strong></span> <span class='ocrx_word' id='word_1_90' title='bbox 1566 1086 1758 1156; x_wconf 87' lang='lat' dir='ltr'><strong>recipit</strong></span> <span class='ocrx_word' id='word_1_91' title='bbox 1812 1103 1938 1157; x_wconf 90' lang='lat' dir='ltr'><strong>pes-</strong></span> 
     </span>
    </p>
   </div>
   <div class='ocr_carea' id='block_1_10' title="bbox 329 1173 1937 1244">
    <p class='ocr_par' dir='ltr' id='par_1_10' title="bbox 329 1173 1937 1244">
     <span class='ocr_line' id='line_1_10' title="bbox 329 1173 1937 1244; baseline 0.003 -17"><span class='ocrx_word' id='word_1_92' title='bbox 329 1174 452 1228; x_wconf 90' lang='lat' dir='ltr'><strong>simi</strong></span> <span class='ocrx_word' id='word_1_93' title='bbox 511 1189 750 1244; x_wconf 88' lang='lat' dir='ltr'><strong>namque</strong></span> <span class='ocrx_word' id='word_1_94' title='bbox 802 1173 974 1228; x_wconf 89' lang='lat' dir='ltr'><strong>hostia</strong></span> <span class='ocrx_word' id='word_1_95' title='bbox 1033 1173 1424 1230; x_wconf 90' lang='lat' dir='ltr'><strong>irrationabilis</strong></span> <span class='ocrx_word' id='word_1_96' title='bbox 1466 1184 1567 1242; x_wconf 88' lang='lat' dir='ltr'><strong>est,</strong></span> <span class='ocrx_word' id='word_1_97' title='bbox 1608 1177 1752 1232; x_wconf 91' lang='lat' dir='ltr'><strong>sicut</strong></span> <span class='ocrx_word' id='word_1_98' title='bbox 1802 1179 1937 1232; x_wconf 90' lang='lat' dir='ltr'><strong>scri-</strong></span> 
     </span>
    </p>
   </div>
   <div class='ocr_carea' id='block_1_11' title="bbox 333 1263 1937 1336">
    <p class='ocr_par' dir='ltr' id='par_1_11' title="bbox 333 1263 1937 1336">
     <span class='ocr_line' id='line_1_11' title="bbox 333 1263 1937 1336; baseline 0.002 -19"><span class='ocrx_word' id='word_1_99' title='bbox 333 1271 484 1334; x_wconf 91' lang='lat' dir='ltr'><strong>ptum</strong></span> <span class='ocrx_word' id='word_1_100' title='bbox 529 1272 644 1317; x_wconf 87' lang='lat' dir='ltr'><strong>est:</strong></span> <span class='ocrx_word' id='word_1_101' title='bbox 695 1263 799 1328; x_wconf 85' lang='lat' dir='ltr'><strong>Qui</strong></span> <span class='ocrx_word' id='word_1_102' title='bbox 834 1279 939 1316; x_wconf 88' lang='lat' dir='ltr'><strong>non</strong></span> <span class='ocrx_word' id='word_1_103' title='bbox 970 1264 1188 1317; x_wconf 90' lang='lat' dir='ltr'><strong>audivit</strong></span> <span class='ocrx_word' id='word_1_104' title='bbox 1235 1265 1419 1331; x_wconf 80' lang='lat' dir='ltr'><strong>legem,</strong></span> <span class='ocrx_word' id='word_1_105' title='bbox 1473 1269 1646 1320; x_wconf 85' lang='lat' dir='ltr'><strong>oratio</strong></span> <span class='ocrx_word' id='word_1_106' title='bbox 1677 1268 1793 1336; x_wconf 82' lang='lat' dir='ltr'><strong>ejus</strong></span> <span class='ocrx_word' id='word_1_107' title='bbox 1837 1271 1937 1322; x_wconf 88' lang='lat' dir='ltr'><strong>erit</strong></span> 
     </span>
    </p>
   </div>
   <div class='ocr_carea' id='block_1_12' title="bbox 330 1356 1942 1432">
    <p class='ocr_par' dir='ltr' id='par_1_12' title="bbox 330 1356 1942 1432">
     <span class='ocr_line' id='line_1_12' title="bbox 330 1356 1942 1432; baseline 0.004 -24"><span class='ocrx_word' id='word_1_108' title='bbox 330 1356 678 1410; x_wconf 69' lang='lat' dir='ltr'><strong>exsecrabilis</strong></span> <span class='ocrx_word' id='word_1_109' title='bbox 735 1358 910 1424; x_wconf 84' lang='lat' dir='ltr'><strong>(Prov.</strong></span> <span class='ocrx_word' id='word_1_110' title='bbox 971 1356 1176 1426; x_wconf 86' lang='lat' dir='ltr'><strong>xxvm).</strong></span> <span class='ocrx_word' id='word_1_111' title='bbox 1246 1356 1360 1411; x_wconf 87' lang='lat' dir='ltr'><strong>Fiat</strong></span> <span class='ocrx_word' id='word_1_112' title='bbox 1419 1374 1549 1432; x_wconf 88' lang='lat' dir='ltr'><strong>ergo</strong></span> <span class='ocrx_word' id='word_1_113' title='bbox 1602 1359 1942 1415; x_wconf 87' lang='lat' dir='ltr'><strong>rationabilis</strong></span> 
     </span>
    </p>
   </div>
   <div class='ocr_carea' id='block_1_13' title="bbox 334 1448 1942 1522">
    <p class='ocr_par' dir='ltr' id='par_1_13' title="bbox 334 1448 1942 1522">
     <span class='ocr_line' id='line_1_13' title="bbox 334 1448 1942 1522; baseline 0.001 -18"><span class='ocrx_word' id='word_1_114' title='bbox 334 1449 533 1514; x_wconf 90' lang='lat' dir='ltr'><strong>hostia,</strong></span> <span class='ocrx_word' id='word_1_115' title='bbox 569 1458 628 1503; x_wconf 92' lang='lat' dir='ltr'><strong>ut</strong></span> <span class='ocrx_word' id='word_1_116' title='bbox 677 1448 1078 1503; x_wconf 88' lang='lat' dir='ltr'><strong>rationabiliter</strong></span> <span class='ocrx_word' id='word_1_117' title='bbox 1119 1465 1240 1502; x_wconf 89' lang='lat' dir='ltr'><strong>eam</strong></span> <span class='ocrx_word' id='word_1_118' title='bbox 1267 1465 1389 1504; x_wconf 91' lang='lat' dir='ltr'><strong>cum</strong></span> <span class='ocrx_word' id='word_1_119' title='bbox 1423 1451 1621 1506; x_wconf 81' lang='lat' dir='ltr'><strong>timore</strong></span> <span class='ocrx_word' id='word_1_120' title='bbox 1662 1459 1715 1506; x_wconf 89' lang='lat' dir='ltr'><strong>et</strong></span> <span class='ocrx_word' id='word_1_121' title='bbox 1763 1453 1942 1522; x_wconf 74' lang='lat' dir='ltr'><strong>poeni-</strong></span> 
     </span>
    </p>
   </div>
   <div class='ocr_carea' id='block_1_14' title="bbox 331 1536 1942 1605">
    <p class='ocr_par' dir='ltr' id='par_1_14' title="bbox 331 1536 1942 1605">
     <span class='ocr_line' id='line_1_14' title="bbox 331 1536 1942 1605; baseline 0.001 -11"><span class='ocrx_word' id='word_1_122' title='bbox 331 1539 504 1594; x_wconf 88' lang='lat' dir='ltr'><strong>tentia</strong></span> <span class='ocrx_word' id='word_1_123' title='bbox 535 1537 845 1593; x_wconf 73' lang='lat' dir='ltr'><strong>offeramus.</strong></span> <span class='ocrx_word' id='word_1_124' title='bbox 886 1537 978 1591; x_wconf 90' lang='lat' dir='ltr'><strong>Vel</strong></span> <span class='ocrx_word' id='word_1_125' title='bbox 1016 1536 1110 1592; x_wconf 83' lang='lat' dir='ltr'><strong>fiat</strong></span> <span class='ocrx_word' id='word_1_126' title='bbox 1139 1538 1484 1593; x_wconf 87' lang='lat' dir='ltr'><strong>rationabilis</strong></span> <span class='ocrx_word' id='word_1_127' title='bbox 1516 1541 1714 1605; x_wconf 87' lang='lat' dir='ltr'><strong>hostia,</strong></span> <span class='ocrx_word' id='word_1_128' title='bbox 1769 1542 1822 1596; x_wconf 87' lang='lat' dir='ltr'><strong>id</strong></span> <span class='ocrx_word' id='word_1_129' title='bbox 1860 1549 1942 1596; x_wconf 89' lang='lat' dir='ltr'><strong>est</strong></span> 
     </span>
    </p>
   </div>
   <div class='ocr_carea' id='block_1_15' title="bbox 334 1625 1943 1701">
    <p class='ocr_par' dir='ltr' id='par_1_15' title="bbox 334 1625 1943 1701">
     <span class='ocr_line' id='line_1_15' title="bbox 334 1625 1943 1701; baseline 0.001 -18"><span class='ocrx_word' id='word_1_130' title='bbox 334 1642 432 1700; x_wconf 91' lang='lat' dir='ltr'><strong>pro</strong></span> <span class='ocrx_word' id='word_1_131' title='bbox 463 1627 775 1683; x_wconf 82' lang='lat' dir='ltr'><strong>rationabili</strong></span> <span class='ocrx_word' id='word_1_132' title='bbox 824 1632 878 1680; x_wconf 90' lang='lat' dir='ltr'><strong>et</strong></span> <span class='ocrx_word' id='word_1_133' title='bbox 909 1635 1057 1680; x_wconf 86' lang='lat' dir='ltr'><strong>recta</strong></span> <span class='ocrx_word' id='word_1_134' title='bbox 1091 1625 1175 1680; x_wconf 85' lang='lat' dir='ltr'><strong>vel</strong></span> <span class='ocrx_word' id='word_1_135' title='bbox 1208 1628 1440 1682; x_wconf 83' lang='lat' dir='ltr'><strong>honesta</strong></span> <span class='ocrx_word' id='word_1_136' title='bbox 1482 1644 1664 1683; x_wconf 90' lang='lat' dir='ltr'><strong>causa.</strong></span> <span class='ocrx_word' id='word_1_137' title='bbox 1713 1629 1766 1683; x_wconf 90' lang='lat' dir='ltr'><strong>Si</strong></span> <span class='ocrx_word' id='word_1_138' title='bbox 1821 1629 1943 1701; x_wconf 91' lang='lat' dir='ltr'><strong>quis</strong></span> 
     </span>
    </p>
   </div>
   <div class='ocr_carea' id='block_1_16' title="bbox 2040 714 3643 787">
    <p class='ocr_par' dir='ltr' id='par_1_16' title="bbox 2040 714 3643 787">
     <span class='ocr_line' id='line_1_16' title="bbox 2040 714 3643 787; baseline -0.001 -15"><span class='ocrx_word' id='word_1_139' title='bbox 2040 724 2093 772; x_wconf 89' lang='lat' dir='ltr'><strong>et</strong></span> <span class='ocrx_word' id='word_1_140' title='bbox 2122 717 2191 771; x_wconf 90' lang='lat' dir='ltr'><strong>de</strong></span> <span class='ocrx_word' id='word_1_141' title='bbox 2221 715 2479 769; x_wconf 89' lang='lat' dir='ltr'><strong>manibus</strong></span> <span class='ocrx_word' id='word_1_142' title='bbox 2523 714 2816 785; x_wconf 81' lang='lat' dir='ltr'><strong>discipulis</strong></span> <span class='ocrx_word' id='word_1_143' title='bbox 2873 730 2933 767; x_wconf 90' lang='lat' dir='ltr'><strong>se</strong></span> <span class='ocrx_word' id='word_1_144' title='bbox 2967 715 3282 787; x_wconf 81' lang='lat' dir='ltr'><strong>porrigebat</strong></span> <span class='ocrx_word' id='word_1_145' title='bbox 3343 717 3643 772; x_wconf 91' lang='lat' dir='ltr'><strong>edendum.</strong></span> 
     </span>
    </p>
   </div>
   <div class='ocr_carea' id='block_1_17' title="bbox 2043 803 3650 878">
    <p class='ocr_par' dir='ltr' id='par_1_17' title="bbox 2043 803 3650 878">
     <span class='ocr_line' id='line_1_17' title="bbox 2043 803 3650 878; baseline 0.001 -19"><span class='ocrx_word' id='word_1_146' title='bbox 2043 807 2152 861; x_wconf 84' lang='lat' dir='ltr'><strong>Hoc</strong></span> <span class='ocrx_word' id='word_1_147' title='bbox 2178 804 2431 878; x_wconf 80' lang='lat' dir='ltr'><strong>signabat</strong></span> <span class='ocrx_word' id='word_1_148' title='bbox 2463 804 2661 870; x_wconf 84' lang='lat' dir='ltr'><strong>David,</strong></span> <span class='ocrx_word' id='word_1_149' title='bbox 2693 803 2785 875; x_wconf 89' lang='lat' dir='ltr'><strong>qui</strong></span> <span class='ocrx_word' id='word_1_150' title='bbox 2822 803 3127 857; x_wconf 87' lang='lat' dir='ltr'><strong>secundum</strong></span> <span class='ocrx_word' id='word_1_151' title='bbox 3146 803 3306 857; x_wconf 79' lang='lat' dir='ltr'><strong>aliam</strong></span> <span class='ocrx_word' id='word_1_152' title='bbox 3333 806 3650 860; x_wconf 90' lang='lat' dir='ltr'><strong>translatio-</strong></span> 
     </span>
    </p>
   </div>
   <div class='ocr_carea' id='block_1_18' title="bbox 2041 897 3652 965">
    <p class='ocr_par' dir='ltr' id='par_1_18' title="bbox 2041 897 3652 965">
     <span class='ocr_line' id='line_1_18' title="bbox 2041 897 3652 965; baseline -0.001 -12"><span class='ocrx_word' id='word_1_153' title='bbox 2041 915 2165 953; x_wconf 89' lang='lat' dir='ltr'><strong>nem</strong></span> <span class='ocrx_word' id='word_1_154' title='bbox 2199 914 2375 952; x_wconf 83' lang='lat' dir='ltr'><strong>coram</strong></span> <span class='ocrx_word' id='word_1_155' title='bbox 2415 898 2572 951; x_wconf 82' lang='lat' dir='ltr'><strong>Achis</strong></span> <span class='ocrx_word' id='word_1_156' title='bbox 2604 913 2726 964; x_wconf 84' lang='lat' dir='ltr'><strong>rege</strong></span> <span class='ocrx_word' id='word_1_157' title='bbox 2758 899 2814 950; x_wconf 90' lang='lat' dir='ltr'><strong>in</strong></span> <span class='ocrx_word' id='word_1_158' title='bbox 2841 898 2953 950; x_wconf 85' lang='lat' dir='ltr'><strong>suis</strong></span> <span class='ocrx_word' id='word_1_159' title='bbox 3002 897 3250 952; x_wconf 85' lang='lat' dir='ltr'><strong>manibus</strong></span> <span class='ocrx_word' id='word_1_160' title='bbox 3304 898 3578 963; x_wconf 73' lang='lat' dir='ltr'><strong>ferebatur</strong></span> <span class='ocrx_word' id='word_1_161' title='bbox 3605 902 3652 965; x_wconf 82' lang='lat' dir='ltr'><strong>(I</strong></span> 
     </span>
    </p>
   </div>
   <div class='ocr_carea' id='block_1_19' title="bbox 2043 984 3650 1056">
    <p class='ocr_par' dir='ltr' id='par_1_19' title="bbox 2043 984 3650 1056">
     <span class='ocr_line' id='line_1_19' title="bbox 2043 984 3650 1056; baseline -0.004 -12"><span class='ocrx_word' id='word_1_162' title='bbox 2043 991 2170 1055; x_wconf 82' lang='lat' dir='ltr'><strong>Reg.</strong></span> <span class='ocrx_word' id='word_1_163' title='bbox 2205 988 2332 1056; x_wconf 79' lang='lat' dir='ltr'><strong>xxi).</strong></span> <span class='ocrx_word' id='word_1_164' title='bbox 2367 986 2455 1041; x_wconf 89' lang='lat' dir='ltr'><strong>Sic</strong></span> <span class='ocrx_word' id='word_1_165' title='bbox 2482 1001 2582 1040; x_wconf 91' lang='lat' dir='ltr'><strong>nos</strong></span> <span class='ocrx_word' id='word_1_166' title='bbox 2621 985 2870 1056; x_wconf 91' lang='lat' dir='ltr'><strong>quotidie</strong></span> <span class='ocrx_word' id='word_1_167' title='bbox 2909 984 3180 1039; x_wconf 83' lang='lat' dir='ltr'><strong>Christum</strong></span> <span class='ocrx_word' id='word_1_168' title='bbox 3217 985 3272 1038; x_wconf 90' lang='lat' dir='ltr'><strong>in</strong></span> <span class='ocrx_word' id='word_1_169' title='bbox 3321 985 3477 1039; x_wconf 86' lang='lat' dir='ltr'><strong>altari</strong></span> <span class='ocrx_word' id='word_1_170' title='bbox 3524 1002 3650 1041; x_wconf 88' lang='lat' dir='ltr'><strong>con-</strong></span> 
     </span>
    </p>
   </div>
   <div class='ocr_carea' id='block_1_20' title="bbox 2037 1074 3654 1146">
    <p class='ocr_par' dir='ltr' id='par_1_20' title="bbox 2037 1074 3654 1146">
     <span class='ocr_line' id='line_1_20' title="bbox 2037 1074 3654 1146; baseline -0.001 -16"><span class='ocrx_word' id='word_1_171' title='bbox 2037 1076 2332 1142; x_wconf 90' lang='lat' dir='ltr'><strong>sumimus,</strong></span> <span class='ocrx_word' id='word_1_172' title='bbox 2365 1082 2418 1130; x_wconf 88' lang='lat' dir='ltr'><strong>et</strong></span> <span class='ocrx_word' id='word_1_173' title='bbox 2449 1082 2757 1146; x_wconf 86' lang='lat' dir='ltr'><strong>permanet;</strong></span> <span class='ocrx_word' id='word_1_174' title='bbox 2808 1075 3224 1142; x_wconf 88' lang='lat' dir='ltr'><strong>manducamus,</strong></span> <span class='ocrx_word' id='word_1_175' title='bbox 3270 1081 3323 1128; x_wconf 86' lang='lat' dir='ltr'><strong>et</strong></span> <span class='ocrx_word' id='word_1_176' title='bbox 3365 1074 3526 1138; x_wconf 84' lang='lat' dir='ltr'><strong>vivit;</strong></span> <span class='ocrx_word' id='word_1_177' title='bbox 3571 1083 3654 1129; x_wconf 91' lang='lat' dir='ltr'><strong>at-</strong></span> 
     </span>
    </p>
   </div>
   <div class='ocr_carea' id='block_1_21' title="bbox 2036 1162 3646 1235">
    <p class='ocr_par' dir='ltr' id='par_1_21' title="bbox 2036 1162 3646 1235">
     <span class='ocr_line' id='line_1_21' title="bbox 2036 1162 3646 1235; baseline -0.003 -14"><span class='ocrx_word' id='word_1_178' title='bbox 2036 1165 2266 1221; x_wconf 90' lang='lat' dir='ltr'><strong>terimus</strong></span> <span class='ocrx_word' id='word_1_179' title='bbox 2286 1164 2566 1228; x_wconf 89' lang='lat' dir='ltr'><strong>dentibus,</strong></span> <span class='ocrx_word' id='word_1_180' title='bbox 2599 1173 2652 1217; x_wconf 86' lang='lat' dir='ltr'><strong>et</strong></span> <span class='ocrx_word' id='word_1_181' title='bbox 2675 1163 2888 1235; x_wconf 82' lang='lat' dir='ltr'><strong>integer</strong></span> <span class='ocrx_word' id='word_1_182' title='bbox 2905 1171 3005 1216; x_wconf 89' lang='lat' dir='ltr'><strong>est.</strong></span> <span class='ocrx_word' id='word_1_183' title='bbox 3033 1162 3416 1218; x_wconf 90' lang='lat' dir='ltr'><strong>Consumimus</strong></span> <span class='ocrx_word' id='word_1_184' title='bbox 3445 1171 3646 1226; x_wconf 86' lang='lat' dir='ltr'><strong>autem,</strong></span> 
     </span>
    </p>
   </div>
   <div class='ocr_carea' id='block_1_22' title="bbox 2038 1257 3648 1327">
    <p class='ocr_par' dir='ltr' id='par_1_22' title="bbox 2038 1257 3648 1327">
     <span class='ocr_line' id='line_1_22' title="bbox 2038 1257 3648 1327; baseline -0.002 -13"><span class='ocrx_word' id='word_1_185' title='bbox 2038 1260 2434 1314; x_wconf 88' lang='lat' dir='ltr'><strong>manducamus</strong></span> <span class='ocrx_word' id='word_1_186' title='bbox 2459 1266 2513 1312; x_wconf 89' lang='lat' dir='ltr'><strong>et</strong></span> <span class='ocrx_word' id='word_1_187' title='bbox 2561 1257 2847 1313; x_wconf 87' lang='lat' dir='ltr'><strong>atterimus</strong></span> <span class='ocrx_word' id='word_1_188' title='bbox 2875 1273 2983 1312; x_wconf 93' lang='lat' dir='ltr'><strong>non</strong></span> <span class='ocrx_word' id='word_1_189' title='bbox 3049 1264 3258 1310; x_wconf 89' lang='lat' dir='ltr'><strong>tantum</strong></span> <span class='ocrx_word' id='word_1_190' title='bbox 3300 1258 3507 1327; x_wconf 79' lang='lat' dir='ltr'><strong>specie,</strong></span> <span class='ocrx_word' id='word_1_191' title='bbox 3549 1260 3648 1313; x_wconf 83' lang='lat' dir='ltr'><strong>sed</strong></span> 
     </span>
    </p>
   </div>
   <div class='ocr_carea' id='block_1_23' title="bbox 2043 1352 3652 1420">
    <p class='ocr_par' dir='ltr' id='par_1_23' title="bbox 2043 1352 3652 1420">
     <span class='ocr_line' id='line_1_23' title="bbox 2043 1352 3652 1420; baseline -0.001 -10"><span class='ocrx_word' id='word_1_192' title='bbox 2043 1365 2099 1410; x_wconf 90' lang='lat' dir='ltr'><strong>et</strong></span> <span class='ocrx_word' id='word_1_193' title='bbox 2134 1370 2220 1420; x_wconf 89' lang='lat' dir='ltr'><strong>re;</strong></span> <span class='ocrx_word' id='word_1_194' title='bbox 2257 1370 2364 1408; x_wconf 89' lang='lat' dir='ltr'><strong>non</strong></span> <span class='ocrx_word' id='word_1_195' title='bbox 2393 1353 2567 1407; x_wconf 88' lang='lat' dir='ltr'><strong>solum</strong></span> <span class='ocrx_word' id='word_1_196' title='bbox 2613 1352 2804 1418; x_wconf 85' lang='lat' dir='ltr'><strong>forma,</strong></span> <span class='ocrx_word' id='word_1_197' title='bbox 2838 1353 2936 1405; x_wconf 70' lang='lat' dir='ltr'><strong>sed</strong></span> <span class='ocrx_word' id='word_1_198' title='bbox 2977 1359 3031 1406; x_wconf 89' lang='lat' dir='ltr'><strong>et</strong></span> <span class='ocrx_word' id='word_1_199' title='bbox 3060 1353 3387 1409; x_wconf 88' lang='lat' dir='ltr'><strong>substantia.</strong></span> <span class='ocrx_word' id='word_1_200' title='bbox 3421 1355 3483 1408; x_wconf 89' lang='lat' dir='ltr'><strong>Et</strong></span> <span class='ocrx_word' id='word_1_201' title='bbox 3512 1356 3652 1410; x_wconf 88' lang='lat' dir='ltr'><strong>miro</strong></span> 
     </span>
    </p>
   </div>
   <div class='ocr_carea' id='block_1_24' title="bbox 2044 1446 3651 1518">
    <p class='ocr_par' dir='ltr' id='par_1_24' title="bbox 2044 1446 3651 1518">
     <span class='ocr_line' id='line_1_24' title="bbox 2044 1446 3651 1518; baseline 0 -16"><span class='ocrx_word' id='word_1_202' title='bbox 2044 1449 2208 1502; x_wconf 88' lang='lat' dir='ltr'><strong>modo</strong></span> <span class='ocrx_word' id='word_1_203' title='bbox 2254 1446 2595 1502; x_wconf 89' lang='lat' dir='ltr'><strong>consumitur</strong></span> <span class='ocrx_word' id='word_1_204' title='bbox 2630 1461 2960 1516; x_wconf 88' lang='lat' dir='ltr'><strong>permanens</strong></span> <span class='ocrx_word' id='word_1_205' title='bbox 2991 1447 3240 1501; x_wconf 88' lang='lat' dir='ltr'><strong>atteritur</strong></span> <span class='ocrx_word' id='word_1_206' title='bbox 3279 1448 3651 1518; x_wconf 88' lang='lat' dir='ltr'><strong>incorruptus,</strong></span> 
     </span>
    </p>
   </div>
   <div class='ocr_carea' id='block_1_25' title="bbox 2045 1539 3651 1609">
    <p class='ocr_par' dir='ltr' id='par_1_25' title="bbox 2045 1539 3651 1609">
     <span class='ocr_line' id='line_1_25' title="bbox 2045 1539 3651 1609; baseline 0 -15"><span class='ocrx_word' id='word_1_207' title='bbox 2045 1539 2392 1594; x_wconf 86' lang='lat' dir='ltr'><strong>distribuitur</strong></span> <span class='ocrx_word' id='word_1_208' title='bbox 2437 1539 2728 1604; x_wconf 87' lang='lat' dir='ltr'><strong>iudivisus,</strong></span> <span class='ocrx_word' id='word_1_209' title='bbox 2799 1539 2939 1593; x_wconf 91' lang='lat' dir='ltr'><strong>sicut</strong></span> <span class='ocrx_word' id='word_1_210' title='bbox 2983 1546 3105 1609; x_wconf 87' lang='lat' dir='ltr'><strong>post</strong></span> <span class='ocrx_word' id='word_1_211' title='bbox 3169 1541 3651 1608; x_wconf 89' lang='lat' dir='ltr'><strong>resurrectionem,</strong></span> 
     </span>
    </p>
   </div>
   <div class='ocr_carea' id='block_1_26' title="bbox 2047 1627 3652 1699">
    <p class='ocr_par' dir='ltr' id='par_1_26' title="bbox 2047 1627 3652 1699">
     <span class='ocr_line' id='line_1_26' title="bbox 2047 1627 3652 1699; baseline 0.002 -18"><span class='ocrx_word' id='word_1_212' title='bbox 2047 1627 2380 1699; x_wconf 88' lang='lat' dir='ltr'><strong>palpandum</strong></span> <span class='ocrx_word' id='word_1_213' title='bbox 2448 1627 2685 1697; x_wconf 64' lang='lat' dir='ltr'><strong>praebuit</strong></span> <span class='ocrx_word' id='word_1_214' title='bbox 2735 1627 3018 1697; x_wconf 86' lang='lat' dir='ltr'><strong>Spirituale</strong></span> <span class='ocrx_word' id='word_1_215' title='bbox 3058 1643 3278 1698; x_wconf 89' lang='lat' dir='ltr'><strong>corpus.</strong></span> <span class='ocrx_word' id='word_1_216' title='bbox 3329 1629 3458 1682; x_wconf 91' lang='lat' dir='ltr'><strong>Cum</strong></span> <span class='ocrx_word' id='word_1_217' title='bbox 3488 1630 3652 1684; x_wconf 82' lang='lat' dir='ltr'><strong>simili</strong></span> 
     </span>
    </p>
   </div>
   <div class='ocr_carea' id='block_1_27' title="bbox 333 1716 3653 1818">
    <p class='ocr_par' dir='ltr' id='par_1_27' title="bbox 333 1716 3653 1818">
     <span class='ocr_line' id='line_1_27' title="bbox 333 1716 3653 1818; baseline -0 -44"><span class='ocrx_word' id='word_1_218' title='bbox 333 1719 482 1774; x_wconf 90' lang='lat' dir='ltr'><strong>enim</strong></span> <span class='ocrx_word' id='word_1_219' title='bbox 543 1717 752 1784; x_wconf 81' lang='lat' dir='ltr'><strong>offerat,</strong></span> <span class='ocrx_word' id='word_1_220' title='bbox 789 1726 847 1772; x_wconf 91' lang='lat' dir='ltr'><strong>ut</strong></span> <span class='ocrx_word' id='word_1_221' title='bbox 878 1735 1000 1789; x_wconf 62' lang='lat' dir='ltr'><strong>quae</strong></span> <span class='ocrx_word' id='word_1_222' title='bbox 1027 1718 1167 1773; x_wconf 85' lang='lat' dir='ltr'><strong>furto</strong></span> <span class='ocrx_word' id='word_1_223' title='bbox 1199 1719 1379 1774; x_wconf 88' lang='lat' dir='ltr'><strong>ablata</strong></span> <span class='ocrx_word' id='word_1_224' title='bbox 1431 1727 1558 1774; x_wconf 91' lang='lat' dir='ltr'><strong>sunt</strong></span> <span class='ocrx_word' id='word_1_225' title='bbox 1604 1719 1939 1788; x_wconf 87' lang='lat' dir='ltr'><strong>reinvenire,</strong></span> <span class='ocrx_word' id='word_1_226' title='bbox 1972 1752 2017 1818; x_wconf 74' lang='grc' dir='ltr'>Β</span> <span class='ocrx_word' id='word_1_227' title='bbox 2046 1717 2436 1772; x_wconf 88' lang='lat' dir='ltr'><strong>contrarietate</strong></span> <span class='ocrx_word' id='word_1_228' title='bbox 2491 1732 2598 1771; x_wconf 89' lang='lat' dir='ltr'><strong>non</strong></span> <span class='ocrx_word' id='word_1_229' title='bbox 2632 1716 2702 1771; x_wconf 90' lang='lat' dir='ltr'><strong>sit</strong></span> <span class='ocrx_word' id='word_1_230' title='bbox 2733 1717 3012 1786; x_wconf 89' lang='lat' dir='ltr'><strong>palpabile</strong></span> <span class='ocrx_word' id='word_1_231' title='bbox 3054 1718 3201 1788; x_wconf 90' lang='lat' dir='ltr'><strong>quod</strong></span> <span class='ocrx_word' id='word_1_232' title='bbox 3236 1719 3522 1788; x_wconf 89' lang='lat' dir='ltr'><strong>spirituale</strong></span> <span class='ocrx_word' id='word_1_233' title='bbox 3547 1726 3653 1786; x_wconf 84' lang='lat' dir='ltr'><strong>est,</strong></span> 
     </span>
    </p>
   </div>
   <div class='ocr_carea' id='block_1_28' title="bbox 331 1805 1941 1878">
    <p class='ocr_par' dir='ltr' id='par_1_28' title="bbox 331 1805 1941 1878">
     <span class='ocr_line' id='line_1_28' title="bbox 331 1805 1941 1878; baseline -0.001 -16"><span class='ocrx_word' id='word_1_234' title='bbox 331 1823 429 1862; x_wconf 90' lang='lat' dir='ltr'><strong>seu</strong></span> <span class='ocrx_word' id='word_1_235' title='bbox 460 1809 674 1862; x_wconf 91' lang='lat' dir='ltr'><strong>hostem</strong></span> <span class='ocrx_word' id='word_1_236' title='bbox 724 1805 1003 1874; x_wconf 90' lang='lat' dir='ltr'><strong>occidere,</strong></span> <span class='ocrx_word' id='word_1_237' title='bbox 1049 1806 1134 1861; x_wconf 90' lang='lat' dir='ltr'><strong>vel</strong></span> <span class='ocrx_word' id='word_1_238' title='bbox 1181 1807 1426 1876; x_wconf 89' lang='lat' dir='ltr'><strong>rapinam</strong></span> <span class='ocrx_word' id='word_1_239' title='bbox 1461 1816 1798 1878; x_wconf 87' lang='lat' dir='ltr'><strong>perpetrare,</strong></span> <span class='ocrx_word' id='word_1_240' title='bbox 1843 1823 1941 1862; x_wconf 90' lang='lat' dir='ltr'><strong>seu</strong></span> 
     </span>
    </p>
   </div>
   <div class='ocr_carea' id='block_1_29' title="bbox 335 1894 1946 1970">
    <p class='ocr_par' dir='ltr' id='par_1_29' title="bbox 335 1894 1946 1970">
     <span class='ocr_line' id='line_1_29' title="bbox 335 1894 1946 1970; baseline -0.002 -20"><span class='ocrx_word' id='word_1_241' title='bbox 335 1912 591 1951; x_wconf 88' lang='lat' dir='ltr'><strong>nummos</strong></span> <span class='ocrx_word' id='word_1_242' title='bbox 638 1905 732 1951; x_wconf 90' lang='lat' dir='ltr'><strong>aut</strong></span> <span class='ocrx_word' id='word_1_243' title='bbox 770 1897 1001 1970; x_wconf 84' lang='lat' dir='ltr'><strong>gratiam</strong></span> <span class='ocrx_word' id='word_1_244' title='bbox 1033 1896 1320 1967; x_wconf 89' lang='lat' dir='ltr'><strong>acquirere</strong></span> <span class='ocrx_word' id='word_1_245' title='bbox 1350 1897 1548 1960; x_wconf 87' lang='lat' dir='ltr'><strong>valeat,</strong></span> <span class='ocrx_word' id='word_1_246' title='bbox 1602 1894 1946 1950; x_wconf 88' lang='lat' dir='ltr'><strong>rationabilis</strong></span> 
     </span>
    </p>
   </div>
   <div class='ocr_carea' id='block_1_30' title="bbox 335 1987 1943 2057">
    <p class='ocr_par' dir='ltr' id='par_1_30' title="bbox 335 1987 1943 2057">
     <span class='ocr_line' id='line_1_30' title="bbox 335 1987 1943 2057; baseline -0.002 -14"><span class='ocrx_word' id='word_1_247' title='bbox 335 2005 446 2044; x_wconf 92' lang='lat' dir='ltr'><strong>non</strong></span> <span class='ocrx_word' id='word_1_248' title='bbox 475 1989 676 2043; x_wconf 92' lang='lat' dir='ltr'><strong>dicitur</strong></span> <span class='ocrx_word' id='word_1_249' title='bbox 729 1988 998 2043; x_wconf 71' lang='lat' dir='ltr'><strong>efferendi</strong></span> <span class='ocrx_word' id='word_1_250' title='bbox 1055 2005 1240 2052; x_wconf 87' lang='lat' dir='ltr'><strong>causa,</strong></span> <span class='ocrx_word' id='word_1_251' title='bbox 1274 1987 1400 2043; x_wconf 91' lang='lat' dir='ltr'><strong>ideo</strong></span> <span class='ocrx_word' id='word_1_252' title='bbox 1448 2003 1550 2042; x_wconf 91' lang='lat' dir='ltr'><strong>nec</strong></span> <span class='ocrx_word' id='word_1_253' title='bbox 1589 1987 1943 2057; x_wconf 88' lang='lat' dir='ltr'><strong>acceptabilis</strong></span> 
     </span>
    </p>
   </div>
   <div class='ocr_carea' id='block_1_31' title="bbox 331 2077 1942 2153">
    <p class='ocr_par' dir='ltr' id='par_1_31' title="bbox 331 2077 1942 2153">
     <span class='ocr_line' id='line_1_31' title="bbox 331 2077 1942 2153; baseline -0.002 -18"><span class='ocrx_word' id='word_1_254' title='bbox 331 2091 415 2136; x_wconf 90' lang='lat' dir='ltr'><strong>est</strong></span> <span class='ocrx_word' id='word_1_255' title='bbox 444 2080 569 2134; x_wconf 84' lang='lat' dir='ltr'><strong>talis</strong></span> <span class='ocrx_word' id='word_1_256' title='bbox 617 2080 812 2135; x_wconf 90' lang='lat' dir='ltr'><strong>hostia.</strong></span> <span class='ocrx_word' id='word_1_257' title='bbox 877 2080 1065 2135; x_wconf 88' lang='lat' dir='ltr'><strong>Hostia</strong></span> <span class='ocrx_word' id='word_1_258' title='bbox 1096 2095 1227 2153; x_wconf 87' lang='lat' dir='ltr'><strong>ergo</strong></span> <span class='ocrx_word' id='word_1_259' title='bbox 1282 2087 1466 2135; x_wconf 90' lang='lat' dir='ltr'><strong>nostra</strong></span> <span class='ocrx_word' id='word_1_260' title='bbox 1494 2088 1547 2134; x_wconf 93' lang='lat' dir='ltr'><strong>et</strong></span> <span class='ocrx_word' id='word_1_261' title='bbox 1583 2079 1780 2134; x_wconf 91' lang='lat' dir='ltr'><strong>merito</strong></span> <span class='ocrx_word' id='word_1_262' title='bbox 1811 2077 1942 2134; x_wconf 77' lang='lat' dir='ltr'><strong>offe-</strong></span> 
     </span>
    </p>
   </div>
   <div class='ocr_carea' id='block_1_32' title="bbox 332 2171 1948 2239">
    <p class='ocr_par' dir='ltr' id='par_1_32' title="bbox 332 2171 1948 2239">
     <span class='ocr_line' id='line_1_32' title="bbox 332 2171 1948 2239; baseline 0.001 -13"><span class='ocrx_word' id='word_1_263' title='bbox 332 2173 594 2239; x_wconf 90' lang='lat' dir='ltr'><strong>rentium,</strong></span> <span class='ocrx_word' id='word_1_264' title='bbox 638 2180 692 2227; x_wconf 89' lang='lat' dir='ltr'><strong>et</strong></span> <span class='ocrx_word' id='word_1_265' title='bbox 717 2172 984 2228; x_wconf 74' lang='lat' dir='ltr'><strong>afferendi</strong></span> <span class='ocrx_word' id='word_1_266' title='bbox 1014 2189 1181 2228; x_wconf 87' lang='lat' dir='ltr'><strong>causa</strong></span> <span class='ocrx_word' id='word_1_267' title='bbox 1213 2173 1306 2227; x_wconf 87' lang='lat' dir='ltr'><strong>fiat</strong></span> <span class='ocrx_word' id='word_1_268' title='bbox 1343 2171 1709 2236; x_wconf 89' lang='lat' dir='ltr'><strong>rationabilis,</strong></span> <span class='ocrx_word' id='word_1_269' title='bbox 1739 2178 1796 2226; x_wconf 95' lang='lat' dir='ltr'><strong>ut</strong></span> <span class='ocrx_word' id='word_1_270' title='bbox 1821 2187 1948 2228; x_wconf 83' lang='lat' dir='ltr'><strong>con-</strong></span> 
     </span>
    </p>
   </div>
   <div class='ocr_carea' id='block_1_33' title="bbox 333 2262 1358 2336">
    <p class='ocr_par' dir='ltr' id='par_1_33' title="bbox 333 2262 1358 2336">
     <span class='ocr_line' id='line_1_33' title="bbox 333 2262 1358 2336; baseline 0.001 -18"><span class='ocrx_word' id='word_1_271' title='bbox 333 2269 636 2336; x_wconf 88' lang='lat' dir='ltr'><strong>sequenter</strong></span> <span class='ocrx_word' id='word_1_272' title='bbox 665 2262 758 2318; x_wconf 87' lang='lat' dir='ltr'><strong>ﬁat</strong></span> <span class='ocrx_word' id='word_1_273' title='bbox 787 2265 951 2318; x_wconf 87' lang='lat' dir='ltr'><strong>etiam</strong></span> <span class='ocrx_word' id='word_1_274' title='bbox 981 2264 1358 2334; x_wconf 87' lang='lat' dir='ltr'><strong>acceptabilis.</strong></span> 
     </span>
    </p>
   </div>
   <div class='ocr_carea' id='block_1_34' title="bbox 406 2353 1951 2425">
    <p class='ocr_par' dir='ltr' id='par_1_34' title="bbox 406 2353 1951 2425">
     <span class='ocr_line' id='line_1_34' title="bbox 406 2353 1951 2425; baseline -0.001 -15"><span class='ocrx_word' id='word_1_275' title='bbox 406 2355 822 2424; x_wconf 85' lang='lat' dir='ltr'><strong>Acceptabilem.</strong></span> <span class='ocrx_word' id='word_1_276' title='bbox 885 2355 1002 2409; x_wconf 89' lang='lat' dir='ltr'><strong>Non</strong></span> <span class='ocrx_word' id='word_1_277' title='bbox 1037 2361 1216 2425; x_wconf 89' lang='lat' dir='ltr'><strong>potest</strong></span> <span class='ocrx_word' id='word_1_278' title='bbox 1262 2369 1372 2408; x_wconf 90' lang='lat' dir='ltr'><strong>non</strong></span> <span class='ocrx_word' id='word_1_279' title='bbox 1406 2369 1525 2408; x_wconf 87' lang='lat' dir='ltr'><strong>esse</strong></span> <span class='ocrx_word' id='word_1_280' title='bbox 1571 2353 1951 2423; x_wconf 88' lang='lat' dir='ltr'><strong>acceptabilis,</strong></span> 
     </span>
    </p>
   </div>
   <div class='ocr_carea' id='block_1_35' title="bbox 338 2445 1949 2518">
    <p class='ocr_par' dir='ltr' id='par_1_35' title="bbox 338 2445 1949 2518">
     <span class='ocr_line' id='line_1_35' title="bbox 338 2445 1949 2518; baseline -0.001 -16"><span class='ocrx_word' id='word_1_281' title='bbox 338 2463 461 2518; x_wconf 60' lang='lat' dir='ltr'><strong>quae</strong></span> <span class='ocrx_word' id='word_1_282' title='bbox 494 2447 808 2517; x_wconf 83' lang='lat' dir='ltr'><strong>superiores</strong></span> <span class='ocrx_word' id='word_1_283' title='bbox 839 2453 947 2501; x_wconf 89' lang='lat' dir='ltr'><strong>tres</strong></span> <span class='ocrx_word' id='word_1_284' title='bbox 981 2445 1194 2517; x_wconf 89' lang='lat' dir='ltr'><strong>species</strong></span> <span class='ocrx_word' id='word_1_285' title='bbox 1221 2446 1448 2517; x_wconf 90' lang='lat' dir='ltr'><strong>respicit</strong></span> <span class='ocrx_word' id='word_1_286' title='bbox 1481 2447 1816 2502; x_wconf 75' lang='lat' dir='ltr'><strong>omnimodae</strong></span> <span class='ocrx_word' id='word_1_287' title='bbox 1843 2447 1949 2501; x_wconf 91' lang='lat' dir='ltr'><strong>be-</strong></span> 
     </span>
    </p>
   </div>
   <div class='ocr_carea' id='block_1_36' title="bbox 337 2536 1946 2610">
    <p class='ocr_par' dir='ltr' id='par_1_36' title="bbox 337 2536 1946 2610">
     <span class='ocr_line' id='line_1_36' title="bbox 337 2536 1946 2610; baseline -0.001 -18"><span class='ocrx_word' id='word_1_288' title='bbox 337 2537 691 2593; x_wconf 89' lang='lat' dir='ltr'><strong>nedictionis.</strong></span> <span class='ocrx_word' id='word_1_289' title='bbox 725 2537 839 2592; x_wconf 85' lang='lat' dir='ltr'><strong>Non</strong></span> <span class='ocrx_word' id='word_1_290' title='bbox 867 2542 1048 2606; x_wconf 89' lang='lat' dir='ltr'><strong>potest</strong></span> <span class='ocrx_word' id='word_1_291' title='bbox 1070 2536 1239 2592; x_wconf 87' lang='lat' dir='ltr'><strong>Deum</strong></span> <span class='ocrx_word' id='word_1_292' title='bbox 1270 2536 1459 2591; x_wconf 90' lang='lat' dir='ltr'><strong>odisse</strong></span> <span class='ocrx_word' id='word_1_293' title='bbox 1494 2536 1656 2593; x_wconf 84' lang='lat' dir='ltr'><strong>Deus.</strong></span> <span class='ocrx_word' id='word_1_294' title='bbox 1677 2537 1784 2592; x_wconf 90' lang='lat' dir='ltr'><strong>Sed</strong></span> <span class='ocrx_word' id='word_1_295' title='bbox 1816 2537 1946 2610; x_wconf 90' lang='lat' dir='ltr'><strong>quia</strong></span> 
     </span>
    </p>
   </div>
   <div class='ocr_carea' id='block_1_37' title="bbox 335 2624 1944 2699">
    <p class='ocr_par' dir='ltr' id='par_1_37' title="bbox 335 2624 1944 2699">
     <span class='ocr_line' id='line_1_37' title="bbox 335 2624 1944 2699; baseline 0.001 -19"><span class='ocrx_word' id='word_1_296' title='bbox 335 2626 576 2680; x_wconf 77' lang='lat' dir='ltr'><strong>Charitas</strong></span> <span class='ocrx_word' id='word_1_297' title='bbox 603 2629 680 2680; x_wconf 90' lang='lat' dir='ltr'><strong>est</strong></span> <span class='ocrx_word' id='word_1_298' title='bbox 725 2628 863 2680; x_wconf 87' lang='lat' dir='ltr'><strong>Deus</strong></span> <span class='ocrx_word' id='word_1_299' title='bbox 917 2626 990 2693; x_wconf 82' lang='lat' dir='ltr'><strong>(II</strong></span> <span class='ocrx_word' id='word_1_300' title='bbox 1009 2627 1165 2679; x_wconf 85' lang='lat' dir='ltr'><strong>Joan.</strong></span> <span class='ocrx_word' id='word_1_301' title='bbox 1200 2625 1295 2694; x_wconf 85' lang='lat' dir='ltr'><strong>tv),</strong></span> <span class='ocrx_word' id='word_1_302' title='bbox 1350 2624 1532 2699; x_wconf 80' lang='lat' dir='ltr'><strong>diligit</strong></span> <span class='ocrx_word' id='word_1_303' title='bbox 1583 2626 1749 2680; x_wconf 91' lang='lat' dir='ltr'><strong>Deum</strong></span> <span class='ocrx_word' id='word_1_304' title='bbox 1781 2626 1944 2688; x_wconf 86' lang='lat' dir='ltr'><strong>Deus,</strong></span> 
     </span>
    </p>
   </div>
   <div class='ocr_carea' id='block_1_38' title="bbox 337 2719 1948 2793">
    <p class='ocr_par' dir='ltr' id='par_1_38' title="bbox 337 2719 1948 2793">
     <span class='ocr_line' id='line_1_38' title="bbox 337 2719 1948 2793; baseline 0 -18"><span class='ocrx_word' id='word_1_305' title='bbox 337 2727 391 2775; x_wconf 90' lang='lat' dir='ltr'><strong>et</strong></span> <span class='ocrx_word' id='word_1_306' title='bbox 433 2720 788 2790; x_wconf 89' lang='lat' dir='ltr'><strong>acceptabilis</strong></span> <span class='ocrx_word' id='word_1_307' title='bbox 832 2726 917 2774; x_wconf 89' lang='lat' dir='ltr'><strong>est</strong></span> <span class='ocrx_word' id='word_1_308' title='bbox 941 2721 1051 2774; x_wconf 92' lang='lat' dir='ltr'><strong>Deo</strong></span> <span class='ocrx_word' id='word_1_309' title='bbox 1104 2719 1281 2775; x_wconf 90' lang='lat' dir='ltr'><strong>hostia</strong></span> <span class='ocrx_word' id='word_1_310' title='bbox 1331 2736 1452 2793; x_wconf 66' lang='lat' dir='ltr'><strong>quae</strong></span> <span class='ocrx_word' id='word_1_311' title='bbox 1491 2721 1635 2774; x_wconf 89' lang='lat' dir='ltr'><strong>Deus</strong></span> <span class='ocrx_word' id='word_1_312' title='bbox 1673 2728 1772 2775; x_wconf 90' lang='lat' dir='ltr'><strong>est.</strong></span> <span class='ocrx_word' id='word_1_313' title='bbox 1810 2720 1948 2786; x_wconf 86' lang='lat' dir='ltr'><strong>Quid</strong></span> 
     </span>
    </p>
   </div>
   <div class='ocr_carea' id='block_1_39' title="bbox 337 2812 1957 2886">
    <p class='ocr_par' dir='ltr' id='par_1_39' title="bbox 337 2812 1957 2886">
     <span class='ocr_line' id='line_1_39' title="bbox 337 2812 1957 2886; baseline -0.001 -16"><span class='ocrx_word' id='word_1_314' title='bbox 337 2829 469 2886; x_wconf 76' lang='lat' dir='ltr'><strong>ergo</strong></span> <span class='ocrx_word' id='word_1_315' title='bbox 507 2830 731 2869; x_wconf 89' lang='lat' dir='ltr'><strong>oramus</strong></span> <span class='ocrx_word' id='word_1_316' title='bbox 779 2813 897 2868; x_wconf 89' lang='lat' dir='ltr'><strong>ﬁeri</strong></span> <span class='ocrx_word' id='word_1_317' title='bbox 961 2812 1384 2884; x_wconf 89' lang='lat' dir='ltr'><strong>acceptabilem,</strong></span> <span class='ocrx_word' id='word_1_318' title='bbox 1451 2829 1575 2885; x_wconf 64' lang='lat' dir='ltr'><strong>qua;</strong></span> <span class='ocrx_word' id='word_1_319' title='bbox 1614 2830 1722 2869; x_wconf 93' lang='lat' dir='ltr'><strong>non</strong></span> <span class='ocrx_word' id='word_1_320' title='bbox 1777 2821 1957 2884; x_wconf 87' lang='lat' dir='ltr'><strong>potest</strong></span> 
     </span>
    </p>
   </div>
   <div class='ocr_carea' id='block_1_40' title="bbox 2047 1807 3653 1880">
    <p class='ocr_par' dir='ltr' id='par_1_40' title="bbox 2047 1807 3653 1880">
     <span class='ocr_line' id='line_1_40' title="bbox 2047 1807 3653 1880; baseline 0.002 -19"><span class='ocrx_word' id='word_1_321' title='bbox 2047 1823 2148 1863; x_wconf 91' lang='lat' dir='ltr'><strong>nec</strong></span> <span class='ocrx_word' id='word_1_322' title='bbox 2186 1809 2255 1863; x_wconf 87' lang='lat' dir='ltr'><strong>sit</strong></span> <span class='ocrx_word' id='word_1_323' title='bbox 2283 1808 2565 1880; x_wconf 90' lang='lat' dir='ltr'><strong>spirituale</strong></span> <span class='ocrx_word' id='word_1_324' title='bbox 2593 1807 2740 1878; x_wconf 91' lang='lat' dir='ltr'><strong>quod</strong></span> <span class='ocrx_word' id='word_1_325' title='bbox 2773 1808 2841 1862; x_wconf 91' lang='lat' dir='ltr'><strong>sit</strong></span> <span class='ocrx_word' id='word_1_326' title='bbox 2871 1809 3160 1879; x_wconf 90' lang='lat' dir='ltr'><strong>palpabile.</strong></span> <span class='ocrx_word' id='word_1_327' title='bbox 3197 1810 3252 1862; x_wconf 90' lang='lat' dir='ltr'><strong>ln</strong></span> <span class='ocrx_word' id='word_1_328' title='bbox 3279 1811 3464 1879; x_wconf 89' lang='lat' dir='ltr'><strong>specie</strong></span> <span class='ocrx_word' id='word_1_329' title='bbox 3506 1811 3653 1865; x_wconf 90' lang='lat' dir='ltr'><strong>enim</strong></span> 
     </span>
    </p>
   </div>
   <div class='ocr_carea' id='block_1_41' title="bbox 2047 1898 3655 1970">
    <p class='ocr_par' dir='ltr' id='par_1_41' title="bbox 2047 1898 3655 1970">
     <span class='ocr_line' id='line_1_41' title="bbox 2047 1898 3655 1970; baseline 0.001 -19"><span class='ocrx_word' id='word_1_330' title='bbox 2047 1905 2100 1952; x_wconf 89' lang='lat' dir='ltr'><strong>et</strong></span> <span class='ocrx_word' id='word_1_331' title='bbox 2129 1915 2324 1968; x_wconf 88' lang='lat' dir='ltr'><strong>sapore</strong></span> <span class='ocrx_word' id='word_1_332' title='bbox 2360 1899 2515 1969; x_wconf 89' lang='lat' dir='ltr'><strong>panis</strong></span> <span class='ocrx_word' id='word_1_333' title='bbox 2546 1907 2599 1952; x_wconf 88' lang='lat' dir='ltr'><strong>et</strong></span> <span class='ocrx_word' id='word_1_334' title='bbox 2629 1898 2739 1951; x_wconf 90' lang='lat' dir='ltr'><strong>vini</strong></span> <span class='ocrx_word' id='word_1_335' title='bbox 2782 1899 3179 1952; x_wconf 86' lang='lat' dir='ltr'><strong>manducamus</strong></span> <span class='ocrx_word' id='word_1_336' title='bbox 3205 1908 3260 1952; x_wconf 87' lang='lat' dir='ltr'><strong>et</strong></span> <span class='ocrx_word' id='word_1_337' title='bbox 3291 1899 3534 1954; x_wconf 91' lang='lat' dir='ltr'><strong>bibimus</strong></span> <span class='ocrx_word' id='word_1_338' title='bbox 3566 1900 3655 1970; x_wconf 89' lang='lat' dir='ltr'><strong>ip-</strong></span> 
     </span>
    </p>
   </div>
   <div class='ocr_carea' id='block_1_42' title="bbox 2045 1986 3658 2058">
    <p class='ocr_par' dir='ltr' id='par_1_42' title="bbox 2045 1986 3658 2058">
     <span class='ocr_line' id='line_1_42' title="bbox 2045 1986 3658 2058; baseline 0 -17"><span class='ocrx_word' id='word_1_339' title='bbox 2045 2003 2158 2042; x_wconf 85' lang='lat' dir='ltr'><strong>sam</strong></span> <span class='ocrx_word' id='word_1_340' title='bbox 2188 1987 2552 2041; x_wconf 87' lang='lat' dir='ltr'><strong>substantiam</strong></span> <span class='ocrx_word' id='word_1_341' title='bbox 2577 1987 2825 2057; x_wconf 89' lang='lat' dir='ltr'><strong>corporis</strong></span> <span class='ocrx_word' id='word_1_342' title='bbox 2875 1997 2929 2040; x_wconf 87' lang='lat' dir='ltr'><strong>et</strong></span> <span class='ocrx_word' id='word_1_343' title='bbox 2961 1986 3279 2058; x_wconf 78' lang='lat' dir='ltr'><strong>sanguinis,</strong></span> <span class='ocrx_word' id='word_1_344' title='bbox 3320 1987 3422 2041; x_wconf 91' lang='lat' dir='ltr'><strong>sub</strong></span> <span class='ocrx_word' id='word_1_345' title='bbox 3453 1989 3658 2042; x_wconf 86' lang='lat' dir='ltr'><strong>eisdem</strong></span> 
     </span>
    </p>
   </div>
   <div class='ocr_carea' id='block_1_43' title="bbox 2047 2079 3665 2152">
    <p class='ocr_par' dir='ltr' id='par_1_43' title="bbox 2047 2079 3665 2152">
     <span class='ocr_line' id='line_1_43' title="bbox 2047 2079 3665 2152; baseline 0.002 -20"><span class='ocrx_word' id='word_1_346' title='bbox 2047 2079 2406 2150; x_wconf 88' lang='lat' dir='ltr'><strong>qualitatibus</strong></span> <span class='ocrx_word' id='word_1_347' title='bbox 2458 2089 2662 2144; x_wconf 87' lang='lat' dir='ltr'><strong>mutata</strong></span> <span class='ocrx_word' id='word_1_348' title='bbox 2727 2079 3063 2134; x_wconf 89' lang='lat' dir='ltr'><strong>substantia:</strong></span> <span class='ocrx_word' id='word_1_349' title='bbox 3134 2086 3190 2134; x_wconf 91' lang='lat' dir='ltr'><strong>ut</strong></span> <span class='ocrx_word' id='word_1_350' title='bbox 3239 2081 3340 2133; x_wconf 90' lang='lat' dir='ltr'><strong>sub</strong></span> <span class='ocrx_word' id='word_1_351' title='bbox 3387 2081 3558 2152; x_wconf 84' lang='lat' dir='ltr'><strong>figura</strong></span> <span class='ocrx_word' id='word_1_352' title='bbox 3611 2091 3665 2136; x_wconf 87' lang='lat' dir='ltr'><strong>et</strong></span> 
     </span>
    </p>
   </div>
   <div class='ocr_carea' id='block_1_44' title="bbox 2047 2168 3665 2238">
    <p class='ocr_par' dir='ltr' id='par_1_44' title="bbox 2047 2168 3665 2238">
     <span class='ocr_line' id='line_1_44' title="bbox 2047 2168 3665 2238; baseline 0.002 -16"><span class='ocrx_word' id='word_1_353' title='bbox 2047 2183 2244 2238; x_wconf 91' lang='lat' dir='ltr'><strong>sapore</strong></span> <span class='ocrx_word' id='word_1_354' title='bbox 2272 2168 2596 2222; x_wconf 69' lang='lat' dir='ltr'><strong>substantiae</strong></span> <span class='ocrx_word' id='word_1_355' title='bbox 2655 2169 2874 2238; x_wconf 90' lang='lat' dir='ltr'><strong>prioris,</strong></span> <span class='ocrx_word' id='word_1_356' title='bbox 2910 2169 3047 2224; x_wconf 88' lang='lat' dir='ltr'><strong>facta</strong></span> <span class='ocrx_word' id='word_1_357' title='bbox 3081 2169 3151 2224; x_wconf 92' lang='lat' dir='ltr'><strong>sit</strong></span> <span class='ocrx_word' id='word_1_358' title='bbox 3182 2185 3308 2223; x_wconf 86' lang='lat' dir='ltr'><strong>vera</strong></span> <span class='ocrx_word' id='word_1_359' title='bbox 3358 2170 3665 2226; x_wconf 88' lang='lat' dir='ltr'><strong>substantia</strong></span> 
     </span>
    </p>
   </div>
   <div class='ocr_carea' id='block_1_45' title="bbox 2053 2259 2946 2331">
    <p class='ocr_par' dir='ltr' id='par_1_45' title="bbox 2053 2259 2946 2331">
     <span class='ocr_line' id='line_1_45' title="bbox 2053 2259 2946 2331; baseline 0.003 -19"><span class='ocrx_word' id='word_1_360' title='bbox 2053 2260 2251 2314; x_wconf 83' lang='lat' dir='ltr'><strong>Christi</strong></span> <span class='ocrx_word' id='word_1_361' title='bbox 2285 2259 2531 2329; x_wconf 91' lang='lat' dir='ltr'><strong>corporis</strong></span> <span class='ocrx_word' id='word_1_362' title='bbox 2557 2266 2611 2314; x_wconf 92' lang='lat' dir='ltr'><strong>et</strong></span> <span class='ocrx_word' id='word_1_363' title='bbox 2641 2260 2946 2331; x_wconf 79' lang='lat' dir='ltr'><strong>sanguinis.</strong></span> 
     </span>
    </p>
   </div>
   <div class='ocr_carea' id='block_1_46' title="bbox 2126 2351 3665 2421">
    <p class='ocr_par' dir='ltr' id='par_1_46' title="bbox 2126 2351 3665 2421">
     <span class='ocr_line' id='line_1_46' title="bbox 2126 2351 3665 2421; baseline 0.001 -15"><span class='ocrx_word' id='word_1_364' title='bbox 2126 2352 2284 2406; x_wconf 83' lang='lat' dir='ltr'><strong>Dedit</strong></span> <span class='ocrx_word' id='word_1_365' title='bbox 2332 2351 2635 2420; x_wconf 84' lang='lat' dir='ltr'><strong>discipulis,</strong></span> <span class='ocrx_word' id='word_1_366' title='bbox 2670 2358 2801 2417; x_wconf 90' lang='lat' dir='ltr'><strong>etc.,</strong></span> <span class='ocrx_word' id='word_1_367' title='bbox 2829 2365 3004 2421; x_wconf 91' lang='lat' dir='ltr'><strong>usque</strong></span> <span class='ocrx_word' id='word_1_368' title='bbox 3035 2366 3224 2421; x_wconf 86' lang='lat' dir='ltr'><strong>corpus</strong></span> <span class='ocrx_word' id='word_1_369' title='bbox 3270 2367 3461 2406; x_wconf 87' lang='lat' dir='ltr'><strong>meum.</strong></span> <span class='ocrx_word' id='word_1_370' title='bbox 3513 2352 3665 2407; x_wconf 86' lang='lat' dir='ltr'><strong>Patet</strong></span> 
     </span>
    </p>
   </div>
   <div class='ocr_carea' id='block_1_47' title="bbox 2056 2440 3666 2515">
    <p class='ocr_par' dir='ltr' id='par_1_47' title="bbox 2056 2440 3666 2515">
     <span class='ocr_line' id='line_1_47' title="bbox 2056 2440 3666 2515; baseline -0.001 -17"><span class='ocrx_word' id='word_1_371' title='bbox 2056 2442 2204 2515; x_wconf 89' lang='lat' dir='ltr'><strong>quod</strong></span> <span class='ocrx_word' id='word_1_372' title='bbox 2231 2441 2390 2514; x_wconf 88' lang='lat' dir='ltr'><strong>panis</strong></span> <span class='ocrx_word' id='word_1_373' title='bbox 2427 2449 2650 2512; x_wconf 87' lang='lat' dir='ltr'><strong>accepta</strong></span> <span class='ocrx_word' id='word_1_374' title='bbox 2678 2440 3070 2497; x_wconf 90' lang='lat' dir='ltr'><strong>benedictione</strong></span> <span class='ocrx_word' id='word_1_375' title='bbox 3128 2442 3300 2497; x_wconf 87' lang='lat' dir='ltr'><strong>factus</strong></span> <span class='ocrx_word' id='word_1_376' title='bbox 3354 2445 3424 2498; x_wconf 91' lang='lat' dir='ltr'><strong>sit</strong></span> <span class='ocrx_word' id='word_1_377' title='bbox 3461 2460 3666 2514; x_wconf 87' lang='lat' dir='ltr'><strong>corpus</strong></span> 
     </span>
    </p>
   </div>
   <div class='ocr_carea' id='block_1_48' title="bbox 2051 2533 3666 2604">
    <p class='ocr_par' dir='ltr' id='par_1_48' title="bbox 2051 2533 3666 2604">
     <span class='ocr_line' id='line_1_48' title="bbox 2051 2533 3666 2604; baseline 0.001 -15"><span class='ocrx_word' id='word_1_378' title='bbox 2051 2534 2272 2590; x_wconf 87' lang='lat' dir='ltr'><strong>Christi.</strong></span> <span class='ocrx_word' id='word_1_379' title='bbox 2305 2533 2419 2588; x_wconf 88' lang='lat' dir='ltr'><strong>Non</strong></span> <span class='ocrx_word' id='word_1_380' title='bbox 2449 2533 2596 2587; x_wconf 90' lang='lat' dir='ltr'><strong>enim</strong></span> <span class='ocrx_word' id='word_1_381' title='bbox 2626 2544 2749 2604; x_wconf 88' lang='lat' dir='ltr'><strong>post</strong></span> <span class='ocrx_word' id='word_1_382' title='bbox 2771 2533 3221 2588; x_wconf 89' lang='lat' dir='ltr'><strong>benedictionem</strong></span> <span class='ocrx_word' id='word_1_383' title='bbox 3251 2535 3516 2590; x_wconf 86' lang='lat' dir='ltr'><strong>dixisset:</strong></span> <span class='ocrx_word' id='word_1_384' title='bbox 3555 2537 3666 2592; x_wconf 88' lang='lat' dir='ltr'><strong>Hoc</strong></span> 
     </span>
    </p>
   </div>
   <div class='ocr_carea' id='block_1_49' title="bbox 2051 2621 3670 2695">
    <p class='ocr_par' dir='ltr' id='par_1_49' title="bbox 2051 2621 3670 2695">
     <span class='ocr_line' id='line_1_49' title="bbox 2051 2621 3670 2695; baseline 0.001 -17"><span class='ocrx_word' id='word_1_385' title='bbox 2051 2629 2138 2677; x_wconf 88' lang='lat' dir='ltr'><strong>est</strong></span> <span class='ocrx_word' id='word_1_386' title='bbox 2161 2637 2360 2692; x_wconf 91' lang='lat' dir='ltr'><strong>corpus</strong></span> <span class='ocrx_word' id='word_1_387' title='bbox 2386 2637 2592 2687; x_wconf 92' lang='lat' dir='ltr'><strong>meum,</strong></span> <span class='ocrx_word' id='word_1_388' title='bbox 2635 2621 2739 2674; x_wconf 90' lang='lat' dir='ltr'><strong>nisi</strong></span> <span class='ocrx_word' id='word_1_389' title='bbox 2772 2621 2826 2675; x_wconf 89' lang='lat' dir='ltr'><strong>in</strong></span> <span class='ocrx_word' id='word_1_390' title='bbox 2859 2621 3254 2678; x_wconf 88' lang='lat' dir='ltr'><strong>benedictione</strong></span> <span class='ocrx_word' id='word_1_391' title='bbox 3283 2623 3440 2679; x_wconf 90' lang='lat' dir='ltr'><strong>fieret</strong></span> <span class='ocrx_word' id='word_1_392' title='bbox 3469 2641 3670 2695; x_wconf 91' lang='lat' dir='ltr'><strong>corpus</strong></span> 
     </span>
    </p>
   </div>
   <div class='ocr_carea' id='block_1_50' title="bbox 2053 2711 2340 2780">
    <p class='ocr_par' dir='ltr' id='par_1_50' title="bbox 2053 2711 2340 2780">
     <span class='ocr_line' id='line_1_50' title="bbox 2053 2711 2340 2780; baseline -0.007 -15"><span class='ocrx_word' id='word_1_393' title='bbox 2053 2727 2213 2766; x_wconf 93' lang='lat' dir='ltr'><strong>suum</strong></span> <span class='ocrx_word' id='word_1_394' title='bbox 2243 2711 2340 2780; x_wconf 73' lang='grc' dir='ltr'><strong>(Ξ).</strong></span> 
     </span>
    </p>
   </div>
   <div class='ocr_carea' id='block_1_51' title="bbox 2131 2803 3672 2875">
    <p class='ocr_par' dir='ltr' id='par_1_51' title="bbox 2131 2803 3672 2875">
     <span class='ocr_line' id='line_1_51' title="bbox 2131 2803 3672 2875; baseline 0.002 -16"><span class='ocrx_word' id='word_1_395' title='bbox 2131 2804 2314 2859; x_wconf 87' lang='lat' dir='ltr'><strong>Simili</strong></span> <span class='ocrx_word' id='word_1_396' title='bbox 2336 2803 2488 2858; x_wconf 85' lang='lat' dir='ltr'><strong>modo</strong></span> <span class='ocrx_word' id='word_1_397' title='bbox 2521 2807 2810 2873; x_wconf 76' lang='lat' dir='ltr'><strong>postquam</strong></span> <span class='ocrx_word' id='word_1_398' title='bbox 2864 2807 3122 2858; x_wconf 67' lang='lat' dir='ltr'><strong>catenatum</strong></span> <span class='ocrx_word' id='word_1_399' title='bbox 3161 2809 3256 2872; x_wconf 85' lang='lat' dir='ltr'><strong>est,</strong></span> <span class='ocrx_word' id='word_1_400' title='bbox 3316 2808 3585 2875; x_wconf 80' lang='lat' dir='ltr'><strong>accipiens</strong></span> <span class='ocrx_word' id='word_1_401' title='bbox 3623 2815 3672 2864; x_wconf 85' lang='lat' dir='ltr'><strong>et</strong></span> 
     </span>
    </p>
   </div>
   <div class='ocr_carea' id='block_1_52' title="bbox 342 2892 3670 2974">
    <p class='ocr_par' dir='ltr' id='par_1_52' title="bbox 342 2892 3670 2974">
     <span class='ocr_line' id='line_1_52' title="bbox 342 2892 3670 2974; baseline -0.002 -17"><span class='ocrx_word' id='word_1_402' title='bbox 342 2903 640 2973; x_wconf 81' lang='lat' dir='ltr'><strong>diSplicerc</strong></span> <span class='ocrx_word' id='word_1_403' title='bbox 659 2901 833 2956; x_wconf 79' lang='lat' dir='ltr'><strong>?Nam</strong></span> <span class='ocrx_word' id='word_1_404' title='bbox 850 2918 972 2972; x_wconf 71' lang='lat' dir='ltr'><strong>quae</strong></span> <span class='ocrx_word' id='word_1_405' title='bbox 992 2901 1350 2972; x_wconf 88' lang='lat' dir='ltr'><strong>acceptabilis</strong></span> <span class='ocrx_word' id='word_1_406' title='bbox 1371 2910 1453 2956; x_wconf 90' lang='lat' dir='ltr'><strong>est</strong></span> <span class='ocrx_word' id='word_1_407' title='bbox 1484 2918 1584 2973; x_wconf 88' lang='lat' dir='ltr'><strong>per</strong></span> <span class='ocrx_word' id='word_1_408' title='bbox 1598 2918 1674 2966; x_wconf 90' lang='lat' dir='ltr'><strong>se,</strong></span> <span class='ocrx_word' id='word_1_409' title='bbox 1700 2902 1959 2974; x_wconf 83' lang='lat' dir='ltr'><strong>displicet</strong></span> <span class='ocrx_word' id='word_1_410' title='bbox 2060 2894 2201 2948; x_wconf 86' lang='lat' dir='ltr'><strong>hunc</strong></span> <span class='ocrx_word' id='word_1_411' title='bbox 2228 2895 2547 2964; x_wconf 73' lang='lat' dir='ltr'><strong>praeclarum</strong></span> <span class='ocrx_word' id='word_1_412' title='bbox 2595 2895 2832 2948; x_wconf 85' lang='lat' dir='ltr'><strong>calicem.</strong></span> <span class='ocrx_word' id='word_1_413' title='bbox 2880 2893 2932 2947; x_wconf 89' lang='lat' dir='ltr'><strong>Si</strong></span> <span class='ocrx_word' id='word_1_414' title='bbox 2963 2892 3207 2948; x_wconf 89' lang='lat' dir='ltr'><strong>Christus</strong></span> <span class='ocrx_word' id='word_1_415' title='bbox 3231 2895 3534 2965; x_wconf 87' lang='lat' dir='ltr'><strong>accepisset</strong></span> <span class='ocrx_word' id='word_1_416' title='bbox 3576 2913 3670 2951; x_wconf 92' lang='lat' dir='ltr'><strong>ca-</strong></span> 
     </span>
    </p>
   </div>
   <div class='ocr_carea' id='block_1_53' title="bbox 336 2984 3673 3064">
    <p class='ocr_par' dir='ltr' id='par_1_53' title="bbox 336 2984 3673 3064">
     <span class='ocr_line' id='line_1_53' title="bbox 336 2984 3673 3064; baseline -0.001 -18"><span class='ocrx_word' id='word_1_417' title='bbox 336 3007 434 3064; x_wconf 91' lang='lat' dir='ltr'><strong>pro</strong></span> <span class='ocrx_word' id='word_1_418' title='bbox 466 2991 754 3047; x_wconf 69' lang='lat' dir='ltr'><strong>offerente.</strong></span> <span class='ocrx_word' id='word_1_419' title='bbox 782 2991 884 3046; x_wconf 87' lang='lat' dir='ltr'><strong>Pro</strong></span> <span class='ocrx_word' id='word_1_420' title='bbox 911 2989 1180 3046; x_wconf 69' lang='lat' dir='ltr'><strong>offerente</strong></span> <span class='ocrx_word' id='word_1_421' title='bbox 1209 2993 1508 3062; x_wconf 88' lang='lat' dir='ltr'><strong>respuitur,</strong></span> <span class='ocrx_word' id='word_1_422' title='bbox 1543 3007 1664 3062; x_wconf 67' lang='lat' dir='ltr'><strong>quae</strong></span> <span class='ocrx_word' id='word_1_423' title='bbox 1692 3001 1958 3063; x_wconf 91' lang='lat' dir='ltr'><strong>quantum</strong></span> <span class='ocrx_word' id='word_1_424' title='bbox 2061 2984 2219 3040; x_wconf 85' lang='lat' dir='ltr'><strong>licem</strong></span> <span class='ocrx_word' id='word_1_425' title='bbox 2243 3001 2435 3052; x_wconf 75' lang='lat' dir='ltr'><strong>coenae,</strong></span> <span class='ocrx_word' id='word_1_426' title='bbox 2469 2985 2672 3041; x_wconf 74' lang='lat' dir='ltr'><strong>dicitur</strong></span> <span class='ocrx_word' id='word_1_427' title='bbox 2700 2985 2846 3040; x_wconf 87' lang='lat' dir='ltr'><strong>hunc</strong></span> <span class='ocrx_word' id='word_1_428' title='bbox 2881 2987 3184 3056; x_wconf 85' lang='lat' dir='ltr'><strong>accepisse.</strong></span> <span class='ocrx_word' id='word_1_429' title='bbox 3233 2986 3380 3042; x_wconf 87' lang='lat' dir='ltr'><strong>Unus</strong></span> <span class='ocrx_word' id='word_1_430' title='bbox 3411 3003 3542 3061; x_wconf 87' lang='lat' dir='ltr'><strong>ergo</strong></span> <span class='ocrx_word' id='word_1_431' title='bbox 3578 3006 3673 3044; x_wconf 86' lang='lat' dir='ltr'><strong>ca-</strong></span> 
     </span>
    </p>
   </div>
   <div class='ocr_carea' id='block_1_54' title="bbox 335 3074 1950 3188">
    <p class='ocr_par' dir='ltr' id='par_1_54' title="bbox 335 3083 1950 3155">
     <span class='ocr_line' id='line_1_54' title="bbox 335 3083 1950 3155; baseline -0.001 -16"><span class='ocrx_word' id='word_1_432' title='bbox 335 3101 436 3140; x_wconf 89' lang='lat' dir='ltr'><strong>sua</strong></span> <span class='ocrx_word' id='word_1_433' title='bbox 465 3083 636 3139; x_wconf 83' lang='lat' dir='ltr'><strong>refert</strong></span> <span class='ocrx_word' id='word_1_434' title='bbox 659 3090 996 3155; x_wconf 90' lang='lat' dir='ltr'><strong>acceptatur.</strong></span> <span class='ocrx_word' id='word_1_435' title='bbox 1027 3084 1354 3153; x_wconf 80' lang='lat' dir='ltr'><strong>Acceptatur</strong></span> <span class='ocrx_word' id='word_1_436' title='bbox 1409 3099 1508 3154; x_wconf 93' lang='lat' dir='ltr'><strong>pro</strong></span> <span class='ocrx_word' id='word_1_437' title='bbox 1561 3084 1787 3151; x_wconf 90' lang='lat' dir='ltr'><strong>sanctis,</strong></span> <span class='ocrx_word' id='word_1_438' title='bbox 1845 3099 1950 3140; x_wconf 92' lang='lat' dir='ltr'><strong>non</strong></span> 
     </span>
    </p>
   </div>
   <div class='ocr_carea' id='block_1_55' title="bbox 2060 3074 3672 3188">
    <p class='ocr_par' dir='ltr' id='par_1_55' title="bbox 2060 3074 3672 3188">
     <span class='ocr_line' id='line_1_55' title="bbox 2062 3074 3672 3150; baseline 0.004 -22"><span class='ocrx_word' id='word_1_439' title='bbox 2062 3075 2134 3129; x_wconf 87' lang='lat' dir='ltr'><strong>lix</strong></span> <span class='ocrx_word' id='word_1_440' title='bbox 2164 3081 2246 3130; x_wconf 90' lang='lat' dir='ltr'><strong>est</strong></span> <span class='ocrx_word' id='word_1_441' title='bbox 2271 3075 2358 3130; x_wconf 91' lang='lat' dir='ltr'><strong>hic</strong></span> <span class='ocrx_word' id='word_1_442' title='bbox 2385 3084 2440 3130; x_wconf 92' lang='lat' dir='ltr'><strong>et</strong></span> <span class='ocrx_word' id='word_1_443' title='bbox 2487 3075 2598 3129; x_wconf 89' lang='lat' dir='ltr'><strong>ille.</strong></span> <span class='ocrx_word' id='word_1_444' title='bbox 2633 3074 2742 3130; x_wconf 86' lang='lat' dir='ltr'><strong>Nisi</strong></span> <span class='ocrx_word' id='word_1_445' title='bbox 2787 3074 2932 3129; x_wconf 89' lang='lat' dir='ltr'><strong>enim</strong></span> <span class='ocrx_word' id='word_1_446' title='bbox 2967 3090 3111 3130; x_wconf 85' lang='lat' dir='ltr'><strong>unus</strong></span> <span class='ocrx_word' id='word_1_447' title='bbox 3144 3075 3236 3143; x_wconf 89' lang='lat' dir='ltr'><strong>sit,</strong></span> <span class='ocrx_word' id='word_1_448' title='bbox 3283 3076 3390 3132; x_wconf 93' lang='lat' dir='ltr'><strong>dici</strong></span> <span class='ocrx_word' id='word_1_449' title='bbox 3425 3093 3536 3133; x_wconf 90' lang='lat' dir='ltr'><strong>non</strong></span> <span class='ocrx_word' id='word_1_450' title='bbox 3568 3095 3672 3150; x_wconf 91' lang='lat' dir='ltr'><strong>po-</strong></span> 
     </span>
     <span class='ocr_line' id='line_1_56' title="bbox 2060 3166 3600 3188; baseline 0 0"><span class='ocrx_word' id='word_1_451' title='bbox 2060 3171 2160 3188; x_wconf 70' lang='grc' dir='ltr'><strong>ι--ι</strong></span> <span class='ocrx_word' id='word_1_452' title='bbox 2199 3166 2251 3188; x_wconf 70' lang='grc' dir='ltr'><strong>Ζ..</strong></span> <span class='ocrx_word' id='word_1_453' title='bbox 2301 3166 2388 3188; x_wconf 69' lang='grc' dir='ltr'><strong>211Α</strong></span> <span class='ocrx_word' id='word_1_454' title='bbox 2429 3167 2572 3188; x_wconf 65' lang='lat'><strong>1.--..-</strong></span> <span class='ocrx_word' id='word_1_455' title='bbox 2638 3166 2912 3188; x_wconf 58' lang='grc' dir='ltr'><strong>---Α-ξ---</strong></span> <span class='ocrx_word' id='word_1_456' title='bbox 2974 3166 3061 3188; x_wconf 66' lang='grc' dir='ltr'><strong>Β-..</strong></span> <span class='ocrx_word' id='word_1_457' title='bbox 3120 3183 3241 3188; x_wconf 73' lang='lat'><strong>-_._._</strong></span> <span class='ocrx_word' id='word_1_458' title='bbox 3311 3184 3450 3188; x_wconf 57' lang='grc' dir='ltr'><strong>μμ---</strong></span> <span class='ocrx_word' id='word_1_459' title='bbox 3511 3169 3600 3188; x_wconf 67' lang='lat'><strong>_.!_</strong></span> 
     </span>
    </p>
   </div>
   <div class='ocr_carea' id='block_1_56' title="bbox 337 3174 1954 3247">
    <p class='ocr_par' dir='ltr' id='par_1_56' title="bbox 337 3174 1954 3247">
     <span class='ocr_line' id='line_1_57' title="bbox 337 3174 1954 3247; baseline -0.001 -15"><span class='ocrx_word' id='word_1_460' title='bbox 337 3182 656 3247; x_wconf 86' lang='lat' dir='ltr'><strong>acceptatur</strong></span> <span class='ocrx_word' id='word_1_461' title='bbox 707 3175 900 3230; x_wconf 89' lang='lat' dir='ltr'><strong>eadem</strong></span> <span class='ocrx_word' id='word_1_462' title='bbox 960 3174 1079 3246; x_wconf 89' lang='lat' dir='ltr'><strong>ipsa</strong></span> <span class='ocrx_word' id='word_1_463' title='bbox 1125 3190 1224 3246; x_wconf 91' lang='lat' dir='ltr'><strong>pro</strong></span> <span class='ocrx_word' id='word_1_464' title='bbox 1277 3174 1479 3246; x_wconf 91' lang='lat' dir='ltr'><strong>impiis.</strong></span> <span class='ocrx_word' id='word_1_465' title='bbox 1541 3175 1666 3232; x_wconf 89' lang='lat' dir='ltr'><strong>Pios</strong></span> <span class='ocrx_word' id='word_1_466' title='bbox 1709 3176 1954 3245; x_wconf 87' lang='lat' dir='ltr'><strong>adjuvat,</strong></span> 
     </span>
    </p>
   </div>
   <div class='ocr_carea' id='block_1_57' title="bbox 340 3263 1958 3336">
    <p class='ocr_par' dir='ltr' id='par_1_57' title="bbox 340 3263 1958 3336">
     <span class='ocr_line' id='line_1_58' title="bbox 340 3263 1958 3336; baseline 0.001 -16"><span class='ocrx_word' id='word_1_467' title='bbox 340 3266 542 3336; x_wconf 91' lang='lat' dir='ltr'><strong>impios</strong></span> <span class='ocrx_word' id='word_1_468' title='bbox 571 3265 812 3320; x_wconf 90' lang='lat' dir='ltr'><strong>damnat.</strong></span> <span class='ocrx_word' id='word_1_469' title='bbox 853 3263 960 3318; x_wconf 89' lang='lat' dir='ltr'><strong>Piis</strong></span> <span class='ocrx_word' id='word_1_470' title='bbox 991 3264 1216 3335; x_wconf 90' lang='lat' dir='ltr'><strong>prodest</strong></span> <span class='ocrx_word' id='word_1_471' title='bbox 1254 3264 1322 3318; x_wconf 91' lang='lat' dir='ltr'><strong>ad</strong></span> <span class='ocrx_word' id='word_1_472' title='bbox 1361 3265 1614 3329; x_wconf 88' lang='lat' dir='ltr'><strong>salutem,</strong></span> <span class='ocrx_word' id='word_1_473' title='bbox 1669 3273 1829 3322; x_wconf 91' lang='lat' dir='ltr'><strong>nocet</strong></span> <span class='ocrx_word' id='word_1_474' title='bbox 1862 3266 1958 3321; x_wconf 83' lang='lat' dir='ltr'><strong>im-</strong></span> 
     </span>
    </p>
   </div>
   <div class='ocr_carea' id='block_1_58' title="bbox 341 3356 1020 3428">
    <p class='ocr_par' dir='ltr' id='par_1_58' title="bbox 341 3356 1020 3428">
     <span class='ocr_line' id='line_1_59' title="bbox 341 3356 1020 3428; baseline 0 -18"><span class='ocrx_word' id='word_1_475' title='bbox 341 3357 450 3428; x_wconf 90' lang='lat' dir='ltr'><strong>piis</strong></span> <span class='ocrx_word' id='word_1_476' title='bbox 477 3357 546 3410; x_wconf 92' lang='lat' dir='ltr'><strong>ad</strong></span> <span class='ocrx_word' id='word_1_477' title='bbox 584 3356 1020 3411; x_wconf 88' lang='lat' dir='ltr'><strong>damnationem.</strong></span> 
     </span>
    </p>
   </div>
   <div class='ocr_carea' id='block_1_59' title="bbox 417 3445 1956 3515">
    <p class='ocr_par' dir='ltr' id='par_1_59' title="bbox 417 3445 1956 3515">
     <span class='ocr_line' id='line_1_60' title="bbox 417 3445 1956 3515; baseline 0.001 -14"><span class='ocrx_word' id='word_1_478' title='bbox 417 3448 483 3502; x_wconf 88' lang='lat' dir='ltr'><strong>Ut</strong></span> <span class='ocrx_word' id='word_1_479' title='bbox 520 3447 672 3501; x_wconf 84' lang='lat' dir='ltr'><strong>nobis</strong></span> <span class='ocrx_word' id='word_1_480' title='bbox 701 3460 890 3515; x_wconf 85' lang='lat' dir='ltr'><strong>corpus</strong></span> <span class='ocrx_word' id='word_1_481' title='bbox 932 3449 981 3498; x_wconf 87' lang='lat' dir='ltr'><strong>et</strong></span> <span class='ocrx_word' id='word_1_482' title='bbox 1035 3446 1260 3510; x_wconf 84' lang='lat' dir='ltr'><strong>sanguis</strong></span> <span class='ocrx_word' id='word_1_483' title='bbox 1295 3447 1393 3512; x_wconf 84' lang='lat' dir='ltr'><strong>ﬁat</strong></span> <span class='ocrx_word' id='word_1_484' title='bbox 1440 3445 1778 3502; x_wconf 85' lang='lat' dir='ltr'><strong>dilectissimi</strong></span> <span class='ocrx_word' id='word_1_485' title='bbox 1825 3448 1956 3502; x_wconf 82' lang='lat' dir='ltr'><strong>Filii</strong></span> 
     </span>
    </p>
   </div>
   <div class='ocr_carea' id='block_1_60' title="bbox 341 3533 1948 3610">
    <p class='ocr_par' dir='ltr' id='par_1_60' title="bbox 341 3533 1948 3610">
     <span class='ocr_line' id='line_1_61' title="bbox 341 3533 1948 3610; baseline -0.001 -19"><span class='ocrx_word' id='word_1_486' title='bbox 341 3538 424 3592; x_wconf 87' lang='lat' dir='ltr'><strong>tui</strong></span> <span class='ocrx_word' id='word_1_487' title='bbox 461 3537 680 3591; x_wconf 83' lang='lat' dir='ltr'><strong>Domini</strong></span> <span class='ocrx_word' id='word_1_488' title='bbox 705 3536 882 3590; x_wconf 80' lang='lat' dir='ltr'><strong>nostri</strong></span> <span class='ocrx_word' id='word_1_489' title='bbox 931 3533 1058 3587; x_wconf 86' lang='lat' dir='ltr'><strong>Jesu</strong></span> <span class='ocrx_word' id='word_1_490' title='bbox 1095 3533 1319 3588; x_wconf 80' lang='lat' dir='ltr'><strong>Christi.</strong></span> <span class='ocrx_word' id='word_1_491' title='bbox 1391 3533 1653 3588; x_wconf 79' lang='lat' dir='ltr'><strong>Posuerat</strong></span> <span class='ocrx_word' id='word_1_492' title='bbox 1705 3551 1837 3610; x_wconf 82' lang='lat' dir='ltr'><strong>ergo</strong></span> <span class='ocrx_word' id='word_1_493' title='bbox 1894 3535 1948 3590; x_wconf 91' lang='lat' dir='ltr'><strong>in</strong></span> 
     </span>
    </p>
   </div>
   <div class='ocr_carea' id='block_1_61' title="bbox 341 3621 1948 3696">
    <p class='ocr_par' dir='ltr' id='par_1_61' title="bbox 341 3621 1948 3696">
     <span class='ocr_line' id='line_1_62' title="bbox 341 3621 1948 3696; baseline -0.001 -16"><span class='ocrx_word' id='word_1_494' title='bbox 341 3624 602 3680; x_wconf 90' lang='lat' dir='ltr'><strong>omnibus</strong></span> <span class='ocrx_word' id='word_1_495' title='bbox 660 3623 1034 3690; x_wconf 78' lang='lat' dir='ltr'><strong>benedictum,</strong></span> <span class='ocrx_word' id='word_1_496' title='bbox 1091 3621 1376 3693; x_wconf 87' lang='lat' dir='ltr'><strong>subjunxit</strong></span> <span class='ocrx_word' id='word_1_497' title='bbox 1423 3630 1659 3694; x_wconf 86' lang='lat' dir='ltr'><strong>quatuor</strong></span> <span class='ocrx_word' id='word_1_498' title='bbox 1697 3625 1948 3696; x_wconf 90' lang='lat' dir='ltr'><strong>species:</strong></span> 
     </span>
    </p>
   </div>
   <div class='ocr_carea' id='block_1_62' title="bbox 341 3715 1951 3787">
    <p class='ocr_par' dir='ltr' id='par_1_62' title="bbox 341 3715 1951 3787">
     <span class='ocr_line' id='line_1_63' title="bbox 341 3715 1951 3787; baseline 0 -16"><span class='ocrx_word' id='word_1_499' title='bbox 341 3717 666 3787; x_wconf 85' lang='lat' dir='ltr'><strong>Ascriptam,</strong></span> <span class='ocrx_word' id='word_1_500' title='bbox 700 3723 889 3783; x_wconf 89' lang='lat' dir='ltr'><strong>ratam,</strong></span> <span class='ocrx_word' id='word_1_501' title='bbox 923 3715 1330 3780; x_wconf 89' lang='lat' dir='ltr'><strong>rationabilem,</strong></span> <span class='ocrx_word' id='word_1_502' title='bbox 1383 3716 1798 3786; x_wconf 89' lang='lat' dir='ltr'><strong>acceptabilem.</strong></span> <span class='ocrx_word' id='word_1_503' title='bbox 1845 3717 1951 3771; x_wconf 91' lang='lat' dir='ltr'><strong>Sed</strong></span> 
     </span>
    </p>
   </div>
   <div class='ocr_carea' id='block_1_63' title="bbox 346 3810 1952 3884">
    <p class='ocr_par' dir='ltr' id='par_1_63' title="bbox 346 3810 1952 3884">
     <span class='ocr_line' id='line_1_64' title="bbox 346 3810 1952 3884; baseline -0.002 -17"><span class='ocrx_word' id='word_1_504' title='bbox 346 3814 466 3868; x_wconf 85' lang='lat' dir='ltr'><strong>haec</strong></span> <span class='ocrx_word' id='word_1_505' title='bbox 486 3811 668 3867; x_wconf 89' lang='lat' dir='ltr'><strong>omnia</strong></span> <span class='ocrx_word' id='word_1_506' title='bbox 701 3812 887 3868; x_wconf 86' lang='lat' dir='ltr'><strong>clausa</strong></span> <span class='ocrx_word' id='word_1_507' title='bbox 919 3819 1095 3878; x_wconf 90' lang='lat' dir='ltr'><strong>erant,</strong></span> <span class='ocrx_word' id='word_1_508' title='bbox 1129 3811 1310 3865; x_wconf 88' lang='lat' dir='ltr'><strong>minus</strong></span> <span class='ocrx_word' id='word_1_509' title='bbox 1336 3810 1812 3884; x_wconf 83' lang='lat' dir='ltr'><strong>intelligebantur,</strong></span> <span class='ocrx_word' id='word_1_510' title='bbox 1846 3811 1952 3865; x_wconf 84' lang='lat' dir='ltr'><strong>mi-</strong></span> 
     </span>
    </p>
   </div>
   <div class='ocr_carea' id='block_1_64' title="bbox 346 3897 1951 3972">
    <p class='ocr_par' dir='ltr' id='par_1_64' title="bbox 346 3897 1951 3972">
     <span class='ocr_line' id='line_1_65' title="bbox 346 3897 1951 3972; baseline -0.001 -16"><span class='ocrx_word' id='word_1_511' title='bbox 346 3916 451 3956; x_wconf 90' lang='lat' dir='ltr'><strong>nus</strong></span> <span class='ocrx_word' id='word_1_512' title='bbox 481 3901 774 3971; x_wconf 88' lang='lat' dir='ltr'><strong>patebant;</strong></span> <span class='ocrx_word' id='word_1_513' title='bbox 803 3901 1020 3972; x_wconf 88' lang='lat' dir='ltr'><strong>aperuit</strong></span> <span class='ocrx_word' id='word_1_514' title='bbox 1050 3900 1276 3967; x_wconf 88' lang='lat' dir='ltr'><strong>ostium,</strong></span> <span class='ocrx_word' id='word_1_515' title='bbox 1313 3897 1572 3970; x_wconf 84' lang='lat' dir='ltr'><strong>patefecit</strong></span> <span class='ocrx_word' id='word_1_516' title='bbox 1603 3905 1799 3967; x_wconf 89' lang='lat' dir='ltr'><strong>totum,</strong></span> <span class='ocrx_word' id='word_1_517' title='bbox 1837 3901 1951 3955; x_wconf 89' lang='lat' dir='ltr'><strong>sci-</strong></span> 
     </span>
    </p>
   </div>
   <div class='ocr_carea' id='block_1_65' title="bbox 346 3991 1957 4064">
    <p class='ocr_par' dir='ltr' id='par_1_65' title="bbox 346 3991 1957 4064">
     <span class='ocr_line' id='line_1_66' title="bbox 346 3991 1957 4064; baseline 0 -16"><span class='ocrx_word' id='word_1_518' title='bbox 346 3996 477 4049; x_wconf 79' lang='lat' dir='ltr'><strong>licet</strong></span> <span class='ocrx_word' id='word_1_519' title='bbox 514 3999 574 4049; x_wconf 88' lang='lat' dir='ltr'><strong>ut</strong></span> <span class='ocrx_word' id='word_1_520' title='bbox 629 3993 790 4048; x_wconf 91' lang='lat' dir='ltr'><strong>nobis</strong></span> <span class='ocrx_word' id='word_1_521' title='bbox 830 3992 923 4048; x_wconf 87' lang='lat' dir='ltr'><strong>fiat</strong></span> <span class='ocrx_word' id='word_1_522' title='bbox 960 4008 1162 4064; x_wconf 88' lang='lat' dir='ltr'><strong>corpus</strong></span> <span class='ocrx_word' id='word_1_523' title='bbox 1212 4001 1267 4047; x_wconf 90' lang='lat' dir='ltr'><strong>et</strong></span> <span class='ocrx_word' id='word_1_524' title='bbox 1329 3993 1555 4064; x_wconf 81' lang='lat' dir='ltr'><strong>sanguis</strong></span> <span class='ocrx_word' id='word_1_525' title='bbox 1602 3992 1816 4047; x_wconf 87' lang='lat' dir='ltr'><strong>Christi.</strong></span> <span class='ocrx_word' id='word_1_526' title='bbox 1861 3991 1957 4048; x_wconf 86' lang='lat' dir='ltr'><strong>Hic</strong></span> 
     </span>
    </p>
   </div>
   <div class='ocr_carea' id='block_1_66' title="bbox 341 4081 1956 4155">
    <p class='ocr_par' dir='ltr' id='par_1_66' title="bbox 341 4081 1956 4155">
     <span class='ocr_line' id='line_1_67' title="bbox 341 4081 1956 4155; baseline -0.001 -15"><span class='ocrx_word' id='word_1_527' title='bbox 341 4093 514 4142; x_wconf 90' lang='lat' dir='ltr'><strong>totum</strong></span> <span class='ocrx_word' id='word_1_528' title='bbox 555 4084 882 4155; x_wconf 89' lang='lat' dir='ltr'><strong>completur,</strong></span> <span class='ocrx_word' id='word_1_529' title='bbox 925 4083 1016 4139; x_wconf 87' lang='lat' dir='ltr'><strong>hic</strong></span> <span class='ocrx_word' id='word_1_530' title='bbox 1047 4091 1214 4140; x_wconf 77' lang='lat' dir='ltr'><strong>totum</strong></span> <span class='ocrx_word' id='word_1_531' title='bbox 1267 4082 1568 4154; x_wconf 88' lang='lat' dir='ltr'><strong>perﬁcitur,</strong></span> <span class='ocrx_word' id='word_1_532' title='bbox 1622 4090 1681 4138; x_wconf 91' lang='lat' dir='ltr'><strong>ut</strong></span> <span class='ocrx_word' id='word_1_533' title='bbox 1710 4081 1804 4138; x_wconf 89' lang='lat' dir='ltr'><strong>fiat</strong></span> <span class='ocrx_word' id='word_1_534' title='bbox 1833 4098 1956 4138; x_wconf 87' lang='lat' dir='ltr'><strong>cor-</strong></span> 
     </span>
    </p>
   </div>
   <div class='ocr_carea' id='block_1_67' title="bbox 343 4173 1956 4250">
    <p class='ocr_par' dir='ltr' id='par_1_67' title="bbox 343 4173 1956 4250">
     <span class='ocr_line' id='line_1_68' title="bbox 343 4173 1956 4250; baseline -0.002 -17"><span class='ocrx_word' id='word_1_535' title='bbox 343 4193 452 4250; x_wconf 89' lang='lat' dir='ltr'><strong>pus</strong></span> <span class='ocrx_word' id='word_1_536' title='bbox 500 4185 556 4232; x_wconf 89' lang='lat' dir='ltr'><strong>et</strong></span> <span class='ocrx_word' id='word_1_537' title='bbox 594 4175 820 4249; x_wconf 80' lang='lat' dir='ltr'><strong>sanguis</strong></span> <span class='ocrx_word' id='word_1_538' title='bbox 859 4174 1058 4232; x_wconf 87' lang='lat' dir='ltr'><strong>Christi</strong></span> <span class='ocrx_word' id='word_1_539' title='bbox 1100 4182 1331 4232; x_wconf 89' lang='lat' dir='ltr'><strong>tantum.</strong></span> <span class='ocrx_word' id='word_1_540' title='bbox 1375 4174 1562 4231; x_wconf 92' lang='lat' dir='ltr'><strong>Solum</strong></span> <span class='ocrx_word' id='word_1_541' title='bbox 1604 4173 1798 4230; x_wconf 89' lang='lat' dir='ltr'><strong>Christi</strong></span> <span class='ocrx_word' id='word_1_542' title='bbox 1829 4189 1956 4230; x_wconf 87' lang='lat' dir='ltr'><strong>cor-</strong></span> 
     </span>
    </p>
   </div>
   <div class='ocr_carea' id='block_1_68' title="bbox 344 4264 1958 4341">
    <p class='ocr_par' dir='ltr' id='par_1_68' title="bbox 344 4264 1958 4341">
     <span class='ocr_line' id='line_1_69' title="bbox 344 4264 1958 4341; baseline -0.003 -17"><span class='ocrx_word' id='word_1_543' title='bbox 344 4285 450 4341; x_wconf 87' lang='lat' dir='ltr'><strong>pus</strong></span> <span class='ocrx_word' id='word_1_544' title='bbox 513 4273 568 4323; x_wconf 91' lang='lat' dir='ltr'><strong>et</strong></span> <span class='ocrx_word' id='word_1_545' title='bbox 609 4266 836 4338; x_wconf 86' lang='lat' dir='ltr'><strong>sanguis</strong></span> <span class='ocrx_word' id='word_1_546' title='bbox 888 4274 971 4321; x_wconf 90' lang='lat' dir='ltr'><strong>est</strong></span> <span class='ocrx_word' id='word_1_547' title='bbox 1013 4266 1188 4321; x_wconf 88' lang='lat' dir='ltr'><strong>hostia</strong></span> <span class='ocrx_word' id='word_1_548' title='bbox 1229 4267 1284 4320; x_wconf 92' lang='lat' dir='ltr'><strong>in</strong></span> <span class='ocrx_word' id='word_1_549' title='bbox 1337 4265 1598 4321; x_wconf 88' lang='lat' dir='ltr'><strong>omnibus</strong></span> <span class='ocrx_word' id='word_1_550' title='bbox 1643 4264 1958 4331; x_wconf 88' lang='lat' dir='ltr'><strong>benedicta,</strong></span> 
     </span>
    </p>
   </div>
   <div class='ocr_carea' id='block_1_69' title="bbox 343 4356 1961 4431">
    <p class='ocr_par' dir='ltr' id='par_1_69' title="bbox 343 4356 1961 4431">
     <span class='ocr_line' id='line_1_70' title="bbox 343 4356 1961 4431; baseline -0.003 -14"><span class='ocrx_word' id='word_1_551' title='bbox 343 4362 600 4431; x_wconf 86' lang='lat' dir='ltr'><strong>ascripta,</strong></span> <span class='ocrx_word' id='word_1_552' title='bbox 631 4367 768 4424; x_wconf 90' lang='lat' dir='ltr'><strong>rata,</strong></span> <span class='ocrx_word' id='word_1_553' title='bbox 801 4357 1164 4423; x_wconf 89' lang='lat' dir='ltr'><strong>rationabilis,</strong></span> <span class='ocrx_word' id='word_1_554' title='bbox 1197 4356 1686 4428; x_wconf 88' lang='lat' dir='ltr'><strong>acceptabilisque.</strong></span> <span class='ocrx_word' id='word_1_555' title='bbox 1718 4359 1782 4412; x_wconf 88' lang='lat' dir='ltr'><strong>Ut</strong></span> <span class='ocrx_word' id='word_1_556' title='bbox 1806 4357 1961 4412; x_wconf 88' lang='lat' dir='ltr'><strong>nobis</strong></span> 
     </span>
    </p>
   </div>
   <div class='ocr_carea' id='block_1_70' title="bbox 344 4445 1957 4520">
    <p class='ocr_par' dir='ltr' id='par_1_70' title="bbox 344 4445 1957 4520">
     <span class='ocr_line' id='line_1_71' title="bbox 344 4445 1957 4520; baseline -0.004 -15"><span class='ocrx_word' id='word_1_557' title='bbox 344 4464 535 4520; x_wconf 86' lang='lat' dir='ltr'><strong>corpus</strong></span> <span class='ocrx_word' id='word_1_558' title='bbox 580 4453 629 4503; x_wconf 86' lang='lat' dir='ltr'><strong>et</strong></span> <span class='ocrx_word' id='word_1_559' title='bbox 665 4449 888 4516; x_wconf 80' lang='lat' dir='ltr'><strong>sanguis</strong></span> <span class='ocrx_word' id='word_1_560' title='bbox 944 4450 1064 4512; x_wconf 79' lang='lat' dir='ltr'><strong>ﬁat.</strong></span> <span class='ocrx_word' id='word_1_561' title='bbox 1098 4445 1390 4520; x_wconf 88' lang='lat' dir='ltr'><strong>Signanter</strong></span> <span class='ocrx_word' id='word_1_562' title='bbox 1427 4446 1611 4516; x_wconf 90' lang='lat' dir='ltr'><strong>posuit</strong></span> <span class='ocrx_word' id='word_1_563' title='bbox 1668 4446 1875 4516; x_wconf 81' lang='lat' dir='ltr'><strong>(nobis),</strong></span> <span class='ocrx_word' id='word_1_564' title='bbox 1905 4445 1957 4499; x_wconf 92' lang='lat' dir='ltr'><strong>id</strong></span> 
     </span>
    </p>
   </div>
   <div class='ocr_carea' id='block_1_71' title="bbox 327 4537 1958 4608">
    <p class='ocr_par' dir='ltr' id='par_1_71' title="bbox 327 4537 1958 4608">
     <span class='ocr_line' id='line_1_72' title="bbox 327 4537 1958 4608; baseline -0.007 -5"><span class='ocrx_word' id='word_1_565' title='bbox 327 4551 430 4604; x_wconf 79' lang='lat' dir='ltr'><strong>.est</strong></span> <span class='ocrx_word' id='word_1_566' title='bbox 470 4541 751 4598; x_wconf 54' lang='lat' dir='ltr'><strong>catholicae</strong></span> <span class='ocrx_word' id='word_1_567' title='bbox 791 4538 919 4595; x_wconf 88' lang='lat' dir='ltr'><strong>ﬁdei</strong></span> <span class='ocrx_word' id='word_1_568' title='bbox 950 4538 1270 4594; x_wconf 88' lang='lat' dir='ltr'><strong>cultoribus.</strong></span> <span class='ocrx_word' id='word_1_569' title='bbox 1312 4538 1478 4596; x_wconf 89' lang='lat' dir='ltr'><strong>Nobis</strong></span> <span class='ocrx_word' id='word_1_570' title='bbox 1520 4537 1752 4592; x_wconf 85' lang='lat' dir='ltr'><strong>exclusit</strong></span> <span class='ocrx_word' id='word_1_571' title='bbox 1790 4553 1958 4608; x_wconf 83' lang='lat' dir='ltr'><strong>paga-</strong></span> 
     </span>
    </p>
   </div>
   <div class='ocr_carea' id='block_1_72' title="bbox 348 4631 1962 4708">
    <p class='ocr_par' dir='ltr' id='par_1_72' title="bbox 348 4631 1962 4708">
     <span class='ocr_line' id='line_1_73' title="bbox 348 4631 1962 4708; baseline -0.006 -14"><span class='ocrx_word' id='word_1_572' title='bbox 348 4654 478 4708; x_wconf 91' lang='lat' dir='ltr'><strong>nos,</strong></span> <span class='ocrx_word' id='word_1_573' title='bbox 505 4631 995 4701; x_wconf 74' lang='lat' dir='ltr'><strong>exclusitJudteos,</strong></span> <span class='ocrx_word' id='word_1_574' title='bbox 1020 4631 1252 4687; x_wconf 87' lang='lat' dir='ltr'><strong>exclusit</strong></span> <span class='ocrx_word' id='word_1_575' title='bbox 1270 4631 1581 4687; x_wconf 73' lang='lat' dir='ltr'><strong>haereticos.</strong></span> <span class='ocrx_word' id='word_1_576' title='bbox 1613 4631 1782 4688; x_wconf 91' lang='lat' dir='ltr'><strong>Nobis</strong></span> <span class='ocrx_word' id='word_1_577' title='bbox 1809 4645 1962 4686; x_wconf 90' lang='lat' dir='ltr'><strong>com-</strong></span> 
     </span>
    </p>
   </div>
   <div class='ocr_carea' id='block_1_73' title="bbox 349 4721 1955 4794">
    <p class='ocr_par' dir='ltr' id='par_1_73' title="bbox 349 4721 1955 4794">
     <span class='ocr_line' id='line_1_74' title="bbox 349 4721 1955 4794; baseline -0.006 -10"><span class='ocrx_word' id='word_1_578' title='bbox 349 4727 781 4794; x_wconf 88' lang='lat' dir='ltr'><strong>municantibus,</strong></span> <span class='ocrx_word' id='word_1_579' title='bbox 814 4723 1140 4780; x_wconf 88' lang='lat' dir='ltr'><strong>memoriam</strong></span> <span class='ocrx_word' id='word_1_580' title='bbox 1189 4729 1502 4779; x_wconf 87' lang='lat' dir='ltr'><strong>sanctorum</strong></span> <span class='ocrx_word' id='word_1_581' title='bbox 1544 4721 1955 4778; x_wconf 89' lang='lat' dir='ltr'><strong>venerantibus.</strong></span> 
     </span>
    </p>
   </div>
   <div class='ocr_carea' id='block_1_74' title="bbox 2058 3166 3666 3242">
    <p class='ocr_par' dir='ltr' id='par_1_74' title="bbox 2058 3166 3666 3242">
     <span class='ocr_line' id='line_1_75' title="bbox 2058 3166 3666 3242; baseline 0.002 -22"><span class='ocrx_word' id='word_1_582' title='bbox 2058 3171 2163 3221; x_wconf 87' lang='lat' dir='ltr'><strong>test</strong></span> <span class='ocrx_word' id='word_1_583' title='bbox 2199 3166 2254 3220; x_wconf 92' lang='lat' dir='ltr'><strong>in</strong></span> <span class='ocrx_word' id='word_1_584' title='bbox 2301 3166 2395 3221; x_wconf 93' lang='lat' dir='ltr'><strong>illo</strong></span> <span class='ocrx_word' id='word_1_585' title='bbox 2429 3167 2575 3221; x_wconf 89' lang='lat' dir='ltr'><strong>hunc</strong></span> <span class='ocrx_word' id='word_1_586' title='bbox 2635 3166 2937 3237; x_wconf 88' lang='lat' dir='ltr'><strong>accepisse.</strong></span> <span class='ocrx_word' id='word_1_587' title='bbox 2974 3166 3062 3222; x_wconf 86' lang='lat' dir='ltr'><strong>Est</strong></span> <span class='ocrx_word' id='word_1_588' title='bbox 3115 3183 3246 3242; x_wconf 84' lang='lat' dir='ltr'><strong>ergo</strong></span> <span class='ocrx_word' id='word_1_589' title='bbox 3311 3184 3453 3223; x_wconf 91' lang='lat' dir='ltr'><strong>unus</strong></span> <span class='ocrx_word' id='word_1_590' title='bbox 3503 3169 3666 3224; x_wconf 89' lang='lat' dir='ltr'><strong>etiam</strong></span> 
     </span>
    </p>
   </div>
   <div class='ocr_carea' id='block_1_75' title="bbox 2059 3258 3670 3331">
    <p class='ocr_par' dir='ltr' id='par_1_75' title="bbox 2059 3258 3670 3331">
     <span class='ocr_line' id='line_1_76' title="bbox 2059 3258 3670 3331; baseline 0.001 -18"><span class='ocrx_word' id='word_1_591' title='bbox 2059 3259 2278 3331; x_wconf 87' lang='lat' dir='ltr'><strong>quando</strong></span> <span class='ocrx_word' id='word_1_592' title='bbox 2309 3259 2364 3312; x_wconf 93' lang='lat' dir='ltr'><strong>in</strong></span> <span class='ocrx_word' id='word_1_593' title='bbox 2387 3258 2538 3314; x_wconf 90' lang='lat' dir='ltr'><strong>altari</strong></span> <span class='ocrx_word' id='word_1_594' title='bbox 2581 3258 2834 3312; x_wconf 89' lang='lat' dir='ltr'><strong>manibus</strong></span> <span class='ocrx_word' id='word_1_595' title='bbox 2878 3258 3142 3328; x_wconf 90' lang='lat' dir='ltr'><strong>accipitur</strong></span> <span class='ocrx_word' id='word_1_596' title='bbox 3178 3266 3237 3314; x_wconf 91' lang='lat' dir='ltr'><strong>ut</strong></span> <span class='ocrx_word' id='word_1_597' title='bbox 3283 3260 3670 3328; x_wconf 89' lang='lat' dir='ltr'><strong>benedicatur,</strong></span> 
     </span>
    </p>
   </div>
   <div class='ocr_carea' id='block_1_76' title="bbox 2059 3349 3671 3423">
    <p class='ocr_par' dir='ltr' id='par_1_76' title="bbox 2059 3349 3671 3423">
     <span class='ocr_line' id='line_1_77' title="bbox 2059 3349 3671 3423; baseline 0.001 -18"><span class='ocrx_word' id='word_1_598' title='bbox 2059 3357 2114 3405; x_wconf 91' lang='lat' dir='ltr'><strong>et</strong></span> <span class='ocrx_word' id='word_1_599' title='bbox 2140 3350 2342 3405; x_wconf 89' lang='lat' dir='ltr'><strong>nedum</strong></span> <span class='ocrx_word' id='word_1_600' title='bbox 2367 3349 2592 3422; x_wconf 87' lang='lat' dir='ltr'><strong>sanguis</strong></span> <span class='ocrx_word' id='word_1_601' title='bbox 2617 3358 2716 3416; x_wconf 89' lang='lat' dir='ltr'><strong>est,</strong></span> <span class='ocrx_word' id='word_1_602' title='bbox 2741 3349 2837 3404; x_wconf 90' lang='lat' dir='ltr'><strong>sed</strong></span> <span class='ocrx_word' id='word_1_603' title='bbox 2879 3357 2964 3404; x_wconf 92' lang='lat' dir='ltr'><strong>est</strong></span> <span class='ocrx_word' id='word_1_604' title='bbox 2995 3349 3175 3404; x_wconf 92' lang='lat' dir='ltr'><strong>adhuc</strong></span> <span class='ocrx_word' id='word_1_605' title='bbox 3204 3351 3417 3419; x_wconf 92' lang='lat' dir='ltr'><strong>vinum,</strong></span> <span class='ocrx_word' id='word_1_606' title='bbox 3443 3361 3671 3423; x_wconf 89' lang='lat' dir='ltr'><strong>propter</strong></span> 
     </span>
    </p>
   </div>
   <div class='ocr_carea' id='block_1_77' title="bbox 2059 3440 3674 3511">
    <p class='ocr_par' dir='ltr' id='par_1_77' title="bbox 2059 3440 3674 3511">
     <span class='ocr_line' id='line_1_78' title="bbox 2059 3440 3674 3511; baseline 0.002 -15"><span class='ocrx_word' id='word_1_607' title='bbox 2059 3443 2328 3497; x_wconf 89' lang='lat' dir='ltr'><strong>unitatem</strong></span> <span class='ocrx_word' id='word_1_608' title='bbox 2361 3440 2514 3508; x_wconf 89' lang='lat' dir='ltr'><strong>ﬁdei,</strong></span> <span class='ocrx_word' id='word_1_609' title='bbox 2539 3449 2592 3496; x_wconf 91' lang='lat' dir='ltr'><strong>et</strong></span> <span class='ocrx_word' id='word_1_610' title='bbox 2623 3441 2770 3495; x_wconf 91' lang='lat' dir='ltr'><strong>illius</strong></span> <span class='ocrx_word' id='word_1_611' title='bbox 2798 3441 2908 3507; x_wconf 92' lang='lat' dir='ltr'><strong>cui,</strong></span> <span class='ocrx_word' id='word_1_612' title='bbox 2941 3449 2995 3496; x_wconf 89' lang='lat' dir='ltr'><strong>et</strong></span> <span class='ocrx_word' id='word_1_613' title='bbox 3027 3441 3080 3496; x_wconf 90' lang='lat' dir='ltr'><strong>in</strong></span> <span class='ocrx_word' id='word_1_614' title='bbox 3107 3442 3264 3511; x_wconf 87' lang='lat' dir='ltr'><strong>cujus</strong></span> <span class='ocrx_word' id='word_1_615' title='bbox 3293 3445 3504 3499; x_wconf 89' lang='lat' dir='ltr'><strong>honore</strong></span> <span class='ocrx_word' id='word_1_616' title='bbox 3537 3444 3674 3500; x_wconf 89' lang='lat' dir='ltr'><strong>fide-</strong></span> 
     </span>
    </p>
   </div>
   <div class='ocr_carea' id='block_1_78' title="bbox 2054 3528 3673 3604">
    <p class='ocr_par' dir='ltr' id='par_1_78' title="bbox 2054 3528 3673 3604">
     <span class='ocr_line' id='line_1_79' title="bbox 2054 3528 3673 3604; baseline 0.002 -19"><span class='ocrx_word' id='word_1_617' title='bbox 2054 3531 2177 3585; x_wconf 90' lang='lat' dir='ltr'><strong>liter</strong></span> <span class='ocrx_word' id='word_1_618' title='bbox 2215 3529 2461 3585; x_wconf 72' lang='lat' dir='ltr'><strong>offertur.</strong></span> <span class='ocrx_word' id='word_1_619' title='bbox 2497 3530 2568 3584; x_wconf 89' lang='lat' dir='ltr'><strong>Ea</strong></span> <span class='ocrx_word' id='word_1_620' title='bbox 2599 3530 2746 3584; x_wconf 90' lang='lat' dir='ltr'><strong>enim</strong></span> <span class='ocrx_word' id='word_1_621' title='bbox 2776 3528 2884 3583; x_wconf 87' lang='lat' dir='ltr'><strong>ﬁde</strong></span> <span class='ocrx_word' id='word_1_622' title='bbox 2915 3530 3161 3600; x_wconf 91' lang='lat' dir='ltr'><strong>quotidie</strong></span> <span class='ocrx_word' id='word_1_623' title='bbox 3192 3532 3461 3604; x_wconf 91' lang='lat' dir='ltr'><strong>accipitur</strong></span> <span class='ocrx_word' id='word_1_624' title='bbox 3497 3535 3673 3589; x_wconf 87' lang='lat' dir='ltr'><strong>bene-</strong></span> 
     </span>
    </p>
   </div>
   <div class='ocr_carea' id='block_1_79' title="bbox 2055 3617 3677 3689">
    <p class='ocr_par' dir='ltr' id='par_1_79' title="bbox 2055 3617 3677 3689">
     <span class='ocr_line' id='line_1_80' title="bbox 2055 3617 3677 3689; baseline 0.002 -17"><span class='ocrx_word' id='word_1_625' title='bbox 2055 3618 2346 3685; x_wconf 89' lang='lat' dir='ltr'><strong>dicendus,</strong></span> <span class='ocrx_word' id='word_1_626' title='bbox 2375 3628 2434 3673; x_wconf 91' lang='lat' dir='ltr'><strong>ut</strong></span> <span class='ocrx_word' id='word_1_627' title='bbox 2472 3619 2637 3674; x_wconf 92' lang='lat' dir='ltr'><strong>modo</strong></span> <span class='ocrx_word' id='word_1_628' title='bbox 2677 3617 2770 3672; x_wconf 86' lang='lat' dir='ltr'><strong>ﬁat</strong></span> <span class='ocrx_word' id='word_1_629' title='bbox 2799 3619 2945 3689; x_wconf 91' lang='lat' dir='ltr'><strong>quod</strong></span> <span class='ocrx_word' id='word_1_630' title='bbox 2983 3626 3114 3674; x_wconf 92' lang='lat' dir='ltr'><strong>tunc</strong></span> <span class='ocrx_word' id='word_1_631' title='bbox 3155 3620 3369 3677; x_wconf 82' lang='lat' dir='ltr'><strong>futurus</strong></span> <span class='ocrx_word' id='word_1_632' title='bbox 3414 3631 3550 3678; x_wconf 89' lang='lat' dir='ltr'><strong>erat.</strong></span> <span class='ocrx_word' id='word_1_633' title='bbox 3615 3623 3677 3676; x_wconf 93' lang='lat' dir='ltr'><strong>Et</strong></span> 
     </span>
    </p>
   </div>
   <div class='ocr_carea' id='block_1_80' title="bbox 2055 3707 3676 3781">
    <p class='ocr_par' dir='ltr' id='par_1_80' title="bbox 2055 3707 3676 3781">
     <span class='ocr_line' id='line_1_81' title="bbox 2055 3707 3676 3781; baseline 0.001 -17"><span class='ocrx_word' id='word_1_634' title='bbox 2055 3709 2186 3781; x_wconf 89' lang='lat' dir='ltr'><strong>quia</strong></span> <span class='ocrx_word' id='word_1_635' title='bbox 2226 3710 2344 3763; x_wconf 64' lang='lat' dir='ltr'><strong>haec</strong></span> <span class='ocrx_word' id='word_1_636' title='bbox 2392 3707 2530 3764; x_wconf 90' lang='lat' dir='ltr'><strong>fides</strong></span> <span class='ocrx_word' id='word_1_637' title='bbox 2552 3723 2662 3762; x_wconf 88' lang='lat' dir='ltr'><strong>una</strong></span> <span class='ocrx_word' id='word_1_638' title='bbox 2687 3713 2770 3762; x_wconf 90' lang='lat' dir='ltr'><strong>est</strong></span> <span class='ocrx_word' id='word_1_639' title='bbox 2798 3707 2855 3761; x_wconf 91' lang='lat' dir='ltr'><strong>in</strong></span> <span class='ocrx_word' id='word_1_640' title='bbox 2883 3714 2994 3763; x_wconf 91' lang='lat' dir='ltr'><strong>tota</strong></span> <span class='ocrx_word' id='word_1_641' title='bbox 3027 3709 3289 3778; x_wconf 82' lang='lat' dir='ltr'><strong>Ecclesia,</strong></span> <span class='ocrx_word' id='word_1_642' title='bbox 3318 3719 3372 3767; x_wconf 90' lang='lat' dir='ltr'><strong>et</strong></span> <span class='ocrx_word' id='word_1_643' title='bbox 3413 3713 3509 3766; x_wconf 89' lang='lat' dir='ltr'><strong>ille</strong></span> <span class='ocrx_word' id='word_1_644' title='bbox 3534 3729 3676 3768; x_wconf 81' lang='lat' dir='ltr'><strong>unus</strong></span> 
     </span>
    </p>
   </div>
   <div class='ocr_carea' id='block_1_81' title="bbox 2052 3797 3677 3864">
    <p class='ocr_par' dir='ltr' id='par_1_81' title="bbox 2052 3797 3677 3864">
     <span class='ocr_line' id='line_1_82' title="bbox 2052 3797 3677 3864; baseline 0 -8"><span class='ocrx_word' id='word_1_645' title='bbox 2052 3801 2141 3856; x_wconf 91' lang='lat' dir='ltr'><strong>cui</strong></span> <span class='ocrx_word' id='word_1_646' title='bbox 2162 3807 2292 3855; x_wconf 93' lang='lat' dir='ltr'><strong>tunc</strong></span> <span class='ocrx_word' id='word_1_647' title='bbox 2323 3806 2378 3854; x_wconf 92' lang='lat' dir='ltr'><strong>et</strong></span> <span class='ocrx_word' id='word_1_648' title='bbox 2415 3797 2581 3856; x_wconf 89' lang='lat' dir='ltr'><strong>modo</strong></span> <span class='ocrx_word' id='word_1_649' title='bbox 2622 3797 2878 3864; x_wconf 74' lang='lat' dir='ltr'><strong>oﬁertur;</strong></span> <span class='ocrx_word' id='word_1_650' title='bbox 2920 3797 3046 3853; x_wconf 90' lang='lat' dir='ltr'><strong>ideo</strong></span> <span class='ocrx_word' id='word_1_651' title='bbox 3078 3806 3132 3853; x_wconf 89' lang='lat' dir='ltr'><strong>et</strong></span> <span class='ocrx_word' id='word_1_652' title='bbox 3159 3800 3296 3854; x_wconf 84' lang='lat' dir='ltr'><strong>calix</strong></span> <span class='ocrx_word' id='word_1_653' title='bbox 3354 3817 3476 3856; x_wconf 92' lang='lat' dir='ltr'><strong>cum</strong></span> <span class='ocrx_word' id='word_1_654' title='bbox 3530 3803 3677 3858; x_wconf 88' lang='lat' dir='ltr'><strong>acci-</strong></span> 
     </span>
    </p>
   </div>
   <div class='ocr_carea' id='block_1_82' title="bbox 2056 3885 3679 3960">
    <p class='ocr_par' dir='ltr' id='par_1_82' title="bbox 2056 3885 3679 3960">
     <span class='ocr_line' id='line_1_83' title="bbox 2056 3885 3679 3960; baseline 0.002 -18"><span class='ocrx_word' id='word_1_655' title='bbox 2056 3889 2225 3960; x_wconf 89' lang='lat' dir='ltr'><strong>pitur,</strong></span> <span class='ocrx_word' id='word_1_656' title='bbox 2285 3887 2445 3942; x_wconf 89' lang='lat' dir='ltr'><strong>etiam</strong></span> <span class='ocrx_word' id='word_1_657' title='bbox 2510 3886 2579 3940; x_wconf 90' lang='lat' dir='ltr'><strong>ad</strong></span> <span class='ocrx_word' id='word_1_658' title='bbox 2613 3885 2803 3940; x_wconf 87' lang='lat' dir='ltr'><strong>divina</strong></span> <span class='ocrx_word' id='word_1_659' title='bbox 2858 3885 3028 3940; x_wconf 90' lang='lat' dir='ltr'><strong>verba</strong></span> <span class='ocrx_word' id='word_1_660' title='bbox 3073 3896 3156 3942; x_wconf 93' lang='lat' dir='ltr'><strong>est</strong></span> <span class='ocrx_word' id='word_1_661' title='bbox 3201 3904 3366 3956; x_wconf 89' lang='lat' dir='ltr'><strong>unus,</strong></span> <span class='ocrx_word' id='word_1_662' title='bbox 3443 3889 3586 3945; x_wconf 89' lang='lat' dir='ltr'><strong>sicut</strong></span> <span class='ocrx_word' id='word_1_663' title='bbox 3625 3901 3679 3946; x_wconf 92' lang='lat' dir='ltr'><strong>et</strong></span> 
     </span>
    </p>
   </div>
   <div class='ocr_carea' id='block_1_83' title="bbox 2057 3974 3678 4049">
    <p class='ocr_par' dir='ltr' id='par_1_83' title="bbox 2057 3974 3678 4049">
     <span class='ocr_line' id='line_1_84' title="bbox 2057 3974 3678 4049; baseline 0 -15"><span class='ocrx_word' id='word_1_664' title='bbox 2057 3977 2304 4034; x_wconf 88' lang='lat' dir='ltr'><strong>omnium</strong></span> <span class='ocrx_word' id='word_1_665' title='bbox 2337 3976 2694 4032; x_wconf 88' lang='lat' dir='ltr'><strong>ecclesiarum</strong></span> <span class='ocrx_word' id='word_1_666' title='bbox 2723 3974 2896 4031; x_wconf 87' lang='lat' dir='ltr'><strong>altare</strong></span> <span class='ocrx_word' id='word_1_667' title='bbox 2923 3975 3123 4031; x_wconf 89' lang='lat' dir='ltr'><strong>dicitur</strong></span> <span class='ocrx_word' id='word_1_668' title='bbox 3144 3992 3337 4044; x_wconf 91' lang='lat' dir='ltr'><strong>unum,</strong></span> <span class='ocrx_word' id='word_1_669' title='bbox 3369 3993 3502 4049; x_wconf 77' lang='lat' dir='ltr'><strong>quia</strong></span> <span class='ocrx_word' id='word_1_670' title='bbox 3525 3978 3582 4032; x_wconf 92' lang='lat' dir='ltr'><strong>in</strong></span> <span class='ocrx_word' id='word_1_671' title='bbox 3612 3993 3678 4034; x_wconf 93' lang='lat' dir='ltr'><strong>eo</strong></span> 
     </span>
    </p>
   </div>
   <div class='ocr_carea' id='block_1_84' title="bbox 2057 4066 3678 4140">
    <p class='ocr_par' dir='ltr' id='par_1_84' title="bbox 2057 4066 3678 4140">
     <span class='ocr_line' id='line_1_85' title="bbox 2057 4066 3678 4140; baseline -0.001 -14"><span class='ocrx_word' id='word_1_672' title='bbox 2057 4069 2364 4126; x_wconf 90' lang='lat' dir='ltr'><strong>secundum</strong></span> <span class='ocrx_word' id='word_1_673' title='bbox 2412 4083 2575 4124; x_wconf 89' lang='lat' dir='ltr'><strong>unam</strong></span> <span class='ocrx_word' id='word_1_674' title='bbox 2631 4066 2830 4132; x_wconf 89' lang='lat' dir='ltr'><strong>fidem,</strong></span> <span class='ocrx_word' id='word_1_675' title='bbox 2889 4082 3058 4122; x_wconf 92' lang='lat' dir='ltr'><strong>unum</strong></span> <span class='ocrx_word' id='word_1_676' title='bbox 3114 4068 3384 4124; x_wconf 90' lang='lat' dir='ltr'><strong>Dominici</strong></span> <span class='ocrx_word' id='word_1_677' title='bbox 3427 4072 3678 4140; x_wconf 87' lang='lat' dir='ltr'><strong>corporis</strong></span> 
     </span>
    </p>
   </div>
   <div class='ocr_carea' id='block_1_85' title="bbox 2059 4159 2950 4233">
    <p class='ocr_par' dir='ltr' id='par_1_85' title="bbox 2059 4159 2950 4233">
     <span class='ocr_line' id='line_1_86' title="bbox 2059 4159 2950 4233; baseline -0.009 -14"><span class='ocrx_word' id='word_1_678' title='bbox 2059 4161 2287 4219; x_wconf 85' lang='lat' dir='ltr'><strong>offertur</strong></span> <span class='ocrx_word' id='word_1_679' title='bbox 2317 4161 2569 4233; x_wconf 90' lang='lat' dir='ltr'><strong>quotidie</strong></span> <span class='ocrx_word' id='word_1_680' title='bbox 2597 4159 2950 4216; x_wconf 87' lang='lat' dir='ltr'><strong>sacrificium.</strong></span> 
     </span>
    </p>
   </div>
   <div class='ocr_carea' id='block_1_86' title="bbox 2132 4251 3678 4325">
    <p class='ocr_par' dir='ltr' id='par_1_86' title="bbox 2132 4251 3678 4325">
     <span class='ocr_line' id='line_1_87' title="bbox 2132 4251 3678 4325; baseline 0.002 -16"><span class='ocrx_word' id='word_1_681' title='bbox 2132 4254 2478 4310; x_wconf 69' lang='lat' dir='ltr'><strong>Praeclarum.</strong></span> <span class='ocrx_word' id='word_1_682' title='bbox 2513 4251 2842 4308; x_wconf 73' lang='lat' dir='ltr'><strong>Praeclarum</strong></span> <span class='ocrx_word' id='word_1_683' title='bbox 2885 4251 3018 4307; x_wconf 90' lang='lat' dir='ltr'><strong>dicit</strong></span> <span class='ocrx_word' id='word_1_684' title='bbox 3060 4252 3288 4309; x_wconf 87' lang='lat' dir='ltr'><strong>calicem</strong></span> <span class='ocrx_word' id='word_1_685' title='bbox 3331 4253 3513 4310; x_wconf 90' lang='lat' dir='ltr'><strong>adhuc</strong></span> <span class='ocrx_word' id='word_1_686' title='bbox 3539 4256 3678 4325; x_wconf 90' lang='lat' dir='ltr'><strong>vini,</strong></span> 
     </span>
    </p>
   </div>
   <div class='ocr_carea' id='block_1_87' title="bbox 2061 4346 3682 4422">
    <p class='ocr_par' dir='ltr' id='par_1_87' title="bbox 2061 4346 3682 4422">
     <span class='ocr_line' id='line_1_88' title="bbox 2061 4346 3682 4422; baseline 0.001 -17"><span class='ocrx_word' id='word_1_687' title='bbox 2061 4365 2238 4421; x_wconf 89' lang='lat' dir='ltr'><strong>usque</strong></span> <span class='ocrx_word' id='word_1_688' title='bbox 2278 4349 2407 4404; x_wconf 90' lang='lat' dir='ltr'><strong>dum</strong></span> <span class='ocrx_word' id='word_1_689' title='bbox 2453 4348 2634 4402; x_wconf 89' lang='lat' dir='ltr'><strong>statim</strong></span> <span class='ocrx_word' id='word_1_690' title='bbox 2685 4346 2778 4403; x_wconf 86' lang='lat' dir='ltr'><strong>fiet</strong></span> <span class='ocrx_word' id='word_1_691' title='bbox 2821 4347 3137 4418; x_wconf 67' lang='lat' dir='ltr'><strong>praeclarus,</strong></span> <span class='ocrx_word' id='word_1_692' title='bbox 3195 4349 3416 4419; x_wconf 90' lang='lat' dir='ltr'><strong>quando</strong></span> <span class='ocrx_word' id='word_1_693' title='bbox 3455 4351 3682 4422; x_wconf 82' lang='lat' dir='ltr'><strong>sanguis</strong></span> 
     </span>
    </p>
   </div>
   <div class='ocr_carea' id='block_1_88' title="bbox 2061 4436 3683 4509">
    <p class='ocr_par' dir='ltr' id='par_1_88' title="bbox 2061 4436 3683 4509">
     <span class='ocr_line' id='line_1_89' title="bbox 2061 4436 3683 4509; baseline 0.001 -16"><span class='ocrx_word' id='word_1_694' title='bbox 2061 4437 2188 4506; x_wconf 90' lang='lat' dir='ltr'><strong>erit,</strong></span> <span class='ocrx_word' id='word_1_695' title='bbox 2228 4438 2370 4492; x_wconf 88' lang='lat' dir='ltr'><strong>sicut</strong></span> <span class='ocrx_word' id='word_1_696' title='bbox 2395 4436 2661 4507; x_wconf 89' lang='lat' dir='ltr'><strong>scriptum</strong></span> <span class='ocrx_word' id='word_1_697' title='bbox 2692 4442 2807 4490; x_wconf 89' lang='lat' dir='ltr'><strong>est:</strong></span> <span class='ocrx_word' id='word_1_698' title='bbox 2835 4437 2998 4491; x_wconf 72' lang='lat' dir='ltr'><strong>Calia:</strong></span> <span class='ocrx_word' id='word_1_699' title='bbox 3036 4452 3179 4491; x_wconf 85' lang='lat' dir='ltr'><strong>meus</strong></span> <span class='ocrx_word' id='word_1_700' title='bbox 3205 4439 3488 4493; x_wconf 86' lang='lat' dir='ltr'><strong>inebrians</strong></span> <span class='ocrx_word' id='word_1_701' title='bbox 3517 4456 3683 4509; x_wconf 84' lang='lat' dir='ltr'><strong>quam</strong></span> 
     </span>
    </p>
   </div>
   <div class='ocr_carea' id='block_1_89' title="bbox 1977 4491 3681 4600">
    <p class='ocr_par' dir='ltr' id='par_1_89' title="bbox 1977 4491 3681 4600">
     <span class='ocr_line' id='line_1_90' title="bbox 1977 4491 3681 4600; baseline 0.001 -15"><span class='ocrx_word' id='word_1_702' title='bbox 1977 4491 2036 4560; x_wconf 86' lang='lat' dir='ltr'><strong>D</strong></span> <span class='ocrx_word' id='word_1_703' title='bbox 2060 4491 2356 4600; x_wconf 63' lang='lat' dir='ltr'><strong>praeturas</strong></span> <span class='ocrx_word' id='word_1_704' title='bbox 2397 4532 2472 4582; x_wconf 91' lang='lat' dir='ltr'><strong>est</strong></span> <span class='ocrx_word' id='word_1_705' title='bbox 2508 4491 2698 4594; x_wconf 75' lang='grc' dir='ltr'><strong>⁸(Ρεαι.</strong></span> <span class='ocrx_word' id='word_1_706' title='bbox 2739 4531 2888 4595; x_wconf 76' lang='lat' dir='ltr'><strong>xxii).</strong></span> <span class='ocrx_word' id='word_1_707' title='bbox 2944 4527 3038 4581; x_wconf 87' lang='lat' dir='ltr'><strong>Vel</strong></span> <span class='ocrx_word' id='word_1_708' title='bbox 3091 4528 3155 4581; x_wconf 88' lang='lat' dir='ltr'><strong>ad</strong></span> <span class='ocrx_word' id='word_1_709' title='bbox 3210 4491 3681 4599; x_wconf 68' lang='lat' dir='ltr'><strong>comparatibnem</strong></span> 
     </span>
    </p>
   </div>
   <div class='ocr_carea' id='block_1_90' title="bbox 2063 4618 3679 4694">
    <p class='ocr_par' dir='ltr' id='par_1_90' title="bbox 2063 4618 3679 4694">
     <span class='ocr_line' id='line_1_91' title="bbox 2063 4618 3679 4694; baseline -0.001 -15"><span class='ocrx_word' id='word_1_710' title='bbox 2063 4623 2184 4692; x_wconf 88' lang='lat' dir='ltr'><strong>ejus</strong></span> <span class='ocrx_word' id='word_1_711' title='bbox 2223 4637 2388 4694; x_wconf 90' lang='lat' dir='ltr'><strong>quem</strong></span> <span class='ocrx_word' id='word_1_712' title='bbox 2428 4619 2628 4676; x_wconf 90' lang='lat' dir='ltr'><strong>obtulit</strong></span> <span class='ocrx_word' id='word_1_713' title='bbox 2648 4618 3075 4686; x_wconf 86' lang='lat' dir='ltr'><strong>Melchisedech,</strong></span> <span class='ocrx_word' id='word_1_714' title='bbox 3123 4628 3178 4675; x_wconf 92' lang='lat' dir='ltr'><strong>et</strong></span> <span class='ocrx_word' id='word_1_715' title='bbox 3208 4629 3531 4677; x_wconf 84' lang='lat' dir='ltr'><strong>caeterorum</strong></span> <span class='ocrx_word' id='word_1_716' title='bbox 3568 4624 3679 4678; x_wconf 86' lang='lat' dir='ltr'><strong>Ve-</strong></span> 
     </span>
    </p>
   </div>
   <div class='ocr_carea' id='block_1_91' title="bbox 2063 4711 3685 4782">
    <p class='ocr_par' dir='ltr' id='par_1_91' title="bbox 2063 4711 3685 4782">
     <span class='ocr_line' id='line_1_92' title="bbox 2063 4711 3685 4782; baseline 0.004 -16"><span class='ocrx_word' id='word_1_717' title='bbox 2063 4713 2193 4770; x_wconf 91' lang='lat' dir='ltr'><strong>teris</strong></span> <span class='ocrx_word' id='word_1_718' title='bbox 2232 4711 2588 4778; x_wconf 89' lang='lat' dir='ltr'><strong>Testamenti,</strong></span> <span class='ocrx_word' id='word_1_719' title='bbox 2633 4711 2719 4766; x_wconf 88' lang='lat' dir='ltr'><strong>vel</strong></span> <span class='ocrx_word' id='word_1_720' title='bbox 2751 4717 2974 4782; x_wconf 82' lang='lat' dir='ltr'><strong>prepter</strong></span> <span class='ocrx_word' id='word_1_721' title='bbox 3013 4712 3330 4782; x_wconf 65' lang='lat' dir='ltr'><strong>praeclaram</strong></span> <span class='ocrx_word' id='word_1_722' title='bbox 3380 4714 3528 4770; x_wconf 91' lang='lat' dir='ltr'><strong>illius</strong></span> <span class='ocrx_word' id='word_1_723' title='bbox 3565 4733 3685 4771; x_wconf 90' lang='lat' dir='ltr'><strong>ma-</strong></span> 
     </span>
    </p>
   </div>
   <div class='ocr_carea' id='block_1_92' title="bbox 349 4802 3679 4881">
    <p class='ocr_par' dir='ltr' id='par_1_92' title="bbox 349 4802 3679 4881">
     <span class='ocr_line' id='line_1_93' title="bbox 349 4802 3679 4881; baseline -0.004 -5"><span class='ocrx_word' id='word_1_724' title='bbox 349 4820 469 4876; x_wconf 83' lang='lat' dir='ltr'><strong>Non</strong></span> <span class='ocrx_word' id='word_1_725' title='bbox 510 4825 592 4874; x_wconf 87' lang='lat' dir='ltr'><strong>est</strong></span> <span class='ocrx_word' id='word_1_726' title='bbox 617 4817 764 4873; x_wconf 89' lang='lat' dir='ltr'><strong>enim</strong></span> <span class='ocrx_word' id='word_1_727' title='bbox 795 4816 950 4872; x_wconf 92' lang='lat' dir='ltr'><strong>locus</strong></span> <span class='ocrx_word' id='word_1_728' title='bbox 979 4815 1093 4871; x_wconf 90' lang='lat' dir='ltr'><strong>veri</strong></span> <span class='ocrx_word' id='word_1_729' title='bbox 1133 4811 1411 4881; x_wconf 83' lang='lat' dir='ltr'><strong>sacriﬁcii,</strong></span> <span class='ocrx_word' id='word_1_730' title='bbox 1451 4819 1601 4868; x_wconf 88' lang='lat' dir='ltr'><strong>extra</strong></span> <span class='ocrx_word' id='word_1_731' title='bbox 1629 4811 1956 4868; x_wconf 87' lang='lat' dir='ltr'><strong>catholicam</strong></span> <span class='ocrx_word' id='word_1_732' title='bbox 2053 4807 2332 4878; x_wconf 87' lang='lat' dir='ltr'><strong>jestatem,</strong></span> <span class='ocrx_word' id='word_1_733' title='bbox 2374 4804 2460 4860; x_wconf 92' lang='lat' dir='ltr'><strong>cui</strong></span> <span class='ocrx_word' id='word_1_734' title='bbox 2493 4802 2741 4859; x_wconf 80' lang='lat' dir='ltr'><strong>oﬁertur.</strong></span> <span class='ocrx_word' id='word_1_735' title='bbox 2779 4802 2932 4858; x_wconf 90' lang='lat' dir='ltr'><strong>Unde</strong></span> <span class='ocrx_word' id='word_1_736' title='bbox 2958 4813 3013 4859; x_wconf 90' lang='lat' dir='ltr'><strong>et</strong></span> <span class='ocrx_word' id='word_1_737' title='bbox 3047 4804 3101 4859; x_wconf 91' lang='lat' dir='ltr'><strong>in</strong></span> <span class='ocrx_word' id='word_1_738' title='bbox 3127 4807 3496 4877; x_wconf 89' lang='lat' dir='ltr'><strong>sequentibus</strong></span> <span class='ocrx_word' id='word_1_739' title='bbox 3535 4809 3679 4864; x_wconf 88' lang='lat' dir='ltr'><strong>dici-</strong></span> 
     </span>
    </p>
   </div>
   <div class='ocr_carea' id='block_1_93' title="bbox 352 4910 676 4967">
    <p class='ocr_par' dir='ltr' id='par_1_93' title="bbox 352 4910 676 4967">
     <span class='ocr_line' id='line_1_94' title="bbox 352 4910 676 4967; baseline -0.009 0"><span class='ocrx_word' id='word_1_740' title='bbox 352 4910 676 4967; x_wconf 75' lang='lat' dir='ltr'><strong>Ecclesium.</strong></span> 
     </span>
    </p>
   </div>
   <div class='ocr_carea' id='block_1_94' title="bbox 425 4998 1821 5070">
    <p class='ocr_par' dir='ltr' id='par_1_94' title="bbox 425 4998 1821 5070">
     <span class='ocr_line' id='line_1_95' title="bbox 425 4998 1821 5070; baseline -0.006 -15"><span class='ocrx_word' id='word_1_741' title='bbox 425 5000 525 5066; x_wconf 82' lang='lat' dir='ltr'><strong>Qui</strong></span> <span class='ocrx_word' id='word_1_742' title='bbox 541 4998 724 5070; x_wconf 80' lang='lat' dir='ltr'><strong>pridie</strong></span> <span class='ocrx_word' id='word_1_743' title='bbox 751 5012 914 5068; x_wconf 87' lang='lat' dir='ltr'><strong>quam</strong></span> <span class='ocrx_word' id='word_1_744' title='bbox 927 4999 1223 5068; x_wconf 81' lang='lat' dir='ltr'><strong>pateretur,</strong></span> <span class='ocrx_word' id='word_1_745' title='bbox 1250 5009 1426 5066; x_wconf 91' lang='lat' dir='ltr'><strong>usque</strong></span> <span class='ocrx_word' id='word_1_746' title='bbox 1454 5008 1646 5048; x_wconf 84' lang='lat' dir='ltr'><strong>manus</strong></span> <span class='ocrx_word' id='word_1_747' title='bbox 1675 5006 1821 5048; x_wconf 81' lang='lat' dir='ltr'><strong>suas.</strong></span> 
     </span>
    </p>
   </div>
   <div class='ocr_carea' id='block_1_95' title="bbox 428 5081 1893 5161">
    <p class='ocr_par' dir='ltr' id='par_1_95' title="bbox 428 5081 1893 5161">
     <span class='ocr_line' id='line_1_96' title="bbox 428 5081 1893 5161; baseline -0.005 -14"><span class='ocrx_word' id='word_1_748' title='bbox 428 5081 649 5161; x_wconf 81' lang='lat' dir='ltr'><strong>Accepit</strong></span> <span class='ocrx_word' id='word_1_749' title='bbox 669 5103 882 5160; x_wconf 81' lang='lat' dir='ltr'><strong>partem,</strong></span> <span class='ocrx_word' id='word_1_750' title='bbox 918 5089 1100 5143; x_wconf 91' lang='lat' dir='ltr'><strong>adhuc</strong></span> <span class='ocrx_word' id='word_1_751' title='bbox 1129 5103 1347 5159; x_wconf 89' lang='lat' dir='ltr'><strong>panem,</strong></span> <span class='ocrx_word' id='word_1_752' title='bbox 1379 5085 1623 5141; x_wconf 90' lang='lat' dir='ltr'><strong>nondum</strong></span> <span class='ocrx_word' id='word_1_753' title='bbox 1654 5100 1893 5140; x_wconf 85' lang='lat' dir='ltr'><strong>carmen.</strong></span> 
     </span>
    </p>
   </div>
   <div class='ocr_carea' id='block_1_96' title="bbox 427 5177 1965 5237">
    <p class='ocr_par' dir='ltr' id='par_1_96' title="bbox 427 5177 1965 5237">
     <span class='ocr_line' id='line_1_97' title="bbox 427 5177 1965 5237; baseline -0.005 -1"><span class='ocrx_word' id='word_1_754' title='bbox 427 5185 496 5237; x_wconf 87' lang='lat' dir='ltr'><strong>Et</strong></span> <span class='ocrx_word' id='word_1_755' title='bbox 528 5182 744 5235; x_wconf 86' lang='lat' dir='ltr'><strong>elevatis</strong></span> <span class='ocrx_word' id='word_1_756' title='bbox 800 5179 967 5234; x_wconf 86' lang='lat' dir='ltr'><strong>oculis</strong></span> <span class='ocrx_word' id='word_1_757' title='bbox 1018 5181 1082 5234; x_wconf 85' lang='lat' dir='ltr'><strong>in</strong></span> <span class='ocrx_word' id='word_1_758' title='bbox 1119 5178 1306 5232; x_wconf 70' lang='lat' dir='ltr'><strong>ctutum</strong></span> <span class='ocrx_word' id='word_1_759' title='bbox 1345 5177 1419 5230; x_wconf 87' lang='lat' dir='ltr'><strong>ad</strong></span> <span class='ocrx_word' id='word_1_760' title='bbox 1460 5181 1507 5230; x_wconf 88' lang='lat' dir='ltr'><strong>te</strong></span> <span class='ocrx_word' id='word_1_761' title='bbox 1545 5177 1708 5229; x_wconf 85' lang='lat' dir='ltr'><strong>Deum</strong></span> <span class='ocrx_word' id='word_1_762' title='bbox 1749 5177 1965 5230; x_wconf 86' lang='lat' dir='ltr'><strong>Patrem</strong></span> 
     </span>
    </p>
   </div>
   <div class='ocr_carea' id='block_1_97' title="bbox 349 5267 1964 5343">
    <p class='ocr_par' dir='ltr' id='par_1_97' title="bbox 349 5267 1964 5343">
     <span class='ocr_line' id='line_1_98' title="bbox 349 5267 1964 5343; baseline -0.005 -13"><span class='ocrx_word' id='word_1_763' title='bbox 349 5276 768 5343; x_wconf 82' lang='lat' dir='ltr'><strong>omnipotentem</strong></span> <span class='ocrx_word' id='word_1_764' title='bbox 795 5273 896 5328; x_wconf 85' lang='lat' dir='ltr'><strong>tibi</strong></span> <span class='ocrx_word' id='word_1_765' title='bbox 919 5272 1126 5338; x_wconf 78' lang='lat' dir='ltr'><strong>gratias</strong></span> <span class='ocrx_word' id='word_1_766' title='bbox 1143 5286 1308 5338; x_wconf 83' lang='lat' dir='ltr'><strong>agens</strong></span> <span class='ocrx_word' id='word_1_767' title='bbox 1330 5270 1602 5324; x_wconf 66' lang='lat' dir='ltr'><strong>benedixit</strong></span> <span class='ocrx_word' id='word_1_768' title='bbox 1653 5267 1964 5334; x_wconf 86' lang='lat' dir='ltr'><strong>Benedixit,</strong></span> 
     </span>
    </p>
   </div>
   <div class='ocr_carea' id='block_1_98' title="bbox 353 5356 1965 5432">
    <p class='ocr_par' dir='ltr' id='par_1_98' title="bbox 353 5356 1965 5432">
     <span class='ocr_line' id='line_1_99' title="bbox 353 5356 1965 5432; baseline -0.006 -14"><span class='ocrx_word' id='word_1_769' title='bbox 353 5374 515 5418; x_wconf 88' lang='lat' dir='ltr'><strong>suum</strong></span> <span class='ocrx_word' id='word_1_770' title='bbox 576 5379 776 5432; x_wconf 91' lang='lat' dir='ltr'><strong>corpus</strong></span> <span class='ocrx_word' id='word_1_771' title='bbox 815 5361 962 5416; x_wconf 83' lang='lat' dir='ltr'><strong>fecit.</strong></span> <span class='ocrx_word' id='word_1_772' title='bbox 1019 5359 1118 5424; x_wconf 86' lang='lat' dir='ltr'><strong>Qui</strong></span> <span class='ocrx_word' id='word_1_773' title='bbox 1154 5359 1306 5430; x_wconf 90' lang='lat' dir='ltr'><strong>prius</strong></span> <span class='ocrx_word' id='word_1_774' title='bbox 1347 5365 1464 5413; x_wconf 89' lang='lat' dir='ltr'><strong>erat</strong></span> <span class='ocrx_word' id='word_1_775' title='bbox 1502 5357 1682 5428; x_wconf 90' lang='lat' dir='ltr'><strong>panis,</strong></span> <span class='ocrx_word' id='word_1_776' title='bbox 1731 5356 1965 5410; x_wconf 89' lang='lat' dir='ltr'><strong>benedi-</strong></span> 
     </span>
    </p>
   </div>
   <div class='ocr_carea' id='block_1_99' title="bbox 353 5447 1959 5519">
    <p class='ocr_par' dir='ltr' id='par_1_99' title="bbox 353 5447 1959 5519">
     <span class='ocr_line' id='line_1_100' title="bbox 353 5447 1959 5519; baseline -0.006 -8"><span class='ocrx_word' id='word_1_777' title='bbox 353 5456 542 5511; x_wconf 89' lang='lat' dir='ltr'><strong>ctione</strong></span> <span class='ocrx_word' id='word_1_778' title='bbox 586 5455 764 5510; x_wconf 90' lang='lat' dir='ltr'><strong>factus</strong></span> <span class='ocrx_word' id='word_1_779' title='bbox 794 5460 876 5508; x_wconf 89' lang='lat' dir='ltr'><strong>est</strong></span> <span class='ocrx_word' id='word_1_780' title='bbox 905 5465 1053 5507; x_wconf 87' lang='lat' dir='ltr'><strong>caro.</strong></span> <span class='ocrx_word' id='word_1_781' title='bbox 1096 5451 1254 5507; x_wconf 85' lang='lat' dir='ltr'><strong>Modo</strong></span> <span class='ocrx_word' id='word_1_782' title='bbox 1287 5465 1438 5518; x_wconf 81' lang='lat' dir='ltr'><strong>caro,</strong></span> <span class='ocrx_word' id='word_1_783' title='bbox 1477 5450 1587 5519; x_wconf 90' lang='lat' dir='ltr'><strong>jam</strong></span> <span class='ocrx_word' id='word_1_784' title='bbox 1637 5462 1748 5502; x_wconf 90' lang='lat' dir='ltr'><strong>non</strong></span> <span class='ocrx_word' id='word_1_785' title='bbox 1782 5447 1959 5518; x_wconf 89' lang='lat' dir='ltr'><strong>panis.</strong></span> 
     </span>
    </p>
   </div>
   <div class='ocr_carea' id='block_1_100' title="bbox 435 5595 1968 5682">
    <p class='ocr_par' dir='ltr' id='par_1_100' title="bbox 435 5595 1968 5682">
     <span class='ocr_line' id='line_1_101' title="bbox 435 5595 1968 5682; baseline -0.004 -18"><span class='ocrx_word' id='word_1_786' title='bbox 435 5611 512 5682; x_wconf 74' lang='grc'><strong>(2)</strong></span> <span class='ocrx_word' id='word_1_787' title='bbox 552 5610 668 5682; x_wconf 85' lang='lat' dir='ltr'><strong>Non</strong></span> <span class='ocrx_word' id='word_1_788' title='bbox 699 5609 865 5682; x_wconf 80' lang='lat' dir='ltr'><strong>enim</strong></span> <span class='ocrx_word' id='word_1_789' title='bbox 901 5595 1062 5682; x_wconf 81' lang='lat' dir='ltr'><strong>panis</strong></span> <span class='ocrx_word' id='word_1_790' title='bbox 1111 5603 1629 5682; x_wconf 66' lang='lat' dir='ltr'><strong>transubstantiatur</strong></span> <span class='ocrx_word' id='word_1_791' title='bbox 1668 5605 1724 5657; x_wconf 92' lang='lat' dir='ltr'><strong>in</strong></span> <span class='ocrx_word' id='word_1_792' title='bbox 1763 5619 1968 5682; x_wconf 85' lang='lat' dir='ltr'><strong>corpus</strong></span> 
     </span>
    </p>
   </div>
   <div class='ocr_carea' id='block_1_101' title="bbox 362 5677 1967 5747">
    <p class='ocr_par' dir='ltr' id='par_1_101' title="bbox 362 5677 1967 5747">
     <span class='ocr_line' id='line_1_102' title="bbox 362 5677 1967 5747; baseline -0.006 -9"><span class='ocrx_word' id='word_1_793' title='bbox 362 5677 581 5747; x_wconf 80' lang='lat' dir='ltr'><strong>ChriSti,</strong></span> <span class='ocrx_word' id='word_1_794' title='bbox 606 5679 712 5734; x_wconf 92' lang='lat' dir='ltr'><strong>nisi</strong></span> <span class='ocrx_word' id='word_1_795' title='bbox 738 5677 935 5734; x_wconf 84' lang='lat' dir='ltr'><strong>virtute</strong></span> <span class='ocrx_word' id='word_1_796' title='bbox 967 5679 1184 5734; x_wconf 89' lang='lat' dir='ltr'><strong>illorum</strong></span> <span class='ocrx_word' id='word_1_797' title='bbox 1211 5677 1532 5732; x_wconf 90' lang='lat' dir='ltr'><strong>verborum:</strong></span> <span class='ocrx_word' id='word_1_798' title='bbox 1566 5679 1673 5731; x_wconf 88' lang='lat' dir='ltr'><strong>Hoc</strong></span> <span class='ocrx_word' id='word_1_799' title='bbox 1719 5679 1794 5747; x_wconf 78' lang='lat' dir='ltr'><strong>est</strong></span> <span class='ocrx_word' id='word_1_800' title='bbox 1846 5691 1967 5747; x_wconf 73' lang='lat' dir='ltr'><strong>cor-</strong></span> 
     </span>
    </p>
   </div>
   <div class='ocr_carea' id='block_1_102' title="bbox 357 5745 1967 5827">
    <p class='ocr_par' dir='ltr' id='par_1_102' title="bbox 357 5745 1967 5827">
     <span class='ocr_line' id='line_1_103' title="bbox 357 5745 1967 5827; baseline -0.007 -16"><span class='ocrx_word' id='word_1_801' title='bbox 357 5767 467 5827; x_wconf 83' lang='lat' dir='ltr'><strong>pus</strong></span> <span class='ocrx_word' id='word_1_802' title='bbox 519 5745 711 5819; x_wconf 76' lang='lat' dir='ltr'><strong>meum,</strong></span> <span class='ocrx_word' id='word_1_803' title='bbox 742 5766 847 5807; x_wconf 89' lang='lat' dir='ltr'><strong>nec</strong></span> <span class='ocrx_word' id='word_1_804' title='bbox 889 5757 1018 5808; x_wconf 89' lang='lat' dir='ltr'><strong>ante</strong></span> <span class='ocrx_word' id='word_1_805' title='bbox 1067 5756 1151 5804; x_wconf 86' lang='lat' dir='ltr'><strong>est</strong></span> <span class='ocrx_word' id='word_1_806' title='bbox 1179 5763 1379 5820; x_wconf 90' lang='lat' dir='ltr'><strong>corpus</strong></span> <span class='ocrx_word' id='word_1_807' title='bbox 1414 5764 1511 5819; x_wconf 90' lang='lat' dir='ltr'><strong>per</strong></span> <span class='ocrx_word' id='word_1_808' title='bbox 1539 5747 1706 5802; x_wconf 90' lang='lat' dir='ltr'><strong>ullam</strong></span> <span class='ocrx_word' id='word_1_809' title='bbox 1737 5745 1967 5801; x_wconf 88' lang='lat' dir='ltr'><strong>benedi-</strong></span> 
     </span>
    </p>
   </div>
   <div class='ocr_carea' id='block_1_103' title="bbox 2074 4896 3682 4967">
    <p class='ocr_par' dir='ltr' id='par_1_103' title="bbox 2074 4896 3682 4967">
     <span class='ocr_line' id='line_1_104' title="bbox 2074 4896 3682 4967; baseline 0.001 -11"><span class='ocrx_word' id='word_1_810' title='bbox 2074 4908 2178 4956; x_wconf 91' lang='lat' dir='ltr'><strong>tur.</strong></span> <span class='ocrx_word' id='word_1_811' title='bbox 2241 4897 2530 4954; x_wconf 72' lang='lat' dir='ltr'><strong>Ofierimus</strong></span> <span class='ocrx_word' id='word_1_812' title='bbox 2581 4896 2858 4967; x_wconf 64' lang='lat' dir='ltr'><strong>praeclarae</strong></span> <span class='ocrx_word' id='word_1_813' title='bbox 2925 4897 3195 4966; x_wconf 88' lang='lat' dir='ltr'><strong>majestati</strong></span> <span class='ocrx_word' id='word_1_814' title='bbox 3249 4906 3379 4955; x_wconf 86' lang='lat' dir='ltr'><strong>tuae.</strong></span> <span class='ocrx_word' id='word_1_815' title='bbox 3434 4901 3682 4958; x_wconf 86' lang='lat' dir='ltr'><strong>Calicem.</strong></span> 
     </span>
    </p>
   </div>
   <div class='ocr_carea' id='block_1_104' title="bbox 2072 4985 3683 5061">
    <p class='ocr_par' dir='ltr' id='par_1_104' title="bbox 2072 4985 3683 5061">
     <span class='ocr_line' id='line_1_105' title="bbox 2072 4985 3683 5061; baseline 0.001 -15"><span class='ocrx_word' id='word_1_816' title='bbox 2072 4989 2443 5061; x_wconf 78' lang='lat' dir='ltr'><strong>Metaphorice</strong></span> <span class='ocrx_word' id='word_1_817' title='bbox 2473 4987 2526 5042; x_wconf 92' lang='lat' dir='ltr'><strong>id</strong></span> <span class='ocrx_word' id='word_1_818' title='bbox 2545 4985 2693 5058; x_wconf 92' lang='lat' dir='ltr'><strong>quod</strong></span> <span class='ocrx_word' id='word_1_819' title='bbox 2712 4985 2962 5042; x_wconf 88' lang='lat' dir='ltr'><strong>continet</strong></span> <span class='ocrx_word' id='word_1_820' title='bbox 2976 5003 3070 5057; x_wconf 91' lang='lat' dir='ltr'><strong>pro</strong></span> <span class='ocrx_word' id='word_1_821' title='bbox 3091 5003 3157 5043; x_wconf 88' lang='lat' dir='ltr'><strong>eo</strong></span> <span class='ocrx_word' id='word_1_822' title='bbox 3171 4989 3318 5060; x_wconf 90' lang='lat' dir='ltr'><strong>quod</strong></span> <span class='ocrx_word' id='word_1_823' title='bbox 3345 4991 3683 5059; x_wconf 88' lang='lat' dir='ltr'><strong>continetur,</strong></span> 
     </span>
    </p>
   </div>
   <div class='ocr_carea' id='block_1_105' title="bbox 2071 5076 3168 5148">
    <p class='ocr_par' dir='ltr' id='par_1_105' title="bbox 2071 5076 3168 5148">
     <span class='ocr_line' id='line_1_106' title="bbox 2071 5076 3168 5148; baseline 0 -14"><span class='ocrx_word' id='word_1_824' title='bbox 2071 5079 2125 5134; x_wconf 89' lang='lat' dir='ltr'><strong>id</strong></span> <span class='ocrx_word' id='word_1_825' title='bbox 2156 5085 2240 5134; x_wconf 90' lang='lat' dir='ltr'><strong>est</strong></span> <span class='ocrx_word' id='word_1_826' title='bbox 2265 5093 2359 5132; x_wconf 89' lang='lat' dir='ltr'><strong>vas</strong></span> <span class='ocrx_word' id='word_1_827' title='bbox 2390 5091 2488 5148; x_wconf 92' lang='lat' dir='ltr'><strong>pro</strong></span> <span class='ocrx_word' id='word_1_828' title='bbox 2516 5076 2730 5147; x_wconf 89' lang='lat' dir='ltr'><strong>liquore</strong></span> <span class='ocrx_word' id='word_1_829' title='bbox 2757 5076 2869 5130; x_wconf 89' lang='lat' dir='ltr'><strong>vini</strong></span> <span class='ocrx_word' id='word_1_830' title='bbox 2904 5083 2959 5130; x_wconf 89' lang='lat' dir='ltr'><strong>et</strong></span> <span class='ocrx_word' id='word_1_831' title='bbox 2989 5093 3168 5148; x_wconf 57' lang='lat' dir='ltr'><strong>aqua.</strong></span> 
     </span>
    </p>
   </div>
   <div class='ocr_carea' id='block_1_106' title="bbox 2139 5165 3685 5244">
    <p class='ocr_par' dir='ltr' id='par_1_106' title="bbox 2139 5165 3685 5244">
     <span class='ocr_line' id='line_1_107' title="bbox 2139 5165 3685 5244; baseline 0.002 -22"><span class='ocrx_word' id='word_1_832' title='bbox 2139 5170 2464 5231; x_wconf 74' lang='lat' dir='ltr'><strong>Iri-sanctus,</strong></span> <span class='ocrx_word' id='word_1_833' title='bbox 2487 5172 2618 5230; x_wconf 91' lang='lat' dir='ltr'><strong>etc.,</strong></span> <span class='ocrx_word' id='word_1_834' title='bbox 2639 5179 2816 5236; x_wconf 91' lang='lat' dir='ltr'><strong>usque</strong></span> <span class='ocrx_word' id='word_1_835' title='bbox 2841 5165 3133 5232; x_wconf 66' lang='lat' dir='ltr'><strong>benedixit,</strong></span> <span class='ocrx_word' id='word_1_836' title='bbox 3167 5165 3220 5220; x_wconf 90' lang='lat' dir='ltr'><strong>id</strong></span> <span class='ocrx_word' id='word_1_837' title='bbox 3247 5175 3331 5223; x_wconf 89' lang='lat' dir='ltr'><strong>est</strong></span> <span class='ocrx_word' id='word_1_838' title='bbox 3356 5169 3685 5244; x_wconf 85' lang='lat' dir='ltr'><strong>sanguinem</strong></span> 
     </span>
    </p>
   </div>
   <div class='ocr_carea' id='block_1_107' title="bbox 2066 5260 3688 5333">
    <p class='ocr_par' dir='ltr' id='par_1_107' title="bbox 2066 5260 3688 5333">
     <span class='ocr_line' id='line_1_108' title="bbox 2066 5260 3688 5333; baseline -0.001 -13"><span class='ocrx_word' id='word_1_839' title='bbox 2066 5279 2229 5320; x_wconf 92' lang='lat' dir='ltr'><strong>suum</strong></span> <span class='ocrx_word' id='word_1_840' title='bbox 2261 5261 2413 5317; x_wconf 89' lang='lat' dir='ltr'><strong>fecit.</strong></span> <span class='ocrx_word' id='word_1_841' title='bbox 2445 5261 2606 5316; x_wconf 87' lang='lat' dir='ltr'><strong>Dedit</strong></span> <span class='ocrx_word' id='word_1_842' title='bbox 2653 5260 2960 5331; x_wconf 83' lang='lat' dir='ltr'><strong>discipulis,</strong></span> <span class='ocrx_word' id='word_1_843' title='bbox 3016 5267 3147 5328; x_wconf 87' lang='lat' dir='ltr'><strong>etc.,</strong></span> <span class='ocrx_word' id='word_1_844' title='bbox 3187 5278 3361 5333; x_wconf 89' lang='lat' dir='ltr'><strong>usque</strong></span> <span class='ocrx_word' id='word_1_845' title='bbox 3402 5266 3688 5332; x_wconf 86' lang='lat' dir='ltr'><strong>sanguinis</strong></span> 
     </span>
    </p>
   </div>
   <div class='ocr_carea' id='block_1_108' title="bbox 2064 5352 3690 5430">
    <p class='ocr_par' dir='ltr' id='par_1_108' title="bbox 2064 5352 3690 5430">
     <span class='ocr_line' id='line_1_109' title="bbox 2064 5352 3690 5430; baseline -0.001 -18"><span class='ocrx_word' id='word_1_846' title='bbox 2064 5359 2189 5424; x_wconf 85' lang='lat' dir='ltr'><strong>mei,</strong></span> <span class='ocrx_word' id='word_1_847' title='bbox 2217 5352 2562 5410; x_wconf 90' lang='lat' dir='ltr'><strong>intransitive</strong></span> <span class='ocrx_word' id='word_1_848' title='bbox 2594 5352 2798 5408; x_wconf 89' lang='lat' dir='ltr'><strong>dictum</strong></span> <span class='ocrx_word' id='word_1_849' title='bbox 2830 5361 2940 5419; x_wconf 90' lang='lat' dir='ltr'><strong>est;</strong></span> <span class='ocrx_word' id='word_1_850' title='bbox 2975 5362 3030 5408; x_wconf 85' lang='lat' dir='ltr'><strong>et</strong></span> <span class='ocrx_word' id='word_1_851' title='bbox 3079 5363 3164 5408; x_wconf 90' lang='lat' dir='ltr'><strong>cst</strong></span> <span class='ocrx_word' id='word_1_852' title='bbox 3191 5355 3496 5410; x_wconf 89' lang='lat' dir='ltr'><strong>secundum</strong></span> <span class='ocrx_word' id='word_1_853' title='bbox 3545 5357 3690 5430; x_wconf 85' lang='lat' dir='ltr'><strong>figu-</strong></span> 
     </span>
    </p>
   </div>
   <div class='ocr_carea' id='block_1_109' title="bbox 2065 5442 3690 5516">
    <p class='ocr_par' dir='ltr' id='par_1_109' title="bbox 2065 5442 3690 5516">
     <span class='ocr_line' id='line_1_110' title="bbox 2065 5442 3690 5516; baseline -0.002 -15"><span class='ocrx_word' id='word_1_854' title='bbox 2065 5463 2178 5501; x_wconf 90' lang='lat' dir='ltr'><strong>ram</strong></span> <span class='ocrx_word' id='word_1_855' title='bbox 2221 5460 2381 5500; x_wconf 90' lang='lat' dir='ltr'><strong>casus</strong></span> <span class='ocrx_word' id='word_1_856' title='bbox 2427 5458 2524 5514; x_wconf 91' lang='lat' dir='ltr'><strong>pro</strong></span> <span class='ocrx_word' id='word_1_857' title='bbox 2554 5458 2706 5498; x_wconf 90' lang='lat' dir='ltr'><strong>casu.</strong></span> <span class='ocrx_word' id='word_1_858' title='bbox 2760 5442 2906 5498; x_wconf 88' lang='lat' dir='ltr'><strong>Calix</strong></span> <span class='ocrx_word' id='word_1_859' title='bbox 2929 5443 3216 5516; x_wconf 84' lang='lat' dir='ltr'><strong>sanguinis</strong></span> <span class='ocrx_word' id='word_1_860' title='bbox 3259 5445 3388 5511; x_wconf 91' lang='lat' dir='ltr'><strong>mei,</strong></span> <span class='ocrx_word' id='word_1_861' title='bbox 3419 5461 3482 5499; x_wconf 88' lang='lat' dir='ltr'><strong>ac</strong></span> <span class='ocrx_word' id='word_1_862' title='bbox 3510 5446 3554 5498; x_wconf 92' lang='lat' dir='ltr'><strong>si</strong></span> <span class='ocrx_word' id='word_1_863' title='bbox 3605 5445 3690 5498; x_wconf 85' lang='lat' dir='ltr'><strong>di—</strong></span> 
     </span>
    </p>
   </div>
   <div class='ocr_carea' id='block_1_110' title="bbox 2067 5601 3689 5672">
    <p class='ocr_par' dir='ltr' id='par_1_110' title="bbox 2067 5601 3689 5672">
     <span class='ocr_line' id='line_1_111' title="bbox 2067 5601 3689 5672; baseline -0.005 -12"><span class='ocrx_word' id='word_1_864' title='bbox 2067 5604 2329 5668; x_wconf 89' lang='lat' dir='ltr'><strong>ctionem,</strong></span> <span class='ocrx_word' id='word_1_865' title='bbox 2387 5616 2551 5672; x_wconf 91' lang='lat' dir='ltr'><strong>quam</strong></span> <span class='ocrx_word' id='word_1_866' title='bbox 2603 5601 2950 5671; x_wconf 85' lang='lat' dir='ltr'><strong>proferantur</strong></span> <span class='ocrx_word' id='word_1_867' title='bbox 3001 5603 3092 5658; x_wconf 90' lang='lat' dir='ltr'><strong>illa</strong></span> <span class='ocrx_word' id='word_1_868' title='bbox 3135 5602 3324 5665; x_wconf 86' lang='lat' dir='ltr'><strong>verba,</strong></span> <span class='ocrx_word' id='word_1_869' title='bbox 3367 5616 3497 5672; x_wconf 77' lang='lat' dir='ltr'><strong>quae</strong></span> <span class='ocrx_word' id='word_1_870' title='bbox 3555 5615 3689 5672; x_wconf 76' lang='lat' dir='ltr'><strong>sane</strong></span> 
     </span>
    </p>
   </div>
   <div class='ocr_carea' id='block_1_111' title="bbox 2069 5668 3689 5742">
    <p class='ocr_par' dir='ltr' id='par_1_111' title="bbox 2069 5668 3689 5742">
     <span class='ocr_line' id='line_1_112' title="bbox 2069 5668 3689 5742; baseline -0.001 -13"><span class='ocrx_word' id='word_1_871' title='bbox 2069 5681 2196 5729; x_wconf 91' lang='lat' dir='ltr'><strong>sunt</strong></span> <span class='ocrx_word' id='word_1_872' title='bbox 2233 5668 2533 5728; x_wconf 77' lang='lat' dir='ltr'><strong>efficaciter</strong></span> <span class='ocrx_word' id='word_1_873' title='bbox 2557 5668 2872 5742; x_wconf 81' lang='lat' dir='ltr'><strong>operatoria</strong></span> <span class='ocrx_word' id='word_1_874' title='bbox 2903 5668 3527 5729; x_wconf 83' lang='lat' dir='ltr'><strong>transubstantiationis.</strong></span> <span class='ocrx_word' id='word_1_875' title='bbox 3558 5669 3689 5727; x_wconf 83' lang='lat' dir='ltr'><strong>Vide</strong></span> 
     </span>
    </p>
   </div>
   <div class='ocr_carea' id='block_1_112' title="bbox 2071 5743 2918 5813">
    <p class='ocr_par' dir='ltr' id='par_1_112' title="bbox 2071 5743 2918 5813">
     <span class='ocr_line' id='line_1_113' title="bbox 2071 5743 2918 5813; baseline -0.004 -12"><span class='ocrx_word' id='word_1_876' title='bbox 2071 5746 2126 5801; x_wconf 94' lang='lat' dir='ltr'><strong>S.</strong></span> <span class='ocrx_word' id='word_1_877' title='bbox 2151 5745 2368 5813; x_wconf 86' lang='lat' dir='ltr'><strong>Thom.,</strong></span> <span class='ocrx_word' id='word_1_878' title='bbox 2396 5759 2453 5797; x_wconf 87' lang='grc' dir='ltr'><strong>ιιι</strong></span> <span class='ocrx_word' id='word_1_879' title='bbox 2480 5759 2534 5813; x_wconf 90' lang='lat' dir='ltr'><strong>p.</strong></span> <span class='ocrx_word' id='word_1_880' title='bbox 2560 5759 2613 5813; x_wconf 91' lang='lat' dir='ltr'><strong>q.</strong></span> <span class='ocrx_word' id='word_1_881' title='bbox 2645 5743 2734 5810; x_wconf 88' lang='lat'><strong>&#39;78,</strong></span> <span class='ocrx_word' id='word_1_882' title='bbox 2767 5760 2814 5799; x_wconf 87' lang='lat' dir='ltr'><strong>a.</strong></span> <span class='ocrx_word' id='word_1_883' title='bbox 2861 5745 2918 5798; x_wconf 76' lang='grc'><strong>4.</strong></span> 
     </span>
    </p>
   </div>
  </div>
