4006 6198
454 330 473 381 1
493 327 596 379 063

1683 303 1738 355 Β.
1783 295 2019 354 ODONIS
2060 287 2295 345 CAMER.
2342 287 2544 342 EPISC.

3648 292 3794 348 1064

455 461 624 518 ceret,
673 450 810 505 calix
874 445 1086 500 scilicet
1139 438 1364 510 sanguis
1423 451 1600 490 meus.
1670 430 1934 486 Similiter
1986 426 2073 480 hic
2101 432 2146 494 Α
2179 419 2241 475 Et
2272 436 2340 474 ne
2368 419 2471 474 sub
2505 421 2591 474 his
2631 421 2903 491 mysteriis
2927 421 3043 475 haec
3073 423 3341 478 memoria
3367 420 3604 495 refugiat
3634 438 3664 474 a
3696 437 3798 476 no-

459 516 783 614 patetrquod
835 533 1224 592 benedictione
1263 528 1424 583 fuerit
1481 526 1653 580 factus
1700 522 1943 614 sanguis.
1998 516 2073 569 Ad

457 611 906 689 benedictionem
966 626 1112 681 enim
1169 621 1506 693 praemissam
1558 615 1828 670 subdidit:
1871 611 1967 665 Hic
1996 615 2076 663 est

459 727 596 782 calix
626 722 914 796 sanguinis
945 719 1074 772 mei.

531 854 663 908 Novi
696 855 747 904 et
791 847 979 903 aeterni
1010 841 1328 898 testamenti.
1362 836 1568 890 Novum
1603 833 1748 886 enim
1797 827 2074 899 Evangelii

469 949 857 1002 testamentum
893 939 946 991 in
970 942 1232 989 aeternum
1266 925 1607 983 conﬁrmavit
1634 922 1905 994 sanguine
1930 935 2077 973 mor-

462 1038 533 1091 tis
565 1051 699 1089 suai.
744 1033 831 1085 Sic
852 1028 1122 1083 Abraham
1157 1019 1359 1077 oblatis
1396 1017 1591 1073 ovibus
1621 1025 1676 1069 et
1712 1013 1915 1077 bobus,
1951 1027 2074 1064 cum

463 1124 807 1188 Abimelech,
839 1129 893 1173 et
925 1113 1110 1170 Phicol
1153 1111 1401 1184 principe
1433 1107 1640 1161 militia:
1673 1102 1942 1174 percussit
1968 1101 2075 1154 fue-

465 1219 588 1278 dus,
630 1217 683 1269 id
708 1220 789 1266 est
817 1226 948 1266 oves
976 1217 1030 1262 et
1059 1206 1228 1260 boves
1259 1199 1530 1272 percussit
1553 1199 1607 1251 in
1639 1196 1837 1259 foedus,
1865 1201 1921 1246 ut
1950 1208 2076 1246 san-

462 1307 630 1378 guine
663 1300 978 1356 animalium
1012 1306 1064 1350 et
1086 1289 1456 1348 mortefu‘tdus
1481 1285 1895 1341 conﬁrmaretur
1922 1282 2072 1348 (Gen.

461 1372 591 1461 ἧχι).
626 1393 682 1445 Et
711 1388 878 1443 Jacob
936 1385 1152 1458 fugiens
1200 1383 1255 1434 in
1315 1377 1534 1442 Galaad,
1577 1374 1718 1428 facto
1759 1372 2073 1439 juramento

459 1501 582 1540 cum
624 1479 895 1537 avunculo
947 1492 1048 1532 suo
1099 1474 1302 1537 Laban,
1361 1467 1661 1523 immolavit
1713 1464 1981 1527 victimas,
2015 1468 2074 1514 ut

459 1575 730 1647 sanguine
772 1571 1114 1625 victimarum
1163 1563 1343 1618 foedus
1369 1557 1669 1629 juramenti
1701 1554 2066 1610 conﬁrmare-

459 1674 563 1720 tur.
603 1663 752 1732 (Gen.
780 1664 946 1724 χχχι).
975 1657 1036 1710 Et
1065 1655 1301 1724 Moyses,
1328 1658 1384 1705 ut
1403 1648 1753 1704 conﬁrmaret
1775 1651 2074 1697 testamen-

457 1766 570 1810 tum
604 1754 749 1825 quod
773 1750 985 1820 accepit
1008 1749 1058 1801 in
1094 1746 1246 1808 Sina,
1275 1737 1862 1808 victimzeisauguinem
1880 1748 2071 1802 asper-
2101 1755 2150 1822 Β

457 1853 529 1907 sit
564 1853 829 1922 hysSOpo,
885 1847 937 1899 in
993 1851 1162 1898 totum
1234 1840 1520 1911 populum,
1561 1846 1614 1891 et
1654 1830 2066 1889 tabernaculum

459 1941 611 2010 (Heb.
641 1956 722 2004 ix;
755 1936 932 1991 Emod.
966 1939 1127 1990 xxwl.

531 2051 845 2117 Mysterium
865 2045 994 2114 ﬁdei
1024 2040 1259 2112 pertinet
1289 2037 1355 2091 ad
1387 2037 1549 2090 ﬁdem
1583 2032 1906 2089 catholicam
1949 2045 2071 2083 cre-

465 2139 594 2193 dere
618 2143 740 2207 post
771 2131 1217 2188 benedictionem
1251 2141 1372 2179 esse
1405 2140 1593 2178 verum
1634 2120 1985 2191 sanguinem,
2017 2125 2074 2170 ut

463 2225 704 2280 inﬁdelis
727 2224 797 2276 sit
827 2221 917 2292 qui
948 2220 1052 2272 hoc
1080 2231 1188 2269 non
1217 2212 1533 2268 crediderit.
1564 2212 1697 2263 ltem
1729 2209 1929 2262 dicitur
1956 2222 2073 2276 my-

462 2318 688 2373 sterium
743 2313 890 2384 quod
943 2306 1303 2365 sensibilibus
1341 2304 1540 2377 tegitur
1596 2302 1894 2364 occultum,
1932 2299 2075 2352 sicut

463 2409 663 2462 veritas
683 2402 970 2477 sanguinis
1000 2401 1056 2454 in
1085 2413 1283 2466 sapore
1301 2396 1414 2450 vini
1444 2395 1574 2448 latet
1606 2399 1659 2447 et
1689 2392 1898 2462 Specie.
1929 2389 2076 2443 Calix

469 2513 600 2570 ergo
628 2495 816 2551 altaris
845 2498 926 2546 est
971 2486 1290 2558 mysterium
1324 2483 1477 2549 ﬁdei,
1509 2482 1639 2552 quia
1669 2480 1770 2535 sub
1823 2479 2077 2570 ﬁguraﬂet

470 2567 665 2659 sapore
713 2583 828 2638 vini
891 2578 1138 2636 occultus
1190 2574 1433 2628 creditur
1487 2587 1650 2625 verus
1703 2568 1948 2642 sanguis.
1989 2567 2080 2621 Est

465 2678 787 2751 mysterium
848 2673 1001 2737 ﬁdei,
1053 2667 1182 2740 quia
1223 2666 1367 2736 quod
1423 2665 1666 2719 creditur
1724 2661 2081 2717 sensibilibus

465 2771 792 2844 quibusdam
825 2764 1124 2838 obtegitur.
1175 2759 1306 2812 Nam
1363 2773 1523 2812 verus
1565 2756 1792 2829 sanguis
1838 2752 2081 2808 creditur

464 2864 615 2936 quod
645 2863 829 2916 vinum
862 2858 982 2911 visu
1027 2853 1264 2909 sentitur
1294 2859 1348 2906 et
1377 2858 1563 2924 gustu.
1595 2850 1682 2903 Est
1709 2846 1838 2936 ﬁdei
1879 2850 2079 2936 myste-

469 2933 633 3017 rium,
668 2951 798 3022 quia
828 2947 974 3019 quod
1009 2944 1150 2998 ﬁdes
1172 2941 1348 2996 credit
1377 2940 1523 2993 intus
1551 2948 1634 2994 est
1661 2935 1958 2992 occultum.
1985 2933 2075 2986 ln—

464 3054 554 3099 tus
585 3054 666 3098 est
697 3057 860 3095 verus
889 3037 1114 3110 sanguis
1143 3052 1271 3091 vera
1307 3033 1436 3099 ﬁde,
1469 3030 1709 3086 exterius
1747 3036 1832 3082 est
1878 3024 2074 3079 falsum

2179 515 2285 581 bis,
2319 513 2624 588 subiungit.

2251 609 2396 663 Unde
2421 613 2470 661 et
2498 623 2765 672 memores,
2799 609 3038 674 Domine,
3070 624 3164 662 nos
3185 611 3328 662 servi
3357 611 3461 671 tui,
3495 609 3549 662 id
3583 617 3669 662 est
3699 611 3795 680 qui

2175 699 2479 754 secundum
2511 700 2642 753 cleri
2670 699 2871 773 gradus
2902 706 3182 769 acceptos,
3223 699 3409 754 ofﬁcio
3437 701 3603 771 hujus
3624 701 3799 756 sacri-

2176 787 2285 842 ﬁcii
2315 787 2678 855 deservimus,
2697 788 3440 860 vel(secundumsolitarios)
3467 789 3557 844 hic
3577 790 3632 843 in
3655 805 3797 860 pra!-

2178 880 2319 933 senti
2346 879 2740 934 ministramus.

2246 970 2352 1024 Sed
2381 977 2430 1025 et
2452 972 2601 1040 plebs
2633 977 2726 1025 tua
2752 975 2940 1025 sancta
2969 987 3091 1042 quae
3115 987 3212 1041 pro
3239 972 3597 1027 veneratione
3628 972 3799 1040 hujus

2178 1062 2432 1116 sacriﬁcii
2475 1063 2563 1116 hic
2610 1073 2694 1116 est
2747 1063 2800 1115 in
2857 1063 3110 1132 praesenti
3154 1064 3351 1119 devote
3409 1064 3670 1118 collecta:
3705 1063 3795 1117 vel

2179 1152 2504 1220 (secundum
2559 1151 2856 1219 solitarios)
2897 1151 2954 1204 in
2987 1151 3196 1206 unitate
3245 1153 3498 1208 Ecclesia:
3553 1152 3800 1207 ﬁdeliter

2179 1240 2382 1311 ubique
2412 1241 2735 1294 viventium.

2247 1331 2506 1400 Ejusdem
2542 1333 2745 1386 Christi
2782 1333 2929 1397 Filii,
2959 1339 3018 1385 et
3051 1339 3267 1396 caetera,
3299 1347 3477 1403 usque
3523 1333 3678 1386 donis
3737 1349 3797 1386 ac

2174 1426 2339 1480 datis.
2374 1426 2583 1480 Donum
2647 1433 2734 1480 est
2785 1426 2852 1480 ad
2884 1426 3148 1491 dandum,
3181 1427 3391 1482 etiamsi
3435 1443 3545 1481 non
3602 1428 3788 1491 detur,

2175 1523 2444 1584 paratum.
2476 1517 2686 1570 Donum
2720 1523 2823 1580 est,
2862 1517 3007 1587 quod
3040 1516 3155 1570 dari
3190 1525 3392 1587 potest.
3428 1518 3626 1572 Datum
3658 1535 3792 1572 vero

2174 1605 2323 1674 quod
2354 1604 2408 1658 in
2439 1605 2664 1658 alterius
2696 1607 3100 1673 possessionem
3160 1614 3243 1660 est
3286 1607 3398 1674 jam
3431 1609 3786 1673 translatum,

2176 1697 2323 1767 quod
2338 1695 2406 1748 de
2427 1696 2789 1765 possibilitate
2813 1696 2925 1762 jam
2961 1696 3163 1765 prodiit
3192 1697 3260 1750 ad
3284 1699 3650 1768 actum,quod
3676 1699 3790 1766 jam

2178 1787 2509 1856 possidetur.
2546 1786 2752 1856 Corpus
2779 1802 2909 1856 ergo
2939 1795 2992 1841 et
3014 1787 3239 1860 sanguis
3263 1788 3460 1842 Christi
3488 1798 3620 1842 sunt
3650 1789 3795 1842 dona

2173 1891 2203 1928 a
2241 1875 2353 1928 Deo
2385 1874 2546 1928 nobis
2578 1884 2781 1945 parata.
2843 1877 2992 1928 Dona
3027 1883 3174 1942 sunt,
3232 1892 3354 1946 qua:
3407 1877 3618 1930 utiliter
3676 1878 3794 1930 dari

2173 1976 2419 2036 possunt.
2467 1953 2617 2021 Doda
2645 1975 2773 2021 sunt
2813 1983 2962 2034 vera,
3004 1969 3102 2022 sed
3151 1984 3204 2021 in
3251 1969 3392 2023 cmlo
3434 1968 3706 2024 collocata
3741 1970 3792 2022 in

2173 2059 2408 2113 Christo.
2445 2059 2574 2112 Data
2606 2074 2758 2123 vero,
2793 2060 3016 2129 quando
3070 2057 3207 2112 ﬁunt
3241 2059 3405 2113 nubis
3446 2061 3514 2114 de
3542 2069 3799 2115 creatura

2175 2150 2334 2221 panis
2361 2157 2414 2204 et
2437 2150 2578 2214 vini;
2613 2151 2738 2204 data
2758 2151 2980 2221 quando
3015 2152 3288 2206 sumimus
3314 2152 3372 2205 in
3401 2152 3583 2220 altari,
3616 2170 3800 2224 quan-

2175 2243 2245 2297 do
2285 2242 2563 2296 reﬁcimur
2596 2243 2726 2296 inde
2756 2243 3104 2299 sensualiter.
3132 2243 3301 2305 Dona,
3344 2245 3399 2297 in
3430 2245 3602 2310 ccelo;
3646 2246 3800 2312 data,

2177 2334 2232 2387 in
2263 2341 2406 2388 terra
2475 2334 2645 2396 Dona,
2677 2334 2820 2404 apud
2861 2335 3030 2388 Deum
3085 2335 3136 2388 in
3176 2334 3417 2401 Christo;
3451 2336 3598 2402 data,
3629 2352 3800 2407 super

2178 2429 2346 2483 altare
2377 2429 2432 2482 iu
2465 2436 2832 2484 sacramento.
2863 2431 3034 2496 Dona,
3068 2430 3123 2483 in
3145 2431 3286 2485 cmlo
3319 2431 3463 2484 nuda
3497 2437 3794 2501 etaperta;

2179 2517 2323 2582 data,
2359 2517 2416 2570 in
2475 2517 2653 2584 altari,
2697 2525 2841 2571 tecta
2869 2518 3229 2572 sensibilibus
3267 2525 3318 2573 et
3365 2519 3666 2574 occultata:
3715 2529 3798 2574 ta-

2180 2622 2306 2662 men
2334 2607 2424 2661 hic
2447 2613 2502 2661 et
2532 2606 2632 2672 ibi,
2673 2622 2737 2660 ea
2767 2622 2914 2660 vera.

2252 2699 2496 2751 [Iastium
2523 2711 2738 2765 puram.
2785 2697 2954 2750 Antea
2985 2696 3188 2750 veteris
3227 2695 3370 2768 legis
3409 2696 3600 2751 hostiae
3632 2697 3702 2751 de
3737 2698 3801 2752 ir-

2183 2785 2543 2840 rationalibus
2572 2785 2908 2839 animalibus
2946 2785 3198 2839 carnales
3242 2792 3421 2847 erant,
3448 2787 3800 2856 squaloribus

2183 2874 2459 2944 spurcitia:
2490 2874 2821 2939 carnalibus,
2867 2873 3271 2946 nidoribusque
3329 2875 3526 2943 plen-.9,
3571 2887 3626 2929 et
3656 2876 3798 2929 den-

2177 2971 2311 3024 tium
2342 2970 2677 3024 contritione
2709 2969 2764 3022 in
2795 2969 2961 3024 faeces
3013 2975 3068 3023 et
3101 2979 3345 3024 stercora
3387 2970 3644 3024 redactas.
3679 2970 3798 3024 Haec

2178 3069 2360 3116 autem
2392 3061 2569 3116 hostia
2616 3078 2752 3131 pura
2789 3067 2891 3126 est,
2926 3061 3074 3132 quia,
3105 3061 3357 3132 quamvis
3388 3076 3515 3115 caro
3564 3077 3694 3114 vera
3727 3061 3794 3114 sit

996 3108 1016 3110 ᾖ
1217 3129 1226 3138 ,
1380 3127 1390 3136 ,
2178 3108 2360 3116 ““““““ν’““
2395 3108 2569 3116 ’““’“’”“’”
2617 3108 2752 3131 ι’“’·“·
2794 3108 2891 3126 --⁷⁷
2927 3108 3074 3132 Ί”’“”⁷
3109 3108 3356 3132 Ί““”””“⁷
3392 3108 3512 3115 ’“””
3577 3108 3694 3114 ’”’-
3727 3108 3787 3114 -”’

462 3139 650 3193 Vinum
678 3152 808 3190 vera
833 3133 1041 3204 δρθοίθ·
1075 3131 1324 3223 δθηίηΨ
1343 3141 1532 3223 “num.
1561 3131 1622 3220 ei
1656 3137 1766 3223 φη
1818 3118 2070 3223 es“,ng
2097 3108 2144 3176 Ο
2175 3158 2231 3205 et
2258 3150 2506 3223 sanguis,
2548 3157 2731 3204 tamen
2772 3150 3074 3221 spiritualis
3099 3159 3182 3206 est
3236 3158 3290 3206 et
3345 3151 3663 3222 incorrupta
3693 3152 3787 3221 (3).

462 3235 692 3299 apparet
722 3223 970 3297 sanguis,
1013 3227 1070 3273 et
1112 3226 1207 3272 est.
1268 3218 1472 3268 Sensus
1503 3210 1779 3279 decipitur
1809 3207 2070 3299 qualitate

464 3298 613 3377 certa
641 3324 861 3372 tenetur
891 3313 1030 3367 ﬁdes
1068 3311 1144 3364 rei
1183 3309 1431 3363 veritate.
1470 3306 1709 3374 Ideoque
1739 3298 1963 3372 sanguis
1988 3299 2069 3350 di-

462 3413 606 3469 citur
638 3407 765 3462 ﬁdei
808 3402 1152 3475 mysterium,
1191 3399 1319 3469 quia
1347 3394 1674 3466 sanguinem
1712 3390 1852 3444 ﬁdes
1900 3388 2075 3442 credit

470 3506 618 3558 intus
646 3498 943 3556 occultum.
975 3497 1232 3564 Apertum
1280 3497 1365 3544 est
1411 3487 1558 3558 quod
1599 3485 1854 3545 sentitur,
1895 3479 2078 3535 occul-

468 3608 582 3648 tum
617 3599 702 3647 est
732 3589 878 3661 quod
912 3585 1169 3641 creditur.
1203 3582 1266 3635 Et
1294 3581 1339 3634 si
1365 3578 1498 3650 quid
1540 3575 1818 3632 occultum
1857 3581 1939 3626 est
1971 3569 2080 3623 ﬁde

471 3686 599 3740 ﬁdei
657 3691 762 3748 est,
822 3678 983 3734 sicuti
1025 3676 1171 3748 quod
1211 3680 1361 3744 patet
1415 3677 1497 3724 est
1549 3683 1767 3723 sensus.
1816 3665 1906 3720 Est
1950 3677 2082 3734 ergo

469 3772 698 3845 sanguis
727 3768 1046 3840 mysterium
1078 3762 1230 3829 ﬁdei,
1261 3759 1534 3831 siquidem
1563 3755 1809 3813 occultus
1848 3752 2085 3825 pertinet

471 3865 539 3920 ad
572 3864 757 3918 ﬁdem.

538 3973 640 4038 Qui
673 3983 778 4039 pro
803 3966 954 4020 vobis
1000 3968 1049 4016 et
1077 3961 1263 4016 multis
1296 3956 1610 4026 effundet-ur
1634 3957 1693 4008 in
1722 3953 2085 4006 remissionem

465 4065 826 4131 peccatorum.
893 4054 994 4107 Pro
1033 4050 1212 4114 vobis,
1271 4047 1482 4101 scilicet
1532 4039 1946 4132 praesentibusa
1985 4054 2083 4132 pro

469 4130 676 4218 multis,
707 4162 953 4222 paganos
978 4152 1033 4198 et
1062 4142 1281 4198 Judaeos
1322 4130 1605 4201 discernit,
1637 4142 1691 4190 et
1729 4132 1896 4188 falsos
1921 4130 2080 4186 Chri-

469 4250 699 4305 stianos.

543 4370 666 4423 Hac
693 4365 1113 4434 quotiescunque
1140 4354 1380 4421 feceritis
1421 4352 1482 4404 in
1511 4351 1617 4404 mei
1651 4348 1967 4402 memoriam
1990 4345 2081 4411 fa-

469 4461 639 4516 cietis.
669 4454 801 4509 Nam
833 4451 953 4505 sine
985 4449 1088 4502 hac
1112 4442 1380 4498 memoria
1409 4455 1520 4495 non
1547 4437 1870 4494 conﬁcimus
1899 4434 2156 4535 Domi-D

470 4547 578 4603 nici
608 4541 857 4613 corporis
913 4545 967 4593 et
1008 4531 1294 4605 sanguinis
1331 4535 1691 4584 sacramenta.
1733 4525 1882 4598 Tolle
1912 4523 2081 4579 verba

469 4636 694 4703 Christi,
723 4649 835 4689 non
868 4630 1008 4684 ﬁunt
1036 4627 1378 4682 sacramenta
1407 4620 1622 4675 Christi.
1656 4618 1748 4672 Vis
1778 4615 1895 4671 ﬁeri
1927 4614 2080 4669 Chri-

469 4729 538 4786 sti
567 4741 768 4796 corpus
795 4729 848 4778 et
875 4717 1222 4793 sanguinem,
1265 4726 1484 4783 appone
1523 4708 1718 4764 Christi
1746 4721 2077 4762 sermonem.

468 4821 617 4878 Facit
646 4831 829 4873 sermo
868 4809 1125 4868 Veritatis
1179 4804 1326 4876 quod
1358 4803 1521 4857 dicit:
1571 4802 1713 4868 Quia
1764 4803 1879 4868 ipse
1933 4798 2082 4851 diruit

465 4918 516 4969 et
543 4914 695 4980 facta
752 4909 898 4969 sunt,
930 4905 1046 4972 ipse
1082 4895 1368 4952 mandavit
1415 4897 1464 4946 et
1509 4896 1692 4946 creata
1728 4893 1858 4944 sunt
1913 4887 2077 4957 (Psal.

462 5009 671 5071 XLVIII).
698 5001 828 5055 Sine
847 4995 1018 5053 dubio
1044 4992 1104 5047 ﬁt
1125 4991 1180 5045 in
1212 4992 1463 5044 creatura
1493 4985 1642 5056 quod
1673 4982 1867 5038 Christi
1898 4994 2079 5035 sermo

461 5099 598 5154 dicit
635 5096 703 5150 de
736 5099 1008 5149 creatura.
1045 5083 1255 5140 Etenim
1301 5077 1654 5149 omnipotens
1706 5089 1887 5131 sermo
1930 5081 2077 5138 tuus,

469 5206 501 5246 o
529 5189 770 5244 Genitor.
807 5185 886 5238 Fit
912 5195 1044 5253 ergo
1093 5188 1350 5231 sermone
1399 5169 1592 5224 Christi
1624 5183 1824 5238 corpus
1869 5174 1924 5220 et
1953 5179 2078 5218 san-

460 5279 584 5354 guis
614 5274 829 5329 Christi.
877 5272 1004 5336 Quze
1051 5265 1269 5339 quoties
1298 5260 1466 5317 verbo
1513 5259 1726 5332 potenti
1785 5254 2079 5354 sumimus,

464 5347 699 5429 mortem
715 5363 951 5428 Domini,
977 5357 1375 5425 donecveniat,
1395 5367 1770 5412 memoramus
1799 5350 1849 5421 (Ι
1861 5350 1981 5404 Cor.
1998 5347 2080 5412 ιι),

537 5540 612 5615 (3)
638 5534 809 5615 _Quod
850 5532 924 5615 ait
963 5529 1097 5592 Odo,
1131 5528 1365 5615 hostiam
1397 5521 1779 5615 euelli-tristia?
1814 5529 2080 5615 nonnesse

467 5593 746 5674 carnalem
787 5610 880 5658 aut
919 5601 1280 5674 co‘ri'ioralem,
1313 5598 1408 5674 sed
1439 5593 1805 5674 spiritualem,
1847 5603 1959 5674 nlo'n
1985 5601 2079 5674 ne:

465 5660 720 5762 gat—vicre
778 5660 1102 5762 et‘realit‘er
1141 5660 1340 5762 adesse
1395 5660 2076 5762 ν’,ψη-ξε

468 5729 714 5812 Sintiis;
775 5729 874 5802 sed
921 5740 1180 5811 intelligit
1226 5755 1337 5794 non
1395 5754 1517 5792 esse
1555 5733 1922 5804 corporalem,
1972 5729 2075 5782 hoc

2178 3237 2464 3305 Dividitur,
2505 3245 2558 3293 et
2598 3239 2845 3292 consumi
2913 3256 3022 3294 non
3064 3247 3263 3310 potest.
3313 3240 3683 3304 Consumitur,
3738 3250 3788 3294 et

2176 3331 2492 3401 incorrupta
2529 3340 2732 3385 manet.
2784 3330 3023 3396 Teritur,
3057 3338 3215 3386 etest
3253 3331 3445 3386 illaesa.
3480 3332 3788 3403 Frangitur,

2183 3427 2237 3474 et
2259 3420 2472 3492 integra
2501 3428 2601 3474 est.
2629 3419 2752 3475 Haec
2775 3419 2956 3474 hostia
2983 3435 3109 3475 caro
3141 3427 3244 3487 est,
3269 3435 3380 3474 non
3413 3421 3670 3485 carnalis,
3695 3421 3790 3474 sed

2182 3511 2613 3566 incontaminata
2641 3511 2750 3576 lux,
2795 3519 2849 3565 et
2877 3511 3003 3566 ideo
3028 3527 3183 3580 pura.
3219 3510 3425 3581 Corpus
3456 3519 3560 3576 est,
3593 3519 3650 3566 et
3688 3528 3795 3568 non

2183 3600 2510 3671 corporalis,
2551 3601 2648 3654 sed
2673 3600 2956 3670 spirituale
2987 3601 3198 3669 lumen,
3230 3613 3284 3656 et
3313 3602 3437 3657 ideo
3469 3619 3626 3672 pura.
3662 3603 3794 3656 Pura

2183 3695 2480 3761 mundans,
2512 3711 2646 3764 pura
2665 3693 2993 3765 puriﬁcans;
3029 3711 3187 3766 pura,
3220 3695 3347 3766 quia
3373 3696 3583 3763 divina,
3616 3697 3800 3767 purior

2183 3787 2305 3842 luce
2333 3801 2619 3856 corporea.

2253 3878 2502 3933 Hostiam
2535 3881 2801 3931 sanctam.
2864 3877 3064 3933 Hostiae
3104 3885 3315 3933 veteres
3369 3888 3527 3933 erant
3565 3880 3787 3950 quidem

2183 3973 2406 4031 sanctae,
2439 3965 2539 4020 sed
2571 3980 2682 4020 non
2715 3982 2884 4035 perse
2912 3976 3137 4029 sanctae,
3181 3967 3276 4020 sed
3317 3968 3448 4038 quia
3471 3974 3659 4038 typum
3691 3985 3790 4042 ge-

2184 4059 2377 4112 rebant
2402 4057 2566 4126 hujus
2596 4056 2789 4111 hostiae
2818 4065 3068 4112 sacratis.
3104 4058 3213 4112 Illa:
3244 4057 3582 4128 imperfectae
3622 4066 3794 4124 erant,

2184 4156 2240 4205 et
2268 4149 2397 4203 ideo
2436 4147 2622 4202 minus
2668 4154 2904 4203 sanctae:
2941 4148 3046 4203 ista
3077 4148 3340 4219 perfecta,
3382 4158 3438 4204 et
3471 4149 3601 4205 ideo
3633 4151 3788 4220 plene

2181 4247 2390 4296 sancta.
2431 4240 2542 4295 [tlte
2574 4239 2922 4295 dimittebant
2952 4247 3234 4310 peccatum
3275 4241 3470 4305 unius;
3515 4241 3620 4295 ista
3653 4243 3790 4296 tollit

2183 4340 2407 4405 peccata
2427 4332 2595 4387 totius
2624 4331 2837 4386 mundi.
2870 4332 2926 4384 ln
2974 4330 3082 4386 illis
3119 4337 3477 4388 tantumerat
3511 4335 3787 4398 remissio;

2182 4423 2238 4476 in
2269 4423 2374 4476 hac
2401 4426 2582 4476 autem
2615 4428 2700 4474 est
2719 4421 2955 4490 pretium
2997 4421 3220 4490 plenum
3243 4429 3296 4474 et
3319 4420 3562 4491 perfecta
3580 4423 3792 4476 redem-

2181 4515 2315 4584 ptio.
2358 4513 2469 4566 lllae
2495 4511 2869 4583 impetrabant
2897 4511 3110 4580 veniam
3154 4511 3324 4567 debiti
3363 4512 3487 4566 sine
3519 4513 3789 4568 solutione

2182 4609 2299 4663 hinc
2337 4607 2520 4662 reddit
2564 4605 2835 4673 debitum,
2870 4607 3035 4676 plena
3074 4607 3613 4677 recompensatione.
3668 4608 3790 4662 Ideo

2182 4697 2300 4752 hac
2326 4695 2489 4767 plene
2506 4693 2820 4766 etperfecte
2849 4703 3064 4762 sancta,
3091 4696 3200 4751 illae
3232 4706 3460 4762 sanetae,
3489 4695 3587 4750 sed
3615 4697 3792 4751 minus

2181 4799 2237 4848 et
2265 4790 2606 4862 imperfecte.

2251 4883 2497 4936 Hostiam
2545 4879 2972 4933 immaculatam.
3026 4878 3085 4933 Id
3124 4886 3209 4933 est
3241 4878 3364 4933 sine
3403 4878 3555 4934 omni
3587 4881 3796 4935 macula

2179 4971 2376 5040 culpa,
2427 4975 2618 5038 utpote
2673 4976 2941 5037 concepta
3000 4974 3056 5021 et
3116 4972 3242 5020 nata
3283 4967 3406 5021 sine
3454 4977 3704 5037 peccato,
3744 4976 3795 5024 et

2181 5067 2386 5122 deinde
2413 5067 2535 5120 sine
2573 5064 2734 5135 culpa
2758 5065 2892 5119 vixit
2920 5064 2978 5118 in
3008 5064 3238 5131 mundo,
3271 5063 3398 5119 ideo
3428 5064 3793 5126 immaculata,

2182 5162 2314 5216 Nata
2343 5158 2568 5231 quidem
2605 5165 2689 5212 est
2726 5157 2794 5212 de
2843 5157 3083 5211 humana
3108 5172 3294 5222 carne,
3327 5156 3426 5210 sed
3453 5157 3576 5212 sine
3606 5157 3796 5212 condi-

2183 5251 2333 5306 tione
2364 5246 2782 5320 prepagationis
2832 5247 3114 5312 humanae,
3166 5243 3294 5300 ideo
3323 5244 3689 5301 immaculata.
3737 5247 3798 5300 Et

2185 5342 2307 5397 sine
2341 5341 2462 5396 viro
2487 5340 2555 5395 de
2581 5343 2772 5394 sancta
2798 5336 3025 5412 Virgine
3056 5344 3346 5408 concepta,
3377 5339 3504 5394 ideo
3527 5340 3795 5394 immacu-

2183 5517 2265 5566 est
2298 5525 2410 5565 non
2461 5507 2579 5563 solo
2612 5505 2886 5577 corporali
2919 5512 2974 5560 et
3015 5511 3242 5560 externo
3283 5504 3706 5577 rituhimmolari
3745 5514 3803 5577 ut

2181 5583 2422 5652 reliquas
2452 5575 2963 5652 carnalesihostias,
2996 5577 3092 5652 sed
3133 5577 3318 5652 inesse
3350 5575 3426 5629 illi
3483 5577 3601 5652 vim
3627 5575 3799 5652 spiri—

2180 5647 2379 5708 tualém
2413 5659 2468 5706 et
2495 5650 2734 5704 divinam
2764 5665 2868 5703 nec
2902 5647 3199 5703 sacriﬁcari
3240 5663 3440 5717 corpus
3481 5647 3678 5702 Christi
3709 5664 3802 5702 ex-

2179 5732 2332 5782 terna
2365 5721 2557 5793 specie
2586 5721 2788 5785 carnis,
2823 5727 2928 5775 etc.
