4006 6198
277 382 420 434 1065
1407 377 1744 432 EXPOSITIO
1786 377 1849 432 IN
1893 376 2196 432 CANONEM
2235 375 2469 432 MISSIE.
3462 377 3602 434 1066

276 507 402 561 lata.
438 504 528 558 Est
551 511 820 573 concepta
849 504 967 558 sine
1022 504 1262 559 humano
1306 517 1497 573 opere,
1527 504 1642 559 sola
1683 505 1885 560 virtute
1917 513 1965 578 Α
1989 504 2250 573 respicias
2280 511 2335 558 et
2366 510 2593 573 accepta
2625 503 2847 569 habeas,
2899 503 3025 560 ideo
3071 507 3202 576 quia
3233 513 3481 562 sanctum
3514 523 3604 562 sa-

277 597 481 660 divina,
518 596 640 652 ideo
674 596 1043 651 immaculata.
1093 596 1208 650 Non
1259 595 1406 651 enim
1453 602 1632 666 potest
1671 596 1886 650 initium
1991 595 2258 652 oriﬁcium
2282 604 2412 651 sunt
2441 602 2496 650 et
2527 596 2872 650 immaculata
2897 596 3098 663 hostia,
3153 603 3236 664 ut,
3265 600 3358 670 qui
3389 599 3460 654 de
3487 615 3607 655 me-

279 686 481 740 babere
514 683 793 754 culpabile
822 698 963 754 opus
996 684 1144 755 quod
1175 685 1326 738 solus
1357 685 1500 738 Deus
1539 683 1666 738 fecit
1699 691 1754 738 et
1783 699 1892 739 non
1993 685 2098 740 rito
2127 693 2316 740 nostro
2347 684 2669 752 difﬁdimus,
2710 685 2994 755 majestate
3035 685 3172 739 tanti
3226 685 3479 743 sacrificii
3507 689 3604 742 ad-

277 775 438 842 alius,
487 775 614 830 ideo
653 775 1020 830 immaculata.
1066 775 1312 830 Hominis
1341 775 1490 829 enim
1519 773 1758 842 initium,
1799 777 1892 846 qui
1989 773 2264 841 juvemur.
2301 772 2403 827 Cur
2448 779 2631 827 autem
2681 787 2901 827 oramus
2938 772 3146 826 Patrem
3206 773 3504 843 propitium
3550 781 3607 829 et

275 870 399 925 sine
417 868 1164 934 humanaadministratione,
1184 868 1303 924 solo
1336 869 1446 924 Deo
1477 875 1698 924 auctore
1723 885 1886 924 crea—

277 968 365 1016 tus
393 968 477 1016 est
508 961 782 1031 (quamvis
811 960 880 1014 de
916 975 1094 1014 massa
1154 959 1481 1030 peccatrice)
1535 975 1645 1015 non
1696 976 1893 1030 possu-

279 1065 403 1104 mus
432 1049 678 1118 culpare,
712 1049 817 1102 nisi
849 1047 958 1102 Deo
1004 1055 1287 1117 peccatum
1333 1048 1566 1103 velimus
1594 1049 1894 1117 ascribere,

281 1139 408 1194 ideo
446 1137 815 1192 immaculata.
857 1139 1060 1193 Tamen
1088 1138 1157 1192 de
1191 1154 1326 1208 pura
1366 1140 1433 1192 ab
1475 1139 1626 1194 omni
1667 1147 1894 1210 peccato

281 1225 518 1298 virgine,
571 1226 814 1280 creditur
843 1234 1146 1296 conceptus
1175 1233 1230 1280 et
1267 1232 1447 1293 natus,
1481 1226 1607 1282 ideo
1637 1227 1898 1283 immacu-

282 1317 410 1371 lata.
470 1317 542 1370 Ex
591 1332 701 1388 quo
764 1318 910 1372 enim
965 1319 1212 1393 angelica
1284 1320 1613 1376 salutatione
1653 1322 1894 1376 audivit:

283 1408 479 1464 Gratia
498 1409 662 1478 plena
687 1410 832 1476 (Luc.
888 1411 942 1478 ι),
991 1411 1238 1465 creditur
1263 1411 1549 1482 puriﬁcata
1586 1411 1695 1468 ﬁde
1731 1413 1894 1468 etiam

283 1497 554 1568 reliquum
582 1498 732 1564 vita,
762 1498 994 1553 custode
1045 1499 1248 1569 Spiritu
1279 1507 1490 1567 sancto,
1534 1501 1734 1556 vixisse
1777 1502 1898 1558 sine

281 1588 434 1642 omni
465 1588 631 1658 culpa
663 1589 757 1657 (4).
793 1588 872 1643 Ab
913 1590 1262 1646 immaculata
1279 1607 1411 1666 ergo
1435 1600 1653 1662 sumpta
1687 1600 1769 1648 est
1787 1595 1903 1649 hac

284 1678 484 1742 hostia,
529 1677 656 1734 ideo
685 1687 738 1734 et
770 1681 887 1750 ipsa
919 1681 1284 1737 immaculata.
1320 1683 1382 1737 Et
1421 1683 1522 1739 hoc
1562 1683 1682 1740 loco
1712 1686 1906 1741 admo-

1994 879 2250 920 serenum
2283 879 2406 919 esse
2441 879 2610 935 super
2651 863 2916 932 hostiam,
2955 870 3010 919 et
3046 879 3165 919 eam
3195 871 3472 936 acceptam
3505 867 3606 920 ha-

1999 953 2153 1020 bere,
2195 969 2303 1024 qua
2350 952 2487 1007 nihil
2520 951 2686 1007 habet
2729 953 3032 1023 acceptius,
3076 959 3131 1008 et
3167 969 3331 1025 quam
3389 969 3610 1025 semper

1996 1045 2268 1116 propitius
2296 1053 2350 1100 et
2403 1060 2634 1100 serenus
2674 1045 2939 1116 reSpicit?
2993 1047 3128 1102 Inde
3165 1047 3311 1102 enim
3344 1047 3607 1119 scriptum

1997 1145 2115 1194 est:
2145 1142 2243 1194 Hic
2281 1144 2358 1195 est
2390 1139 2563 1194 Filius
2612 1155 2760 1195 meus
2789 1140 3036 1208 dilectus,
3067 1143 3129 1196 in
3180 1157 3288 1212 quo
3306 1143 3444 1197 mihi
3485 1143 3612 1200 bene

2001 1229 2299 1299 complacui
2330 1227 2540 1298 (Matth.
2576 1229 2676 1298 ιιι).
2709 1227 2815 1283 Sed
2845 1229 2914 1283 ad
2948 1228 3246 1285 offerentes
3276 1235 3359 1285 est
3395 1232 3501 1287 hoc
3522 1247 3610 1287 re-

2000 1313 2315 1383 ferendum,
2369 1324 2448 1383 ut,
2493 1316 2587 1387 qui
2635 1331 2735 1386 pro
2782 1318 3023 1387 peccatis
3052 1324 3325 1374 terrentur
3349 1326 3406 1374 et
3452 1320 3522 1374 de
3549 1336 3610 1375 se

1997 1407 2277 1473 difﬁdunt,
2308 1407 2550 1463 hostiam
2583 1409 2980 1479 acceptabilem
3013 1410 3122 1465 sibi
3152 1412 3519 1482 praetendant,
3553 1419 3614 1467 ut

1999 1498 2121 1566 ejus
2149 1507 2304 1555 scuto
2334 1515 2394 1554 se
2424 1505 2797 1574 protegentes,
2830 1501 2933 1556 sub
2962 1517 3029 1556 ea
3065 1503 3364 1573 propitium
3390 1503 3497 1556 sibi
3520 1503 3614 1557 Pa-

2003 1597 2139 1644 trem
2173 1605 2544 1662 serenumque
2573 1590 2896 1662 deposcant,
2929 1597 2984 1646 et
3013 1592 3065 1646 ei
3095 1608 3156 1648 se
3179 1600 3436 1664 acceptos
3467 1593 3613 1648 desi-

2007 1678 2202 1733 derent
2221 1679 2323 1733 sub
2350 1695 2416 1734 ea
2437 1695 2602 1751 quam
2629 1696 2910 1751 nunquam
2941 1696 3053 1737 non
3078 1681 3475 1754 acceptabilem
3502 1681 3612 1736 du-

285 1785 484 1823 nemur
515 1769 663 1840 quod
692 1771 848 1840 panis
878 1773 1166 1842 appositus
1186 1773 1340 1828 altari
1373 1773 1537 1830 debet
1559 1791 1682 1830 esse
1710 1778 1903 1831 candi-

2012 1766 2208 1835 bitant,
2234 1775 2294 1822 ut
2318 1768 2412 1840 qui
2444 1768 2587 1823 Patri
2629 1785 2730 1839 per
2768 1768 2986 1840 seipsos
3015 1785 3127 1826 non
3158 1770 3365 1826 audent
3396 1769 3615 1837 offerre,

282 1839 571 1924 dissimus,
611 1865 667 1913 et
693 1839 772 1912 fin
805 1839 1092 1931 quo—nulla
1117 1861 1293 1932 possit
1340 1862 1536 1933 inspici
1569 1864 1806 1932 macula,
1845 1872 1905 1920 ut

2012 1871 2076 1910 ne
2114 1855 2274 1910 malis
2331 1855 2568 1923 irritent,
2626 1839 2890 1914 dilectum
2941 1859 3131 1915 Filium
3173 1868 3511 1933 proponant,
3559 1865 3618 1915 ut

284 1949 388 2004 hoc
405 1956 668 2020 appareat
699 1951 754 2004 in
769 1949 943 2025 ﬁgura
967 1952 1116 2022 quod
1132 1953 1460 2023 prmdicatur
1471 1955 1541 2009 de
1569 1955 1900 2022 substantia,

286 2046 345 2092 ut
382 2054 518 2108 pura
547 2046 600 2092 et
631 2039 978 2095 immaculata
1008 2042 1259 2098 videatur
1291 2044 1533 2099 exterius
1581 2045 1775 2118 ﬁgura,
1805 2063 1904 2101 cu-

283 2125 374 2192 jus
424 2126 736 2183 substantia
791 2129 991 2185 dicitur
1064 2130 1296 2187 interius
1348 2149 1484 2202 pura
1527 2143 1580 2188 et
1639 2134 1907 2192 immacu-

292 2217 416 2271 lata.

360 2318 560 2372 Panem
588 2320 715 2374 vitae
743 2323 970 2375 wternce.
1016 2321 1144 2376 Cum
1178 2337 1375 2392 panem
1415 2324 1594 2389 audis,
1636 2341 1706 2380 ne
1745 2334 1907 2396 putes

291 2421 414 2460 esse
444 2407 537 2478 qui
569 2406 748 2462 fuerat
787 2415 914 2463 ante
963 2409 1437 2477 benedictionem,
1499 2427 1568 2467 ne
1609 2411 1906 2483 decipiaris

291 2505 500 2552 mutata
549 2497 876 2554 substantia.
907 2499 1064 2555 Prius
1094 2507 1212 2555 erat
1251 2502 1434 2571 panis,
1475 2503 1640 2558 modo
1674 2518 1782 2558 non
1825 2513 1907 2560 est

291 2586 472 2655 panis,
505 2586 604 2640 sed
633 2587 749 2642 sola
778 2602 924 2642 caro.
959 2587 1067 2643 Sed
1098 2604 1296 2658 panem
1327 2589 1482 2656 dixit,
1503 2591 1664 2660 quasi
1696 2592 1905 2648 diceret

291 2675 501 2743 cibum,
541 2677 684 2732 sicut
735 2679 998 2749 scriptum
1053 2687 1170 2736 est:
1223 2683 1336 2748 Ego
1389 2697 1506 2736 sum
1537 2685 1702 2752 panis
1752 2685 1908 2737 vivus

292 2768 503 2836 (Matth.
538 2770 633 2835 vi).
674 2767 758 2836 Et,
783 2785 981 2838 panem
1033 2771 1344 2838 angelorum
1379 2772 1732 2828 manducavit
1757 2773 1908 2828 homo

293 2855 464 2921 (Psal.
501 2856 716 2926 Lxxvn).
752 2857 1038 2922 Quomodo
1077 2865 1161 2912 est
1191 2859 1350 2928 panis
1372 2859 1496 2914 vitae
1526 2867 1770 2928 aeternae,
1811 2862 1905 2932 qui

291 2949 529 3005 sumitur
586 2952 834 3006 amultis
880 2953 948 3006 ad
1007 2953 1472 3008 damnationem?
1528 2955 1697 3024 Hujus
1751 2956 1909 3025 panis

291 3039 486 3108 virtus,
516 3041 648 3108 ﬁdes
676 3046 775 3108 est,
802 3057 1027 3112 quasper
1041 3043 1380 3098 dilectionem
1401 3045 1808 3114 operatur(Gal.
1830 3044 1907 3113 v.)

297 3128 385 3182 Est
421 3129 571 3182 enim
613 3135 667 3184 et
705 3130 863 3200 panis
893 3131 1212 3200 mysterium
1255 3131 1408 3197 fidei,
1454 3133 1596 3188 sicut
1628 3133 1696 3188 de
1737 3133 1906 3188 calice

292 3218 499 3273 dictum
530 3225 636 3274 est.
677 3219 942 3292 Sumptus
999 3237 1129 3294 ergo
1167 3222 1286 3277 sine
1327 3221 1457 3289 ﬁde,
1501 3239 1611 3278 non
1669 3224 1902 3295 proﬁcit.

295 3308 427 3362 Nam
452 3309 498 3361 si
530 3309 621 3364 hic
648 3309 807 3380 panis
836 3317 920 3365 est
949 3312 1269 3382 mysterium
1311 3311 1462 3379 ﬁdei,
1505 3313 1559 3367 id
1604 3323 1686 3368 est
1717 3316 1906 3370 occul-

297 3405 436 3458 tum,
471 3397 619 3468 quod
647 3399 765 3453 sola
795 3400 1037 3454 cernitur
1060 3399 1189 3466 ﬁde,
1223 3401 1356 3472 quid
1389 3402 1617 3472 prodest
1645 3404 1764 3458 sine
1797 3403 1905 3458 ﬁde

297 3489 602 3559 sumiquod
629 3491 749 3545 sine
775 3489 882 3545 ﬁde
896 3507 1006 3546 non
1025 3491 1314 3546 cernitur?
1344 3493 1570 3548 Oculum
1599 3495 1908 3565 perdidisti,

297 3580 433 3651 quid
453 3596 600 3636 caeco
627 3589 858 3652 prosunt
888 3583 944 3636 in
975 3598 1101 3637 arca
1121 3583 1370 3638 divitiae?
1401 3584 1539 3647 Quid
1570 3585 1795 3655 prodest
1820 3587 1908 3640 di-

299 3669 462 3723 vitias
500 3670 754 3724 humana:
786 3670 1186 3742 redemptionis
1225 3672 1279 3725 in
1320 3678 1372 3727 te
1403 3673 1730 3740 recondere,
1777 3690 1913 3745 quas

299 3775 414 3816 non
445 3761 600 3816 vides
630 3763 790 3819 oculo
822 3763 952 3819 ﬁdei
1003 3764 1260 3835 perdito?
1301 3766 1454 3820 Unde
1493 3767 1763 3838 scriptum
1795 3777 1907 3823 est:

298 3854 407 3920 Qui
452 3855 740 3910 manducat
775 3861 824 3912 et
854 3857 988 3911 bibit
1014 3873 1205 3927 corpus
1250 3862 1299 3913 et
1329 3860 1645 3926 sanguinem
1699 3861 1914 3914 Domini

292 3948 546 4015 indigne,
571 3949 843 4018 judicium
869 3952 976 4006 sibi
1011 3952 1304 4007 manducat
1331 3957 1382 4008 et
1403 3953 1535 4007 bibit
1573 3955 1621 4021 (Ι
1647 3954 1766 4010 Cor.
1801 3954 1908 4021 xv).

297 4039 431 4093 Nam
462 4039 552 4093 ille
594 4041 889 4097 manducat
929 4043 1156 4115 indigne
1199 4044 1291 4114 qui
1323 4044 1618 4100 manducat
1662 4043 1780 4098 sine
1803 4043 1912 4100 ﬁde

297 4147 427 4202 quas
455 4146 555 4201 per
599 4132 950 4189 dilectionem
1001 4142 1280 4204 Operatur.
1312 4135 1404 4191 Est
1454 4151 1584 4208 ergo
1634 4135 1724 4191 hic
1754 4136 1913 4206 panis

298 4218 430 4274 vitae
471 4224 714 4288 aeterna),
768 4235 879 4275 non
931 4221 997 4275 iis
1036 4221 1260 4291 quidem
1291 4223 1385 4294 qui
1433 4231 1641 4278 tantum
1693 4237 1791 4278 ore
1831 4239 1918 4278 su-

304 4320 490 4377 munt,
523 4313 622 4366 sed
663 4311 732 4366 iis
762 4314 855 4384 qui
900 4314 1064 4368 etiam
1107 4324 1315 4382 mente,
1367 4331 1477 4371 non
1525 4317 1618 4387 qui
1660 4323 1920 4386 premunt

303 4401 500 4465 dente,
532 4400 630 4454 sed
681 4401 775 4471 qui
811 4408 1041 4474 tangunt
1085 4401 1216 4458 ﬁde.
1270 4404 1422 4458 Unde
1480 4405 1744 4474 scriptum
1806 4413 1918 4460 est:

1929 3177 1979 3246 C

2003 1946 2261 2013 subeant,
2296 1954 2352 2002 et
2380 1946 2478 2003 sub
2511 1947 2632 2016 ejus
2668 1949 2838 2004 tutela
2882 1957 3010 2006 ante
3041 1959 3397 2023 conspectum
3444 1952 3618 2009 Patris

2005 2037 2302 2093 introeant.
2337 2035 2565 2092 Oramus
2601 2051 2734 2112 ergo
2787 2046 2849 2094 ut
2897 2040 3253 2110 acceptabilis
3290 2041 3408 2096 haec
3437 2040 3617 2097 hostia

2006 2128 2098 2196 sit,
2130 2129 2454 2200 placeatque
2487 2143 2585 2200 pro
2627 2129 2809 2196 nobis,
2857 2137 2934 2197 ut,
2984 2147 3108 2187 cum
3149 2131 3432 2189 offerimus
3467 2132 3615 2204 quod

2006 2220 2207 2292 placet,
2237 2221 2487 2292 placetur
2524 2220 2685 2276 nobis
2718 2221 2884 2277 Dens.
2920 2221 3077 2278 Unde
3115 2230 3172 2279 et
3208 2224 3457 2295 exempla
3486 2238 3614 2278 san-

2006 2315 2218 2365 ctorum
2246 2307 2586 2364 adhibentur
2618 2309 2748 2363 Abel
2798 2309 2954 2378 justi,
2986 2312 3307 2382 patriarchae
3363 2312 3616 2379 Abrahae,

2004 2400 2204 2454 summi
2233 2399 2538 2455 sacerdotis
2566 2399 2992 2466 Melchisedech,
3015 2408 3095 2466 ut,
3128 2403 3271 2458 sicut
3296 2418 3489 2460 eorum
3521 2418 3616 2458 sa-

2005 2489 2212 2546 criﬁcia
2228 2490 2375 2545 Deus
2403 2490 2726 2560 acceptavit,
2749 2491 2831 2546 eis
2857 2493 3232 2563 propitiando,
3256 2494 3332 2550 ita
3348 2495 3616 2566 suscipiat

2006 2582 2244 2639 hostiam
2276 2583 2440 2648 hanc,
2481 2582 2654 2638 nostri
2685 2582 3022 2641 miserando.
3077 2584 3482 2644 Melchisedech
3529 2605 3618 2644 sa-

2007 2677 2207 2734 cerdos
2231 2692 2479 2732 summus
2507 2676 2726 2745 dicitur,
2784 2679 2880 2750 qui
2919 2679 3065 2736 inter
3103 2681 3420 2738 sacerdotes
3471 2683 3620 2738 illius

2006 2768 2272 2838 temporis
2310 2765 2631 2822 habebatur.

2076 2859 2354 2930 Supplices
2381 2866 2431 2916 te
2457 2877 2732 2930 rogamus,
2772 2869 2828 2917 et
2879 2877 3056 2934 usque
3109 2863 3312 2920 divina;
3346 2865 3621 2934 majestati

2008 2955 2134 3006 tua.
2164 2952 2227 3006 Et
2271 2952 2361 3008 hic
2391 2953 2585 3008 mirum
2636 2961 2718 3008 est
2758 2955 3036 3024 quomodo
3067 2970 3290 3011 oramus
3327 2972 3529 3028 corpus
3564 2965 3618 3012 et

2008 3045 2333 3116 sanguinem
2389 3045 2603 3100 Domini
2634 3046 2688 3100 in
2719 3053 3024 3118 conspectu
3065 3048 3158 3103 Dei
3198 3047 3453 3119 perferri,
3494 3065 3617 3104 cum

2009 3137 2271 3208 scriptum
2327 3138 2426 3193 sit:
2477 3139 2606 3210 quia
2649 3139 2897 3196 Christus
2939 3156 3146 3212 semper
3183 3144 3395 3198 assistit
3442 3144 3621 3198 vultui

2006 3231 2204 3295 Patris,
2236 3230 2586 3299 interpellans
2617 3231 2784 3286 Deum
2804 3246 2907 3301 pro
2933 3232 3088 3288 nobis
3117 3232 3272 3302 (Heb.
3313 3233 3432 3304 vn),
3464 3239 3520 3288 et
3539 3232 3621 3286 le-

2006 3317 2186 3391 gimus
2215 3318 2343 3389 quia
2402 3317 2667 3385 Christus,
2709 3319 3020 3375 ascendens
3072 3321 3139 3374 ad
3189 3323 3414 3388 caelum,
3459 3339 3624 3392 super

2008 3410 2192 3462 omnia
2211 3410 2487 3463 emaltatus
2499 3409 2797 3475 est,sedens
2816 3411 2892 3464 ad
2915 3410 3186 3466 dexteram
3210 3413 3394 3466 Patris
3425 3412 3618 3482 (Marc.

2010 3498 2140 3567 XVI).
2176 3498 2463 3562 Quomodo
2503 3513 2638 3572 ergo
2670 3499 2901 3569 perferri
2942 3515 3165 3557 oramus
3213 3500 3484 3558 Christum
3526 3503 3622 3558 ubi

2010 3601 2232 3656 semper
2260 3585 2387 3641 est?
2413 3587 2520 3641 Sed
2548 3587 2806 3656 superius
2837 3588 3045 3644 vultum
3105 3589 3280 3645 Patris
3322 3592 3622 3662 propitium

2013 3695 2078 3735 ac
2105 3696 2363 3736 serenum
2391 3679 2507 3735 ﬁeri
2535 3696 2701 3751 super
2731 3682 2962 3737 hostiam
2993 3682 3110 3736 Filii
3141 3683 3492 3755 rogabamus,
3513 3701 3625 3741 non

2012 3769 2161 3840 quod
2193 3769 2326 3824 Filio
2353 3783 2452 3824 suo
2509 3769 2670 3824 Pater
2707 3769 2882 3840 possit
2938 3785 3063 3825 esse
3101 3786 3350 3834 severus,
3392 3773 3490 3826 sed
3521 3773 3625 3827 sub

2012 3861 2303 3917 occasione
2330 3860 2470 3925 Filii,
2509 3859 2683 3916 Patris
2723 3861 3118 3931 propitiatione
3156 3877 3260 3918 nos
3287 3861 3626 3935 ingeramus,

2013 3957 2074 4004 ut
2103 3964 2204 4020 pro
2247 3964 2434 4004 amore
2466 3947 2584 4003 Filii
2638 3949 2966 4004 misereatur
3003 3950 3196 4016 nostri,
3255 3957 3309 4005 et
3347 3951 3502 4022 quasi
3549 3951 3630 4006 Fi-

2013 4039 2154 4095 lium
2186 4039 2566 4110 parvipendat,
2595 4037 2640 4093 si
2673 4053 2773 4109 pro
2803 4053 2871 4094 eo
2901 4055 3004 4095 nos
3035 4054 3146 4094 non
3192 4040 3440 4112 recipiat.
3467 4041 3546 4097 lta
3574 4051 3630 4096 et

2017 4131 2128 4198 hic,
2159 4145 2414 4202 rogamus
2452 4129 2594 4184 Patri
2650 4129 2880 4200 perferri
2911 4128 3131 4198 Filium,
3163 4131 3258 4202 qui
3298 4147 3520 4203 semper
3547 4139 3631 4188 est

2017 4221 2165 4293 apud
2195 4238 2317 4277 eum
2356 4236 2454 4292 pro
2485 4220 2667 4283 nobis,
2704 4227 2766 4275 ut
2802 4230 2990 4277 votum
3034 4221 3255 4278 devotio
3285 4230 3490 4290 nostra,
3533 4239 3634 4295 per

2018 4317 2213 4371 Filium
2244 4315 2430 4371 veniat
2459 4315 2525 4370 ad
2583 4315 2821 4381 Patrem,
2852 4322 2913 4371 ut
2959 4316 3163 4372 virtute
3197 4317 3330 4372 tanti
3377 4316 3633 4373 sacriﬁcii

2019 4411 2144 4461 vota
2169 4411 2358 4459 nostra
2389 4403 2734 4474 proferantur
2763 4411 2896 4460 ante
2926 4412 3292 4476 conspectum
3326 4407 3444 4470 Dei,
3477 4407 3636 4478 quasi

303 4490 436 4546 Noli
478 4504 560 4542 me
588 4492 842 4562 tangere”
874 4491 1108 4545 nondum
1135 4493 1276 4546 enim
1336 4494 1556 4548 accendi
1598 4495 1673 4548 ad
1709 4497 1922 4548 Patrem
1949 4491 2000 4558 D
2026 4496 2196 4551 Filius
2232 4497 2300 4550 ad
2331 4496 2545 4550 Patrem
2578 4511 2690 4552 non
2741 4498 3020 4562 ascendat,
3082 4498 3129 4551 si
3169 4497 3392 4553 devotio
3450 4505 3636 4554 nostra

305 4594 483 4632 meum
511 4579 684 4645 (Joan.
740 4580 844 4641 xx).
888 4579 962 4632 Ac
998 4579 1043 4632 si
1073 4578 1312 4634 diceret:
1373 4580 1464 4635 Vis
1521 4597 1609 4636 me
1665 4582 1923 4638 manibus

312 4676 564 4738 tangere,
594 4665 676 4721 vis
705 4683 794 4722 me
821 4667 1180 4737 corporaliter
1211 4674 1461 4742 tangere,
1494 4684 1604 4724 non
1631 4669 1732 4737 sic,
1757 4669 1921 4724 ﬁdem

314 4764 461 4808 tuam
518 4754 660 4811 volo.
713 4755 846 4810 Fide
891 4771 980 4811 me
1015 4763 1200 4830 tange,
1252 4757 1416 4812 crede
1461 4759 1529 4812 ad
1575 4759 1786 4814 Patrem
1837 4776 1925 4815 me

315 4845 659 4913 ascendisse,
689 4846 744 4901 id
770 4854 854 4902 est
892 4863 979 4902 me
1011 4863 1136 4903 esse
1167 4849 1436 4920 aequalem
1468 4849 1630 4904 Patri.

391 4947 477 5011 Et,
527 4949 744 5002 calicem
788 4948 984 5004 salutis
1032 4956 1326 5018 perpetuae.
1373 4949 1526 5012 Quod
1577 4951 1820 5007 diximus
1858 4954 1928 5008 de

323 5053 490 5109 pane,
525 5038 670 5093 idem
705 5045 886 5109 potest
923 5039 1032 5094 dici
1093 5039 1162 5094 de
1193 5040 1388 5095 calice.
1435 5040 1498 5094 Et
1538 5042 1686 5112 quod
1719 5043 1926 5099 dictum

319 5133 406 5181 est
435 5126 560 5181 vita;
600 5132 838 5194 aeternae,
871 5135 927 5182 et
953 5128 1145 5183 salutis
1177 5134 1476 5200 perpetuae.

395 5217 577 5286 Supra
615 5235 756 5288 qua,
782 5225 887 5275 etc.
916 5235 1091 5290 usque
1118 5221 1521 5276 immaculatam
1551 5223 1795 5280 hostiam.
1841 5224 1931 5278 Fi-

2024 4587 2155 4642 illuc
2184 4602 2297 4642 non
2334 4588 2640 4657 perveniat.
2681 4587 2793 4641 Tali
2843 4588 3056 4642 ratione
3088 4603 3365 4662 regamus,
3398 4596 3458 4644 ut
3495 4589 3635 4644 sicut

2027 4677 2272 4733 Christus
2300 4684 2427 4732 ante
2448 4677 2749 4748 discipulos
2777 4694 2808 4732 a
2836 4685 2980 4733 terra
3000 4679 3295 4734 translatus
3334 4688 3417 4736 est
3447 4681 3500 4735 in
3524 4697 3638 4736 cm-

2028 4767 2166 4832 lum,
2197 4772 2252 4821 et
2280 4766 2453 4821 factus
2481 4766 2776 4821 invisibilis
2806 4767 2863 4821 in
2891 4775 3194 4838 conspectu
3219 4768 3414 4838 ipsius,
3447 4777 3640 4839 postea

2028 4859 2299 4913 missurus
2337 4857 2512 4912 sancti
2541 4857 2779 4928 Spiritus
2805 4859 3037 4926 donum,
3067 4859 3140 4913 ita
3181 4859 3362 4914 hostia
3401 4860 3537 4927 haec,
3570 4860 3638 4915 ab

2027 4949 2185 5005 altari
2211 4956 2457 5017 terreno,
2484 4965 2654 5020 super
2683 4951 2833 5021 quod
2861 4949 3198 5018 immolatur,
3250 4951 3307 5004 in
3353 4951 3520 5007 altare
3549 4969 3641 5007 su-

2028 5041 2198 5096 blime
2250 5048 2378 5096 ante
2419 5047 2776 5112 conspectum
2828 5041 2924 5096 Dei
2968 5040 3351 5111 transferatur,
3391 5053 3456 5098 ut
3510 5043 3642 5098 inde

2031 5130 2182 5186 omni
2213 5129 2608 5185 benedictione
2637 5131 2849 5186 coelesti
2881 5137 2933 5185 et
2983 5131 3162 5205 gratia
3191 5131 3522 5202 repleamur,
3562 5142 3642 5199 ut,

2031 5235 2156 5292 quae
2182 5219 2477 5276 visibiliter
2505 5227 2768 5276 tractatur
2818 5222 2873 5275 in
2917 5229 3081 5290 terra,
3119 5221 3471 5278 invisibiliter
3499 5239 3642 5295 ope-

323 5309 414 5362 nis
448 5309 670 5380 respicit
693 5310 761 5365 ad
790 5311 1140 5380 principium.
1185 5312 1359 5382 Supra
1388 5328 1531 5383 quas,
1560 5313 1769 5370 scilicet
1796 5331 1930 5370 san-
2035 5317 2187 5366 retur
2217 5311 2271 5365 in
2301 5309 2465 5366 ccelo.
2487 5309 2585 5365 Hic
2613 5311 2818 5379 oblata,
2851 5311 2926 5366 ibi
2959 5319 3203 5383 accepta,
3237 5328 3347 5368 non
3380 5314 3646 5369 mutatio-

326 5409 475 5454 ctum
519 5399 872 5467 sacriﬁcium,
928 5400 1330 5456 immaculatam
1379 5402 1610 5458 hostiam
1660 5406 1935 5475 reSpicere
2039 5424 2110 5463 ne
2139 5407 2270 5472 loci,
2303 5408 2389 5462 vel
2419 5407 2686 5477 temporis
2701 5423 2952 5473 accessu,
2983 5415 3045 5463 ut
3067 5416 3286 5479 emptus
3314 5409 3382 5463 ab
3406 5411 3508 5465 hoc
3529 5409 3651 5464 loco

329 5491 580 5564 digneris
610 5501 665 5546 et
693 5499 921 5564 accepta
946 5493 1175 5562 habere,
1196 5509 1261 5549 ac
1280 5493 1323 5548 si
1345 5494 1585 5551 diceret:
1617 5495 1793 5567 Supra
1814 5514 1937 5568 qua:
2040 5499 2418 5555 translationis
2442 5505 2626 5556 motus
2655 5500 2723 5554 ad
2775 5501 2941 5555 alium
2995 5509 3187 5570 postea
3217 5500 3532 5572 perﬁciatur
3569 5499 3653 5551 lo—

404 5622 480 5696 (4)
517 5620 682 5698 Caute
713 5623 858 5698 lege,
889 5639 1021 5698 _nam
1053 5622 1302 5698 _Deipara
1331 5629 1458 5698 ante
1497 5640 1648 5679 suam
1690 5626 1946 5681 nativita-
2047 5628 2427 5684 incarnatione
2483 5627 2644 5684 Verbi
2671 5636 2974 5684 consecuta
3002 5629 3166 5684 fuerit
3193 5629 3506 5698 uberiorem
3528 5636 3657 5698 grit-

334 5694 447 5767 tem
466 5694 683 5766 adepta
731 5694 817 5748 est
840 5694 1022 5749 adhuc
1052 5694 1107 5748 in
1138 5694 1568 5767 uterocxistens
1587 5711 1705 5750 eam
1743 5698 1948 5751 sancti-
2049 5699 2140 5753 tiae
2179 5699 2625 5755 redundantiam.
2668 5700 2804 5754 Vide
2833 5700 2889 5753 S.
2921 5699 3114 5754 Thom.
3146 5716 3228 5765 ιιι,
3262 5716 3315 5767 p.
3346 5713 3402 5765 q.
3431 5695 3522 5757 27,
3551 5695 3651 5744 art.

332 5764 674 5831 ﬁcationein,
706 5771 768 5820 ut
810 5780 1089 5835 nunquam
1117 5764 1404 5821 actualiter
1433 5775 1700 5835 peccaret,
1730 5769 1947 5823 tametsi
2049 5770 2106 5836 4,
2131 5770 2166 5824 5
2192 5769 2258 5822 ad
2279 5769 2331 5821 2.

669 5895 967 5960 PATROL.
1023 5895 1219 5957 CLX.
3169 5894 3249 5955 34
