4006 6198
438 395 572 450 106⁸7

1654 391 1712 442 Β.
1754 387 1992 446 ODONIS
2032 386 2271 442 CAMER.
2317 388 2523 443 EPISC.

3615 388 3757 446 1068

434 529 576 568 cum.
614 511 743 575 Sed,
765 507 867 563 sub
895 507 1089 562 eodem
1122 508 1264 573 loco,
1297 508 1389 578 qui
1420 508 1581 578 panis
1620 515 1736 562 erat
1784 509 1842 564 ﬁt
1877 508 2036 562 Verbi
2060 513 2111 579 Α
2140 507 2323 576 pimus
2353 508 2421 563 de
2449 508 2674 564 sublimi
2707 511 2896 566 Deum.
2932 510 3061 566 Cum
3092 512 3183 566 hic
3204 502 3426 582 corpus
3455 521 3510 567 et
3531 514 3756 588 sangui-

434 619 579 660 caro.
630 602 747 657 Non
798 599 1124 654 transfertur
1152 597 1295 663 loco,
1337 607 1396 654 ut
1442 599 1510 653 de
1551 615 1692 670 pane
1726 598 1821 654 ﬁat
1871 615 2032 665 caro;

430 692 756 750 transfertur
794 697 979 746 tamen
1016 689 1084 743 ab
1122 688 1276 743 altari
1323 688 1388 742 ad
1421 688 1645 755 coelum,
1674 689 1806 760 quia
1857 696 2036 744 trans-

433 786 606 840 fertur
643 784 712 838 de
743 797 884 854 pane
905 781 974 836 ad
1004 781 1196 836 Deum.
1227 779 1333 834 Sed
1365 773 1494 850 qu‘ia
1521 779 1660 834 Deus
1690 787 1773 834 est
1799 779 2031 852 ubique,

433 896 546 936 non
574 879 634 933 ﬁt
658 877 765 934 loci
806 875 1128 940 mutatione,
1169 881 1228 929 ut
1257 873 1624 947 conjungatur
1649 874 1760 929 Deo
1790 874 1858 928 de
1892 889 2032 944 pane

432 971 575 1028 facta
612 985 760 1026 caro.
803 967 1144 1023 Transfertur
1171 967 1321 1022 intus
1355 967 1423 1021 ad
1463 968 1636 1022 Deum
1660 966 2029 1033 invisibiliter,

433 1077 536 1117 nec
563 1068 812 1116 movetur
840 1055 1078 1112 exterius
1127 1055 1195 1109 ab
1222 1055 1375 1110 altari
1420 1055 1727 1120 visibiliter,
1768 1055 1950 1111 oblata
1979 1055 2034 1110 in

432 1152 586 1208 altari
628 1149 921 1204 devotione
971 1145 1212 1202 hominis
1243 1153 1469 1218 accepta
1513 1145 1570 1200 in
1597 1145 1736 1201 cmlo
1767 1145 2034 1216 propitia-

430 1241 580 1297 tione
612 1239 729 1294 Dei.
751 1237 900 1292 Tunc
923 1236 1072 1291 enim
1097 1251 1127 1289 a
1149 1234 1258 1290 Deo
1275 1235 1434 1306 quasi
1466 1234 2034 1306 acceptatur,quando

431 1331 572 1384 Deus
595 1327 758 1384 nobis
797 1325 1144 1398 propitiatur,
1174 1333 1229 1379 et
1257 1324 1497 1380 caelestis
1528 1323 1841 1379 benedictio
1873 1323 2036 1378 nobis

431 1419 500 1476 ab
556 1434 624 1474 eo
669 1416 920 1472 mittitur.
973 1414 1079 1468 Sed
1111 1413 1352 1468 Christus
1400 1413 1682 1484 juvamine
1736 1427 1844 1468 non
1885 1413 2038 1486 eguit

429 1512 774 1586 angelorum,
805 1507 1028 1580 quando
1077 1521 1176 1560 sua
1229 1505 1430 1560 virtute
1461 1505 1710 1560 ascendit
1748 1505 1804 1558 in
1835 1505 2035 1559 caelum

430 1606 562 1680 quid
593 1619 724 1676 ergo
764 1616 1020 1677 rogamus
1037 1600 1179 1656 hanc
1206 1599 1440 1655 hostiam
1473 1598 1701 1670 perferri
1718 1614 1816 1670 per
1841 1615 2037 1653 manus

431 1697 613 1770 angeli
643 1703 772 1750 ante
801 1699 1157 1764 conspectum
1193 1691 1312 1759 Dei,
1342 1707 1462 1747 cum
1500 1691 1821 1765 angelorum
1854 1689 2037 1746 ofﬁcia

431 1788 742 1847 necessaria
771 1801 881 1842 non
914 1786 1026 1840 sint
1075 1785 1202 1840 huic
1244 1783 1583 1856 perlationi?
1639 1783 1748 1838 Sed
1799 1783 1905 1839 hoc
1953 1791 2037 1837 est

2140 615 2264 654 nem
2306 601 2500 656 Christi
2527 603 2816 670 sumimus,
2850 603 2918 657 de
2964 603 3103 659 coelo
3133 605 3304 659 Deum
3335 605 3659 676 accipimus,
3696 605 3753 659 in

2136 706 2247 762 quo
2277 693 2426 748 omni
2457 693 2850 750 benedictione
2887 695 3099 751 caelesti
3131 703 3186 752 et
3213 697 3389 769 gratia
3416 697 3752 768 repleamur.

2133 782 2412 838 Sumimus
2436 785 2525 840 hic
2553 784 2848 840 visibiliter
2875 801 3079 857 corpus
3139 793 3196 842 et
3227 788 3556 860 sanguinem
3586 787 3752 842 Chri-

2133 871 2222 938 sti,
2243 873 2513 928 sumimus
2551 873 2906 929 invisibiliter
2931 875 3000 930 de
3029 875 3193 943 caelo,
3243 891 3354 948 quo
3386 876 3596 948 perlata
3619 886 3755 932 sunt

2132 962 2604 1032 benedictionem,
2635 970 2692 1021 et
2719 964 2949 1038 gratiam
3004 965 3120 1023 Dei.
3158 967 3459 1036 Sumimus,
3499 968 3753 1040 inquam,

2135 1057 2365 1129 gratiam
2392 1065 2448 1114 et
2471 1057 2942 1128 benedictionem,
2969 1059 3246 1133 siquidem
3277 1059 3447 1136 digne
3475 1060 3753 1116 sumimus

2137 1145 2328 1201 Christi
2360 1161 2564 1218 corpus
2605 1154 2660 1202 et
2696 1147 3069 1221 sanguinem.
3101 1149 3233 1203 Nam
3275 1149 3370 1220 qui
3401 1149 3628 1224 indigne
3657 1166 3754 1204 su-

2139 1235 2256 1301 mit,
2285 1249 2385 1289 ore
2413 1235 2638 1306 quidem
2696 1236 2863 1292 sumit
2922 1243 2977 1293 et
3004 1236 3169 1292 dente
3215 1237 3341 1293 terit
3368 1239 3750 1310 corporaliter,

2138 1326 2234 1380 sed
2262 1325 2403 1380 nihil
2449 1325 2667 1397 proﬁcit
2715 1327 3096 1398 spiritualiter.
3141 1329 3256 1385 Imo
3294 1329 3390 1401 qui
3439 1345 3641 1402 corpus
3697 1339 3755 1386 et

2140 1417 2466 1490 sanguinem
2544 1416 2736 1472 Christi
2789 1417 2958 1472 sumit
3020 1417 3272 1490 indigne,
3316 1418 3584 1488 judicium
3645 1419 3752 1474 sibi

2137 1511 2431 1566 manducet
2483 1517 2538 1566 et
2577 1511 2718 1566 bibit
2744 1512 2792 1581 (Ι
2825 1514 2944 1569 Cor.
2981 1513 3062 1583 ιι).
3103 1513 3347 1583 Ideoque
3404 1527 3662 1586 rogamus
3690 1522 3752 1568 ut

2137 1605 2405 1670 quotquot
2433 1615 2498 1654 ex
2529 1599 2632 1654 hac
2661 1599 2846 1654 altaris
2874 1601 3294 1671 participatione
3332 1609 3745 1657 sacrosanctum

2137 1691 2252 1747 Filii
2275 1693 2353 1747 tui
2381 1707 2583 1764 corpus
2608 1703 2664 1749 et
2683 1694 3010 1768 sanguinem
3029 1696 3448 1766 sumpserimus,
3481 1696 3613 1752 inde
3638 1713 3753 1768 quo

2139 1779 2347 1851 perlata
2399 1788 2546 1850 sunt,
2589 1783 2738 1837 omni
2785 1782 3178 1839 benedictione
3215 1783 3430 1840 caelesti
3487 1791 3544 1840 et
3578 1786 3756 1858 gratia

431 1831 742 1847 ..ιυνυυωη-
773 1831 881 1842 ..ν--
915 1831 1025 1840 -.-η
1075 1831 1201 1840 η...-
1244 1831 1572 1856 ,----..--νη--
1639 1831 1748 1838 _-_
1801 1831 1902 1839 --π
1957 1831 2036 1837 η-
2139 1831 2345 1851 rma-“
2400 1831 2472 1835 η.

430 1878 578 1953 quod
622 1877 827 1931 dictum
858 1880 966 1942 est,
997 1875 1129 1945 quia
1174 1874 1478 1946 perlatione
1509 1874 1758 1946 corporis
1813 1880 1869 1928 et
1897 1889 2032 1928 san-
2063 1831 2115 1900 Β
2138 1869 2472 1940 repleamur.

429 1969 614 2045 guinis
641 1966 858 2029 Christi,
891 1981 1146 2039 rogamus
1183 1974 1308 2022 vota
1362 1975 1546 2022 nostra
1600 1965 1852 2037 perferri.
1902 1965 2040 2020 Sunt

429 2066 611 2113 tamen
646 2056 808 2112 nobis
858 2055 1042 2130 angeli
1074 2055 1342 2125 deputati,
1376 2055 1468 2126 qui
1516 2053 1754 2110 offerunt
1790 2054 2039 2126 quotidie

429 2147 542 2202 Deo
573 2153 698 2202 vota
736 2152 957 2201 nostra:
1016 2143 1173 2199 Unde
1214 2143 1475 2214 scriptum
1533 2150 1653 2198 est:
1689 2144 1829 2210 Quia
1860 2143 2040 2210 angeli

428 2237 1016 2307 eorumsempervident
1038 2236 1235 2303 faciem
1255 2237 1436 2290 Patris
1463 2235 1680 2305 (Matth.
1711 2235 1882 2305 xvm).
1917 2234 2040 2289 Ora-
2141 2238 2376 2301 tuarum,
2417 2238 2514 2304 qui
2555 2249 2651 2290 nos
2692 2239 3086 2304 praecesserunt
3139 2251 3256 2292 cum
3311 2238 3465 2305 signo
3510 2238 3660 2306 ﬁdei,
3699 2243 3752 2292 α

428 2345 551 2383 mus
581 2329 766 2399 itaque
812 2327 915 2382 sub
943 2326 1236 2382 occasione
1271 2324 1469 2380 Christi
1527 2324 1756 2396 perferri
1784 2334 1909 2380 vota
1938 2339 2036 2380 no-
2138 2325 2414 2381 dormiunt
2443 2329 2501 2380 in
2538 2341 2716 2382 somno
2743 2329 2917 2397 pacis.
2945 2328 3105 2396 Ipsis,
3153 2330 3394 2390 Domine,
3426 2332 3476 2384 et
3503 2330 3751 2384 omnibus

427 2427 540 2476 stra
566 2437 666 2492 per
695 2436 889 2474 manus
917 2419 1123 2491 angeli,
1155 2426 1214 2473 ut
1243 2419 1389 2473 bona
1414 2426 1539 2474 vota
1568 2417 1851 2490 proferant
1904 2417 2033 2473 boni
2135 2417 2195 2470 in
2217 2415 2431 2471 Christo
2458 2417 2871 2485 quiescentibus,
2896 2416 3065 2470 locum
3093 2417 3396 2486 refrigerii,
3427 2418 3566 2473 lucis
3585 2423 3754 2488 etpa-

427 2512 630 2586 angeli,
659 2511 761 2566 sub
802 2517 1068 2582 praetextu
1098 2509 1232 2564 tanti
1264 2508 1542 2565 sacrificii.
2132 2506 2232 2570 eis,
2281 2510 2339 2559 ut
2365 2505 2653 2572 indulgeas
2680 2505 3048 2574 deprecamur,
3077 2520 3172 2574 per
3208 2505 3444 2561 eumdem
3477 2506 3749 2562 Christum

497 2602 774 2671 Supplices
794 2604 844 2654 te
867 2613 1141 2667 rogamus,
1184 2600 1519 2669 omnipotens
1549 2601 1709 2654 Deus.
1744 2596 2035 2668 Supplica-
2133 2603 2421 2657 Dominum
2465 2604 2726 2656 nostrum.
2773 2601 2964 2654 Amen.

426 2705 550 2744 mus
577 2688 702 2756 tibi,
741 2702 1034 2743 curvamur
1084 2693 1212 2742 ante
1239 2694 1316 2755 te,
1346 2685 1609 2742 obnixius
1647 2685 2028 2757 deprecamur,

2560 2706 2832 2748 EXPOSITIO
2861 2706 3049 2747 DOHINI
3099 2706 3320 2748 ODONIS.

423 2779 656 2835 ostende
711 2777 1188 2849 omnipotentiam,
1223 2777 1459 2832 extende
1499 2793 1722 2832 manum
1771 2775 2031 2844 validam,
2205 2785 2313 2840 Hac
2341 2784 2500 2840 tertia
2531 2783 2783 2854 periodo,
2817 2798 2940 2854 quae
2970 2783 3026 2837 in
3053 2782 3405 2839 confectione
3422 2786 3670 2855 corporis
3692 2795 3750 2842 et

423 2875 504 2936 ut,
526 2884 648 2940 quae
688 2867 928 2939 propitio
957 2882 1023 2921 ac
1049 2881 1248 2922 sereno
1286 2866 1439 2922 vultu
1470 2867 1724 2937 respicis,
1773 2865 1938 2920 etiam
1963 2864 2028 2919 ad

2135 2874 2422 2945 sanguinis
2474 2871 2671 2927 Christi
2714 2872 2950 2939 sudavit,
3009 2873 3298 2943 hucusque
3364 2871 3518 2928 ﬁnita
3577 2877 3746 2929 sumit

422 2960 720 3014 invisibilia
747 2965 802 3014 et
831 2959 1094 3014 sublimia
1115 2967 1208 3013 tua
1238 2957 1602 3029 perferantur,
1635 2964 1691 3013 et
1712 2958 2030 3028 conspectui
2136 2968 2265 3024 hinc
2312 2967 2599 3024 exordium
2631 2974 2839 3038 quarta,
2897 2967 3045 3032 Qum,
3105 2966 3358 3022 confecto
3414 2983 3647 3039 corpore
3687 2979 3749 3024 ει

423 3051 723 3120 majestatis
769 3050 1049 3105 admittas.
1107 3049 1202 3106 Hic
1247 3050 1553 3105 necessitas
1612 3049 2030 3116 incurvationis,
2134 3061 2406 3135 sanguine
2437 3059 2658 3127 Christi,
2705 3059 2847 3114 redit
2885 3058 2954 3113 ad
3003 3059 3306 3132 rogandum
3355 3074 3452 3129 pro
3494 3062 3746 3128 mortuis,

2648 1939 2902 1994 TEXTUS
2927 1940 3228 1998 CANONIS.

2661 2049 2953 2092 DISTINCTIO
2993 2053 3223 2100 QUARTA.

2209 2142 2466 2197 Memento
2482 2142 2667 2208 etiam,
2695 2144 2935 2211 Domine,
2955 2143 3289 2210 famulorum
3307 2145 3754 2215 famularumque

423 3139 514 3194 hic
547 3153 688 3209 opus
717 3138 1156 3209 supplicationis,
1209 3138 1298 3193 hic
1325 3137 1598 3193 incumbit
1626 3137 2028 3193 consummatio

420 3227 586 3283 totius
629 3226 800 3282 nostri
856 3225 1079 3290 laboris,
1130 3232 1190 3281 ut
1243 3226 1360 3281 haec
1401 3227 1580 3282 hostia
1619 3226 1930 3296 perferatur
1968 3226 2024 3280 in

417 3315 657 3370 sublime
673 3314 843 3368 altare
871 3320 1048 3379 tuum,
1077 3314 1131 3367 in
1162 3320 1459 3385 conspectu
1489 3313 1692 3370 divinae
1721 3315 2027 3384 majestatis

419 3410 546 3458 tum.
607 3401 749 3465 Quid
781 3408 866 3456 est
913 3401 1064 3457 hoc?
1111 3401 1251 3467 Quid
1293 3409 1376 3457 est
1425 3403 1658 3474 perferri
1694 3404 1927 3460 hostiam
1969 3404 2026 3458 in

418 3494 656 3550 sublime
681 3494 872 3562 altare,
905 3493 1010 3548 nisi
1033 3508 1193 3552 ovem
1223 3493 1466 3550 humeris
1508 3495 1746 3552 Pastoris
1776 3496 2028 3568 imponi?

431 3586 494 3641 Et
523 3586 658 3658 quid
688 3585 808 3642 ovis
852 3585 1099 3641 humeris
1128 3585 1406 3658 imposita,
1463 3587 1566 3642 nisi
1609 3589 1774 3644 homo
1819 3604 2031 3644 assum-

427 3684 554 3749 ptus
591 3694 622 3732 a
660 3676 882 3734 Verbo?
907 3677 973 3733 Et
1015 3677 1150 3750 quid
1186 3684 1270 3732 est
1321 3678 1613 3734 sublimius
1651 3679 1828 3736 Verbo
1875 3681 2030 3736 Dei?

416 3769 674 3835 Quotidie
695 3770 923 3825 assumit
944 3769 1050 3824 sibi
1083 3768 1278 3825 ﬁdeles
1308 3770 1546 3826 Verbum
1575 3771 1693 3835 Dei,
1729 3771 2026 3844 participa-

415 3861 568 3918 tione
599 3861 762 3930 hujus
791 3859 1067 3917 sacriﬁcii.
1101 3861 1340 3917 Verbum
1365 3878 1498 3938 ergo
1528 3862 1648 3932 Dei,
1680 3862 1920 3918 sublime
1949 3863 2028 3918 al-

416 3960 532 4010 tare
557 3962 662 4021 est,
693 3954 760 4009 ad
797 3954 946 4026 quod
985 3969 1209 4010 oramus
1249 3955 1484 4010 hostiam
1525 3955 1758 4026 perferri
1795 3956 1853 4010 in
1895 3971 2026 4012 con-

414 4055 608 4120 spectu
646 4049 767 4114 Dei,
811 4056 868 4104 et
899 4066 997 4120 per
1023 4065 1142 4104 eam
1197 4065 1299 4106 nos
1334 4050 1627 4106 introduci.
1687 4049 2028 4123 Conspectus

415 4138 509 4192 Dei
539 4145 624 4193 est
650 4137 878 4194 verbum
906 4137 1098 4204 Patris,
1143 4138 1198 4192 in
1229 4153 1339 4209 quo
1369 4138 1640 4208 conspicit
1681 4153 1845 4195 omne
1875 4140 2027 4212 quod

415 4226 563 4284 fecit.
596 4228 728 4282 Nam
752 4243 918 4284 omne
940 4228 1088 4300 quod
1111 4229 1224 4302 agit
1253 4229 1429 4292 Pater,
1465 4229 1522 4283 in
1553 4229 1732 4285 Verbo
1761 4232 1881 4302 ejus
1904 4238 2021 4286 est:

414 4321 547 4376 Nam
577 4321 723 4390 quod
751 4322 960 4387 factum
978 4325 1076 4388 est,
1108 4323 1168 4376 in
1186 4321 1302 4391 ipso
1325 4323 1442 4375 vita
1463 4325 1579 4376 erat
1618 4321 1792 4391 (Joan.
1827 4323 1896 4392 1);
1939 4329 2024 4378 et:

423 4412 489 4465 In
513 4411 795 4480 principio
831 4413 1034 4464 creavit
1063 4407 1196 4466 Deus
1233 4411 1418 4466 caelum
1459 4416 1511 4465 et
1550 4415 1752 4466 terram
1788 4411 1939 4482 (Gen.
1962 4414 2023 4483 ι).

416 4501 470 4556 id
507 4509 591 4558 est
619 4501 676 4556 in
705 4501 897 4568 verbo,
923 4509 1006 4558 et:
1048 4502 1216 4558 Verbo
1260 4505 1478 4558 Domini
1520 4504 1639 4558 cali
1672 4506 1878 4573 ﬁrmati
1904 4485 2104 4559 suntD

415 4596 580 4662 (Psal.
631 4601 832 4664 xxxu);
863 4602 951 4650 et:
1003 4595 1197 4652 Omnia
1223 4598 1284 4650 in
1336 4597 1613 4666 sapientia
1633 4598 1817 4664 fecisti
1855 4596 2028 4667 (Psal,

412 4688 544 4759 cm).
577 4686 717 4751 Quid
757 4685 963 4742 rectius
992 4686 1192 4742 dicitur
1219 4695 1554 4757 conspectus
1591 4687 1688 4743 Dei
1728 4703 1892 4760 quam
1924 4688 2026 4742 Sa-

413 4783 626 4853 pientia
665 4799 788 4851 sua,
821 4782 875 4836 in
907 4798 1015 4854 qua
1046 4782 1318 4853 conspicit
1344 4797 1509 4838 omne
1539 4784 1688 4855 quod
1711 4782 1868 4856 agit?
1917 4783 2026 4840 IIo-

411 4873 568 4928 stiam
600 4887 732 4942 ergo
755 4870 988 4942 perferri
1018 4871 1074 4927 in
1105 4872 1341 4928 sublime
1393 4873 1586 4940 altare,
1635 4874 1691 4928 in
1724 4880 2022 4945 conspectu

409 4963 526 5031 Dei,
583 4963 717 5036 quid
761 4970 864 5032 est,
917 4963 1024 5018 nisi
1065 4963 1404 5020 oblationem
1466 4971 1706 5021 nostram
1754 4965 2020 5041 conjungi

407 5054 609 5123 Verbo,
641 5056 784 5110 uniri
812 5056 1012 5124 Verbo,
1044 5056 1162 5110 fieri
1205 5057 1397 5124 Deum,
1453 5063 1508 5112 et
1550 5073 1651 5128 per
1675 5073 1796 5112 eam
1829 5071 1932 5114 nos
1962 5057 2020 5112 in

408 5141 577 5198 Deum
600 5144 828 5210 assumi,
855 5151 910 5198 et
937 5150 1064 5199 vota
1088 5150 1276 5199 nostra
1305 5143 1578 5215 acceptari
1600 5143 1630 5197 Ῥ

482 5232 550 5286 Ut
566 5236 826 5302 quotquot
847 5247 914 5286 ea:
940 5233 1060 5297 hac,
1079 5240 1211 5300 etc.,
1242 5248 1417 5304 usque
1430 5236 1679 5302 etgratia
1690 5235 2016 5306 repleamur.

407 5318 509 5373 Per
525 5319 768 5375 eumdem
794 5322 1079 5376 Dominum
1102 5326 1362 5378 nostrum.
1393 5325 1586 5378 Amen.
1629 5323 1804 5378 Habet
1842 5324 2026 5381 Eccle-

406 5411 488 5467 sia
518 5411 687 5468 altare
717 5413 933 5469 visibile
957 5415 1015 5468 in
1049 5420 1214 5485 terra,
1247 5422 1331 5471 est
1357 5423 1410 5472 et
1441 5416 1610 5472 altare
1655 5417 1935 5472 invisibile
1965 5419 2020 5473 in

407 5503 548 5560 ccelo
579 5504 723 5575 apud
756 5505 949 5559 Deum.
975 5505 1183 5573 Hostia,
1209 5524 1371 5578 quam
1391 5507 1445 5562 in
1471 5509 1576 5564 hoc
1605 5508 1760 5562 altari
1795 5509 1902 5564 Deo
1927 5508 2018 5564 of-

406 5590 656 5658 ferimus,
689 5593 798 5646 Deo
826 5591 1198 5660 conjungitur,
1230 5602 1284 5649 et
1325 5595 1382 5649 ﬁt
1413 5596 1574 5650 Deus.
1620 5597 1677 5648 In
1710 5597 1813 5650 hoc
1850 5597 2020 5650 sacri-

404 5680 532 5737 ficio
561 5684 973 5754 conjunguntur
991 5687 1206 5736 terrena
1234 5685 1571 5751 coelestibus,
1602 5693 1852 5741 creatura
1879 5687 2009 5742 Deo.

2052 3183 2103 3255 C
2131 3151 2390 3208 ﬁdentior
2401 3151 2647 3207 exaudiri
2664 3151 2969 3222 patrocinio
2991 3149 3541 3207 sacriﬁciLMemento
3559 3155 3743 3218 etiam,

2127 3243 2366 3298 Domine.
2400 3240 2496 3295 Hic
2533 3239 2678 3296 solet
2702 3239 2822 3294 ﬁeri
2849 3239 3117 3296 memoria
3153 3239 3460 3296 amicorum
3487 3247 3543 3295 et
3575 3240 3739 3296 fami-

2128 3334 2341 3388 liarium
2371 3331 2757 3388 defunctorum
2772 3374 2784 3386 .

2197 3427 2354 3494 Ipsis,
2377 3425 2617 3489 Domine,
2642 3428 2692 3478 et
2715 3423 2962 3479 omnibus
2990 3426 3051 3479 in
3081 3424 3291 3480 Christo
3317 3428 3736 3495 quiescentibus.

2131 3517 2289 3590 Ipsis,
2322 3517 2378 3572 id
2408 3522 2492 3572 est
2519 3531 2751 3588 quorum
2792 3517 3114 3572 memoriam
3153 3517 3412 3585 fecimus,
3441 3527 3498 3574 et
3552 3528 3744 3590 postea

2129 3605 2356 3677 reliquis
2386 3605 2644 3661 omnibus
2676 3604 2924 3678 indulge.

2199 3697 2366 3754 Nobis
2411 3711 2618 3767 quoque
2658 3695 3029 3766 peccatoribus
3068 3696 3294 3762 famulis
3355 3700 3482 3753 tuis.
3522 3697 3745 3754 Scilicet

2129 3788 2222 3860 qui
2307 3786 2550 3844 ofﬁcium
2624 3786 2784 3857 hujus
2861 3785 3116 3842 sacrificii
3198 3788 3548 3844 celebramus
3601 3807 3738 3861 prae-

2128 3885 2337 3941 sentes,
2413 3875 2500 3930 vel
2583 3874 2909 3944 (secundum
2987 3873 3283 3945 solitarios)
3345 3875 3440 3947 qui
3503 3876 3557 3931 in
3619 3893 3744 3934 cor-

2129 3982 2265 4038 pore
2307 3965 2566 4022 Ecclesiae
2621 3979 2720 4036 per
2765 3970 2937 4020 totum
2992 3965 3184 4020 orbem
3234 3971 3504 4022 terrarum
3564 3967 3744 4024 ﬁdeli-

2128 4063 2212 4111 ter
2245 4055 2344 4111 tibi
2388 4054 2674 4109 servimus.
2733 4053 2925 4108 Totum
2977 4068 3110 4109 vero
3178 4061 3386 4110 textum
3432 4055 3527 4127 qui
3565 4059 3745 4129 sequi-

2128 4153 2236 4211 tur,
2295 4143 2482 4199 nescio
2523 4141 2708 4198 verbis
2761 4142 2884 4196 aliis
2935 4139 3117 4196 facere
3173 4141 3482 4212 planiorem
3540 4160 3741 4216 usque,

2123 4251 2221 4307 per
2263 4251 2417 4305 quem
2465 4235 2574 4288 huic
2626 4235 2824 4298 omnia,
2867 4235 3106 4294 Domine.
3149 4247 3354 4303 semper
3391 4233 3529 4288 bona
3565 4250 3740 4291 creas.

2129 4330 2230 4384 Per
2265 4343 2440 4398 quem,
2469 4325 2675 4381 dictum
2709 4330 2791 4379 est
2816 4323 3044 4380 relative
3081 4323 3151 4378 ad
3187 4324 3292 4380 hoc
3329 4325 3480 4396 quod
3506 4326 3740 4393 dixerat,

2130 4436 2230 4492 per
2269 4419 2536 4474 Christum
2595 4416 2884 4472 Dominum
2935 4421 3204 4472 nostrum.
3263 4415 3371 4472 Sed
3419 4416 3619 4472 mirum
3657 4427 3743 4473 est

2129 4514 2279 4586 quod
2309 4513 2446 4568 dixit
2476 4511 2787 4582 pluraliter:
2823 4511 2946 4566 Haec
2973 4509 3162 4566 omnia
3189 4509 3358 4579 bona,
3385 4527 3508 4567 cum
3541 4527 3743 4583 corpus

2127 4611 2182 4660 et
2210 4603 2437 4678 sanguis
2465 4602 2664 4658 Christi
2709 4616 2822 4658 non
2871 4599 2942 4656 sit
2996 4599 3101 4655 nisi
3149 4616 3346 4656 unum.
3378 4600 3487 4656 Sed
3541 4602 3599 4656 in
3630 4616 3741 4657 uno

2127 4692 2324 4749 Christi
2344 4707 2600 4763 corpore,
2631 4697 2760 4746 sunt
2791 4690 2974 4745 multae
3007 4687 3234 4756 formae;
3290 4695 3497 4746 etcum
3537 4705 3646 4746 una
3671 4691 3742 4745 sit

2125 4784 2452 4851 substantia,
2476 4782 2660 4838 multa;
2690 4787 2819 4837 sunt
2846 4779 3058 4857 ﬁgurae.
3083 4781 3236 4846 Quod
3263 4781 3412 4837 enim
3445 4797 3740 4854 apponun-

2125 4878 2212 4925 tur
2240 4885 2433 4941 panes,
2462 4876 2543 4925 tot
2571 4877 2796 4925 manent
2815 4866 3028 4942 figura,
3055 4867 3485 4924 substantiarum
3510 4869 3742 4940 plurali-

2120 4964 2233 5014 tate
2257 4974 2523 5016 conversa
2554 4959 2609 5013 in
2637 4973 2749 5014 uno
2775 4972 3031 5029 corpore,
3061 4965 3122 5012 ut
3149 4957 3442 5014 visibiliter
3471 4967 3741 5030 appareat

2121 5049 2408 5122 pluralitas
2447 5049 2540 5105 ubi
2581 5056 2666 5104 est
2700 5047 3055 5104 invisibiliter
3081 5046 3406 5103 substantiae
3431 5048 3632 5116 unitas,
3688 5057 3744 5104 et

2119 5153 2292 5193 unum
2322 5139 2393 5194 sit
2417 5137 2763 5193 individuum
2797 5137 2853 5191 in
2884 5134 3196 5191 substantia
3217 5134 3312 5190 ubi
3340 5134 3632 5207 multiplex
3654 5144 3740 5190 est

2121 5229 2318 5304 figura.
2350 5231 2715 5302 Apponuntu-r
2744 5243 2920 5301 panes
2959 5227 3136 5300 ﬁgura
3167 5227 3372 5299 plures,
3402 5234 3458 5282 et
3486 5227 3742 5283 substan-

2125 5322 2200 5378 tia
2220 5320 2359 5378 ﬁunt
2377 5337 2548 5377 unum
2579 5335 2780 5392 corpus
2805 5319 3027 5385 Christi;
3072 5327 3257 5374 manet
3278 5317 3566 5390 pluralitas
3593 5317 3737 5392 ﬁgu-

2125 5427 2332 5479 rarum,
2371 5419 2548 5466 cessat
2606 5409 2886 5482 pluralitas
2918 5408 3368 5464 substantiarum.
3434 5407 3526 5462 Est
3561 5423 3735 5462 unum

2121 5499 2491 5566 individuum,
2510 5505 2778 5570 apparent
2809 5497 2988 5568 plura.
3021 5495 3256 5550 Proinde
3273 5493 3439 5550 modo
3462 5493 3606 5549 sicut
3631 5501 3738 5563 est,

2121 5589 2286 5643 modo
2334 5588 2476 5643 sicut
2513 5595 2761 5658 apparet,
2798 5586 2868 5640 de
2912 5600 3145 5656 corpore
3187 5584 3401 5640 Domini
3431 5583 3735 5655 loquimur.

2119 5682 2276 5752 Saepe
2307 5681 2570 5748 dicimus,
2602 5682 2654 5735 in
2703 5679 3095 5734 distributione
3140 5679 3412 5734 Dominici
3449 5679 3735 5749 corporis:

405 5769 539 5824 Cum
565 5771 635 5826 de
676 5771 782 5826 hoc
811 5767 967 5822 altari
1000 5767 1268 5824 sumimus
1305 5772 1466 5840 hujus
1493 5778 1822 5838 creaturam,
1858 5774 2010 5828 acci-
2115 5774 2330 5830 Hostias
2376 5773 2577 5828 multas
2627 5771 3008 5844 expendimus,
3065 5771 3148 5827 vel
3213 5770 3468 5840 pluribus
3530 5770 3737 5828 hostiis
