4006 6198
236 350 372 405 1069

1352 347 1689 402 ΕΧΡο81Τ10
1733 348 1794 402 IN
1837 347 2143 402 CANONEM
2185 346 2416 401 MISSrE.

3408 351 3553 408 1070

234 475 436 530 multos
464 488 575 529 uno
606 487 835 544 corpore
870 471 1064 527 Christi
1097 471 1410 539 refecimus,
1444 472 1499 526 in
1537 489 1648 528 uno
1673 473 1844 528 versi-
1866 478 1917 546 Α
2013 474 2282 530 Audemus
2335 474 2524 529 dicere.
2549 471 2789 529 Audacia
2840 475 3054 530 videtur
3081 484 3135 531 et
3188 481 3548 552 praesumptio

235 563 360 618 culo
387 569 781 629 monstrantes,
808 569 862 616 et
893 576 1083 617 eorum
1115 577 1237 632 quze
1259 570 1528 632 apparent
1558 562 1845 632 pluralita-

231 665 368 723 tem,
409 663 464 710 et
491 655 668 726 ipsius
697 653 1019 709 substantiae
1059 653 1351 709 invisibilis
1387 653 1677 718 unitatem,
1717 670 1838 709 cum

233 747 442 802 hostias
468 747 656 818 plures
677 755 730 800 et
752 761 924 800 unum
954 743 1190 799 dicimus
1220 760 1439 815 corpus.
1470 744 1560 799 Sic
1581 744 1707 798 etin
1739 743 1842 800 hoc

235 839 355 892 loco
399 835 676 891 dicimus:
746 835 872 889 Haec
915 833 1100 889 omnia
1154 833 1320 899 bona,
1376 847 1569 888 omnes
1631 832 1843 887 scilicet

232 928 442 984 hostias
480 944 618 1000 quas
659 928 713 980 in
772 928 904 981 orbe
957 932 1068 981 toto
1115 925 1360 980 immolat
1400 924 1660 980 Ecclesia.
1715 924 1843 988 Quae

235 1023 482 1094 quidem,
515 1023 560 1077 si
577 1020 873 1077 sensibiles
887 1020 1117 1076 intueris
1135 1020 1448 1091 qualitates,
1470 1017 1697 1073 inﬁnitae
1715 1026 1842 1072 sunt

236 1132 501 1184 numero;
559 1115 604 1170 si
636 1114 1017 1180 substantiam,
1070 1113 1297 1185 sanguis
1327 1121 1409 1168 est
1447 1127 1591 1166 unus
1647 1119 1702 1166 et
1733 1127 1841 1166 una

235 1225 390 1264 caro:
428 1223 550 1278 quae
580 1221 798 1276 semper
849 1222 880 1260 a
913 1206 1022 1260 Deo
1053 1211 1329 1270 creantur,
1363 1202 1494 1274 quia
1542 1202 1637 1274 qui
1668 1201 1840 1256 semel

235 1298 394 1353 Verbi
417 1295 499 1350 sui
530 1310 730 1365 corpus
745 1294 951 1349 creavit
973 1293 1043 1348 de
1074 1292 1319 1367 Virgine,
1339 1291 1588 1363 quotidie
1614 1291 1680 1346 de
1701 1305 1841 1361 pane

235 1399 384 1446 creat
401 1391 520 1459 ejus
557 1403 804 1454 carnem,
836 1392 890 1440 et
915 1385 982 1440 de
1012 1385 1136 1439 vino
1159 1383 1506 1458 sanguinem.

305 1481 640 1546 Sancti/iens.
666 1474 921 1540 Quotidie
951 1471 1274 1539 sanctificat,
1307 1471 1556 1527 oratione
1586 1470 1840 1526 sacerdo-

233 1569 304 1624 tis
331 1574 386 1623 et
425 1563 815 1637 c00peratione
837 1561 1072 1633 Spiritus
1095 1561 1288 1616 sancti.

311 1661 573 1725 Viviﬁcas.
611 1654 865 1722 Quotidie
907 1652 1170 1720 vivificat,
1218 1653 1434 1723 corpori
1481 1652 1632 1723 prius
1663 1651 1844 1705 inani-

233 1762 382 1806 mato
410 1752 550 1804 dans
571 1749 755 1804 vitam.
786 1745 939 1800 Unde
980 1752 1033 1800 et
1060 1745 1213 1815 prius
1269 1742 1556 1800 dicebatur
1604 1742 1845 1798 rationa-

231 1843 362 1896 bilis
393 1842 510 1895 lizec
540 1838 738 1894 hostia.

305 1936 592 1992 Benedicis.
638 1929 894 1995 Quotidie
943 1926 1246 1992 benedicit,
1289 1923 1563 1995 quomodo
1594 1922 1846 1994 superius

232 2041 354 2080 eam
395 2021 757 2095 precabamur
805 2019 858 2071 in
907 2014 1166 2070 omnibus
1199 2011 1316 2068 fieri
1370 2011 1744 2078 benedictum,
1789 2016 1844 2065 et

234 2124 471 2188 quatuor
503 2112 716 2184 species
746 2107 1133 2178 subjunximus
1166 2103 1590 2160 benedictionis.

307 2215 370 2264 Et
398 2210 620 2278 prazstas
666 2203 835 2260 nobis.
873 2199 1129 2264 Quotidie
1169 2203 1387 2268 praestat
1434 2195 1593 2251 nobis
1644 2209 1843 2265 corpus

235 2293 357 2351 Filii
385 2293 490 2359 sui,
512 2292 642 2364 quia
658 2289 804 2363 quod
825 2297 912 2345 est
931 2287 1078 2360 apud
1110 2287 1323 2340 Patrem
1357 2285 1411 2338 in
1443 2283 1838 2354 sublimi,quo-

232 2383 371 2438 tidie
397 2387 618 2454 praestat
646 2379 810 2436 nobis
837 2378 893 2433 in
923 2377 1100 2433 altari.
1135 2375 1196 2430 Et
1222 2373 1368 2446 quod
1409 2371 1551 2443 apud
1593 2387 1719 2426 eum
1749 2371 1843 2426 do-

232 2494 365 2533 num
387 2476 545 2532 estin
587 2474 750 2540 coelo,
782 2472 927 2544 apud
962 2469 1213 2527 homines
1238 2468 1426 2523 datum
1473 2473 1557 2521 est
1587 2465 1642 2520 in
1675 2472 1838 2520 terra.

307 2571 409 2625 Per
437 2573 614 2640 ipsum
640 2573 690 2623 et
719 2581 844 2622 cum
882 2567 1009 2634 ipso.
1062 2562 1162 2616 Per
1204 2575 1368 2632 quem
1404 2559 1564 2613 Pater
1591 2557 1658 2612 de
1699 2573 1841 2629 pane

230 2674 452 2714 carnem
519 2662 688 2722 creat,
765 2650 1087 2714 sanctiﬁcat,
1135 2647 1400 2712 vivificat,
1453 2647 1734 2702 benedicit
1789 2654 1844 2702 et

232 2753 487 2817 priestat:
518 2760 616 2815 per
665 2741 920 2797 eumdem
974 2740 1154 2809 ipsum
1187 2736 1408 2801 Filium,
1440 2742 1515 2791 est
1542 2740 1638 2790 Deo
1667 2737 1837 2800 Patri,

229 2851 358 2890 cum
385 2835 589 2902 Spiritu
617 2836 822 2897 sancto,
853 2829 1026 2883 omnis
1055 2828 1220 2881 honor
1240 2831 1291 2880 et
1328 2825 1518 2894 gloria.
1550 2823 1639 2877 Est
1660 2823 1842 2877 honor

231 2935 285 2981 et
325 2923 499 2999 gloria
518 2922 659 2977 Patri
682 2937 782 2992 per
806 2918 1024 2983 Filium,
1047 2917 1188 2970 sicut
1207 2915 1471 2985 scriptum
1501 2923 1584 2969 est
1604 2931 1616 2967 :
1658 2914 1838 2979 Pater,

228 3013 789 3080 manifestavinomen
818 3015 976 3062 tuum
1005 3005 1328 3072 hominibus,
1349 3019 1476 3072 quos
1500 3003 1690 3058 dedisti
1707 3002 1843 3055 mihi

231 3106 413 3176 (Joan.
457 3102 609 3172 xvn).
664 3100 752 3155 Et:
797 3101 977 3166 Pater,
1032 3097 1274 3162 clari/ica
1322 3096 1519 3150 Filium
1568 3101 1744 3160 tuum,
1782 3098 1843 3146 ut

233 3203 282 3251 et
308 3197 474 3251 Fili-us
505 3200 631 3248 tuus
659 3191 917 3257 clari/“lcet
955 3195 1004 3244 te
1033 3186 1212 3258 (Ibid)
1270 3186 1440 3242 Habet
1476 3185 1623 3241 enim
1670 3185 1841 3240 hono-

236 3301 350 3340 rem
383 3289 437 3338 et
464 3281 692 3356 gloriam
740 3279 897 3334 Pater
925 3294 1049 3333 cum
1091 3277 1249 3346 Filio,
1283 3293 1406 3332 cum
1439 3290 1549 3347 quo
1585 3289 1838 3330 commu—

236 3391 362 3430 nem
395 3373 562 3428 habet
595 3370 896 3443 potentiam
926 3376 980 3424 et
1009 3368 1371 3424 divinitatem.
1403 3367 1534 3420 Nam
1577 3381 1698 3420 cum
1732 3378 1842 3435 quo

235 3465 404 3522 habet
421 3463 628 3532 omnia,
655 3478 778 3518 cum
793 3461 912 3533 ipso
930 3459 1121 3529 habet,
1152 3458 1316 3514 etiam
1345 3458 1610 3512 honorem
1628 3462 1684 3509 et
1712 3454 1838 3528 glo-

236 3561 369 3614 riam
404 3559 582 3625 Pater,
623 3557 678 3612 in
705 3571 816 3628 quo
855 3564 955 3611 est.
986 3555 1118 3609 Nam
1149 3553 1412 3623 scriptum
1445 3556 1553 3605 est:
1587 3552 1749 3604 Pater
1784 3551 1844 3602 in

233 3666 320 3707 me
347 3657 447 3718 est,
477 3656 528 3705 et
556 3663 644 3718 ego
670 3651 730 3703 in
753 3650 916 3702 Patre
952 3645 1130 3716 (Joan.
1183 3644 1254 3714 κ).
1287 3642 1423 3708 Quia
1473 3641 1633 3696 Pater
1675 3645 1757 3694 est
1786 3637 1842 3692 in

236 3761 346 3812 me,
388 3745 516 3800 ideo
546 3741 816 3814 quidquid
843 3741 1009 3796 habet
1041 3740 1216 3804 Pater,
1247 3737 1416 3793 habet
1445 3735 1501 3790 in
1531 3734 1700 3790 Filio:
1732 3747 1842 3788 non

238 3837 386 3891 enim
419 3835 626 3890 habere
648 3840 852 3906 potest,
881 3832 988 3888 nisi
1027 3831 1083 3887 in
1114 3832 1238 3904 ipso
1264 3831 1319 3884 in
1341 3845 1452 3900 quo
1476 3835 1576 3884 est.

301 3934 557 3986 Oremus:
611 3931 893 3998 Praeceptis
946 3926 1280 3985 salutaribus
1331 3927 1544 3980 moniti.
1577 3921 1840 3976 Cohorta-

231 4033 318 4079 tur
333 4039 514 4092 orare,
546 4023 789 4078 subdens
815 4037 1032 4077 causam
1060 4039 1072 4075 :
1105 4021 1236 4093 quia
1289 4033 1479 4073 sumus
1517 4016 1647 4071 inde
1692 4014 1839 4070 salu-

233 4115 326 4168 tari
359 4120 634 4186 praecepto
660 4112 874 4168 moniti.
907 4112 1052 4186 Lege
1091 4109 1465 4185 Evangelium,
1506 4114 1560 4162 et
1590 4104 1842 4161 invenies

230 4211 588 4273 praeceptum.
625 4200 728 4256 Cur
758 4201 900 4254 hanc
926 4199 1096 4254 solam
1129 4197 1432 4254 orationem
1463 4195 1726 4267 praecedit
1751 4193 1841 4247 ad-

232 4292 490 4360 hortatio,
521 4309 645 4348 cum
672 4291 859 4363 plures
887 4289 940 4343 in
981 4290 1082 4344 hoc
1114 4301 1323 4344 canone
1350 4286 1643 4352 faciamus,
1689 4291 1744 4340 et
1771 4285 1838 4340 ad

234 4381 436 4435 nullam
480 4380 680 4436 hortati
715 4377 945 4433 sumus?
991 4376 1124 4442 Quia
1151 4375 1256 4430 illae
1288 4382 1417 4429 sunt
1449 4373 1759 4442 inferiores,
1791 4381 1845 4428 et

1944 565 2198 622 homines
2218 564 2465 621 infirmos
2491 565 2679 620 divina
2708 565 3071 622 institutione.
3106 569 3383 626 Audemus
3409 572 3550 627 obe-

1943 658 2171 725 dientia,
2213 673 2323 714 non
2355 658 2604 714 audacia.
2647 658 2925 714 Audentes
2965 659 3214 727 audacia,
3269 663 3348 718 rei
3378 669 3546 728 sunt;

1941 749 2212 804 audentes
2230 747 2868 815 obedientia,laudandi.
2896 748 3414 806 Aususobedientize
3437 753 3546 808 bo-

1944 853 2086 901 nus;
2119 835 2350 892 audacia
2371 835 2665 906 superbiae,
2698 837 2861 892 mala.
2897 837 2978 904 Et,
3001 837 3143 892 sicut
3172 839 3364 892 orandi
3385 855 3549 894 causa

1944 924 2237 995 subjuncta
2253 931 2355 992 est,
2380 924 2508 996 quia
2525 932 2859 996 praeceptum
2892 935 2994 992 est,
3022 926 3094 980 ita
3116 926 3354 981 audendi
3385 945 3548 983 causa

1945 1015 2245 1086 praecessit,
2280 1015 2409 1088 quia
2434 1015 2568 1070 inde
2603 1032 2791 1071 sumus
2824 1017 3013 1073 divina
3043 1017 3389 1074 institutione
3437 1020 3550 1077 for-

1944 1105 2093 1160 mati.
2127 1109 2343 1160 Oremus
2376 1120 2528 1179 ergo,
2558 1105 2686 1176 quia
2719 1106 2845 1160 inde
2875 1122 3064 1161 sumus
3096 1113 3371 1178 prceceplis
3398 1111 3548 1164 salu-

1945 1193 2149 1247 taribus
2177 1195 2373 1248 moniti
2387 1210 2406 1261 ;
2436 1198 2509 1259 et,
2537 1194 2795 1248 audemus
2817 1195 3008 1263 dicere,
3042 1195 3172 1266 quia
3203 1213 3392 1251 sumus
3419 1197 3550 1251 inde

1943 1283 2130 1338 divina
2156 1283 2506 1340 institutione
2535 1283 2771 1340 formati.
2818 1286 2950 1340 Nam
2980 1286 3107 1342 ideo
3147 1303 3388 1356 oramus,
3421 1290 3551 1360 quia

1947 1373 2074 1428 inde
2107 1381 2442 1446 praeceptum
2476 1374 2818 1446 accipimus;
2852 1382 2905 1430 et
2939 1375 3067 1431 ideo
3096 1377 3386 1445 audemus,
3421 1379 3553 1451 quia

1947 1480 2048 1522 nos
2079 1465 2306 1536 pavidos
2333 1466 2400 1520 ad
2430 1466 2535 1521 hoc
2564 1467 2708 1520 Deus
2737 1466 3019 1524 animavit.
3039 1467 3548 1540 Deditpraeceptum

1944 1561 2139 1616 orandi
2163 1561 2230 1615 ad
2259 1561 2514 1625 salutem,
2548 1561 2700 1616 dedit
2754 1560 3009 1618 fiduciam
3039 1564 3281 1620 audendi
3327 1573 3554 1637 propter

1947 1651 2222 1707 timorem.

2016 1745 2176 1796 Pater
2209 1747 2406 1808 noster,
2447 1745 2540 1811 qui
2565 1755 2614 1795 es
2650 1743 2710 1795 in
2738 1743 2898 1797 caelis.
2954 1742 3289 1798 Dominicam
3340 1744 3551 1800 oratio-

1865 1821 1918 1890 Β
1949 1847 2074 1886 nem
2099 1847 2208 1888 non
2231 1847 2469 1902 expono,
2493 1832 2623 1904 quia
2655 1833 2857 1888 multos
2890 1833 3080 1889 Patres
3109 1835 3427 1906 exposuisse
3467 1853 3556 1890 re-

1946 1923 2121 1994 perio.
2153 1923 2262 1979 Nec
2292 1929 2513 1995 oportet
2537 1923 2631 1978 hic
2670 1939 2879 1995 ponere
2915 1927 3062 1997 quod
3097 1926 3151 1980 in
3202 1927 3389 1984 multis
3419 1928 3556 1984 locis

1946 2024 2257 2086 promptum
2289 2022 2372 2072 est
2399 2015 2670 2073 invenire.

2013 2109 2200 2164 Libera
2244 2123 2340 2164 nos
2375 2125 2700 2178 quaesumus,
2753 2111 2990 2166 Domine.
3056 2109 3216 2165 Facta
3262 2110 3553 2167 confirma-

1941 2196 2092 2252 tione
2151 2196 2448 2252 Dominicae
2497 2197 2782 2265 orationis,
2822 2197 3099 2253 dicendo:
3158 2200 3349 2267 Amen,
3409 2207 3554 2257 totus

1941 2291 2122 2341 textus
2150 2286 2243 2358 qui
2290 2286 2540 2358 sequitur
2595 2301 2693 2357 pro
2748 2288 2909 2342 venia
2953 2297 3302 2358 peccatorum
3350 2300 3469 2346 orat
3499 2300 3553 2347 et

1943 2389 2043 2446 pro
2074 2389 2246 2445 pace:
2279 2389 2379 2430 suo
2417 2373 2690 2446 principio
2739 2383 2960 2448 sumpto
2999 2378 3069 2432 de
3115 2377 3227 2433 fine
3253 2378 3552 2435 Dominicze

1941 2464 2231 2532 orationis,
2264 2465 2358 2536 qui
2389 2471 2509 2519 orat
2551 2471 2742 2521 contra
2771 2474 3015 2536 peccata,
3044 2467 3310 2524 dicendo:
3355 2469 3458 2525 Sed
3487 2471 3552 2524 li-

1941 2562 2067 2617 bera
2095 2576 2190 2616 nos
2226 2577 2260 2614 α
2285 2562 2447 2614 malo.
2480 2559 2690 2616 Deinde
2743 2577 2984 2633 sequens
3013 2570 3194 2618 textus
3229 2563 3424 2636 incipit
3455 2579 3552 2635 pro

1942 2652 2202 2722 peccatis,
2241 2651 2508 2707 dicendo:
2542 2652 2727 2707 Libera
2764 2669 2881 2722 nos,
2921 2669 3250 2724 quaesumus,
3309 2659 3552 2722 Domine,

1943 2743 2011 2798 ab
2046 2743 2294 2798 omnibus
2330 2743 2505 2796 malis.
2569 2742 2778 2798 Deinde
2834 2744 3085 2817 sequitur
3122 2761 3222 2817 pro
3276 2762 3443 2817 pace:
3477 2751 3551 2802 Da

1935 2839 2202 2908 prapitius
2225 2853 2413 2908 pacem
2452 2840 2511 2892 in
2529 2838 2711 2894 diebus
2739 2840 2956 2893 nostris.
2995 2838 3196 2893 lterum
3227 2854 3325 2908 pro
3355 2854 3549 2910 pecca-

1942 2925 2046 2980 tis:
2078 2931 2136 2980 Ut
2183 2943 2217 2981 a
2251 2933 2466 2996 peccato
2502 2930 2673 2982 simus
2721 2941 2927 2996 semper
2964 2927 3134 2982 liberi.
3193 2927 3400 2982 Deinde
3451 2942 3550 2997 pro

1942 3031 2106 3087 pace:
2140 3021 2204 3071 Et
2229 3017 2296 3072 ab
2334 3021 2483 3074 omni
2522 3016 2934 3086 perturbatione
2967 3019 3160 3072 securi.
3223 3016 3420 3071 lterum
3455 3032 3552 3086 pro

1870 3125 2079 3210 Cpace
2136 3110 2417 3181 sequitur:
2479 3113 2593 3165 Pax
2647 3112 2859 3166 Domini
2898 3112 2968 3165 sit
2993 3124 3204 3180 semper
3256 3109 3548 3165 vobiscum.

1940 3202 2148 3258 Deinde
2179 3217 2276 3273 pro
2299 3203 2540 3273 peccatis
2568 3201 2832 3258 iteratur:

2012 3299 2193 3362 Agnus
2217 3296 2324 3361 Dei,
2355 3297 2449 3363 qui
2471 3295 2607 3350 tollis
2622 3301 2845 3364 peccata
2868 3294 3081 3360 mundi,
3105 3295 3358 3348 miserere
3381 3293 3551 3348 nobis.

1945 3386 2146 3440 lterum
2178 3400 2279 3455 pro
2302 3399 2467 3455 pace:
2500 3390 2648 3441 Dona
2695 3385 2845 3441 nobis
2871 3399 3081 3454 pacem.
3134 3384 3198 3438 Et
3225 3383 3305 3439 sic
3351 3382 3476 3438 finis
3503 3389 3557 3438 et

1943 3473 2349 3530 consummatio
2379 3473 2635 3529 sacrificii
2664 3473 2724 3529 fit
2754 3475 2825 3528 de
2857 3489 3014 3544 pace,
3056 3481 3112 3528 et
3142 3489 3468 3528 maneamus
3499 3473 3553 3526 in

1945 3582 2099 3637 pace.
2157 3565 2312 3621 Unde
2363 3566 2417 3619 in
2462 3564 2940 3621 consummatione
2997 3563 3253 3620 sacrificii
3305 3565 3553 3620 osculum

1942 3653 2247 3710 sumimus:
2280 3669 2389 3725 quo
2433 3659 2490 3708 et
2523 3654 2576 3708 in
2612 3652 2885 3708 sacrificio
2913 3668 3200 3708 assensum
3242 3660 3299 3708 et
3337 3653 3559 3724 partici-

1948 3743 2174 3815 patione
2218 3742 2585 3810 ostendimus,
2617 3749 2673 3798 et
2706 3741 2853 3814 quod
2885 3741 3154 3798 debemus
3177 3742 3236 3796 in
3262 3757 3397 3812 pace
3445 3755 3559 3795 ma-

1945 3847 2079 3888 nere
2103 3831 2405 3906 signemus.

2562 3919 2941 3978 CONCLUSIO.

2013 4012 2356 4068 Sanctissimi
2387 4011 2617 4068 canonis
2656 4019 2806 4066 textu
2837 4007 3238 4065 studiosissime
3268 4005 3553 4079 inquisito,

1942 4105 2170 4161 obsecro
2204 4113 2276 4171 te,
2326 4104 2646 4176 quicunque
2685 4101 3022 4170 transcribis,
3067 4108 3128 4157 ut
3172 4099 3558 4156 distinctiones

1942 4195 2240 4271 diligenter
2267 4197 2586 4262 observans,
2620 4194 2969 4268 singulorum
2995 4191 3359 4264 capitulorum
3396 4191 3555 4260 prin-

1945 4292 2091 4363 cipia
2111 4291 2519 4366 grandiusculis
2544 4291 2743 4346 litteris
2769 4297 3070 4362 prmnotes,
3119 4296 3175 4344 et
3206 4285 3468 4359 periodos
3502 4285 3560 4338 in

1947 4382 2150 4454 quibus
2181 4389 2352 4438 totum
2385 4380 2774 4453 quaternarius
2805 4378 3086 4436 concludit
3111 4375 3434 4448 Opusculum
3466 4389 3564 4427 ca—

235 4467 469 4524 humana
500 4467 710 4523 ratione
741 4464 1091 4536 οοῐηροεὶιω;
1126 4464 1240 4518 11ωο
1265 4462 1529 4534 Perfecta,
1575 4470 1630 4518 el
1670 4479 1700 4517 ἃ
1726 4461 1843 4518 $010
1869 4481 1928 4550 D
1949 4471 2213 4542 pitalibus
2238 4471 2439 4528 litteris
2487 4471 2790 4538 illumines,
2845 4468 3116 4541 appositis
3147 4465 3324 4522 titulis
3354 4464 3562 4535 quibus

235 4555 342 4611 Deo
373 4556 620 4612 formata.
664 4554 822 4609 Unde
851 4559 905 4608 et
931 4551 1198 4624 sequitur.

302 4654 365 4705 Et
392 4652 577 4708 divina
615 4652 958 4707 institutione
985 4650 1226 4715 formati.
1260 4646 1414 4701 Sicut
1443 4656 1629 4700 narrat
1669 4645 1845 4702 Evan-

233 4741 459 4812 gelium,
491 4743 780 4799 Dominum
825 4739 1095 4812 rogabant
1124 4737 1377 4810 apostoli,
1410 4742 1544 4794 Doce
1571 4755 1666 4794 nos
1693 4753 1848 4794 orare

235 4834 377 4903 (Luc.
405 4841 515 4909 x1);
549 4846 604 4894 et
629 4836 896 4894 Dominus
917 4834 1231 4893 informavit
1261 4849 1358 4891 eos
1386 4833 1554 4903 hujus
1584 4835 1848 4892 orationis

236 4928 594 4986 institutione.

1946 4565 2001 4614 et
2038 4559 2395 4630 periodorum
2427 4557 2724 4615 diversitas
2752 4559 2930 4630 prima
2961 4557 3139 4612 fronte
3172 4553 3438 4624 przeclare
3475 4547 3565 4604 af-

1948 4649 2178 4724 fulgcat,
2230 4655 2286 4704 et
2335 4647 2683 4723 singulorum
2727 4645 3088 4719 capitulorum
3149 4639 3421 4713 principia
3451 4636 3568 4708 pri-

1949 4761 2040 4801 mo
2081 4745 2201 4800 visu
2258 4760 2319 4800 se
2374 4743 2638 4809 offerant,
2682 4752 2738 4798 et
2792 4743 3078 4796 immutata
3128 4735 3270 4802 cola,
3308 4739 3365 4786 et
3412 4745 3571 4786 com-

1949 4845 2116 4906 mata,
2170 4836 2421 4896 confusis
2464 4833 2924 4892 distinctionibus
2953 4828 3256 4887 sententias
3281 4837 3394 4879 non
3437 4834 3573 4884 con:

1948 4927 2189 4985 turbent.
