  <div class='ocr_page' id='page_1' title='image "/cluster/home/n/w/nwhite01/storage/ocr_20150623/160/uva.x000829802/542.png"; bbox 0 0 4006 6198; ppageno 0'>
   <div class='ocr_carea' id='block_1_1' title="bbox 294 265 432 322">
    <p class='ocr_par' dir='ltr' id='par_1_1' title="bbox 294 265 432 322">
     <span class='ocr_line' id='line_1_1' title="bbox 294 265 432 322; baseline -0.007 -2"><span class='ocrx_word' id='word_1_1' title='bbox 294 265 432 322; x_wconf 65' lang='grc'><strong>’1073</strong></span> 
     </span>
    </p>
   </div>
   <div class='ocr_carea' id='block_1_2' title="bbox 1370 256 2538 314">
    <p class='ocr_par' dir='ltr' id='par_1_2' title="bbox 1370 256 2538 314">
     <span class='ocr_line' id='line_1_2' title="bbox 1370 256 2538 314; baseline -0.001 -1"><span class='ocrx_word' id='word_1_2' title='bbox 1370 259 1450 313; x_wconf 89' lang='lat' dir='ltr'><strong>DE</strong></span> <span class='ocrx_word' id='word_1_3' title='bbox 1494 258 1780 314; x_wconf 78' lang='lat' dir='ltr'><strong>PECCATO</strong></span> <span class='ocrx_word' id='word_1_4' title='bbox 1821 256 2179 313; x_wconf 80' lang='lat' dir='ltr'><strong>ORIGINALI.</strong></span> <span class='ocrx_word' id='word_1_5' title='bbox 2222 286 2290 295; x_wconf 94' lang='lat'><strong><em>—</em></strong></span> <span class='ocrx_word' id='word_1_6' title='bbox 2331 257 2455 310; x_wconf 85' lang='lat' dir='ltr'><strong>LIB.</strong></span> <span class='ocrx_word' id='word_1_7' title='bbox 2500 260 2538 312; x_wconf 89' lang='grc' dir='ltr'><strong>Ι.</strong></span> 
     </span>
    </p>
   </div>
   <div class='ocr_carea' id='block_1_3' title="bbox 3480 263 3615 318">
    <p class='ocr_par' dir='ltr' id='par_1_3' title="bbox 3480 263 3615 318">
     <span class='ocr_line' id='line_1_3' title="bbox 3480 263 3615 318; baseline -0.007 -1"><span class='ocrx_word' id='word_1_8' title='bbox 3480 263 3615 318; x_wconf 68' lang='grc'><strong>1074</strong></span> 
     </span>
    </p>
   </div>
   <div class='ocr_carea' id='block_1_4' title="bbox 295 392 3612 468">
    <p class='ocr_par' dir='ltr' id='par_1_4' title="bbox 295 392 3612 468">
     <span class='ocr_line' id='line_1_4' title="bbox 295 392 3612 468; baseline -0.001 -14"><span class='ocrx_word' id='word_1_9' title='bbox 295 399 534 456; x_wconf 89' lang='lat' dir='ltr'><strong>rioribus</strong></span> <span class='ocrx_word' id='word_1_10' title='bbox 553 399 609 452; x_wconf 92' lang='lat' dir='ltr'><strong>in</strong></span> <span class='ocrx_word' id='word_1_11' title='bbox 637 397 770 468; x_wconf 92' lang='lat' dir='ltr'><strong>quid</strong></span> <span class='ocrx_word' id='word_1_12' title='bbox 791 397 999 467; x_wconf 89' lang='lat' dir='ltr'><strong>optime</strong></span> <span class='ocrx_word' id='word_1_13' title='bbox 1026 394 1362 466; x_wconf 71' lang='lat' dir='ltr'><strong>praedicari?</strong></span> <span class='ocrx_word' id='word_1_14' title='bbox 1383 394 1514 458; x_wconf 83' lang='lat' dir='ltr'><strong>Quis</strong></span> <span class='ocrx_word' id='word_1_15' title='bbox 1538 393 1897 449; x_wconf 93' lang='lat' dir='ltr'><strong>substantiam</strong></span> <span class='ocrx_word' id='word_1_16' title='bbox 1927 397 1980 464; x_wconf 81' lang='grc' dir='ltr'>Α</span> <span class='ocrx_word' id='word_1_17' title='bbox 2006 392 2322 458; x_wconf 80' lang='lat' dir='ltr'><strong>essentiam,</strong></span> <span class='ocrx_word' id='word_1_18' title='bbox 2367 408 2470 446; x_wconf 89' lang='lat' dir='ltr'><strong>nec</strong></span> <span class='ocrx_word' id='word_1_19' title='bbox 2521 392 2683 447; x_wconf 89' lang='lat' dir='ltr'><strong>aliam</strong></span> <span class='ocrx_word' id='word_1_20' title='bbox 2716 395 2864 463; x_wconf 91' lang='lat' dir='ltr'><strong>ponit</strong></span> <span class='ocrx_word' id='word_1_21' title='bbox 2905 397 3223 454; x_wconf 75' lang='lat' dir='ltr'><strong>essentiam.</strong></span> <span class='ocrx_word' id='word_1_22' title='bbox 3269 398 3423 452; x_wconf 88' lang='lat' dir='ltr'><strong>Sicut</strong></span> <span class='ocrx_word' id='word_1_23' title='bbox 3467 400 3612 454; x_wconf 90' lang='lat' dir='ltr'><strong>enim</strong></span> 
     </span>
    </p>
   </div>
   <div class='ocr_carea' id='block_1_5' title="bbox 294 485 1900 565">
    <p class='ocr_par' dir='ltr' id='par_1_5' title="bbox 294 485 1900 565">
     <span class='ocr_line' id='line_1_5' title="bbox 294 485 1900 565; baseline -0.004 -19"><span class='ocrx_word' id='word_1_24' title='bbox 294 499 480 565; x_wconf 83' lang='lat' dir='ltr'><strong>neget,</strong></span> <span class='ocrx_word' id='word_1_25' title='bbox 510 489 660 560; x_wconf 92' lang='lat' dir='ltr'><strong>quod</strong></span> <span class='ocrx_word' id='word_1_26' title='bbox 688 489 755 543; x_wconf 89' lang='lat' dir='ltr'><strong>ad</strong></span> <span class='ocrx_word' id='word_1_27' title='bbox 796 488 929 559; x_wconf 89' lang='lat' dir='ltr'><strong>quid</strong></span> <span class='ocrx_word' id='word_1_28' title='bbox 956 486 1362 557; x_wconf 82' lang='lat' dir='ltr'><strong>respondetur?</strong></span> <span class='ocrx_word' id='word_1_29' title='bbox 1402 486 1531 550; x_wconf 84' lang='lat' dir='ltr'><strong>Quis</strong></span> <span class='ocrx_word' id='word_1_30' title='bbox 1558 485 1772 541; x_wconf 90' lang='lat' dir='ltr'><strong>refellet</strong></span> <span class='ocrx_word' id='word_1_31' title='bbox 1809 500 1900 539; x_wconf 89' lang='lat' dir='ltr'><strong>es-</strong></span> 
     </span>
    </p>
   </div>
   <div class='ocr_carea' id='block_1_6' title="bbox 295 575 1473 648">
    <p class='ocr_par' dir='ltr' id='par_1_6' title="bbox 295 575 1473 648">
     <span class='ocr_line' id='line_1_6' title="bbox 295 575 1473 648; baseline -0.005 -14"><span class='ocrx_word' id='word_1_32' title='bbox 295 580 550 644; x_wconf 87' lang='lat' dir='ltr'><strong>sentiam,</strong></span> <span class='ocrx_word' id='word_1_33' title='bbox 578 577 726 648; x_wconf 91' lang='lat' dir='ltr'><strong>quod</strong></span> <span class='ocrx_word' id='word_1_34' title='bbox 757 575 1066 631; x_wconf 75' lang='lat' dir='ltr'><strong>universale</strong></span> <span class='ocrx_word' id='word_1_35' title='bbox 1099 590 1210 631; x_wconf 89' lang='lat' dir='ltr'><strong>non</strong></span> <span class='ocrx_word' id='word_1_36' title='bbox 1229 575 1473 648; x_wconf 81' lang='lat' dir='ltr'><strong>negabit.</strong></span> 
     </span>
    </p>
   </div>
   <div class='ocr_carea' id='block_1_7' title="bbox 364 665 1905 738">
    <p class='ocr_par' dir='ltr' id='par_1_7' title="bbox 364 665 1905 738">
     <span class='ocr_line' id='line_1_7' title="bbox 364 665 1905 738; baseline -0.001 -13"><span class='ocrx_word' id='word_1_37' title='bbox 364 672 551 725; x_wconf 81' lang='lat' dir='ltr'><strong>Aliter.</strong></span> <span class='ocrx_word' id='word_1_38' title='bbox 585 669 875 735; x_wconf 67' lang='lat' dir='ltr'><strong>Praeterea,</strong></span> <span class='ocrx_word' id='word_1_39' title='bbox 913 683 1115 723; x_wconf 88' lang='lat' dir='ltr'><strong>nomen</strong></span> <span class='ocrx_word' id='word_1_40' title='bbox 1177 682 1340 722; x_wconf 92' lang='lat' dir='ltr'><strong>omne</strong></span> <span class='ocrx_word' id='word_1_41' title='bbox 1371 665 1793 738; x_wconf 86' lang='lat' dir='ltr'><strong>signiﬁcativum</strong></span> <span class='ocrx_word' id='word_1_42' title='bbox 1823 675 1905 723; x_wconf 88' lang='lat' dir='ltr'><strong>est</strong></span> 
     </span>
    </p>
   </div>
   <div class='ocr_carea' id='block_1_8' title="bbox 296 755 1901 830">
    <p class='ocr_par' dir='ltr' id='par_1_8' title="bbox 296 755 1901 830">
     <span class='ocr_line' id='line_1_8' title="bbox 296 755 1901 830; baseline -0.001 -16"><span class='ocrx_word' id='word_1_43' title='bbox 296 760 364 814; x_wconf 90' lang='lat' dir='ltr'><strong>ad</strong></span> <span class='ocrx_word' id='word_1_44' title='bbox 395 759 655 829; x_wconf 88' lang='lat' dir='ltr'><strong>placitum</strong></span> <span class='ocrx_word' id='word_1_45' title='bbox 711 756 859 812; x_wconf 85' lang='lat' dir='ltr'><strong>Hanc</strong></span> <span class='ocrx_word' id='word_1_46' title='bbox 890 772 1022 830; x_wconf 90' lang='lat' dir='ltr'><strong>ergo</strong></span> <span class='ocrx_word' id='word_1_47' title='bbox 1052 771 1266 822; x_wconf 88' lang='lat' dir='ltr'><strong>vocem,</strong></span> <span class='ocrx_word' id='word_1_48' title='bbox 1301 756 1352 810; x_wconf 88' lang='lat' dir='ltr'><strong>id</strong></span> <span class='ocrx_word' id='word_1_49' title='bbox 1381 765 1464 811; x_wconf 91' lang='lat' dir='ltr'><strong>est</strong></span> <span class='ocrx_word' id='word_1_50' title='bbox 1495 755 1717 819; x_wconf 89' lang='lat' dir='ltr'><strong>malum,</strong></span> <span class='ocrx_word' id='word_1_51' title='bbox 1737 773 1901 828; x_wconf 91' lang='lat' dir='ltr'><strong>quam</strong></span> 
     </span>
    </p>
   </div>
   <div class='ocr_carea' id='block_1_9' title="bbox 296 843 1905 920">
    <p class='ocr_par' dir='ltr' id='par_1_9' title="bbox 296 843 1905 920">
     <span class='ocr_line' id='line_1_9' title="bbox 296 843 1905 920; baseline -0.002 -18"><span class='ocrx_word' id='word_1_52' title='bbox 296 846 566 918; x_wconf 88' lang='lat' dir='ltr'><strong>simplicis</strong></span> <span class='ocrx_word' id='word_1_53' title='bbox 615 845 806 920; x_wconf 61' lang='lat' dir='ltr'><strong>figurae</strong></span> <span class='ocrx_word' id='word_1_54' title='bbox 858 843 1248 916; x_wconf 84' lang='lat' dir='ltr'><strong>grammaticus</strong></span> <span class='ocrx_word' id='word_1_55' title='bbox 1282 843 1433 912; x_wconf 84' lang='lat' dir='ltr'><strong>dicit,</strong></span> <span class='ocrx_word' id='word_1_56' title='bbox 1470 851 1526 898; x_wconf 91' lang='lat' dir='ltr'><strong>et</strong></span> <span class='ocrx_word' id='word_1_57' title='bbox 1579 859 1675 915; x_wconf 89' lang='lat' dir='ltr'><strong>per</strong></span> <span class='ocrx_word' id='word_1_58' title='bbox 1713 859 1905 898; x_wconf 88' lang='lat' dir='ltr'><strong>omnes</strong></span> 
     </span>
    </p>
   </div>
   <div class='ocr_carea' id='block_1_10' title="bbox 296 935 1904 1009">
    <p class='ocr_par' dir='ltr' id='par_1_10' title="bbox 296 935 1904 1009">
     <span class='ocr_line' id='line_1_10' title="bbox 296 935 1904 1009; baseline -0.002 -15"><span class='ocrx_word' id='word_1_59' title='bbox 296 955 456 994; x_wconf 86' lang='lat' dir='ltr'><strong>casus</strong></span> <span class='ocrx_word' id='word_1_60' title='bbox 484 937 737 1004; x_wconf 81' lang='lat' dir='ltr'><strong>inﬂectit,</strong></span> <span class='ocrx_word' id='word_1_61' title='bbox 785 953 908 1009; x_wconf 66' lang='lat' dir='ltr'><strong>qua:</strong></span> <span class='ocrx_word' id='word_1_62' title='bbox 950 951 1209 991; x_wconf 91' lang='lat' dir='ltr'><strong>numeros</strong></span> <span class='ocrx_word' id='word_1_63' title='bbox 1250 936 1439 1001; x_wconf 89' lang='lat' dir='ltr'><strong>etiam,</strong></span> <span class='ocrx_word' id='word_1_64' title='bbox 1471 935 1808 1009; x_wconf 80' lang='lat' dir='ltr'><strong>singularem</strong></span> <span class='ocrx_word' id='word_1_65' title='bbox 1849 943 1904 991; x_wconf 90' lang='lat' dir='ltr'><strong>et</strong></span> 
     </span>
    </p>
   </div>
   <div class='ocr_carea' id='block_1_11' title="bbox 297 1023 1900 1098">
    <p class='ocr_par' dir='ltr' id='par_1_11' title="bbox 297 1023 1900 1098">
     <span class='ocr_line' id='line_1_11' title="bbox 297 1023 1900 1098; baseline -0.002 -17"><span class='ocrx_word' id='word_1_66' title='bbox 297 1028 567 1098; x_wconf 90' lang='lat' dir='ltr'><strong>pluralem</strong></span> <span class='ocrx_word' id='word_1_67' title='bbox 601 1025 818 1096; x_wconf 87' lang='lat' dir='ltr'><strong>recipit,</strong></span> <span class='ocrx_word' id='word_1_68' title='bbox 847 1025 971 1097; x_wconf 88' lang='lat' dir='ltr'><strong>quis</strong></span> <span class='ocrx_word' id='word_1_69' title='bbox 1001 1040 1203 1081; x_wconf 91' lang='lat' dir='ltr'><strong>nomen</strong></span> <span class='ocrx_word' id='word_1_70' title='bbox 1243 1023 1512 1098; x_wconf 79' lang='lat' dir='ltr'><strong>negabit?</strong></span> <span class='ocrx_word' id='word_1_71' title='bbox 1543 1025 1618 1078; x_wconf 79' lang='lat' dir='ltr'><strong>Ad</strong></span> <span class='ocrx_word' id='word_1_72' title='bbox 1643 1024 1900 1095; x_wconf 88' lang='lat' dir='ltr'><strong>placitum</strong></span> 
     </span>
    </p>
   </div>
   <div class='ocr_carea' id='block_1_12' title="bbox 296 1118 1901 1194">
    <p class='ocr_par' dir='ltr' id='par_1_12' title="bbox 296 1118 1901 1194">
     <span class='ocr_line' id='line_1_12' title="bbox 296 1118 1901 1194; baseline 0.001 -20"><span class='ocrx_word' id='word_1_73' title='bbox 296 1135 429 1194; x_wconf 89' lang='lat' dir='ltr'><strong>ergo</strong></span> <span class='ocrx_word' id='word_1_74' title='bbox 459 1118 732 1192; x_wconf 88' lang='lat' dir='ltr'><strong>signiﬁcat</strong></span> <span class='ocrx_word' id='word_1_75' title='bbox 759 1119 987 1190; x_wconf 77' lang='lat' dir='ltr'><strong>aliquid.</strong></span> <span class='ocrx_word' id='word_1_76' title='bbox 1022 1119 1186 1174; x_wconf 85' lang='lat' dir='ltr'><strong>Audit</strong></span> <span class='ocrx_word' id='word_1_77' title='bbox 1245 1120 1384 1174; x_wconf 89' lang='lat' dir='ltr'><strong>hanc</strong></span> <span class='ocrx_word' id='word_1_78' title='bbox 1438 1134 1630 1174; x_wconf 89' lang='lat' dir='ltr'><strong>vocem</strong></span> <span class='ocrx_word' id='word_1_79' title='bbox 1661 1121 1901 1187; x_wconf 70' lang='lat' dir='ltr'><strong>Graacus,</strong></span> 
     </span>
    </p>
   </div>
   <div class='ocr_carea' id='block_1_13' title="bbox 297 1209 1900 1279">
    <p class='ocr_par' dir='ltr' id='par_1_13' title="bbox 297 1209 1900 1279">
     <span class='ocr_line' id='line_1_13' title="bbox 297 1209 1900 1279; baseline -0.001 -15"><span class='ocrx_word' id='word_1_80' title='bbox 297 1210 448 1266; x_wconf 86' lang='lat' dir='ltr'><strong>audit</strong></span> <span class='ocrx_word' id='word_1_81' title='bbox 485 1217 538 1264; x_wconf 91' lang='lat' dir='ltr'><strong>et</strong></span> <span class='ocrx_word' id='word_1_82' title='bbox 581 1209 818 1264; x_wconf 87' lang='lat' dir='ltr'><strong>Latinus.</strong></span> <span class='ocrx_word' id='word_1_83' title='bbox 869 1209 1123 1265; x_wconf 79' lang='lat' dir='ltr'><strong>Audienti</strong></span> <span class='ocrx_word' id='word_1_84' title='bbox 1154 1210 1339 1265; x_wconf 61' lang='lat' dir='ltr'><strong>Grmco</strong></span> <span class='ocrx_word' id='word_1_85' title='bbox 1377 1209 1639 1279; x_wconf 88' lang='lat' dir='ltr'><strong>strepitus</strong></span> <span class='ocrx_word' id='word_1_86' title='bbox 1693 1216 1900 1264; x_wconf 87' lang='lat' dir='ltr'><strong>tantum</strong></span> 
     </span>
    </p>
   </div>
   <div class='ocr_carea' id='block_1_14' title="bbox 296 1299 1902 1372">
    <p class='ocr_par' dir='ltr' id='par_1_14' title="bbox 296 1299 1902 1372">
     <span class='ocr_line' id='line_1_14' title="bbox 296 1299 1902 1372; baseline -0.001 -18"><span class='ocrx_word' id='word_1_87' title='bbox 296 1307 400 1368; x_wconf 88' lang='lat' dir='ltr'><strong>est,</strong></span> <span class='ocrx_word' id='word_1_88' title='bbox 441 1299 575 1352; x_wconf 89' lang='lat' dir='ltr'><strong>nihil</strong></span> <span class='ocrx_word' id='word_1_89' title='bbox 609 1315 708 1368; x_wconf 91' lang='lat' dir='ltr'><strong>per</strong></span> <span class='ocrx_word' id='word_1_90' title='bbox 733 1315 853 1353; x_wconf 89' lang='lat' dir='ltr'><strong>eam</strong></span> <span class='ocrx_word' id='word_1_91' title='bbox 886 1299 1164 1372; x_wconf 81' lang='lat' dir='ltr'><strong>intelligit.</strong></span> <span class='ocrx_word' id='word_1_92' title='bbox 1195 1299 1285 1354; x_wconf 89' lang='lat' dir='ltr'><strong>Sic</strong></span> <span class='ocrx_word' id='word_1_93' title='bbox 1316 1315 1418 1354; x_wconf 91' lang='lat' dir='ltr'><strong>nec</strong></span> <span class='ocrx_word' id='word_1_94' title='bbox 1450 1299 1695 1364; x_wconf 89' lang='lat' dir='ltr'><strong>Latinus,</strong></span> <span class='ocrx_word' id='word_1_95' title='bbox 1730 1305 1789 1353; x_wconf 94' lang='lat' dir='ltr'><strong>ut</strong></span> <span class='ocrx_word' id='word_1_96' title='bbox 1815 1299 1902 1352; x_wconf 91' lang='lat' dir='ltr'><strong>di-</strong></span> 
     </span>
    </p>
   </div>
   <div class='ocr_carea' id='block_1_15' title="bbox 295 1390 1900 1465">
    <p class='ocr_par' dir='ltr' id='par_1_15' title="bbox 295 1390 1900 1465">
     <span class='ocr_line' id='line_1_15' title="bbox 295 1390 1900 1465; baseline -0.001 -21"><span class='ocrx_word' id='word_1_97' title='bbox 295 1391 388 1454; x_wconf 90' lang='lat' dir='ltr'><strong>cit,</strong></span> <span class='ocrx_word' id='word_1_98' title='bbox 424 1391 686 1446; x_wconf 88' lang='lat' dir='ltr'><strong>mentitur</strong></span> <span class='ocrx_word' id='word_1_99' title='bbox 726 1391 908 1460; x_wconf 90' lang='lat' dir='ltr'><strong>plane,</strong></span> <span class='ocrx_word' id='word_1_100' title='bbox 950 1391 1250 1465; x_wconf 89' lang='lat' dir='ltr'><strong>interroget</strong></span> <span class='ocrx_word' id='word_1_101' title='bbox 1275 1391 1692 1456; x_wconf 87' lang='lat' dir='ltr'><strong>conscientiam,</strong></span> <span class='ocrx_word' id='word_1_102' title='bbox 1727 1396 1782 1444; x_wconf 91' lang='lat' dir='ltr'><strong>et</strong></span> <span class='ocrx_word' id='word_1_103' title='bbox 1807 1390 1900 1443; x_wconf 79' lang='lat' dir='ltr'><strong>in-</strong></span> 
     </span>
    </p>
   </div>
   <div class='ocr_carea' id='block_1_16' title="bbox 297 1477 1910 1551">
    <p class='ocr_par' dir='ltr' id='par_1_16' title="bbox 297 1477 1910 1551">
     <span class='ocr_line' id='line_1_16' title="bbox 297 1477 1910 1551; baseline -0.001 -19"><span class='ocrx_word' id='word_1_104' title='bbox 297 1477 482 1533; x_wconf 88' lang='lat' dir='ltr'><strong>veniet</strong></span> <span class='ocrx_word' id='word_1_105' title='bbox 516 1485 724 1533; x_wconf 90' lang='lat' dir='ltr'><strong>motum</strong></span> <span class='ocrx_word' id='word_1_106' title='bbox 778 1480 982 1535; x_wconf 90' lang='lat' dir='ltr'><strong>mentis</strong></span> <span class='ocrx_word' id='word_1_107' title='bbox 1011 1497 1112 1551; x_wconf 89' lang='lat' dir='ltr'><strong>per</strong></span> <span class='ocrx_word' id='word_1_108' title='bbox 1151 1495 1341 1535; x_wconf 90' lang='lat' dir='ltr'><strong>vocem</strong></span> <span class='ocrx_word' id='word_1_109' title='bbox 1393 1479 1561 1533; x_wconf 89' lang='lat' dir='ltr'><strong>illam.</strong></span> <span class='ocrx_word' id='word_1_110' title='bbox 1600 1477 1735 1540; x_wconf 87' lang='lat' dir='ltr'><strong>Quia</strong></span> <span class='ocrx_word' id='word_1_111' title='bbox 1785 1493 1910 1532; x_wconf 89' lang='lat' dir='ltr'><strong>vere</strong></span> 
     </span>
    </p>
   </div>
   <div class='ocr_carea' id='block_1_17' title="bbox 292 1571 1908 1645">
    <p class='ocr_par' dir='ltr' id='par_1_17' title="bbox 292 1571 1908 1645">
     <span class='ocr_line' id='line_1_17' title="bbox 292 1571 1908 1645; baseline -0.002 -17"><span class='ocrx_word' id='word_1_112' title='bbox 292 1575 398 1628; x_wconf 88' lang='lat' dir='ltr'><strong>tert</strong></span> <span class='ocrx_word' id='word_1_113' title='bbox 427 1574 636 1645; x_wconf 87' lang='lat' dir='ltr'><strong>aliquid</strong></span> <span class='ocrx_word' id='word_1_114' title='bbox 664 1574 835 1628; x_wconf 89' lang='lat' dir='ltr'><strong>menti</strong></span> <span class='ocrx_word' id='word_1_115' title='bbox 866 1588 966 1628; x_wconf 85' lang='lat' dir='ltr'><strong>vox</strong></span> <span class='ocrx_word' id='word_1_116' title='bbox 1000 1573 1120 1627; x_wconf 74' lang='lat' dir='ltr'><strong>haec</strong></span> <span class='ocrx_word' id='word_1_117' title='bbox 1152 1572 1339 1626; x_wconf 87' lang='lat' dir='ltr'><strong>audita</strong></span> <span class='ocrx_word' id='word_1_118' title='bbox 1374 1571 1571 1626; x_wconf 90' lang='lat' dir='ltr'><strong>Latini.</strong></span> <span class='ocrx_word' id='word_1_119' title='bbox 1598 1572 1730 1626; x_wconf 88' lang='lat' dir='ltr'><strong>Cum</strong></span> <span class='ocrx_word' id='word_1_120' title='bbox 1761 1572 1908 1626; x_wconf 90' lang='lat' dir='ltr'><strong>enim</strong></span> 
     </span>
    </p>
   </div>
   <div class='ocr_carea' id='block_1_18' title="bbox 295 1663 1907 1738">
    <p class='ocr_par' dir='ltr' id='par_1_18' title="bbox 295 1663 1907 1738">
     <span class='ocr_line' id='line_1_18' title="bbox 295 1663 1907 1738; baseline -0.001 -20"><span class='ocrx_word' id='word_1_121' title='bbox 295 1665 467 1730; x_wconf 88' lang='lat' dir='ltr'><strong>audit,</strong></span> <span class='ocrx_word' id='word_1_122' title='bbox 495 1665 698 1718; x_wconf 90' lang='lat' dir='ltr'><strong>malum</strong></span> <span class='ocrx_word' id='word_1_123' title='bbox 733 1663 886 1728; x_wconf 84' lang='lat' dir='ltr'><strong>facit;</strong></span> <span class='ocrx_word' id='word_1_124' title='bbox 930 1671 1024 1718; x_wconf 90' lang='lat' dir='ltr'><strong>aut</strong></span> <span class='ocrx_word' id='word_1_125' title='bbox 1062 1674 1246 1738; x_wconf 87' lang='lat' dir='ltr'><strong>negat,</strong></span> <span class='ocrx_word' id='word_1_126' title='bbox 1300 1671 1394 1717; x_wconf 90' lang='lat' dir='ltr'><strong>aut</strong></span> <span class='ocrx_word' id='word_1_127' title='bbox 1440 1663 1724 1728; x_wconf 88' lang='lat' dir='ltr'><strong>concedit;</strong></span> <span class='ocrx_word' id='word_1_128' title='bbox 1759 1663 1907 1734; x_wconf 90' lang='lat' dir='ltr'><strong>quod</strong></span> 
     </span>
    </p>
   </div>
   <div class='ocr_carea' id='block_1_19' title="bbox 297 1756 1908 1831">
    <p class='ocr_par' dir='ltr' id='par_1_19' title="bbox 297 1756 1908 1831">
     <span class='ocr_line' id='line_1_19' title="bbox 297 1756 1908 1831; baseline -0.001 -20"><span class='ocrx_word' id='word_1_129' title='bbox 297 1773 407 1813; x_wconf 91' lang='lat' dir='ltr'><strong>non</strong></span> <span class='ocrx_word' id='word_1_130' title='bbox 438 1757 585 1822; x_wconf 80' lang='lat' dir='ltr'><strong>facit,</strong></span> <span class='ocrx_word' id='word_1_131' title='bbox 613 1758 706 1828; x_wconf 88' lang='lat' dir='ltr'><strong>qui</strong></span> <span class='ocrx_word' id='word_1_132' title='bbox 739 1773 849 1812; x_wconf 90' lang='lat' dir='ltr'><strong>non</strong></span> <span class='ocrx_word' id='word_1_133' title='bbox 871 1757 1145 1831; x_wconf 90' lang='lat' dir='ltr'><strong>intelligit.</strong></span> <span class='ocrx_word' id='word_1_134' title='bbox 1179 1758 1308 1814; x_wconf 84' lang='lat' dir='ltr'><strong>Cum</strong></span> <span class='ocrx_word' id='word_1_135' title='bbox 1331 1773 1463 1831; x_wconf 89' lang='lat' dir='ltr'><strong>ergo</strong></span> <span class='ocrx_word' id='word_1_136' title='bbox 1483 1772 1584 1812; x_wconf 87' lang='lat' dir='ltr'><strong>vox</strong></span> <span class='ocrx_word' id='word_1_137' title='bbox 1605 1756 1698 1810; x_wconf 90' lang='lat' dir='ltr'><strong>illa</strong></span> <span class='ocrx_word' id='word_1_138' title='bbox 1713 1756 1782 1810; x_wconf 91' lang='lat' dir='ltr'><strong>sit</strong></span> <span class='ocrx_word' id='word_1_139' title='bbox 1800 1770 1908 1810; x_wconf 90' lang='lat' dir='ltr'><strong>no-</strong></span> 
     </span>
    </p>
   </div>
   <div class='ocr_carea' id='block_1_20' title="bbox 297 1847 1908 1920">
    <p class='ocr_par' dir='ltr' id='par_1_20' title="bbox 297 1847 1908 1920">
     <span class='ocr_line' id='line_1_20' title="bbox 297 1847 1908 1920; baseline -0.001 -18"><span class='ocrx_word' id='word_1_140' title='bbox 297 1864 446 1912; x_wconf 90' lang='lat' dir='ltr'><strong>men,</strong></span> <span class='ocrx_word' id='word_1_141' title='bbox 477 1847 750 1919; x_wconf 83' lang='lat' dir='ltr'><strong>signiﬁcat</strong></span> <span class='ocrx_word' id='word_1_142' title='bbox 769 1847 1000 1919; x_wconf 87' lang='lat' dir='ltr'><strong>aliquid,</strong></span> <span class='ocrx_word' id='word_1_143' title='bbox 1023 1848 1069 1902; x_wconf 92' lang='lat' dir='ltr'><strong>si</strong></span> <span class='ocrx_word' id='word_1_144' title='bbox 1099 1849 1329 1920; x_wconf 86' lang='lat' dir='ltr'><strong>aliquid,</strong></span> <span class='ocrx_word' id='word_1_145' title='bbox 1358 1856 1412 1904; x_wconf 93' lang='lat' dir='ltr'><strong>et</strong></span> <span class='ocrx_word' id='word_1_146' title='bbox 1431 1848 1756 1903; x_wconf 87' lang='lat' dir='ltr'><strong>essentiam:</strong></span> <span class='ocrx_word' id='word_1_147' title='bbox 1781 1862 1908 1900; x_wconf 88' lang='lat' dir='ltr'><strong>nam</strong></span> 
     </span>
    </p>
   </div>
   <div class='ocr_carea' id='block_1_21' title="bbox 297 1935 1908 2009">
    <p class='ocr_par' dir='ltr' id='par_1_21' title="bbox 297 1935 1908 2009">
     <span class='ocr_line' id='line_1_21' title="bbox 297 1935 1908 2009; baseline -0.001 -20"><span class='ocrx_word' id='word_1_148' title='bbox 297 1936 446 2006; x_wconf 90' lang='lat' dir='ltr'><strong>quod</strong></span> <span class='ocrx_word' id='word_1_149' title='bbox 478 1936 772 1991; x_wconf 91' lang='lat' dir='ltr'><strong>essentiam</strong></span> <span class='ocrx_word' id='word_1_150' title='bbox 797 1951 906 1992; x_wconf 91' lang='lat' dir='ltr'><strong>non</strong></span> <span class='ocrx_word' id='word_1_151' title='bbox 935 1937 1101 1992; x_wconf 87' lang='lat' dir='ltr'><strong>habet</strong></span> <span class='ocrx_word' id='word_1_152' title='bbox 1121 1953 1231 1992; x_wconf 92' lang='lat' dir='ltr'><strong>non</strong></span> <span class='ocrx_word' id='word_1_153' title='bbox 1259 1945 1341 1992; x_wconf 88' lang='lat' dir='ltr'><strong>est</strong></span> <span class='ocrx_word' id='word_1_154' title='bbox 1370 1936 1598 2008; x_wconf 90' lang='lat' dir='ltr'><strong>aliquid.</strong></span> <span class='ocrx_word' id='word_1_155' title='bbox 1628 1936 1717 1990; x_wconf 88' lang='lat' dir='ltr'><strong>Est</strong></span> <span class='ocrx_word' id='word_1_156' title='bbox 1739 1935 1908 2009; x_wconf 85' lang='lat' dir='ltr'><strong>igitur</strong></span> 
     </span>
    </p>
   </div>
   <div class='ocr_carea' id='block_1_22' title="bbox 293 2024 1901 2098">
    <p class='ocr_par' dir='ltr' id='par_1_22' title="bbox 293 2024 1901 2098">
     <span class='ocr_line' id='line_1_22' title="bbox 293 2024 1901 2098; baseline -0.002 -19"><span class='ocrx_word' id='word_1_157' title='bbox 293 2026 556 2094; x_wconf 89' lang='lat' dir='ltr'><strong>essentia,</strong></span> <span class='ocrx_word' id='word_1_158' title='bbox 573 2026 721 2098; x_wconf 91' lang='lat' dir='ltr'><strong>quod</strong></span> <span class='ocrx_word' id='word_1_159' title='bbox 748 2027 951 2080; x_wconf 90' lang='lat' dir='ltr'><strong>malum</strong></span> <span class='ocrx_word' id='word_1_160' title='bbox 968 2026 1187 2093; x_wconf 90' lang='lat' dir='ltr'><strong>dicitur,</strong></span> <span class='ocrx_word' id='word_1_161' title='bbox 1212 2035 1386 2080; x_wconf 89' lang='lat' dir='ltr'><strong>etnon</strong></span> <span class='ocrx_word' id='word_1_162' title='bbox 1402 2024 1654 2090; x_wconf 86' lang='lat' dir='ltr'><strong>estnihil,</strong></span> <span class='ocrx_word' id='word_1_163' title='bbox 1677 2024 1901 2077; x_wconf 88' lang='lat' dir='ltr'><strong>malum.</strong></span> 
     </span>
    </p>
   </div>
   <div class='ocr_carea' id='block_1_23' title="bbox 763 2117 1432 2179">
    <p class='ocr_par' dir='ltr' id='par_1_23' title="bbox 763 2117 1432 2179">
     <span class='ocr_line' id='line_1_23' title="bbox 763 2117 1432 2179; baseline -0.004 -9"><span class='ocrx_word' id='word_1_164' title='bbox 763 2117 906 2179; x_wconf 88' lang='lat' dir='ltr'><strong>Quod</strong></span> <span class='ocrx_word' id='word_1_165' title='bbox 932 2117 1143 2170; x_wconf 81' lang='lat' dir='ltr'><strong>malum</strong></span> <span class='ocrx_word' id='word_1_166' title='bbox 1173 2117 1312 2170; x_wconf 80' lang='lat' dir='ltr'><strong>nihil</strong></span> <span class='ocrx_word' id='word_1_167' title='bbox 1339 2122 1432 2170; x_wconf 78' lang='lat' dir='ltr'><strong>est.</strong></span> 
     </span>
    </p>
   </div>
   <div class='ocr_carea' id='block_1_24' title="bbox 359 2203 1904 2268">
    <p class='ocr_par' dir='ltr' id='par_1_24' title="bbox 359 2203 1904 2268">
     <span class='ocr_line' id='line_1_24' title="bbox 359 2203 1904 2268; baseline -0.003 -9"><span class='ocrx_word' id='word_1_168' title='bbox 359 2204 468 2260; x_wconf 84' lang='lat' dir='ltr'><strong>Nos</strong></span> <span class='ocrx_word' id='word_1_169' title='bbox 497 2213 678 2260; x_wconf 89' lang='lat' dir='ltr'><strong>autem</strong></span> <span class='ocrx_word' id='word_1_170' title='bbox 729 2212 953 2261; x_wconf 88' lang='lat' dir='ltr'><strong>econtra</strong></span> <span class='ocrx_word' id='word_1_171' title='bbox 985 2205 1187 2261; x_wconf 87' lang='lat' dir='ltr'><strong>malum</strong></span> <span class='ocrx_word' id='word_1_172' title='bbox 1232 2205 1467 2259; x_wconf 90' lang='lat' dir='ltr'><strong>dicimus</strong></span> <span class='ocrx_word' id='word_1_173' title='bbox 1507 2203 1643 2258; x_wconf 91' lang='lat' dir='ltr'><strong>nihil</strong></span> <span class='ocrx_word' id='word_1_174' title='bbox 1675 2218 1818 2268; x_wconf 91' lang='lat' dir='ltr'><strong>esse,</strong></span> <span class='ocrx_word' id='word_1_175' title='bbox 1851 2207 1904 2254; x_wconf 90' lang='lat' dir='ltr'><strong>et</strong></span> 
     </span>
    </p>
   </div>
   <div class='ocr_carea' id='block_1_25' title="bbox 288 2291 1898 2362">
    <p class='ocr_par' dir='ltr' id='par_1_25' title="bbox 288 2291 1898 2362">
     <span class='ocr_line' id='line_1_25' title="bbox 288 2291 1898 2362; baseline -0.002 -16"><span class='ocrx_word' id='word_1_176' title='bbox 288 2292 494 2348; x_wconf 90' lang='lat' dir='ltr'><strong>nullam</strong></span> <span class='ocrx_word' id='word_1_177' title='bbox 524 2294 824 2350; x_wconf 90' lang='lat' dir='ltr'><strong>essentiam</strong></span> <span class='ocrx_word' id='word_1_178' title='bbox 856 2295 1058 2350; x_wconf 88' lang='lat' dir='ltr'><strong>habere</strong></span> <span class='ocrx_word' id='word_1_179' title='bbox 1084 2312 1096 2360; x_wconf 94' lang='lat'><strong>;</strong></span> <span class='ocrx_word' id='word_1_180' title='bbox 1151 2311 1275 2348; x_wconf 90' lang='lat' dir='ltr'><strong>nam</strong></span> <span class='ocrx_word' id='word_1_181' title='bbox 1309 2293 1445 2347; x_wconf 91' lang='lat' dir='ltr'><strong>nihil</strong></span> <span class='ocrx_word' id='word_1_182' title='bbox 1477 2299 1580 2357; x_wconf 89' lang='lat' dir='ltr'><strong>est,</strong></span> <span class='ocrx_word' id='word_1_183' title='bbox 1613 2291 1760 2362; x_wconf 91' lang='lat' dir='ltr'><strong>quod</strong></span> <span class='ocrx_word' id='word_1_184' title='bbox 1790 2304 1898 2343; x_wconf 89' lang='lat' dir='ltr'><strong>non</strong></span> 
     </span>
    </p>
   </div>
   <div class='ocr_carea' id='block_1_26' title="bbox 287 2383 1901 2455">
    <p class='ocr_par' dir='ltr' id='par_1_26' title="bbox 287 2383 1901 2455">
     <span class='ocr_line' id='line_1_26' title="bbox 287 2383 1901 2455; baseline 0 -17"><span class='ocrx_word' id='word_1_185' title='bbox 287 2385 419 2440; x_wconf 86' lang='lat' dir='ltr'><strong>fecit</strong></span> <span class='ocrx_word' id='word_1_186' title='bbox 444 2387 614 2451; x_wconf 89' lang='lat' dir='ltr'><strong>Deus;</strong></span> <span class='ocrx_word' id='word_1_187' title='bbox 656 2388 856 2443; x_wconf 90' lang='lat' dir='ltr'><strong>malum</strong></span> <span class='ocrx_word' id='word_1_188' title='bbox 890 2397 1075 2444; x_wconf 89' lang='lat' dir='ltr'><strong>autem</strong></span> <span class='ocrx_word' id='word_1_189' title='bbox 1109 2389 1250 2443; x_wconf 87' lang='lat' dir='ltr'><strong>Deus</strong></span> <span class='ocrx_word' id='word_1_190' title='bbox 1299 2403 1408 2443; x_wconf 92' lang='lat' dir='ltr'><strong>non</strong></span> <span class='ocrx_word' id='word_1_191' title='bbox 1442 2386 1600 2451; x_wconf 90' lang='lat' dir='ltr'><strong>fecit;</strong></span> <span class='ocrx_word' id='word_1_192' title='bbox 1647 2385 1740 2455; x_wconf 90' lang='lat' dir='ltr'><strong>qui</strong></span> <span class='ocrx_word' id='word_1_193' title='bbox 1771 2383 1901 2438; x_wconf 91' lang='lat' dir='ltr'><strong>fecit</strong></span> 
     </span>
    </p>
   </div>
   <div class='ocr_carea' id='block_1_27' title="bbox 288 2472 1896 2551">
    <p class='ocr_par' dir='ltr' id='par_1_27' title="bbox 288 2472 1896 2551">
     <span class='ocr_line' id='line_1_27' title="bbox 288 2472 1896 2551; baseline -0.002 -24"><span class='ocrx_word' id='word_1_194' title='bbox 288 2490 457 2530; x_wconf 90' lang='lat' dir='ltr'><strong>omne</strong></span> <span class='ocrx_word' id='word_1_195' title='bbox 497 2477 644 2547; x_wconf 90' lang='lat' dir='ltr'><strong>quod</strong></span> <span class='ocrx_word' id='word_1_196' title='bbox 678 2485 762 2532; x_wconf 91' lang='lat' dir='ltr'><strong>est</strong></span> <span class='ocrx_word' id='word_1_197' title='bbox 803 2477 1030 2544; x_wconf 90' lang='lat' dir='ltr'><strong>malum,</strong></span> <span class='ocrx_word' id='word_1_198' title='bbox 1063 2477 1231 2551; x_wconf 89' lang='lat' dir='ltr'><strong>igitur</strong></span> <span class='ocrx_word' id='word_1_199' title='bbox 1261 2476 1396 2530; x_wconf 92' lang='lat' dir='ltr'><strong>nihil</strong></span> <span class='ocrx_word' id='word_1_200' title='bbox 1427 2483 1531 2540; x_wconf 90' lang='lat' dir='ltr'><strong>est,</strong></span> <span class='ocrx_word' id='word_1_201' title='bbox 1591 2479 1646 2528; x_wconf 92' lang='lat' dir='ltr'><strong>et</strong></span> <span class='ocrx_word' id='word_1_202' title='bbox 1695 2472 1896 2526; x_wconf 92' lang='lat' dir='ltr'><strong>nullam</strong></span> 
     </span>
    </p>
   </div>
   <div class='ocr_carea' id='block_1_28' title="bbox 284 2560 1900 2633">
    <p class='ocr_par' dir='ltr' id='par_1_28' title="bbox 284 2560 1900 2633">
     <span class='ocr_line' id='line_1_28' title="bbox 284 2560 1900 2633; baseline -0.002 -16"><span class='ocrx_word' id='word_1_203' title='bbox 284 2565 581 2619; x_wconf 87' lang='lat' dir='ltr'><strong>essentiam</strong></span> <span class='ocrx_word' id='word_1_204' title='bbox 614 2565 809 2632; x_wconf 90' lang='lat' dir='ltr'><strong>habet;</strong></span> <span class='ocrx_word' id='word_1_205' title='bbox 845 2582 1004 2620; x_wconf 88' lang='lat' dir='ltr'><strong>nam:</strong></span> <span class='ocrx_word' id='word_1_206' title='bbox 1039 2566 1084 2619; x_wconf 90' lang='lat' dir='ltr'><strong>si</strong></span> <span class='ocrx_word' id='word_1_207' title='bbox 1112 2571 1224 2633; x_wconf 88' lang='lat' dir='ltr'><strong>est,</strong></span> <span class='ocrx_word' id='word_1_208' title='bbox 1251 2565 1396 2618; x_wconf 92' lang='lat' dir='ltr'><strong>Deus</strong></span> <span class='ocrx_word' id='word_1_209' title='bbox 1445 2562 1595 2628; x_wconf 89' lang='lat' dir='ltr'><strong>fecit,</strong></span> <span class='ocrx_word' id='word_1_210' title='bbox 1637 2561 1732 2632; x_wconf 91' lang='lat' dir='ltr'><strong>qui</strong></span> <span class='ocrx_word' id='word_1_211' title='bbox 1771 2560 1900 2616; x_wconf 89' lang='lat' dir='ltr'><strong>fecit</strong></span> 
     </span>
    </p>
   </div>
   <div class='ocr_carea' id='block_1_29' title="bbox 283 2652 1898 2728">
    <p class='ocr_par' dir='ltr' id='par_1_29' title="bbox 283 2652 1898 2728">
     <span class='ocr_line' id='line_1_29' title="bbox 283 2652 1898 2728; baseline -0.003 -18"><span class='ocrx_word' id='word_1_212' title='bbox 283 2670 449 2710; x_wconf 89' lang='lat' dir='ltr'><strong>omne</strong></span> <span class='ocrx_word' id='word_1_213' title='bbox 479 2657 626 2728; x_wconf 90' lang='lat' dir='ltr'><strong>quod</strong></span> <span class='ocrx_word' id='word_1_214' title='bbox 683 2663 784 2712; x_wconf 90' lang='lat' dir='ltr'><strong>est.</strong></span> <span class='ocrx_word' id='word_1_215' title='bbox 819 2657 927 2713; x_wconf 89' lang='lat' dir='ltr'><strong>Sed</strong></span> <span class='ocrx_word' id='word_1_216' title='bbox 977 2657 1148 2712; x_wconf 90' lang='lat' dir='ltr'><strong>Deum</strong></span> <span class='ocrx_word' id='word_1_217' title='bbox 1202 2656 1396 2711; x_wconf 84' lang='lat' dir='ltr'><strong>fecisse</strong></span> <span class='ocrx_word' id='word_1_218' title='bbox 1457 2655 1660 2708; x_wconf 91' lang='lat' dir='ltr'><strong>malum</strong></span> <span class='ocrx_word' id='word_1_219' title='bbox 1710 2652 1898 2706; x_wconf 90' lang='lat' dir='ltr'><strong>dicere</strong></span> 
     </span>
    </p>
   </div>
   <div class='ocr_carea' id='block_1_30' title="bbox 285 2742 1892 2820">
    <p class='ocr_par' dir='ltr' id='par_1_30' title="bbox 285 2742 1892 2820">
     <span class='ocr_line' id='line_1_30' title="bbox 285 2742 1892 2820; baseline -0.002 -22"><span class='ocrx_word' id='word_1_220' title='bbox 285 2744 444 2800; x_wconf 85' lang='lat' dir='ltr'><strong>nefas</strong></span> <span class='ocrx_word' id='word_1_221' title='bbox 471 2754 571 2800; x_wconf 90' lang='lat' dir='ltr'><strong>est.</strong></span> <span class='ocrx_word' id='word_1_222' title='bbox 608 2746 805 2801; x_wconf 87' lang='lat' dir='ltr'><strong>Malum</strong></span> <span class='ocrx_word' id='word_1_223' title='bbox 839 2747 1003 2820; x_wconf 88' lang='lat' dir='ltr'><strong>igitur</strong></span> <span class='ocrx_word' id='word_1_224' title='bbox 1055 2746 1191 2801; x_wconf 91' lang='lat' dir='ltr'><strong>nihil</strong></span> <span class='ocrx_word' id='word_1_225' title='bbox 1223 2753 1333 2812; x_wconf 90' lang='lat' dir='ltr'><strong>est;</strong></span> <span class='ocrx_word' id='word_1_226' title='bbox 1369 2745 1496 2817; x_wconf 91' lang='lat' dir='ltr'><strong>quia</strong></span> <span class='ocrx_word' id='word_1_227' title='bbox 1526 2744 1730 2798; x_wconf 92' lang='lat' dir='ltr'><strong>malum</strong></span> <span class='ocrx_word' id='word_1_228' title='bbox 1773 2742 1892 2812; x_wconf 88' lang='lat' dir='ltr'><strong>pri-</strong></span> 
     </span>
    </p>
   </div>
   <div class='ocr_carea' id='block_1_31' title="bbox 279 2833 1899 2910">
    <p class='ocr_par' dir='ltr' id='par_1_31' title="bbox 279 2833 1899 2910">
     <span class='ocr_line' id='line_1_31' title="bbox 279 2833 1899 2910; baseline -0.001 -20"><span class='ocrx_word' id='word_1_229' title='bbox 279 2837 427 2892; x_wconf 84' lang='lat' dir='ltr'><strong>vatio</strong></span> <span class='ocrx_word' id='word_1_230' title='bbox 486 2837 619 2894; x_wconf 88' lang='lat' dir='ltr'><strong>boni</strong></span> <span class='ocrx_word' id='word_1_231' title='bbox 659 2847 763 2906; x_wconf 90' lang='lat' dir='ltr'><strong>est,</strong></span> <span class='ocrx_word' id='word_1_232' title='bbox 811 2848 866 2894; x_wconf 91' lang='lat' dir='ltr'><strong>et</strong></span> <span class='ocrx_word' id='word_1_233' title='bbox 916 2838 1020 2894; x_wconf 90' lang='lat' dir='ltr'><strong>scit</strong></span> <span class='ocrx_word' id='word_1_234' title='bbox 1077 2839 1257 2894; x_wconf 91' lang='lat' dir='ltr'><strong>omnis</strong></span> <span class='ocrx_word' id='word_1_235' title='bbox 1296 2839 1388 2910; x_wconf 88' lang='lat' dir='ltr'><strong>qui</strong></span> <span class='ocrx_word' id='word_1_236' title='bbox 1449 2838 1589 2891; x_wconf 88' lang='lat' dir='ltr'><strong>bene</strong></span> <span class='ocrx_word' id='word_1_237' title='bbox 1628 2836 1732 2891; x_wconf 91' lang='lat' dir='ltr'><strong>scit</strong></span> <span class='ocrx_word' id='word_1_238' title='bbox 1770 2833 1899 2906; x_wconf 91' lang='lat' dir='ltr'><strong>quia</strong></span> 
     </span>
    </p>
   </div>
   <div class='ocr_carea' id='block_1_32' title="bbox 279 2926 1891 3000">
    <p class='ocr_par' dir='ltr' id='par_1_32' title="bbox 279 2926 1891 3000">
     <span class='ocr_line' id='line_1_32' title="bbox 279 2926 1891 3000; baseline 0 -21"><span class='ocrx_word' id='word_1_239' title='bbox 279 2926 514 2996; x_wconf 89' lang='lat' dir='ltr'><strong>privatio</strong></span> <span class='ocrx_word' id='word_1_240' title='bbox 575 2942 686 2982; x_wconf 93' lang='lat' dir='ltr'><strong>non</strong></span> <span class='ocrx_word' id='word_1_241' title='bbox 718 2935 802 2983; x_wconf 92' lang='lat' dir='ltr'><strong>est</strong></span> <span class='ocrx_word' id='word_1_242' title='bbox 825 2928 1056 3000; x_wconf 90' lang='lat' dir='ltr'><strong>aliquid.</strong></span> <span class='ocrx_word' id='word_1_243' title='bbox 1088 2928 1337 2998; x_wconf 91' lang='lat' dir='ltr'><strong>Denique</strong></span> <span class='ocrx_word' id='word_1_244' title='bbox 1367 2936 1604 2998; x_wconf 89' lang='lat' dir='ltr'><strong>quatuor</strong></span> <span class='ocrx_word' id='word_1_245' title='bbox 1635 2931 1764 2979; x_wconf 92' lang='lat' dir='ltr'><strong>sunt</strong></span> <span class='ocrx_word' id='word_1_246' title='bbox 1787 2939 1891 2994; x_wconf 87' lang='lat' dir='ltr'><strong>op-</strong></span> 
     </span>
    </p>
   </div>
   <div class='ocr_carea' id='block_1_33' title="bbox 277 3015 1964 3122">
    <p class='ocr_par' dir='ltr' id='par_1_33' title="bbox 277 3015 1964 3122">
     <span class='ocr_line' id='line_1_33' title="bbox 277 3015 1964 3122; baseline -0.002 -52"><span class='ocrx_word' id='word_1_247' title='bbox 277 3016 617 3086; x_wconf 90' lang='lat' dir='ltr'><strong>positionum</strong></span> <span class='ocrx_word' id='word_1_248' title='bbox 669 3019 837 3086; x_wconf 90' lang='lat' dir='ltr'><strong>modi,</strong></span> <span class='ocrx_word' id='word_1_249' title='bbox 873 3020 1273 3075; x_wconf 89' lang='lat' dir='ltr'><strong>contrariorum</strong></span> <span class='ocrx_word' id='word_1_250' title='bbox 1308 3019 1538 3084; x_wconf 88' lang='lat' dir='ltr'><strong>scilicet,</strong></span> <span class='ocrx_word' id='word_1_251' title='bbox 1589 3024 1644 3071; x_wconf 93' lang='lat' dir='ltr'><strong>et</strong></span> <span class='ocrx_word' id='word_1_252' title='bbox 1674 3017 1740 3070; x_wconf 89' lang='lat' dir='ltr'><strong>ad</strong></span> <span class='ocrx_word' id='word_1_253' title='bbox 1787 3015 1889 3068; x_wconf 89' lang='lat' dir='ltr'><strong>ali-</strong></span> <span class='ocrx_word' id='word_1_254' title='bbox 1914 3053 1964 3122; x_wconf 68' lang='grc' dir='ltr'>Ο</span> 
     </span>
    </p>
   </div>
   <div class='ocr_carea' id='block_1_34' title="bbox 277 3110 1890 3188">
    <p class='ocr_par' dir='ltr' id='par_1_34' title="bbox 277 3110 1890 3188">
     <span class='ocr_line' id='line_1_34' title="bbox 277 3110 1890 3188; baseline 0 -24"><span class='ocrx_word' id='word_1_255' title='bbox 277 3110 443 3182; x_wconf 89' lang='lat' dir='ltr'><strong>quid;</strong></span> <span class='ocrx_word' id='word_1_256' title='bbox 475 3110 856 3169; x_wconf 87' lang='lat' dir='ltr'><strong>afﬁrmatienis</strong></span> <span class='ocrx_word' id='word_1_257' title='bbox 889 3121 944 3169; x_wconf 92' lang='lat' dir='ltr'><strong>et</strong></span> <span class='ocrx_word' id='word_1_258' title='bbox 982 3114 1312 3188; x_wconf 89' lang='lat' dir='ltr'><strong>negationis,</strong></span> <span class='ocrx_word' id='word_1_259' title='bbox 1343 3111 1665 3183; x_wconf 90' lang='lat' dir='ltr'><strong>privationis</strong></span> <span class='ocrx_word' id='word_1_260' title='bbox 1696 3117 1750 3165; x_wconf 90' lang='lat' dir='ltr'><strong>et</strong></span> <span class='ocrx_word' id='word_1_261' title='bbox 1791 3111 1890 3164; x_wconf 90' lang='lat' dir='ltr'><strong>ha-</strong></span> 
     </span>
    </p>
   </div>
   <div class='ocr_carea' id='block_1_35' title="bbox 277 3200 1890 3276">
    <p class='ocr_par' dir='ltr' id='par_1_35' title="bbox 277 3200 1890 3276">
     <span class='ocr_line' id='line_1_35' title="bbox 277 3200 1890 3276; baseline 0 -22"><span class='ocrx_word' id='word_1_262' title='bbox 277 3201 442 3256; x_wconf 86' lang='lat' dir='ltr'><strong>bitus.</strong></span> <span class='ocrx_word' id='word_1_263' title='bbox 491 3201 687 3256; x_wconf 86' lang='lat' dir='ltr'><strong>Harum</strong></span> <span class='ocrx_word' id='word_1_264' title='bbox 748 3204 894 3276; x_wconf 76' lang='lat' dir='ltr'><strong>dux:</strong></span> <span class='ocrx_word' id='word_1_265' title='bbox 954 3205 1375 3270; x_wconf 88' lang='lat' dir='ltr'><strong>contrariorum,</strong></span> <span class='ocrx_word' id='word_1_266' title='bbox 1429 3212 1483 3258; x_wconf 89' lang='lat' dir='ltr'><strong>et</strong></span> <span class='ocrx_word' id='word_1_267' title='bbox 1533 3203 1601 3258; x_wconf 89' lang='lat' dir='ltr'><strong>ad</strong></span> <span class='ocrx_word' id='word_1_268' title='bbox 1659 3200 1890 3272; x_wconf 89' lang='lat' dir='ltr'><strong>aliquid,</strong></span> 
     </span>
    </p>
   </div>
   <div class='ocr_carea' id='block_1_36' title="bbox 281 3291 1893 3366">
    <p class='ocr_par' dir='ltr' id='par_1_36' title="bbox 281 3291 1893 3366">
     <span class='ocr_line' id='line_1_36' title="bbox 281 3291 1893 3366; baseline 0.002 -24"><span class='ocrx_word' id='word_1_269' title='bbox 281 3298 576 3360; x_wconf 89' lang='lat' dir='ltr'><strong>opponunt</strong></span> <span class='ocrx_word' id='word_1_270' title='bbox 608 3291 818 3363; x_wconf 89' lang='lat' dir='ltr'><strong>aliquid</strong></span> <span class='ocrx_word' id='word_1_271' title='bbox 848 3293 1037 3361; x_wconf 88' lang='lat' dir='ltr'><strong>alicui,</strong></span> <span class='ocrx_word' id='word_1_272' title='bbox 1065 3301 1125 3349; x_wconf 92' lang='lat' dir='ltr'><strong>ut</strong></span> <span class='ocrx_word' id='word_1_273' title='bbox 1159 3293 1344 3349; x_wconf 91' lang='lat' dir='ltr'><strong>album</strong></span> <span class='ocrx_word' id='word_1_274' title='bbox 1383 3300 1438 3349; x_wconf 94' lang='lat' dir='ltr'><strong>et</strong></span> <span class='ocrx_word' id='word_1_275' title='bbox 1477 3293 1718 3366; x_wconf 87' lang='lat' dir='ltr'><strong>nigrum,</strong></span> <span class='ocrx_word' id='word_1_276' title='bbox 1748 3305 1893 3363; x_wconf 68' lang='lat' dir='ltr'><strong>quae,</strong></span> 
     </span>
    </p>
   </div>
   <div class='ocr_carea' id='block_1_37' title="bbox 279 3385 1887 3459">
    <p class='ocr_par' dir='ltr' id='par_1_37' title="bbox 279 3385 1887 3459">
     <span class='ocr_line' id='line_1_37' title="bbox 279 3385 1887 3459; baseline 0.001 -22"><span class='ocrx_word' id='word_1_277' title='bbox 279 3393 342 3438; x_wconf 89' lang='lat' dir='ltr'><strong>ut</strong></span> <span class='ocrx_word' id='word_1_278' title='bbox 363 3385 637 3440; x_wconf 89' lang='lat' dir='ltr'><strong>contraria</strong></span> <span class='ocrx_word' id='word_1_279' title='bbox 668 3397 1047 3458; x_wconf 90' lang='lat' dir='ltr'><strong>opponuntur,</strong></span> <span class='ocrx_word' id='word_1_280' title='bbox 1081 3398 1374 3459; x_wconf 88' lang='lat' dir='ltr'><strong>utrumque</strong></span> <span class='ocrx_word' id='word_1_281' title='bbox 1396 3394 1499 3452; x_wconf 90' lang='lat' dir='ltr'><strong>est,</strong></span> <span class='ocrx_word' id='word_1_282' title='bbox 1521 3393 1575 3442; x_wconf 93' lang='lat' dir='ltr'><strong>et</strong></span> <span class='ocrx_word' id='word_1_283' title='bbox 1595 3393 1887 3457; x_wconf 90' lang='lat' dir='ltr'><strong>utrumque</strong></span> 
     </span>
    </p>
   </div>
   <div class='ocr_carea' id='block_1_38' title="bbox 276 3483 1886 3548">
    <p class='ocr_par' dir='ltr' id='par_1_38' title="bbox 276 3483 1886 3548">
     <span class='ocr_line' id='line_1_38' title="bbox 276 3483 1886 3548; baseline 0.002 -14"><span class='ocrx_word' id='word_1_284' title='bbox 276 3497 434 3535; x_wconf 88' lang='lat' dir='ltr'><strong>suam</strong></span> <span class='ocrx_word' id='word_1_285' title='bbox 474 3483 638 3538; x_wconf 88' lang='lat' dir='ltr'><strong>habet</strong></span> <span class='ocrx_word' id='word_1_286' title='bbox 663 3485 979 3539; x_wconf 90' lang='lat' dir='ltr'><strong>essentiam.</strong></span> <span class='ocrx_word' id='word_1_287' title='bbox 1012 3484 1274 3539; x_wconf 88' lang='lat' dir='ltr'><strong>Similiter</strong></span> <span class='ocrx_word' id='word_1_288' title='bbox 1303 3484 1562 3539; x_wconf 90' lang='lat' dir='ltr'><strong>dominus</strong></span> <span class='ocrx_word' id='word_1_289' title='bbox 1591 3493 1646 3537; x_wconf 91' lang='lat' dir='ltr'><strong>et</strong></span> <span class='ocrx_word' id='word_1_290' title='bbox 1675 3499 1886 3548; x_wconf 90' lang='lat' dir='ltr'><strong>servus,</strong></span> 
     </span>
    </p>
   </div>
   <div class='ocr_carea' id='block_1_39' title="bbox 283 3574 1893 3647">
    <p class='ocr_par' dir='ltr' id='par_1_39' title="bbox 283 3574 1893 3647">
     <span class='ocr_line' id='line_1_39' title="bbox 283 3574 1893 3647; baseline 0 -20"><span class='ocrx_word' id='word_1_291' title='bbox 283 3589 411 3643; x_wconf 64' lang='lat' dir='ltr'><strong>quae</strong></span> <span class='ocrx_word' id='word_1_292' title='bbox 453 3581 580 3628; x_wconf 92' lang='lat' dir='ltr'><strong>sunt</strong></span> <span class='ocrx_word' id='word_1_293' title='bbox 606 3574 673 3629; x_wconf 90' lang='lat' dir='ltr'><strong>ad</strong></span> <span class='ocrx_word' id='word_1_294' title='bbox 718 3574 949 3647; x_wconf 89' lang='lat' dir='ltr'><strong>aliquid,</strong></span> <span class='ocrx_word' id='word_1_295' title='bbox 981 3582 1273 3646; x_wconf 91' lang='lat' dir='ltr'><strong>utrumque</strong></span> <span class='ocrx_word' id='word_1_296' title='bbox 1300 3581 1404 3640; x_wconf 89' lang='lat' dir='ltr'><strong>est,</strong></span> <span class='ocrx_word' id='word_1_297' title='bbox 1437 3583 1688 3629; x_wconf 89' lang='lat' dir='ltr'><strong>etveram</strong></span> <span class='ocrx_word' id='word_1_298' title='bbox 1731 3574 1893 3628; x_wconf 89' lang='lat' dir='ltr'><strong>habet</strong></span> 
     </span>
    </p>
   </div>
   <div class='ocr_carea' id='block_1_40' title="bbox 278 3667 1893 3738">
    <p class='ocr_par' dir='ltr' id='par_1_40' title="bbox 278 3667 1893 3738">
     <span class='ocr_line' id='line_1_40' title="bbox 278 3667 1893 3738; baseline 0.001 -19"><span class='ocrx_word' id='word_1_299' title='bbox 278 3667 602 3721; x_wconf 79' lang='lat' dir='ltr'><strong>essentiam.</strong></span> <span class='ocrx_word' id='word_1_300' title='bbox 654 3667 1076 3738; x_wconf 91' lang='lat' dir='ltr'><strong>Oppositionum</strong></span> <span class='ocrx_word' id='word_1_301' title='bbox 1126 3683 1255 3723; x_wconf 91' lang='lat' dir='ltr'><strong>vero</strong></span> <span class='ocrx_word' id='word_1_302' title='bbox 1290 3668 1411 3722; x_wconf 65' lang='lat' dir='ltr'><strong>duae</strong></span> <span class='ocrx_word' id='word_1_303' title='bbox 1461 3667 1685 3738; x_wconf 71' lang='lat' dir='ltr'><strong>reliqua:</strong></span> <span class='ocrx_word' id='word_1_304' title='bbox 1719 3681 1893 3737; x_wconf 90' lang='lat' dir='ltr'><strong>oppo-</strong></span> 
     </span>
    </p>
   </div>
   <div class='ocr_carea' id='block_1_41' title="bbox 281 3757 1898 3832">
    <p class='ocr_par' dir='ltr' id='par_1_41' title="bbox 281 3757 1898 3832">
     <span class='ocr_line' id='line_1_41' title="bbox 281 3757 1898 3832; baseline -0.001 -20"><span class='ocrx_word' id='word_1_305' title='bbox 281 3767 423 3812; x_wconf 90' lang='lat' dir='ltr'><strong>nunt</strong></span> <span class='ocrx_word' id='word_1_306' title='bbox 459 3759 620 3815; x_wconf 89' lang='lat' dir='ltr'><strong>alicui</strong></span> <span class='ocrx_word' id='word_1_307' title='bbox 660 3760 809 3832; x_wconf 93' lang='lat' dir='ltr'><strong>quod</strong></span> <span class='ocrx_word' id='word_1_308' title='bbox 841 3776 950 3816; x_wconf 92' lang='lat' dir='ltr'><strong>non</strong></span> <span class='ocrx_word' id='word_1_309' title='bbox 975 3768 1080 3826; x_wconf 88' lang='lat' dir='ltr'><strong>est,</strong></span> <span class='ocrx_word' id='word_1_310' title='bbox 1110 3768 1171 3815; x_wconf 90' lang='lat' dir='ltr'><strong>ut</strong></span> <span class='ocrx_word' id='word_1_311' title='bbox 1199 3776 1322 3815; x_wconf 92' lang='lat' dir='ltr'><strong>cum</strong></span> <span class='ocrx_word' id='word_1_312' title='bbox 1358 3759 1568 3814; x_wconf 85' lang='lat' dir='ltr'><strong>homini</strong></span> <span class='ocrx_word' id='word_1_313' title='bbox 1602 3757 1898 3829; x_wconf 91' lang='lat' dir='ltr'><strong>opponitur</strong></span> 
     </span>
    </p>
   </div>
   <div class='ocr_carea' id='block_1_42' title="bbox 278 3851 1899 3927">
    <p class='ocr_par' dir='ltr' id='par_1_42' title="bbox 278 3851 1899 3927">
     <span class='ocr_line' id='line_1_42' title="bbox 278 3851 1899 3927; baseline -0.002 -21"><span class='ocrx_word' id='word_1_314' title='bbox 278 3862 542 3922; x_wconf 88' lang='lat' dir='ltr'><strong>tanquam</strong></span> <span class='ocrx_word' id='word_1_315' title='bbox 567 3852 810 3927; x_wconf 89' lang='lat' dir='ltr'><strong>negatio,</strong></span> <span class='ocrx_word' id='word_1_316' title='bbox 843 3868 953 3909; x_wconf 92' lang='lat' dir='ltr'><strong>non</strong></span> <span class='ocrx_word' id='word_1_317' title='bbox 987 3855 1187 3917; x_wconf 91' lang='lat' dir='ltr'><strong>homo;</strong></span> <span class='ocrx_word' id='word_1_318' title='bbox 1223 3853 1386 3908; x_wconf 92' lang='lat' dir='ltr'><strong>homo</strong></span> <span class='ocrx_word' id='word_1_319' title='bbox 1409 3851 1633 3923; x_wconf 90' lang='lat' dir='ltr'><strong>quidem</strong></span> <span class='ocrx_word' id='word_1_320' title='bbox 1657 3857 1757 3912; x_wconf 91' lang='lat' dir='ltr'><strong>est,</strong></span> <span class='ocrx_word' id='word_1_321' title='bbox 1790 3865 1899 3904; x_wconf 91' lang='lat' dir='ltr'><strong>non</strong></span> 
     </span>
    </p>
   </div>
   <div class='ocr_carea' id='block_1_43' title="bbox 283 3942 1898 4011">
    <p class='ocr_par' dir='ltr' id='par_1_43' title="bbox 283 3942 1898 4011">
     <span class='ocr_line' id='line_1_43' title="bbox 283 3942 1898 4011; baseline -0.001 -15"><span class='ocrx_word' id='word_1_322' title='bbox 283 3943 450 3997; x_wconf 85' lang='lat' dir='ltr'><strong>homo</strong></span> <span class='ocrx_word' id='word_1_323' title='bbox 478 3958 630 4009; x_wconf 90' lang='lat' dir='ltr'><strong>vero,</strong></span> <span class='ocrx_word' id='word_1_324' title='bbox 664 3944 814 3998; x_wconf 89' lang='lat' dir='ltr'><strong>nulla</strong></span> <span class='ocrx_word' id='word_1_325' title='bbox 843 3951 926 3998; x_wconf 92' lang='lat' dir='ltr'><strong>est</strong></span> <span class='ocrx_word' id='word_1_326' title='bbox 961 3944 1219 3999; x_wconf 88' lang='lat' dir='ltr'><strong>essentia.</strong></span> <span class='ocrx_word' id='word_1_327' title='bbox 1273 3943 1537 3998; x_wconf 88' lang='lat' dir='ltr'><strong>Similiter</strong></span> <span class='ocrx_word' id='word_1_328' title='bbox 1564 3949 1618 3996; x_wconf 89' lang='lat' dir='ltr'><strong>et</strong></span> <span class='ocrx_word' id='word_1_329' title='bbox 1647 3942 1737 4011; x_wconf 92' lang='lat' dir='ltr'><strong>pio</strong></span> <span class='ocrx_word' id='word_1_330' title='bbox 1777 3956 1898 3996; x_wconf 92' lang='lat' dir='ltr'><strong>cum</strong></span> 
     </span>
    </p>
   </div>
   <div class='ocr_carea' id='block_1_44' title="bbox 278 4035 1902 4110">
    <p class='ocr_par' dir='ltr' id='par_1_44' title="bbox 278 4035 1902 4110">
     <span class='ocr_line' id='line_1_44' title="bbox 278 4035 1902 4110; baseline -0.002 -18"><span class='ocrx_word' id='word_1_331' title='bbox 278 4037 584 4107; x_wconf 90' lang='lat' dir='ltr'><strong>opponitur</strong></span> <span class='ocrx_word' id='word_1_332' title='bbox 610 4037 814 4108; x_wconf 91' lang='lat' dir='ltr'><strong>impius</strong></span> <span class='ocrx_word' id='word_1_333' title='bbox 840 4046 1096 4110; x_wconf 89' lang='lat' dir='ltr'><strong>tanquam</strong></span> <span class='ocrx_word' id='word_1_334' title='bbox 1131 4037 1386 4108; x_wconf 88' lang='lat' dir='ltr'><strong>privatio,</strong></span> <span class='ocrx_word' id='word_1_335' title='bbox 1419 4036 1599 4107; x_wconf 89' lang='lat' dir='ltr'><strong>pietas</strong></span> <span class='ocrx_word' id='word_1_336' title='bbox 1642 4041 1761 4100; x_wconf 90' lang='lat' dir='ltr'><strong>est;</strong></span> <span class='ocrx_word' id='word_1_337' title='bbox 1797 4035 1902 4088; x_wconf 93' lang='lat' dir='ltr'><strong>im-</strong></span> 
     </span>
    </p>
   </div>
   <div class='ocr_carea' id='block_1_45' title="bbox 281 4127 1897 4200">
    <p class='ocr_par' dir='ltr' id='par_1_45' title="bbox 281 4127 1897 4200">
     <span class='ocr_line' id='line_1_45' title="bbox 281 4127 1897 4200; baseline 0 -19"><span class='ocrx_word' id='word_1_338' title='bbox 281 4129 465 4200; x_wconf 84' lang='lat' dir='ltr'><strong>pietas</strong></span> <span class='ocrx_word' id='word_1_339' title='bbox 503 4144 632 4185; x_wconf 90' lang='lat' dir='ltr'><strong>vero</strong></span> <span class='ocrx_word' id='word_1_340' title='bbox 663 4129 812 4184; x_wconf 87' lang='lat' dir='ltr'><strong>nulla</strong></span> <span class='ocrx_word' id='word_1_341' title='bbox 841 4137 923 4184; x_wconf 90' lang='lat' dir='ltr'><strong>est</strong></span> <span class='ocrx_word' id='word_1_342' title='bbox 975 4130 1235 4191; x_wconf 90' lang='lat' dir='ltr'><strong>essentia,</strong></span> <span class='ocrx_word' id='word_1_343' title='bbox 1271 4130 1370 4184; x_wconf 89' lang='lat' dir='ltr'><strong>sed</strong></span> <span class='ocrx_word' id='word_1_344' title='bbox 1414 4136 1625 4184; x_wconf 91' lang='lat' dir='ltr'><strong>tantum</strong></span> <span class='ocrx_word' id='word_1_345' title='bbox 1659 4127 1897 4198; x_wconf 89' lang='lat' dir='ltr'><strong>privatio</strong></span> 
     </span>
    </p>
   </div>
   <div class='ocr_carea' id='block_1_46' title="bbox 282 4217 1902 4291">
    <p class='ocr_par' dir='ltr' id='par_1_46' title="bbox 282 4217 1902 4291">
     <span class='ocr_line' id='line_1_46' title="bbox 282 4217 1902 4291; baseline -0.002 -17"><span class='ocrx_word' id='word_1_346' title='bbox 282 4219 530 4290; x_wconf 86' lang='lat' dir='ltr'><strong>pietatis.</strong></span> <span class='ocrx_word' id='word_1_347' title='bbox 565 4221 718 4275; x_wconf 90' lang='lat' dir='ltr'><strong>Sicut</strong></span> <span class='ocrx_word' id='word_1_348' title='bbox 744 4221 892 4275; x_wconf 91' lang='lat' dir='ltr'><strong>enim</strong></span> <span class='ocrx_word' id='word_1_349' title='bbox 923 4236 1033 4276; x_wconf 91' lang='lat' dir='ltr'><strong>non</strong></span> <span class='ocrx_word' id='word_1_350' title='bbox 1065 4222 1230 4275; x_wconf 91' lang='lat' dir='ltr'><strong>homo</strong></span> <span class='ocrx_word' id='word_1_351' title='bbox 1277 4229 1485 4274; x_wconf 88' lang='lat' dir='ltr'><strong>tantum</strong></span> <span class='ocrx_word' id='word_1_352' title='bbox 1528 4225 1692 4291; x_wconf 89' lang='lat' dir='ltr'><strong>negat</strong></span> <span class='ocrx_word' id='word_1_353' title='bbox 1721 4217 1902 4273; x_wconf 84' lang='lat' dir='ltr'><strong>homi-</strong></span> 
     </span>
    </p>
   </div>
   <div class='ocr_carea' id='block_1_47' title="bbox 283 4308 1905 4378">
    <p class='ocr_par' dir='ltr' id='par_1_47' title="bbox 283 4308 1905 4378">
     <span class='ocr_line' id='line_1_47' title="bbox 283 4308 1905 4378; baseline -0.002 -16"><span class='ocrx_word' id='word_1_354' title='bbox 283 4309 377 4362; x_wconf 90' lang='lat' dir='ltr'><strong>nis</strong></span> <span class='ocrx_word' id='word_1_355' title='bbox 401 4323 543 4376; x_wconf 89' lang='lat' dir='ltr'><strong>esse,</strong></span> <span class='ocrx_word' id='word_1_356' title='bbox 578 4309 660 4363; x_wconf 92' lang='lat' dir='ltr'><strong>sic</strong></span> <span class='ocrx_word' id='word_1_357' title='bbox 693 4315 748 4363; x_wconf 91' lang='lat' dir='ltr'><strong>et</strong></span> <span class='ocrx_word' id='word_1_358' title='bbox 792 4309 1030 4378; x_wconf 87' lang='lat' dir='ltr'><strong>pietatis,</strong></span> <span class='ocrx_word' id='word_1_359' title='bbox 1065 4309 1338 4378; x_wconf 89' lang='lat' dir='ltr'><strong>impietas.</strong></span> <span class='ocrx_word' id='word_1_360' title='bbox 1392 4308 1541 4372; x_wconf 81' lang='lat' dir='ltr'><strong>Quod</strong></span> <span class='ocrx_word' id='word_1_361' title='bbox 1575 4316 1754 4361; x_wconf 90' lang='lat' dir='ltr'><strong>autem</strong></span> <span class='ocrx_word' id='word_1_362' title='bbox 1783 4315 1905 4360; x_wconf 85' lang='lat' dir='ltr'><strong>tan-</strong></span> 
     </span>
    </p>
   </div>
   <div class='ocr_carea' id='block_1_48' title="bbox 279 4394 1900 4469">
    <p class='ocr_par' dir='ltr' id='par_1_48' title="bbox 279 4394 1900 4469">
     <span class='ocr_line' id='line_1_48' title="bbox 279 4394 1900 4469; baseline -0.002 -18"><span class='ocrx_word' id='word_1_363' title='bbox 279 4407 399 4451; x_wconf 91' lang='lat' dir='ltr'><strong>tum</strong></span> <span class='ocrx_word' id='word_1_364' title='bbox 433 4403 598 4468; x_wconf 89' lang='lat' dir='ltr'><strong>negat</strong></span> <span class='ocrx_word' id='word_1_365' title='bbox 627 4411 752 4451; x_wconf 91' lang='lat' dir='ltr'><strong>esse</strong></span> <span class='ocrx_word' id='word_1_366' title='bbox 794 4411 904 4450; x_wconf 90' lang='lat' dir='ltr'><strong>non</strong></span> <span class='ocrx_word' id='word_1_367' title='bbox 946 4396 1124 4466; x_wconf 90' lang='lat' dir='ltr'><strong>potuit</strong></span> <span class='ocrx_word' id='word_1_368' title='bbox 1154 4412 1296 4463; x_wconf 79' lang='lat' dir='ltr'><strong>esse,</strong></span> <span class='ocrx_word' id='word_1_369' title='bbox 1341 4412 1451 4452; x_wconf 91' lang='lat' dir='ltr'><strong>non</strong></span> <span class='ocrx_word' id='word_1_370' title='bbox 1511 4395 1680 4469; x_wconf 88' lang='lat' dir='ltr'><strong>igitur</strong></span> <span class='ocrx_word' id='word_1_371' title='bbox 1732 4394 1900 4450; x_wconf 84' lang='lat' dir='ltr'><strong>habet</strong></span> 
     </span>
    </p>
   </div>
   <div class='ocr_carea' id='block_1_49' title="bbox 2004 487 3611 559">
    <p class='ocr_par' dir='ltr' id='par_1_49' title="bbox 2004 487 3611 559">
     <span class='ocr_line' id='line_1_49' title="bbox 2004 487 3611 559; baseline 0.004 -17"><span class='ocrx_word' id='word_1_372' title='bbox 2004 501 2114 543; x_wconf 92' lang='lat' dir='ltr'><strong>non</strong></span> <span class='ocrx_word' id='word_1_373' title='bbox 2140 487 2324 554; x_wconf 84' lang='lat' dir='ltr'><strong>justus</strong></span> <span class='ocrx_word' id='word_1_374' title='bbox 2377 495 2538 559; x_wconf 86' lang='lat' dir='ltr'><strong>negat</strong></span> <span class='ocrx_word' id='word_1_375' title='bbox 2578 488 2890 556; x_wconf 78' lang='lat' dir='ltr'><strong>appositum</strong></span> <span class='ocrx_word' id='word_1_376' title='bbox 2916 489 3124 556; x_wconf 91' lang='lat' dir='ltr'><strong>justum</strong></span> <span class='ocrx_word' id='word_1_377' title='bbox 3158 508 3261 545; x_wconf 92' lang='lat' dir='ltr'><strong>nec</strong></span> <span class='ocrx_word' id='word_1_378' title='bbox 3293 492 3445 546; x_wconf 90' lang='lat' dir='ltr'><strong>aliud</strong></span> <span class='ocrx_word' id='word_1_379' title='bbox 3487 510 3611 548; x_wconf 90' lang='lat' dir='ltr'><strong>esse</strong></span> 
     </span>
    </p>
   </div>
   <div class='ocr_carea' id='block_1_50' title="bbox 1999 574 3605 649">
    <p class='ocr_par' dir='ltr' id='par_1_50' title="bbox 1999 574 3605 649">
     <span class='ocr_line' id='line_1_50' title="bbox 1999 574 3605 649; baseline 0.002 -19"><span class='ocrx_word' id='word_1_380' title='bbox 1999 575 2173 648; x_wconf 92' lang='lat' dir='ltr'><strong>ponit,</strong></span> <span class='ocrx_word' id='word_1_381' title='bbox 2196 574 2277 628; x_wconf 91' lang='lat' dir='ltr'><strong>sic</strong></span> <span class='ocrx_word' id='word_1_382' title='bbox 2307 574 2831 644; x_wconf 86' lang='lat' dir='ltr'><strong>injustusjustitiam</strong></span> <span class='ocrx_word' id='word_1_383' title='bbox 2868 575 3215 645; x_wconf 88' lang='lat' dir='ltr'><strong>deponitnec</strong></span> <span class='ocrx_word' id='word_1_384' title='bbox 3246 578 3395 632; x_wconf 91' lang='lat' dir='ltr'><strong>aliud</strong></span> <span class='ocrx_word' id='word_1_385' title='bbox 3431 580 3605 649; x_wconf 88' lang='lat' dir='ltr'><strong>ponit.</strong></span> 
     </span>
    </p>
   </div>
   <div class='ocr_carea' id='block_1_51' title="bbox 2010 660 3615 739">
    <p class='ocr_par' dir='ltr' id='par_1_51' title="bbox 2010 660 3615 739">
     <span class='ocr_line' id='line_1_51' title="bbox 2010 660 3615 739; baseline 0.002 -21"><span class='ocrx_word' id='word_1_386' title='bbox 2010 665 2118 719; x_wconf 83' lang='lat' dir='ltr'><strong>Hoc</strong></span> <span class='ocrx_word' id='word_1_387' title='bbox 2154 670 2364 718; x_wconf 89' lang='lat' dir='ltr'><strong>tantum</strong></span> <span class='ocrx_word' id='word_1_388' title='bbox 2389 660 2571 716; x_wconf 75' lang='lat' dir='ltr'><strong>differt</strong></span> <span class='ocrx_word' id='word_1_389' title='bbox 2599 677 2628 715; x_wconf 90' lang='lat' dir='ltr'><strong>a</strong></span> <span class='ocrx_word' id='word_1_390' title='bbox 2668 662 2963 735; x_wconf 81' lang='lat' dir='ltr'><strong>negatione</strong></span> <span class='ocrx_word' id='word_1_391' title='bbox 2997 664 3250 733; x_wconf 87' lang='lat' dir='ltr'><strong>privatio,</strong></span> <span class='ocrx_word' id='word_1_392' title='bbox 3284 667 3411 736; x_wconf 89' lang='lat' dir='ltr'><strong>quia</strong></span> <span class='ocrx_word' id='word_1_393' title='bbox 3440 684 3615 739; x_wconf 88' lang='lat' dir='ltr'><strong>nega-</strong></span> 
     </span>
    </p>
   </div>
   <div class='ocr_carea' id='block_1_52' title="bbox 2005 750 3618 826">
    <p class='ocr_par' dir='ltr' id='par_1_52' title="bbox 2005 750 3618 826">
     <span class='ocr_line' id='line_1_52' title="bbox 2005 750 3618 826; baseline 0.001 -16"><span class='ocrx_word' id='word_1_394' title='bbox 2005 755 2083 811; x_wconf 92' lang='lat' dir='ltr'><strong>tio</strong></span> <span class='ocrx_word' id='word_1_395' title='bbox 2113 767 2195 810; x_wconf 91' lang='lat' dir='ltr'><strong>est</strong></span> <span class='ocrx_word' id='word_1_396' title='bbox 2229 750 2550 825; x_wconf 86' lang='lat' dir='ltr'><strong>ubicunque</strong></span> <span class='ocrx_word' id='word_1_397' title='bbox 2565 760 2820 826; x_wconf 88' lang='lat' dir='ltr'><strong>negatum</strong></span> <span class='ocrx_word' id='word_1_398' title='bbox 2849 767 2958 806; x_wconf 94' lang='lat' dir='ltr'><strong>non</strong></span> <span class='ocrx_word' id='word_1_399' title='bbox 2983 763 3086 820; x_wconf 92' lang='lat' dir='ltr'><strong>est,</strong></span> <span class='ocrx_word' id='word_1_400' title='bbox 3111 753 3341 822; x_wconf 89' lang='lat' dir='ltr'><strong>privatio</strong></span> <span class='ocrx_word' id='word_1_401' title='bbox 3369 772 3494 812; x_wconf 89' lang='lat' dir='ltr'><strong>vero</strong></span> <span class='ocrx_word' id='word_1_402' title='bbox 3510 773 3618 826; x_wconf 83' lang='lat' dir='ltr'><strong>non</strong></span> 
     </span>
    </p>
   </div>
   <div class='ocr_carea' id='block_1_53' title="bbox 2005 843 3624 914">
    <p class='ocr_par' dir='ltr' id='par_1_53' title="bbox 2005 843 3624 914">
     <span class='ocr_line' id='line_1_53' title="bbox 2005 843 3624 914; baseline 0.001 -15"><span class='ocrx_word' id='word_1_403' title='bbox 2005 851 2090 900; x_wconf 89' lang='lat' dir='ltr'><strong>est</strong></span> <span class='ocrx_word' id='word_1_404' title='bbox 2124 843 2445 914; x_wconf 91' lang='lat' dir='ltr'><strong>ubicunque</strong></span> <span class='ocrx_word' id='word_1_405' title='bbox 2477 843 2747 913; x_wconf 91' lang='lat' dir='ltr'><strong>privatum</strong></span> <span class='ocrx_word' id='word_1_406' title='bbox 2791 857 2901 896; x_wconf 88' lang='lat' dir='ltr'><strong>non</strong></span> <span class='ocrx_word' id='word_1_407' title='bbox 2944 850 3045 905; x_wconf 87' lang='lat' dir='ltr'><strong>est,</strong></span> <span class='ocrx_word' id='word_1_408' title='bbox 3103 843 3202 896; x_wconf 89' lang='lat' dir='ltr'><strong>sed</strong></span> <span class='ocrx_word' id='word_1_409' title='bbox 3262 851 3470 898; x_wconf 89' lang='lat' dir='ltr'><strong>tantum</strong></span> <span class='ocrx_word' id='word_1_410' title='bbox 3532 847 3624 901; x_wconf 92' lang='lat' dir='ltr'><strong>ubi</strong></span> 
     </span>
    </p>
   </div>
   <div class='ocr_carea' id='block_1_54' title="bbox 2005 930 3611 1002">
    <p class='ocr_par' dir='ltr' id='par_1_54' title="bbox 2005 930 3611 1002">
     <span class='ocr_line' id='line_1_54' title="bbox 2005 930 3611 1002; baseline 0.002 -16"><span class='ocrx_word' id='word_1_411' title='bbox 2005 933 2174 986; x_wconf 90' lang='lat' dir='ltr'><strong>debet</strong></span> <span class='ocrx_word' id='word_1_412' title='bbox 2214 947 2338 986; x_wconf 88' lang='lat' dir='ltr'><strong>esse</strong></span> <span class='ocrx_word' id='word_1_413' title='bbox 2368 930 2662 1002; x_wconf 88' lang='lat' dir='ltr'><strong>privatum,</strong></span> <span class='ocrx_word' id='word_1_414' title='bbox 2712 946 2812 984; x_wconf 81' lang='lat' dir='ltr'><strong>nec</strong></span> <span class='ocrx_word' id='word_1_415' title='bbox 2842 940 2925 985; x_wconf 89' lang='lat' dir='ltr'><strong>est</strong></span> <span class='ocrx_word' id='word_1_416' title='bbox 2953 946 3188 1000; x_wconf 91' lang='lat' dir='ltr'><strong>unquam</strong></span> <span class='ocrx_word' id='word_1_417' title='bbox 3225 931 3458 1000; x_wconf 86' lang='lat' dir='ltr'><strong>privatio</strong></span> <span class='ocrx_word' id='word_1_418' title='bbox 3489 934 3611 989; x_wconf 90' lang='lat' dir='ltr'><strong>sine</strong></span> 
     </span>
    </p>
   </div>
   <div class='ocr_carea' id='block_1_55' title="bbox 2004 1019 3619 1093">
    <p class='ocr_par' dir='ltr' id='par_1_55' title="bbox 2004 1019 3619 1093">
     <span class='ocr_line' id='line_1_55' title="bbox 2004 1019 3619 1093; baseline 0.001 -18"><span class='ocrx_word' id='word_1_419' title='bbox 2004 1020 2198 1093; x_wconf 89' lang='lat' dir='ltr'><strong>privati</strong></span> <span class='ocrx_word' id='word_1_420' title='bbox 2237 1019 2456 1074; x_wconf 89' lang='lat' dir='ltr'><strong>debito:</strong></span> <span class='ocrx_word' id='word_1_421' title='bbox 2501 1035 2602 1074; x_wconf 91' lang='lat' dir='ltr'><strong>nec</strong></span> <span class='ocrx_word' id='word_1_422' title='bbox 2657 1019 2876 1089; x_wconf 87' lang='lat' dir='ltr'><strong>preprie</strong></span> <span class='ocrx_word' id='word_1_423' title='bbox 2927 1034 3216 1088; x_wconf 89' lang='lat' dir='ltr'><strong>possumus</strong></span> <span class='ocrx_word' id='word_1_424' title='bbox 3256 1021 3619 1090; x_wconf 82' lang='lat' dir='ltr'><strong>privationem</strong></span> 
     </span>
    </p>
   </div>
   <div class='ocr_carea' id='block_1_56' title="bbox 2004 1107 3612 1178">
    <p class='ocr_par' dir='ltr' id='par_1_56' title="bbox 2004 1107 3612 1178">
     <span class='ocr_line' id='line_1_56' title="bbox 2004 1107 3612 1178; baseline 0.001 -14"><span class='ocrx_word' id='word_1_425' title='bbox 2004 1110 2190 1164; x_wconf 82' lang='lat' dir='ltr'><strong>dicere</strong></span> <span class='ocrx_word' id='word_1_426' title='bbox 2219 1108 2311 1162; x_wconf 92' lang='lat' dir='ltr'><strong>ubi</strong></span> <span class='ocrx_word' id='word_1_427' title='bbox 2341 1107 2608 1178; x_wconf 83' lang='lat' dir='ltr'><strong>privatum</strong></span> <span class='ocrx_word' id='word_1_428' title='bbox 2633 1123 2743 1162; x_wconf 90' lang='lat' dir='ltr'><strong>non</strong></span> <span class='ocrx_word' id='word_1_429' title='bbox 2771 1107 2936 1161; x_wconf 89' lang='lat' dir='ltr'><strong>debet</strong></span> <span class='ocrx_word' id='word_1_430' title='bbox 2957 1123 3101 1162; x_wconf 90' lang='lat' dir='ltr'><strong>esse.</strong></span> <span class='ocrx_word' id='word_1_431' title='bbox 3136 1109 3286 1163; x_wconf 88' lang='lat' dir='ltr'><strong>Unde</strong></span> <span class='ocrx_word' id='word_1_432' title='bbox 3318 1118 3371 1163; x_wconf 84' lang='lat' dir='ltr'><strong>et</strong></span> <span class='ocrx_word' id='word_1_433' title='bbox 3398 1110 3612 1166; x_wconf 89' lang='lat' dir='ltr'><strong>irratio-</strong></span> 
     </span>
    </p>
   </div>
   <div class='ocr_carea' id='block_1_57' title="bbox 2007 1199 3620 1272">
    <p class='ocr_par' dir='ltr' id='par_1_57' title="bbox 2007 1199 3620 1272">
     <span class='ocr_line' id='line_1_57' title="bbox 2007 1199 3620 1272; baseline 0.001 -17"><span class='ocrx_word' id='word_1_434' title='bbox 2007 1202 2127 1256; x_wconf 90' lang='lat' dir='ltr'><strong>nale</strong></span> <span class='ocrx_word' id='word_1_435' title='bbox 2159 1201 2381 1272; x_wconf 89' lang='lat' dir='ltr'><strong>proprie</strong></span> <span class='ocrx_word' id='word_1_436' title='bbox 2414 1199 2483 1254; x_wconf 92' lang='lat' dir='ltr'><strong>de</strong></span> <span class='ocrx_word' id='word_1_437' title='bbox 2511 1214 2577 1253; x_wconf 92' lang='lat' dir='ltr'><strong>eo</strong></span> <span class='ocrx_word' id='word_1_438' title='bbox 2610 1215 2720 1253; x_wconf 91' lang='lat' dir='ltr'><strong>non</strong></span> <span class='ocrx_word' id='word_1_439' title='bbox 2742 1199 2963 1265; x_wconf 91' lang='lat' dir='ltr'><strong>dicitur,</strong></span> <span class='ocrx_word' id='word_1_440' title='bbox 2994 1199 3081 1253; x_wconf 93' lang='lat' dir='ltr'><strong>cui</strong></span> <span class='ocrx_word' id='word_1_441' title='bbox 3111 1200 3339 1254; x_wconf 89' lang='lat' dir='ltr'><strong>rationis</strong></span> <span class='ocrx_word' id='word_1_442' title='bbox 3354 1218 3484 1255; x_wconf 91' lang='lat' dir='ltr'><strong>usus</strong></span> <span class='ocrx_word' id='word_1_443' title='bbox 3510 1218 3620 1258; x_wconf 92' lang='lat' dir='ltr'><strong>non</strong></span> 
     </span>
    </p>
   </div>
   <div class='ocr_carea' id='block_1_58' title="bbox 2006 1291 3628 1363">
    <p class='ocr_par' dir='ltr' id='par_1_58' title="bbox 2006 1291 3628 1363">
     <span class='ocr_line' id='line_1_58' title="bbox 2006 1291 3628 1363; baseline 0.002 -17"><span class='ocrx_word' id='word_1_444' title='bbox 2006 1292 2258 1347; x_wconf 89' lang='lat' dir='ltr'><strong>debetur.</strong></span> <span class='ocrx_word' id='word_1_445' title='bbox 2289 1291 2595 1360; x_wconf 79' lang='lat' dir='ltr'><strong>Aliquando</strong></span> <span class='ocrx_word' id='word_1_446' title='bbox 2628 1300 2810 1344; x_wconf 90' lang='lat' dir='ltr'><strong>tamen</strong></span> <span class='ocrx_word' id='word_1_447' title='bbox 2846 1299 3126 1360; x_wconf 88' lang='lat' dir='ltr'><strong>ponuntur</strong></span> <span class='ocrx_word' id='word_1_448' title='bbox 3159 1291 3490 1360; x_wconf 87' lang='lat' dir='ltr'><strong>privationes</strong></span> <span class='ocrx_word' id='word_1_449' title='bbox 3530 1311 3628 1363; x_wconf 86' lang='lat' dir='ltr'><strong>pro</strong></span> 
     </span>
    </p>
   </div>
   <div class='ocr_carea' id='block_1_59' title="bbox 2008 1385 3622 1459">
    <p class='ocr_par' dir='ltr' id='par_1_59' title="bbox 2008 1385 3622 1459">
     <span class='ocr_line' id='line_1_59' title="bbox 2008 1385 3622 1459; baseline 0.001 -18"><span class='ocrx_word' id='word_1_450' title='bbox 2008 1385 2417 1459; x_wconf 86' lang='lat' dir='ltr'><strong>negationibus,</strong></span> <span class='ocrx_word' id='word_1_451' title='bbox 2462 1391 2517 1439; x_wconf 92' lang='lat' dir='ltr'><strong>et</strong></span> <span class='ocrx_word' id='word_1_452' title='bbox 2547 1385 2767 1455; x_wconf 83' lang='lat' dir='ltr'><strong>quando</strong></span> <span class='ocrx_word' id='word_1_453' title='bbox 2823 1386 3044 1439; x_wconf 85' lang='lat' dir='ltr'><strong>nomina</strong></span> <span class='ocrx_word' id='word_1_454' title='bbox 3109 1402 3289 1439; x_wconf 84' lang='lat' dir='ltr'><strong>rerum</strong></span> <span class='ocrx_word' id='word_1_455' title='bbox 3333 1387 3622 1452; x_wconf 87' lang='lat' dir='ltr'><strong>deﬁciunt,</strong></span> 
     </span>
    </p>
   </div>
   <div class='ocr_carea' id='block_1_60' title="bbox 2011 1473 3619 1545">
    <p class='ocr_par' dir='ltr' id='par_1_60' title="bbox 2011 1473 3619 1545">
     <span class='ocr_line' id='line_1_60' title="bbox 2011 1473 3619 1545; baseline 0.001 -15"><span class='ocrx_word' id='word_1_456' title='bbox 2011 1491 2159 1545; x_wconf 63' lang='lat' dir='ltr'><strong>saepe</strong></span> <span class='ocrx_word' id='word_1_457' title='bbox 2203 1479 2485 1544; x_wconf 90' lang='lat' dir='ltr'><strong>ponuntur</strong></span> <span class='ocrx_word' id='word_1_458' title='bbox 2520 1473 2682 1526; x_wconf 88' lang='lat' dir='ltr'><strong>etiam</strong></span> <span class='ocrx_word' id='word_1_459' title='bbox 2736 1489 2833 1542; x_wconf 88' lang='lat' dir='ltr'><strong>pro</strong></span> <span class='ocrx_word' id='word_1_460' title='bbox 2874 1473 3007 1543; x_wconf 85' lang='lat' dir='ltr'><strong>ipsis</strong></span> <span class='ocrx_word' id='word_1_461' title='bbox 3040 1473 3224 1540; x_wconf 88' lang='lat' dir='ltr'><strong>rebus,</strong></span> <span class='ocrx_word' id='word_1_462' title='bbox 3291 1492 3390 1529; x_wconf 86' lang='lat' dir='ltr'><strong>nos</strong></span> <span class='ocrx_word' id='word_1_463' title='bbox 3438 1484 3619 1531; x_wconf 88' lang='lat' dir='ltr'><strong>autem</strong></span> 
     </span>
    </p>
   </div>
   <div class='ocr_carea' id='block_1_61' title="bbox 2014 1560 3618 1631">
    <p class='ocr_par' dir='ltr' id='par_1_61' title="bbox 2014 1560 3618 1631">
     <span class='ocr_line' id='line_1_61' title="bbox 2014 1560 3618 1631; baseline 0.003 -16"><span class='ocrx_word' id='word_1_464' title='bbox 2014 1562 2104 1616; x_wconf 85' lang='lat' dir='ltr'><strong>hic</strong></span> <span class='ocrx_word' id='word_1_465' title='bbox 2144 1562 2528 1631; x_wconf 84' lang='lat' dir='ltr'><strong>privationem,</strong></span> <span class='ocrx_word' id='word_1_466' title='bbox 2565 1570 2624 1614; x_wconf 82' lang='lat' dir='ltr'><strong>ut</strong></span> <span class='ocrx_word' id='word_1_467' title='bbox 2652 1560 2875 1630; x_wconf 90' lang='lat' dir='ltr'><strong>proprie</strong></span> <span class='ocrx_word' id='word_1_468' title='bbox 2895 1561 3112 1628; x_wconf 91' lang='lat' dir='ltr'><strong>dicitur,</strong></span> <span class='ocrx_word' id='word_1_469' title='bbox 3143 1570 3454 1619; x_wconf 87' lang='lat' dir='ltr'><strong>tractamus.</strong></span> <span class='ocrx_word' id='word_1_470' title='bbox 3491 1567 3618 1620; x_wconf 88' lang='lat' dir='ltr'><strong>Cum</strong></span> 
     </span>
    </p>
   </div>
   <div class='ocr_carea' id='block_1_62' title="bbox 2008 1649 3616 1724">
    <p class='ocr_par' dir='ltr' id='par_1_62' title="bbox 2008 1649 3616 1724">
     <span class='ocr_line' id='line_1_62' title="bbox 2008 1649 3616 1724; baseline 0.003 -20"><span class='ocrx_word' id='word_1_471' title='bbox 2008 1667 2139 1724; x_wconf 88' lang='lat' dir='ltr'><strong>ergo</strong></span> <span class='ocrx_word' id='word_1_472' title='bbox 2156 1650 2382 1719; x_wconf 66' lang='lat' dir='ltr'><strong>justitiae</strong></span> <span class='ocrx_word' id='word_1_473' title='bbox 2414 1649 2644 1719; x_wconf 88' lang='lat' dir='ltr'><strong>privatio</strong></span> <span class='ocrx_word' id='word_1_474' title='bbox 2676 1649 2744 1704; x_wconf 90' lang='lat' dir='ltr'><strong>sit</strong></span> <span class='ocrx_word' id='word_1_475' title='bbox 2765 1649 3048 1720; x_wconf 86' lang='lat' dir='ltr'><strong>injustitia,</strong></span> <span class='ocrx_word' id='word_1_476' title='bbox 3076 1653 3230 1706; x_wconf 92' lang='lat' dir='ltr'><strong>nulla</strong></span> <span class='ocrx_word' id='word_1_477' title='bbox 3253 1661 3333 1707; x_wconf 91' lang='lat' dir='ltr'><strong>est</strong></span> <span class='ocrx_word' id='word_1_478' title='bbox 3355 1655 3616 1719; x_wconf 85' lang='lat' dir='ltr'><strong>essentia,</strong></span> 
     </span>
    </p>
   </div>
   <div class='ocr_carea' id='block_1_63' title="bbox 2012 1741 3618 1815">
    <p class='ocr_par' dir='ltr' id='par_1_63' title="bbox 2012 1741 3618 1815">
     <span class='ocr_line' id='line_1_63' title="bbox 2012 1741 3618 1815; baseline 0.002 -18"><span class='ocrx_word' id='word_1_479' title='bbox 2012 1752 2068 1797; x_wconf 91' lang='lat' dir='ltr'><strong>et</strong></span> <span class='ocrx_word' id='word_1_480' title='bbox 2097 1743 2226 1798; x_wconf 89' lang='lat' dir='ltr'><strong>ideo</strong></span> <span class='ocrx_word' id='word_1_481' title='bbox 2249 1742 2386 1796; x_wconf 86' lang='lat' dir='ltr'><strong>nihil</strong></span> <span class='ocrx_word' id='word_1_482' title='bbox 2421 1749 2521 1796; x_wconf 91' lang='lat' dir='ltr'><strong>est.</strong></span> <span class='ocrx_word' id='word_1_483' title='bbox 2548 1741 2688 1815; x_wconf 85' lang='lat' dir='ltr'><strong>Ergo</strong></span> <span class='ocrx_word' id='word_1_484' title='bbox 2715 1749 2999 1812; x_wconf 87' lang='lat' dir='ltr'><strong>peccatum</strong></span> <span class='ocrx_word' id='word_1_485' title='bbox 3030 1749 3084 1796; x_wconf 92' lang='lat' dir='ltr'><strong>et</strong></span> <span class='ocrx_word' id='word_1_486' title='bbox 3113 1744 3315 1798; x_wconf 89' lang='lat' dir='ltr'><strong>malum</strong></span> <span class='ocrx_word' id='word_1_487' title='bbox 3348 1745 3484 1798; x_wconf 88' lang='lat' dir='ltr'><strong>nihil</strong></span> <span class='ocrx_word' id='word_1_488' title='bbox 3515 1754 3618 1814; x_wconf 87' lang='lat' dir='ltr'><strong>est,</strong></span> 
     </span>
    </p>
   </div>
   <div class='ocr_carea' id='block_1_64' title="bbox 2011 1829 3616 1902">
    <p class='ocr_par' dir='ltr' id='par_1_64' title="bbox 2011 1829 3616 1902">
     <span class='ocr_line' id='line_1_64' title="bbox 2011 1829 3616 1902; baseline 0.002 -16"><span class='ocrx_word' id='word_1_489' title='bbox 2011 1832 2282 1902; x_wconf 89' lang='lat' dir='ltr'><strong>siquidem</strong></span> <span class='ocrx_word' id='word_1_490' title='bbox 2315 1839 2596 1901; x_wconf 89' lang='lat' dir='ltr'><strong>peccatum</strong></span> <span class='ocrx_word' id='word_1_491' title='bbox 2630 1829 2902 1885; x_wconf 88' lang='lat' dir='ltr'><strong>etmalum</strong></span> <span class='ocrx_word' id='word_1_492' title='bbox 2928 1829 3065 1883; x_wconf 87' lang='lat' dir='ltr'><strong>nihil</strong></span> <span class='ocrx_word' id='word_1_493' title='bbox 3097 1829 3201 1883; x_wconf 89' lang='lat' dir='ltr'><strong>nisi</strong></span> <span class='ocrx_word' id='word_1_494' title='bbox 3227 1829 3492 1899; x_wconf 89' lang='lat' dir='ltr'><strong>injustitia</strong></span> <span class='ocrx_word' id='word_1_495' title='bbox 3515 1842 3616 1890; x_wconf 90' lang='lat' dir='ltr'><strong>est.</strong></span> 
     </span>
    </p>
   </div>
   <div class='ocr_carea' id='block_1_65' title="bbox 2211 1918 3408 1986">
    <p class='ocr_par' dir='ltr' id='par_1_65' title="bbox 2211 1918 3408 1986">
     <span class='ocr_line' id='line_1_65' title="bbox 2211 1918 3408 1986; baseline -0.003 -10"><span class='ocrx_word' id='word_1_496' title='bbox 2211 1921 2354 1984; x_wconf 88' lang='lat' dir='ltr'><strong>Quod</strong></span> <span class='ocrx_word' id='word_1_497' title='bbox 2376 1920 2526 1973; x_wconf 81' lang='lat' dir='ltr'><strong>mata</strong></span> <span class='ocrx_word' id='word_1_498' title='bbox 2554 1934 2665 1974; x_wconf 90' lang='lat' dir='ltr'><strong>non</strong></span> <span class='ocrx_word' id='word_1_499' title='bbox 2693 1918 3094 1986; x_wconf 79' lang='lat' dir='ltr'><strong>habentspecies</strong></span> <span class='ocrx_word' id='word_1_500' title='bbox 3119 1921 3408 1985; x_wconf 83' lang='lat' dir='ltr'><strong>generales.</strong></span> 
     </span>
    </p>
   </div>
   <div class='ocr_carea' id='block_1_66' title="bbox 2081 2009 3618 2084">
    <p class='ocr_par' dir='ltr' id='par_1_66' title="bbox 2081 2009 3618 2084">
     <span class='ocr_line' id='line_1_66' title="bbox 2081 2009 3618 2084; baseline 0.001 -18"><span class='ocrx_word' id='word_1_501' title='bbox 2081 2014 2267 2084; x_wconf 89' lang='lat' dir='ltr'><strong>Itaque</strong></span> <span class='ocrx_word' id='word_1_502' title='bbox 2308 2011 2512 2066; x_wconf 89' lang='lat' dir='ltr'><strong>malum</strong></span> <span class='ocrx_word' id='word_1_503' title='bbox 2544 2026 2646 2065; x_wconf 89' lang='lat' dir='ltr'><strong>nec</strong></span> <span class='ocrx_word' id='word_1_504' title='bbox 2683 2025 2860 2084; x_wconf 90' lang='lat' dir='ltr'><strong>genus</strong></span> <span class='ocrx_word' id='word_1_505' title='bbox 2889 2018 2972 2063; x_wconf 88' lang='lat' dir='ltr'><strong>est</strong></span> <span class='ocrx_word' id='word_1_506' title='bbox 3012 2025 3114 2064; x_wconf 90' lang='lat' dir='ltr'><strong>nec</strong></span> <span class='ocrx_word' id='word_1_507' title='bbox 3169 2009 3275 2064; x_wconf 71' lang='lat' dir='ltr'><strong>illae</strong></span> <span class='ocrx_word' id='word_1_508' title='bbox 3315 2013 3532 2082; x_wconf 85' lang='lat' dir='ltr'><strong>species</strong></span> <span class='ocrx_word' id='word_1_509' title='bbox 3563 2013 3618 2068; x_wconf 91' lang='lat' dir='ltr'><strong>in</strong></span> 
     </span>
    </p>
   </div>
   <div class='ocr_carea' id='block_1_67' title="bbox 2006 2102 3615 2177">
    <p class='ocr_par' dir='ltr' id='par_1_67' title="bbox 2006 2102 3615 2177">
     <span class='ocr_line' id='line_1_67' title="bbox 2006 2102 3615 2177; baseline 0.001 -17"><span class='ocrx_word' id='word_1_510' title='bbox 2006 2121 2142 2177; x_wconf 89' lang='lat' dir='ltr'><strong>quas</strong></span> <span class='ocrx_word' id='word_1_511' title='bbox 2181 2104 2445 2158; x_wconf 88' lang='lat' dir='ltr'><strong>dividitur</strong></span> <span class='ocrx_word' id='word_1_512' title='bbox 2491 2102 2820 2158; x_wconf 90' lang='lat' dir='ltr'><strong>adulterium</strong></span> <span class='ocrx_word' id='word_1_513' title='bbox 2860 2102 3069 2157; x_wconf 89' lang='lat' dir='ltr'><strong>scilicet</strong></span> <span class='ocrx_word' id='word_1_514' title='bbox 3112 2103 3197 2156; x_wconf 91' lang='lat' dir='ltr'><strong>vel</strong></span> <span class='ocrx_word' id='word_1_515' title='bbox 3255 2104 3615 2162; x_wconf 84' lang='lat' dir='ltr'><strong>homicidium</strong></span> 
     </span>
    </p>
   </div>
   <div class='ocr_carea' id='block_1_68' title="bbox 2005 2193 3612 2265">
    <p class='ocr_par' dir='ltr' id='par_1_68' title="bbox 2005 2193 3612 2265">
     <span class='ocr_line' id='line_1_68' title="bbox 2005 2193 3612 2265; baseline 0 -14"><span class='ocrx_word' id='word_1_516' title='bbox 2005 2205 2059 2251; x_wconf 89' lang='lat' dir='ltr'><strong>et</strong></span> <span class='ocrx_word' id='word_1_517' title='bbox 2098 2205 2317 2261; x_wconf 81' lang='lat' dir='ltr'><strong>caetera,</strong></span> <span class='ocrx_word' id='word_1_518' title='bbox 2372 2194 2650 2265; x_wconf 86' lang='lat' dir='ltr'><strong>siquidem</strong></span> <span class='ocrx_word' id='word_1_519' title='bbox 2701 2193 2998 2247; x_wconf 89' lang='lat' dir='ltr'><strong>essentiam</strong></span> <span class='ocrx_word' id='word_1_520' title='bbox 3044 2208 3154 2247; x_wconf 90' lang='lat' dir='ltr'><strong>non</strong></span> <span class='ocrx_word' id='word_1_521' title='bbox 3213 2193 3442 2259; x_wconf 87' lang='lat' dir='ltr'><strong>habent;</strong></span> <span class='ocrx_word' id='word_1_522' title='bbox 3487 2213 3612 2251; x_wconf 89' lang='lat' dir='ltr'><strong>nam</strong></span> 
     </span>
    </p>
   </div>
   <div class='ocr_carea' id='block_1_69' title="bbox 2002 2285 3612 2359">
    <p class='ocr_par' dir='ltr' id='par_1_69' title="bbox 2002 2285 3612 2359">
     <span class='ocr_line' id='line_1_69' title="bbox 2002 2285 3612 2359; baseline -0.001 -16"><span class='ocrx_word' id='word_1_523' title='bbox 2002 2287 2149 2359; x_wconf 91' lang='lat' dir='ltr'><strong>quod</strong></span> <span class='ocrx_word' id='word_1_524' title='bbox 2163 2286 2460 2341; x_wconf 91' lang='lat' dir='ltr'><strong>essentiam</strong></span> <span class='ocrx_word' id='word_1_525' title='bbox 2491 2300 2602 2341; x_wconf 94' lang='lat' dir='ltr'><strong>non</strong></span> <span class='ocrx_word' id='word_1_526' title='bbox 2632 2285 2815 2351; x_wconf 87' lang='lat' dir='ltr'><strong>habet,</strong></span> <span class='ocrx_word' id='word_1_527' title='bbox 2850 2299 2958 2338; x_wconf 92' lang='lat' dir='ltr'><strong>non</strong></span> <span class='ocrx_word' id='word_1_528' title='bbox 2991 2292 3073 2339; x_wconf 91' lang='lat' dir='ltr'><strong>est</strong></span> <span class='ocrx_word' id='word_1_529' title='bbox 3127 2302 3323 2359; x_wconf 88' lang='lat' dir='ltr'><strong>genus,</strong></span> <span class='ocrx_word' id='word_1_530' title='bbox 3357 2286 3441 2340; x_wconf 87' lang='lat' dir='ltr'><strong>vel</strong></span> <span class='ocrx_word' id='word_1_531' title='bbox 3483 2304 3612 2358; x_wconf 85' lang='lat' dir='ltr'><strong>spe-</strong></span> 
     </span>
    </p>
   </div>
   <div class='ocr_carea' id='block_1_70' title="bbox 2000 2376 3125 2446">
    <p class='ocr_par' dir='ltr' id='par_1_70' title="bbox 2000 2376 3125 2446">
     <span class='ocr_line' id='line_1_70' title="bbox 2000 2376 3125 2446; baseline -0.004 -12"><span class='ocrx_word' id='word_1_532' title='bbox 2000 2379 2133 2445; x_wconf 87' lang='lat' dir='ltr'><strong>cies,</strong></span> <span class='ocrx_word' id='word_1_533' title='bbox 2174 2378 2260 2433; x_wconf 90' lang='lat' dir='ltr'><strong>vel</strong></span> <span class='ocrx_word' id='word_1_534' title='bbox 2292 2376 2623 2443; x_wconf 89' lang='lat' dir='ltr'><strong>universale,</strong></span> <span class='ocrx_word' id='word_1_535' title='bbox 2657 2377 2741 2430; x_wconf 94' lang='lat' dir='ltr'><strong>vel</strong></span> <span class='ocrx_word' id='word_1_536' title='bbox 2775 2376 3125 2446; x_wconf 88' lang='lat' dir='ltr'><strong>particulare.</strong></span> 
     </span>
    </p>
   </div>
   <div class='ocr_carea' id='block_1_71' title="bbox 2118 2468 3481 2535">
    <p class='ocr_par' dir='ltr' id='par_1_71' title="bbox 2118 2468 3481 2535">
     <span class='ocr_line' id='line_1_71' title="bbox 2118 2468 3481 2535; baseline 0 -13"><span class='ocrx_word' id='word_1_537' title='bbox 2118 2469 2261 2531; x_wconf 87' lang='lat' dir='ltr'><strong>Quod</strong></span> <span class='ocrx_word' id='word_1_538' title='bbox 2290 2469 2353 2522; x_wconf 86' lang='lat' dir='ltr'><strong>de</strong></span> <span class='ocrx_word' id='word_1_539' title='bbox 2382 2468 2529 2523; x_wconf 81' lang='lat' dir='ltr'><strong>bonis</strong></span> <span class='ocrx_word' id='word_1_540' title='bbox 2554 2468 2804 2535; x_wconf 80' lang='lat' dir='ltr'><strong>procedat</strong></span> <span class='ocrx_word' id='word_1_541' title='bbox 2829 2468 3099 2521; x_wconf 83' lang='lat' dir='ltr'><strong>malorum</strong></span> <span class='ocrx_word' id='word_1_542' title='bbox 3121 2470 3481 2524; x_wconf 79' lang='lat' dir='ltr'><strong>ratiocinatio.</strong></span> 
     </span>
    </p>
   </div>
   <div class='ocr_carea' id='block_1_72' title="bbox 2071 2555 3614 2626">
    <p class='ocr_par' dir='ltr' id='par_1_72' title="bbox 2071 2555 3614 2626">
     <span class='ocr_line' id='line_1_72' title="bbox 2071 2555 3614 2626; baseline 0.001 -16"><span class='ocrx_word' id='word_1_543' title='bbox 2071 2557 2164 2611; x_wconf 86' lang='lat' dir='ltr'><strong>Est</strong></span> <span class='ocrx_word' id='word_1_544' title='bbox 2190 2563 2372 2610; x_wconf 82' lang='lat' dir='ltr'><strong>autem</strong></span> <span class='ocrx_word' id='word_1_545' title='bbox 2423 2557 2690 2610; x_wconf 90' lang='lat' dir='ltr'><strong>bonorum</strong></span> <span class='ocrx_word' id='word_1_546' title='bbox 2752 2555 2902 2626; x_wconf 88' lang='lat' dir='ltr'><strong>quod</strong></span> <span class='ocrx_word' id='word_1_547' title='bbox 2943 2555 2999 2609; x_wconf 92' lang='lat' dir='ltr'><strong>in</strong></span> <span class='ocrx_word' id='word_1_548' title='bbox 3059 2555 3218 2610; x_wconf 90' lang='lat' dir='ltr'><strong>malis</strong></span> <span class='ocrx_word' id='word_1_549' title='bbox 3269 2557 3486 2624; x_wconf 83' lang='lat' dir='ltr'><strong>divisio,</strong></span> <span class='ocrx_word' id='word_1_550' title='bbox 3528 2559 3614 2612; x_wconf 88' lang='lat' dir='ltr'><strong>vel</strong></span> 
     </span>
    </p>
   </div>
   <div class='ocr_carea' id='block_1_73' title="bbox 2000 2643 3615 2718">
    <p class='ocr_par' dir='ltr' id='par_1_73' title="bbox 2000 2643 3615 2718">
     <span class='ocr_line' id='line_1_73' title="bbox 2000 2643 3615 2718; baseline 0.002 -20"><span class='ocrx_word' id='word_1_551' title='bbox 2000 2659 2283 2712; x_wconf 82' lang='lat' dir='ltr'><strong>ascensus,</strong></span> <span class='ocrx_word' id='word_1_552' title='bbox 2318 2644 2401 2698; x_wconf 91' lang='lat' dir='ltr'><strong>vel</strong></span> <span class='ocrx_word' id='word_1_553' title='bbox 2451 2643 2755 2697; x_wconf 85' lang='lat' dir='ltr'><strong>descensus</strong></span> <span class='ocrx_word' id='word_1_554' title='bbox 2812 2643 3137 2697; x_wconf 89' lang='lat' dir='ltr'><strong>ordinabilis</strong></span> <span class='ocrx_word' id='word_1_555' title='bbox 3168 2652 3272 2712; x_wconf 87' lang='lat' dir='ltr'><strong>est,</strong></span> <span class='ocrx_word' id='word_1_556' title='bbox 3301 2661 3422 2699; x_wconf 87' lang='lat' dir='ltr'><strong>nam</strong></span> <span class='ocrx_word' id='word_1_557' title='bbox 3456 2646 3615 2718; x_wconf 90' lang='lat' dir='ltr'><strong>quid-</strong></span> 
     </span>
    </p>
   </div>
   <div class='ocr_carea' id='block_1_74' title="bbox 1999 2735 3614 2809">
    <p class='ocr_par' dir='ltr' id='par_1_74' title="bbox 1999 2735 3614 2809">
     <span class='ocr_line' id='line_1_74' title="bbox 1999 2735 3614 2809; baseline 0.001 -19"><span class='ocrx_word' id='word_1_558' title='bbox 1999 2736 2130 2808; x_wconf 90' lang='lat' dir='ltr'><strong>quid</strong></span> <span class='ocrx_word' id='word_1_559' title='bbox 2163 2737 2230 2790; x_wconf 90' lang='lat' dir='ltr'><strong>de</strong></span> <span class='ocrx_word' id='word_1_560' title='bbox 2273 2735 2675 2806; x_wconf 86' lang='lat' dir='ltr'><strong>privationibus</strong></span> <span class='ocrx_word' id='word_1_561' title='bbox 2705 2735 2960 2804; x_wconf 88' lang='lat' dir='ltr'><strong>dicimus,</strong></span> <span class='ocrx_word' id='word_1_562' title='bbox 2997 2735 3100 2790; x_wconf 90' lang='lat' dir='ltr'><strong>hoc</strong></span> <span class='ocrx_word' id='word_1_563' title='bbox 3132 2743 3300 2791; x_wconf 92' lang='lat' dir='ltr'><strong>totum</strong></span> <span class='ocrx_word' id='word_1_564' title='bbox 3334 2755 3364 2792; x_wconf 90' lang='lat' dir='ltr'><strong>a</strong></span> <span class='ocrx_word' id='word_1_565' title='bbox 3389 2739 3614 2809; x_wconf 90' lang='lat' dir='ltr'><strong>privatis</strong></span> 
     </span>
    </p>
   </div>
   <div class='ocr_carea' id='block_1_75' title="bbox 2001 2826 3612 2900">
    <p class='ocr_par' dir='ltr' id='par_1_75' title="bbox 2001 2826 3612 2900">
     <span class='ocr_line' id='line_1_75' title="bbox 2001 2826 3612 2900; baseline 0.003 -19"><span class='ocrx_word' id='word_1_566' title='bbox 2001 2828 2275 2890; x_wconf 90' lang='lat' dir='ltr'><strong>ducimus,</strong></span> <span class='ocrx_word' id='word_1_567' title='bbox 2309 2843 2411 2883; x_wconf 88' lang='lat' dir='ltr'><strong>nec</strong></span> <span class='ocrx_word' id='word_1_568' title='bbox 2449 2827 2750 2898; x_wconf 89' lang='lat' dir='ltr'><strong>quidquam</strong></span> <span class='ocrx_word' id='word_1_569' title='bbox 2803 2826 2932 2881; x_wconf 85' lang='lat' dir='ltr'><strong>facit</strong></span> <span class='ocrx_word' id='word_1_570' title='bbox 2980 2827 3234 2897; x_wconf 88' lang='lat' dir='ltr'><strong>privatio,</strong></span> <span class='ocrx_word' id='word_1_571' title='bbox 3277 2829 3384 2883; x_wconf 89' lang='lat' dir='ltr'><strong>nisi</strong></span> <span class='ocrx_word' id='word_1_572' title='bbox 3419 2831 3612 2900; x_wconf 87' lang='lat' dir='ltr'><strong>privati</strong></span> 
     </span>
    </p>
   </div>
   <div class='ocr_carea' id='block_1_76' title="bbox 1996 2915 3615 2988">
    <p class='ocr_par' dir='ltr' id='par_1_76' title="bbox 1996 2915 3615 2988">
     <span class='ocr_line' id='line_1_76' title="bbox 1996 2915 3615 2988; baseline 0.002 -18"><span class='ocrx_word' id='word_1_573' title='bbox 1996 2916 2272 2986; x_wconf 68' lang='lat' dir='ltr'><strong>praecedat</strong></span> <span class='ocrx_word' id='word_1_574' title='bbox 2302 2916 2462 2983; x_wconf 89' lang='lat' dir='ltr'><strong>ratio,</strong></span> <span class='ocrx_word' id='word_1_575' title='bbox 2493 2931 2616 2970; x_wconf 88' lang='lat' dir='ltr'><strong>nam</strong></span> <span class='ocrx_word' id='word_1_576' title='bbox 2657 2931 2760 2970; x_wconf 92' lang='lat' dir='ltr'><strong>nec</strong></span> <span class='ocrx_word' id='word_1_577' title='bbox 2810 2915 3172 2985; x_wconf 89' lang='lat' dir='ltr'><strong>privationem</strong></span> <span class='ocrx_word' id='word_1_578' title='bbox 3207 2916 3385 2971; x_wconf 89' lang='lat' dir='ltr'><strong>facere</strong></span> <span class='ocrx_word' id='word_1_579' title='bbox 3418 2934 3615 2988; x_wconf 86' lang='lat' dir='ltr'><strong>possu-</strong></span> 
     </span>
    </p>
   </div>
   <div class='ocr_carea' id='block_1_77' title="bbox 1995 3006 3616 3078">
    <p class='ocr_par' dir='ltr' id='par_1_77' title="bbox 1995 3006 3616 3078">
     <span class='ocr_line' id='line_1_77' title="bbox 1995 3006 3616 3078; baseline 0 -16"><span class='ocrx_word' id='word_1_580' title='bbox 1995 3025 2140 3076; x_wconf 89' lang='lat' dir='ltr'><strong>mus,</strong></span> <span class='ocrx_word' id='word_1_581' title='bbox 2171 3007 2278 3062; x_wconf 90' lang='lat' dir='ltr'><strong>nisi</strong></span> <span class='ocrx_word' id='word_1_582' title='bbox 2318 3024 2431 3062; x_wconf 91' lang='lat' dir='ltr'><strong>rem</strong></span> <span class='ocrx_word' id='word_1_583' title='bbox 2473 3023 2598 3078; x_wconf 60' lang='lat' dir='ltr'><strong>qua;</strong></span> <span class='ocrx_word' id='word_1_584' title='bbox 2633 3007 2878 3078; x_wconf 89' lang='lat' dir='ltr'><strong>privetur</strong></span> <span class='ocrx_word' id='word_1_585' title='bbox 2931 3006 3250 3060; x_wconf 87' lang='lat' dir='ltr'><strong>habeamus.</strong></span> <span class='ocrx_word' id='word_1_586' title='bbox 3293 3007 3616 3063; x_wconf 68' lang='lat' dir='ltr'><strong>Prtecedunt</strong></span> 
     </span>
    </p>
   </div>
   <div class='ocr_carea' id='block_1_78' title="bbox 1997 3093 3614 3168">
    <p class='ocr_par' dir='ltr' id='par_1_78' title="bbox 1997 3093 3614 3168">
     <span class='ocr_line' id='line_1_78' title="bbox 1997 3093 3614 3168; baseline -0.001 -18"><span class='ocrx_word' id='word_1_587' title='bbox 1997 3096 2163 3168; x_wconf 87' lang='lat' dir='ltr'><strong>igitur</strong></span> <span class='ocrx_word' id='word_1_588' title='bbox 2190 3095 2408 3166; x_wconf 89' lang='lat' dir='ltr'><strong>species</strong></span> <span class='ocrx_word' id='word_1_589' title='bbox 2440 3102 2492 3148; x_wconf 93' lang='lat' dir='ltr'><strong>et</strong></span> <span class='ocrx_word' id='word_1_590' title='bbox 2523 3109 2727 3166; x_wconf 83' lang='lat' dir='ltr'><strong>genera</strong></span> <span class='ocrx_word' id='word_1_591' title='bbox 2761 3110 2965 3158; x_wconf 90' lang='lat' dir='ltr'><strong>rerum,</strong></span> <span class='ocrx_word' id='word_1_592' title='bbox 3004 3101 3064 3147; x_wconf 91' lang='lat' dir='ltr'><strong>ut</strong></span> <span class='ocrx_word' id='word_1_593' title='bbox 3101 3093 3402 3147; x_wconf 87' lang='lat' dir='ltr'><strong>secundum</strong></span> <span class='ocrx_word' id='word_1_594' title='bbox 3435 3109 3499 3148; x_wconf 92' lang='lat' dir='ltr'><strong>ea</strong></span> <span class='ocrx_word' id='word_1_595' title='bbox 3525 3094 3614 3164; x_wconf 89' lang='lat' dir='ltr'><strong>ju-</strong></span> 
     </span>
    </p>
   </div>
   <div class='ocr_carea' id='block_1_79' title="bbox 1995 3184 3614 3256">
    <p class='ocr_par' dir='ltr' id='par_1_79' title="bbox 1995 3184 3614 3256">
     <span class='ocr_line' id='line_1_79' title="bbox 1995 3184 3614 3256; baseline -0.002 -14"><span class='ocrx_word' id='word_1_596' title='bbox 1995 3188 2246 3243; x_wconf 90' lang='lat' dir='ltr'><strong>dicemus</strong></span> <span class='ocrx_word' id='word_1_597' title='bbox 2276 3187 2624 3241; x_wconf 87' lang='lat' dir='ltr'><strong>diversitates</strong></span> <span class='ocrx_word' id='word_1_598' title='bbox 2643 3185 3010 3256; x_wconf 89' lang='lat' dir='ltr'><strong>privationum</strong></span> <span class='ocrx_word' id='word_1_599' title='bbox 3032 3185 3166 3250; x_wconf 87' lang='lat' dir='ltr'><strong>;nisi</strong></span> <span class='ocrx_word' id='word_1_600' title='bbox 3189 3184 3334 3238; x_wconf 89' lang='lat' dir='ltr'><strong>enim</strong></span> <span class='ocrx_word' id='word_1_601' title='bbox 3361 3185 3614 3252; x_wconf 58' lang='lat' dir='ltr'><strong>justitiai,</strong></span> 
     </span>
    </p>
   </div>
   <div class='ocr_carea' id='block_1_80' title="bbox 1998 3276 3616 3350">
    <p class='ocr_par' dir='ltr' id='par_1_80' title="bbox 1998 3276 3616 3350">
     <span class='ocr_line' id='line_1_80' title="bbox 1998 3276 3616 3350; baseline -0.002 -17"><span class='ocrx_word' id='word_1_602' title='bbox 1998 3279 2242 3350; x_wconf 89' lang='lat' dir='ltr'><strong>pietatis,</strong></span> <span class='ocrx_word' id='word_1_603' title='bbox 2291 3287 2346 3332; x_wconf 89' lang='lat' dir='ltr'><strong>et</strong></span> <span class='ocrx_word' id='word_1_604' title='bbox 2373 3278 2657 3348; x_wconf 80' lang='lat' dir='ltr'><strong>patientiae</strong></span> <span class='ocrx_word' id='word_1_605' title='bbox 2706 3277 3025 3333; x_wconf 90' lang='lat' dir='ltr'><strong>noverimus</strong></span> <span class='ocrx_word' id='word_1_606' title='bbox 3063 3276 3352 3342; x_wconf 89' lang='lat' dir='ltr'><strong>essentias,</strong></span> <span class='ocrx_word' id='word_1_607' title='bbox 3383 3291 3485 3330; x_wconf 90' lang='lat' dir='ltr'><strong>nec</strong></span> <span class='ocrx_word' id='word_1_608' title='bbox 3520 3293 3616 3330; x_wconf 85' lang='lat' dir='ltr'><strong>ea-</strong></span> 
     </span>
    </p>
   </div>
   <div class='ocr_carea' id='block_1_81' title="bbox 1997 3364 3612 3438">
    <p class='ocr_par' dir='ltr' id='par_1_81' title="bbox 1997 3364 3612 3438">
     <span class='ocr_line' id='line_1_81' title="bbox 1997 3364 3612 3438; baseline -0.001 -18"><span class='ocrx_word' id='word_1_609' title='bbox 1997 3382 2114 3422; x_wconf 89' lang='lat' dir='ltr'><strong>rum</strong></span> <span class='ocrx_word' id='word_1_610' title='bbox 2173 3367 2482 3438; x_wconf 76' lang='lat' dir='ltr'><strong>intelligere</strong></span> <span class='ocrx_word' id='word_1_611' title='bbox 2523 3381 2818 3437; x_wconf 89' lang='lat' dir='ltr'><strong>possumus</strong></span> <span class='ocrx_word' id='word_1_612' title='bbox 2864 3365 3222 3436; x_wconf 90' lang='lat' dir='ltr'><strong>privationes,</strong></span> <span class='ocrx_word' id='word_1_613' title='bbox 3267 3364 3612 3434; x_wconf 85' lang='lat' dir='ltr'><strong>injustitiam,</strong></span> 
     </span>
    </p>
   </div>
   <div class='ocr_carea' id='block_1_82' title="bbox 1989 3453 3614 3530">
    <p class='ocr_par' dir='ltr' id='par_1_82' title="bbox 1989 3453 3614 3530">
     <span class='ocr_line' id='line_1_82' title="bbox 1989 3453 3614 3530; baseline -0.001 -17"><span class='ocrx_word' id='word_1_614' title='bbox 1989 3453 2418 3530; x_wconf 84' lang='lat' dir='ltr'><strong>impatientiam,</strong></span> <span class='ocrx_word' id='word_1_615' title='bbox 2452 3459 2822 3528; x_wconf 89' lang='lat' dir='ltr'><strong>impietatem,</strong></span> <span class='ocrx_word' id='word_1_616' title='bbox 2848 3466 2907 3512; x_wconf 95' lang='lat' dir='ltr'><strong>ut</strong></span> <span class='ocrx_word' id='word_1_617' title='bbox 2929 3473 3194 3530; x_wconf 83' lang='lat' dir='ltr'><strong>generum</strong></span> <span class='ocrx_word' id='word_1_618' title='bbox 3224 3465 3277 3511; x_wconf 91' lang='lat' dir='ltr'><strong>et</strong></span> <span class='ocrx_word' id='word_1_619' title='bbox 3302 3457 3614 3526; x_wconf 86' lang='lat' dir='ltr'><strong>specierum</strong></span> 
     </span>
    </p>
   </div>
   <div class='ocr_carea' id='block_1_83' title="bbox 1993 3552 3616 3622">
    <p class='ocr_par' dir='ltr' id='par_1_83' title="bbox 1993 3552 3616 3622">
     <span class='ocr_line' id='line_1_83' title="bbox 1993 3552 3616 3622; baseline -0.001 -14"><span class='ocrx_word' id='word_1_620' title='bbox 1993 3555 2062 3608; x_wconf 89' lang='lat' dir='ltr'><strong>sit</strong></span> <span class='ocrx_word' id='word_1_621' title='bbox 2093 3555 2148 3607; x_wconf 89' lang='lat' dir='ltr'><strong>in</strong></span> <span class='ocrx_word' id='word_1_622' title='bbox 2178 3553 2436 3608; x_wconf 90' lang='lat' dir='ltr'><strong>essentiis</strong></span> <span class='ocrx_word' id='word_1_623' title='bbox 2475 3554 2694 3618; x_wconf 90' lang='lat' dir='ltr'><strong>veritas,</strong></span> <span class='ocrx_word' id='word_1_624' title='bbox 2725 3552 2780 3606; x_wconf 89' lang='lat' dir='ltr'><strong>in</strong></span> <span class='ocrx_word' id='word_1_625' title='bbox 2811 3552 3217 3622; x_wconf 88' lang='lat' dir='ltr'><strong>privationibus</strong></span> <span class='ocrx_word' id='word_1_626' title='bbox 3266 3567 3397 3606; x_wconf 92' lang='lat' dir='ltr'><strong>vero</strong></span> <span class='ocrx_word' id='word_1_627' title='bbox 3433 3552 3616 3607; x_wconf 86' lang='lat' dir='ltr'><strong>imita-</strong></span> 
     </span>
    </p>
   </div>
   <div class='ocr_carea' id='block_1_84' title="bbox 2000 3643 3615 3716">
    <p class='ocr_par' dir='ltr' id='par_1_84' title="bbox 2000 3643 3615 3716">
     <span class='ocr_line' id='line_1_84' title="bbox 2000 3643 3615 3716; baseline -0.001 -16"><span class='ocrx_word' id='word_1_628' title='bbox 2000 3647 2094 3710; x_wconf 90' lang='lat' dir='ltr'><strong>tio,</strong></span> <span class='ocrx_word' id='word_1_629' title='bbox 2128 3645 2270 3700; x_wconf 89' lang='lat' dir='ltr'><strong>sicut</strong></span> <span class='ocrx_word' id='word_1_630' title='bbox 2301 3652 2354 3699; x_wconf 90' lang='lat' dir='ltr'><strong>et</strong></span> <span class='ocrx_word' id='word_1_631' title='bbox 2387 3645 2439 3697; x_wconf 92' lang='lat' dir='ltr'><strong>in</strong></span> <span class='ocrx_word' id='word_1_632' title='bbox 2487 3643 2894 3716; x_wconf 85' lang='lat' dir='ltr'><strong>negationibus.</strong></span> <span class='ocrx_word' id='word_1_633' title='bbox 2943 3644 2998 3695; x_wconf 92' lang='lat' dir='ltr'><strong>ln</strong></span> <span class='ocrx_word' id='word_1_634' title='bbox 3041 3643 3244 3714; x_wconf 89' lang='lat' dir='ltr'><strong>quibus</strong></span> <span class='ocrx_word' id='word_1_635' title='bbox 3289 3649 3437 3712; x_wconf 90' lang='lat' dir='ltr'><strong>patet</strong></span> <span class='ocrx_word' id='word_1_636' title='bbox 3467 3644 3615 3714; x_wconf 90' lang='lat' dir='ltr'><strong>quod</strong></span> 
     </span>
    </p>
   </div>
   <div class='ocr_carea' id='block_1_85' title="bbox 2000 3733 3616 3805">
    <p class='ocr_par' dir='ltr' id='par_1_85' title="bbox 2000 3733 3616 3805">
     <span class='ocr_line' id='line_1_85' title="bbox 2000 3733 3616 3805; baseline -0.002 -14"><span class='ocrx_word' id='word_1_637' title='bbox 2000 3753 2109 3792; x_wconf 91' lang='lat' dir='ltr'><strong>non</strong></span> <span class='ocrx_word' id='word_1_638' title='bbox 2149 3737 2258 3790; x_wconf 92' lang='lat' dir='ltr'><strong>sint</strong></span> <span class='ocrx_word' id='word_1_639' title='bbox 2308 3735 2581 3800; x_wconf 65' lang='lat' dir='ltr'><strong>essentne,</strong></span> <span class='ocrx_word' id='word_1_640' title='bbox 2634 3749 2736 3788; x_wconf 90' lang='lat' dir='ltr'><strong>nec</strong></span> <span class='ocrx_word' id='word_1_641' title='bbox 2774 3748 2997 3805; x_wconf 86' lang='lat' dir='ltr'><strong>genera,</strong></span> <span class='ocrx_word' id='word_1_642' title='bbox 3031 3733 3114 3786; x_wconf 87' lang='lat' dir='ltr'><strong>vel</strong></span> <span class='ocrx_word' id='word_1_643' title='bbox 3166 3733 3400 3802; x_wconf 89' lang='lat' dir='ltr'><strong>species,</strong></span> <span class='ocrx_word' id='word_1_644' title='bbox 3446 3749 3616 3787; x_wconf 91' lang='lat' dir='ltr'><strong>econ—</strong></span> 
     </span>
    </p>
   </div>
   <div class='ocr_carea' id='block_1_86' title="bbox 1999 3820 3614 3896">
    <p class='ocr_par' dir='ltr' id='par_1_86' title="bbox 1999 3820 3614 3896">
     <span class='ocr_line' id='line_1_86' title="bbox 1999 3820 3614 3896; baseline -0.004 -15"><span class='ocrx_word' id='word_1_645' title='bbox 1999 3841 2156 3882; x_wconf 87' lang='lat' dir='ltr'><strong>verso</strong></span> <span class='ocrx_word' id='word_1_646' title='bbox 2183 3835 2369 3880; x_wconf 89' lang='lat' dir='ltr'><strong>tamen</strong></span> <span class='ocrx_word' id='word_1_647' title='bbox 2397 3841 2461 3878; x_wconf 86' lang='lat' dir='ltr'><strong>ex</strong></span> <span class='ocrx_word' id='word_1_648' title='bbox 2491 3823 2628 3893; x_wconf 89' lang='lat' dir='ltr'><strong>ipsis</strong></span> <span class='ocrx_word' id='word_1_649' title='bbox 2669 3821 2884 3896; x_wconf 86' lang='lat' dir='ltr'><strong>negatis</strong></span> <span class='ocrx_word' id='word_1_650' title='bbox 2902 3820 3322 3875; x_wconf 89' lang='lat' dir='ltr'><strong>similitudinem</strong></span> <span class='ocrx_word' id='word_1_651' title='bbox 3349 3835 3614 3890; x_wconf 87' lang='lat' dir='ltr'><strong>generum</strong></span> 
     </span>
    </p>
   </div>
   <div class='ocr_carea' id='block_1_87' title="bbox 2000 3908 3612 3982">
    <p class='ocr_par' dir='ltr' id='par_1_87' title="bbox 2000 3908 3612 3982">
     <span class='ocr_line' id='line_1_87' title="bbox 2000 3908 3612 3982; baseline -0.004 -12"><span class='ocrx_word' id='word_1_652' title='bbox 2000 3922 2224 3971; x_wconf 91' lang='lat' dir='ltr'><strong>sumunt</strong></span> <span class='ocrx_word' id='word_1_653' title='bbox 2263 3921 2318 3968; x_wconf 88' lang='lat' dir='ltr'><strong>et</strong></span> <span class='ocrx_word' id='word_1_654' title='bbox 2372 3912 2680 3982; x_wconf 89' lang='lat' dir='ltr'><strong>specierum</strong></span> <span class='ocrx_word' id='word_1_655' title='bbox 2741 3910 3098 3965; x_wconf 89' lang='lat' dir='ltr'><strong>mutationem</strong></span> <span class='ocrx_word' id='word_1_656' title='bbox 3153 3908 3238 3962; x_wconf 90' lang='lat' dir='ltr'><strong>vel</strong></span> <span class='ocrx_word' id='word_1_657' title='bbox 3307 3908 3612 3964; x_wconf 89' lang='lat' dir='ltr'><strong>veritatem.</strong></span> 
     </span>
    </p>
   </div>
   <div class='ocr_carea' id='block_1_88' title="bbox 2002 4003 3617 4077">
    <p class='ocr_par' dir='ltr' id='par_1_88' title="bbox 2002 4003 3617 4077">
     <span class='ocr_line' id='line_1_88' title="bbox 2002 4003 3617 4077; baseline -0.006 -11"><span class='ocrx_word' id='word_1_658' title='bbox 2002 4011 2159 4077; x_wconf 78' lang='lat' dir='ltr'><strong>Nam,</strong></span> <span class='ocrx_word' id='word_1_659' title='bbox 2193 4009 2334 4064; x_wconf 92' lang='lat' dir='ltr'><strong>sicut</strong></span> <span class='ocrx_word' id='word_1_660' title='bbox 2365 4009 2529 4063; x_wconf 92' lang='lat' dir='ltr'><strong>homo</strong></span> <span class='ocrx_word' id='word_1_661' title='bbox 2557 4007 2659 4062; x_wconf 91' lang='lat' dir='ltr'><strong>sub</strong></span> <span class='ocrx_word' id='word_1_662' title='bbox 2682 4005 3156 4074; x_wconf 89' lang='lat' dir='ltr'><strong>animalispecies,</strong></span> <span class='ocrx_word' id='word_1_663' title='bbox 3175 4003 3246 4057; x_wconf 89' lang='lat' dir='ltr'><strong>ita</strong></span> <span class='ocrx_word' id='word_1_664' title='bbox 3269 4018 3377 4056; x_wconf 93' lang='lat' dir='ltr'><strong>non</strong></span> <span class='ocrx_word' id='word_1_665' title='bbox 3413 4003 3617 4057; x_wconf 92' lang='lat' dir='ltr'><strong>animal</strong></span> 
     </span>
    </p>
   </div>
   <div class='ocr_carea' id='block_1_89' title="bbox 2005 4095 3606 4170">
    <p class='ocr_par' dir='ltr' id='par_1_89' title="bbox 2005 4095 3606 4170">
     <span class='ocr_line' id='line_1_89' title="bbox 2005 4095 3606 4170; baseline -0.006 -12"><span class='ocrx_word' id='word_1_666' title='bbox 2005 4103 2107 4158; x_wconf 89' lang='lat' dir='ltr'><strong>sub</strong></span> <span class='ocrx_word' id='word_1_667' title='bbox 2141 4118 2249 4157; x_wconf 92' lang='lat' dir='ltr'><strong>non</strong></span> <span class='ocrx_word' id='word_1_668' title='bbox 2281 4101 2506 4155; x_wconf 91' lang='lat' dir='ltr'><strong>homine</strong></span> <span class='ocrx_word' id='word_1_669' title='bbox 2537 4106 2795 4170; x_wconf 88' lang='lat' dir='ltr'><strong>tanquam</strong></span> <span class='ocrx_word' id='word_1_670' title='bbox 2837 4097 3067 4166; x_wconf 85' lang='lat' dir='ltr'><strong>species.</strong></span> <span class='ocrx_word' id='word_1_671' title='bbox 3105 4095 3165 4148; x_wconf 89' lang='lat' dir='ltr'><strong>Et</strong></span> <span class='ocrx_word' id='word_1_672' title='bbox 3204 4095 3306 4148; x_wconf 92' lang='lat' dir='ltr'><strong>hoc</strong></span> <span class='ocrx_word' id='word_1_673' title='bbox 3347 4103 3431 4148; x_wconf 91' lang='lat' dir='ltr'><strong>est</strong></span> <span class='ocrx_word' id='word_1_674' title='bbox 3459 4097 3606 4164; x_wconf 88' lang='lat' dir='ltr'><strong>quod</strong></span> 
     </span>
    </p>
   </div>
   <div class='ocr_carea' id='block_1_90' title="bbox 2003 4186 3611 4262">
    <p class='ocr_par' dir='ltr' id='par_1_90' title="bbox 2003 4186 3611 4262">
     <span class='ocr_line' id='line_1_90' title="bbox 2003 4186 3611 4262; baseline -0.007 -12"><span class='ocrx_word' id='word_1_675' title='bbox 2003 4195 2227 4250; x_wconf 84' lang='lat' dir='ltr'><strong>Boetius</strong></span> <span class='ocrx_word' id='word_1_676' title='bbox 2240 4191 2912 4262; x_wconf 87' lang='lat' dir='ltr'><strong>dicitcontrapositionem</strong></span> <span class='ocrx_word' id='word_1_677' title='bbox 2938 4188 2993 4241; x_wconf 94' lang='lat' dir='ltr'><strong>in</strong></span> <span class='ocrx_word' id='word_1_678' title='bbox 3007 4195 3134 4242; x_wconf 88' lang='lat' dir='ltr'><strong>ante</strong></span> <span class='ocrx_word' id='word_1_679' title='bbox 3151 4186 3611 4258; x_wconf 62' lang='lat' dir='ltr'><strong>praadicameutis.</strong></span> 
     </span>
    </p>
   </div>
   <div class='ocr_carea' id='block_1_91' title="bbox 2006 4278 3612 4357">
    <p class='ocr_par' dir='ltr' id='par_1_91' title="bbox 2006 4278 3612 4357">
     <span class='ocr_line' id='line_1_91' title="bbox 2006 4278 3612 4357; baseline -0.006 -16"><span class='ocrx_word' id='word_1_680' title='bbox 2006 4288 2129 4341; x_wconf 83' lang='lat' dir='ltr'><strong>llaec</strong></span> <span class='ocrx_word' id='word_1_681' title='bbox 2158 4292 2336 4340; x_wconf 90' lang='lat' dir='ltr'><strong>autem</strong></span> <span class='ocrx_word' id='word_1_682' title='bbox 2377 4299 2645 4357; x_wconf 87' lang='lat' dir='ltr'><strong>generum</strong></span> <span class='ocrx_word' id='word_1_683' title='bbox 2688 4291 2742 4336; x_wconf 90' lang='lat' dir='ltr'><strong>et</strong></span> <span class='ocrx_word' id='word_1_684' title='bbox 2771 4281 3082 4351; x_wconf 89' lang='lat' dir='ltr'><strong>specierum</strong></span> <span class='ocrx_word' id='word_1_685' title='bbox 3126 4295 3235 4334; x_wconf 90' lang='lat' dir='ltr'><strong>non</strong></span> <span class='ocrx_word' id='word_1_686' title='bbox 3266 4279 3489 4344; x_wconf 90' lang='lat' dir='ltr'><strong>veritas,</strong></span> <span class='ocrx_word' id='word_1_687' title='bbox 3515 4278 3612 4332; x_wconf 90' lang='lat' dir='ltr'><strong>sed</strong></span> 
     </span>
    </p>
   </div>
   <div class='ocr_carea' id='block_1_92' title="bbox 2005 4371 3614 4447">
    <p class='ocr_par' dir='ltr' id='par_1_92' title="bbox 2005 4371 3614 4447">
     <span class='ocr_line' id='line_1_92' title="bbox 2005 4371 3614 4447; baseline -0.006 -14"><span class='ocrx_word' id='word_1_688' title='bbox 2005 4378 2256 4442; x_wconf 87' lang='lat' dir='ltr'><strong>mutatio,</strong></span> <span class='ocrx_word' id='word_1_689' title='bbox 2285 4378 2427 4432; x_wconf 90' lang='lat' dir='ltr'><strong>sicut</strong></span> <span class='ocrx_word' id='word_1_690' title='bbox 2454 4382 2538 4430; x_wconf 89' lang='lat' dir='ltr'><strong>est</strong></span> <span class='ocrx_word' id='word_1_691' title='bbox 2566 4376 2620 4429; x_wconf 91' lang='lat' dir='ltr'><strong>in</strong></span> <span class='ocrx_word' id='word_1_692' title='bbox 2673 4373 3084 4447; x_wconf 89' lang='lat' dir='ltr'><strong>negationibus,</strong></span> <span class='ocrx_word' id='word_1_693' title='bbox 3126 4372 3206 4426; x_wconf 92' lang='lat' dir='ltr'><strong>sic</strong></span> <span class='ocrx_word' id='word_1_694' title='bbox 3243 4379 3297 4426; x_wconf 90' lang='lat' dir='ltr'><strong>et</strong></span> <span class='ocrx_word' id='word_1_695' title='bbox 3328 4371 3383 4424; x_wconf 90' lang='lat' dir='ltr'><strong>in</strong></span> <span class='ocrx_word' id='word_1_696' title='bbox 3434 4371 3614 4440; x_wconf 87' lang='lat' dir='ltr'><strong>priva-</strong></span> 
     </span>
    </p>
   </div>
   <div class='ocr_carea' id='block_1_93' title="bbox 274 4438 3615 4560">
    <p class='ocr_par' dir='ltr' id='par_1_93' title="bbox 274 4438 3615 4560">
     <span class='ocr_line' id='line_1_93' title="bbox 274 4438 3615 4560; baseline -0.008 -18"><span class='ocrx_word' id='word_1_697' title='bbox 274 4438 587 4542; x_wconf 64' lang='lat' dir='ltr'><strong>cssenti:m</strong></span> <span class='ocrx_word' id='word_1_698' title='bbox 619 4487 852 4555; x_wconf 90' lang='lat' dir='ltr'><strong>privatio</strong></span> <span class='ocrx_word' id='word_1_699' title='bbox 878 4438 978 4541; x_wconf 57' lang='lat' dir='ltr'><strong>vei</strong></span> <span class='ocrx_word' id='word_1_700' title='bbox 1007 4487 1248 4557; x_wconf 85' lang='lat' dir='ltr'><strong>negatio.</strong></span> <span class='ocrx_word' id='word_1_701' title='bbox 1283 4438 1363 4542; x_wconf 54' lang='lat' dir='ltr'><strong>,Et</strong></span> <span class='ocrx_word' id='word_1_702' title='bbox 1393 4438 1596 4541; x_wconf 39' lang='lat' dir='ltr'><strong>maluﬁn</strong></span> <span class='ocrx_word' id='word_1_703' title='bbox 1624 4501 1758 4560; x_wconf 88' lang='lat' dir='ltr'><strong>ergo</strong></span> <span class='ocrx_word' id='word_1_704' title='bbox 1790 4438 1976 4540; x_wconf 84' lang='lat' dir='ltr'><strong>nonD</strong></span> <span class='ocrx_word' id='word_1_705' title='bbox 2003 4470 2273 4526; x_wconf 90' lang='lat' dir='ltr'><strong>tionibus.</strong></span> <span class='ocrx_word' id='word_1_706' title='bbox 2328 4467 2434 4522; x_wconf 90' lang='lat' dir='ltr'><strong>Sed</strong></span> <span class='ocrx_word' id='word_1_707' title='bbox 2467 4469 2520 4521; x_wconf 91' lang='lat' dir='ltr'><strong>in</strong></span> <span class='ocrx_word' id='word_1_708' title='bbox 2546 4466 2934 4541; x_wconf 89' lang='lat' dir='ltr'><strong>negationibus</strong></span> <span class='ocrx_word' id='word_1_709' title='bbox 2968 4473 3119 4534; x_wconf 91' lang='lat' dir='ltr'><strong>patet</strong></span> <span class='ocrx_word' id='word_1_710' title='bbox 3145 4463 3376 4518; x_wconf 90' lang='lat' dir='ltr'><strong>imitatio</strong></span> <span class='ocrx_word' id='word_1_711' title='bbox 3399 4463 3534 4528; x_wconf 89' lang='lat' dir='ltr'><strong>sola,</strong></span> <span class='ocrx_word' id='word_1_712' title='bbox 3562 4463 3615 4516; x_wconf 90' lang='lat' dir='ltr'><strong>in</strong></span> 
     </span>
    </p>
   </div>
   <div class='ocr_carea' id='block_1_94' title="bbox 275 4576 1899 4648">
    <p class='ocr_par' dir='ltr' id='par_1_94' title="bbox 275 4576 1899 4648">
     <span class='ocr_line' id='line_1_94' title="bbox 275 4576 1899 4648; baseline -0.001 -14"><span class='ocrx_word' id='word_1_713' title='bbox 275 4587 387 4644; x_wconf 88' lang='lat' dir='ltr'><strong>est,</strong></span> <span class='ocrx_word' id='word_1_714' title='bbox 443 4578 487 4632; x_wconf 90' lang='lat' dir='ltr'><strong>si</strong></span> <span class='ocrx_word' id='word_1_715' title='bbox 529 4576 765 4648; x_wconf 85' lang='lat' dir='ltr'><strong>privatio</strong></span> <span class='ocrx_word' id='word_1_716' title='bbox 815 4578 944 4634; x_wconf 90' lang='lat' dir='ltr'><strong>boni</strong></span> <span class='ocrx_word' id='word_1_717' title='bbox 1005 4585 1213 4632; x_wconf 91' lang='lat' dir='ltr'><strong>tantum</strong></span> <span class='ocrx_word' id='word_1_718' title='bbox 1267 4586 1366 4632; x_wconf 90' lang='lat' dir='ltr'><strong>est.</strong></span> <span class='ocrx_word' id='word_1_719' title='bbox 1413 4578 1501 4632; x_wconf 87' lang='lat' dir='ltr'><strong>Est</strong></span> <span class='ocrx_word' id='word_1_720' title='bbox 1556 4583 1737 4631; x_wconf 90' lang='lat' dir='ltr'><strong>autem</strong></span> <span class='ocrx_word' id='word_1_721' title='bbox 1768 4577 1899 4632; x_wconf 89' lang='lat' dir='ltr'><strong>boni</strong></span> 
     </span>
    </p>
   </div>
   <div class='ocr_carea' id='block_1_95' title="bbox 285 4668 1900 4742">
    <p class='ocr_par' dir='ltr' id='par_1_95' title="bbox 285 4668 1900 4742">
     <span class='ocr_line' id='line_1_95' title="bbox 285 4668 1900 4742; baseline -0.001 -18"><span class='ocrx_word' id='word_1_722' title='bbox 285 4668 525 4742; x_wconf 88' lang='lat' dir='ltr'><strong>privatio</strong></span> <span class='ocrx_word' id='word_1_723' title='bbox 571 4675 801 4724; x_wconf 90' lang='lat' dir='ltr'><strong>tantum.</strong></span> <span class='ocrx_word' id='word_1_724' title='bbox 838 4670 918 4735; x_wconf 87' lang='lat' dir='ltr'><strong>Et,</strong></span> <span class='ocrx_word' id='word_1_725' title='bbox 961 4676 1021 4724; x_wconf 90' lang='lat' dir='ltr'><strong>ut</strong></span> <span class='ocrx_word' id='word_1_726' title='bbox 1078 4670 1354 4740; x_wconf 89' lang='lat' dir='ltr'><strong>patentius</strong></span> <span class='ocrx_word' id='word_1_727' title='bbox 1384 4671 1486 4724; x_wconf 92' lang='lat' dir='ltr'><strong>hoc</strong></span> <span class='ocrx_word' id='word_1_728' title='bbox 1526 4669 1900 4733; x_wconf 88' lang='lat' dir='ltr'><strong>ostendamus,</strong></span> 
     </span>
    </p>
   </div>
   <div class='ocr_carea' id='block_1_96' title="bbox 283 4757 1906 4829">
    <p class='ocr_par' dir='ltr' id='par_1_96' title="bbox 283 4757 1906 4829">
     <span class='ocr_line' id='line_1_96' title="bbox 283 4757 1906 4829; baseline 0 -18"><span class='ocrx_word' id='word_1_729' title='bbox 283 4758 420 4828; x_wconf 82' lang='lat' dir='ltr'><strong>quia</strong></span> <span class='ocrx_word' id='word_1_730' title='bbox 448 4757 654 4813; x_wconf 92' lang='lat' dir='ltr'><strong>bonum</strong></span> <span class='ocrx_word' id='word_1_731' title='bbox 677 4765 731 4813; x_wconf 88' lang='lat' dir='ltr'><strong>et</strong></span> <span class='ocrx_word' id='word_1_732' title='bbox 757 4759 962 4814; x_wconf 88' lang='lat' dir='ltr'><strong>malum</strong></span> <span class='ocrx_word' id='word_1_733' title='bbox 987 4758 1368 4829; x_wconf 90' lang='lat' dir='ltr'><strong>multipliciter</strong></span> <span class='ocrx_word' id='word_1_734' title='bbox 1399 4758 1677 4823; x_wconf 90' lang='lat' dir='ltr'><strong>dicuntur,</strong></span> <span class='ocrx_word' id='word_1_735' title='bbox 1708 4773 1777 4812; x_wconf 91' lang='lat' dir='ltr'><strong>ne</strong></span> <span class='ocrx_word' id='word_1_736' title='bbox 1811 4773 1906 4828; x_wconf 91' lang='lat' dir='ltr'><strong>pa-</strong></span> 
     </span>
    </p>
   </div>
   <div class='ocr_carea' id='block_1_97' title="bbox 293 4847 1908 4918">
    <p class='ocr_par' dir='ltr' id='par_1_97' title="bbox 293 4847 1908 4918">
     <span class='ocr_line' id='line_1_97' title="bbox 293 4847 1908 4918; baseline 0 -16"><span class='ocrx_word' id='word_1_737' title='bbox 293 4848 401 4902; x_wconf 88' lang='lat' dir='ltr'><strong>riat</strong></span> <span class='ocrx_word' id='word_1_738' title='bbox 429 4861 670 4901; x_wconf 91' lang='lat' dir='ltr'><strong>errorem</strong></span> <span class='ocrx_word' id='word_1_739' title='bbox 702 4847 1100 4918; x_wconf 90' lang='lat' dir='ltr'><strong>multiplicitas,</strong></span> <span class='ocrx_word' id='word_1_740' title='bbox 1135 4863 1232 4918; x_wconf 92' lang='lat' dir='ltr'><strong>pro</strong></span> <span class='ocrx_word' id='word_1_741' title='bbox 1261 4847 1407 4902; x_wconf 92' lang='lat' dir='ltr'><strong>bono</strong></span> <span class='ocrx_word' id='word_1_742' title='bbox 1433 4847 1702 4918; x_wconf 87' lang='lat' dir='ltr'><strong>justitiam</strong></span> <span class='ocrx_word' id='word_1_743' title='bbox 1725 4864 1908 4902; x_wconf 77' lang='lat' dir='ltr'><strong>sume-</strong></span> 
     </span>
    </p>
   </div>
   <div class='ocr_carea' id='block_1_98' title="bbox 291 4936 1906 5009">
    <p class='ocr_par' dir='ltr' id='par_1_98' title="bbox 291 4936 1906 5009">
     <span class='ocr_line' id='line_1_98' title="bbox 291 4936 1906 5009; baseline 0.001 -18"><span class='ocrx_word' id='word_1_744' title='bbox 291 4953 436 5001; x_wconf 89' lang='lat' dir='ltr'><strong>mus,</strong></span> <span class='ocrx_word' id='word_1_745' title='bbox 478 4943 534 4992; x_wconf 91' lang='lat' dir='ltr'><strong>et</strong></span> <span class='ocrx_word' id='word_1_746' title='bbox 565 4936 892 5009; x_wconf 85' lang='lat' dir='ltr'><strong>injustitiam</strong></span> <span class='ocrx_word' id='word_1_747' title='bbox 924 4954 1023 5008; x_wconf 86' lang='lat' dir='ltr'><strong>pro</strong></span> <span class='ocrx_word' id='word_1_748' title='bbox 1051 4938 1194 4994; x_wconf 90' lang='lat' dir='ltr'><strong>malo</strong></span> <span class='ocrx_word' id='word_1_749' title='bbox 1251 4938 1534 5009; x_wconf 90' lang='lat' dir='ltr'><strong>Siquidem</strong></span> <span class='ocrx_word' id='word_1_750' title='bbox 1564 4938 1906 5008; x_wconf 89' lang='lat' dir='ltr'><strong>propositum</strong></span> 
     </span>
    </p>
   </div>
   <div class='ocr_carea' id='block_1_99' title="bbox 297 5031 1913 5103">
    <p class='ocr_par' dir='ltr' id='par_1_99' title="bbox 297 5031 1913 5103">
     <span class='ocr_line' id='line_1_99' title="bbox 297 5031 1913 5103; baseline 0.001 -19"><span class='ocrx_word' id='word_1_751' title='bbox 297 5037 550 5085; x_wconf 88' lang='lat' dir='ltr'><strong>nostrum</strong></span> <span class='ocrx_word' id='word_1_752' title='bbox 582 5035 665 5085; x_wconf 89' lang='lat' dir='ltr'><strong>est</strong></span> <span class='ocrx_word' id='word_1_753' title='bbox 704 5031 857 5102; x_wconf 90' lang='lat' dir='ltr'><strong>loqui</strong></span> <span class='ocrx_word' id='word_1_754' title='bbox 896 5031 966 5086; x_wconf 91' lang='lat' dir='ltr'><strong>de</strong></span> <span class='ocrx_word' id='word_1_755' title='bbox 1005 5040 1260 5102; x_wconf 89' lang='lat' dir='ltr'><strong>peccato;</strong></span> <span class='ocrx_word' id='word_1_756' title='bbox 1303 5033 1448 5103; x_wconf 90' lang='lat' dir='ltr'><strong>quod</strong></span> <span class='ocrx_word' id='word_1_757' title='bbox 1493 5031 1816 5102; x_wconf 89' lang='lat' dir='ltr'><strong>injustitiam</strong></span> <span class='ocrx_word' id='word_1_758' title='bbox 1859 5037 1913 5086; x_wconf 90' lang='lat' dir='ltr'><strong>ct</strong></span> 
     </span>
    </p>
   </div>
   <div class='ocr_carea' id='block_1_100' title="bbox 297 5117 950 5190">
    <p class='ocr_par' dir='ltr' id='par_1_100' title="bbox 297 5117 950 5190">
     <span class='ocr_line' id='line_1_100' title="bbox 297 5117 950 5190; baseline 0.003 -18"><span class='ocrx_word' id='word_1_759' title='bbox 297 5117 502 5172; x_wconf 91' lang='lat' dir='ltr'><strong>malum</strong></span> <span class='ocrx_word' id='word_1_760' title='bbox 532 5119 950 5190; x_wconf 87' lang='lat' dir='ltr'><strong>appellavimus.</strong></span> 
     </span>
    </p>
   </div>
   <div class='ocr_carea' id='block_1_101' title="bbox 757 5211 1444 5279">
    <p class='ocr_par' dir='ltr' id='par_1_101' title="bbox 757 5211 1444 5279">
     <span class='ocr_line' id='line_1_101' title="bbox 757 5211 1444 5279; baseline 0 -14"><span class='ocrx_word' id='word_1_761' title='bbox 757 5211 899 5273; x_wconf 83' lang='lat' dir='ltr'><strong>Quod</strong></span> <span class='ocrx_word' id='word_1_762' title='bbox 921 5213 1152 5279; x_wconf 84' lang='lat' dir='ltr'><strong>privatio</strong></span> <span class='ocrx_word' id='word_1_763' title='bbox 1190 5211 1327 5264; x_wconf 80' lang='lat' dir='ltr'><strong>nihil</strong></span> <span class='ocrx_word' id='word_1_764' title='bbox 1351 5218 1444 5265; x_wconf 76' lang='lat' dir='ltr'><strong>est.</strong></span> 
     </span>
    </p>
   </div>
   <div class='ocr_carea' id='block_1_102' title="bbox 372 5301 1910 5374">
    <p class='ocr_par' dir='ltr' id='par_1_102' title="bbox 372 5301 1910 5374">
     <span class='ocr_line' id='line_1_102' title="bbox 372 5301 1910 5374; baseline 0.001 -20"><span class='ocrx_word' id='word_1_765' title='bbox 372 5301 464 5356; x_wconf 85' lang='lat' dir='ltr'><strong>Est</strong></span> <span class='ocrx_word' id='word_1_766' title='bbox 513 5301 680 5374; x_wconf 85' lang='lat' dir='ltr'><strong>igitur</strong></span> <span class='ocrx_word' id='word_1_767' title='bbox 736 5302 1004 5373; x_wconf 88' lang='lat' dir='ltr'><strong>injustilia</strong></span> <span class='ocrx_word' id='word_1_768' title='bbox 1049 5303 1279 5372; x_wconf 85' lang='lat' dir='ltr'><strong>privatio</strong></span> <span class='ocrx_word' id='word_1_769' title='bbox 1319 5302 1570 5370; x_wconf 60' lang='lat' dir='ltr'><strong>jllSlLiliiP,</strong></span> <span class='ocrx_word' id='word_1_770' title='bbox 1613 5302 1657 5355; x_wconf 91' lang='lat' dir='ltr'><strong>si</strong></span> <span class='ocrx_word' id='word_1_771' title='bbox 1687 5301 1910 5372; x_wconf 89' lang='lat' dir='ltr'><strong>quidem</strong></span> 
     </span>
    </p>
   </div>
   <div class='ocr_carea' id='block_1_103' title="bbox 296 5389 1912 5462">
    <p class='ocr_par' dir='ltr' id='par_1_103' title="bbox 296 5389 1912 5462">
     <span class='ocr_line' id='line_1_103' title="bbox 296 5389 1912 5462; baseline 0.001 -18"><span class='ocrx_word' id='word_1_772' title='bbox 296 5389 595 5462; x_wconf 88' lang='lat' dir='ltr'><strong>privatoria</strong></span> <span class='ocrx_word' id='word_1_773' title='bbox 655 5391 924 5460; x_wconf 90' lang='lat' dir='ltr'><strong>particula</strong></span> <span class='ocrx_word' id='word_1_774' title='bbox 971 5398 1181 5446; x_wconf 88' lang='lat' dir='ltr'><strong>tantum</strong></span> <span class='ocrx_word' id='word_1_775' title='bbox 1239 5391 1416 5460; x_wconf 88' lang='lat' dir='ltr'><strong>privat</strong></span> <span class='ocrx_word' id='word_1_776' title='bbox 1467 5390 1755 5456; x_wconf 89' lang='lat' dir='ltr'><strong>justitiam,</strong></span> <span class='ocrx_word' id='word_1_777' title='bbox 1809 5406 1912 5445; x_wconf 90' lang='lat' dir='ltr'><strong>nec</strong></span> 
     </span>
    </p>
   </div>
   <div class='ocr_carea' id='block_1_104' title="bbox 297 5481 1908 5555">
    <p class='ocr_par' dir='ltr' id='par_1_104' title="bbox 297 5481 1908 5555">
     <span class='ocr_line' id='line_1_104' title="bbox 297 5481 1908 5555; baseline 0 -18"><span class='ocrx_word' id='word_1_778' title='bbox 297 5482 464 5537; x_wconf 89' lang='lat' dir='ltr'><strong>aliam</strong></span> <span class='ocrx_word' id='word_1_779' title='bbox 489 5481 707 5551; x_wconf 90' lang='lat' dir='ltr'><strong>reponit</strong></span> <span class='ocrx_word' id='word_1_780' title='bbox 731 5483 1049 5549; x_wconf 88' lang='lat' dir='ltr'><strong>essentiam,</strong></span> <span class='ocrx_word' id='word_1_781' title='bbox 1083 5499 1208 5536; x_wconf 90' lang='lat' dir='ltr'><strong>nam</strong></span> <span class='ocrx_word' id='word_1_782' title='bbox 1240 5482 1400 5546; x_wconf 87' lang='lat' dir='ltr'><strong>sicut,</strong></span> <span class='ocrx_word' id='word_1_783' title='bbox 1434 5498 1561 5548; x_wconf 84' lang='lat' dir='ltr'><strong>non,</strong></span> <span class='ocrx_word' id='word_1_784' title='bbox 1595 5484 1908 5555; x_wconf 89' lang='lat' dir='ltr'><strong>negativum</strong></span> 
     </span>
    </p>
   </div>
   <div class='ocr_carea' id='block_1_105' title="bbox 298 5572 1909 5645">
    <p class='ocr_par' dir='ltr' id='par_1_105' title="bbox 298 5572 1909 5645">
     <span class='ocr_line' id='line_1_105' title="bbox 298 5572 1909 5645; baseline 0 -17"><span class='ocrx_word' id='word_1_785' title='bbox 298 5572 645 5634; x_wconf 89' lang='lat' dir='ltr'><strong>adverbium,</strong></span> <span class='ocrx_word' id='word_1_786' title='bbox 678 5579 842 5645; x_wconf 86' lang='lat' dir='ltr'><strong>negat</strong></span> <span class='ocrx_word' id='word_1_787' title='bbox 889 5574 1201 5643; x_wconf 88' lang='lat' dir='ltr'><strong>appositum</strong></span> <span class='ocrx_word' id='word_1_788' title='bbox 1243 5590 1387 5637; x_wconf 91' lang='lat' dir='ltr'><strong>esse,</strong></span> <span class='ocrx_word' id='word_1_789' title='bbox 1432 5590 1533 5627; x_wconf 89' lang='lat' dir='ltr'><strong>nec</strong></span> <span class='ocrx_word' id='word_1_790' title='bbox 1580 5573 1734 5642; x_wconf 90' lang='lat' dir='ltr'><strong>ponit</strong></span> <span class='ocrx_word' id='word_1_791' title='bbox 1765 5575 1909 5629; x_wconf 89' lang='lat' dir='ltr'><strong>aliud</strong></span> 
     </span>
    </p>
   </div>
   <div class='ocr_carea' id='block_1_106' title="bbox 304 5661 1909 5732">
    <p class='ocr_par' dir='ltr' id='par_1_106' title="bbox 304 5661 1909 5732">
     <span class='ocr_line' id='line_1_106' title="bbox 304 5661 1909 5732; baseline 0.001 -16"><span class='ocrx_word' id='word_1_792' title='bbox 304 5678 456 5727; x_wconf 83' lang='lat' dir='ltr'><strong>esse,</strong></span> <span class='ocrx_word' id='word_1_793' title='bbox 496 5661 575 5714; x_wconf 91' lang='lat' dir='ltr'><strong>sic</strong></span> <span class='ocrx_word' id='word_1_794' title='bbox 615 5665 674 5713; x_wconf 87' lang='lat' dir='ltr'><strong>in</strong></span> <span class='ocrx_word' id='word_1_795' title='bbox 711 5661 1002 5728; x_wconf 86' lang='lat' dir='ltr'><strong>privatoria</strong></span> <span class='ocrx_word' id='word_1_796' title='bbox 1045 5662 1334 5728; x_wconf 89' lang='lat' dir='ltr'><strong>particula,</strong></span> <span class='ocrx_word' id='word_1_797' title='bbox 1378 5661 1553 5729; x_wconf 85' lang='lat' dir='ltr'><strong>privat.</strong></span> <span class='ocrx_word' id='word_1_798' title='bbox 1601 5663 1909 5732; x_wconf 88' lang='lat' dir='ltr'><strong>appositam</strong></span> 
     </span>
    </p>
   </div>
   <div class='ocr_carea' id='block_1_107' title="bbox 2004 4557 3619 4636">
    <p class='ocr_par' dir='ltr' id='par_1_107' title="bbox 2004 4557 3619 4636">
     <span class='ocr_line' id='line_1_107' title="bbox 2004 4557 3619 4636; baseline -0.006 -15"><span class='ocrx_word' id='word_1_799' title='bbox 2004 4564 2402 4636; x_wconf 90' lang='lat' dir='ltr'><strong>privationibus</strong></span> <span class='ocrx_word' id='word_1_800' title='bbox 2431 4579 2562 4618; x_wconf 88' lang='lat' dir='ltr'><strong>vero</strong></span> <span class='ocrx_word' id='word_1_801' title='bbox 2586 4578 2695 4617; x_wconf 91' lang='lat' dir='ltr'><strong>non</strong></span> <span class='ocrx_word' id='word_1_802' title='bbox 2725 4567 2937 4616; x_wconf 88' lang='lat' dir='ltr'><strong>tantum</strong></span> <span class='ocrx_word' id='word_1_803' title='bbox 2971 4568 3138 4629; x_wconf 82' lang='lat' dir='ltr'><strong>patet,</strong></span> <span class='ocrx_word' id='word_1_804' title='bbox 3163 4558 3291 4629; x_wconf 89' lang='lat' dir='ltr'><strong>quia</strong></span> <span class='ocrx_word' id='word_1_805' title='bbox 3319 4557 3619 4611; x_wconf 86' lang='lat' dir='ltr'><strong>similiores</strong></span> 
     </span>
    </p>
   </div>
   <div class='ocr_carea' id='block_1_108' title="bbox 2007 4653 3618 4721">
    <p class='ocr_par' dir='ltr' id='par_1_108' title="bbox 2007 4653 3618 4721">
     <span class='ocr_line' id='line_1_108' title="bbox 2007 4653 3618 4721; baseline -0.007 -10"><span class='ocrx_word' id='word_1_806' title='bbox 2007 4657 2170 4711; x_wconf 79' lang='lat' dir='ltr'><strong>rebus</strong></span> <span class='ocrx_word' id='word_1_807' title='bbox 2199 4662 2344 4720; x_wconf 89' lang='lat' dir='ltr'><strong>sunt,</strong></span> <span class='ocrx_word' id='word_1_808' title='bbox 2373 4655 2510 4709; x_wconf 88' lang='lat' dir='ltr'><strong>adeo</strong></span> <span class='ocrx_word' id='word_1_809' title='bbox 2535 4663 2594 4708; x_wconf 93' lang='lat' dir='ltr'><strong>ut</strong></span> <span class='ocrx_word' id='word_1_810' title='bbox 2625 4653 2782 4706; x_wconf 88' lang='lat' dir='ltr'><strong>multi</strong></span> <span class='ocrx_word' id='word_1_811' title='bbox 2812 4657 3010 4721; x_wconf 88' lang='lat' dir='ltr'><strong>putent</strong></span> <span class='ocrx_word' id='word_1_812' title='bbox 3041 4665 3134 4704; x_wconf 87' lang='lat' dir='ltr'><strong>eas</strong></span> <span class='ocrx_word' id='word_1_813' title='bbox 3167 4664 3252 4701; x_wconf 90' lang='lat' dir='ltr'><strong>res</strong></span> <span class='ocrx_word' id='word_1_814' title='bbox 3283 4663 3426 4707; x_wconf 86' lang='lat' dir='ltr'><strong>esse,</strong></span> <span class='ocrx_word' id='word_1_815' title='bbox 3450 4654 3502 4700; x_wconf 91' lang='lat' dir='ltr'><strong>et</strong></span> <span class='ocrx_word' id='word_1_816' title='bbox 3528 4663 3618 4700; x_wconf 91' lang='lat' dir='ltr'><strong>es-</strong></span> 
     </span>
    </p>
   </div>
   <div class='ocr_carea' id='block_1_109' title="bbox 2007 4735 3616 4814">
    <p class='ocr_par' dir='ltr' id='par_1_109' title="bbox 2007 4735 3616 4814">
     <span class='ocr_line' id='line_1_109' title="bbox 2007 4735 3616 4814; baseline -0.008 -14"><span class='ocrx_word' id='word_1_817' title='bbox 2007 4746 2236 4800; x_wconf 86' lang='lat' dir='ltr'><strong>sentiam</strong></span> <span class='ocrx_word' id='word_1_818' title='bbox 2282 4743 2556 4814; x_wconf 89' lang='lat' dir='ltr'><strong>propriam</strong></span> <span class='ocrx_word' id='word_1_819' title='bbox 2600 4740 2826 4805; x_wconf 87' lang='lat' dir='ltr'><strong>habere,</strong></span> <span class='ocrx_word' id='word_1_820' title='bbox 2868 4738 2994 4809; x_wconf 90' lang='lat' dir='ltr'><strong>quia</strong></span> <span class='ocrx_word' id='word_1_821' title='bbox 3023 4737 3090 4791; x_wconf 90' lang='lat' dir='ltr'><strong>de</strong></span> <span class='ocrx_word' id='word_1_822' title='bbox 3144 4737 3230 4789; x_wconf 88' lang='lat' dir='ltr'><strong>his</strong></span> <span class='ocrx_word' id='word_1_823' title='bbox 3277 4742 3483 4788; x_wconf 89' lang='lat' dir='ltr'><strong>tantum</strong></span> <span class='ocrx_word' id='word_1_824' title='bbox 3535 4735 3616 4788; x_wconf 91' lang='lat' dir='ltr'><strong>di-</strong></span> 
     </span>
    </p>
   </div>
   <div class='ocr_carea' id='block_1_110' title="bbox 2009 4826 3620 4903">
    <p class='ocr_par' dir='ltr' id='par_1_110' title="bbox 2009 4826 3620 4903">
     <span class='ocr_line' id='line_1_110' title="bbox 2009 4826 3620 4903; baseline -0.009 -13"><span class='ocrx_word' id='word_1_825' title='bbox 2009 4842 2227 4898; x_wconf 91' lang='lat' dir='ltr'><strong>cuntur,</strong></span> <span class='ocrx_word' id='word_1_826' title='bbox 2254 4833 2308 4886; x_wconf 91' lang='lat' dir='ltr'><strong>in</strong></span> <span class='ocrx_word' id='word_1_827' title='bbox 2337 4832 2542 4903; x_wconf 89' lang='lat' dir='ltr'><strong>quibus</strong></span> <span class='ocrx_word' id='word_1_828' title='bbox 2574 4831 2842 4900; x_wconf 90' lang='lat' dir='ltr'><strong>privatum</strong></span> <span class='ocrx_word' id='word_1_829' title='bbox 2887 4826 3052 4880; x_wconf 89' lang='lat' dir='ltr'><strong>debet</strong></span> <span class='ocrx_word' id='word_1_830' title='bbox 3085 4842 3229 4888; x_wconf 88' lang='lat' dir='ltr'><strong>esse,</strong></span> <span class='ocrx_word' id='word_1_831' title='bbox 3272 4841 3373 4878; x_wconf 90' lang='lat' dir='ltr'><strong>nec</strong></span> <span class='ocrx_word' id='word_1_832' title='bbox 3412 4834 3522 4888; x_wconf 86' lang='lat' dir='ltr'><strong>est;</strong></span> <span class='ocrx_word' id='word_1_833' title='bbox 3566 4831 3620 4878; x_wconf 90' lang='lat' dir='ltr'><strong>et</strong></span> 
     </span>
    </p>
   </div>
   <div class='ocr_carea' id='block_1_111' title="bbox 2011 4916 3620 4996">
    <p class='ocr_par' dir='ltr' id='par_1_111' title="bbox 2011 4916 3620 4996">
     <span class='ocr_line' id='line_1_111' title="bbox 2011 4916 3620 4996; baseline -0.007 -15"><span class='ocrx_word' id='word_1_834' title='bbox 2011 4926 2250 4981; x_wconf 90' lang='lat' dir='ltr'><strong>habeant</strong></span> <span class='ocrx_word' id='word_1_835' title='bbox 2289 4925 2510 4996; x_wconf 89' lang='lat' dir='ltr'><strong>prepria</strong></span> <span class='ocrx_word' id='word_1_836' title='bbox 2542 4923 2786 4983; x_wconf 90' lang='lat' dir='ltr'><strong>nomina,</strong></span> <span class='ocrx_word' id='word_1_837' title='bbox 2823 4917 3295 4991; x_wconf 79' lang='lat' dir='ltr'><strong>quandoque_sine</strong></span> <span class='ocrx_word' id='word_1_838' title='bbox 3327 4916 3620 4986; x_wconf 79' lang='lat' dir='ltr'><strong>privatoria</strong></span> 
     </span>
    </p>
   </div>
   <div class='ocr_carea' id='block_1_112' title="bbox 2013 5007 3621 5089">
    <p class='ocr_par' dir='ltr' id='par_1_112' title="bbox 2013 5007 3621 5089">
     <span class='ocr_line' id='line_1_112' title="bbox 2013 5007 3621 5089; baseline -0.009 -15"><span class='ocrx_word' id='word_1_839' title='bbox 2013 5018 2302 5089; x_wconf 92' lang='lat' dir='ltr'><strong>particula,</strong></span> <span class='ocrx_word' id='word_1_840' title='bbox 2359 5017 2498 5071; x_wconf 92' lang='lat' dir='ltr'><strong>sicut</strong></span> <span class='ocrx_word' id='word_1_841' title='bbox 2551 5014 2828 5077; x_wconf 63' lang='lat' dir='ltr'><strong>essentne,</strong></span> <span class='ocrx_word' id='word_1_842' title='bbox 2885 5028 3004 5066; x_wconf 90' lang='lat' dir='ltr'><strong>cum</strong></span> <span class='ocrx_word' id='word_1_843' title='bbox 3041 5010 3362 5082; x_wconf 87' lang='lat' dir='ltr'><strong>negationes</strong></span> <span class='ocrx_word' id='word_1_844' title='bbox 3403 5007 3621 5078; x_wconf 84' lang='lat' dir='ltr'><strong>prepria</strong></span> 
     </span>
    </p>
   </div>
   <div class='ocr_carea' id='block_1_113' title="bbox 2015 5100 3617 5181">
    <p class='ocr_par' dir='ltr' id='par_1_113' title="bbox 2015 5100 3617 5181">
     <span class='ocr_line' id='line_1_113' title="bbox 2015 5100 3617 5181; baseline -0.009 -15"><span class='ocrx_word' id='word_1_845' title='bbox 2015 5112 2240 5168; x_wconf 89' lang='lat' dir='ltr'><strong>nomina</strong></span> <span class='ocrx_word' id='word_1_846' title='bbox 2269 5125 2539 5181; x_wconf 85' lang='lat' dir='ltr'><strong>nusquam</strong></span> <span class='ocrx_word' id='word_1_847' title='bbox 2581 5107 2822 5162; x_wconf 85' lang='lat' dir='ltr'><strong>habeant</strong></span> <span class='ocrx_word' id='word_1_848' title='bbox 2861 5104 2982 5158; x_wconf 90' lang='lat' dir='ltr'><strong>sine</strong></span> <span class='ocrx_word' id='word_1_849' title='bbox 3023 5101 3288 5174; x_wconf 90' lang='lat' dir='ltr'><strong>particula</strong></span> <span class='ocrx_word' id='word_1_850' title='bbox 3343 5100 3617 5173; x_wconf 90' lang='lat' dir='ltr'><strong>negativa,</strong></span> 
     </span>
    </p>
   </div>
   <div class='ocr_carea' id='block_1_114' title="bbox 2015 5191 3624 5277">
    <p class='ocr_par' dir='ltr' id='par_1_114' title="bbox 2015 5191 3624 5277">
     <span class='ocr_line' id='line_1_114' title="bbox 2015 5191 3624 5277; baseline -0.009 -18"><span class='ocrx_word' id='word_1_851' title='bbox 2015 5221 2119 5259; x_wconf 90' lang='lat' dir='ltr'><strong>nec</strong></span> <span class='ocrx_word' id='word_1_852' title='bbox 2143 5202 2326 5277; x_wconf 87' lang='lat' dir='ltr'><strong>negati</strong></span> <span class='ocrx_word' id='word_1_853' title='bbox 2361 5201 2610 5256; x_wconf 91' lang='lat' dir='ltr'><strong>debitum</strong></span> <span class='ocrx_word' id='word_1_854' title='bbox 2655 5198 2964 5259; x_wconf 87' lang='lat' dir='ltr'><strong>admittant,</strong></span> <span class='ocrx_word' id='word_1_855' title='bbox 2989 5195 3085 5249; x_wconf 91' lang='lat' dir='ltr'><strong>sed</strong></span> <span class='ocrx_word' id='word_1_856' title='bbox 3119 5195 3186 5249; x_wconf 87' lang='lat' dir='ltr'><strong>de</strong></span> <span class='ocrx_word' id='word_1_857' title='bbox 3241 5191 3502 5248; x_wconf 89' lang='lat' dir='ltr'><strong>omnibus</strong></span> <span class='ocrx_word' id='word_1_858' title='bbox 3541 5191 3624 5245; x_wconf 90' lang='lat' dir='ltr'><strong>di-</strong></span> 
     </span>
    </p>
   </div>
   <div class='ocr_carea' id='block_1_115' title="bbox 2014 5285 3623 5364">
    <p class='ocr_par' dir='ltr' id='par_1_115' title="bbox 2014 5285 3623 5364">
     <span class='ocr_line' id='line_1_115' title="bbox 2014 5285 3623 5364; baseline -0.01 -13"><span class='ocrx_word' id='word_1_859' title='bbox 2014 5304 2208 5351; x_wconf 90' lang='lat' dir='ltr'><strong>cantur</strong></span> <span class='ocrx_word' id='word_1_860' title='bbox 2247 5296 2299 5348; x_wconf 93' lang='lat' dir='ltr'><strong>in</strong></span> <span class='ocrx_word' id='word_1_861' title='bbox 2333 5293 2534 5364; x_wconf 85' lang='lat' dir='ltr'><strong>quibus</strong></span> <span class='ocrx_word' id='word_1_862' title='bbox 2562 5300 2816 5363; x_wconf 82' lang='lat' dir='ltr'><strong>negatum</strong></span> <span class='ocrx_word' id='word_1_863' title='bbox 2843 5305 2950 5343; x_wconf 93' lang='lat' dir='ltr'><strong>non</strong></span> <span class='ocrx_word' id='word_1_864' title='bbox 2989 5287 3318 5350; x_wconf 81' lang='lat' dir='ltr'><strong>inveniatur,</strong></span> <span class='ocrx_word' id='word_1_865' title='bbox 3347 5285 3487 5338; x_wconf 89' lang='lat' dir='ltr'><strong>sicut</strong></span> <span class='ocrx_word' id='word_1_866' title='bbox 3514 5299 3623 5338; x_wconf 92' lang='lat' dir='ltr'><strong>non</strong></span> 
     </span>
    </p>
   </div>
   <div class='ocr_carea' id='block_1_116' title="bbox 2014 5376 3626 5451">
    <p class='ocr_par' dir='ltr' id='par_1_116' title="bbox 2014 5376 3626 5451">
     <span class='ocr_line' id='line_1_116' title="bbox 2014 5376 3626 5451; baseline -0.011 -10"><span class='ocrx_word' id='word_1_867' title='bbox 2014 5388 2178 5442; x_wconf 92' lang='lat' dir='ltr'><strong>homo</strong></span> <span class='ocrx_word' id='word_1_868' title='bbox 2212 5390 2294 5439; x_wconf 86' lang='lat' dir='ltr'><strong>est</strong></span> <span class='ocrx_word' id='word_1_869' title='bbox 2330 5398 2494 5438; x_wconf 88' lang='lat' dir='ltr'><strong>omne</strong></span> <span class='ocrx_word' id='word_1_870' title='bbox 2535 5380 2682 5451; x_wconf 89' lang='lat' dir='ltr'><strong>quod</strong></span> <span class='ocrx_word' id='word_1_871' title='bbox 2712 5379 2875 5434; x_wconf 91' lang='lat' dir='ltr'><strong>homo</strong></span> <span class='ocrx_word' id='word_1_872' title='bbox 2903 5394 3012 5432; x_wconf 92' lang='lat' dir='ltr'><strong>non</strong></span> <span class='ocrx_word' id='word_1_873' title='bbox 3058 5386 3170 5441; x_wconf 83' lang='lat' dir='ltr'><strong>est;</strong></span> <span class='ocrx_word' id='word_1_874' title='bbox 3225 5376 3458 5443; x_wconf 83' lang='lat' dir='ltr'><strong>injustas</strong></span> <span class='ocrx_word' id='word_1_875' title='bbox 3496 5387 3626 5426; x_wconf 89' lang='lat' dir='ltr'><strong>vero</strong></span> 
     </span>
    </p>
   </div>
   <div class='ocr_carea' id='block_1_117' title="bbox 2015 5469 3341 5543">
    <p class='ocr_par' dir='ltr' id='par_1_117' title="bbox 2015 5469 3341 5543">
     <span class='ocr_line' id='line_1_117' title="bbox 2015 5469 3341 5543; baseline -0.012 -10"><span class='ocrx_word' id='word_1_876' title='bbox 2015 5493 2124 5533; x_wconf 91' lang='lat' dir='ltr'><strong>non</strong></span> <span class='ocrx_word' id='word_1_877' title='bbox 2156 5483 2258 5542; x_wconf 86' lang='lat' dir='ltr'><strong>est,</strong></span> <span class='ocrx_word' id='word_1_878' title='bbox 2294 5474 2396 5528; x_wconf 89' lang='lat' dir='ltr'><strong>nisi</strong></span> <span class='ocrx_word' id='word_1_879' title='bbox 2427 5471 2519 5543; x_wconf 91' lang='lat' dir='ltr'><strong>qui</strong></span> <span class='ocrx_word' id='word_1_880' title='bbox 2547 5469 2909 5539; x_wconf 90' lang='lat' dir='ltr'><strong>justusdebet</strong></span> <span class='ocrx_word' id='word_1_881' title='bbox 2931 5485 3073 5534; x_wconf 89' lang='lat' dir='ltr'><strong>esse,</strong></span> <span class='ocrx_word' id='word_1_882' title='bbox 3109 5484 3210 5522; x_wconf 90' lang='lat' dir='ltr'><strong>nec</strong></span> <span class='ocrx_word' id='word_1_883' title='bbox 3240 5475 3341 5520; x_wconf 92' lang='lat' dir='ltr'><strong>est.</strong></span> 
     </span>
    </p>
   </div>
   <div class='ocr_carea' id='block_1_118' title="bbox 2011 5554 3620 5635">
    <p class='ocr_par' dir='ltr' id='par_1_118' title="bbox 2011 5554 3620 5635">
     <span class='ocr_line' id='line_1_118' title="bbox 2011 5554 3620 5635; baseline -0.016 -10"><span class='ocrx_word' id='word_1_884' title='bbox 2011 5573 2154 5635; x_wconf 83' lang='lat' dir='ltr'><strong>Quod</strong></span> <span class='ocrx_word' id='word_1_885' title='bbox 2183 5570 2404 5622; x_wconf 84' lang='lat' dir='ltr'><strong>nomina</strong></span> <span class='ocrx_word' id='word_1_886' title='bbox 2441 5566 2757 5633; x_wconf 80' lang='lat' dir='ltr'><strong>privationis</strong></span> <span class='ocrx_word' id='word_1_887' title='bbox 2798 5569 2847 5616; x_wconf 86' lang='lat' dir='ltr'><strong>et</strong></span> <span class='ocrx_word' id='word_1_888' title='bbox 2886 5563 3098 5615; x_wconf 78' lang='lat' dir='ltr'><strong>habitus</strong></span> <span class='ocrx_word' id='word_1_889' title='bbox 3137 5561 3275 5614; x_wconf 86' lang='lat' dir='ltr'><strong>idem</strong></span> <span class='ocrx_word' id='word_1_890' title='bbox 3301 5554 3620 5622; x_wconf 80' lang='lat' dir='ltr'><strong>signiﬁcent.</strong></span> 
     </span>
    </p>
   </div>
   <div class='ocr_carea' id='block_1_119' title="bbox 2087 5637 3622 5721">
    <p class='ocr_par' dir='ltr' id='par_1_119' title="bbox 2087 5637 3622 5721">
     <span class='ocr_line' id='line_1_119' title="bbox 2087 5637 3622 5721; baseline -0.01 -9"><span class='ocrx_word' id='word_1_891' title='bbox 2087 5659 2294 5713; x_wconf 83' lang='lat' dir='ltr'><strong>Habent</strong></span> <span class='ocrx_word' id='word_1_892' title='bbox 2347 5661 2526 5708; x_wconf 90' lang='lat' dir='ltr'><strong>autem</strong></span> <span class='ocrx_word' id='word_1_893' title='bbox 2579 5651 2919 5721; x_wconf 87' lang='lat' dir='ltr'><strong>privationes</strong></span> <span class='ocrx_word' id='word_1_894' title='bbox 2965 5650 3188 5704; x_wconf 90' lang='lat' dir='ltr'><strong>nomina</strong></span> <span class='ocrx_word' id='word_1_895' title='bbox 3243 5643 3441 5710; x_wconf 66' lang='lat' dir='ltr'><strong>szepius</strong></span> <span class='ocrx_word' id='word_1_896' title='bbox 3506 5637 3622 5689; x_wconf 53' lang='lat' dir='ltr'><strong>sint?</strong></span> 
     </span>
    </p>
   </div>
  </div>
