3938 6206
378 229 516 284 1075
1603 227 1658 280 Β.
1703 224 1940 280 ODONIS
1984 224 2015 278 C

2120 221 2217 278 ER.
2263 221 2460 277 EPISC.
3560 217 3710 273 1076

379 357 674 430 privatoria
705 354 995 425 particula,
1026 355 1168 408 sicut
1200 353 1439 420 habitus,
1483 363 1541 409 ut
1585 355 1808 421 malum,
1838 357 1982 411 sicut
2003 362 2058 430 Α
2085 369 2184 426 pro
2212 355 2313 408 hac
2338 353 2692 424 oppositione
2716 351 3044 415 movebitur,
3060 365 3184 406 nam
3207 350 3328 406 sine
3350 350 3566 416 habitu,
3597 367 3712 408 nec

377 447 608 511 bonum,
649 446 890 497 tenebrae
916 441 1056 497 sicut
1085 442 1198 510 lux,
1228 444 1446 499 caecitas
1475 445 1714 511 utvisus,
1737 453 1796 500 ut
1819 445 1979 500 easti-
2087 445 2217 508 dici,
2249 460 2352 499 nec
2383 444 2619 519 intelligi
2660 450 2844 515 potest
2866 443 3119 514 privatio,
3151 458 3256 497 nec
3290 442 3440 497 aliud
3467 451 3552 497 est
3583 443 3711 511 pri—

379 541 461 588 tas
489 529 800 588 fornicatio.
840 529 902 586 Et
929 529 1182 601 quamvis
1207 531 1462 586 essentia
1489 532 1721 602 privatio
1756 548 1866 588 non
1887 548 1985 604 op-
2087 540 2230 595 vatio
2283 553 2447 610 quam
2503 536 2699 608 privati
2733 535 2988 600 remotio,
3030 542 3090 590 ut
3129 535 3419 606 injustitia,
3443 536 3707 604 justitiae.

382 621 539 693 ponit
593 619 915 686 essentiam,
956 618 1085 690 quia
1122 619 1421 689 privationi
1461 635 1572 675 non
1619 627 1702 675 est
1725 622 1983 690 essentia,
2090 634 2219 688 Cum
2241 645 2372 701 ergo
2403 643 2501 699 pro
2535 626 2802 696 injustitia
2833 627 3111 697 punimur,
3153 641 3253 697 pro
3293 627 3510 698 justitia
3536 627 3713 697 puni-

382 719 567 764 tamen
600 706 924 779 privationis
952 721 1153 762 nomen
1208 705 1483 778 signiﬁcat
1529 709 1844 772 essentiam,
1892 710 1989 764 sed
2090 735 2214 774 mm-
2234 719 2480 783 desena;
2513 718 2608 771 sed
2640 724 2724 772 est
2761 716 2969 788 aliquid
3003 715 3235 786 justum,
3272 717 3536 788 punimur
3565 731 3710 790 ergo

383 798 620 864 habitus.
653 811 764 852 non
808 811 986 850 suam.
1010 795 1159 850 Idem
1193 810 1324 869 ergo
1347 795 1620 869 signiﬁcat
1647 812 1848 853 nomen
1878 798 1989 868 pri-
2093 825 2193 883 pro
2221 809 2423 882 aliquo.
2463 809 2526 863 Ut
2557 824 2680 862 cum
2713 807 2981 879 injustitia
3011 807 3149 862 nihil
3178 807 3397 873 dicitur,
3429 808 3484 862 in
3525 824 3594 862 ea
3622 817 3713 861 ta—

382 891 638 956 vationis,
687 898 743 946 et
808 905 1008 945 nomen
1064 889 1304 944 habitus.
1357 890 1465 945 Sed
1517 906 1719 946 nomen
1773 892 1991 947 habitus
2093 917 2219 956 men
2249 899 2459 970 aliquid
2491 896 2836 970 intelligitur,
2869 913 2968 968 pro
3012 913 3122 969 quo
3151 897 3412 969 punimur
3441 897 3573 968 quia
3605 898 3714 951 de-

383 999 568 1049 suum,
622 997 824 1037 nomen
879 995 1008 1036 "ero
1066 980 1388 1051 Ρτίνᾶιίοηίε
1436 980 1712 1055 signiﬁcat
1747 982 1986 1038 alienum
2092 989 2310 1056 seritur,
2343 988 2605 1061 punimur
2635 1002 2765 1059 ergo
2797 1002 2896 1058 pro
2921 986 3136 1056 justitia
3176 1002 3340 1058 quam
3370 985 3711 1040 deserimus.

389 1091 614 1143 nomen,
657 1075 873 1129 habitus
904 1074 1195 1129 essentiam
1224 1090 1378 1130 suam
1407 1075 1681 1150 signiﬁcat
1708 1077 1988 1148 ponendo,

389 1187 590 1228 nomen
622 1169 942 1241 privationis
979 1168 1253 1243 signiﬁcat
1294 1170 1437 1225 idem
1489 1171 1844 1237 removendo,
1888 1187 1990 1227 no-

391 1277 516 1315 men
557 1259 778 1314 habitus
797 1258 945 1330 quod
979 1258 1254 1334 intelligas
1282 1258 1462 1326 oﬁert,
1487 1275 1688 1316 nomen
1730 1261 1992 1331 privatio-

394 1354 481 1408 nis
511 1352 659 1424 quod
691 1352 955 1427 intelligis
986 1352 1180 1408 aufert.
1219 1354 1308 1408 Est
1335 1369 1466 1430 ergo
1524 1355 1849 1426 privationis
1893 1371 1995 1412 no-

392 1463 518 1502 men
548 1445 970 1519 signiﬁcativum
1019 1447 1272 1517 alicujus,
1315 1450 1413 1503 sed
1461 1465 1570 1506 non
1610 1465 1723 1506 suae
1765 1450 1865 1517 rei,
1899 1452 1994 1506 sed

391 1538 617 1595 alterius
647 1555 811 1610 quam
842 1538 1116 1614 signiﬁcat
1135 1539 1359 1611 privari.

877 1638 1122 1705 Epilogus
1151 1639 1507 1705 superiorum.

2099 1081 2286 1150 Itaque
2317 1085 2372 1134 et
2403 1075 2638 1149 privatio
2660 1075 2799 1130 nihil
2831 1083 2934 1140 est,
2963 1082 3040 1142 et,
3073 1091 3194 1130 cum
3215 1090 3314 1145 pro
3339 1090 3404 1129 ea
3422 1075 3714 1146 punimur,

2099 1188 2196 1244 pro
2234 1187 2301 1227 eo
2324 1169 2586 1243 punimur
2607 1167 2756 1239 quod
2783 1166 2990 1238 aliquid
3017 1173 3102 1221 est
3144 1167 3206 1221 Et
3217 1166 3518 1235 justissime
3541 1167 3715 1236 punit

2098 1270 2296 1336 sponte
2323 1263 2595 1317 desertam
2628 1259 2723 1331 qui
2753 1258 2907 1314 dedit
2935 1273 3056 1312 eam
3091 1273 3311 1328 semper
3339 1257 3669 1312 servandam
3695 1275 3711 1321 ;

2099 1359 2257 1432 punit
2286 1357 2512 1430 quidem
2561 1370 2660 1426 pro
2700 1353 2934 1423 iustitia,
2991 1369 3101 1410 non
3134 1353 3262 1408 ideo
3292 1352 3439 1424 quod
3469 1352 3717 1407 habetur

2097 1453 2196 1508 sed
2221 1451 2368 1523 quod
2400 1465 2510 1505 non
2538 1448 2798 1514 habetur;
2855 1461 2963 1502 non
3013 1445 3140 1502 ideo
3179 1445 3329 1516 quod
3367 1445 3546 1511 adest,
3607 1445 3714 1498 sed

2101 1542 2248 1612 quod
2272 1539 2448 1594 abest.
2481 1536 2590 1592 Sed
2619 1535 2812 1590 abesse
2839 1534 3134 1606 justitiam,
3172 1541 3255 1589 est
3281 1532 3566 1602 injustitia.
3605 1532 3719 1605 lgi-

2100 1646 2190 1690 tur
2212 1632 2476 1702 justitiam
2501 1645 2611 1684 non
2641 1643 2763 1683 esse
2789 1627 2884 1682 ubi
2926 1627 3094 1682 debet
3130 1641 3274 1693 esse,
3306 1635 3390 1681 est
3419 1624 3715 1694 injustitia.

470 1723 539 1776 Ex
574 1723 871 1794 przemissis
908 1738 1039 1795 ergo
1078 1723 1262 1797 colligi
1289 1732 1471 1796 potest
1497 1727 1627 1798 quia
1661 1727 1715 1781 in
1743 1728 1860 1783 solo
1888 1729 2000 1799 spi-
2030 1705 2078 1772 Β
2105 1725 2213 1780 Sed
2261 1721 2528 1792 justitiam
2583 1731 2693 1774 non
2734 1731 2878 1779 esse,
2947 1716 3038 1771 ubi
3097 1715 3263 1770 debet
3293 1730 3439 1781 esse,
3485 1730 3590 1768 nec
3619 1713 3717 1768 ubi

397 1815 502 1867 ritu
522 1811 773 1868 rationali
797 1811 1000 1866 malum
1029 1819 1133 1878 est,
1167 1829 1270 1869 nec
1299 1823 1381 1870 est
1413 1831 1500 1870 res
1530 1816 1584 1869 in
1614 1816 1881 1884 subjecto,
1907 1818 2005 1873 sed

401 1909 630 1982 privatio
664 1909 741 1962 rei
772 1925 800 1961 a
831 1909 1099 1977 subjecto.
1135 1910 1348 1966 Etcum
1388 1912 1443 1966 in
1469 1912 1748 1968 voluntate
1803 1913 2004 1968 malum

400 2001 541 2056 dicis
594 2015 737 2062 esse,
773 2014 884 2055 non
916 1998 992 2053 ibi
1046 1999 1188 2056 dicis
1223 2002 1432 2074 aliquid
1489 2019 1632 2070 esse,
1664 2003 1760 2058 sed
1795 2011 2003 2059 tantum

403 2088 544 2144 dicis
570 2087 644 2142 ibi
674 2089 881 2144 bonum
912 2103 1020 2144 non
1047 2105 1192 2156 esse,
1225 2091 1320 2144 ubi
1350 2091 1516 2147 debet
1547 2107 1690 2148 esse.
1714 2092 1775 2148 Et
1804 2094 1908 2148 hoc
1925 2100 2009 2147 est

404 2181 568 2252 plane
606 2181 926 2246 malum,ibi
950 2196 1059 2236 nou
1101 2199 1223 2237 esse
1251 2183 1480 2249 bonum,
1513 2183 1607 2238 ubi
1642 2183 1810 2239 debet
1864 2199 2007 2250 esse,

405 2272 535 2344 quia
562 2270 834 2339 injustitia
868 2277 950 2325 est
976 2270 1239 2339 justitiam
1274 2287 1381 2327 non
1402 2287 1522 2328 esse
1555 2273 1650 2328 ubi
1677 2273 1842 2328 debet
1866 2289 2007 2338 esse,

406 2373 461 2420 et
488 2380 614 2419 eum
645 2363 906 2431 iniustum
939 2378 1061 2418 esse
1092 2363 1186 2434 qui
1224 2379 1333 2418 non
1373 2372 1455 2418 est
1484 2365 1664 2433 justus
1691 2381 1816 2419 cum
1848 2364 2013 2420 debet

409 2471 555 2512 esse.
586 2455 725 2519 Quid
770 2455 916 2509 enim
950 2455 1152 2510 rectius
1192 2455 1299 2510 dici
1336 2462 1518 2527 potest
1556 2473 1721 2528 quam
1752 2456 1904 2512 illum
1935 2457 2016 2512 in-

405 2551 610 2617 justum
634 2563 754 2603 esse
794 2547 887 2618 qui
917 2547 1101 2601 datam
1129 2548 1396 2619 justitiam
1446 2548 1620 2605 noluit
1649 2557 1861 2616 tenere,
1892 2565 2014 2605 cum

412 2639 612 2710 potuit,
640 2645 695 2693 et
721 2638 907 2692 datum
947 2637 1082 2692 tanti
1113 2638 1245 2692 boni
1278 2645 1475 2710 sponte
1507 2639 1751 2695 deseruit
1779 2639 1806 2690 *Ρ

508 2751 652 2814 Quod
679 2751 963 2805 rationalis
988 2757 1196 2806 natura
1232 2765 1343 2805 non
1361 2757 1530 2820 potest
1558 2765 1741 2806 carere
1767 2750 1937 2805 debito

1089 2825 1337 2892 justitice.

489 2908 759 2979 Accepisti
800 2909 1088 2976 justitiam,
1150 2910 1354 2964 bonum
1409 2909 1746 2980 depositum,
1784 2916 1839 2964 et
1867 2907 2025 2964 valde

415 3001 766 3068 servandum,
796 3007 851 3056 et
874 3007 1057 3056 tamen
1096 3001 1464 3063 reddendum,
1493 3001 1623 3071 quia
1660 3001 1752 3072 qui
1785 3000 2021 3055 commi-

417 3095 490 3150 sit
515 3093 684 3166 exigit
712 3091 1046 3164 depositum.
1079 3092 1170 3146 Vis
1207 3093 1348 3146 bene
1375 3091 1648 3147 reddere?
1670 3092 1818 3146 Bene
1847 3106 2021 3146 serva.

420 3185 634 3248 Quanto
698 3183 874 3256 magis
930 3181 1196 3248 servabis,
1254 3186 1408 3236 tanto
1464 3181 1640 3252 magis
1681 3180 1901 3235 reddes.
1967 3179 2029 3233 Et

422 3281 627 3347 quanto
657 3274 832 3344 magis
861 3273 1064 3328 reddes
1087 3279 1238 3328 tanto
1269 3273 1445 3346 magis
1469 3272 1746 3328 servabis:
1779 3271 2028 3327 mirabile

423 3367 632 3421 bonum
659 3363 892 3432 justitia,
917 3379 1080 3434 quam
1111 3363 1383 3418 servando
1425 3363 1632 3430 reddis,
1663 3371 1718 3418 et
1747 3363 2031 3420 reddendo

425 3472 535 3512 non
567 3455 770 3527 perdis.
815 3455 921 3510 Sed
953 3456 1129 3530 magis
1155 3456 1460 3524 reddendo,
1492 3457 1665 3528 magis
1691 3473 1895 3512 servas.
1929 3457 2032 3512 Bo-

427 3565 584 3618 num,
629 3549 872 3619 inquam.
927 3548 1054 3603 totis
1103 3547 1315 3603 viribus
1354 3549 1690 3604 servandum
1725 3555 1786 3604 ut
1813 3549 2032 3615 reddas,

2107 1832 2216 1872 non
2247 1813 2415 1869 debet
2444 1826 2588 1877 esse,
2619 1807 2895 1884 significat
2947 1823 3090 1862 esse.
3135 1807 3271 1879 Ergo
3302 1822 3406 1860 nec
3447 1805 3721 1873 injustitia

2105 1903 2379 1978 signiﬁcat
2433 1916 2577 1970 esse,
2621 1898 2753 1971 quia
2800 1903 3012 1952 tantum
3068 1905 3231 1970 negat
3261 1893 3531 1964 justitiam
3570 1909 3717 1955 esse,

2107 1992 2358 2066 quamvis
2389 2005 2498 2046 non
2542 1988 2646 2043 nisi
2677 1986 2773 2042 ubi
2805 1985 2971 2042 debet
2997 2000 3138 2040 esse.
3189 1987 3253 2040 At
3283 1983 3553 2056 injustitia
3583 1983 3722 2054 quid

2109 2094 2278 2158 ponat
2305 2098 2426 2140 esse
2453 2081 2642 2137 dicito.

2395 2179 2444 2226 et
2467 2169 2704 2239 Phyllida
2736 2169 2878 2224 solus
2907 2166 3111 2223 habeto.

2707 2261 2876 2330 (Viae.
2911 2261 3112 2325 Bucol.,
3144 2257 3320 2332 eclog.
3353 2274 3433 2324 in,
3465 2257 3617 2317 108.)

2260 2360 2402 2424 Quod
2425 2359 2488 2412 de
2514 2372 2625 2412 non
2642 2352 2992 2411 existentibus
3019 2352 3279 2406 dic-untur
3303 2354 3561 2406 essentia.

2187 2450 2294 2506 Sed
2326 2448 2466 2505 forte
2492 2447 2616 2518 quis
2641 2445 2797 2500 dicit:
2832 2441 3160 2511 lnjustitiam
3181 2449 3330 2497 certe
3361 2440 3726 2511 privationem

2117 2549 2173 2596 et
2203 2538 2542 2612 oppositum,
2565 2542 2619 2590 et
2647 2534 2716 2589 ad
2747 2531 2954 2604 aliquid
2994 2531 3228 2587 dicimus
3257 2544 3413 2597 esse,
3461 2528 3728 2600 privatio-

2123 2649 2248 2689 nem
2276 2646 2430 2697 vero,
2460 2637 2515 2684 et
2535 2627 2874 2698 oppositum,
2901 2624 2988 2680 vel
3019 2623 3089 2678 ad
3127 2621 3340 2694 aliquid
3371 2621 3559 2676 nullus
3582 2638 3731 2676 sanie

2125 2724 2326 2780 mentis
2380 2719 2607 2796 negabit
2657 2733 2801 2785 esse,
2832 2732 2958 2772 cum
3015 2715 3083 2769 ad
3121 2713 3332 2785 aliquid
3372 2713 3731 2788 generalissi-

2124 2829 2298 2880 mum,
2329 2811 2558 2884 privatio
2579 2824 2710 2866 vero
2740 2807 2958 2880 species
2990 2808 3110 2875 ejus
3140 2805 3393 2860 dicantur
3419 2811 3475 2858 et
3503 2806 3732 2875 opposi-

2127 2912 2262 2958 tum.
2295 2899 2581 2966 Quomodo
2626 2913 2756 2970 ergo
2801 2895 3005 2952 dicitur
3038 2893 3310 2964 injustitia
3337 2908 3450 2948 non
3479 2907 3623 2959 esse,
3667 2894 3733 2947 de

2125 3011 2232 3069 qua
2287 3001 2367 3050 tot
2397 2993 2656 3048 dicuntur
2685 2989 2991 3046 essentiae?
3036 2989 3208 3043 Omne
3247 2986 3398 3042 enim
3427 2987 3636 3052 existit,
3667 2987 3734 3042 de

2127 3104 2236 3161 quo
2282 3087 2484 3141 dicitur
2513 3084 2744 3156 aliquid.
2799 3083 3054 3154 Alioquin
3109 3081 3177 3136 de
3232 3095 3298 3136 eo
3329 3079 3479 3152 quod
3516 3094 3629 3135 non
3655 3087 3736 3134 est

2129 3179 2340 3250 aliquid
2367 3177 2478 3232 dici
2510 3183 2705 3247 potest.
2739 3174 2892 3230 Certe
2930 3188 3040 3229 non
3076 3178 3255 3243 potest
3303 3186 3402 3240 per
3440 3176 3735 3226 consuetu-

2131 3269 2339 3335 dinem,
2381 3272 2562 3339 potest
2592 3280 2690 3335 per
2741 3263 3149 3319 necessitatem.
3211 3260 3400 3331 Neque
3447 3259 3595 3314 enim
3642 3274 3739 3312 ne-

2133 3373 2286 3415 cesse
2317 3357 2484 3414 nobis
2511 3364 2593 3410 est
2626 3354 2778 3426 loqui
2826 3353 2894 3407 de
2935 3351 3020 3405 his
3061 3365 3183 3422 quae
3215 3362 3325 3404 non
3355 3355 3504 3414 sunt,
3537 3347 3738 3418 quibus

2135 3446 2261 3520 quia
2291 3462 2405 3501 suae
2435 3459 2600 3501 voces
2624 3458 2735 3498 non
2764 3447 2914 3506 sunt,
2936 3439 3211 3510 loquimur
3248 3437 3319 3492 de
3352 3437 3489 3507 ipsis
3511 3451 3618 3507 per
3645 3451 3737 3491 vo-

2136 3557 2228 3597 ces
2246 3555 2433 3596 eorum
2473 3553 2594 3609 quae
2617 3542 2765 3592 sunt.
2793 3535 2874 3604 Et,
2893 3532 3022 3605 quia
3061 3531 3130 3586 de
3153 3529 3290 3601 ipsis
3305 3530 3455 3601 loqui
3483 3544 3593 3584 non
3625 3544 3740 3599 pos-

427 3643 556 3716 quia
587 3643 630 3697 si
683 3644 866 3714 perdis
918 3659 1027 3700 non
1065 3643 1236 3698 habes
1262 3644 1410 3716 quod
1458 3643 1673 3700 reddas.
1718 3644 2031 3716 Depositum
2136 3648 2327 3688 sumus
2369 3646 2467 3701 per
2497 3646 2618 3721 sua,
2650 3628 2717 3721 ἀς
2767 3626 2905 3721 ipsis
2960 3624 3212 3721 cogimus
3235 3622 3384 3694 loqui
3405 3637 3517 3721 per
3543 3621 3737 3719 aliena.

429 3744 612 3792 tamen
627 3736 800 3792 debes
825 3737 875 3792 ei
900 3737 993 3808 qui
1025 3735 1318 3792 commisit.
1351 3736 1650 3806 Commisit,
1674 3752 1806 3811 ergo
1837 3736 2012 3792 debes

2137 3723 2272 3778 Ecce
2311 3736 2435 3777 cum
2475 3720 2644 3774 multa
2684 3715 2942 3788 ﬁngimus
2993 3712 3349 3785 cogitatione,
3401 3711 3591 3784 ﬁgura:
3633 3711 3744 3781 qui-

428 3829 535 3885 Sed
565 3829 811 3886 fortassis
858 3805 1057 3900 sponte
1105 3829 1415 3901 perdidisti,
1457 3829 1588 3902 quia
1632 3805 1827 3899 sponte
1867 3829 2033 3884 dese-
2137 3816 2263 3871 dem
2297 3815 2602 3870 formantur
2647 3810 2701 3863 ίῐι
2733 3814 2939 3902 men“?
2990 3805 3088 3860 50d
3138 3819 3364 3902 Pe§_n0n
3394 3805 3740 3902 ίηνξξῐιὶξιῐιιῐξτ

430 3919 604 3974 ruisti.
656 3917 839 3993 Exigit
878 3895 1063 3973 tamen
1106 3895 1434 3988 depositum
1475 3895 1589 3988 -qui
1633 3895 1906 3987 praestitit.
1961 3915 2038 3973 Tu
2139 3924 2236 3980 pro
2265 3906 2468 3979 quibus
2508 3903 2846 3964 formatum;
2891 3898 3094 3974 ﬁglllas
3121 3896 3349 3993 quidem
3379 3895 3742 3993 cogitatigde

429 4021 559 4060 vero
583 4021 693 4061 non
722 3985 916 4072 babes,
939 4006 1068 4077 quia
1096 3985 1293 4076 sponte
1314 3985 1607 4060 deseruisti
1632 3985 1780 4077 quod
1803 4005 2036 4062 reddere
2137 3997 2506 4056 existentibus
2536 3994 2725 4058 sumit,
2771 3993 2870 4046 sed
2897 4006 2962 4046 ea
3005 4003 3115 4045 non
3146 3988 3390 4042 existunt
3418 4002 3519 4057 pro
3550 3985 3742 4057 quibus

429 4095 621 4150 debes.
656 4095 939 4150 Invenitur
978 4110 1109 4168 ergo
1149 4095 1243 4167 qui
1286 4094 1539 4166 praestitit
1575 4095 1756 4162 justus
1786 4102 2034 4160 exactor;
2138 4090 2388 4158 assumit,
2413 4104 2517 4144 nec
2547 4092 2729 4159 potest
2757 4100 2914 4139 mens
2943 4081 3183 4156 cogitare
3204 4078 3355 4152 quod
3371 4093 3482 4134 non
3503 4085 3606 4144 est,
3641 4077 3736 4131 nisi

428 4193 483 4240 tu
514 4200 645 4241 vero
692 4185 787 4257 qui
840 4199 949 4239 non
984 4183 1172 4238 reddis
1221 4183 1452 4252 injustus
1492 4181 1726 4236 debitor.
1779 4182 2036 4252 lnjustus,
2141 4185 2344 4240 formas
2365 4191 2544 4238 sumat
2573 4180 2643 4235 de
2673 4194 2739 4234 eo
2767 4176 2916 4248 quod
2949 4181 3050 4242 est,
3081 4181 3144 4228 ut
3181 4187 3282 4243 per
3310 4170 3515 4226 formas
3554 4185 3732 4227 eorum

429 4281 677 4350 inquam,
709 4291 820 4332 non
860 4274 1007 4347 quod
1061 4275 1264 4329 habeas
1311 4273 1478 4328 ullam
1511 4273 1802 4328 essentiam
1850 4273 1903 4327 in
1936 4275 2039 4330 hac
2140 4289 2263 4346 quae
2290 4276 2438 4336 sunt,
2480 4268 2686 4342 cogitet
2729 4267 2800 4322 de
2839 4265 2924 4320 his
2952 4279 3074 4335 quae
3105 4277 3214 4316 non
3268 4267 3412 4316 sunt.
3443 4259 3579 4314 Dum
3617 4273 3736 4329 ergo

427 4370 755 4442 privatione,
792 4367 891 4422 sed
921 4366 1052 4438 quia
1090 4381 1200 4420 non
1241 4365 1413 4420 habes
1442 4364 1690 4420 debitam
1742 4366 2036 4421 essentiam
2055 4419 2112 4442 ἢ
2140 4366 2378 4420 dicimus
2399 4362 2548 4434 quod
2574 4360 2900 4433 cogitamus,
2927 4357 3069 4412 sicut
3097 4371 3254 4410 mens
3293 4354 3487 4425 nequit
3507 4353 3733 4427 cogitare

421 4461 669 4532 justitiae,
704 4460 829 4516 ideo
861 4458 1129 4525 debitam,
1161 4458 1309 4530 quod
1347 4456 1650 4528 accepisti:
1701 4472 1813 4512 non
1850 4443 2114 4514 serva-U
2141 4457 2288 4528 quod
2321 4469 2432 4509 non
2475 4459 2578 4518 est,
2609 4449 2714 4504 nisi
2759 4448 3024 4503 formetur
3075 4445 3142 4499 ad
3173 4443 3592 4499 similitudinem
3627 4443 3735 4513 ejus

426 4562 558 4620 tam,
590 4553 688 4609 sed
719 4557 918 4624 sponte
948 4551 1240 4607 desertam.
1275 4549 1428 4604 Patet
1451 4564 1582 4624 ergo
1613 4549 2036 4606 Manichaeorum
2141 4545 2288 4619 quod
2341 4550 2445 4607 est,
2472 4543 2553 4596 sic
2594 4539 2781 4613 lingua
2820 4536 3010 4608 nequit
3033 4534 3184 4606 loqui
3222 4534 3291 4588 de
3333 4533 3443 4624 his“
3465 4548 3585 4600 quae
3633 4547 3730 4585 non

427 4663 599 4715 error,
631 4646 749 4719 qui,
773 4653 1032 4716 putantes
1067 4641 1272 4699 malum
1311 4642 1515 4698 realem
1570 4642 1862 4697 essentiam
1894 4658 2037 4710 esse,
2139 4641 2288 4701 sunt,
2323 4631 2428 4687 nisi
2463 4646 2560 4701 per
2610 4643 2801 4683 eorum
2835 4625 3001 4680 verba
3054 4638 3178 4719 quae.
3217 4629 3365 4719 sunt.-
3402 4619 3530 4674 Nam
3563 4633 3733 4719 sermo

427 4755 551 4795 cum
579 4710 700 4794 eam
736 4710 904 4790 ibono
934 4734 1048 4788 Deo
1089 4747 1198 4788 non
1256 4738 1483 4804 possent
1522 4731 1821 4798 ascribere,
1863 4733 2038 4788 coacti
2140 4724 2387 4798 seQuitur
2413 4720 2826 4796 cogitationem,
2858 4726 2918 4772 ut
2968 4731 3080 4770 non
3111 4713 3269 4769 aliter
3314 4713 3525 4785 digerat
3561 4710 3734 4804 lingua

424 4837 552 4886 sunt
581 4827 793 4902 ﬁngere
823 4823 1116 4896 quemdam
1148 4803 1395 4878 omnium
1443 4822 1707 4877 malorem
1737 4829 2036 4888 auctorem,
2139 4831 2425 4875 sermones
2467 4830 2630 4887 quam
2686 4810 2945 4885 cogitatio
3003 4808 3175 4862 dictat
3221 4805 3509 4902 imagines.
3569 4803 3736 4902 Pictor

423 4934 486 4982 ut
527 4925 639 4980 duo
662 4893 937 4978 ‘contrarii
989 4917 1383 4974 contrariarum
1435 4931 1643 4982 rerum,
1676 4915 1857 4971 bonus
1885 4915 2039 4970 scili-
2138 4911 2304 4968 etiam
2332 4907 2529 4980 nequit
2567 4921 2632 4961 ea
2661 4904 2895 4976 pingere
2924 4915 3048 4972 qua:
3073 4913 3185 4954 non
3211 4903 3339 4952 sunt
3359 4896 3462 4950 nisi
3491 4910 3592 4966 per
3616 4893 3733 4968 ﬁgu-

425 5021 512 5070 cet
541 5015 833 5080 bonarum,
863 5018 920 5065 et
951 5008 1216 5064 malarum
1256 5006 1433 5062 malus
1461 5014 1714 5062 auctores
1743 5012 1950 5073 essent,
1982 5013 2038 5060 et
2137 5021 2225 5060 ras
2255 5018 2447 5059 eorum
2476 5016 2598 5071 quae
2628 5003 2776 5053 sunt.
2825 4995 2889 5050 Et
2917 5009 3010 5048 eas
3050 4992 3257 5048 formas
3298 4988 3475 5062 pingit
3501 4985 3730 5042 exterius

425 5110 505 5165 sic
543 5109 722 5180 prima
753 5108 863 5163 duo
893 5104 1166 5178 principia
1201 5119 1384 5159 rerum
1427 5101 1674 5158 omnium
1707 5101 2033 5156 astruerent.
2139 5113 2239 5171 pro
2277 5098 2366 5152 his
2395 5110 2516 5166 quae
2544 5108 2655 5147 non
2687 5097 2835 5155 sunt,
2866 5103 3004 5158 quas
3033 5083 3294 5159 cogitatio
3323 5082 3492 5136 dictat
3520 5081 3733 5180 interius

424 5174 567 5261 Quod
613 5212 722 5253 non
747 5174 982 5266 punitur
1016 5174 1110 5265 pro
1148 5195 1317 5249 nihilo
1345 5196 1438 5262 qui
1475 5194 1708 5261 punitur
1741 5205 1839 5258 pro
1874 5192 2034 5245 malo.
2140 5209 2205 5248 ex
2231 5191 2316 5246 his
2362 5203 2482 5259 qua:
2513 5191 2659 5240 sunt.
2707 5183 2767 5237 Et
2804 5181 3066 5252 frequens
3107 5183 3191 5233 est
3220 5176 3310 5266 hic
3350 5174 3664 5266 ususgloqui
3688 5182 3733 5227 et

496 5286 649 5341 Dicet
675 5301 806 5360 ergo
834 5286 1060 5342 forsitan
1095 5283 1324 5355 aliquis:
1359 5281 1499 5347 Quid
1531 5279 1711 5353 ergo?
1745 5280 1797 5334 Si
1835 5278 2034 5333 malum

427 5377 567 5431 nihil
594 5385 698 5441 est,
743 5393 841 5446 pro
898 5378 1071 5434 nihilo
1122 5375 1402 5449 punimur,
1464 5389 1585 5428 cum
1644 5371 1906 5442 punimur
1933 5385 2035 5440 pro

425 5465 592 5521 malo.
631 5463 978 5535 Stultumque
1017 5466 1235 5520 videtur
1290 5464 1446 5538 argui
1499 5477 1599 5532 pro
1645 5458 1934 5530 injustitia,
1989 5458 2034 5512 si

427 5557 655 5626 quidem
686 5553 956 5619 injustitia
985 5557 1132 5611 nulla
1175 5564 1260 5611 est
1300 5555 1559 5611 essentia.
1594 5552 1702 5607 Sed
1731 5552 1778 5606 si
1809 5567 1932 5623 quae
1963 5551 2033 5605 de

430 5643 833 5719 privationibus
859 5647 998 5704 dicta
1029 5657 1178 5715 sunt,
1208 5647 1353 5703 bene
1383 5647 1822 5711 considerantur,
1850 5643 2033 5700 nullus

2140 5279 2371 5353 pingere
2403 5273 2549 5345 quod
2580 5287 2691 5327 non
2721 5276 2824 5337 est,
2852 5267 3073 5323 dicente
3112 5263 3352 5337 quodam
3395 5263 3664 5333 sapiente:

2821 5357 3117 5416 Pictoribus
3143 5362 3305 5424 atque
3315 5355 3483 5422 poetis

2133 5456 2394 5522 Quidlibet
2423 5452 2657 5508 audendi
2683 5465 2888 5521 semper
2905 5450 3014 5515 fuit
3041 5460 3195 5514 aqua
3219 5449 3473 5514 potestas.

2844 5537 3079 5608 (Henr:
3120 5539 3218 5589 Ars
3242 5538 3407 5604 poet.,
3439 5530 3495 5598 9,
3530 5530 3634 5600 l0.)

2132 5635 2474 5707 Quandoque
2497 5634 2748 5690 volumus
2772 5628 3170 5685 insomniorum
3201 5626 3588 5695 phantasmata
3612 5639 3730 5676 nar-
