3938 6206
244 277 262 330 i
275 276 386 330 077

1312 271 1394 326 DE
1435 269 1724 328 PECCATO
1763 269 2122 328 ORlGlNALl.
2162 302 2228 314 —
2269 271 2394 325 LIB.
2438 271 2501 324 ll.

3434 272 3569 327 1078

235 418 361 457 rare
398 407 458 456 et
487 401 672 455 dicere
697 400 877 454 somni
911 398 1168 454 fallacias.
1205 399 1265 453 Et
1313 399 1593 469 quomodo
1645 398 1852 454 narrari
1878 402 1937 472 Α
1960 408 2242 472 peccatum
2271 408 2455 454 tamen
2485 400 2634 470 quod
2665 399 2863 465 fecisti,
2893 415 3002 458 non
3035 401 3140 456 nisi
3171 407 3322 456 tuum
3358 407 3441 455 est
3471 401 3568 471 qui

237 495 427 558 potest
455 487 668 542 vanitas
699 502 913 554 eorum,
946 487 1052 541 nisi
1083 501 1180 556 per
1207 488 1372 542 verba
1389 503 1569 541 rerum
1587 487 1615 540 7
1637 502 1746 543 non
1773 497 1858 544 est

232 593 369 651 ergo
404 579 626 644 mirum,
645 593 768 633 cum
794 577 1070 648 loquimur
1100 577 1169 632 de
1191 577 1615 646 privationibus,
1649 594 1748 649 pro
1775 579 1858 634 eis

237 687 534 726 assumere
560 669 726 725 verba
749 669 819 724 de
856 669 1039 735 rebus,
1066 677 1124 724 et
1152 684 1248 739 per
1279 685 1445 725 voces
1483 685 1664 724 rerum
1699 671 1858 726 ratio-

237 779 367 818 nem
399 762 530 817 dare
562 761 950 832 privationum.

552 855 696 919 Quod
719 857 939 924 quisque
974 857 1063 910 sui
1088 857 1223 909 mali
1259 861 1450 911 auctor
1476 862 1572 910 est.

312 946 624 1014 Antequam
655 943 944 998 redeamus
990 943 1058 997 ad
1099 943 1461 1014 propositum,
1511 944 1694 999 adhuc
1757 959 1857 1000 oc-

241 1033 416 1089 currit
443 1033 594 1105 quod
632 1033 964 1089 conturbare
995 1040 1176 1104 potest
1220 1033 1505 1101 lectorem,
1546 1034 1651 1089 nisi
1699 1035 1857 1090 solu—

239 1134 357 1182 tum
387 1125 580 1192 fuerit;
615 1141 764 1192 nam,
789 1125 919 1198 quia
939 1125 1147 1181 dictum
1179 1131 1262 1180 est
1293 1134 1482 1182 contra
1506 1126 1857 1192 Manichaee,

239 1221 458 1275 nullum
498 1227 775 1276 auctorem
815 1234 938 1276 esse
977 1219 1245 1276 malorum
1290 1219 1561 1288 omnium,
1593 1219 1734 1276 forte
1765 1220 1861 1275 du-

236 1312 440 1367 bitabit
469 1311 689 1384 aliquis,
735 1320 790 1368 et
831 1311 1011 1368 dicet:
1069 1311 1220 1366 Unde
1269 1312 1413 1366 mala
1459 1312 1504 1366 si
1548 1310 1731 1366 nullus
1779 1317 1862 1366 est

239 1409 434 1459 auctor
497 1403 743 1459 omnium
827 1403 1136 1458 malorum?
1187 1402 1294 1458 Sed
1368 1403 1570 1458 veritas
1618 1403 1862 1458 ostendit

238 1508 696 1564 unumquemque
737 1498 1016 1548 auctorem
1067 1507 1188 1546 esse
1227 1492 1312 1546 sui
1369 1491 1520 1558 mali,
1562 1507 1686 1546 nam
1728 1491 1860 1546 licet

237 1584 498 1655 exemplo
548 1584 634 1639 vel
691 1585 933 1648 hortatu,
983 1583 1068 1638 vel
1121 1583 1485 1654 oppressione
1523 1583 1857 1653 peccaveris,

1958 489 2168 553 fecisti;
2215 485 2517 543 necessitas
2555 487 2701 540 enim
2727 488 2877 542 nulla
2909 496 2964 543 te
3003 504 3200 562 cogere
3230 489 3426 560 potuit,
3459 489 3566 543 nisi

1958 581 2212 637 voluisti.
2233 579 2383 636 Tolle
2404 578 2764 643 voluntatem,
2786 579 2992 633 nullam
3013 580 3228 636 videbis
3257 582 3440 636 valere
3468 597 3570 636 ne-

1961 675 2294 731 cessitatem.
2325 671 2679 744 Opprimeris,
2712 671 3040 727 trucidaris?
3062 673 3295 728 nihilum
3323 680 3430 740 est,
3463 673 3568 728 nisi

1959 764 2116 820 velis.
2152 763 2350 819 Peccas
2394 761 2578 834 itaque
2619 760 2769 816 nulla
2807 759 3136 816 necessitate
3175 761 3272 814 sed
3316 761 3434 817 sola
3462 777 3566 817 vo-

1962 855 2190 909 luntate.
2231 853 2294 909 Et
2325 853 2449 910 ideo
2502 853 2619 908 sola
2651 852 2905 907 voluntas
2935 859 3030 906 aut
3056 850 3280 922 punitur
3311 858 3406 906 aut
3442 868 3566 906 mu-

1963 951 2202 1001 neratur.
2236 945 2484 1012 Punitur,
2517 944 2561 998 si
2590 944 2796 1015 pateris
2825 943 2972 1015 quod
3004 957 3115 998 non
3145 942 3255 1008 vis;
3299 957 3566 998 munera-

1958 1041 2066 1101 tur,
2099 1034 2144 1088 si
2177 1032 2329 1105 quod
2356 1033 2500 1088 bene
2529 1031 2754 1088 volebas
2781 1031 3128 1103 adipisceris.
3177 1031 3242 1085 Es
3272 1029 3440 1102 igitur
3480 1047 3570 1084 au-

1958 1129 2078 1179 ctor
2107 1123 2225 1193 ipse
2248 1122 2324 1176 tui
2363 1122 2522 1185 mali;
2563 1121 2657 1192 qui
2689 1127 2796 1175 tuae
2826 1119 3124 1176 voluntatis
3175 1119 3401 1174 arbitrio
3440 1135 3569 1190 pec-

1959 1215 2118 1282 casti,
2149 1231 2253 1270 nec
2289 1213 2531 1270 ascribas
2587 1211 2702 1279 alii,
2749 1212 2895 1282 quod
2951 1220 3008 1268 tu
3048 1212 3166 1282 ipse
3204 1211 3404 1275 fecisti,
3465 1227 3570 1266 nec

1960 1303 2126 1358 alium
2159 1318 2375 1372 quieras
2406 1308 2708 1364 auctorem,
2730 1299 2823 1372 qui
2853 1307 2904 1354 te
2934 1299 3013 1354 tui
3047 1300 3167 1370 ipse
3200 1297 3376 1352 fecisti
3407 1313 3568 1352 exse-

1960 1399 2230 1449 cutorem.
2264 1391 2393 1458 Sed,
2417 1392 2615 1446 horum
2649 1387 2756 1443 ﬁne
2797 1388 2961 1454 facto,
3004 1386 3284 1458 paululum
3315 1387 3565 1456 quiesca-

1959 1497 2103 1548 mus,
2136 1488 2195 1536 ut
2217 1480 2519 1536 refectione
2551 1477 2753 1550 quietis
2783 1477 2850 1531 ab
2882 1477 2991 1531 alio
3026 1475 3250 1531 exordio
3281 1473 3564 1528 robustius

1961 1577 2028 1631 ad
2059 1575 2346 1647 sequentia
2375 1588 2789 1646 consurgamus.

1479 1689 1787 1786 Explz'cz't
1833 1688 2002 1760 liber
2027 1685 2326 1781 primus.

1357 1982 1701 2070 LIBER
1784 1979 2414 2072 SECUNDUS.

578 2166 781 2233 Duplex
809 2167 949 2218 ratio
975 2169 1178 2234 peccati
1206 2169 1506 2235 originatis.

308 2269 660 2340 Propositum
706 2277 952 2324 nostrum
985 2276 1101 2324 erat
1126 2270 1195 2324 de
1226 2270 1481 2342 originali
1507 2277 1732 2342 peccato
1764 2271 1848 2326 di-

237 2377 386 2428 cere,
430 2360 559 2432 quia
589 2359 854 2430 qumritur
889 2359 1168 2430 quomodo
1223 2369 1508 2431 peccatum
1549 2361 1852 2416 habeamus

237 2451 304 2504 ab
333 2451 550 2523 origine
582 2457 793 2515 nostra,
827 2466 948 2522 qua:
978 2458 1064 2505 est
1087 2451 1256 2506 Adam
1279 2459 1334 2506 et
1365 2451 1487 2506 Eva.
1527 2451 1650 2506 Hac
1669 2460 1849 2507 autem

235 2541 470 2612 quaestio
511 2541 580 2595 de
625 2555 692 2595 eo
727 2540 898 2609 venit,
929 2540 1079 2612 quod
1129 2541 1184 2594 in
1224 2541 1482 2612 Apostolo
1514 2541 1743 2614 legitur:
1785 2546 1849 2595 In

231 2649 334 2702 quo
362 2647 547 2689 omnes
561 2639 921 2702 peccaverunt
946 2634 1108 2700 (Rom.
1133 2637 1206 2700 v).

302 2720 574 2786 Quaeritur
592 2735 722 2796 ergo
742 2721 1020 2792 quomodo
1053 2721 1404 2790 peccavimus
1435 2721 1490 2774 in
1512 2720 1680 2775 Adam
1703 2721 1730 2772 ?
1761 2736 1848 2776 ve-

228 2825 350 2863 rum
372 2808 636 2880 equidem
670 2817 752 2862 est
777 2808 926 2880 quod
954 2808 1011 2863 in
1044 2809 1212 2863 Adam
1239 2809 1442 2863 fuimus
1467 2824 1660 2864 omnes
1693 2816 1748 2864 et
1776 2809 1844 2863 ab

229 2917 295 2957 eo
308 2917 529 2966 sumus,
547 2901 643 2956 sed
664 2901 967 2956 secundum
991 2917 1233 2967 carnem,
1268 2901 1583 2957 Secundum
1607 2901 1844 2957 animam

230 3005 383 3057 vero,
431 2990 646 3044 Patrum
679 2989 1108 3046 orthodoxorum
1154 2990 1308 3044 aliud
1339 2988 1473 3044 dicit
1515 2991 1840 3058 auctoritas;

233 3093 341 3133 non
373 3078 528 3134 enim
559 3077 676 3134 vult
705 3079 1034 3134 animamsic
1064 3080 1132 3133 ab
1155 3079 1337 3134 anima
1363 3079 1623 3134 seminari
1656 3096 1843 3151 quem-

229 3169 531 3225 admodum
563 3185 689 3225 caro
743 3171 1048 3227 seminatur
1101 3187 1352 3237 acarne,
1407 3187 1508 3227 nec
1537 3172 1606 3226 ab
1661 3174 1844 3228 anima

227 3260 478 3331 separari
504 3266 738 3332 partem,
780 3267 838 3316 ut
875 3261 1005 3317 inde
1045 3260 1138 3315 fiat
1161 3261 1390 3317 alterius
1417 3261 1654 3318 hominis
1680 3261 1844 3334 spiri-

228 3357 332 3409 tus,
365 3349 514 3404 sicut
544 3364 669 3419 pars
707 3365 738 3404 a
777 3365 941 3405 carne
996 3357 1301 3420 separatur,
1363 3360 1421 3404 ut
1473 3349 1567 3406 fiat
1609 3351 1843 3406 alterius

231 3440 474 3495 hominis
526 3455 744 3512 corpus.
775 3441 912 3497 Sunt
942 3449 1127 3496 tamen
1166 3441 1324 3496 multi
1365 3441 1459 3512 qui
1498 3442 1688 3498 volunt
1719 3443 1843 3497 ani-

1875 2166 1928 2235 B
2021 2165 2129 2221 Sed
2171 2165 2237 2220 ad
2273 2166 2376 2221 hoc
2404 2164 2774 2236 respondetur
2804 2163 3098 2220 lectionem
3134 2165 3277 2219 illam
3306 2179 3558 2235 corpora-

1951 2262 2085 2318 lium
2116 2259 2496 2316 tantummodo
2527 2275 2708 2314 rerum
2738 2260 3110 2315 conditionem
3144 2275 3388 2324 narrare,
3421 2276 3556 2330 qua-

1949 2366 2067 2404 rum
2102 2349 2311 2404 nullam
2339 2349 2538 2405 dicitur
2577 2349 2720 2403 Deus
2750 2357 2873 2418 post
2912 2348 3140 2418 primam
3181 2347 3553 2403 conditionem

1951 2437 2124 2492 nihilo
2176 2437 2394 2502 fecisse,
2435 2453 2559 2492 nam
2615 2453 2958 2509 quaecunque
3022 2437 3328 2507 corporalia
3370 2437 3557 2507 quoti-

1951 2531 2042 2584 die
2077 2537 2352 2595 creantur,
2408 2530 2477 2584 de
2503 2531 2816 2585 seminariis
2846 2531 3036 2601 primae
3085 2529 3418 2584 conditionis
3445 2531 3558 2586 ori-

1950 2625 2138 2684 untur,
2198 2634 2302 2673 nec
2343 2618 2552 2689 aliquid
2611 2635 2839 2690 usquam
2907 2619 3214 2690 corporale,
3283 2619 3432 2690 quod
3487 2621 3557 2674 de

1951 2705 2127 2777 prima
2158 2721 2266 2762 non
2286 2707 2592 2762 descendat
2621 2709 2852 2780 origine.

2020 2799 2232 2864 Quievit
2270 2815 2402 2872 ergo
2448 2801 2592 2855 Deus
2638 2817 2667 2855 a
2712 2801 2889 2871 prima
2925 2802 3290 2874 corporalium
3351 2804 3552 2858 condi-

1949 2894 2117 2955 tione,
2152 2892 2246 2963 qui
2269 2898 2458 2964 postea
2485 2907 2596 2948 non
2628 2893 2908 2949 invenitur
2955 2893 3124 2949 ullum
3158 2895 3441 2966 corporale
3486 2896 3556 2950 de

1947 2982 2355 3049 nihilotecisse,
2387 2998 2512 3037 nam
2540 2983 2610 3038 de
2639 2983 3081 3055 incorporalibus
3115 2986 3396 3042 invenitur
3419 2988 3555 3043 scri-

1945 3081 2126 3144 ptum:
2169 3075 2331 3129 Pater
2356 3089 2506 3128 meus
2544 3089 2709 3143 usque
2735 3075 2886 3130 modo
2922 3082 3194 3144 operatur,
3228 3084 3278 3132 et
3321 3092 3413 3146 ego
3435 3093 3558 3148 ope-

1943 3181 2032 3221 ror
2061 3168 2233 3233 (Joan.
2265 3167 2338 3232 v).
2383 3164 2577 3220 Dicunt
2613 3179 2745 3236 ergo
2775 3164 3065 3220 orthodoxi
3107 3165 3398 3221 humanam
3431 3170 3553 3223 ani-

1945 3271 2089 3310 mam
2124 3254 2192 3309 ab
2225 3253 2408 3308 anima
2438 3253 2590 3308 nullo
2633 3253 2798 3309 modo
2828 3254 3191 3321 descendere,
3223 3257 3318 3311 sed
3375 3258 3430 3312 in
3463 3276 3554 3314 re-

1945 3344 2198 3401 centibus
2228 3360 2396 3401 novas
2425 3361 2456 3398 a
2473 3345 2583 3400 Deo
2605 3344 2934 3415 corporibus
2953 3344 3072 3401 fieri
3095 3347 3364 3418 quotidie.
3401 3349 3552 3406 Unde

1943 3435 2207 3504 scriptum
2239 3440 2359 3488 est:
2395 3439 2458 3488 Et
2499 3441 2806 3489 revertatur
2839 3435 3014 3504 pulvis
3066 3439 3125 3490 in
3157 3445 3360 3494 terram
3395 3457 3556 3495 suam

230 3548 370 3587 mam
403 3549 470 3588 ex
503 3533 724 3589 traduce
772 3533 892 3590 fieri
917 3533 1061 3590 sicut
1097 3549 1318 3604 corpus,
1359 3540 1412 3587 et
1441 3549 1564 3588 cum
1596 3534 1844 3605 corporis
1871 3512 1920 3581 (ἶ
1943 3524 2085 3578 unde
2107 3530 2244 3589 εναεμ
2282 3531 2334 3578 ει
2359 3526 2582 3592 spiritus
2609 3524 2790 3578 νϐἀϐαῑ
2818 3526 2889 3579 (ιιι
2915 3530 3080 3581 Deum
3108 3532 3202 3596 qui
3229 3529 3371 3584 dedit
3401 3531 3552 3585 illum

227 3625 438 3679 semine
469 3625 579 3678 vim
621 3625 788 3680 etiam
821 3625 1016 3680 animm
1057 3624 1380 3696 procedere.
1416 3624 1652 3689 Quorum
1682 3625 1843 3680 ratio-

229 3732 345 3784 nes,
379 3716 509 3789 quia
542 3733 653 3772 non
685 3727 812 3773 sunt
851 3718 1077 3774 omnino
1133 3717 1488 3787 spernendae,
1520 3717 1756 3783 videtur,
1785 3722 1844 3770 ut

228 3807 371 3863 sicut
401 3809 694 3880 utriusque
726 3808 1136 3880 preposuimus,
1171 3815 1430 3878 utrasque
1473 3807 1640 3862 etiam
1673 3822 1838 3862 exse-

229 3914 484 3969 quamur,
526 3905 581 3954 et
611 3899 848 3970 primum
907 3899 1336 3955 orthodoxorum
1381 3898 1630 3954 semitam
1661 3913 1844 3969 prose-

230 4010 481 4064 quamur.

300 4131 408 4183 Cur
443 4133 579 4184 Deus
611 4128 812 4183 dicitur
835 4131 1090 4197 quievisse
1127 4129 1194 4182 ab
1231 4129 1516 4196 operando,
1547 4131 1594 4182 si
1621 4143 1771 4184 nunc

695 4210 910 4262 animas
939 4213 1085 4262 creat
1104 4221 1172 4262 ex
1193 4208 1379 4262 nihilo.

301 4339 506 4393 Horum
538 4343 720 4391 autem
753 4338 822 4391 de
851 4338 1086 4391 humana
1115 4337 1300 4390 anima
1331 4337 1454 4392 talis
1485 4345 1567 4392 est
1594 4338 1844 4394 doctrina

229 4431 374 4500 quod
404 4429 476 4483 de
505 4427 688 4482 anima
725 4427 968 4498 parentis
998 4427 1138 4481 nihil
1165 4435 1451 4497 separatur
1483 4444 1604 4484 cum
1629 4431 1841 4485 semine

230 4524 424 4593 prolis,
459 4538 564 4578 nec
592 4538 834 4594 unquam
864 4522 933 4576 ab
964 4521 1146 4576 anima
1166 4522 1415 4592 parentis
1447 4523 1748 4596 quidquam
1773 4525 1841 4580 ad

231 4617 469 4673 animam
500 4616 670 4688 prolis
701 4615 935 4681 ducitur,
989 4631 1091 4670 nec
1111 4616 1317 4687 aliquid
1361 4618 1509 4672 ducit
1539 4619 1720 4673 anima
1749 4635 1839 4674 se-

231 4725 407 4779 quens
459 4726 488 4764 a
539 4708 730 4780 priori,
760 4707 858 4763 sed
890 4709 1354 4779 quemadmodum
1388 4710 1596 4765 homini
1657 4711 1835 4781 primo

232 4799 374 4852 Deus
405 4798 692 4869 inspiravit
721 4813 938 4864 novam,
972 4799 1050 4854 sic
1103 4814 1324 4869 semper
1382 4799 1706 4870 corporibus
1751 4817 1837 4856 re-

1943 3615 2133 3682 (Eccle.
2174 3615 2292 3682 xu).
2327 3613 2805 3669 Animadvertatur
2835 3631 2998 3686 quam
3053 3618 3309 3675 distincte
3357 3621 3556 3677 dicitur

1944 3701 2014 3756 de
2038 3709 2183 3756 terra
2213 3701 2492 3772 pulverem
2516 3717 2658 3768 esse,
2685 3703 2855 3758 Deum
2881 3720 3010 3760 vero
3031 3707 3282 3777 spiritum
3310 3710 3551 3769 dedisse.

1943 3794 2006 3848 Et
2051 3795 2277 3849 iterum:
2323 3795 2504 3849 Patres
2543 3795 2757 3863 quidem
2806 3799 2988 3852 carnis
3023 3805 3219 3854 nostra:
3266 3802 3555 3860 habuimus

1941 3883 2255 3950 eruditores,
2287 3889 2338 3937 et
2358 3883 2735 3938 reverebamur
2755 3899 2835 3939 eos
2859 3901 2874 3949 ;
2906 3901 3043 3940 num
3070 3889 3241 3944 multo
3267 3893 3438 3959 magis
3462 3893 3552 3947 ob-

1944 3975 2357 4044 temperabimus
2364 3978 2512 4044 patri
2521 3978 2839 4043 spirituum,
2865 3981 3164 4034 etvivemus
3177 3981 3204 4032 ?
3231 3982 3405 4046 (Hebr.
3431 3983 3554 4052 xu.)

2013 4065 2149 4120 Ecce
2178 4071 2233 4119 et
2283 4064 2372 4118 hic
2401 4063 2659 4119 distincte
2707 4065 3018 4121 ostenditur
3057 4081 3156 4122 nos
3186 4077 3242 4124 et
3300 4071 3554 4128 homines

1944 4157 2148 4212 habere
2205 4165 2388 4228 patres
2445 4157 2624 4210 carnis
2662 4165 2884 4225 nostrae,
2927 4166 2982 4213 et
3040 4159 3207 4215 Deum
3241 4169 3550 4220 nostrorum

1945 4256 2153 4319 patrem
2195 4250 2507 4320 spirituum,
2554 4260 2613 4306 ut
2640 4266 2767 4308 caro
2812 4251 2927 4306 sola
2954 4251 3138 4307 veniat
3191 4255 3258 4308 ab
3305 4255 3550 4325 homine,

1943 4337 2169 4408 spiritus
2195 4353 2326 4394 vero
2359 4354 2532 4395 novus
2562 4355 2592 4394 a
2642 4341 2753 4394 Deo
2781 4339 2940 4395 detur
2970 4340 3026 4394 in
3058 4357 3199 4398 nova
3225 4359 3407 4400 carne.
3451 4345 3552 4402 Se-

1944 4429 2184 4485 cundum
2214 4431 2314 4486 hos
2343 4439 2425 4488 est
2460 4431 2618 4487 valde
2648 4431 2892 4487 difficilis
2931 4435 3181 4505 quaestio,
3224 4452 3346 4491 nam
3375 4437 3419 4492 si
3451 4454 3548 4494 so-

1944 4523 2054 4578 lum
2086 4539 2286 4596 corpus
2315 4525 2383 4580 ab
2431 4526 2601 4580 Adam
2633 4526 2832 4593 habeo,
2891 4527 3132 4582 animam
3161 4545 3291 4584 vero
3332 4547 3442 4586 non
3481 4532 3550 4586 ab

1942 4613 2133 4680 Adam,
2175 4615 2273 4670 sed
2305 4631 2334 4669 a
2365 4615 2483 4672 solo
2510 4617 2642 4684 Deo,
2675 4633 2798 4671 cum
2829 4625 3112 4688 peccatum
3141 4619 3194 4672 in
3223 4620 3405 4676 anima
3429 4629 3549 4676 tan-

1940 4712 2053 4762 tum
2095 4707 2186 4773 sit,
2216 4715 2270 4763 et
2309 4723 2418 4764 non
2459 4709 2782 4780 incorpore,
2822 4711 3101 4780 quomodo
3120 4711 3348 4766 dicerin
3381 4714 3550 4768 Adam

1941 4800 2239 4870 peccasse?
2290 4799 2541 4856 Peccavit
2588 4801 2779 4867 Adam,
2821 4810 2875 4856 et
2932 4809 3216 4872 peccatum
3276 4805 3328 4858 in
3369 4807 3551 4859 anima

231 4901 420 4948 centes
458 4893 689 4964 inspirat
749 4893 1082 4949 recentibus.
1135 4895 1423 4960 Receutes,
1480 4896 1725 4967 inquam,
1784 4853 2056 4952 etDsola
2083 4890 2204 4957 fuit,
2248 4897 2302 4944 et
2333 4905 2443 4945 non
2474 4891 2529 4944 in
2561 4905 2828 4961 corpore;
2877 4891 3116 4946 animam
3161 4900 3343 4948 autem
3372 4911 3548 4951 meam

230 4999 417 5051 novas,
442 4985 528 5039 vel
559 4983 628 5040 de
653 4985 932 5057 aliquibus
963 4987 1193 5042 secretis
1231 4993 1285 5041 et
1308 4988 1540 5042 occultis
1571 4989 1836 5043 exstanti-

233 5073 330 5128 bus
361 5075 576 5130 noviter
602 5075 792 5142 factas,
823 5077 909 5131 vel
939 5077 1080 5132 sicut
1108 5078 1161 5132 in
1209 5078 1482 5149 principio
1527 5085 1639 5134 tota
1683 5095 1832 5135 crea-

230 5168 347 5216 tura
393 5164 463 5218 de
503 5163 676 5218 nihilo
717 5165 933 5220 noviter
961 5171 1191 5221 creatas.
1225 5165 1435 5230 Quibus
1466 5167 1626 5223 lectio
1659 5167 1836 5224 Gene-

233 5265 357 5306 seos
386 5252 704 5322 Opponitur,
727 5252 782 5306 in
815 5269 923 5325 qua
944 5253 1088 5308 Deus
1109 5253 1178 5307 ab
1208 5254 1467 5310 universo
1495 5270 1665 5326 epere
1688 5255 1836 5328 quod

236 5347 471 5408 patrarat
500 5343 779 5414 quievisse
810 5344 1012 5398 dicitur
1038 5345 1200 5414 (Gen.
1251 5355 1331 5406 ut,
1377 5346 1530 5418 quasi
1564 5362 1675 5402 non
1705 5362 1836 5402 con-

235 5431 415 5486 veniat
443 5433 614 5503 quieti
653 5449 752 5502 pro
793 5432 990 5488 creatis
1041 5434 1362 5504 quotidiana
1414 5435 1660 5508 fatigatio
1711 5453 1839 5508 pro-

238 5520 497 5586 creantis,
540 5537 643 5576 nec
665 5537 794 5576 vere
833 5521 1036 5576 dicitur
1062 5522 1350 5592 quiescere
1382 5540 1480 5594 pro
1521 5526 1686 5580 rebus
1706 5541 1844 5598 quas

238 5614 491 5675 patrarat,
529 5611 574 5662 si
614 5610 796 5665 adhuc
813 5625 910 5679 pro
941 5609 1063 5665 aliis
1089 5609 1256 5666 rebus
1277 5612 1346 5666 de
1377 5611 1548 5665 nihilo
1578 5611 1842 5666 faciendis

237 5700 478 5764 quotidie
503 5700 734 5756 laborat.

1938 4982 1992 5034 in
2025 4995 2133 5050 qua
2164 4985 2450 5050 peccatum
2496 4987 2578 5034 est
2616 4979 2683 5033 ab
2718 4981 2838 5051 ipso
2880 4997 2988 5036 non
3030 4982 3230 5050 habeo,
3271 4987 3552 5055 quomodo

1938 5067 2092 5122 dicor
2113 5082 2373 5137 peccasse
2396 5068 2450 5121 in
2492 5067 2657 5138 ipso?
2696 5069 2925 5131 Quando
2955 5071 3202 5140 peccavit
3255 5071 3310 5125 in
3355 5087 3554 5144 corpus

1938 5178 2121 5218 meum
2153 5170 2283 5218 tunc
2313 5163 2368 5216 in
2395 5163 2515 5233 ipso
2557 5170 2692 5220 erat.
2722 5171 2866 5219 recte
2907 5164 3124 5220 dicerer
3171 5166 3225 5219 in
3282 5167 3400 5236 ipso
3431 5182 3556 5238 pec-

1939 5269 2113 5320 casse,
2144 5254 2188 5308 si
2243 5261 2524 5325 peccatum
2565 5263 2711 5311 esset
2773 5257 2827 5310 in
2859 5271 3112 5327 corpore,
3166 5273 3315 5313 nunc
3367 5266 3548 5315 autem

1939 5358 2064 5398 cum
2103 5342 2160 5396 in
2201 5343 2384 5397 anima
2425 5344 2541 5399 sola
2594 5355 2880 5415 peceatum
2939 5345 3030 5412 sit,
3072 5348 3351 5418 quomodo
3399 5348 3556 5403 dicor

1939 5449 2220 5504 peccasse,
2255 5435 2476 5506 quando
2503 5437 2769 5508 peccavit,
2797 5437 2842 5491 si
2875 5437 2930 5491 in
2964 5437 3086 5508 ipso
3117 5439 3342 5510 penitus
3371 5439 3554 5494 anima

1947 5539 2068 5577 mea
2105 5539 2215 5577 non
2249 5522 2369 5578 fuit.

2150 5620 2214 5668 De
2241 5617 2540 5683 generibus,
2575 5625 2623 5670 et
2648 5620 2933 5686 speciebus,
2965 5627 3016 5673 et
3047 5621 3352 5673 individuis.

2015 5702 2212 5756 Contra
2279 5703 2422 5757 hanc
2470 5706 2830 5774 quaestionem
2869 5705 3048 5758 taliter
3103 5704 3394 5758 Orthodoxi
3464 5718 3552 5754 re-
