3938 6206
439 244 569 300 1079

433 465 738 532 individua,
800 482 964 537 quam
1021 469 1241 538 species
1283 471 1352 524 ad
1407 487 1610 545 genera
1656 489 1778 527 nam
1833 476 2046 544 species

432 553 555 624 plus
573 553 782 608 habent
807 554 1243 610 substantialiter
1270 574 1434 629 quam
1463 575 1688 632 genera,
1721 577 1824 616 nec
1844 561 2045 618 sufﬁcit

429 645 496 698 ad
528 644 736 714 speciei
767 645 1129 700 substantiam
1170 663 1369 722 genus,
1425 650 1555 720 quia
1610 651 2045 709 substantialiter

430 736 601 792 habet
638 737 858 808 species
883 736 1248 794 differentiam
1277 748 1479 811 praeter
1497 759 1695 814 genus,
1729 752 1783 798 et
1814 745 1938 814 plus
1963 753 2045 802 est

430 825 647 896 species
663 826 1100 883 substantialiter
1123 844 1285 899 quam
1312 846 1508 900 genus.
1545 832 1672 886 Plus
1699 833 1846 887 enim
1876 835 2042 890 homo

430 931 595 987 quam
625 916 850 982 animal,
887 917 1016 987 quia
1057 917 1340 972 rationalis
1369 925 1452 973 est
1507 920 1690 987 homo,
1726 929 1780 977 et
1815 939 1924 979 non
1957 932 2042 979 est

429 1003 697 1059 rationale
734 1005 964 1069 animal;
1007 1005 1292 1060 individua
1342 1022 1474 1063 vero
1507 1008 1645 1063 nihil
1676 1011 1880 1067 habent
1907 1015 2038 1068 sub-

429 1091 756 1146 stantialiter
784 1093 910 1162 plus
935 1108 1099 1163 quam
1129 1093 1368 1166 species,
1416 1111 1519 1151 nec
1547 1097 1698 1152 aliud
1747 1109 1876 1155 sunt
1916 1103 2040 1156 sub-

428 1181 775 1247 stantialiter,
814 1181 965 1236 aliud
996 1182 1187 1236 Petrus
1242 1199 1406 1254 quam
1436 1185 1618 1242 homo.
1654 1187 1807 1251 Quod
1855 1199 2039 1245 autem

427 1270 530 1323 sub
569 1285 680 1323 una
719 1269 904 1338 specie
936 1270 1095 1339 plura
1132 1279 1262 1325 sunt
1291 1271 1600 1341 individua,
1642 1290 1754 1330 non
1784 1276 1912 1331 facit
1937 1279 2041 1334 hoc

425 1361 649 1432 aliquod
671 1361 1051 1430 substantiale,
1083 1364 1182 1419 sed
1212 1365 1540 1422 accidentia.
1573 1368 1703 1424 ldeo
1742 1371 1921 1425 solum
1952 1372 2038 1426 in-

426 1452 714 1509 dividuum
758 1463 942 1525 potest
986 1471 1109 1510 esse
1157 1456 1261 1510 sub
1303 1459 1510 1529 specie,
1540 1475 1662 1514 cum
1682 1461 1799 1516 sola
1819 1464 2036 1534 species

425 1552 665 1613 nequeat
691 1559 812 1598 esse
843 1543 947 1598 sub
979 1559 1203 1617 genere,
1226 1553 1305 1612 ut,
1326 1549 1628 1619 peremptis
1655 1551 1912 1607 omnibus
1935 1554 2033 1608 ho-

426 1635 667 1689 minibus
693 1634 996 1691 individuis
1015 1641 1214 1706 prmter
1242 1637 1484 1706 Petrum,
1512 1639 1674 1696 homo
1697 1642 1914 1712 species
1939 1660 2029 1700 so-

424 1725 536 1779 lum
563 1726 727 1780 habet
784 1726 1127 1781 individuum
1156 1727 1393 1783 Petrum.
1438 1731 1538 1793 Qui
1597 1733 1916 1790 individuus
1948 1744 2031 1791 est

425 1823 651 1886 propter
695 1816 1076 1872 collectionem
1107 1818 1501 1889 accidentium,
1533 1822 1677 1878 sicut
1706 1824 1870 1880 homo
1901 1842 2030 1897 spe-

422 1907 560 1975 cies,
588 1907 718 1978 quia
768 1914 953 1977 potest
1001 1923 1122 1963 esse
1152 1909 1450 1966 multorum
1482 1915 1791 1969 communis
1820 1916 2028 1972 indivi-

422 1995 682 2063 duorum,
703 2011 829 2049 nam
855 1995 1083 2066 phoenix
1104 1997 1239 2062 avis,
1271 2000 1520 2069 quamvis
1542 2001 1890 2058 individuum
1919 2021 2030 2062 non

425 2088 624 2142 habeat
654 2087 757 2142 nisi
785 2103 976 2157 unum,
1009 2088 1225 2160 species
1263 2098 1366 2158 est,
1422 2092 1553 2163 quia
1580 2098 1889 2151 communis
1929 2115 2028 2169 po-

422 2190 528 2238 test
554 2197 680 2237 esse
739 2182 1061 2251 multorum,
1111 2183 1262 2238 aliud
1303 2186 1451 2240 enim
1475 2195 1560 2242 est
1590 2189 1840 2258 phoenix,
1880 2191 2029 2248 aliud

421 2279 539 2332 hmc
568 2276 814 2348 phoenix.
861 2275 1086 2331 Phoenix
1126 2286 1210 2332 est
1235 2279 1495 2349 specialis
1528 2287 1742 2350 natura,
1777 2300 1900 2355 qum
1938 2302 2034 2357 po-

421 2377 528 2425 test
558 2385 679 2424 esse
708 2369 1055 2424 communis:
1090 2370 1207 2425 hmc
1238 2371 1461 2441 phmnix
1505 2388 1633 2429 vero
1666 2381 1879 2443 natura,
1908 2395 2032 2449 qum

421 2465 628 2513 tantum
683 2463 769 2512 cst
798 2457 1106 2525 individua,
1137 2474 1241 2514 nec
1269 2459 1421 2514 aliud
1459 2476 1582 2516 esse
1638 2471 1821 2532 potest
1865 2482 2028 2536 quam

417 2544 743 2618 singularis;
777 2545 1004 2615 phoenix
1034 2561 1262 2619 genere,
1305 2545 2028 2620 diﬁ‘erentiisquetermina-

418 2647 526 2706 tur,
547 2630 668 2694 haec
694 2637 919 2709 phoenix
965 2639 1330 2695 accidentium
1370 2640 1704 2712 prOprietate
1753 2644 2021 2700 discerni-

415 2740 520 2788 tur.
554 2731 903 2788 Individuum
934 2747 1049 2788 non
1080 2733 1186 2788 nisi
1205 2733 1273 2788 de
1295 2749 1407 2790 uno
1438 2734 1546 2790 dici
1571 2742 1769 2806 potest.
1795 2737 2021 2808 Species

413 2829 630 2884 etiamsi
649 2829 719 2883 de
748 2844 860 2885 uno
901 2827 1020 2884 solo
1042 2828 1266 2896 dicitur,
1297 2829 1622 2886 universalis
1660 2838 1770 2897 est;
1815 2833 2015 2890 indivi-

413 2923 584 2976 duum
599 2936 727 2978 vero
752 2921 976 2977 nonnisi
1004 2920 1282 2996 singulare
1310 2930 1412 2977 est.

483 3013 558 3069 Ex
586 3031 791 3088 genere
839 3022 895 3070 et
923 3014 1253 3069 differentiis
1277 3016 1522 3085 speciem
1578 3017 1716 3072 ratio
1755 3019 1925 3089 capit,
1950 3034 2016 3074 ex

1669 252 1727 304 Β.
1773 252 2008 308 ODONIS
2053 254 2292 312 CAMER.
2338 261 2538 318 EPISC.

431 372 728 441 spondent,
751 383 808 426 et
827 373 1020 428 dicunt
1040 375 1187 445 quod
1226 375 1384 430 aliter
1414 393 1471 431 se
1499 379 1705 433 habent
1735 380 1803 434 ad
1831 382 2045 451 species
2067 387 2124 454 Α

3628 281 3652 333 1
3665 281 3780 334 080

2750 403 2820 452 De
2858 401 3150 457 individuo.

2217 488 2313 542 Est
2368 498 2548 545 autem
2618 492 2964 548 individuum
3023 501 3362 551 contractum
3425 502 3770 569 prOprietate

2145 575 2536 641 accidentium.
2563 586 2620 634 ut
2650 580 2719 634 de
2749 581 2900 636 nullo
2932 582 3172 649 dicatur;
3203 601 3328 641 nam
3361 588 3431 642 de
3458 589 3770 645 individuis

2142 664 2426 734 superiora
2466 666 2757 734 dicuntur;
2789 669 3072 726 individua
3124 689 3254 728 vero
3309 677 3379 730 de
3412 679 3587 735 nullo.
3626 676 3689 729 Et
3719 679 3764 735 si

2143 754 2360 824 species
2387 755 2639 826 pluribus
2668 774 2778 813 non
2811 759 2974 829 inest,
3007 765 3105 817 sed
3136 765 3314 821 solum
3365 769 3533 826 habet
3566 771 3768 826 indivi-

2143 845 2335 908 duum,
2360 845 2480 915 ipsa
2493 847 2717 916 quidem
2749 849 2951 905 dicitur
2967 852 3034 907 de
3063 854 3384 923 individuo;
3409 858 3760 915 individuum

2142 950 2272 989 vero
2312 936 2383 990 de
2424 937 2600 1005 nullo,
2649 945 2708 994 ut
2745 941 2815 994 de
2856 943 2958 998 hac
3005 960 3104 999 ave
3144 947 3392 1015 phoenix,
3443 956 3498 1005 et
3544 951 3612 1005 de
3656 952 3762 1007 hoc

2140 1027 2348 1081 mundo
2377 1030 2636 1095 mundus,
2670 1039 2724 1087 et
2755 1033 2824 1086 de
2878 1034 2979 1088 hac
3017 1036 3176 1091 stella
3217 1038 3318 1093 sol.
3356 1039 3417 1094 Et
3457 1040 3562 1096 hoc
3592 1044 3761 1098 modo

2143 1116 2345 1171 dicitur
2374 1119 2720 1175 individuum
2737 1125 3043 1179 secundum
3065 1127 3395 1195 universale,
3430 1145 3539 1184 non
3561 1146 3762 1186 secun-

2142 1205 2271 1260 dum
2301 1213 2506 1272 totum;
2537 1227 2661 1264 nam
2718 1220 2774 1268 et
2813 1214 2868 1267 in
2907 1221 3022 1270 toto
3077 1223 3161 1270 est
3198 1217 3564 1287 individuum,
3607 1223 3760 1292 quod

2141 1313 2265 1352 cum
2300 1298 2371 1354 sit
2408 1316 2536 1370 pars
2565 1303 2751 1367 totius,
2785 1313 2840 1359 et
2879 1306 2934 1359 in
2961 1306 3086 1376 ipso
3116 1307 3394 1363 dividatur
3431 1317 3627 1372 totum.
3663 1313 3756 1383 ip-

2137 1401 2256 1440 sum
2315 1395 2498 1443 tamen
2552 1406 2651 1460 pro
2676 1394 2945 1462 parvitate
2978 1396 3063 1450 sui
3095 1411 3204 1451 non
3237 1405 3420 1466 potest
3469 1400 3669 1468 dividi,
3699 1411 3761 1457 ut

2137 1477 2318 1532 unitas
2349 1477 2404 1530 in
2464 1494 2719 1546 numero,
2761 1489 3027 1551 punctum
3083 1485 3140 1538 in
3170 1485 3318 1541 linea
3346 1488 3434 1542 vel
3474 1495 3754 1560 tempore,

2138 1566 2322 1622 littera
2348 1568 2404 1622 in
2435 1570 2708 1639 oratione,
2741 1579 2958 1628 atomus
3014 1575 3071 1628 in
3102 1591 3357 1647 corpore.
3392 1578 3472 1633 Ita
3515 1588 3572 1634 et
3599 1582 3751 1651 quod

2083 1658 2190 1768 Sin
2220 1658 2624 1714 universalibus
2653 1661 2920 1725 infimum,
2975 1670 3030 1717 et
3056 1664 3113 1718 in
3146 1667 3275 1720 totis
3304 1678 3388 1722 est
3438 1669 3752 1734 minimum,

2131 1750 2333 1804 dicitur
2355 1751 2722 1808 individuum.
2757 1753 2867 1810 Hoc
2885 1755 3112 1825 quidem
3143 1759 3274 1828 quia
3300 1759 3356 1812 in
3395 1759 3610 1814 minora
3640 1777 3753 1816 non

2132 1842 2425 1911 dividitur;
2459 1845 2594 1900 illud
2625 1861 2754 1903 vero
2769 1848 2898 1918 quia
2923 1849 2991 1904 de
3015 1850 3373 1907 inferioribus
3402 1868 3511 1908 non
3542 1857 3754 1925 prmdi-

2132 1939 2287 1986 catur
2323 1932 2673 1989 individuum
2707 1941 2852 1991 totus
2877 1939 3182 2005 constituit,
3229 1948 3282 1995 et
3308 1956 3418 1997 non
3452 1945 3749 1999 constitui-

2133 2026 2238 2086 tur,
2271 2021 2616 2077 individuum
2649 2024 2979 2081 universalis
3009 2027 3208 2084 dividit
3231 2037 3288 2085 et
3324 2046 3438 2086 non
3454 2031 3751 2097 dividitur.

2134 2111 2485 2168 lndividuum
2526 2115 2694 2170 totius
2734 2118 2970 2188 primum
3019 2127 3102 2175 est
3138 2121 3193 2175 in
3227 2123 3622 2178 constitutione
3663 2131 3751 2180 to-

2133 2201 2264 2270 tius,
2295 2205 2637 2260 individuum
2657 2208 2983 2264 universalis
3008 2210 3262 2266 ultimum
3287 2214 3446 2268 estin
3475 2214 3750 2270 divisione

2141 2295 2488 2352 universalis.
2537 2299 2884 2356 lndividuum
2925 2302 3274 2373 universalis,
3315 2305 3493 2375 ipsum
3525 2307 3752 2361 univer-

2139 2383 2273 2445 sale,
2299 2390 2471 2441 totum
2503 2395 2558 2442 et
2588 2389 2893 2460 perfectum
2921 2393 3086 2447 habet
3105 2392 3160 2447 in
3183 2410 3266 2460 se,
3295 2396 3638 2452 individuum
3665 2407 3750 2452 to-

2135 2471 2244 2526 tius
2275 2473 2345 2528 de
2388 2482 2500 2532 toto
2534 2478 2671 2532 nihil
2700 2480 2865 2534 habet
2888 2481 2939 2534 in
2971 2498 3031 2536 se
3054 2490 3256 2552 prmter
3293 2500 3372 2538 se.

2733 2576 2801 2626 De
2842 2575 3131 2642 singulari.

2193 2651 2483 2724 Singulare
2535 2672 2666 2712 vero
2720 2659 2936 2724 dicitur,
2982 2662 3130 2732 quod
3180 2663 3366 2735 aliqua
3409 2665 3749 2736 prOprietate

2119 2738 2450 2798 discernitur
2500 2745 2568 2799 ab
2623 2747 2884 2803 omnibus
2937 2750 3077 2804 aliis.
3143 2751 3266 2807 Hmc
3316 2762 3502 2809 autem
3550 2756 3744 2809 unius-

2115 2829 2383 2900 cujusque
2408 2833 2488 2887 rei
2518 2834 2779 2891 discretio
2807 2837 2876 2891 ab
2905 2839 3026 2893 aliis
3055 2840 3340 2907 omnibus,
3376 2857 3490 2897 non
3513 2850 3727 2898 tantum

2119 2921 2176 2976 in
2216 2923 2517 2982 individuis
2565 2939 2667 2996 est,
2706 2933 2806 2985 sed
2835 2939 2890 2986 et
2943 2934 2998 2987 in
3051 2935 3479 2992 universalibus.
3519 2938 3740 2993 Habent

2118 3011 2268 3066 enim
2299 3023 2354 3068 et
2411 3017 2744 3072 universalia
2774 3035 2901 3074 suas
2944 3023 3333 3092 prOprietates,
3374 3025 3578 3096 quibus
3633 3031 3738 3084 etsi

413 3085 844 3177 proprietatibus
873 3103 1242 3158 accidentium
1265 3103 1608 3160 individuum
1634 3122 1830 3162 sensus
1849 3124 2021 3182 agno-
2045 3085 2094 3153 Ο
2123 3114 2233 3155 non
2257 3117 2445 3170 sensu.
2480 3106 2693 3161 ratione
2725 3116 2908 3164 tamen
2929 3111 3324 3168 discernuntur
3355 3115 3423 3168 ab
3451 3116 3594 3178 aliis,
3630 3117 3735 3171 Ra-

409 3195 528 3249 scit.
563 3194 644 3248 Ad
673 3193 1009 3249 universalia
1030 3192 1176 3248 valet
1206 3193 1344 3248 ratio
1376 3194 1605 3250 rationis
1645 3195 1892 3267 interior,
1945 3199 2013 3253 ad

409 3283 712 3354 singularia
736 3296 865 3338 vero
905 3280 1148 3355 cognitio
1191 3281 1468 3337 sensualis
1511 3284 1768 3341 exterior.
1813 3287 2014 3342 lndivi-

409 3376 519 3429 dua
547 3373 822 3428 sentimus
865 3372 1249 3444 corporaliter,
1301 3375 1632 3432 universalia
1678 3380 2017 3451 percipimus

409 3465 765 3521 rationaliter.
791 3465 852 3519 Et
881 3464 1102 3536 quando
1133 3465 1202 3520 de
1231 3465 1352 3524 solo
1380 3469 1595 3538 Species
1628 3469 1832 3525 dicitur
1871 3473 2017 3528 indi-

405 3557 598 3624 viduo,
628 3556 968 3611 tantumdem
1001 3555 1257 3611 accidens
1295 3556 1482 3612 dicere
1537 3565 1592 3612 et
1628 3558 1698 3613 de
1729 3560 2014 3619 individuo

406 3645 550 3700 valet
567 3651 622 3700 ct
642 3643 941 3716 despecics
959 3643 1210 3714 quamvis
1221 3645 1598 3717 principaliter
1623 3655 1680 3703 et
1693 3649 1871 3720 primo
1894 3651 2012 3709 loco

409 3737 520 3791 sint
547 3735 604 3790 in
634 3733 937 3790 individuis
963 3733 1294 3790 accidentia.

404 3879 546 3942 Quod
588 3880 649 3932 z'n
700 3890 1016 3948 unoquoque
1043 3873 1457 3934 discernendum
1492 3885 1571 3934 est
1603 3883 1945 3940 individuum
1980 3901 2015 3942 α

1112 3984 1298 4039 δρεστθ.

474 4098 645 4170 Igitur
668 4097 891 4169 quando
927 4097 1166 4168 primum
1198 4096 1371 4154 factus
1411 4106 1495 4154 est
1532 4100 1718 4167 homo,
1770 4103 2012 4159 humana

401 4188 585 4242 anima
615 4185 756 4242 facta
786 4187 936 4257 prius
975 4185 1156 4240 inuno
1187 4186 1494 4255 individuo,
1526 4195 1582 4242 et
1610 4189 1814 4245 deinde
1838 4191 2012 4248 divisa

398 4281 454 4334 in
477 4280 607 4347 alio,
628 4279 804 4349 ipsius
830 4280 1083 4332 humanm
1098 4277 1296 4333 animm
1326 4285 1540 4347 natura,
1562 4279 1618 4333 in
1648 4281 1860 4338 duabus
1886 4299 2012 4355 per-

398 4368 554 4424 sonis
591 4375 710 4422 erat
738 4366 918 4421 omnis
958 4374 1012 4420 et
1042 4372 1173 4433 tota,
1202 4367 1402 4434 omnis,
1437 4367 1683 4438 inquam,
1713 4371 1844 4442 quia
1873 4388 2005 4428 nus-

397 4479 561 4535 quam
592 4469 711 4517 erat
739 4469 892 4516 extra
939 4460 1086 4514 illas:
1133 4466 1265 4525 tota,
1307 4462 1439 4534 quia
1492 4464 1694 4535 cuique
1730 4437 2090 4537 ‘pcrsoan

395 4555 534 4609 nihil
555 4554 746 4609 deerat
770 4554 1025 4607 humanm
1050 4551 1270 4607 animm.
1300 4553 1436 4608 Audi
1472 4555 1593 4622 tria,
1641 4562 1696 4610 et
1724 4556 1999 4615 discerne.

394 4645 518 4698 Erat
555 4643 799 4696 humana
827 4641 1032 4709 anima,
1061 4647 1179 4696 erat
1207 4641 1390 4697 anima
1415 4643 1565 4708 Adm,
1600 4651 1717 4700 erat
1739 4653 1793 4701 et
1821 4647 2004 4702 anima

396 4735 534 4789 Evm.
575 4733 697 4788 Tria
760 4740 891 4788 sunt
928 4732 1162 4799 diversa,
1221 4735 1404 4792 anima
1464 4735 1591 4790 Adae
1632 4736 2004 4807 individuum,

393 4823 510 4877 sive
537 4821 722 4876 dicere
749 4821 910 4888 velis,
944 4821 1247 4896 singulare,
1289 4823 1404 4879 sive
1436 4840 1749 4894 personam,
1783 4843 1905 4898 qum
1938 4829 2009 4884 de

393 4910 546 4966 nullo
595 4908 816 4965 dicitur.
861 4909 1129 4964 Similiter
1169 4911 1352 4965 anima
1376 4911 1501 4968 Evm
1534 4913 1877 4970 individuum
1927 4925 2010 4973 est

389 5001 514 5056 sine
536 5013 793 5069 persona,
834 4999 950 5054 sive
975 4999 1277 5073 singulare,
1308 5001 1456 5072 quod
1501 5002 1570 5058 de
1602 5003 1753 5059 nullo
1784 5005 2004 5062 dicitur.

393 5091 646 5145 llumana
675 5090 861 5146 anima
892 5099 1086 5147 natura
1112 5092 1372 5163 specialis
1398 5101 1499 5161 est,
1546 5110 1656 5150 non
1698 5095 2002 5167 individua,

390 5184 491 5240 sed
531 5185 842 5240 communis
870 5202 992 5258 qum
1035 5186 1238 5242 dicitur
1287 5187 1354 5242 de
1410 5188 1624 5244 duabus
1669 5191 1922 5261 personis
1951 5201 2006 5248 et

390 5270 658 5327 dividitur
687 5273 742 5328 in
781 5275 936 5346 ipsis.
965 5277 1226 5332 Discerne
1250 5277 1353 5333 tria
1382 5278 1520 5345 haec,
1553 5295 1656 5335 nec
1679 5281 1798 5336 solo
1837 5296 2000 5337 sensu

389 5362 564 5418 utaris
581 5363 636 5416 in
671 5363 1062 5433 discernendo,
1081 5368 1178 5423 sed
1194 5378 1248 5424 et
1270 5369 1513 5436 ratione;
1534 5387 1636 5426 nec
1647 5371 1795 5426 enim
1809 5388 1999 5439 sensu,

387 5449 486 5504 sed
515 5449 635 5505 sola
675 5452 885 5509 ratione
919 5455 1255 5512 discernitur
1312 5458 1656 5514 individuum
1699 5477 1730 5513 a
1787 5462 1992 5531 specie.

386 5543 492 5597 Sed
525 5549 588 5598 ut
619 5541 738 5594 hmc
767 5544 978 5604 facilius
1016 5551 1322 5621 capiantur,
1365 5552 1602 5609 dicenda
1640 5561 1769 5610 sunt
1826 5571 1999 5626 pauca

384 5633 450 5685 de
471 5626 790 5698 individuo,
823 5639 907 5693 vel
935 5640 1223 5713 singulari,
1263 5643 1348 5699 vel
1386 5660 1638 5712 persona.

2116 3193 2191 3249 tio
2223 3210 2459 3268 namque
2503 3205 2751 3254 naturam
2803 3203 3196 3259 universalium
3237 3206 3288 3261 vi
3320 3223 3432 3262 sum
3463 3211 3733 3282 sagacita-

2114 3287 2182 3341 tis
2211 3295 2266 3343 et
2295 3290 2461 3359 capit,
2493 3299 2546 3345 et
2576 3292 2644 3345 ab
2665 3293 2901 3350 invicem
2935 3304 2991 3351 et
3011 3296 3080 3350 ab
3109 3297 3410 3354 individuis
3439 3300 3732 3366 discernit,

2118 3389 2195 3448 ut,
2229 3384 2479 3453 quamvis
2511 3387 2623 3441 sint
2649 3390 2962 3444 communia
2991 3407 3102 3447 sum
3133 3400 3318 3449 tamen
3344 3397 3601 3451 essentim
3616 3397 3732 3451 sin-

2115 3473 2458 3545 gularitatem
2498 3479 2792 3547 quamdam
2827 3481 3089 3550 habeant,
3121 3485 3262 3540 sicut
3285 3485 3589 3541 individua.
3640 3487 3729 3542 Est

2116 3565 2282 3637 igitur
2311 3568 2490 3621 omnis
2511 3571 2754 3626 essentia
2781 3573 3095 3645 singularis,
3121 3582 3231 3630 tam
3263 3577 3550 3631 individua
3569 3594 3723 3648 quam

2115 3656 2463 3725 universalis,
2494 3668 2683 3731 utpote
2709 3663 2924 3719 habens
2947 3667 3201 3722 essentia:
3223 3684 3337 3722 sum
3366 3668 3718 3742 singularita-

2114 3754 2248 3814 tem,
2272 3765 2381 3820 qua
2405 3751 2686 3825 sigillatim
2731 3755 3022 3826 inspicitur
3053 3757 3120 3812 ab
3153 3758 3296 3812 aliis.
3339 3759 3402 3814 Et
3429 3759 3509 3814 sic
3530 3759 3728 3814 indivi-

2115 3840 2283 3896 duum
2323 3857 2508 3910 omne,
2541 3846 2850 3920 singulare;
2881 3865 2990 3904 non
3017 3857 3200 3905 autem
3240 3865 3408 3907 omne
3443 3852 3723 3927 singulare

2117 3933 2484 4004 individuum,
2515 3938 2645 4008 quia
2671 3955 2782 3995 non
2819 3948 2903 3994 est
2941 3941 3314 4010 individuum,
3349 3943 3453 3998 nisi
3485 3945 3632 4015 quod
3662 3945 3729 3998 de

2117 4027 2268 4084 nullo
2299 4027 2522 4098 dicitur,
2553 4031 2830 4104 singulare
2864 4040 3049 4088 autem
3071 4038 3257 4090 o'mne.

2747 4125 2816 4174 De
2849 4135 3097 4189 persona.

2186 4203 2428 4259 Persona
2454 4220 2584 4260 vero
2618 4214 2700 4260 est
2723 4206 3071 4264 individuum
3101 4209 3384 4266 rationalis
3416 4218 3645 4275 naturm,
3676 4221 3734 4266 ut

2113 4291 2361 4348 omnium
2395 4293 2806 4350 individuorum
2833 4312 2898 4352 ea
2919 4297 3036 4352 sola
3061 4298 3312 4354 dicantur
3332 4314 3586 4369 personm
3607 4317 3728 4372 qum

2113 4399 2225 4439 non
2263 4393 2453 4441 carent
2485 4387 2725 4454 ratione;
2759 4403 2872 4443 non
2903 4399 2986 4443 est
3025 4389 3193 4463 igitur
3230 4391 3286 4445 in
3323 4391 3731 4448 universalihus

2109 4488 2368 4543 persona,
2420 4491 2523 4530 nec
2561 4476 2618 4530 in
2659 4477 2960 4532 individuis
2991 4478 3101 4532 illis
3131 4495 3255 4550 qum
3295 4495 3407 4535 non
3459 4491 3586 4535 sunt
3640 4499 3724 4535 ra-

2106 4567 2410 4623 tionabilia.
2467 4569 2556 4624 Est
2613 4571 2777 4643 igitur
2831 4571 3178 4627 individuum
3231 4573 3413 4628 omnis
3471 4591 3726 4644 persona,

2104 4655 2204 4709 sed
2236 4671 2347 4711 non
2377 4672 2543 4711 omne
2570 4658 2916 4714 individuum
2950 4676 3210 4731 persona.
3242 4661 3304 4716 Et
3335 4663 3416 4717 sic
3439 4663 3510 4716 ad
3534 4663 3732 4718 indivi-

2109 4743 2278 4799 duum
2297 4761 2531 4816 persona
2560 4755 2619 4801 ut
2657 4754 2739 4802 est
2759 4747 3105 4803 individuum
3131 4748 3201 4804 ad
3232 4749 3533 4823 singulare.
3581 4752 3728 4807 Divi-

2110 4837 2190 4893 dit
2235 4838 2290 4892 in
2328 4838 2433 4894 tria
2457 4841 2847 4911 grammaticus
2877 4841 3019 4896 hanc
3047 4847 3365 4912 personam,
3409 4843 3464 4896 in
3496 4845 3727 4914 primam

2111 4931 2344 4998 scilicet,
2375 4932 2676 4986 secundam
2711 4941 2764 4986 et
2795 4932 3035 4987 tertiam.
3064 4934 3125 4988 Et
3147 4935 3321 5004 prima
3348 4935 3575 5006 quidem
3608 4953 3728 5007 qum

2111 5020 2376 5091 loquitur,
2409 5028 2464 5076 et
2493 5021 2735 5076 secunda
2756 5023 2844 5076 cui
2874 5021 2939 5075 fit
2965 5037 3172 5088 sermo,
3206 5038 3316 5077 non
3346 5023 3454 5077 nisi
3486 5025 3728 5079 rationa-

2110 5110 2221 5165 bile
2251 5110 2599 5166 individuum
2631 5118 2729 5165 est.
2763 5111 2824 5165 Et
2854 5111 2980 5166 ideo
3012 5119 3160 5166 recte
3189 5127 3425 5181 persona
3456 5122 3560 5167 est.
3589 5115 3722 5167 Ter-

2105 5200 2180 5254 tia
2208 5214 2338 5255 vero
2370 5200 2438 5254 de
2467 5215 2576 5270 qua
2616 5198 2675 5254 ﬁt
2717 5215 2921 5267 sermo,
2966 5201 3188 5272 quando
3244 5201 3592 5256 rationabilis
3621 5212 3720 5264 est,

2104 5295 2157 5344 et
2186 5289 2304 5359 ipsa
2331 5299 2478 5345 recte
2508 5304 2742 5360 persona
2792 5298 2897 5345 est.
2929 5291 3037 5345 Sed
3069 5291 3124 5345 in
3166 5291 3269 5346 hac
3298 5292 3460 5346 tertia
3492 5308 3726 5363 persona

2103 5378 2409 5434 secundum
2455 5380 2873 5453 grammaticum
2923 5379 2984 5434 tit
3041 5381 3295 5451 qumstio,
3356 5383 3454 5452 qui
3513 5381 3726 5435 tertiam

2103 5483 2394 5539 personam
2428 5467 2581 5534 dicit,
2615 5468 2750 5522 dicit
2778 5482 2941 5523 omne
2974 5467 3043 5521 de
3097 5482 3206 5537 quo
3238 5468 3298 5522 fit
3333 5483 3537 5524 sermo.
3575 5468 3728 5530 Quo-

2100 5557 2264 5614 modo
2287 5557 2434 5611 enim
2467 5571 2702 5627 persona
2741 5564 2844 5622 est,
2899 5555 3046 5627 quod
3079 5555 3429 5610 individuum
3462 5555 3733 5612 rationale

2101 5665 2212 5705 non
2231 5655 2314 5703 est
2333 5648 2361 5699 ?
2378 5647 2484 5703 Sed
2510 5645 2792 5718 quomodo
2807 5646 3016 5715 pictura
3039 5653 3273 5716 prOpter
3305 5645 3732 5703 similitudinem
