3938 6206
279 276 411 338 1081

1333 261 1412 314 DE
1450 256 1737 313 PECCATO
1785 254 2144 311 ORIGINALI.
2189 289 2256 298 —
2297 260 2404 312 LIB
2472 261 2534 312 ll.

3459 263 3480 317 1
3492 262 3598 318 082

279 401 504 465 dicitur,
547 404 600 452 et
629 411 740 451 non
769 395 1058 455 esthomo,
1081 397 1136 445 et
1162 403 1391 461 quarum
1416 401 1550 440 usus
1571 390 1656 438 est
1681 383 1738 436 in
1763 396 1884 436 sce-
1920 384 1970 449 Α
1997 382 2198 438 infecta
2224 391 2305 439 est
2322 391 2549 455 peccato
2577 393 2686 440 tota
2719 394 2911 440 natura
2943 389 3194 441 humanae
3225 389 3452 453 animae;
3478 403 3598 458 qum

276 493 364 546 nis
395 508 492 562 per
531 486 952 542 similitudinem
995 483 1254 537 dicuntur
1319 491 1591 548 personae,
1650 474 1749 528 sed
1784 487 1893 527 non

276 559 408 635 sunt
449 577 684 648 prepriae
725 573 806 628 sic
837 571 1182 626 individuum
1215 567 1361 638 quod
1386 563 1597 618 ratione
1637 568 1786 615 caret
1813 559 1896 612 di-

276 667 684 738 citurquidem,
706 663 802 717 sed
828 666 1034 716 nonest
1059 657 1218 713 tertia
1243 670 1506 726 persona;
1529 652 1694 705 habet
1714 658 1895 703 autem

282 754 580 811 locutionis
621 751 1014 822 preprietatem
1057 746 1219 810 ratio,
1253 751 1313 799 ut
1371 743 1422 796 id
1457 747 1666 796 tantum
1700 738 1900 792 habeat

277 848 615 903 locutionem
673 844 820 915 quod
863 841 1030 895 habet
1069 839 1357 893 rationem.
1418 834 1686 889 Dividitur
1733 831 1902 905 igitur

281 937 646 1009 personalitas
670 933 902 988 rationis
929 929 1234 985 secundum
1263 926 1636 981 diversitatem
1670 922 1898 977 locutio-

279 1028 390 1090 nis,
416 1034 474 1080 ut
503 1025 682 1095 prima
715 1035 949 1092 persona
985 1018 1057 1072 sit
1088 1033 1212 1088 qua
1252 1015 1382 1069 facit
1413 1013 1769 1076 locutionem,
1811 1026 1901 1064 se-

277 1115 462 1170 cunda
492 1113 579 1168 cui
612 1111 671 1166 tit
692 1109 920 1175 locutio,
953 1107 1119 1162 tertia
1150 1106 1218 1159 de
1259 1120 1368 1174 qua
1400 1103 1460 1157 tit
1498 1100 1708 1156 locutio
1759 1100 1897 1170 ipsa.

281 1205 538 1260 Personis
560 1203 724 1275 igitur
756 1202 860 1256 hoc
893 1199 1057 1254 modo
1091 1197 1282 1251 divisis
1310 1194 1616 1249 secundum
1644 1199 1755 1246 tres
1785 1207 1903 1246 mo-

280 1299 384 1352 dos
411 1294 728 1357 locutionis,
755 1291 927 1346 tertia?
971 1304 1226 1360 persona:
1256 1287 1448 1341 tertius
1483 1301 1581 1356 per
1609 1284 1900 1355 quamdam

279 1387 703 1444 similitudinem
736 1383 996 1438 convenit
1024 1380 1315 1445 universis,
1351 1394 1475 1431 nam
1509 1377 1653 1431 sicut
1691 1375 1902 1429 locutio

277 1482 340 1536 ﬁt
367 1482 434 1535 de
463 1477 715 1533 rationali
755 1475 1062 1539 individuo,
1096 1473 1170 1526 ita
1203 1472 1269 1525 de
1292 1468 1552 1525 omnibus
1573 1467 1696 1521 aliis
1727 1473 1904 1537 potest

278 1569 401 1623 ﬁeri
431 1581 630 1621 sermo.
670 1565 892 1619 Rectum
922 1561 1146 1632 quidem
1177 1569 1265 1613 est
1308 1557 1578 1611 familiare
1620 1554 1905 1609 rationali—

278 1661 408 1724 bus,
448 1657 554 1712 sibi
589 1655 734 1709 etde
764 1669 822 1708 se
857 1652 1090 1706 invicem
1126 1651 1306 1704 facere
1344 1648 1707 1711 locutionem,
1741 1652 1796 1699 et
1847 1645 1903 1698 in

281 1764 386 1802 suo
412 1761 618 1820 genere
651 1759 809 1798 suum
843 1742 1126 1796 continere
1152 1737 1457 1809 proprium,
1489 1735 1640 1807 quod
1668 1735 1734 1788 ad
1757 1733 1904 1788 aliud

283 1837 582 1894 transferre
603 1834 822 1889 videtur
852 1833 1008 1904 quasi
1043 1831 1306 1885 alienum.
1343 1829 1450 1883 Sed
1493 1827 1625 1898 quia
1659 1841 1907 1881 necessa-

282 1931 427 1985 rium
453 1938 535 1984 est
575 1925 935 1982 rationalibus
980 1922 1314 1995 quandoque
1356 1938 1516 1976 suum
1548 1936 1723 1994 genus
1752 1935 1908 1973 exce-

279 2020 436 2085 dere,
467 2025 520 2071 et
558 2017 629 2070 de
685 2014 881 2068 alienis
912 2012 1248 2068 locutionem
1313 2011 1513 2073 facere,
1556 2009 1736 2063 aliena
1790 2009 1907 2078 ipsa

283 2124 572 2180 personas,
609 2113 662 2161 et
701 2106 747 2159 si
778 2119 890 2158 non
945 2109 1091 2167 sunt,
1128 2102 1316 2156 tertias
1350 2101 1604 2165 dicimus,
1639 2114 1705 2154 eo
1759 2098 1904 2169 quod

283 2203 340 2254 in
373 2200 456 2253 eis
492 2197 664 2253 tertiae
698 2211 944 2267 personae
966 2194 1168 2264 polleat
1199 2191 1526 2257 similitudo,
1570 2191 1623 2244 in
1656 2205 1722 2244 eo
1755 2190 1903 2260 quod

285 2292 355 2345 de
385 2291 518 2362 ipsis
558 2288 685 2360 quis
713 2285 910 2340 alienis
933 2284 1027 2339 ﬁat
1061 2285 1285 2339 locutio.
1311 2283 1448 2337 Sunt
1475 2283 1640 2354 igitur
1670 2281 1901 2336 aliater-

285 2380 381 2434 tiai
407 2393 654 2448 personae
687 2392 784 2447 per
801 2374 1241 2437 similitudinem,
1274 2371 1621 2426 rationabilia
1649 2385 1779 2424 vero
1808 2386 1904 2440 per

285 2469 702 2540 proprietatem,
745 2467 875 2538 quia
924 2464 1219 2520 locutionis
1246 2462 1488 2518 officium
1536 2461 1603 2516 ad
1638 2460 1902 2515 rationale

283 2562 510 2633 preprie
538 2561 775 2632 pertinet
803 2557 1172 2613 individuum.
1198 2556 1350 2610 Nunc
1376 2553 1742 2608 redeamusad
1774 2568 1901 2623 pro-

281 2655 523 2726 positum

633 2763 775 2823 Quod
802 2761 979 2814 multa
1017 2765 1148 2814 sunt
1177 2758 1314 2812 bona
1333 2758 1551 2810 animae.

365 2878 424 2930 ln
453 2874 724 2944 principio
750 2871 971 2943 quando
994 2872 1286 2926 humanam
1305 2868 1541 2922 animam
1575 2865 1718 2920 Deus
1746 2880 1902 2919 crea-

288 2965 389 3029 vit,
432 2963 679 3033 pluribus
709 2961 872 3016 bonis
901 2960 1048 3014 illam
1077 2957 1392 3013 cumulavit.
1427 2956 1586 3010 Dedit
1612 2956 1901 3015 rationem.

1996 475 2303 529 communis
2333 475 2638 530 substantia
2693 484 2795 540 est,
2849 485 2930 530 est
2983 479 3243 548 specialis
3285 479 3598 549 utriusque.

1999 560 2155 615 Extra
2186 562 2282 615 has
2311 563 2458 616 enim
2492 563 2735 617 nondum
2769 572 2850 618 est
2877 579 2994 618 eam
3037 581 3178 620 esse.
3213 565 3265 620 Si
3297 567 3442 621 enim
3468 566 3604 620 fuis-

1999 656 2080 703 set
2111 651 2168 703 in
2198 651 2321 705 aliis
2370 652 2566 718 divisa,
2609 669 2708 723 pro
2766 653 2901 723 ipsis
2945 655 3080 708 solis
3119 671 3228 710 non
3287 655 3606 710 inficeretur

2001 746 2133 793 tota.
2173 740 2307 804 Quia
2336 741 2380 794 si
2413 749 2733 811 peccassent
2780 741 2916 807 istae,
2962 742 3187 797 forsitan
3228 760 3338 799 non
3381 759 3603 814 peccas-

1999 832 2281 897 sentalias,
2317 834 2372 886 in
2401 833 2605 904 quibus
2635 840 2778 888 esset
2807 834 2955 888 salva
2996 835 3248 889 humana)
3280 835 3475 889 animm
3509 852 3604 888 na—

2002 930 2141 975 tura.
2177 923 2331 978 Nunc
2347 931 2532 978 autem
2562 924 2652 977 ubi
2680 931 2896 994 poterat
2924 925 3108 980 anima
3132 926 3370 980 humana
3400 925 3606 980 munda

2003 1028 2124 1068 esse
2151 1031 2271 1085 qua:
2312 1016 2583 1084 peccatrix
2612 1024 2729 1072 erat
2757 1015 3004 1088 ubique?

2002 1125 2258 1186 Quomodo
2289 1125 2532 1179 humana
2561 1133 2765 1180 natura
2796 1143 2891 1196 per
2918 1144 2972 1182 se
3009 1145 3120 1183 non
3173 1135 3377 1197 peccat,
3409 1128 3497 1182 sed
3518 1142 3614 1196 per

2657 1235 2958 1286 personam.

2074 1305 2176 1358 Sed
2220 1305 2360 1360 forte
2391 1307 2537 1361 dicet
2567 1308 2800 1379 aliquis:
2835 1310 2888 1362 Si
2925 1318 3116 1364 natura
3147 1309 3476 1374 communis,
3513 1309 3610 1362 hu-

2006 1411 2166 1449 mana
2198 1395 2406 1450 scilicet
2437 1397 2621 1451 anima
2653 1399 2901 1469 peccavit
2958 1400 3011 1453 in
3053 1399 3322 1470 personis,
3355 1399 3477 1470 quis
3517 1414 3616 1468 po-

2003 1493 2108 1541 test
2139 1503 2344 1558 negare
2373 1488 2614 1558 speciem
2668 1506 2923 1559 peccasse
2950 1494 2976 1544 ?
3019 1491 3122 1545 Sed
3173 1490 3468 1545 absurdum
3536 1496 3620 1542 est

2005 1575 2110 1628 hoc
2148 1575 2335 1630 dicere
2387 1577 2453 1630 de
2509 1577 2627 1647 ipsa
2669 1579 2879 1648 specie,
2939 1587 2992 1633 et
3032 1580 3168 1650 ipsis
3213 1577 3618 1634 universalibus

1932 1695 1980 1762 Β
2005 1664 2285 1720 ascribere
2307 1665 2454 1736 quod
2482 1666 2613 1720 solis
2631 1668 3158 1738 convenitpersonis
3205 1669 3471 1722 Praeterea
3489 1666 3613 1720 uni-

2005 1756 2239 1811 versalia
2278 1773 2498 1826 semper
2535 1764 2663 1811 sunt
2709 1758 2857 1828 quod
2896 1769 3044 1823 sunt,
3093 1766 3162 1823 et,
3218 1764 3496 1828 utcunque
3528 1772 3617 1810 va-

2007 1852 2216 1906 rientur
2272 1852 2575 1918 individua,
2608 1854 2919 1907 consistunt
2947 1852 3360 1906 immutabiliter
3389 1850 3615 1905 univer-

2005 1942 2161 2006 salia,
2204 1950 2257 1996 et
2295 1943 2545 2013 quamvis
2584 1942 2651 1995 de
2695 1943 2827 2012 ipsis
2857 1959 2984 1996 vere
3033 1942 3246 1995 dicatur
3281 1939 3616 1994 mutabilitas

2007 2031 2439 2097 individuorum,
2471 2048 2580 2086 non
2630 2038 2713 2086 est
2740 2040 2922 2086 tamen
2955 2032 3007 2084 in
3054 2030 3207 2100 ipsis.
3245 2029 3353 2082 Sed
3384 2044 3489 2083 nec
3515 2043 3617 2082 nos

2007 2122 2240 2175 dicimus
2262 2122 2433 2192 ipsam
2466 2121 2709 2191 Speciem
2741 2137 2841 2190 per
2869 2136 2948 2184 se,
2991 2121 3089 2173 sed
3117 2119 3170 2172 in
3198 2118 3330 2174 solis
3363 2117 3615 2187 personis

2007 2226 2284 2281 peccasse.
2329 2210 2388 2264 Et
2415 2210 2665 2282 quamvis
2708 2209 2776 2262 de
2819 2209 3220 2262 universalibus
3245 2207 3496 2262 dicantur
3528 2206 3616 2259 in-

2005 2303 2352 2358 dividuorum
2383 2301 2711 2369 accidentia,
2741 2316 2852 2356 non
2879 2308 3060 2355 tamen
3093 2306 3219 2354 sunt
3252 2299 3304 2352 in
3337 2298 3617 2352 universa-

2005 2396 2148 2449 libus
2194 2394 2350 2464 ipsis,
2395 2395 2498 2449 hoc
2529 2394 2677 2464 quod
2709 2400 2859 2459 sunt,
2902 2392 2998 2446 sed
3054 2391 3173 2446 loco
3213 2389 3281 2444 ab
3315 2389 3614 2443 individuis

2002 2485 2277 2550 secundo;
2315 2501 2438 2538 nam
2480 2484 2626 2539 sicut
2653 2484 2884 2538 diversa:
2916 2490 3044 2537 sunt
3069 2482 3136 2536 ab
3164 2479 3466 2534 individuis
3485 2495 3612 2549 spe-

2001 2577 2137 2643 cies,
2170 2576 2424 2630 similiter
2455 2583 2509 2630 et
2541 2591 2730 2630 eorum
2777 2573 3160 2644 proprietates,
3204 2578 3263 2626 ut
3289 2569 3528 2626 hominis
3547 2585 3612 2624 ea

2003 2669 2311 2740 proprietas
2341 2668 2486 2739 quod
2526 2666 2743 2737 species
2774 2673 2874 2731 est,
2903 2665 3051 2736 quod
3083 2662 3414 2727 universale,
3461 2660 3609 2732 quod

2002 2780 2314 2829 commune,
2345 2764 2491 2833 quod
2517 2761 2760 2817 essentia
2791 2759 3255 2816 incommutabilis
3294 2758 3347 2812 in
3374 2773 3432 2811 se
3463 2755 3608 2828 quod

2003 2857 2070 2910 de
2118 2855 2367 2925 pluribus
2413 2855 2633 2917 dicitur,
2705 2861 2757 2907 et
2800 2860 2996 2906 caetera
3037 2850 3240 2922 quibus
3280 2849 3611 2904 universalia

2005 2948 2392 3003 discernuntur
2419 2947 2486 3000 ab
2527 2945 2845 3006 individuis,
2871 2959 2982 2998 non
3015 2943 3274 2998 convenit
3302 2941 3435 3012 ipsis
3465 2941 3609 2995 indi-

291 3072 402 3127 qua
424 3056 734 3109 Creatorem
777 3053 1116 3107 discerneret
1145 3067 1176 3104 a
1202 3055 1479 3112 creatura;
1520 3047 1673 3102 dedit
1701 3046 1899 3101 volun-
1926 3061 1974 3128 ρ
2003 3041 2202 3095 viduis.
2247 3039 2513 3093 Similiter
2551 3038 2696 3108 quod
2741 3038 2926 3092 Petrus
2957 3037 3302 3090 individuum
3345 3045 3448 3100 est,
3482 3051 3609 3105 per-

287 3156 459 3204 tatem
489 3157 544 3202 et
567 3145 863 3201 voluntatis
892 3143 1200 3206 arbitrium,
1232 3147 1292 3196 ut
1320 3157 1386 3196 ex
1414 3139 1664 3203 arbitrio,
1699 3153 1808 3193 non
1835 3153 1901 3192 ex

289 3235 616 3292 necessitate
647 3234 814 3288 vellet
843 3232 990 3304 quod
1022 3231 1207 3296 vellet,
1239 3245 1349 3286 non
1377 3228 1527 3284 enim
1559 3227 1626 3280 ad
1660 3224 1901 3279 beatitu—

288 3329 476 3383 dinem
500 3334 616 3380 erat
642 3323 910 3396 cogenda,
936 3323 1005 3376 ad
1033 3337 1194 3392 quam
1225 3336 1336 3375 non
1359 3325 1442 3374 est
1465 3315 1898 3390 perveniendum

289 3416 397 3470 nisi
454 3414 766 3469 voluntaria
811 3411 1044 3480 justitia.
1102 3409 1324 3462 (lrnavit
1352 3423 1471 3462 eam
1508 3405 1743 3474 justitia,
1794 3419 1902 3474 qua

289 3513 592 3558 mereretur
623 3501 744 3555 ﬁeri
772 3502 951 3554 beata.
984 3499 1045 3552 Et
1083 3497 1383 3552 voluntatis
1419 3493 1647 3548 arbitrio
1685 3506 1900 3562 suppo-

289 3593 402 3649 suit
428 3609 571 3658 eam,
613 3599 672 3645 ut
719 3589 1001 3644 voluntate
1028 3587 1175 3654 justa
1227 3590 1374 3638 esset
1401 3597 1512 3637 non
1553 3580 1900 3636 necessitate.

290 3683 455 3740 Dedit
492 3690 546 3737 et
579 3681 827 3736 debitum
855 3679 1102 3747 iustitiae,
1163 3683 1222 3730 ut
1251 3673 1450 3728 debeat
1491 3671 1755 3740 justitiam
1811 3670 1904 3741 qui

289 3774 512 3844 accepit
533 3773 826 3842 justitiam,
859 3779 913 3825 et
939 3774 1192 3824 teneatur
1232 3765 1420 3820 debito
1461 3763 1686 3835 iustitiae
1719 3778 1830 3828 rea,
1859 3762 1906 3816 si

289 3866 575 3922 voluntate
617 3862 820 3918 deserit
879 3877 1042 3932 quam
1101 3872 1321 3927 semper
1358 3854 1562 3909 habere
1600 3852 1810 3907 debuit.
1846 3852 1906 3906 Et

291 3957 423 4029 quia
467 3956 534 4010 de
587 3954 811 4010 homine
849 3951 1091 4007 caelestis
1148 3957 1264 4002 erat
1318 3945 1652 4017 perficienda
1691 3943 1902 4009 civitas,

290 4047 420 4100 data
447 4049 530 4098 est
560 4043 756 4096 animae
781 4041 1038 4095 humanae
1067 4039 1150 4093 vis
1177 4033 1591 4108 propagationis
1605 4047 1901 4102 corporeae,

292 4145 353 4192 ut
392 4136 462 4190 de
495 4149 597 4188 suo
629 4147 861 4202 corpore
915 4145 1185 4204 generare
1221 4135 1388 4198 queat
1424 4142 1628 4196 corpus
1681 4123 1906 4178 alterius

289 4230 512 4292 animae,
545 4223 938 4294 coeperatione
967 4221 1132 4275 maris
1159 4220 1468 4275 ett‘eminae.
1501 4219 1636 4273 Ecce
1667 4218 1906 4271 humana

287 4321 500 4382 anima,
542 4324 620 4371 tot
640 4317 928 4369 honestata
960 4312 1143 4377 bonis,
1177 4312 1233 4365 in
1265 4311 1542 4380 principio
1568 4324 1679 4363 sua:
1709 4307 1900 4362 condi-

288 4411 485 4477 tionis,
506 4409 722 4463 duabus
754 4406 1008 4477 personis
1039 4405 1242 4468 clausa,
1274 4417 1377 4457 nec
1409 4401 1646 4455 exterius
1671 4415 1901 4470 usquam

293 4512 572 4576 protensa.

488 4613 631 4676 Quod
655 4615 714 4665 in
743 4612 902 4679 culpa
928 4621 1165 4678 personae
1191 4614 1268 4662 est
1296 4607 1456 4675 culpa
1476 4612 1710 4660 natura.

373 4706 504 4759 Ecce
537 4702 783 4773 peccavit
823 4709 1054 4770 utraque
1095 4713 1335 4768 persona
1389 4696 1746 4770 suggestione
1786 4709 1902 4749 ser-

297 4794 503 4866 pentis,
539 4791 810 4862 peccavit,
853 4790 1098 4861 inquam,
1132 4794 1361 4858 utraque
1392 4787 1627 4840 necdum
1652 4783 1908 4839 substan-

296 4886 427 4938 tiam
459 4897 614 4935 suam
648 4880 975 4934 habentibus
1027 4877 1160 4932 alibi
1200 4893 1362 4947 quam
1406 4875 1459 4927 in
1492 4890 1572 4940 se,
1615 4890 1735 4945 qua:
1766 4887 1910 4927 non-

296 4980 427 5032 dum
459 4982 576 5029 erat
602 4973 730 5026 alibi
777 4987 941 5042 quam
975 4970 1070 5024 ibi.
1109 4970 1162 5023 Si
1204 4984 1332 5023 vero
1376 4982 1615 5038 persona
1642 4965 1909 5036 peccavit,

297 5063 418 5114 sine
448 5076 548 5114 sua
579 5060 884 5114 substantia
916 5075 1024 5112 non
1057 5057 1320 5127 peccavit.
1376 5056 1463 5110 Est
1501 5071 1632 5130 ergo
1664 5069 1911 5124 personui

298 5149 609 5204 substantia
643 5155 866 5219 peccato
898 5148 1104 5213 vitiata,
1150 5154 1204 5201 et
1230 5146 1404 5200 inficit
1456 5151 1741 5216 peccatum
1770 5145 1907 5198 sub-

299 5240 581 5305 stantiam,
616 5256 738 5310 qua:
764 5253 1038 5309 nusquam
1080 5246 1161 5293 est
1202 5244 1353 5292 extra
1393 5236 1750 5306 peccatricem
1773 5250 1906 5306 per-

297 5347 513 5386 sonam.
545 5330 860 5385 Substantia
879 5345 1012 5384 vero
1052 5345 1164 5383 una
1187 5338 1239 5383 et
1281 5327 1475 5382 eadem
1507 5334 1589 5382 est
1618 5327 1907 5396 utriusque

299 5434 550 5489 personae
582 5419 893 5474 communis
933 5417 1068 5488 ipsis
1099 5425 1152 5471 et
1182 5416 1460 5488 Specialis.
1486 5417 1544 5469 In
1584 5414 1909 5486 peccatrici-

296 5512 403 5565 bus
431 5526 561 5584 ergo
590 5510 844 5580 personis
885 5516 967 5564 est
996 5509 1196 5563 infecta
1229 5516 1454 5579 peccato
1476 5515 1670 5562 natura
1699 5508 1914 5578 specia-

297 5601 385 5664 lis,
411 5615 533 5671 quae
557 5615 668 5654 non
699 5606 783 5653 est
812 5599 941 5652 alibi
973 5615 1136 5669 quam
1171 5599 1226 5653 in
1259 5598 1412 5668 ipsis.
1447 5599 1504 5651 In
1535 5599 1716 5653 anima
1740 5598 1910 5652 Adam

301 5705 436 5762 ergo
466 5696 519 5744 et
539 5689 596 5742 in
615 5687 797 5742 anima
817 5687 956 5754 Evre,
976 5705 1098 5757 qua:
1127 5686 1492 5757 personaliter
1521 5693 1910 5758 peccaverunt,

2002 3149 2158 3198 sona,
2201 3133 2348 3203 quod
2389 3131 2457 3186 dc
2490 3131 2640 3185 nullo
2672 3130 2893 3196 dicitur,
2927 3130 3074 3201 quod
3114 3129 3393 3182 mutabilis
3422 3135 3526 3194 est,
3556 3135 3611 3182 et

2003 3232 2202 3280 castora
2231 3222 2433 3294 quibus
2468 3221 2758 3276 individua
2797 3221 3187 3294 disjunguntur
3229 3219 3296 3273 ab
3327 3218 3608 3272 universa-

2005 3317 2167 3376 libus.
2203 3316 2339 3386 ipsis
2365 3322 2547 3370 tamen
2589 3313 2929 3369 conveniunt
2954 3310 3371 3366 universalibus.

2130 3435 2197 3484 De
2222 3428 2639 3497 proprietatibus
2667 3429 2963 3495 specierum
2992 3431 3041 3479 et
3069 3424 3486 3478 individuorum.

2076 3519 2141 3573 Et
2171 3519 2302 3590 quia
2340 3534 2401 3571 se
2433 3517 2618 3572 intulit
2645 3517 2865 3570 occasio
2897 3522 2950 3568 et
2979 3514 3112 3568 utile
3142 3520 3224 3568 est
3264 3519 3450 3567 nostro
3482 3527 3613 3582 pro-

2007 3611 2210 3683 posito,
2243 3608 2544 3663 notandum
2575 3613 2659 3662 est
2696 3607 2844 3677 quod
2876 3604 3272 3660 universalium
3304 3590 3612 3675 proprietaQ

2008 3710 2090 3756 tes
2113 3716 2237 3772 quas
2264 3699 2401 3769 ipsis
2430 3697 2836 3752 universalibus
2867 3703 2996 3749 sunt
3017 3710 3365 3760 communes,
3388 3693 3614 3748 omnino

2006 3815 2116 3854 non
2149 3796 2488 3852 conveniunt
2516 3791 2839 3854 individuis,
2880 3789 3023 3843 sicut
3053 3794 3104 3843 et
3158 3787 3263 3842 illm
3293 3785 3615 3842 individuo~

2005 3904 2123 3943 rum
2163 3903 2300 3958 quas
2356 3886 2562 3940 habent
2621 3882 2902 3937 individua
2932 3891 3276 3942 communes,
3327 3881 3617 3947 nequeunt

2006 3977 2412 4036 universalibus
2443 3974 2708 4046 coaptari,
2746 3979 2807 4028 ut
2835 3973 2918 4026 hae
2959 3987 3094 4042 quas
3123 3985 3290 4039 supra
3307 3967 3613 4038 posuimus,

2007 4073 2098 4127 Hie
2128 4085 2256 4126 vero
2289 4068 2659 4138 prOprietates
2701 4062 3114 4125 universalium,
3156 4059 3359 4131 quibus
3411 4073 3616 4112 unum-

2007 4159 2267 4232 quodque
2283 4162 2570 4227 separatur
2600 4152 2666 4208 ab
2694 4151 2975 4217 omnibus,
3008 4150 3064 4203 in
3086 4148 3219 4219 ipsis
3246 4147 3469 4218 quidem
3487 4144 3615 4199 uni-

2005 4246 2310 4302 versalibus
2337 4242 2718 4316 principaliter
2747 4247 2800 4294 et
2831 4239 3006 4310 primo
3039 4238 3160 4292 loco
3190 4242 3340 4302 sunt,
3371 4233 3616 4289 secundo

1929 4346 1987 4415 Ι)
2011 4353 2143 4394 vero
2173 4339 2293 4392 loco
2321 4333 2677 4390 inferioribus
2717 4337 2971 4401 aptantur
2997 4342 3171 4398 usque
3203 4325 3269 4380 ad
3311 4322 3594 4378 individua

2007 4427 2268 4485 Similiter
2298 4430 2350 4478 et
2379 4424 2464 4476 hac
2505 4419 2914 4474 individuorum
2947 4415 3154 4488 quibus
3180 4412 3618 4484 unumquodque

2003 4521 2287 4588 separatur
2329 4510 2398 4564 ab
2455 4507 2731 4574 omnibus,
2776 4503 3154 4578 principaliter
3191 4509 3318 4557 sunt
3357 4500 3412 4554 in
3460 4499 3615 4568 ipsis,

2003 4587 2100 4661 sed
2127 4601 2454 4660 secundario
2480 4597 2858 4670 superioribus
2888 4594 3244 4658 conveniunt,
3285 4598 3344 4646 ut
3372 4587 3620 4660 corporis

2005 4697 2336 4769 proprietas,
2360 4692 2510 4765 quod
2568 4705 2835 4760 corporea
2873 4686 3181 4743 substantia
3207 4693 3309 4752 est,
3361 4680 3620 4738 omnibus

2007 4768 2366 4840 inferioribus
2383 4779 2666 4844 convenit,
2689 4778 2787 4832 sed
2812 4777 2990 4848 primo
3019 4776 3138 4830 loco
3152 4771 3389 4843 corpori.
3413 4768 3622 4826 Simili-

2010 4883 2090 4929 ter
2120 4871 2481 4943 proprietates
2511 4867 2715 4940 quibus
2745 4864 3055 4939 sejungitur
3080 4862 3148 4916 ab
3169 4861 3291 4916 aliis
3317 4857 3622 4914 individuis

2017 4967 2225 5031 Petrus,
2247 4961 2395 5034 quod
2423 4958 2860 5023 fraterAndreze,
2888 4955 3036 5028 quod
3063 4953 3435 5025 apostolorum
3468 4949 3622 5021 prin-

2015 5067 2167 5122 ceps,
2200 5051 2257 5104 in
2279 5049 2400 5121 ipso
2421 5047 2644 5120 quidem
2673 5044 3050 5116 principaliter
3069 5047 3228 5108 sunt,
3262 5040 3330 5095 ab
3349 5040 3469 5111 ipso
3491 5053 3620 5094 vero

2011 5139 2256 5195 secundo
2283 5139 2405 5193 loco
2445 5135 2727 5206 accipiunt
2759 5131 3110 5188 universalia.
3165 5131 3354 5202 Itaque
3417 5128 3621 5198 duplex

2011 5243 2093 5291 est
2104 5233 2413 5306 proprietas
2427 5229 2859 5296 universalium;
2891 5227 3189 5298 duplexest
3213 5231 3268 5280 et
3297 5223 3624 5278 individuo-

2010 5343 2150 5394 rum,
2183 5342 2293 5380 una
2324 5322 2634 5395 proprietas
2663 5319 3088 5385 universalium,
3128 5333 3237 5389 qua
3265 5314 3526 5370 diﬂ'erunt
3555 5313 3624 5368 ab

2015 5413 2442 5479 universalibus,
2494 5410 2603 5466 alia
2653 5427 2761 5482 qua
2811 5410 2879 5465 ab
2922 5407 3246 5464 individuis.
3281 5405 3546 5459 Similiter
3571 5408 3627 5456 et

2015 5502 2421 5558 individuorum
2447 5497 2778 5570 proprietas,
2819 5498 2924 5551 alia
2964 5512 3072 5567 qua
3102 5495 3171 5550 ab
3212 5491 3512 5549 individuis
3542 5503 3626 5542 se-

2015 5599 2291 5664 parantur,
2333 5592 2439 5647 alia
2467 5606 2574 5662 qua
2600 5591 2669 5644 ab
2701 5588 3144 5650 universalibus;
3208 5600 3330 5638 nam
3360 5595 3480 5636 cum
3515 5593 3623 5632 una

2015 5693 2069 5740 et
2097 5684 2288 5740 eadem
2315 5683 2618 5740 substantia
2659 5681 2729 5736 sit
2788 5683 2842 5734 in
2872 5677 3173 5733 individuis
3213 5683 3267 5728 et
3307 5668 3620 5740 speciebus,
