3938 6206
278 232 428 287 1085

1351 231 1430 284 DE
1469 231 1756 288 PECCATO
1797 232 2151 288 ORIGINALI.
2195 264 2260 273 -
2303 235 2424 287 LIB.
2473 236 2534 287 ll.

3460 233 3599 291 1086

279 359 359 413 illi
383 359 580 415 oberat
608 355 905 412 difﬁcultas
930 373 1331 428 pressurarum,
1359 375 1482 415 cum
1501 362 1891 432 exprimeban-
1915 367 1966 434 Α
1995 362 2100 415 mal
2141 377 2242 417 nec
2269 363 2452 426 homo,
2474 362 2569 416 sed
2593 363 2818 417 alterius
2847 365 3071 432 speciei.
3107 364 3198 417 Sic
3228 369 3282 417 et
3310 364 3364 416 in
3397 363 3600 432 plantis

277 460 370 506 tur
399 449 645 522 insignia
675 448 962 504 latentium
993 449 1295 506 virtutum?
1333 451 1464 516 Quis
1515 452 1647 508 dicit
1695 454 1890 509 inutile

277 541 457 611 premi
488 540 853 596 torcularibus
878 556 1032 607 uvas,
1063 541 1157 612 qui
1188 557 1324 612 pura
1349 541 1707 600 videtsudare
1720 545 1890 600 vina?

275 631 409 696 Quis
450 646 558 687 non
603 630 819 686 fortiter
866 637 1005 686 terat
1043 633 1312 705 synaxim,
1366 635 1412 688 si
1471 635 1583 690 vult
1621 638 1888 692 occultam

274 719 486 774 sentire
529 716 836 775 virtutem?
890 719 980 774 Sic
1037 719 1092 774 in
1152 718 1367 778 Christo
1421 721 1523 777 fuit
1601 723 1890 780 inﬁrmitas

276 814 464 862 nostra
521 806 763 863 exterius
815 807 972 874 cujus
1029 808 1362 864 contritione
1415 817 1624 881 pateret
1687 820 1891 883 quanta

275 896 443 953 fuerit
473 897 702 954 ﬁrmitas
731 898 901 966 intus,
931 904 986 954 et
1017 899 1090 953 ita
1113 900 1232 954 sine
1261 911 1487 971 peccato
1517 919 1616 959 suo
1633 903 1889 979 dignatus

275 994 360 1041 est
390 987 500 1058 pati
530 1003 751 1058 poenam
783 1003 881 1058 pro
911 993 1136 1057 peccato
1161 995 1372 1056 nostro,
1399 1006 1510 1046 non
1535 992 1712 1048 solum
1739 994 1887 1064 quod

274 1077 527 1144 facimus,
567 1078 665 1133 sed
680 1085 735 1134 et
772 1093 896 1132 cum
925 1092 1036 1148 quo
1067 1079 1326 1134 nascitur.

419 1187 560 1252 Quid
595 1187 759 1242 distat
786 1187 1042 1242 naturale
1064 1194 1345 1256 peccatum
1370 1196 1421 1245 et
1444 1192 1740 1260 personale.

351 1275 560 1330 Dicitur
585 1275 732 1330 enim
764 1275 981 1329 duobus
1036 1275 1217 1330 modis
1256 1287 1567 1347 peccatum,
1600 1281 1886 1349 personale

277 1377 334 1423 et
364 1368 631 1424 naturale.
667 1369 730 1423 Et
763 1368 1011 1424 naturale
1066 1375 1151 1424 est
1178 1385 1300 1424 cum
1357 1386 1466 1442 quo
1492 1373 1789 1440 nascimur,
1834 1384 1888 1430 et

277 1463 427 1534 quod
459 1463 527 1517 ab
560 1463 728 1518 Adam
760 1463 1028 1518 trahimus
1067 1464 1124 1518 in
1153 1480 1264 1536 quo
1295 1481 1491 1521 omnes
1520 1470 1885 1539 peccavimus.

279 1557 339 1609 In
374 1556 494 1627 ipso
525 1556 672 1610 enim
697 1564 812 1612 erat
842 1556 1026 1612 anima
1073 1573 1214 1624 mea,
1251 1561 1460 1630 specie,
1491 1576 1601 1616 non
1633 1579 1888 1633 persona,

278 1660 392 1699 non
421 1644 728 1712 individua,
778 1647 875 1700 sed
925 1647 1203 1701 communi
1258 1656 1473 1703 natura.
1534 1651 1667 1705 Nam
1711 1654 1892 1708 omnis

1995 455 2230 524 primum
2292 462 2373 508 est
2422 470 2454 508 a
2520 469 2630 524 quo
2693 469 2883 508 semen
2964 455 3205 510 medium
3279 471 3376 526 per
3426 457 3598 527 quod,

1990 546 2045 603 id
2105 554 2190 603 est
2239 548 2418 618 ipsum
2493 563 2682 602 semen
2729 548 2981 602 ultimum
3044 550 3097 603 in
3144 549 3292 620 quod
3344 549 3404 606 ﬁt
3490 559 3596 606 tra-

1992 642 2100 698 dux
2157 643 2377 714 plantae.
2427 643 2598 718 Igitur
2645 659 2675 697 a
2725 641 2902 713 prima
2958 642 3146 713 planta
3204 644 3353 698 venit
3409 645 3599 700 ultima

1991 735 2177 805 planta
2217 751 2314 805 per
2367 733 2608 788 medium
2658 748 2850 788 semen
2906 732 3127 803 plantae,
3169 733 3317 803 quod
3357 749 3467 788 non
3517 742 3600 789 est

1991 826 2195 896 planta.
2230 825 2346 881 Non
2386 832 2468 881 est
2514 839 2645 897 ergo
2672 824 2973 895 putandum
3008 823 3075 876 ab
3105 822 3389 877 individuo
3419 824 3597 894 primo

1989 931 2230 986 sequens
2261 914 2464 969 habere
2487 913 2767 968 traducem
2800 918 2996 983 prmter
3028 911 3280 965 eamdem
3312 911 3598 982 utriusque

1988 1006 2258 1076 speciem,
2300 1006 2405 1060 nisi
2434 1005 2526 1060 fiat
2558 1022 2658 1076 per
2689 1003 2930 1059 medium
2961 1019 3172 1058 semen.
3203 1003 3466 1057 Transeat
3495 1017 3600 1056 sse-

1988 1095 2111 1164 pius
2140 1095 2359 1165 species
2386 1095 2454 1148 ab
2503 1094 2624 1149 aliis
2654 1092 2957 1147 individuis
2983 1092 3051 1146 ad
3111 1107 3333 1152 novum.
3385 1090 3595 1145 nullum

1989 1182 2063 1237 ibi
2095 1183 2375 1238 traducem
2417 1182 2673 1246 dicimus,
2723 1181 2829 1236 nisi
2859 1182 2954 1236 fiat
2982 1197 3081 1251 per
3105 1197 3294 1235 semen
3329 1180 3594 1235 medium.

1990 1275 2070 1340 Et,
2102 1274 2362 1345 quoniam
2396 1273 2692 1328 rationales
2737 1274 2934 1327 animae
2962 1271 3114 1327 nullo
3143 1271 3322 1326 ﬂuunt
3359 1271 3596 1338 semine,

1989 1365 2057 1420 ab
2090 1366 2271 1420 anima
2324 1365 2500 1436 prima
2547 1360 2762 1434 species
2800 1379 3022 1434 semper
3068 1363 3262 1416 transit
3298 1365 3365 1416 ad
3399 1377 3594 1417 novam

1991 1457 2114 1511 sine
2143 1456 2254 1510 ulla
2286 1456 2528 1512 traduce.
2566 1455 2626 1509 Et
2655 1456 2700 1509 si
2722 1453 3086 1524 praecedentis
3105 1453 3302 1505 anima:
3334 1450 3600 1504 substan-

1993 1545 2122 1599 tiam
2169 1545 2554 1614 accipitnova,
2610 1549 2794 1597 tamen
2845 1541 3048 1596 nullam
3082 1541 3246 1595 habet
3287 1539 3593 1602 traducem,

1993 1637 2087 1692 ubi
2128 1636 2338 1690 nullum
2370 1636 2667 1690 intervenit
2693 1650 2906 1689 semen.

277 1737 535 1791 humanae
593 1737 790 1792 animae
836 1744 1028 1792 natura
1079 1741 1387 1794 communis
1450 1750 1565 1797 erat
1623 1745 1675 1797 in
1716 1744 1884 1800 Adam
1911 1733 1962 1801 B
1989 1746 2253 1812 Quomodo
2284 1749 2419 1800 Deus
2435 1759 2545 1799 non
2582 1746 2696 1812 agit
2733 1744 2945 1812 culpam
2971 1745 3064 1811 qui
3084 1748 3231 1796 creat
3258 1743 3604 1810 peccatricem

277 1828 518 1884 obnoxia
547 1836 793 1899 peccato.
819 1830 881 1885 Et
920 1830 1048 1886 ideo
1081 1831 1261 1885 omnis
1299 1834 1540 1889 humana
1570 1836 1751 1890 anima
1773 1837 1892 1892 cul-

277 1919 482 1992 pabilis
511 1928 594 1976 est
632 1923 936 1978 secundum
969 1939 1122 1979 suam
1167 1933 1441 1994 naturam,
1502 1931 1603 1983 etsi
1655 1946 1764 1985 non
1797 1947 1889 1986 se-

279 2014 521 2069 cundum
552 2029 703 2069 suam
739 2030 1053 2086 personam.
1112 2018 1186 2074 ita
1239 2026 1524 2088 peccatum
1555 2037 1664 2092 quo
1696 2039 1892 2093 pecca-

273 2105 454 2160 vimus
491 2105 547 2160 in
582 2107 773 2174 Adam,
807 2107 943 2162 mihi
974 2108 1200 2178 quidem
1233 2111 1482 2166 naturale
1505 2121 1608 2180 est,
1636 2113 1691 2168 in
1719 2115 1888 2170 Adam

272 2214 407 2253 vero
438 2200 746 2270 personale.
783 2202 840 2255 In
871 2201 1039 2256 Adam
1065 2203 1306 2276 gravius,
1331 2206 1508 2262 levius
1531 2207 1586 2262 in
1611 2226 1729 2276 me;
1763 2227 1888 2264 nam

274 2288 498 2358 peccavi
527 2289 581 2344 in
611 2307 678 2348 eo
711 2307 820 2348 non
863 2295 958 2365 qui
990 2310 1134 2360 sum,
1165 2298 1263 2352 sed
1303 2300 1450 2369 quod
1490 2316 1631 2355 sum.
1666 2301 1891 2358 Peccavi

269 2378 326 2431 in
353 2393 419 2432 eo
448 2394 554 2434 non
588 2395 712 2454 ego,
734 2382 832 2436 sed
850 2382 954 2438 hoc
971 2386 1120 2455 quod
1149 2403 1270 2441 sum
1297 2403 1420 2460 ego.
1450 2389 1677 2446 Peccavi
1701 2393 1888 2459 homo,

271 2467 373 2520 sed
401 2483 510 2522 non
542 2468 673 2523 Odo.
736 2471 960 2526 Peccavi
1004 2474 1335 2541 substantia,
1383 2493 1490 2532 non
1537 2494 1800 2550 persona;
1837 2487 1892 2536 et

269 2559 402 2630 quia
431 2560 739 2616 substantia
785 2579 894 2619 non
927 2571 1011 2619 est
1042 2566 1146 2620 nisi
1198 2567 1252 2621 in
1304 2585 1560 2639 persona,
1601 2580 1885 2642 peccatum

268 2649 595 2706 substantiae
628 2661 712 2708 est
755 2655 922 2710 etiam
967 2672 1240 2727 personae,
1282 2660 1377 2713 sed
1419 2676 1529 2716 non
1576 2664 1883 2732 personale.

273 2740 558 2796 Peccatum
601 2759 731 2799 vero
788 2747 1077 2816 personale
1128 2755 1210 2804 est
1257 2751 1404 2821 quod
1456 2751 1595 2807 facio
1627 2769 1730 2827 ego
1791 2757 1884 2824 qui

265 2851 411 2901 sum,
445 2852 554 2892 non
587 2839 690 2893 hoc
711 2841 861 2910 quod
881 2858 1025 2906 sum,
1053 2859 1163 2914 quo
1191 2860 1360 2914 pecco
1391 2845 1525 2914 Odo,
1553 2863 1663 2903 non
1698 2848 1881 2914 homo,

263 2943 377 2997 quo
407 2943 574 2997 pecco
622 2946 880 3001 persona,
923 2949 1031 2989 non
1077 2942 1300 3001 natura;
1349 2938 1446 2991 sed
1480 2939 1608 3009 quia
1651 2956 1882 3011 persona

261 3033 378 3072 non
415 3027 498 3075 est
551 3021 669 3076 sine
728 3031 942 3088 natura,
994 3033 1277 3095 peceatum
1321 3045 1570 3099 personae
1607 3038 1688 3085 est
1718 3032 1880 3088 etiam
1907 3049 1955 3116 ρ

261 3117 494 3174 naturae,
529 3112 626 3166 sed
657 3128 767 3169 non
802 3117 1072 3170 naturale.

658 3207 798 3273 Quid
826 3214 900 3262 est
927 3212 1111 3264 venire
1147 3211 1210 3266 de
1250 3213 1488 3268 traduce.

344 3296 452 3350 Sed
480 3300 689 3369 opponi
717 3307 925 3370 potest:
951 3301 1238 3359 Ostensum
1265 3312 1347 3360 est
1393 3308 1631 3363 animam
1662 3309 1882 3379 cujusli-

261 3385 358 3438 bet
395 3400 458 3438 ex
489 3387 715 3442 traduce
746 3389 956 3451 venire,
1011 3405 1136 3446 cum
1176 3393 1282 3448 hoc
1330 3395 1676 3452 Orthodoxus
1707 3414 1878 3473 nega-

262 3475 421 3528 verit.
455 3475 586 3531 Nam
617 3479 878 3548 quaelibet
909 3479 1092 3535 anima
1117 3491 1329 3537 creatur
1364 3485 1417 3538 in
1446 3501 1693 3557 corpore,
1729 3489 1878 3544 aliud

261 3579 386 3618 esse
425 3564 866 3622 substantialiter
893 3583 1004 3624 non
1050 3569 1218 3625 habet
1255 3587 1418 3643 quam
1473 3576 1734 3646 speciale.
1770 3577 1877 3633 Sed

263 3654 681 3742 esseﬂspeciale
724 3663 780 3710 et
827 3657 1010 3712 anima
1051 3659 1226 3728 prima
1258 3659 1484 3729 habuit;
1542 3664 1709 3720 habet
1747 3682 1878 3742 ergo

262 3741 531 3811 quaelibet
577 3743 759 3798 anima
811 3745 1227 3801 substantialem
1258 3751 1555 3806 essentiam
1595 3753 1664 3808 ab
1696 3741 1877 3811 anima

263 3833 462 3904 prima.
494 3833 655 3890 Venit
700 3851 832 3911 ergo
873 3853 938 3891 ex
985 3839 1208 3894 traduce
1241 3840 1504 3911 quaelibet
1527 3843 1731 3912 anima,
1756 3863 1877 3917 quae

262 3919 683 3978 substantialem
719 3925 1018 3980 essentiam
1051 3928 1217 3982 trahit
1268 3945 1296 3982 a
1328 3930 1520 3999 prima.
1584 3932 1690 3987 Sed
1751 3935 1876 3990 huic

260 4012 564 4083 objectioni
593 4017 955 4087 respondetur
993 4021 1121 4091 quia
1155 4037 1264 4076 non
1294 4031 1438 4078 recte
1469 4025 1750 4082 traducem
1783 4044 1871 4083 ac-

257 4104 476 4175 cipiunt
505 4106 596 4176 qui
629 4122 747 4161 eam
778 4108 847 4162 de
876 4110 1064 4180 specie
1106 4111 1318 4168 dicunt.
1347 4114 1408 4170 Et
1439 4115 1586 4186 quod
1615 4122 1697 4171 est
1724 4118 1871 4174 indi-

259 4193 438 4259 vidui,
478 4209 588 4250 non
639 4194 783 4250 bene
835 4199 1116 4255 ascribunt
1149 4202 1378 4272 speciei.
1430 4204 1685 4268 Quamvis
1723 4208 1868 4262 enim

260 4290 508 4351 nequeat
537 4299 664 4337 esse
693 4284 812 4339 sine
866 4288 1073 4356 specie,
1123 4289 1466 4346 individuum
1522 4302 1705 4350 tamen
1763 4312 1872 4352 non

2668 1853 2915 1892 ammam
2925 1880 2934 1890 .

2063 1929 2331 1999 Superius
2385 1927 2599 1999 digesta
2639 1925 2875 1996 probant
2928 1926 3218 1979 humanam
3271 1923 3506 1977 animam
3551 1923 3606 1975 in

1993 2035 2332 2092 unoquoque
2359 2018 2535 2074 creari
2560 2018 2945 2089 peccatricem,
2972 2032 3075 2070 nec
3105 2021 3392 2086 potesteas
3422 2028 3610 2067 creare

1994 2111 2098 2166 nisi
2132 2111 2278 2165 Deus
2327 2111 2421 2181 qui
2481 2117 2629 2164 creat
2682 2109 2884 2164 omnia.
2942 2106 3270 2161 Timendum
3310 2111 3392 2158 est
3445 2103 3612 2176 igitur

1995 2215 2063 2255 ne
2093 2199 2306 2270 peccati
2336 2198 2410 2253 sit
2435 2198 2575 2251 Deus
2601 2203 2811 2263 auctor,
2835 2195 2928 2266 qui
2953 2202 3036 2249 est
3063 2193 3382 2264 peccatricis
3411 2192 3608 2246 animm

1991 2299 2227 2345 creator.
2280 2289 2386 2343 Sed
2448 2294 2670 2343 econtra
2727 2287 2961 2341 dicimus
3028 2286 3196 2339 Deum
3257 2291 3311 2338 et
3368 2283 3604 2337 animam

1992 2394 2175 2433 creare
2195 2376 2582 2448 peccatricem,
2613 2384 2667 2430 et
2697 2390 2807 2430 non
2831 2390 2950 2429 esse
2977 2375 3104 2428 mali
3135 2379 3438 2428 auctorem.
3473 2371 3606 2426 Vide

1990 2470 2137 2525 enim
2167 2470 2222 2523 in
2247 2470 2487 2523 humano
2509 2483 2716 2537 genere
2747 2467 2871 2537 quis
2912 2465 3043 2520 fecit
3080 2465 3233 2535 prius
3259 2464 3521 2529 animam,
3554 2471 3608 2518 et

1991 2561 2114 2633 quis
2154 2560 2307 2630 prius
2345 2559 2585 2628 culpam,
2634 2569 2688 2612 et
2740 2557 2996 2612 invenies
3030 2556 3267 2610 animam
3299 2570 3440 2624 opus
3489 2554 3603 2621 Dei,

1987 2662 2042 2710 et
2090 2653 2306 2724 culpam
2363 2668 2502 2722 opus
2533 2651 2796 2707 hominis.
2859 2650 3004 2721 Opus
3059 2650 3153 2703 Dei
3194 2649 3423 2713 bonum,
3464 2664 3606 2718 Opus

1987 2741 2230 2797 hominis
2253 2740 2476 2794 malum.
2511 2739 2640 2793 Cum
2675 2755 2808 2814 ergo
2831 2739 2998 2794 dicis:
3025 2740 3170 2793 Deus
3196 2745 3342 2792 creat
3365 2738 3601 2792 animum

1987 2833 2373 2904 peccatricem,
2431 2831 2540 2886 duo
2579 2831 2735 2891 dicis.
2795 2830 3034 2884 animam
3097 2836 3150 2884 et
3200 2839 3506 2901 peccatum,
3553 2838 3607 2884 et

1986 2933 2282 2995 utrumque
2314 2922 2458 2978 refer
2496 2923 2564 2976 ad
2594 2929 2874 2978 auctorem
2907 2938 3084 2986 suum,
3119 2921 3358 2976 animam
3393 2923 3604 2976 scilicet

1986 3014 2050 3067 ad
2085 3013 2274 3079 Deum,
2301 3018 2357 3066 et
2387 3011 2454 3066 ad
2485 3011 2766 3066 hominem
2793 3018 3097 3081 peccatum.
3134 3009 3308 3084 [gitur
3339 3010 3394 3062 in
3418 3008 3602 3063 anima

1986 3103 2314 3174 peccatrice,
2348 3118 2512 3172 quam
2553 3101 2696 3155 Deus
2723 3108 2896 3167 creat,
2938 3100 3006 3154 da
3037 3101 3148 3155 Deo
3192 3115 3349 3154 suum
3377 3115 3517 3170 opus
3547 3105 3601 3153 et

1981 3194 2163 3262 lauda,
2205 3201 2260 3249 et
2300 3193 2509 3249 homini
2561 3193 2630 3246 da
2659 3207 2819 3246 suum
2874 3197 2928 3246 et
2965 3192 3217 3262 vitupera
3280 3189 3438 3244 Creat
3485 3191 3600 3244 ani-

1980 3307 2124 3344 mam
2176 3289 2557 3360 peccatricem.
2618 3287 2772 3350 Quod
2828 3287 2985 3341 audis
3032 3287 3295 3352 animam,
3350 3286 3441 3340 Del
3486 3292 3596 3350 est;

1981 3382 2128 3453 quod
2163 3382 2546 3452 peccatricem,
2577 3380 2838 3435 hominis.
2865 3378 2973 3434 Hoc
3006 3378 3170 3433 modo
3198 3379 3340 3433 Deus
3362 3384 3416 3432 et
3445 3384 3594 3432 creat

1981 3470 2219 3524 animam
2247 3469 2631 3539 peccatricem,
2659 3475 2714 3522 et
2748 3483 2856 3522 non
2884 3475 2970 3521 est
2989 3474 3179 3522 auctor
3196 3466 3429 3536 peccati.
3465 3466 3599 3518 Am-

1981 3561 2148 3631 plius,
2189 3562 2286 3614 sed
2341 3568 2401 3615 ut
2448 3560 2762 3614 evidentius
2827 3559 3137 3629 loquamur,
3181 3574 3450 3628 ponamus
3500 3573 3596 3628 pro

1982 3659 2210 3722 peccato
2242 3651 2588 3720 injustitiam.
2639 3650 2782 3704 Deus
2831 3658 2980 3704 creat
3035 3650 3274 3704 animam
3317 3649 3598 3717 injustam.

1981 3738 2310 3793 Benedictus
2359 3739 2522 3803 Deus,
2557 3737 2688 3808 quia
2749 3744 2804 3791 et
2857 3737 2913 3790 in
2947 3737 3052 3792 hoc
3096 3737 3278 3805 justus
3317 3744 3419 3791 est.
3456 3737 3594 3800 Quid

1980 3825 2126 3881 enim
2161 3825 2364 3894 justius
2401 3840 2564 3896 quam
2594 3824 2834 3878 animam
2882 3825 3175 3878 humanam
3222 3839 3410 3878 creare
3442 3822 3590 3893 inju-

1978 3916 2161 3971 stam?
2193 3917 2345 3970 Certe
2367 3917 2530 3970 talem
2567 3913 2758 3969 debuit
2790 3915 2846 3968 in
2888 3931 2975 3970 me
3013 3930 3227 3980 creare,
3261 3914 3441 3985 qualis
3494 3913 3597 3969 fuit

1979 4007 2034 4061 in
2049 4006 2228 4076 primo
2261 4007 2510 4074 homine,
2543 4005 2846 4078 quiatalem
2867 4006 3143 4060 nascendo
3165 4006 3400 4077 quisque
3429 4005 3598 4061 debet

1976 4099 2180 4154 habere
2221 4100 2438 4170 qualem
2486 4099 2652 4154 debet
2682 4098 3004 4172 propagatio
3036 4098 3202 4152 maris
3256 4107 3310 4152 et
3336 4099 3580 4155 feminae.

1977 4195 2132 4250 Creat
2164 4195 2332 4269 igitur
2371 4195 2630 4263 injustam
2678 4194 3003 4262 justissime,
3045 4195 3173 4266 quia
3221 4195 3384 4250 talem
3445 4204 3596 4251 creat

1978 4289 2156 4365 qualis
2183 4290 2349 4345 debet
2386 4305 2529 4345 esse.
2562 4290 2617 4343 Si
2655 4290 2855 4358 justam
2891 4299 3119 4356 crearet,
3155 4291 3395 4358 injustus
3421 4298 3584 4355 esset,

255 4373 431 4482 habjet
459 4389 578 4426 eam
608 4389 638 4426 a
670 4376 876 4443 specie.
906 4378 1074 4433 liabet
1103 4379 1450 4437 individuum
1477 4384 1546 4438 ab
1579 4385 1870 4443 individuo
1899 4415 1956 4482 D
1982 4391 2036 4437 et
2067 4388 2254 4437 contra
2285 4397 2374 4447 se;
2422 4398 2568 4446 nam.
2600 4382 2692 4453 qui
2734 4381 3052 4436 instituerat
3091 4383 3464 4452 posteritatem
3500 4383 3596 4437 hu-

255 4464 571 4531 traducem,
596 4466 690 4518 sed
713 4481 821 4520 non
839 4469 1142 4524 secundum
1161 4472 1411 4528 eamdem
1434 4476 1707 4545 speciem;
1732 4479 1880 4534 venit

261 4558 414 4611 enim
445 4555 513 4610 ab
549 4557 834 4613 individuo
861 4561 1068 4630 speciei
1109 4563 1362 4632 alicujus,
1405 4582 1504 4636 per
1532 4567 1875 4627 individuum

259 4645 472 4715 speciei
490 4646 716 4701 alterius
738 4646 794 4701 in
823 4648 1170 4705 individuum
1197 4651 1446 4720 ejusdem
1468 4656 1697 4725 speciei,
1719 4660 1876 4727 cujus

260 4743 382 4792 erat
413 4737 586 4808 prius,
619 4745 678 4793 nt
716 4739 825 4794 sint
857 4749 1102 4797 extrema
1146 4743 1432 4800 individua
1470 4747 1717 4816 ejusdem
1742 4767 1876 4821 spe-

262 4825 394 4890 ciei,
436 4827 678 4882 medium
718 4844 849 4884 vero
907 4829 1152 4885 alterius.
1209 4831 1467 4900 Ejusdem
1521 4843 1648 4891 sunt
1701 4853 1730 4890 a
1771 4855 1881 4909 quo

261 4917 415 4973 venit
443 4925 497 4973 et
527 4921 580 4974 in
612 4922 780 4992 quod,
824 4922 1048 4977 alterius
1078 4940 1210 4980 vero
1254 4941 1350 4994 per
1394 4928 1561 4998 quod.
1615 4929 1878 4998 Medium,

257 5018 350 5066 est
381 5027 478 5082 per
507 5014 677 5084 quod,
733 5024 975 5072 extrema
1005 5027 1132 5073 sunt
1159 5034 1188 5072 a
1221 5034 1331 5089 quo
1371 5027 1426 5074 et
1456 5021 1510 5074 in
1558 5023 1727 5092 quod,
1766 5026 1880 5094 pri-

259 5119 412 5160 mum
444 5121 474 5158 a
506 5120 638 5176 quo,
666 5115 968 5162 extremum
1009 5109 1065 5163 in
1094 5111 1263 5180 quod,
1308 5120 1366 5166 ut
1397 5111 1452 5165 in
1494 5113 1717 5169 animali
1766 5117 1879 5185 pri-

261 5213 412 5252 mum
448 5212 644 5267 parens
672 5213 702 5252 a
732 5213 862 5268 quo,
902 5199 1167 5267 medium,
1199 5217 1390 5258 semen
1423 5220 1522 5274 per
1541 5207 1712 5276 quod,
1740 5208 1873 5263 ulti-

263 5301 416 5340 mum
447 5285 630 5354 proles
655 5285 710 5339 in
734 5287 884 5357 quod
915 5289 1196 5344 traducem
1229 5292 1418 5347 venire
1445 5293 1699 5350 dicimus.
1722 5295 1879 5350 Venit

262 5388 398 5448 ergo
429 5389 460 5427 a
511 5373 689 5443 primo
717 5390 816 5444 per
858 5377 1101 5432 medium
1150 5379 1204 5433 in
1247 5381 1520 5436 ultimum.
1556 5383 1793 5438 Primum
1827 5392 1882 5440 et

265 5464 521 5520 ultimum
553 5463 799 5530 ejusdem
857 5467 1064 5534 Speciei
1107 5469 1209 5522 sub
1238 5471 1484 5537 animali,
1513 5479 1575 5526 ut
1616 5473 1875 5528 hominis.

264 5554 401 5608 Nam
442 5552 486 5606 si
522 5569 720 5623 parens
766 5563 848 5609 est
889 5556 1089 5610 animal
1144 5565 1198 5612 et
1238 5561 1424 5626 homo,
1465 5567 1519 5614 et
1543 5563 1726 5631 proles
1755 5562 1877 5616 ani-

266 5644 376 5699 mal
401 5650 456 5699 et
488 5644 672 5700 homo.
695 5642 928 5700 Medium
951 5662 1079 5703 vero
1104 5663 1294 5704 semen
1331 5667 1427 5720 per
1443 5652 1612 5721 quod,
1637 5668 1740 5707 nec
1759 5653 1878 5707 ani-

1983 4475 2226 4529 manitus
2283 4482 2634 4549 prepagatam
2686 4490 2845 4529 suum
2905 4475 3065 4545 sequi
3121 4474 3475 4545 principium,
3547 4475 3592 4528 si

1981 4563 2226 4619 nascitur
2253 4563 2354 4620 ista
2382 4565 2700 4634 posteritas,
2731 4580 2892 4618 suum
2923 4571 3087 4637 negat
3116 4563 3447 4629 institutum,
3479 4563 3595 4617 dis-

1973 4653 2216 4725 jungens
2249 4669 2278 4706 a
2309 4652 2487 4722 capite
2543 4667 2764 4722 corpus,
2805 4660 2865 4707 ut
2905 4667 3008 4707 suo
3042 4651 3314 4721 principio
3368 4667 3478 4706 non
3524 4651 3594 4706 sit

1983 4742 2110 4798 ﬁnis
2141 4743 2454 4818 contiguus,
2504 4752 2558 4798 et
2587 4743 2820 4798 biforme
2847 4749 3152 4799 monstrum
3192 4742 3263 4797 sit
3294 4743 3591 4797 humanum

1983 4849 2179 4907 genus,
2204 4833 2418 4887 habens
2440 4841 2603 4904 caput
2626 4833 2838 4888 discors
2855 4849 2884 4887 a
2910 4847 3156 4902 corpore,
3183 4839 3238 4886 et
3259 4832 3592 4901 principium

1983 4942 2012 4980 a
2053 4924 2181 4980 ﬁne.
2216 4925 2351 4979 Vide
2382 4940 2513 4997 ergo
2559 4941 2628 4979 ne
2661 4925 2791 4979 dum
2825 4925 3088 4979 abhorres
3120 4924 3350 4992 injustas
3382 4923 3594 4977 animas

1979 5029 2167 5068 creare
2207 5014 2402 5082 Deum,
2455 5013 2729 5068 adulando
2768 5013 2950 5079 stulte,
2993 5013 3160 5067 facias
3218 5012 3504 5080 injustum,
3539 5021 3595 5067 et

1980 5127 2101 5165 cum
2145 5111 2415 5166 honorare
2464 5118 2623 5180 putas
2679 5111 2988 5165 exhonores
3037 5109 3420 5180 justissimum.
3465 5110 3594 5163 Am-

1979 5202 2146 5272 plius,
2189 5202 2334 5256 Deus
2377 5201 2529 5256 dedit
2561 5200 2829 5270 justitiam
2879 5201 3100 5264 animae,
3157 5207 3212 5255 et
3250 5199 3376 5255 ideo
3426 5200 3596 5256 debet

1981 5293 2211 5360 habere,
2243 5294 2340 5348 sed
2394 5293 2577 5347 anima
2635 5309 2797 5364 quam
2850 5292 3055 5347 habere
3112 5291 3279 5346 debet
3329 5291 3593 5360 justitiam

1979 5390 2180 5455 sponte
2208 5375 2475 5438 deseruit.
2512 5381 2676 5451 Cujus
2722 5396 2852 5456 ergo
2897 5381 3058 5452 culpa
3095 5387 3263 5448 caret,
3297 5396 3460 5451 quam
3496 5381 3596 5434 ha-

1983 5474 2114 5528 bere
2143 5472 2346 5528 debet?
2376 5473 2484 5526 Sua
2517 5489 2639 5540 quze
2671 5480 2873 5541 sponte
2905 5471 3177 5539 deseruit,
3210 5485 3320 5525 non
3361 5467 3455 5522 Dei
3498 5468 3591 5536 qui

1981 5578 2090 5616 non
2140 5561 2342 5632 coegit.
2374 5559 2578 5614 Tamen
2611 5559 2814 5613 habere
2863 5557 3032 5613 debet
3066 5573 3230 5629 quam
3264 5569 3374 5609 non
3402 5552 3588 5605 habet.

1980 5654 2130 5718 Quod
2165 5669 2296 5720 ergo
2324 5653 2462 5705 Deus
2485 5651 2722 5704 animam
2752 5649 2878 5703 facit
2909 5650 3031 5703 sine
3053 5648 3266 5715 justitia
3292 5657 3454 5714 quam
3477 5641 3582 5694 de-
