3938 6206
396 213 540 275 '1087

1604 215 1664 270 Β.
1708 213 1945 270 ODONIS
1987 212 2225 268 CAMEB.
2270 210 2474 266 EPISC.

3582 209 3727 265 1088

396 345 491 400 bet
521 343 748 411 habere,
791 359 901 398 non
933 350 1019 398 est
1057 344 1153 398 Dei
1192 343 1373 414 culpa,
1417 342 1514 397 sed
1552 343 1770 397 animm.
1812 342 1915 396 Sed
1956 340 2001 396 si
2029 346 2076 412 Α
2101 341 2308 410 justum
2348 346 2409 395 ut
2435 348 2491 394 tu
2518 340 2596 394 sis
2628 340 2809 408 justus
2872 338 2978 392 Sed
3019 335 3380 391 immutabilis
3399 351 3510 392 non
3541 340 3728 407 potest

397 451 517 490 eam
548 435 714 489 modo
746 434 874 489 facit
906 435 1027 489 sine
1053 434 1284 504 justitia,
1318 450 1479 505 quam
1511 443 1709 504 sponte
1740 432 2001 497 deseruit,

398 541 582 581 nonne
607 525 916 581 laudandus
937 534 1018 581 est
1047 526 1208 580 valde
1250 526 1343 596 qui
1376 533 1458 580 tot
1485 525 1535 579 ei
1567 525 1713 580 bona
1745 523 2007 594 reliquit?

397 618 590 672 Adhuc
623 623 870 672 remanet
891 617 1201 672 eidebitum
1220 615 1444 684 justitia:
1475 625 1528 669 et
1551 613 1892 687 prepagatio,
1922 630 2008 667 ar-

398 706 736 776 bitriumque
765 705 1012 767 rationis,
1046 713 1101 759 et
1128 706 1247 774 ipsa
1291 703 1452 766 ratio,
1485 719 1590 774 qua
1631 702 1846 756 caeteris
1878 717 2010 771 pra}-

400 793 610 848 eminet
626 794 977 848 animalibus.
995 793 1379 858 Animastulta,
1393 793 1580 863 quisee
1593 805 1827 863 arguere
1841 790 2005 843 Crea-

400 889 596 947 torem,
627 890 700 947 et,
725 883 853 953 quia
896 890 948 937 te
980 897 1088 937 non
1141 881 1267 935 iecit
1296 880 1519 948 justam,
1547 879 1813 947 injustum
1855 877 2008 931 dice-

400 990 477 1028 re.
522 973 769 1029 Sul‘ficiat
801 974 899 1027 tibi
948 974 1095 1044 quod
1131 972 1322 1037 habes,
1367 970 1495 1042 quia
1534 985 1638 1025 nec
1664 969 1840 1041 ipsum
1883 985 2008 1024 me-

402 1068 576 1122 ruisti.
611 1068 789 1121 Lauda
819 1066 1214 1135 benignitatem
1248 1065 1433 1119 dantis
1465 1064 1758 1131 immerita,
1788 1079 1891 1118 nec
1921 1079 2010 1119 ac-

403 1175 532 1215 cusa
563 1160 944 1214 rectitudinem
978 1174 1087 1212 non
1140 1158 1320 1212 dantis
1351 1158 1571 1226 injusta.
1631 1157 1783 1220 Quod
1812 1156 1857 1209 si
1901 1171 2011 1210 non

406 1247 582 1317 placet
614 1247 690 1301 illi
723 1248 853 1300 dare
893 1247 1147 1301 creandze
1181 1253 1353 1301 totum
1386 1246 1534 1316 quod
1554 1245 1659 1310 vis,
1688 1260 1791 1317 age
1812 1243 2014 1315 gratias

404 1338 472 1393 de
510 1339 811 1405 concessis,
843 1340 1094 1411 supplica
1126 1356 1222 1411 pro
1245 1338 1397 1403 aliis;
1431 1338 1611 1393 facere
1659 1337 1741 1391 vis
1763 1353 1887 1393 eum
1922 1337 2012 1390 in-

2108 429 2325 495 mutari,
2357 445 2461 485 nec
2484 428 2606 503 cogi
2630 433 2810 499 potest
2839 425 3220 497 Omnipotens.
3255 425 3412 480 Creat
3442 425 3724 497 injustam,

2104 519 2200 573 sed
2232 519 2337 573 hoc
2367 517 2504 572 nihil
2527 522 2609 571 est
2635 515 2785 570 aliud
2816 530 2979 586 quam
3011 513 3131 567 sine
3174 511 3387 582 justitia
3416 529 3627 586 creare,
3660 523 3724 568 et

2102 605 2379 675 justitiam
2417 620 2526 661 non
2582 604 2715 659 dare
2754 601 3036 667 ereandm;
3087 601 3132 656 si
3174 616 3284 656 non
3323 585 3453 656 vult.
3482 602 3724 671 amplius

2109 699 2264 764 dare,
2302 696 2430 753 tolle
2462 696 2612 767 quod
2640 694 2811 749 habes
2836 693 3042 768 gratias
3073 692 3313 767 agendo,
3346 708 3451 747 nec
3471 708 3570 763 pro
3599 692 3727 747 aliis

2111 790 2190 849 sis
2254 788 2333 843 illi
2412 788 2679 842 molestus
2755 784 2863 839 nisi
2945 783 3333 855 supplicando.
3417 783 3522 839 Sed
3583 783 3725 839 forte

2111 874 2282 929 dicis:
2311 876 2494 931 Debeo
2548 874 2777 932 habere.
2805 873 2861 927 Si
2911 873 3105 939 debes,
3134 871 3324 927 redde.
3371 872 3487 927 Non
3520 872 3723 927 habeo.
3796 894 3805 901 ο

2113 963 2379 1019 Habuisti.
2434 963 2672 1019 Perdidi.
2716 963 2849 1027 Quis
2880 959 3148 1016 abstulit?
3187 960 3398 1015 Nullus.
3440 960 3727 1024 Quomodo

2113 1070 2244 1125 ergo
2276 1054 2604 1125 perdidisti?
2624 1054 2833 1125 Sponte
2854 1052 3060 1106 dimisi.
3097 1052 3373 1125 Ergo'non
3406 1051 3610 1121 poteris
3639 1066 3730 1104 re-

2114 1162 2380 1216 cuperare
2423 1146 2528 1200 nisi
2559 1161 2756 1217 magna
2788 1143 3326 1213 recompensatione.
3359 1142 3546 1197 Adhuc
3571 1158 3728 1212 quae-

2116 1242 2241 1295 dam
2274 1256 2372 1312 pro
2399 1239 2722 1296 orthodoxis
2740 1247 2868 1293 sunt
2895 1237 3154 1302 dicenda,
3195 1235 3295 1291 sed
3325 1236 3455 1308 quia
3477 1235 3605 1290 lassi
3632 1251 3729 1288 su-

2116 1349 2258 1401 mus,
2287 1332 2400 1387 aliii
2425 1341 2553 1386 sunt
2581 1330 2807 1387 exordio
2847 1328 3137 1384 servanda.

1655 1464 1918 1541 Explica
1965 1463 2112 1522 liber
2152 1460 2469 1519 secundus.

1573 1800 1919 1886 LIBER
2015 1795 2557 1884 TERTIUS.

515 2018 664 2082 Quod
704 2022 840 2073 totus
870 2018 1020 2072 homo
1045 2018 1245 2071 dicitur
1278 2031 1497 2085 peccare
1521 2030 1616 2084 per
1644 2017 1907 2079 animum,

984 2121 1094 2160 non
1116 2120 1213 2174 per
1239 2120 1446 2173 corpus.

482 2210 748 2280 Superius
786 2211 1000 2284 digesta
1039 2212 1323 2267 continent
1354 2212 1675 2281 injustitiam
1720 2210 2015 2265 essentiam

414 2319 522 2358 non
560 2304 783 2370 habere,
817 2320 918 2359 nec
947 2321 1068 2360 esse
1102 2306 1154 2359 in
1180 2321 1435 2376 corpore,
1469 2306 1568 2360 sed
1597 2306 1650 2359 in
1684 2305 1867 2359 anima
1898 2311 2017 2359 tan-

413 2401 550 2460 tum,
591 2392 685 2446 ubi
718 2394 933 2464 justitia
962 2395 1127 2450 debet
1169 2411 1313 2463 esse,
1360 2396 1573 2449 animas
1602 2410 1729 2451 vero
1762 2410 1870 2450 non
1900 2393 2016 2448 fieri

412 2481 481 2535 de
507 2481 750 2550 traduce,
779 2484 877 2537 sed
908 2500 939 2537 a
969 2484 1087 2539 solo
1119 2484 1252 2548 Deo,
1308 2484 1393 2539 vel
1432 2485 1501 2539 de
1530 2483 1873 2540 exstantibus
1929 2483 2018 2537 ali-

413 2571 631 2643 quibus,
674 2574 757 2628 vel
787 2575 855 2629 de
886 2575 1083 2641 nihilo,
1107 2582 1161 2630 et
1195 2576 1248 2629 in
1282 2584 1507 2645 peccato
1532 2576 1698 2630 Adam
1725 2576 2018 2629 humanam

411 2664 650 2718 animam
693 2681 972 2736 peccasse,
1021 2682 1243 2721 omnem
1285 2673 1339 2721 et
1368 2674 1560 2735 totam,
1593 2684 1693 2721 nec
1742 2674 1864 2737 post
1893 2682 2017 2721 eum

416 2764 613 2827 praeter
644 2757 839 2813 Christi
866 2759 1103 2814 animam
1138 2760 1301 2814 ullam
1336 2760 1457 2814 sine
1492 2770 1718 2830 peccato
1748 2758 1891 2824 fieri,
1919 2759 2024 2813 hoc

414 2846 671 2919 exigente
710 2848 894 2903 divina
934 2849 1278 2921 naturalique
1302 2849 1533 2920 justitia.
1570 2849 1709 2912 Quia
1752 2863 1883 2921 ergo
1923 2848 2021 2902 h0-

415 2941 583 2995 minis
614 2953 900 3012 peccatum
953 2944 1008 2998 in
1063 2960 1291 3015 corpore
1332 2960 1442 3000 non
1481 2944 1781 3011 invenitur,
1834 2943 1931 2999 sed
1973 2942 2026 2997 in

413 3030 616 3096 anima,
649 3031 854 3087 idcirco
886 3033 1052 3087 locuti
1102 3050 1293 3088 sumus
1338 3034 1444 3089 huc
1505 3049 1679 3104 usque
1720 3032 1789 3086 de
1820 3032 2026 3087 anima.

418 3118 587 3174 Homo
619 3136 768 3187 vero,
825 3137 922 3191 pro
976 3138 1086 3193 quo
1146 3129 1319 3177 totum
1371 3124 1517 3177 hunc
1572 3136 1883 3176 sermonem
1943 3120 2030 3174 in-

418 3207 777 3277 sumpsimus,
796 3224 859 3262 ex
884 3208 1068 3264 anima
1089 3216 1302 3265 constat
1329 3219 1384 3264 et
1404 3224 1658 3280 corpore,
1692 3224 1795 3263 nec
1821 3208 2034 3280 integer

419 3302 501 3350 est
556 3313 623 3350 ex
663 3298 855 3365 altero,
914 3300 1028 3353 sive
1086 3307 1348 3371 utroque,
1413 3298 1664 3370 quamvis
1723 3298 2024 3353 secundum

418 3387 737 3442 alterutrum
798 3389 1016 3444 dicatur
1062 3390 1229 3446 homo
1285 3392 1638 3462 quandoque,
1698 3398 1756 3445 ut
1805 3391 2026 3461 quidam

417 3480 659 3551 sapiens.
715 3498 744 3536 a
808 3481 1227 3558 generalissimo
1276 3483 1621 3539 descendens
1673 3484 1740 3539 ad
1780 3483 2029 3538 ultimam

417 3573 661 3642 speciem
676 3576 891 3646 corpori
907 3576 1171 3647 supponit
1193 3576 1497 3644 hominem,
1522 3576 1718 3633 dicens
1745 3576 2029 3631 hominem

422 3678 543 3716 esse
600 3678 800 3736 corpus
859 3666 1181 3735 animatum,
1241 3667 1530 3734 sensibile,
1599 3667 1887 3734 rationale,
1946 3667 2036 3722 hic

424 3774 641 3827 ponens
665 3761 937 3816 rationem
966 3778 1063 3832 pro
1098 3762 1405 3829 locutione;
1470 3763 1600 3835 quia
1631 3763 1771 3818 sicut
1823 3763 2035 3818 ratione

421 3864 579 3904 mens
620 3850 788 3917 intus,
823 3850 895 3905 ita
925 3867 1181 3907 sermone
1226 3866 1428 3923 corpus
1456 3852 1628 3907 utitur
1657 3852 1919 3907 exterius.
1975 3851 2036 3906 Et

420 3942 552 4012 quia
580 3958 727 4013 saape
759 3943 889 3997 dum
932 3943 1000 3998 de
1031 3950 1167 4007 toto,
1199 3943 1345 4015 quod
1405 3943 1550 3998 inest
1581 3943 1743 4014 parti,
1802 3951 1857 3998 et
1886 3944 2030 4015 quod

421 4028 625 4083 dicitur
662 4030 730 4084 de
772 4040 949 4101 parte,
1000 4032 1190 4106 negari
1250 4048 1399 4103 saepe
1448 4048 1559 4087 non
1602 4037 1785 4103 potest
1825 4032 1945 4097 toti,
1978 4039 2038 4088 ut

420 4119 566 4173 idem
598 4119 716 4189 ipse
738 4120 939 4192 aliquis
961 4128 1016 4176 et
1043 4121 1202 4193 niger
1220 4120 1435 4176 dicatur
1465 4135 1688 4191 corpus,
1713 4130 1768 4176 et
1794 4121 2032 4175 animam

412 4210 615 4276 justus,
654 4209 734 4265 sic
771 4211 953 4266 omnis
1012 4211 1176 4266 homo
1233 4226 1355 4266 cum
1397 4227 1464 4264 ex
1513 4210 1695 4265 anima
1725 4217 1941 4267 constet
1980 4218 2036 4266 et

415 4312 671 4366 corpore,
715 4314 813 4368 per
860 4299 1096 4352 animam
1141 4307 1325 4353 tamen
1359 4307 1616 4368 peccator
1647 4298 1849 4354 dicitur
1888 4314 2029 4355 esse.

422 4386 612 4441 'l‘otum
645 4393 727 4442 est
757 4402 821 4442 ex
877 4387 1065 4443 multis
1095 4387 1384 4459 partibus?
1420 4388 1572 4453 Quod
1624 4405 1767 4445 unus
1806 4397 1907 4456 est,
1950 4389 2036 4444 di-

416 4475 561 4529 ritur
599 4475 669 4530 de
707 4482 845 4540 toto,
882 4491 995 4531 non
1031 4482 1216 4531 tamen
1247 4475 1317 4530 de
1348 4476 1632 4545 omnibus,
1665 4476 1869 4533 dicitur
1901 4493 2037 4549 pec-

419 4579 573 4625 .ator
610 4570 705 4642 qui
736 4577 951 4626 constet
989 4587 1053 4627 ex
1087 4586 1342 4643 corpore,
1376 4588 1480 4628 nec
1517 4582 1701 4627 tamen
1740 4572 1809 4627 ad
1839 4588 2040 4644 corpus

420 4678 433 4730 ι
458 4661 663 4717 ertinet
693 4677 943 4733 peccare.

541 4794 690 4860 Quod
710 4796 771 4848 in
792 4794 1108 4850 substantiis
1140 4795 1394 4864 plurimis
1412 4801 1490 4850 est
1517 4810 1632 4850 una
1652 4808 1904 4864 persona.

493 4900 584 4957 Sic
605 4915 841 4972 persona
870 4901 1072 4958 dicitur
1095 4903 1308 4973 Petrus,
1328 4919 1454 4959 cum
1480 4917 1717 4974 persona
1742 4917 1851 4958 non
1869 4902 2032 4972 perti-

424 4997 551 5045 ieat
575 4991 644 5045 ad
674 5005 895 5059 corpus,
936 5000 1019 5045 est
1046 4996 1231 5046 tamen
1271 5006 1472 5062 corpus
1507 4992 1761 5063 junctum
1813 4988 2032 5057 animae,

425 5086 484 5133 ut
508 5080 706 5136 habeat
724 5095 849 5136 cum
881 5080 1066 5135 anima
1083 5080 1235 5152 quod
1260 5095 1370 5135 non
1393 5079 1561 5135 habet
1588 5096 1689 5151 per
1713 5096 1794 5135 se.
1830 5078 2035 5135 Dicitur

425 5185 555 5241 ergo
587 5171 910 5227 individuus
964 5174 1130 5230 homo
1182 5187 1419 5244 persona
1457 5186 1570 5227 non
1626 5186 1879 5242 corpore,
1936 5168 2035 5226 sed

424 5261 631 5331 anima,
658 5263 842 5319 anima
897 5280 1137 5337 namque
1189 5280 1389 5336 corpus
1415 5263 1646 5320 assumit
1693 5265 1750 5319 in
1775 5280 1873 5320 sua
1898 5281 2030 5337 per-

425 5362 584 5417 sona,
611 5360 672 5408 ut
697 5352 753 5406 in
786 5367 897 5407 una
925 5368 1184 5425 persona,
1218 5353 1421 5426 duplex
1459 5353 1530 5409 sit
1551 5353 1877 5410 substantia.
1923 5355 2035 5410 Hoc

427 5440 663 5498 maxime
705 5442 874 5496 distat
927 5460 958 5498 a
1012 5444 1266 5501 Creatore
1314 5453 1585 5513 creatura,
1651 5445 1800 5518 quod
1846 5447 2035 5518 plures

429 5546 689 5599 personas
745 5531 965 5589 Creator
1012 5535 1182 5591 habet
1231 5537 1288 5592 in
1346 5552 1455 5592 una
1506 5537 1832 5605 substantia,
1888 5539 2035 5612 quod

2047 2014 2093 2081 [ς
2122 2009 2342 2079 penitus
2384 2008 2618 2063 inveniri
2676 2007 2870 2079 nequit
2908 2010 2961 2062 in
2995 2013 3267 2063 creatura.
3319 2005 3570 2060 Creatura
3599 2022 3737 2061 vero

2120 2100 2399 2156 invenitur
2420 2116 2583 2155 unam
2635 2099 2841 2154 habere
2881 2114 3169 2169 personam
3209 2098 3267 2151 in
3308 2096 3556 2168 pluribus
3584 2096 3733 2151 sub-

2120 2187 2356 2255 stantiis,
2376 2188 2525 2259 quod
2546 2203 2667 2242 esse
2689 2203 2797 2243 non
2826 2195 3004 2257 potest
3031 2187 3087 2242 in
3114 2186 3402 2254 majestate
3429 2183 3735 2248 Creatoris,

2120 2279 2211 2335 Est
2248 2279 2415 2352 igitur
2441 2280 2758 2365 individuus
2791 2280 2980 2340 homo,
3012 2277 3337 2350 multiplicis
3390 2277 3738 2344 substantiae,

2121 2380 2175 2427 et
2202 2372 2367 2427 unius
2396 2387 2672 2443 personae,
2723 2387 2959 2442 persona
2990 2387 3120 2436 una,
3152 2369 3438 2440 multiplex
3478 2368 3738 2423 substan-

2120 2460 2212 2515 tia.
2249 2460 2495 2516 llumana
2552 2477 2792 2532 persona
2821 2466 3034 2516 constat
3092 2474 3158 2514 ex
3190 2457 3462 2530 pluribus,
3511 2464 3568 2511 et
3619 2472 3738 2511 non

2121 2552 2324 2608 dicitur
2369 2552 2442 2607 de
2480 2552 2761 2623 pluribus;
2818 2557 2903 2606 est
2943 2549 3258 2613 divisibilis,
3318 2556 3378 2603 ut
3419 2554 3593 2603 totum
3636 2562 3743 2617 per

2123 2642 2400 2707 membra;
2428 2648 2512 2696 est
2542 2638 2915 2703 indivisibilis,
2947 2644 3007 2693 ut
3034 2637 3313 2710 singulare
3337 2652 3435 2707 per
3448 2634 3703 2704 subjecta
3726 2651 3741 2698 ;

2121 2732 2251 2803 quia
2297 2740 2480 2802 partes
2509 2732 2676 2786 habet
2705 2737 2789 2785 est
2828 2737 3036 2794 totum;
3096 2728 3228 2800 quia
3269 2726 3582 2795 subjectum
3624 2739 3742 2780 non

2126 2822 2308 2888 habet,
2332 2829 2416 2876 est
2445 2820 2811 2875 individuum.

2128 2970 2276 3036 Quod
2303 2971 2362 3024 in
2388 2971 2600 3025 homine
2630 2982 2726 3038 pro
2752 2968 2911 3037 culpa
2934 2979 3172 3036 persona:
3198 2968 3270 3020 sit
3313 2964 3475 3033 culpa
3499 2969 3746 3018 natura.

2203 3097 2265 3152 Et
2288 3098 2430 3153 sicut
2469 3096 2677 3168 aliquid
2709 3096 2777 3150 de
2818 3093 3117 3150 universali
3147 3092 3352 3148 dicitur
3378 3106 3484 3163 pro
3541 3090 3752 3145 indivi-

2131 3196 2263 3262 duo,
2306 3195 2387 3250 sic
2444 3194 2653 3266 aliquid
2702 3194 2905 3249 dicitur
2932 3207 3031 3263 pro
3061 3198 3216 3263 parte
3243 3192 3314 3246 de
3346 3197 3482 3257 toto,
3524 3199 3582 3245 ut
3610 3204 3751 3261 pro-

2129 3296 2251 3358 pter
2288 3287 2527 3341 animam
2557 3286 2729 3341 solam
2780 3285 2995 3339 dicatur
3026 3290 3282 3354 peccator
3331 3283 3497 3337 homo
3539 3280 3753 3336 indivi-

2130 3378 2294 3443 duus,
2326 3377 2419 3449 qui
2464 3376 2703 3432 animam
2756 3376 2918 3431 simul
2963 3376 3127 3429 habet
3180 3384 3236 3429 et
3264 3388 3487 3444 corpus.
3543 3371 3755 3428 Dicitur

2132 3479 2389 3542 peccator
2414 3485 2513 3539 per
2539 3468 2712 3524 solam
2745 3468 2981 3522 animam
3014 3466 3108 3538 qui
3149 3466 3312 3521 simul
3339 3466 3508 3520 habet
3543 3480 3756 3535 corpus

2135 3567 2190 3615 et
2229 3557 2489 3613 animam.
2539 3557 2617 3611 Ad
2657 3571 2862 3627 corpus
2892 3561 3178 3627 peccatum
3234 3568 3347 3609 non
3394 3554 3654 3624 pertinet,
3696 3563 3757 3608 et

2137 3654 2319 3701 tamen
2364 3651 2619 3716 peccator
2662 3652 2745 3700 est
2791 3644 2885 3716 qui
2929 3659 3130 3715 corpus
3190 3643 3377 3705 habet,
3412 3657 3525 3697 non
3582 3640 3759 3714 igitur

2137 3735 2321 3790 anima
2355 3735 2472 3791 sola
2502 3749 2762 3805 peccasse
2815 3733 3016 3789 dicitur
3054 3732 3111 3787 in
3150 3731 3343 3798 Adam,
3394 3730 3492 3785 sed
3522 3736 3578 3784 et
3628 3730 3756 3801 ipse

2139 3840 2234 3895 per
2263 3824 2525 3891 animam,
2556 3822 2768 3878 scilicet
2797 3828 2945 3878 totus
2983 3836 3049 3875 ex
3088 3819 3340 3892 pluribus
3368 3817 3621 3889 partibus
3650 3833 3755 3888 per

2137 3934 2322 3974 unam.
2356 3917 2566 3972 Dicitur
2603 3931 2735 3991 ergo
2783 3922 2837 3971 et
2879 3915 3049 3969 Adam
3080 3928 3359 3984 peccasse,
3387 3911 3519 3983 quia
3556 3926 3756 3982 pecca-

2136 4007 2212 4061 vit
2258 4006 2458 4067 anima.
2487 4021 2649 4077 quam
2693 4004 2891 4059 habuit
2926 4003 3069 4075 ipse.
3106 4001 3167 4056 Et
3208 4001 3254 4055 si
3284 4000 3531 4071 peccavit
3557 3998 3755 4067 Adam,

2138 4094 2387 4166 peccavit
2434 4095 2629 4161 homo;
2662 4092 2792 4165 quia
2820 4092 2866 4147 si
2922 4090 3171 4162 peccavit
3220 4089 3341 4159 ipse
3388 4089 3577 4154 homo,
3611 4103 3754 4158 pec-

2136 4186 2279 4242 cavit
2306 4188 2547 4242 humana
2595 4192 2809 4250 natura,
2851 4199 2974 4256 qua:
3003 4188 3086 4237 est
3130 4182 3317 4237 homo.
3360 4179 3467 4234 Sed
3507 4179 3757 4233 humana

2137 4284 2329 4331 natura
2351 4283 2463 4332 tota
2493 4283 2625 4330 tunc
2653 4282 2769 4330 erat
2797 4274 2854 4327 in
2875 4272 3020 4344 ipso,
3062 4286 3164 4326 nec
3201 4285 3434 4342 usquam
3461 4274 3582 4323 erat
3608 4266 3747 4322 alibi

2134 4363 2392 4436 specialis
2422 4364 2606 4420 homo.
2641 4362 2770 4418 Cum
2799 4375 2931 4435 ergo
2969 4358 3220 4431 peccavit
3251 4373 3509 4431 persona,
3540 4356 3759 4413 scilicet

2140 4455 2259 4522 ipse
2299 4453 2485 4521 homo,
2535 4451 2784 4524 peccavit
2813 4457 2925 4507 tota
2960 4457 3177 4513 natura,
3206 4447 3421 4503 scilicet
3443 4446 3763 4502 communis

2143 4546 2325 4601 homo.
2362 4545 2424 4600 Et
2453 4545 2508 4600 in
2561 4550 2788 4616 peccato
2819 4558 3093 4614 personae,
3122 4537 3421 4613 culpabilis
3460 4537 3640 4593 lactus
3678 4545 3763 4592 est

2141 4641 2306 4696 homo
2336 4638 2647 4696 communis
2677 4644 2904 4691 naturae.
2938 4635 3001 4691 Et
3039 4633 3256 4706 qualem
3289 4633 3460 4686 Adam
3487 4630 3623 4686 fecit
3650 4632 3760 4686 hu-

2056 4695 2115 4763 D
2140 4748 2358 4787 manam
2389 4736 2637 4786 naturam
2681 4728 2736 4783 in
2775 4744 2858 4794 se,
2889 4695 3074 4782 talem.
3086 4723 3323 4796 posteris
3375 4739 3499 4777 eam
3528 4722 3762 4778 tradidit

2136 4827 2263 4892 post
2292 4835 2371 4874 se.
2407 4819 2468 4873 Et
2497 4816 2677 4889 qualis
2731 4815 2873 4870 facta
2911 4821 2996 4869 est
3027 4813 3270 4868 humana
3305 4820 3501 4866 natura
3533 4827 3633 4881 per
3671 4810 3759 4865 in-

2136 4911 2451 4984 sipientiam
2492 4908 2814 4981 peccatoris,
2857 4906 2979 4962 talis
3027 4920 3253 4960 necesse
3285 4910 3369 4959 est
3408 4902 3761 4957 transfunda-

2136 5011 2225 5057 tur
2271 5002 2325 5056 in
2368 5006 2621 5072 posteros
2673 5013 2772 5069 per
2820 4995 3086 5064 justitiam
3137 4992 3433 5059 Creatoris,
3487 5000 3549 5047 ut
3595 4991 3641 5047 si
3705 4993 3759 5046 in

2135 5096 2248 5146 toto
2272 5089 2423 5162 quod
2460 5086 2717 5159 superius
2745 5085 2949 5140 dictum
2980 5091 3063 5139 est
3095 5083 3165 5138 de
3194 5088 3370 5153 parte,
3405 5088 3462 5136 et
3490 5082 3640 5153 quod
3673 5081 3763 5134 di-

2135 5182 2364 5239 cebatur
2388 5183 2457 5237 de
2486 5179 2671 5236 anima
2709 5175 3094 5233 inveniaturin
3116 5182 3229 5230 toto
3255 5173 3509 5229 homine.

2382 5330 2531 5398 Quod
2582 5343 2737 5384 nemo
2763 5329 2927 5397 possit
2962 5324 3179 5381 evadere
3199 5323 3504 5392 justitiam.

2208 5445 2362 5511 Quod
2403 5459 2515 5499 non
2545 5441 2722 5497 solum
2766 5436 3188 5510 intelligendum
3217 5434 3401 5488 estde
3443 5432 3632 5503 culpa,
3652 5430 3757 5486 sed

2137 5538 2290 5594 etde
2322 5552 2504 5607 poena,
2548 5541 2627 5600 ut,
2674 5532 2801 5604 quia
2846 5532 2990 5585 Deus
3040 5525 3253 5583 homini
3304 5525 3487 5596 primo
3528 5538 3754 5594 pcenam
