3938 6206
257 296 393 352 1089

1303 289 1383 343 DE
1423 290 1708 345 PECCATO
1751 291 2105 345 ORIGlNALI.
2150 322 2217 331 —
2260 292 2384 345 LIB-
2430 293 2520 346 Ill.

3445 297 3467 348 1
3478 296 3585 348 090

253 421 500 476 reddidit
538 434 636 491 pro
668 419 850 489 culpa,
883 419 937 472 in
979 423 1224 488 posteros
1254 417 1667 472 transfundatur
1705 433 1868 487 poena
1893 421 1943 488 Α
1971 417 2093 472 aliis
2115 418 2577 490 inaequalitatihus
2606 420 2934 484 innumeris,
2963 427 3017 474 et
3040 421 3107 475 ad
3124 421 3376 476 ultimum
3409 428 3583 477 morte

254 529 381 568 cum
422 511 604 582 culpa,
648 520 855 566 etcum
889 525 1051 581 pwna
1089 517 1381 565 nascantur
1411 511 1503 580 qui
1551 526 1674 565 cum
1708 509 1869 580 culpa
1970 506 2247 559 cruciatur
2275 505 2653 559 indesinenter
2702 505 2862 578 homo
2892 507 3078 571 miser,
3129 508 3353 578 punitur
3392 510 3445 564 in
3475 510 3588 564 suis

255 611 542 666 creantur;
578 601 772 656 merito
805 615 1043 671 namque
1083 600 1231 670 quod
1264 616 1374 656 non
1396 600 1513 656 vult
1544 601 1749 670 patitur
1771 615 1870 670 per
1972 594 2246 649 mortibus
2308 593 2766 665 propinquorum,
2827 596 2993 649 variis
3033 596 3395 654 incommodis
3451 601 3589 654 ami—

250 693 526 765 justitiam
559 693 653 764 qui
681 691 814 747 fecit
870 690 1020 762 quod
1051 690 1224 746 voluit
1253 699 1441 747 contra
1482 691 1772 760 justitiam.
1815 689 1878 745 Et

261 781 461 836 merito
507 779 702 836 nolens
733 779 938 850 patitur
976 793 1220 849 poenam,
1269 779 1363 850 qui
1396 779 1590 835 volens
1631 779 1876 834 deseruit

256 869 554 938 justitiam.
585 869 740 924 Juste
771 866 1000 939 punitur
1040 867 1257 932 nolens,
1303 866 1397 938 qui
1426 867 1569 921 male
1623 867 1754 922 fecit
1781 881 1877 922 vo-

260 961 407 1028 lens,
447 969 508 1015 ut
538 975 649 1016 non
680 959 876 1014 evadat
899 957 1186 1027 justitiam,
1216 958 1310 1030 qui
1351 957 1876 1028 deseritjustitiam;

261 1065 390 1103 nam
438 1048 484 1102 si
516 1046 723 1102 deserit
750 1061 894 1113 eam,
934 1046 1079 1100 male
1118 1045 1394 1114 faciendo,
1429 1047 1623 1102 incidit
1663 1047 1719 1102 in
1757 1063 1877 1102 eam

256 1141 409 1208 justc
431 1137 737 1209 puniendo.
772 1135 828 1189 Si
872 1134 1134 1206 relinquit
1155 1151 1275 1191 eam
1309 1135 1659 1204 inobediens,
1682 1135 1878 1191 recidit

266 1231 326 1284 in
356 1245 475 1284 eam
509 1229 643 1284 dure
675 1227 909 1299 patiens.
956 1226 1012 1280 Si
1039 1226 1270 1294 justitiae
1297 1226 1554 1282 subditus
1592 1243 1714 1282 esse
1768 1241 1878 1282 non

264 1322 738 1390 vultobediendo,
769 1321 1026 1377 subditus
1055 1329 1138 1376 est
1158 1321 1232 1386 ei,
1264 1321 1393 1375 velit
1418 1321 1574 1388 nolit,
1594 1321 1878 1392 patiendo.

267 1415 333 1470 Et
361 1430 524 1487 quam
552 1413 758 1469 devitat
789 1411 1069 1467 voluntate
1101 1412 1387 1480 justitiam,
1429 1412 1658 1467 incurrit
1687 1427 1880 1468 neces-

269 1507 452 1561 sitate.
487 1506 546 1560 Et
595 1514 756 1576 urget
808 1519 930 1558 eum
981 1502 1129 1570 justa
1168 1503 1484 1563 necessitas.
1527 1519 1689 1574 quem
1731 1509 1883 1558 tenet

267 1597 476 1666 injusta
504 1597 775 1652 voluntas.

379 1723 528 1790 Quod
555 1726 616 1777 in
643 1723 755 1778 sola
777 1723 1054 1778 voluntate
1078 1723 1337 1776 meritum
1371 1727 1448 1776 est
1486 1721 1771 1777 rationalis

974 1813 1190 1862 natura:

347 1923 408 1977 In
459 1923 740 1978 voluntate
789 1936 920 1977 vero
971 1936 1284 1992 peccamus,
1338 1919 1424 1974 vel
1483 1920 1880 1986 benefacimus,

271 2015 401 2085 quia
450 2014 505 2068 in
535 2013 817 2069 voluntate
860 2021 943 2068 est
973 2018 1146 2068 totum
1179 2012 1439 2068 meritum
1480 2019 1762 2078 nostrum;
1803 2011 1880 2066 si-

273 2108 499 2179 quidem
532 2106 802 2179 quidquid
831 2122 1127 2173 meremur,
1152 2105 1430 2162 voluntate
1453 2121 1746 2172 meremur,
1779 2121 1884 2160 nec

274 2199 374 2253 ubi
407 2200 660 2254 voluntas
690 2197 866 2265 abest,
897 2197 1069 2252 ullum
1111 2206 1195 2252 est
1227 2197 1508 2262 meritum;
1565 2197 1656 2251 ubi
1699 2203 1880 2250 autem

275 2294 361 2342 est
395 2287 674 2352 meritum,
703 2285 777 2340 ibi
808 2294 891 2341 est
914 2284 1063 2352 justa
1119 2301 1282 2356 pinna
1323 2285 1409 2340 vel
1441 2286 1744 2358 praemium.
1785 2284 1886 2338 Be-

279 2378 538 2433 nedictus
566 2377 709 2432 Deus
732 2376 826 2448 qui
849 2376 1104 2447 posuitin
1126 2376 1408 2431 voluntate
1439 2381 1646 2442 nostra,
1674 2381 1887 2429 utrum-

279 2470 417 2526 libet
448 2479 531 2524 est
559 2469 721 2525 nobis
750 2468 1015 2524 futurum.
1060 2468 1200 2532 Quid
1231 2483 1362 2540 ergo
1384 2467 1412 2521 τ
1443 2467 1595 2522 Sicut
1614 2466 1885 2524 volumus.

279 2563 363 2618 sic
392 2561 738 2618 habebimus.
777 2561 830 2615 Si
861 2560 1116 2616 volumus
1156 2560 1451 2629 justitiam,
1501 2560 1652 2629 juxta
1691 2557 1888 2614 volun-

281 2656 445 2704 tatem
471 2648 722 2720 sequitur
749 2647 1006 2703 meritum
1038 2647 1260 2719 palmae.
1302 2647 1358 2702 Si
1387 2646 1642 2703 volumus
1672 2645 1890 2714 injusti-

277 2744 432 2806 tiam,
479 2749 668 2798 contra
710 2743 1048 2799 voluntatem
1103 2742 1352 2814 sequitur
1395 2741 1650 2796 meritum
1691 2755 1888 2811 poenae.

281 2832 609 2888 Utrumlibet
643 2846 775 2906 ergo
833 2847 1240 2902 consequamur
1291 2840 1374 2886 est
1427 2831 1483 2884 in
1526 2837 1714 2885 nostra
1743 2835 1894 2900 pote-

281 2930 443 2991 state,
473 2925 600 2996 quia
631 2931 714 2978 est
748 2925 805 2978 in
843 2930 1032 2978 nostra
1081 2923 1382 2978 voluntate.
1418 2921 1562 2976 Nihil
1593 2921 1742 2976 enim
1782 2927 1889 2975 tam

1975 702 2188 756 corum,
2218 697 2272 742 et
2294 687 2693 758 multiplicibus
2723 689 2941 744 damnis
2970 706 3190 745 suarum
3225 708 3436 748 rerum.

2282 817 2432 884 Quod
2459 817 2620 886 culpa
2639 822 2823 888 nequit
2846 833 2956 875 esse
2977 822 3095 875 sine
3108 836 3288 890 perna.

2051 925 2172 980 Haec
2209 934 2337 980 sunt
2366 925 2508 979 mala
2548 942 2670 997 quae
2705 925 2834 982 facit
2872 928 3015 982 Deus
3059 936 3117 983 ut
3147 929 3389 1000 patiatur
3418 932 3584 986 homo

1982 1029 2080 1086 pro
2101 1013 2246 1068 malo
2275 1013 2421 1084 quod
2453 1029 2562 1068 non
2591 1014 2718 1069 fecit
2755 1015 2920 1082 Deus,
2951 1023 3006 1071 et
3036 1015 3165 1071 fecit
3196 1019 3380 1073 homo.
3413 1020 3472 1073 Et
3502 1020 3590 1073 his

1981 1104 2140 1159 malis
2167 1120 2288 1175 qua:
2328 1102 2458 1159 fecit
2489 1105 2654 1172 Deus,
2701 1107 2851 1175 justc
2896 1106 3124 1176 punitur
3161 1109 3461 1164 humanum
3503 1126 3595 1181 ge-

1979 1211 2081 1250 nus
2111 1211 2210 1266 pro
2243 1196 2399 1250 malis
2421 1212 2544 1267 qua:
2592 1211 2702 1252 non
2745 1196 2874 1252 fecit
2907 1198 3070 1265 Deus,
3103 1209 3156 1253 et
3214 1199 3342 1254 fecit
3397 1202 3593 1256 huma-

1980 1304 2108 1342 num
2139 1303 2317 1362 genus
2395 1287 2454 1342 Et
2492 1287 2764 1342 contrahit
2805 1288 3104 1343 humanum
3146 1307 3326 1362 genus
3379 1293 3583 1347 malum

1983 1379 2131 1450 quod
2159 1378 2285 1433 fecit
2312 1377 2473 1441 Deus,
2505 1384 2563 1432 ut
2588 1393 2807 1449 semper
2856 1379 3057 1434 habeat
3088 1381 3256 1435 miser
3281 1382 3444 1437 homo
3474 1400 3592 1454 pte-

1983 1484 2106 1524 nam
2137 1484 2289 1523 suam
2332 1469 2680 1537 conjunctam
2718 1477 2962 1538 peccato,
2991 1478 3046 1525 et
3073 1479 3197 1544 agat
3233 1473 3592 1543 temporalem

1987 1562 2148 1616 vitam
2183 1577 2305 1616 cum
2345 1577 2528 1631 parua,
2571 1561 2665 1632 qui
2719 1563 3081 1632 temporalem
3123 1564 3288 1618 vitam
3321 1565 3431 1637 agit
3469 1582 3593 1620 cum

1885 1682 1938 1750 Β
1988 1649 2170 1750 culpa,
2188 1654 2270 1750 "ut
2299 1663 2466 1750 quem.
2496 1649 2856 1749 culpa-tenet,
2888 1650 3053 1750 'hunc
3081 1667 3300 1721 semper
3329 1668 3492 1722 pmna
3523 1654 3597 1708 fa-

1985 1741 2135 1813 tiget.
2188 1739 2311 1794 Haec
2341 1746 2425 1793 est
2457 1739 2679 1793 humani
2710 1741 2932 1812 generis
2961 1741 3208 1796 conditio
3236 1744 3594 1811 miserabilis,

1986 1828 2105 1882 hac
2130 1827 2468 1882 inevitabilis
2495 1827 2819 1893 necessitas,
2840 1834 2899 1881 ut
2919 1843 3140 1899 semper
3161 1829 3461 1885 habeamus
3482 1832 3599 1886 cul-

1987 1933 2134 1989 pam,
2169 1933 2391 1988 semper
2428 1917 2730 1972 habeamus
2773 1927 2827 1972 et
2856 1933 3096 1988 poenam.
3143 1921 3199 1973 In
3233 1921 3336 1976 hac
3363 1921 3471 1976 vita
3498 1939 3600 1977 nec

1981 2011 2191 2067 solvere
2222 2011 2421 2066 collum
2456 2026 2749 2082 possumus
2779 2028 2810 2066 a
2839 2013 2974 2085 jugo
3015 2012 3212 2084 culpae,
3252 2030 3355 2070 nec
3386 2016 3600 2070 evitare

1983 2104 2201 2173 penitus
2221 2102 2608 2158 necessitatem
2638 2119 2835 2173 paenae.
2876 2103 3000 2158 Haec
3041 2104 3224 2174 culpa,
3257 2115 3312 2160 et
3337 2106 3456 2162 haec
3483 2124 3603 2178 poe-

1983 2207 2054 2244 na
2084 2191 2259 2260 culpae
2286 2190 2388 2244 fuit
2419 2191 2472 2244 in
2507 2191 2683 2261 primo
2728 2191 2974 2255 homine,
3018 2208 3048 2246 a
3079 2193 3188 2248 Deo
3229 2194 3452 2264 quidem
3486 2212 3601 2265 pm-

1992 2298 2080 2346 na,
2139 2281 2207 2334 ab
2250 2280 2472 2336 homine
2518 2297 2652 2335 vero
2717 2281 2896 2352 culpa.
2953 2281 3120 2352 Culpa
3173 2283 3414 2338 hominis
3466 2301 3607 2356 opus

1992 2378 2183 2427 contra
2232 2371 2424 2438 Deum,
2480 2387 2643 2442 poena
2671 2385 2812 2442 opus
2843 2373 2935 2425 Dei
2969 2382 3161 2427 contra
3191 2373 3492 2429 hominem.
3544 2376 3606 2430 Et

1991 2461 2132 2515 sicut
2169 2460 2237 2514 ab
2293 2458 2461 2514 Adam
2499 2460 2660 2530 culpa
2703 2460 2920 2514 transiit
2977 2461 3030 2514 in
3089 2461 3346 2516 homines
3391 2478 3607 2526 omnes,

1991 2549 2065 2604 ita
2095 2558 2148 2603 et
2193 2562 2357 2619 paena
2394 2549 2600 2619 culpae;
2653 2563 2762 2603 non
2798 2548 2944 2603 enim
2975 2549 3094 2605 sine
3133 2566 3296 2621 poena
3338 2554 3514 2621 potuit
3553 2553 3608 2607 in

1993 2637 2318 2694 hominibus
2356 2653 2480 2692 esse
2537 2637 2720 2709 culpa.
2771 2638 3003 2693 Necesse
3053 2646 3137 2694 est
3174 2655 3326 2711 ergo.
3354 2641 3408 2694 in
3452 2641 3612 2696 nobis

1995 2745 2117 2785 esse
2145 2729 2444 2784 vindictam
2490 2729 2587 2784 Dei
2631 2744 2730 2800 pro
2768 2729 2930 2800 culpa
2974 2735 3180 2796 nostra,
3212 2731 3354 2786 sicut
3405 2732 3458 2786 in
3495 2733 3612 2803 pri-

1994 2831 2142 2869 mum
2172 2815 2450 2870 hominem
2492 2817 2588 2872 Dei
2618 2816 2858 2872 vindicta
2908 2818 3056 2872 venit
3081 2834 3180 2889 pro
3211 2819 3373 2890 culpa
3402 2835 3522 2888 sua,
3555 2829 3613 2876 ut

1995 2906 2088 2978 qui
2118 2907 2452 2962 contrahunt
2479 2908 2720 2979 culpam,
2749 2910 3078 2964 contrahant
3117 2916 3171 2964 et
3210 2926 3449 2980 poenam.
3501 2913 3611 2968 liu-

286 3025 371 3071 est
419 3016 473 3070 in
503 3022 689 3072 nostra
730 3023 1000 3087 potestate
1041 3030 1204 3086 quam
1247 3014 1501 3070 voluntas
1531 3019 1738 3079 nostra,
1770 3029 1894 3067 nam
1921 3015 1971 3085 C
1999 3013 2217 3087 "lanam
2248 2997 2396 3052 enim
2425 3005 2674 3053 naturam
2716 2999 2969 3070 θεοίρθτθ
2999 2999 3287 3068 debemus»
3331 3002 3434 3057 hoc
3463 3007 3611 3074 (ἰυοά

283 3123 409 3180 quae
457 3115 655 3163 nostra;
686 3107 972 3178 potestatis
1016 3114 1164 3173 sunt,
1201 3113 1352 3162 tanto
1392 3104 1570 3180 magis
1625 3105 1682 3158 in
1712 3113 1898 3159 nostra

287 3200 560 3266 potestate
611 3200 739 3249 sunt
782 3200 986 3266 quanto
1008 3193 1186 3268 magis
1217 3194 1273 3248 in
1323 3195 1628 3257 voluntate,
1678 3198 1733 3246 ct
1772 3192 1900 3263 quia

285 3287 540 3342 voluntas
570 3293 756 3342 nostra
805 3286 1168 3358 prOpinquior
1204 3286 1311 3340 sibi
1338 3286 1494 3340 adest
1522 3293 1579 3341 et
1616 3284 1791 3359 magis
1819 3292 1903 3338 est

288 3380 346 3434 in
373 3394 431 3433 se
453 3394 614 3450 quam
641 3386 860 3445 caetera,
904 3377 1032 3432 ideo
1056 3377 1288 3432 maxime
1317 3386 1401 3432 est
1423 3377 1478 3431 in
1512 3382 1784 3447 potestate
1806 3391 1901 3430 no-

288 3481 436 3538 stra;
497 3488 609 3528 non
641 3473 786 3528 enim
827 3488 951 3528 mea
999 3479 1240 3544 potestas
1269 3471 1435 3526 habet
1471 3470 1621 3542 quod
1671 3487 1736 3524 ex
1779 3485 1902 3524 mea

286 3560 572 3616 voluntate
614 3575 723 3616 non
757 3559 981 3631 pendet,
1014 3574 1140 3613 nam
1171 3557 1344 3631 magis
1387 3563 1544 3632 urget
1575 3556 1901 3612 necessitate

288 3663 455 3720 quam
487 3646 726 3704 delectet
753 3653 1020 3719 potestate
1057 3645 1205 3718 quod
1239 3660 1350 3700 non
1390 3653 1473 3701 est
1501 3645 1556 3699 in
1595 3644 1896 3700 voluntate.

291 3744 351 3797 ln
384 3741 641 3799 omnibus
668 3754 800 3813 ergo
842 3745 1018 3795 rectus
1049 3741 1323 3804 Dominus,
1353 3743 1405 3793 et
1447 3751 1558 3792 non
1585 3742 1662 3792 est
1708 3738 1904 3805 iniqm-

294 3839 378 3886 tas
428 3834 489 3885 in
542 3845 600 3885 eo
659 3828 822 3900 (Psal.
878 3830 1005 3895 xei).
1050 3825 1383 3881 Utrumlibet
1448 3823 1596 3879 enim
1645 3823 1901 3889 velimus,

295 3924 422 3995 ipse
450 3930 536 3977 est
565 3921 773 3984 bonus;
808 3935 931 3973 nam
959 3919 1006 3974 si
1037 3918 1092 3973 in
1115 3933 1303 3974 amore
1327 3916 1565 3986 justitia,
1593 3915 1790 3971 merito
1815 3929 1906 3970 vo-

293 4011 526 4068 luntatis
576 4010 844 4066 retribuet
900 4010 1182 4081 praemium
1223 4009 1382 4080 pius;
1426 4008 1472 4062 si
1524 4007 1672 4063 aliud
1723 4012 1806 4062 est
1849 4005 1906 4060 in

291 4119 486 4160 amore
548 4109 738 4158 contra
785 4101 1073 4170 justitiam,
1115 4101 1312 4157 merito
1367 4099 1663 4157 voluntatis
1715 4114 1908 4170 poenas

289 4190 553 4248 retribuit
576 4190 776 4258 justus.

366 4317 518 4386 Quod
528 4318 813 4373 rationalis
841 4319 1120 4371 naturain
1146 4319 1442 4386 eopunitur
1470 4316 1607 4385 quod
1635 4315 1834 4384 diligit.

368 4424 434 4480 Et
471 4425 599 4496 quia
628 4432 818 4480 contra
871 4424 1208 4480 voluntatem
1256 4425 1421 4480 homo
1446 4424 1692 4496 punitur,
1747 4425 1802 4480 in
1843 4439 1910 4480 eo

297 4515 528 4588 punitur
553 4514 700 4586 quod
727 4513 930 4588 diligit,
975 4521 1035 4570 ut
1061 4515 1130 4570 de
1172 4516 1292 4584 ejus
1346 4515 1698 4572 incommodo
1728 4515 1912 4570 doleat

297 4605 450 4678 quod
483 4612 646 4660 amat.
676 4603 905 4659 Punitur
932 4619 1064 4678 ergo
1093 4604 1150 4659 in
1188 4619 1270 4672 se,
1311 4612 1366 4659 et
1396 4605 1450 4658 in
1505 4605 1643 4671 suis,
1683 4605 1813 4676 quia
1851 4620 1911 4658 se

297 4699 482 4774 diligit
521 4706 576 4755 et
603 4715 725 4757 sua.
767 4698 1000 4754 Punitur
1027 4699 1083 4754 in
1129 4715 1210 4767 se,
1250 4698 1462 4755 scilicet
1499 4698 1682 4754 anima
1709 4705 1766 4754 et
1796 4713 1912 4755 cor-

298 4809 455 4866 pore.
500 4794 560 4848 ln
581 4793 765 4848 anima
812 4793 960 4848 enim
992 4799 1048 4848 et
1092 4807 1322 4865 corpore
1348 4793 1529 4848 statim
1561 4792 1776 4864 accepit
1813 4808 1910 4848 va-

299 4885 578 4942 letudines
621 4886 806 4953 homo,
837 4884 986 4940 unde
1041 4885 1332 4957 puniretur
1360 4900 1459 4956 pro
1497 4891 1745 4956 peccato,
1772 4901 1912 4957 quas

301 4974 457 5048 prius
515 4990 626 5030 non
680 4974 971 5041 habuerat,
1011 4974 1144 5045 quia
1195 4973 1442 5030 nondum
1495 4980 1800 5040 meruerat;
1857 4974 1913 5029 in

303 5065 511 5133 anima,
561 5082 800 5138 namque
833 5064 1194 5122 confunditur
1228 5065 1556 5141 ignorantia,
1602 5065 1798 5121 timore
1831 5072 1918 5122 ta-

301 5158 500 5225 bescit,
540 5158 869 5234 aegritudine
901 5164 1152 5226 testatur,
1193 5157 1517 5214 difficultate
1545 5173 1644 5212 sua
1697 5164 1751 5213 et
1791 5173 1921 5215 cor—

300 5251 458 5323 poris
496 5257 805 5322 torquetur,
851 5249 1086 5306 inﬁnitis
1139 5249 1609 5306 sollicitudinibus
1647 5249 1919 5306 distendi-

302 5345 421 5401 tur;
465 5338 518 5391 in
546 5352 775 5408 corpore
822 5353 954 5394 vero
984 5339 1266 5411 gravitatis
1293 5337 1567 5406 tarditate,
1595 5339 1914 5395 morborum

299 5426 609 5494 doloribus,
649 5442 878 5498 operum
925 5426 1362 5501 fatigationibus,
1397 5429 1644 5484 laborum
1670 5429 1912 5498 defectu,

305 5519 511 5575 inedia:
533 5517 620 5572 vel
651 5517 1094 5590 ingurgitationis
1116 5519 1508 5591 inaequalitate,
1529 5520 1711 5594 rigore
1733 5521 1914 5596 frigo-

303 5605 380 5658 ris
431 5605 816 5672 contrahente,
862 5606 1111 5663 testivum
1178 5607 1380 5663 sudore
1440 5607 1802 5677 dissolvente,
1861 5619 1916 5665 et

1999 3093 2117 3143 erat
2155 3086 2209 3140 in
2251 3087 2431 3158 primo
2464 3087 2690 3143 homine
2720 3088 3021 3160 posterius,
3063 3104 3176 3144 non
3222 3091 3371 3160 quod
3403 3098 3521 3147 erat
3554 3093 3610 3146 in

2001 3175 2122 3246 ipso
2180 3175 2349 3246 prius.
2400 3175 2574 3248 Exigit
2627 3176 2776 3230 enim
2834 3193 2864 3230 a
2920 3177 3080 3232 vobis
3130 3177 3370 3232 humana
3421 3187 3612 3234 natura

2002 3267 2148 3338 quod
2173 3266 2274 3321 fuit
2303 3267 2362 3322 in
2391 3267 2570 3338 primo
2600 3276 2826 3338 parente
2857 3271 3150 3339 posterius,
3185 3287 3295 3326 non
3325 3272 3474 3342 quod
3492 3271 3614 3326 fue-

2004 3367 2084 3415 rat
2122 3361 2176 3415 in
2244 3361 2366 3431 ipso
2410 3361 2596 3432 prius;
2653 3361 2781 3433 quia
2814 3363 2963 3432 quod
2995 3366 3146 3434 prius
3171 3365 3348 3421 fuerat
3378 3366 3432 3420 in
3465 3368 3612 3438 ipso,

2003 3452 2280 3522 perdidit;
2313 3454 2462 3524 quod
2497 3467 2629 3508 vero
2661 3454 2956 3523 posterius,
3009 3459 3232 3512 mansit.
3267 3459 3425 3522 Quod
3474 3460 3616 3516 bene

2002 3540 2178 3595 fuerat
2246 3540 2399 3611 prius
2453 3538 2722 3610 perdidit;
2780 3542 2929 3612 quod
2986 3545 3128 3600 male
3180 3546 3280 3600 fuit
3319 3549 3616 3618 posterius,

2003 3630 2222 3686 mansit.
2274 3631 2392 3685 Non
2442 3637 2623 3701 potest
2646 3632 2960 3687 humanitas
3009 3638 3299 3709 pr0pagari
3332 3639 3436 3693 nisi
3468 3642 3617 3711 quod

2003 3728 2140 3777 erat.
2175 3721 2303 3776 ldeo
2339 3737 2450 3777 non
2472 3738 2664 3778 sumus
2693 3724 2800 3778 nisi
2831 3725 2977 3796 quod
3034 3736 3170 3781 erat.
3219 3727 3460 3800 ldeoque
3514 3731 3618 3785 mi-

2004 3810 2114 3865 seri
2145 3825 2356 3877 sumus,
2389 3810 2520 3881 quia
2536 3811 2740 3866 misera
2780 3821 2915 3867 erat.

2007 3956 2157 4024 Quod
2192 3959 2382 4011 anima
2412 3960 2672 4027 cujusque
2701 3959 2930 4015 hominis
2971 3961 3092 4024 ﬁeri
3124 3966 3328 4032 nequit,
3375 3968 3483 4021 nisi
3518 3969 3620 4025 hu-

2585 4060 2766 4100 mana:
2801 4053 3038 4104 natura.

2079 4150 2257 4214 Quaeri
2303 4157 2488 4222 potest
2517 4153 2796 4223 quomodo
2827 4154 3082 4210 humanae
3121 4157 3317 4214 animae
3363 4169 3620 4219 creantur

2009 4259 2040 4297 a
2069 4241 2181 4297 Deo
2207 4241 2486 4313 quotidie;
2514 4258 2662 4311 nam,
2681 4245 2726 4299 si
2749 4245 3057 4301 substantia
3078 4263 3234 4305 novae
3260 4267 3510 4320 personae
3534 4262 3617 4310 est

2009 4332 2203 4388 eadem
2234 4347 2359 4388 cum
2386 4349 2484 4388 sua
2508 4333 2719 4404 specie,
2750 4336 3029 4405 quomodo
3057 4337 3258 4393 dicitur
3278 4355 3439 4409 nova,
3465 4343 3624 4414 cujus

2010 4427 2094 4476 est
2119 4421 2344 4492 antiqua
2371 4421 2712 4477 substantia?
2758 4423 3002 4488 Qualiter
3037 4431 3255 4480 creatur
3291 4427 3478 4494 modo,
3521 4444 3622 4485 cu-

2005 4513 2098 4581 jus
2128 4511 2435 4567 substantia
2461 4511 2562 4567 fuit
2589 4528 2621 4567 a
2660 4513 2971 4585 principio?
3000 4515 3178 4570 Manet
3216 4517 3366 4572 enim
3392 4520 3619 4590 specia--

2013 4604 2080 4660 lis
2107 4613 2324 4672 natura,
2370 4605 2527 4674 cujus
2565 4611 2774 4662 naturae
2805 4614 3022 4663 creatur
3050 4609 3234 4664 anima
3281 4625 3441 4667 nova.
3479 4612 3625 4675 Quo-

2013 4701 2178 4758 modo
2201 4715 2331 4776 ergo
2377 4716 2519 4757 nova
2549 4701 2608 4757 ﬁt
2638 4703 2826 4770 hodie,
2869 4705 3026 4774 cujus
3056 4712 3248 4761 natura
3277 4707 3540 4764 manebat
3571 4709 3626 4763 in

2011 4794 2218 4866 specie,
2259 4795 2425 4851 modo
2451 4793 2531 4862 ﬁt,
2564 4802 2618 4851 et
2647 4796 2802 4852 erat?
2839 4796 2978 4860 Quid
3018 4804 3102 4852 est
3134 4799 3276 4856 hoc?
3308 4799 3443 4857 Huic
3473 4817 3627 4873 quae-

2012 4886 2175 4942 stioni
2237 4886 2602 4958 respondetur
2659 4887 2750 4943 ita.
2801 4888 2970 4958 Patet,
3009 4889 3165 4958 juxta
3200 4889 3365 4947 fidem
3397 4893 3628 4949 catholi-

2021 4993 2163 5046 cam,
2214 4976 2344 5049 quia
2370 4985 2590 5035 creatur
2613 4979 2797 5036 anima
2835 4995 2976 5037 nova
3006 4981 3062 5036 in
3100 4982 3342 5040 humano
3372 4999 3626 5057 corpore.

2024 5070 2105 5126 Fit
2131 5079 2312 5126 autem
2343 5071 2528 5126 anima
2571 5089 2695 5144 quae
2735 5081 2952 5128 creatur
2989 5080 3083 5129 aut
3111 5075 3367 5131 humanae
3399 5085 3628 5145 naturte,

2025 5166 2120 5214 aut
2147 5157 2372 5214 alterius
2401 5174 2564 5230 quam
2594 5161 2870 5228 humanae,
2911 5170 3003 5218 aut
3030 5162 3258 5220 nullius.
3290 5164 3397 5220 Sed
3429 5167 3634 5222 nullius

2027 5255 2238 5306 naturae
2269 5248 2387 5306 ﬁeri
2413 5267 2729 5322 personam,
2761 5261 2816 5309 et
2838 5254 2984 5309 inter
3012 5262 3237 5312 naturas
3266 5259 3462 5325 creari,
3484 5259 3634 5329 quod

2019 5339 2223 5393 nullam
2265 5338 2470 5394 habeat
2525 5349 2772 5397 naturam
2827 5351 2910 5397 est
2962 5343 3327 5414 impossibile.
3391 5346 3447 5400 Si
3503 5363 3633 5402 vero

2015 5437 2233 5486 creatur
2281 5431 2338 5486 in
2382 5432 2626 5489 humano
2665 5449 2894 5504 corpore
2943 5436 3168 5492 alterius
3199 5444 3406 5492 naturas
3448 5437 3634 5490 anima

2016 5537 2179 5592 quam
2240 5521 2512 5590 humanae,
2565 5525 2732 5580 etiam
2778 5525 2881 5581 hoc
2929 5526 3229 5582 absurdum
3290 5532 3374 5579 est
3426 5525 3629 5579 dicere.

2019 5611 2206 5667 Restat
2237 5624 2368 5681 ergo
2397 5619 2458 5666 ut
2505 5627 2631 5668 cum
2670 5620 2890 5668 creatur
2931 5629 3071 5670 nova
3123 5613 3218 5669 ﬁat
3251 5613 3500 5666 humanae
3532 5626 3637 5666 na-
