3938 6206
414 368 544 422 1091

411 516 566 564 ιρι-αξ.
602 509 661 565 Et
692 510 764 564 ita
795 508 1237 581 colligitur,quia
1259 508 1317 566 tit
1347 525 1486 565 nova
1513 511 1632 579 ejus
1663 518 1872 565 natura?
1898 526 2021 582 quae
2061 499 2109 562 A

412 614 522 654 non
555 606 637 653 est
668 615 838 663 nova;
869 598 995 654 facit
1022 615 1153 671 ergo
1185 599 1326 654 Deus
1358 600 1596 653 animam
1631 615 1850 668 novam,
1896 617 2018 672 quin

413 699 661 744 naturam
685 705 795 744 non
840 690 1006 744 habet
1037 705 1248 744 novam.
1310 690 1397 744 Est
1429 705 1560 762 ergo
1601 691 1794 744 eadem
1830 699 2019 745 natura

413 795 574 846 nova,
606 787 660 835 et
685 796 798 834 non
846 795 1004 835 nova.
1053 781 1112 834 In
1155 795 1390 851 persona
1445 796 1585 835 nova
1615 788 1718 847 est,
1754 781 1807 834 in
1840 781 2025 851 specie

414 887 552 926 nova
593 885 702 925 non
736 877 838 926 est.
874 870 1021 926 Nova
1078 877 1161 925 est
1199 871 1535 941 preprietate
1569 871 1869 942 personali,
1913 886 2024 927 non

417 977 552 1017 nova
589 961 927 1032 proprietate
974 961 1255 1016 communi
1328 959 1548 1016 Creatur
1604 977 1634 1016 a
1684 961 1794 1016 Deo
1827 961 1896 1016 de
1935 978 2024 1016 ex-

411 1057 707 1122 stantibus,
761 1056 845 1110 vel
886 1056 955 1109 de
1002 1056 1172 1109 nihilo
1228 1056 1412 1109 anima
1464 1071 1604 1110 nova
1662 1055 2024 1126 personaliter

413 1149 532 1216 ejus
561 1157 770 1201 natur-2e
807 1163 927 1217 quae
969 1146 1069 1200 fuit
1125 1146 1192 1200 ab
1241 1148 1407 1200 Adam
1441 1147 1838 1202 universaliter.
1887 1147 2017 1202 Cum

413 1238 580 1292 dicis:
617 1237 874 1289 Humanae
901 1235 1100 1289 animae
1171 1251 1406 1305 persona
1434 1241 1674 1301 creatur,
1723 1237 2019 1291 humanam

413 1329 648 1382 animam
683 1343 791 1382 non
841 1327 981 1381 dicis
1023 1326 1221 1393 creari,
1263 1328 1360 1381 sed
1413 1343 1724 1398 personam.
1785 1329 2021 1384 Persona

413 1426 592 1474 autem
622 1420 875 1474 humana:
917 1418 1115 1472 animm
1147 1427 1229 1473 est
1278 1419 1462 1473 anima
1495 1419 1778 1475 individua
1853 1420 2016 1476 Crea-

412 1518 500 1562 tur
524 1508 690 1582 igitur
711 1523 820 1562 non
846 1507 1083 1560 humana
1113 1507 1318 1572 anima,
1369 1508 1466 1562 sed
1500 1508 1789 1564 individua
1818 1510 2019 1564 anima.

413 1599 701 1653 lndividua
740 1598 924 1653 anima
967 1604 1202 1661 creatur,
1237 1597 1364 1668 quia
1397 1599 1548 1670 prius
1583 1615 1695 1655 non
1741 1609 1872 1656 erat.
1921 1601 2024 1656 hu-

413 1703 572 1741 mana
603 1688 787 1741 anima
817 1702 925 1741 non
957 1693 1192 1751 creatur,
1217 1687 1345 1756 quia
1378 1687 1530 1757 prius
1560 1697 1696 1755 erat,
1726 1697 1781 1744 et
1821 1690 1876 1742 in
1900 1688 2024 1743 aliis

414 1779 666 1849 personis
693 1787 826 1834 erat.
855 1779 1054 1832 Tamen
1109 1778 1396 1832 individua
1440 1779 1621 1834 anima
1654 1787 1736 1835 est
1783 1781 2022 1835 humana
2051 1799 2100 1866 Β

413 1865 618 1932 anima,
657 1872 709 1918 et
733 1864 968 1934 idipsum
1020 1864 1452 1920 substantialiter
1479 1875 1560 1921 est
1588 1867 1870 1924 individua
1895 1870 2019 1924 ani-

410 1972 497 2009 ma
524 1957 670 2026 quod
705 1957 963 2025 humana,
996 1964 1050 2010 et
1105 1972 1213 2010 una
1257 1957 1562 2030 eademque
1593 1961 1900 2016 substantia
1933 1970 2016 2017 est

412 2050 528 2103 hmo
558 2056 612 2103 et
643 2050 903 2116 humana,
946 2049 998 2103 id
1031 2058 1115 2104 est
1152 2058 1334 2106 creata
1363 2054 1549 2117 modo,
1584 2061 1638 2109 et
1680 2071 1912 2110 manens
1947 2057 2014 2110 ab

410 2136 582 2191 initio.
629 2136 913 2191 individua
941 2137 1201 2192 videlicet
1237 2149 1292 2193 et
1327 2141 1604 2209 specialis,
1637 2142 1936 2216 singularis
1960 2153 2014 2198 et

408 2227 715 2282 communis
745 2227 870 2282 ideo
909 2243 1020 2281 una
1048 2235 1103 2282 et
1133 2229 1324 2283 eadem
1357 2231 1662 2286 substantia
1691 2240 1775 2288 est
1812 2233 2016 2288 utrius-

405 2331 533 2387 que,
561 2316 712 2386 quia,
765 2331 886 2370 cum
918 2314 1204 2371 individua
1248 2318 1431 2372 anima
1475 2327 1710 2387 creatur,
1736 2318 1795 2374 ﬁt
1825 2321 2015 2376 huma-

407 2420 491 2459 na:
522 2412 750 2467 naturae,
793 2413 848 2458 et
903 2405 1067 2460 modo
1095 2405 1237 2462 facta
1268 2408 1336 2462 de
1378 2408 1574 2474 nihilo,
1605 2410 1838 2464 assumit
1880 2410 1935 2464 in
1957 2426 2016 2466 se

407 2495 599 2551 factam
643 2495 712 2549 ab
738 2494 915 2551 initio.
949 2497 1208 2563 Assumit,
1244 2498 1492 2570 inquam,
1541 2500 1823 2555 individua
1862 2516 2014 2556 com-

404 2604 650 2654 munem,
683 2595 744 2642 ut
788 2587 991 2643 habeat
1020 2591 1270 2644 eamdem
1301 2607 1424 2646 cum
1449 2609 1514 2646 ea
1545 2593 1931 2650 substantiam.
1957 2594 2016 2648 Et

403 2697 526 2735 cum
563 2678 994 2750 preprietatibus
1038 2680 1155 2734 suis
1195 2679 1452 2736 differant
1502 2697 1599 2752 per
1648 2682 2013 2738 substantiam

403 2770 622 2840 penitus
649 2775 777 2823 sunt
816 2768 982 2824 idem.
1022 2769 1210 2840 Itaque
1246 2772 1497 2825 humanae
1537 2771 1736 2826 animas
1765 2779 2022 2828 creantur

402 2876 541 2915 nova
570 2859 893 2924 individua;
941 2875 1064 2931 quae
1112 2860 1348 2931 idipsum
1405 2862 1840 2917 substantialiter
1883 2862 2022 2918 fiunt

401 2952 550 3022 quod
589 2959 672 3005 est
728 2951 967 3005 humana
1017 2950 1217 3008 anima.
1253 2952 1474 3007 Creatur
1525 2953 1780 3008 humanae
1817 2953 2016 3008 animae

401 3058 598 3098 novum
643 3042 1005 3105 individuum.
1046 3042 1195 3114 quod
1253 3059 1376 3098 cum
1435 3045 1553 3115 ipsa
1605 3044 1922 3100 necessario
1947 3044 2019 3100 sit

401 3117 648 3200 ejusdem
682 3138 913 3197 naturae,
942 3131 1073 3202 quia
1121 3132 1464 3202 impossibile
1503 3140 1589 3189 est
1619 3134 1872 3188 humanae
1898 3133 2015 3188 ani-

397 3239 500 3278 mae
557 3222 908 3277 individuum
960 3223 1013 3276 in
1048 3224 1286 3279 humano
1317 3240 1548 3294 corpore
1580 3225 1752 3279 creari
1793 3224 2021 3280 alterius

400 3325 608 3370 naturae
638 3330 800 3385 quam
835 3315 1108 3369 humanae.
1153 3317 1418 3385 Amplius,
1471 3323 1650 3388 potest
1679 3319 1844 3372 etiam
1902 3315 2015 3372 dici

398 3418 568 3460 novas
597 3402 810 3456 animas
845 3403 1038 3469 creari,
1071 3419 1179 3458 non
1211 3405 1357 3475 quod
1395 3413 1543 3472 sunt,
1575 3405 1673 3460 sed
1713 3405 1861 3477 quod
1918 3405 2017 3460 ha-

398 3491 624 3556 bent,id
651 3497 732 3545 est
759 3490 1116 3561 proprietate,
1153 3507 1263 3547 non
1295 3493 1624 3559 substantia,
1653 3503 1713 3548 ut
1739 3509 1850 3549 non
1874 3509 2015 3550 nova

397 3582 722 3649 substantia,
755 3581 854 3636 sed
886 3597 1025 3637 nova
1053 3583 1148 3639 ﬁat
1177 3585 1508 3656 proprietas,
1537 3592 1596 3640 ut
1626 3586 2011 3656 procreatione

398 3672 752 3744 pr0prietatis
792 3688 948 3728 nova:
997 3675 1203 3730 creatio
1235 3675 1450 3731 dicatur
1479 3677 1720 3748 antiqua:
1755 3677 2011 3732 substan-

397 3765 508 3831 tiae,
547 3771 602 3819 et
630 3764 857 3835 antiqua
894 3765 1200 3822 substantia
1239 3767 1367 3823 ideo
1417 3783 1558 3824 nova
1603 3769 1837 3836 dicatur,
1880 3770 2008 3840 quia

398 3868 536 3908 nova
565 3854 900 3923 pr0prietate
935 3852 1215 3911 formatur.
1258 3857 1320 3910 Et
1353 3858 1601 3928 quamvis
1624 3873 1866 3928 persona
1896 3873 2008 3914 non

396 3943 466 3998 sit
508 3943 630 3997 sine
659 3943 991 4009 substantia,
1024 3961 1317 4016 personam
1351 3954 1532 4002 tamen
1578 3963 1688 4004 non
1722 3948 1850 4004 facit
1873 3951 2006 4004 sub-

395 4033 616 4101 stantia,
656 4033 754 4086 sed
785 4033 1103 4089 substantia!
1136 4035 1468 4106 proprietas,
1511 4037 1750 4110 ideoque
1785 4045 2008 4110 propter

394 4124 788 4196 proprietatem
823 4140 1018 4181 novam
1049 4142 1190 4182 nova
1226 4128 1426 4183 dicitur
1462 4129 1664 4184 anima.
1721 4132 1815 4186 Dat
1859 4132 2004 4187 Deus

394 4213 648 4269 existenti
679 4211 878 4266 animae
899 4215 1284 4284 preprietatem
1327 4231 1545 4283 novam,
1578 4225 1632 4272 et
1652 4218 1782 4275 facit
1804 4235 2001 4276 novam

393 4320 709 4377 personam,
743 4301 961 4373 species
997 4291 1271 4372 subsistit,
1311 4305 1473 4360 datur
1523 4323 1554 4361 a
1599 4307 1711 4364 Deo
1751 4311 2001 4380 proprie-

390 4405 495 4463 tas,
529 4402 584 4450 et
612 4393 671 4450 ﬁt
723 4410 863 4450 nova
893 4409 1149 4465 persona.
1203 4396 1433 4452 Advenit
1491 4399 1799 4470 prOprietas
1847 4416 1997 4456 com-

389 4491 542 4545 muni
571 4495 800 4552 naturaz,
833 4463 908 4555 et,
946 4503 1047 4559 per
1084 4463 1506 4560 proprietatem,
1547 4463 1611 4547 ﬁt
1648 4463 2076 4550 individuumD

387 4584 537 4656 quod
567 4589 682 4639 erat
710 4597 1002 4638 commune
1059 4583 1248 4654 Itaque
1288 4584 1406 4639 sola
1437 4587 1749 4657 preprietas
1781 4587 1862 4654 ﬁt,
1892 4604 2002 4645 non

387 4684 602 4743 natura,
634 4675 750 4731 sola
797 4675 1126 4745 proprietas,
1181 4690 1292 4731 non
1333 4676 1660 4746 substantia,
1719 4687 1774 4735 et
1816 4687 2000 4736 tamen

385 4768 688 4824 substantia
721 4767 895 4823 creari
939 4766 1138 4822 dicitur
1197 4785 1296 4838 per
1327 4769 1744 4841 proprietatem,
1772 4778 1832 4827 ut
1863 4789 2002 4829 nova

384 4861 454 4916 sit
491 4859 698 4929 anima,
725 4860 882 4930 cujus
911 4865 994 4914 est
1016 4874 1156 4915 nova
1184 4861 1512 4932 proprietas.
1550 4863 1700 4918 Hanc
1730 4863 1997 4920 rationem

385 4953 558 5024 priori
586 4967 699 5008 non
731 4950 1096 5022 praeferimus,
1124 4953 1253 5024 quia
1291 4953 1377 5009 vix
1422 4955 1675 5011 audimus
1705 4957 1890 5012 dicere
1941 4958 1997 5012 in

381 5041 660 5098 creatione
689 5039 995 5096 animarum
1027 5041 1198 5096 Deum
1232 5057 1342 5098 non
1389 5059 1578 5099 creare
1607 5045 1994 5114 substantiam,

379 5135 479 5190 sed
505 5133 894 5206 proprietatem
921 5133 1117 5200 solam,
1148 5149 1218 5190 ne
1252 5134 1521 5209 derogare
1549 5135 1836 5193 videamur
1862 5152 1988 5193 om-

381 5225 703 5298 nipotentiae
760 5239 1008 5294 summae,
1051 5225 1096 5280 si
1137 5225 1254 5282 sola
1291 5227 1596 5284 accidentia
1641 5228 1896 5287 dicuntur
1934 5231 1990 5286 in

379 5316 633 5389 personis
660 5323 715 5371 et
761 5332 871 5372 non
923 5317 1257 5374 substantias
1290 5334 1496 5374 creare.
1551 5320 1752 5376 Damus
1805 5327 1986 5378 tamen

378 5410 572 5469 lectori
606 5410 882 5465 licentiam
915 5411 1064 5482 quod
1098 5412 1274 5485 magis
1305 5412 1420 5468 vult
1449 5419 1660 5469 tenere.
1694 5415 1790 5471 Bis
1821 5416 1988 5472 ratio-

379 5500 544 5556 nibus
574 5497 888 5554 ostenditur
914 5501 1218 5556 secundum
1251 5503 1586 5560 orthodoxos
1641 5518 1835 5560 omnes
1887 5509 1990 5562 ho-

376 5596 556 5650 mines
587 5587 929 5661 originaliter
965 5593 1180 5664 culpam
1228 5597 1444 5652 trahere
1497 5604 1552 5654 et
1581 5598 1635 5653 in
1667 5599 1834 5654 Adam
1867 5616 1990 5657 om-

377 5696 479 5734 nes
519 5688 802 5746 peccasse,
857 5679 1108 5744 quamvis
1147 5682 1340 5737 animae
1399 5697 1509 5739 non
1568 5683 1701 5741 ﬁant
1753 5687 1822 5742 de
1879 5693 1989 5742 tra-

379 5769 537 5826 duce.

1628 370 1686 422 B.
1729 367 1964 423 ODONIS
2006 367 2246 422 CAMER.
2291 365 2491 420 EPISC.

3618 375 3782 433 1092

2668 493 2738 544 De
2777 496 2881 546 toto
2915 491 3207 545 materiati.

2191 599 2345 654 Nunc
2381 599 2450 653 ad
2483 613 2580 654 eos
2635 605 2717 652 est
2766 599 3100 653 veniendum
3155 601 3249 671 qui
3296 600 3490 657 dicunt
3538 605 3771 659 animas

2119 704 2340 760 quoque
2381 689 2450 743 de
2490 689 2660 743 Adam
2709 689 2950 754 venisse,
3012 697 3066 744 et
3122 690 3205 744 sic
3250 705 3447 746 omnes
3478 692 3535 746 in
3575 694 3764 748 Adam

2126 791 2404 846 peccasse.
2438 777 2544 831 Sed
2567 775 2657 831 hic
2685 776 3099 848 praedicendum
3123 785 3206 832 est
3237 779 3306 833 de
3347 789 3499 850 parte
3522 789 3576 835 et
3605 789 3757 836 toto.

2125 863 2267 920 sicut
2287 865 2542 936 superius
2574 865 2642 919 de
2672 864 2972 920 universali
2996 875 3052 920 et
3083 865 3407 933 individuo;
3449 883 3578 922 nam
3605 869 3762 924 sicut

2125 958 2192 1012 de
2222 959 2517 1015 universali
2549 965 2604 1014 et
2631 959 2920 1014 individuo
2952 959 3137 1014 dicere
3167 961 3424 1031 superius
3461 963 3634 1017 valuit
3678 964 3752 1016 ad

2123 1052 2550 1119 ostendendum,
2598 1051 2856 1108 similiter
2912 1052 3002 1107 hic
3029 1054 3098 1107 de
3127 1053 3379 1123 partibus
3407 1061 3462 1108 et
3513 1061 3632 1110 toto
3669 1056 3754 1110 lo-

2123 1141 2216 1211 qui
2248 1141 2490 1211 proderit
2520 1141 2587 1197 ad
2614 1140 3060 1214 intelligendum.
3093 1141 3154 1196 Et
3187 1141 3394 1196 dicitur
3410 1149 3585 1198 totum
3615 1144 3745 1213 plu-

2123 1229 2277 1283 ribus
2301 1229 2500 1285 modis.
2534 1229 2652 1284 Uno
2682 1229 2846 1284 modo
2902 1230 3201 1302 integrum,
3233 1231 3384 1302 quod
3417 1232 3754 1286 naturaliter

2121 1327 2334 1374 constat
2382 1320 2783 1392 compositione
2824 1320 3081 1391 partium,
3135 1328 3296 1376 utens
3340 1323 3754 1394 compositione

2121 1417 2381 1478 tanquam
2438 1408 2632 1474 forma,
2689 1409 2940 1479 partibus
2997 1425 3127 1466 vero
3166 1416 3428 1481 tanquam
3487 1411 3749 1466 materia.

2126 1499 2378 1555 Partibus
2407 1500 2555 1554 enim
2589 1500 2894 1555 adveniens
2926 1500 3256 1571 compositio
3285 1499 3500 1570 perﬁcit
3542 1508 3746 1557 totum.

2126 1595 2256 1649 Nam
2305 1595 2425 1650 sine
2453 1595 2855 1666 compositione
2905 1595 3042 1649 nihil
3078 1602 3261 1666 partes
3289 1595 3559 1650 efﬁciunt.
3596 1598 3662 1651 L't
3689 1598 3749 1650 in

2127 1686 2347 1742 homine
2404 1695 2589 1757 partes
2640 1694 2768 1742 sunt
2823 1687 3009 1741 anima
3047 1693 3104 1742 et
3129 1702 3350 1758 corpus,
3414 1688 3468 1742 in
3496 1687 3751 1742 humano

2124 1783 2304 1832 autem
2351 1791 2584 1848 corpore
2637 1784 2822 1848 partes
2871 1784 3002 1833 sunt
3063 1778 3249 1833 omnia
3300 1779 3549 1833 membra
3594 1779 3747 1847 ejus,

2124 1887 2246 1942 quae
2276 1869 2591 1941 perﬁciunt,
2621 1871 2726 1926 illa:
2755 1872 2982 1944 quidem
3016 1872 3320 1934 hominem,
3350 1873 3435 1927 hae
3463 1888 3594 1928 vero
3621 1887 3748 1928 cor-

2116 1979 2218 2032 pus
2241 1963 2569 2028 humanum;
2610 1963 2655 2018 si
2679 1963 3143 2034 compositionem
3178 1964 3478 2019 habuerint
3501 1979 3743 2035 compe-

2114 2059 2343 2108 tentem.
2391 2054 2454 2108 Et
2479 2054 2621 2109 sicut
2653 2053 3051 2124 compositione
3103 2054 3462 2119 construitur,
3506 2054 3582 2108 ita
3619 2054 3743 2107 dis-

2113 2146 2390 2202 solutione
2430 2147 2664 2216 partium
2728 2147 3029 2202 destruitur
3079 2153 3271 2202 totum.
3330 2146 3604 2221 Contingit
3643 2164 3745 2202 au-

2118 2243 2227 2290 tem
2254 2235 2573 2306 frequenter
2602 2235 2828 2290 alterius
2865 2235 3088 2310 generis
3142 2251 3264 2290 esse
3304 2242 3500 2302 totum,
3541 2243 3597 2289 et
3656 2236 3734 2288 al-

2118 2329 2290 2383 terius
2315 2337 2550 2400 partem,
2585 2336 2643 2384 ut
2669 2328 2908 2384 hominis
2934 2328 3235 2382 humanum
3275 2342 3503 2397 corpus,
3529 2334 3585 2381 et
3612 2341 3743 2381 cor-

2117 2422 2259 2490 pori,
2299 2427 2353 2476 et
2392 2423 2633 2476 humana
2686 2421 2869 2474 anima
2925 2419 3145 2487 animm,
3185 2420 3350 2474 homo
3391 2434 3520 2474 vero
3559 2425 3742 2474 totum

2118 2513 2298 2568 neutri
2329 2520 2693 2584 supponatur,
2730 2511 2830 2566 sed
2861 2511 2911 2565 ei
2940 2511 3090 2582 quod
3138 2518 3356 2566 constat
3376 2527 3442 2565 ex
3473 2517 3739 2583 utroque.

2117 2603 2178 2658 Et
2210 2603 2267 2658 in
2299 2604 2404 2660 hoc
2430 2610 2567 2668 toto,
2598 2619 2702 2658 nec
2750 2603 2930 2672 ipsum
2985 2603 3054 2656 de
3084 2601 3334 2672 partibus
3381 2601 3602 2668 dicitur,
3636 2617 3743 2656 nec

2124 2703 2307 2765 partes
2337 2695 2407 2749 de
2437 2694 2582 2765 ipso.
2625 2695 2687 2748 Et
2716 2694 2823 2748 tale
2853 2699 3026 2748 totum
3050 2692 3257 2764 speciei
3289 2708 3512 2763 semper
3534 2700 3618 2747 est
3647 2693 3742 2746 in-

2122 2789 2428 2846 dividuum.
2463 2790 2523 2844 In
2553 2788 2967 2845 universalibus
2996 2789 3143 2843 enim
3177 2803 3292 2843 non
3323 2788 3599 2843 invenitur
3629 2789 3740 2843 tale

2120 2886 2308 2936 totum.
2357 2879 2700 2935 Uuiversalia
2729 2879 2876 2934 enim
2910 2879 3014 2934 hoc
3043 2877 3192 2950 quod
3222 2885 3350 2933 sunt
3389 2893 3489 2949 per
3531 2893 3612 2943 se,
3647 2878 3738 2932 in-

2120 2972 2436 3044 compositae
2467 2980 2596 3027 sunt
2626 2979 2680 3026 et
2718 2970 2986 3042 simplicis
3015 2977 3260 3035 naturae;
3290 2976 3346 3024 et
3375 2969 3420 3023 si
3449 2976 3559 3024 tota
3590 2969 3734 3023 dici-

2120 3067 2226 3128 tur,
2253 3061 2306 3114 in
2340 3060 2642 3116 individuis
2663 3060 2780 3114 suis
2802 3058 3060 3114 dicuntur
3088 3074 3186 3129 per
3231 3073 3314 3124 se,
3344 3057 3511 3112 etiam
3553 3073 3737 3128 quan-

2044 3169 2094 3238 Ο
2121 3149 2290 3205 titatis
2316 3158 2372 3205 et
2399 3165 2606 3222 genera
2635 3156 2690 3204 et
2721 3149 2958 3220 species,
3003 3164 3128 3220 quae
3169 3147 3306 3202 nihil
3353 3147 3504 3202 aliud
3537 3163 3738 3238 sonare

2122 3240 2380 3296 videntur
2409 3257 2573 3312 quam
2600 3257 2665 3295 ex
2693 3239 2942 3312 partibus
2993 3239 3122 3295 talia
3159 3245 3295 3305 tota,
3353 3239 3410 3292 in
3437 3237 3741 3293 individuis

2121 3333 2343 3404 quidem
2379 3339 2562 3404 partes
2584 3332 2809 3396 habent,
2836 3342 2891 3388 et
2919 3339 3031 3388 tota
3053 3338 3201 3398 sunt,
3230 3331 3350 3402 ipsa
3387 3346 3517 3386 vero
3549 3347 3648 3400 per
3672 3347 3738 3385 se

2119 3443 2220 3483 nec
2251 3437 2432 3499 partes
2470 3427 2681 3483 habent
2731 3443 2834 3482 nec
2869 3434 2996 3482 sunt
3025 3432 3170 3492 tota;
3210 3425 3310 3481 sed
3357 3432 3566 3481 natura
3596 3425 3733 3479 sim-

2115 3517 2275 3588 plicis
2299 3524 2355 3572 et
2392 3516 2665 3583 absoluta,
2697 3523 2758 3572 ut
2783 3530 3135 3571 numerorum
3174 3531 3382 3589 genera
3408 3523 3461 3570 et
3483 3515 3722 3585 species,

2112 3620 2346 3676 quorum
2388 3611 2559 3661 totam
2603 3604 3082 3661 ratiocinationem
3124 3603 3359 3675 partium
3405 3604 3720 3660 considera-

2111 3694 2186 3751 tio
2213 3695 2478 3760 continet,
2521 3695 2639 3766 ipsa
2694 3694 2919 3765 quidem
2952 3709 3050 3764 per
3078 3709 3139 3748 se
3169 3709 3273 3749 nec
3305 3700 3418 3749 tota
3455 3701 3582 3747 sunt
3613 3707 3715 3747 nec

2113 3790 2297 3854 partes
2327 3783 2563 3850 habent;
2599 3782 2654 3836 in
2703 3781 3006 3838 individuis
3034 3796 3166 3838 vero
3191 3787 3305 3837 tota
3350 3791 3478 3836 sunt
3508 3780 3718 3852 ubique

2110 3876 2346 3946 partium
2404 3874 2810 3947 compositione
2904 3874 3320 3930 Universalibus
3389 3882 3572 3929 tamen
3629 3873 3720 3928 dat

2109 3964 2490 4035 philosophica
2546 3964 2918 4020 consideratio
2957 3964 3405 4021 constitutionem
3453 3979 3564 4019 non
3597 3963 3719 4034 qui-

2107 4054 2233 4109 dem
2279 4055 2522 4125 proprie,
2555 4054 2651 4108 sed
2677 4055 2745 4109 ad
2776 4054 3198 4110 similitudinem
3239 4055 3486 4110 materiai
3514 4064 3568 4109 et
3610 4053 3720 4109 for-

2106 4157 2230 4209 mae,
2261 4157 2388 4197 nam
2417 4143 2662 4213 speciem
2692 4151 2944 4198 constare
2979 4143 3171 4198 dicunt
3194 4159 3262 4198 ex
3285 4158 3487 4216 genere
3511 4150 3564 4198 et
3593 4141 3719 4197 sub-

2104 4230 2324 4295 stantia,
2356 4230 2507 4285 velut
2543 4245 2608 4285 ex
2646 4231 2876 4285 materia
2918 4237 2972 4286 et
3001 4229 3191 4287 forma.
3235 4231 3346 4286 Sed
3377 4232 3432 4286 in
3461 4231 3563 4286 hac
3599 4231 3716 4284 uni-

2102 4324 2397 4380 versalium
2442 4327 2834 4383 constitutione
2875 4343 2984 4383 non
3015 4327 3159 4398 perit
3182 4327 3509 4398 simplicitas
3541 4335 3703 4382 natu-

2102 4431 2200 4485 rae,
2227 4417 2378 4474 velut
2397 4423 2579 4488 partes
2615 4434 2724 4474 non
2755 4419 2962 4477 faciunt
2986 4422 3153 4477 totius
3197 4422 3587 4494 quantitatem,
3616 4419 3708 4475 sed

2103 4505 2340 4578 qualitas
2365 4505 2668 4562 adveniens
2722 4508 3048 4580 simpliciter
3100 4510 3360 4566 informat
3399 4511 3699 4566 materiem.

2103 4604 2222 4660 Non
2273 4611 2356 4659 est
2395 4602 2544 4659 enim
2581 4601 2780 4677 ﬁgura,
2826 4601 3126 4659 multorum
3168 4603 3223 4658 in
3254 4618 3426 4658 unum
3481 4618 3707 4674 compo-

2102 4695 2253 4758 sitio,
2286 4694 2385 4749 sed
2415 4694 2659 4749 materiae
2685 4693 2952 4762 subjectae
2971 4693 3202 4765 simplex
3241 4693 3583 4760 informatio,
3615 4708 3712 4747 nec.

2104 4781 2337 4856 qualitas
2374 4781 2503 4837 facit
2553 4781 2717 4837 ullam
2759 4781 3122 4854 quantitatem
3158 4782 3424 4851 subjecta:
3463 4780 3707 4837 materiei

2102 4873 2570 4942 informationem,
2600 4873 2744 4929 sicut
2769 4889 3034 4930 numerus
3060 4875 3420 4930 materialium
3451 4873 3708 4945 partium,

2100 4965 2520 5037 compositione.
2552 4965 2685 5019 Nam
2730 4965 3099 5022 materialium
3152 4967 3389 5037 partium
3447 4980 3709 5022 numerus

2098 5057 2255 5128 ponit
2295 5055 2677 5127 quantitatem.
2728 5054 2927 5130 Figura
2979 5071 3107 5112 vero
3151 5056 3413 5125 subjecta
3461 5057 3704 5112 materiei

2098 5146 2613 5219 ponitqualitatem,
2643 5145 2922 5218 siquidem
2953 5146 3129 5223 ﬁgura
3158 5156 3244 5203 est
3267 5147 3527 5220 qualitas.
3558 5149 3700 5213 Qua-

2091 5236 2215 5292 litas
2237 5243 2418 5292 autem
2452 5249 2562 5290 non
2589 5235 2834 5306 pertinet
2863 5236 2931 5292 ad
2972 5242 3144 5293 totum
3178 5237 3547 5292 materialium
3577 5252 3701 5309 par-

2093 5325 2251 5394 tium,
2290 5327 2388 5382 sed
2435 5325 2714 5398 quantitas
2763 5333 2991 5398 pr0pter
3027 5341 3214 5382 earum
3248 5342 3564 5384 numerum.
3599 5329 3699 5382 ltao

2091 5433 2198 5490 que
2237 5417 2366 5490 quia
2405 5417 2772 5473 materialium
2811 5418 3047 5490 partium
3110 5434 3399 5475 numerum
3443 5434 3552 5476 non
3613 5419 3702 5474 ad-

2090 5507 2330 5575 mittunt,
2355 5522 2466 5563 non
2493 5506 2730 5578 pertinet
2759 5507 2827 5562 ad
2879 5523 2945 5562 ea
2979 5508 3302 5580 quantitatis
3341 5515 3538 5575 totum,
3572 5515 3628 5564 ut
3652 5509 3702 5562 in

2091 5614 2189 5653 sua
2227 5597 2618 5654 constitutione
2658 5599 2912 5655 dicantur
2954 5600 3296 5671 composita;
3358 5601 3459 5655 sed
3499 5605 3698 5656 naturae

2089 5689 2356 5762 simplicis
2395 5697 2524 5746 sunt
2570 5697 2624 5747 et
2672 5691 3073 5763 incompositae,
3103 5706 3324 5763 semper
3391 5693 3493 5749 hoc
3524 5692 3696 5763 ipsum

2087 5783 2366 5841 manentia
2395 5782 2544 5856 quod
2577 5792 2704 5840 sunt
2731 5791 2783 5842 et
2815 5783 3184 5844 immutabilia
3212 5799 3313 5857 per
3341 5793 3428 5864 se.
