3938 6206
215 365 359 424 1093

782 487 850 538 De
889 483 1003 538 toto'
1033 479 1270 546 formati.

291 616 409 672 Alio
439 614 604 671 modo
634 613 833 669 dicitur
871 618 1048 666 totum
1094 609 1341 673 formale,
1372 606 1519 679 quod
1560 621 1626 660 ex
1657 603 1832 660 forma

218 714 436 764 constat
471 713 528 762 et
563 704 814 765 materia,
847 702 1004 757 aliter
1033 701 1180 757 enim
1213 706 1426 756 constat
1465 697 1606 752 Petri
1631 711 1830 766 corpus

218 813 288 852 ex
314 797 556 850 humana
585 792 761 865 ﬁgura
799 799 853 846 et
881 790 1109 845 materia
1155 802 1437 859 corporea
1479 801 1698 851 massa,
1728 784 1831 838 ali-

219 899 307 948 ter
335 907 402 946 ex
448 887 698 960 pluribus
731 886 997 942 membris
1047 884 1164 940 suis
1193 889 1248 939 et
1278 881 1702 953 compositione,
1742 878 1832 933 in-

222 986 310 1034 est
337 977 511 1050 ﬁgura
548 990 762 1040 massa,
791 981 844 1030 et
864 979 1079 1030 constat
1109 979 1282 1028 totum
1310 970 1557 1028 formale.
1603 968 1834 1033 Quanti-

224 1078 339 1126 tate
365 1085 477 1126 non
509 1077 725 1126 constat
754 1068 857 1123 hoc
901 1072 1095 1131 totum,
1127 1065 1256 1138 quia
1305 1079 1414 1120 non
1463 1063 1723 1135 quaritur
1745 1061 1838 1117 hic

228 1160 526 1215 multitudo
557 1157 922 1213 materialium
965 1156 1222 1227 partium,
1281 1154 1380 1210 sed
1429 1153 1543 1209 sola
1576 1169 1753 1208 massa
1780 1159 1836 1207 et

227 1250 472 1325 ﬁgurans
499 1249 675 1304 forma
714 1263 816 1302 nec
844 1246 1010 1302 debet
1036 1254 1298 1318 quantum
1351 1243 1484 1310 dici,
1513 1244 1612 1298 sed
1663 1242 1839 1315 magis

228 1343 416 1415 quale,
457 1341 585 1412 quia
624 1346 707 1395 est
732 1338 981 1404 formale,
1013 1354 1136 1392 nam
1166 1338 1340 1392 forma
1379 1343 1542 1392 estet
1581 1336 1833 1408 qualitas.

229 1433 294 1488 Et
322 1431 608 1487 sciendum
661 1430 790 1502 quia
820 1444 930 1485 non
981 1428 1260 1483 invenitur
1290 1429 1392 1484 hoc
1422 1434 1619 1492 totum,
1648 1427 1754 1481 nisi
1785 1427 1839 1481 in

230 1523 536 1580 individuis
550 1522 879 1594 specierum.
905 1521 1132 1591 Species
1157 1520 1303 1575 enim
1338 1535 1448 1575 non
1477 1520 1682 1574 habent
1699 1520 1844 1574 hanc

229 1613 709 1677 constitutionem,
749 1610 845 1666 sed
884 1610 1142 1664 similem.

804 1737 874 1788 De
904 1738 1008 1788 toto
1034 1734 1280 1787 virtualz.

312 1848 402 1903 Est
437 1846 603 1902 etiam
624 1851 799 1901 totum
831 1845 979 1916 quod
1019 1850 1199 1915 potest
1229 1843 1337 1899 dici
1381 1844 1634 1910 virtuale,
1695 1843 1842 1915 quod

230 1960 300 1999 ex
335 1942 547 1999 viribus
592 1947 824 2008 constat,
857 1947 913 1996 et
955 1941 1188 1995 maxime
1226 1939 1500 1994 invenitur
1543 1939 1598 1994 in
1645 1939 1844 1994 indivi-

231 2035 361 2090 duis
387 2034 622 2089 anima:
686 2031 851 2088 habet
887 2032 1034 2088 enim
1077 2031 1258 2086 anima
1309 2046 1544 2103 quaque
1594 2031 1757 2098 vires,
1789 2038 1844 2087 et

227 2121 507 2178 efficacias
544 2121 806 2192 quasdam
844 2119 1045 2192 quibus
1100 2125 1311 2175 constat
1350 2126 1405 2174 et
1456 2118 1625 2174 efﬁcit
1673 2119 1842 2175 multa

236 2233 340 2290 pro
369 2233 469 2273 suo
501 2232 682 2287 posse,
716 2217 790 2270 ita
828 2223 886 2271 ut
918 2232 1017 2270 sua
1058 2230 1288 2286 corpora
1313 2214 1536 2289 vigeant
1563 2215 1618 2269 in
1657 2215 1846 2269 multis

239 2311 551 2369 secundum
577 2311 725 2365 vires
772 2310 986 2365 anima.
1031 2309 1187 2364 Unde
1238 2311 1474 2364 humana
1522 2309 1706 2363 anima
1735 2309 1845 2364 vim

233 2402 405 2459 habet
430 2401 773 2468 rationalem,
805 2417 914 2472 qua
939 2400 1112 2456 utitur
1142 2399 1373 2455 interius
1412 2400 1479 2454 ad
1513 2399 1845 2454 invisibilem

209 2494 611 2569 -c0gnitionem
675 2499 732 2548 et
783 2506 966 2547 rerum
1014 2491 1260 2548 omnium
1331 2490 1738 2555 discretionem,
1797 2497 1853 2546 et

251 2589 522 2656 operatur
555 2581 796 2638 exterius
849 2581 906 2635 in
962 2595 1062 2636 suo
1102 2595 1336 2651 corpore
1366 2580 1567 2635 multos
1594 2588 1767 2646 actus,
1799 2586 1854 2632 et

241 2671 582 2728 locutionem
621 2670 878 2724 maxime.
921 2669 1090 2724 Habet
1136 2675 1192 2724 et
1229 2683 1399 2723 unum
1428 2667 1650 2723 nomine
1680 2666 1853 2722 sensi-

234 2763 372 2828 bile,
401 2777 509 2834 qua
545 2776 747 2833 corpus
771 2758 942 2816 afﬁcit
970 2759 1228 2815 sensibus
1253 2759 1520 2831 quinque,
1553 2765 1614 2814 ut
1649 2757 1860 2812 sentire

239 2863 410 2928 queat
440 2853 725 2910 sensibilia
754 2867 1014 2924 quaque,
1040 2857 1094 2907 et
1115 2851 1308 2908 dividit
1324 2851 1571 2922 corporis
1603 2849 1859 2920 partibus

235 2946 456 3019 species
518 2959 804 3011 sensuum,
873 2943 1180 2999 secundum
1235 2942 1525 3014 qualitates
1611 2941 1855 2997 diversas

232 3033 605 3101 sensibilium,
636 3033 785 3088 visus
813 3031 1118 3094 oculorum,
1159 3030 1365 3104 ﬁguras
1395 3038 1449 3085 et
1481 3029 1715 3097 colores,
1752 3045 1856 3084 au-

1263 357 1346 414 DE
1388 351 1674 409 PECCATO
1715 349 2079 406 ORIGINALI.
2125 385 2193 394 —-
2236 354 2338 409 LIB
2405 357 2493 410 ΙΙΙ,

3400 372 3540 425 1094

1852 475 1902 543 Α
1935 480 2082 542 sunt,
2112 490 2220 531 non
2267 484 2324 531 ut
2357 477 2641 534 individua
2661 480 2943 550 subjecta,
2977 501 3078 542 nec
3129 489 3309 544 anima
3337 493 3539 562 plantae

1935 565 2099 634 hujus
2124 574 2236 622 tota
2266 575 2352 623 est
2380 568 2434 623 in
2477 569 2711 644 singulis
2741 572 2952 630 viribus
2993 577 3129 643 suis,
3170 595 3293 634 cum
3324 584 3542 652 species

1931 661 2043 711 tota
2072 657 2143 711 sit
2192 658 2248 713 in
2279 659 2511 733 singulis
2557 660 2854 718 individuis
2880 667 3010 720 suis.
3047 667 3202 724 Nunc
3253 672 3543 731 redeamus

1930 744 1999 799 ad
2029 746 2393 828 propositum.

2187 856 2450 924 Quomodo
2473 860 2537 915 de
2567 862 2788 918 traduce
2816 867 3042 921 veniunt
3063 870 3285 923 animae.

2005 965 2203 1023 Dicunt
2232 970 2596 1028 seminatores
2634 974 2966 1045 animarum,
3000 994 3235 1050 quorum
3276 982 3544 1039 rationem

1937 1061 2059 1124 post
2113 1058 2450 1116 orthodoxos
2501 1061 2898 1134 insumpsimus
2936 1066 3122 1123 dicere
3176 1071 3322 1141 quod
3369 1075 3548 1128 omnis

1935 1145 2120 1201 anima
2146 1150 2293 1204 venit
2323 1151 2392 1206 de
2424 1153 2668 1220 traduce,
2708 1155 2760 1209 id
2792 1163 2875 1211 est
2914 1159 3094 1214 anima
3125 1177 3223 1231 per
3251 1178 3442 1218 semen
3478 1164 3547 1219 de

1936 1237 2140 1302 anima,
2169 1237 2309 1293 sicut
2337 1240 2458 1308 ejus
2512 1257 2713 1312 corpus
2744 1260 2844 1314 per
2868 1261 3061 1301 semen
3093 1259 3428 1324 propagatur
3480 1252 3548 1306 de

1939 1339 2190 1397 corpore,
2219 1330 2305 1384 vel
2335 1331 2499 1387 arbor
2527 1333 2596 1388 de
2640 1335 2860 1406 arbore,
2903 1346 2956 1394 et
2984 1339 3063 1393 sic
3089 1355 3211 1395 esse
3243 1343 3348 1397 vim
3381 1344 3550 1398 semi-

1942 1415 2148 1470 nariam
2191 1417 2248 1471 in
2301 1420 2502 1489 anima,
2549 1425 3014 1494 quemadmodum
3067 1429 3122 1483 in
3181 1446 3429 1501 corpore.
3492 1433 3549 1486 ln

1943 1504 2274 1562 animalibus
2305 1509 2451 1564 enim
2493 1511 2600 1566 nisi
2625 1512 2732 1567 vim
2755 1516 3119 1587 vegetabilem
3155 1519 3333 1574 trahat
3359 1534 3550 1575 semen

1944 1595 2207 1663 parentis,
2248 1611 2360 1652 non
2387 1597 2606 1669 proﬁcit
2634 1601 2700 1656 ad
2733 1602 3068 1658 creationem
3109 1607 3394 1677 sequentis
3424 1623 3555 1678 pro-

1947 1685 2035 1752 lis,
2075 1702 2200 1740 nam
2231 1703 2420 1743 semen
2461 1689 2642 1746 fusum
2677 1691 2734 1746 in
2774 1691 2999 1762 femina,
3059 1697 3338 1767 quomodo
3364 1698 3554 1768 pullu-

1864 1794 1916 1864 Β
1947 1776 2039 1840 lat,
2079 1777 2185 1832 nisi
2216 1779 2326 1834 vim
2359 1780 2555 1836 animae
2605 1783 2966 1858 vegetabilem
3006 1787 3226 1846 trahat?
3273 1789 3557 1854 Quomodo

1947 1868 2256 1924 concrescit
2308 1869 2363 1923 in
2421 1869 2629 1927 viscera
2670 1875 3005 1948 praegnantis
3047 1877 3403 1946 seminatum,
3451 1879 3555 1933 nisi

1944 1967 2224 2034 utcunque
2282 1963 2446 2020 fuerit
2491 1967 2834 2023 animatum?
2895 1969 3258 2026 lnfundantur
3297 1973 3458 2028 urina
3488 1974 3560 2028 de

1945 2059 2191 2123 parente,
2217 2055 2305 2110 vel
2345 2063 2587 2127 sputum,
2618 2059 2703 2114 vel
2734 2060 2884 2115 aliud
2917 2060 3243 2133 quidquam,
3286 2078 3396 2118 non
3429 2080 3560 2135 pro-

1949 2138 2064 2196 ﬁcit
2101 2142 2156 2196 in
2187 2151 2422 2213 partum,
2451 2147 2537 2200 vel
2579 2147 2632 2200 in
2685 2147 2895 2218 prolem
2927 2149 3115 2215 ullam,
3176 2167 3279 2206 nec
3311 2167 3557 2223 unquam

1948 2241 2134 2288 natum
2171 2242 2253 2290 est
2291 2236 2495 2290 animal
2539 2238 2629 2292 tali
2681 2239 2978 2308 infusione,
3012 2241 3139 2312 quia
3181 2243 3308 2296 talis
3357 2243 3562 2298 infusio

1948 2336 2096 2383 caret
2125 2330 2483 2386 animatione.
2539 2331 2750 2388 Nullam
2809 2333 2918 2388 vim
2950 2335 3148 2390 anima
3204 2335 3328 2390 talis
3359 2336 3564 2392 infusio

1952 2421 2137 2488 trahit,
2172 2422 2298 2478 ideo
2337 2439 2448 2479 non
2480 2426 2744 2496 prospicit
2770 2427 2823 2482 in
2867 2437 3104 2499 partum,
3135 2445 3237 2484 nec
3276 2430 3408 2485 inde
3436 2432 3564 2502 pul-

1954 2514 2087 2569 lulat
2115 2515 2345 2587 aliquid.
2387 2517 2711 2575 Infundatur
2740 2520 2961 2577 femina
2984 2537 3197 2590 semen,
3245 2523 3567 2579 infundatur

1953 2609 2008 2657 et
2037 2603 2202 2658 aliud.
2237 2604 2376 2670 Quid
2417 2614 2498 2662 est
2524 2609 2672 2679 quod
2705 2609 2810 2666 hoc
2835 2626 3060 2682 semper
3080 2622 3165 2667 est
3188 2612 3404 2680 inutile,
3432 2613 3564 2667 illud

1957 2709 2087 2749 vero
2133 2694 2350 2765 proﬁcit
2378 2697 2432 2752 in
2464 2700 2672 2770 prolem
2703 2717 2886 2773 sape:
2949 2703 3054 2758 hoc
3105 2703 3244 2758 nihil
3276 2704 3436 2771 valet,
3470 2721 3568 2760 un-

1960 2800 2146 2855 quam,
2195 2785 2328 2841 illud
2382 2789 2590 2858 prolem
2631 2791 2899 2862 promittit
2949 2791 3208 2859 futuram,
3253 2794 3356 2848 nisi
3414 2795 3563 2866 quod

1961 2875 2068 2932 hoc
2095 2876 2234 2931 nihil
2261 2878 2613 2936 animationis
2645 2882 2830 2952 habet,
2870 2883 3004 2938 illud
3033 2900 3165 2940 vero
3211 2884 3320 2941 vim
3348 2893 3570 2958 vegeta-

1955 2968 2122 3024 bilem
2153 2971 2377 3026 retinet:
2419 2973 2605 3028 Trahit
2658 2990 2788 3048 ergo
2821 2991 3010 3030 secum
3049 2992 3240 3031 semen
3300 2978 3568 3046 corporis,

1957 3077 2149 3117 semen
2189 3063 2408 3131 anima,
2461 3064 2672 3120 scilicet
2703 3065 2808 3120 vim
2863 3066 3248 3140 vegetationis,
3281 3082 3404 3137 qua
3437 3081 3568 3121 cor-

238 3129 390 3226 di?”
426 3128 640 3226 auria?“
679 3141 846 3182 sonos
883 3126 1034 3224 capit,
1181 3140 1368 3195 Voces,
1417 3122 1644 3180 Odorem
1673 3139 1856 3226 fares
1886 3155 1936 3224 (ἶ
1959 3165 2189 3221 poreum
2228 3122 2418 3207 semen
2459 3159 2680 3226 vegetet
2721 3154 2777 3207 in
2809 3122 3102 3208 humanam
3161 3122 3413 3221 formam,
3453 3154 3574 3224 ipsa

235 3218 492 3284 odoratu,
517 3215 756 3287 palatum
777 3229 1003 3286 sapores
1015 3213 1228 3283 judicat
1248 3220 1437 3287 gustu,
1458 3219 1636 3268 tactus
1657 3211 1861 3268 discer-

239 3308 441 3378 nitper
463 3312 639 3361 totum
669 3302 1045 3359 indifferenter
1074 3318 1298 3374 corpus,
1330 3317 1589 3373 asperum
1623 3308 1685 3356 et
1714 3300 1860 3368 lene,

250 3400 452 3453 durum
482 3405 536 3452 et
565 3396 752 3463 molle,
785 3411 966 3450 rarum
1000 3405 1056 3450 et
1091 3394 1351 3466 spissum,
1409 3393 1580 3466 frigus
1606 3401 1660 3448 et
1715 3392 1862 3448 calo-

258 3506 377 3545 rem
397 3497 452 3545 et
477 3488 774 3562 ﬁguras.Hi
813 3502 1009 3543 sensus
1028 3486 1158 3543 licet
1185 3486 1254 3541 ab
1285 3486 1468 3540 anima
1494 3486 1608 3540 sint
1647 3485 1703 3539 in
1740 3499 1860 3540 cor-

255 3597 419 3654 pore,
448 3587 633 3636 tamen
663 3595 768 3635 nec
804 3579 1008 3644 anima,
1057 3593 1161 3633 nec
1205 3576 1290 3631 vis
1347 3577 1569 3643 anima,
1599 3575 1699 3631 sed
1725 3573 1860 3629 affe-

250 3674 467 3730 ctiones
499 3672 568 3727 ab
619 3672 803 3727 anima
854 3671 1176 3742 corporibus
1223 3670 1410 3737 illata,
1464 3668 1633 3723 habet
1694 3667 1860 3724 etiam

247 3769 361 3826 vim
392 3767 780 3842 vegetabilem,
806 3782 915 3838 qua
931 3781 1091 3821 suum
1109 3780 1312 3836 corpus
1343 3769 1594 3837 vegetat;
1618 3763 1862 3835 etipsius

259 3859 514 3931 corporis
533 3865 705 3914 status
731 3863 1014 3914 momenta
1035 3857 1200 3912 etiam
1230 3855 1530 3911 nesciendo
1561 3855 1868 3926 dispensat.

253 3947 396 4012 Quid
428 3947 497 4002 de
524 3946 836 4017 plantarum
860 3944 1152 4001 animabus
1179 3943 1466 4000 dicamus?
1493 3943 1646 3999 Vires
1681 3959 1867 3999 earum

251 4049 407 4098 certe
432 4040 709 4096 medicina
757 4041 978 4112 penitus
1009 4055 1119 4096 non
1164 4040 1401 4112 ignorat,
1444 4053 1565 4109 qua
1597 4036 1872 4093 efﬁcaciae

255 4152 449 4192 earum
466 4135 523 4190 in
557 4135 673 4190 suis
695 4135 897 4206 plantis
925 4134 1227 4190 secundum
1260 4133 1504 4189 diversas
1526 4132 1744 4203 species
1774 4148 1872 4186 ex-

258 4227 477 4299 plorat;
531 4225 740 4280 habent
777 4225 922 4280 vires
976 4225 1210 4280 interius
1256 4223 1476 4290 anima,
1519 4229 1574 4278 et
1633 4223 1872 4278 exterius

256 4314 580 4372 afﬁciuntur
610 4313 830 4384 planta.
863 4313 1070 4368 Anima
1095 4313 1243 4388 viget
1266 4310 1532 4378 efﬁcacia,
1575 4320 1629 4366 et
1659 4312 1762 4367 hoc
1796 4327 1876 4366 re-

258 4406 474 4479 peritur
503 4405 560 4458 in
597 4404 804 4475 planta,
850 4404 1167 4475 experimur
1215 4404 1272 4459 in
1328 4404 1534 4474 planta,
1577 4419 1699 4474 qua
1728 4403 1874 4458 vires

259 4496 439 4550 latent
473 4492 530 4546 in
573 4491 776 4547 anima.
818 4492 1009 4547 Mirum
1041 4491 1190 4563 quod
1229 4491 1373 4547 vires
1413 4491 1634 4558 anima,
1692 4461 1957 4546 animaD

268 4591 510 4647 mortua,
543 4581 846 4636 manentia
885 4594 1141 4652 corpore,
1173 4587 1227 4636 et
1260 4587 1548 4636 remanent
1586 4580 1642 4635 in
1695 4579 1882 4651 planta

266 4670 504 4744 vestigia
533 4669 730 4725 virium
768 4685 890 4742 qua
920 4669 1143 4725 fuerunt
1164 4670 1220 4724 in
1242 4669 1447 4737 anima,
1478 4669 1659 4725 donec
1679 4674 1734 4724 et
1764 4669 1883 4740 ipsa

264 4767 322 4821 in
368 4779 602 4836 corpore
628 4763 892 4835 paulatim
925 4763 1263 4819 emoriantur
1313 4768 1600 4818 vetustate.
1637 4761 1751 4818 Hoc
1778 4778 1878 4816 au-

262 4867 380 4914 tem
418 4856 585 4912 habet
613 4856 680 4910 ab
717 4856 839 4911 aliis
878 4855 1006 4912 totis
1049 4855 1192 4910 istud
1231 4853 1536 4926 proprium,
1576 4854 1726 4925 quod
1757 4869 1881 4910 cum

267 4947 456 5021 plures
482 4947 650 5003 habet
677 4948 841 5016 vires,
893 4947 947 5002 in
1004 4962 1340 5019 unaquaque
1392 4952 1476 5001 est
1501 4951 1709 5013 totum;
1744 4953 1800 5001 et
1829 4947 1883 5001 in

267 5035 507 5109 singulis
555 5035 767 5092 viribus
806 5044 890 5092 est
931 5035 1134 5103 anima,
1194 5042 1538 5092 cumtamen
1589 5043 1763 5092 totum
1819 5051 1886 5091 ex

274 5139 390 5182 una
416 5125 470 5181 vi
508 5131 721 5180 constet
749 5125 882 5180 sola.
916 5124 975 5179 In
1004 5141 1114 5180 una
1143 5125 1261 5180 sola
1286 5124 1338 5180 vi
1362 5129 1446 5178 est
1469 5128 1666 5189 totum,
1697 5128 1753 5176 et
1777 5135 1888 5175 una

277 5215 399 5272 sola
439 5215 522 5271 vis
543 5230 653 5272 non
679 5215 848 5272 efficit
877 5220 1072 5278 totum,
1097 5220 1180 5270 est
1209 5213 1432 5286 quidem
1475 5218 1651 5268 totum
1684 5210 1738 5265 in
1770 5209 1888 5266 sin-

265 5304 415 5381 gulis
444 5303 599 5372 solis,
627 5304 724 5360 sed
759 5319 871 5360 non
894 5310 1109 5360 constat
1134 5319 1202 5359 ex
1231 5301 1465 5376 singulis
1485 5301 1636 5368 solis,
1668 5301 1738 5355 de
1765 5298 1882 5355 sola

267 5402 426 5468 parte
465 5394 666 5451 dicitur
696 5401 890 5462 totum,
923 5395 1022 5450 sed
1051 5411 1116 5450 ex
1166 5393 1286 5451 sola
1324 5400 1477 5465 parte
1518 5407 1628 5448 non
1670 5395 1882 5446 constat

265 5497 470 5546 totum.
528 5489 590 5544 Et
639 5489 890 5561 quamvis
945 5489 1129 5544 anima
1176 5489 1342 5558 hujus
1391 5486 1592 5558 planta
1645 5485 1714 5540 de
1761 5484 1883 5539 sin-

269 5584 417 5661 gulis
462 5582 672 5638 viribus
707 5583 823 5638 suis
861 5582 1095 5650 dicatur,
1143 5598 1253 5638 non
1293 5587 1477 5637 tamen
1534 5595 1724 5635 earum
1760 5591 1890 5648 spe-

267 5674 385 5730 cies
425 5676 670 5744 putetur,
702 5670 832 5741 quia
865 5669 1211 5726 individuum
1234 5676 1337 5738 est,
1379 5675 1434 5724 et
1463 5669 1532 5723 de
1565 5667 1717 5722 nullo
1748 5664 1888 5720 sub-

264 5764 420 5837 jecto
452 5762 675 5819 dicitur.
723 5760 877 5816 Vires
899 5760 1048 5816 enim
1079 5761 1245 5832 huius
1293 5760 1490 5817 animae
1528 5763 1713 5829 partes
1743 5754 1896 5812 illius

1962 3255 2086 3296 cum
2115 3256 2181 3296 eo
2211 3256 2568 3296 succrescens
2608 3242 2661 3296 in
2696 3241 3016 3299 rationalem
3048 3242 3311 3309 animam,
3341 3250 3400 3297 ut
3437 3242 3577 3296 sicut

1964 3335 2248 3406 particula,
2278 3351 2399 3406 qua
2431 3350 2541 3391 non
2582 3343 2668 3392 est
2696 3337 2998 3392 humanum
3030 3352 3252 3407 corpus,
3283 3337 3352 3390 ab
3381 3336 3576 3390 huma-

1963 3441 2036 3482 no
2075 3442 2304 3498 corpore
2353 3426 2473 3482 fluit
2517 3428 2572 3481 in
2627 3435 2958 3496 sementem,
2998 3429 3077 3484 sic
3116 3429 3406 3500 particula,
3453 3442 3578 3499 qua

1965 3531 2075 3572 non
2115 3525 2199 3571 est
2226 3517 2464 3572 humana
2484 3517 2686 3579 anima.
2725 3517 2794 3572 ab
2836 3519 3075 3572 humana
3112 3519 3297 3572 anima
3322 3517 3581 3572 decurrat

1959 3617 2020 3666 ut
2050 3625 2242 3665 semen
2296 3610 2356 3665 Et
2387 3610 2530 3665 sicut
2579 3611 2820 3680 pruritus
2849 3611 3096 3682 corporis
3135 3627 3246 3666 non
3278 3612 3418 3667 solet
3459 3611 3580 3666 sine

1961 3700 2328 3756 delectatione
2359 3702 2554 3755 anima
2577 3699 2714 3765 ﬁeri,
2747 3701 2828 3756 sic
2867 3701 3111 3771 pruritus
3149 3717 3179 3754 a
3210 3715 3441 3770 corpore
3469 3715 3581 3756 non

1968 3788 2174 3845 excutit
2192 3787 2547 3842 seminarium
2574 3787 2868 3858 liquorem,
2885 3787 2992 3842 nisi
3015 3787 3178 3842 simul
3201 3788 3399 3842 anima
3431 3787 3584 3842 dele-

1969 3876 2134 3932 ctatio
2146 3876 2411 3946 producat
2432 3877 2499 3930 ab
2517 3875 2702 3930 anima
2720 3876 3070 3931 seminariam
3093 3877 3223 3945 vim,
3242 3877 3297 3930 id
3319 3883 3403 3930 est
3418 3892 3586 3946 vege-

1970 3968 2292 4024 tabilitatem
2321 3974 2379 4023 ut
2407 3968 2478 4022 sit
2507 3967 2762 4023 humana
2790 3968 2986 4023 anima
3016 3983 3230 4036 semen,
3253 3967 3336 4023 vis
3364 3974 3591 4042 vegeta—

1971 4060 2118 4126 bilis,
2149 4061 2291 4116 sicut
2311 4059 2643 4115 seminarius
2673 4059 2872 4131 liquor,
2903 4075 3096 4115 semen
3118 4070 3482 4130 estcorporis.
3521 4058 3585 4112 Et

1973 4151 2117 4206 sicut
2131 4149 2294 4204 simul
2314 4149 2622 4220 procedunt
2639 4164 2842 4216 causa,
2861 4149 3076 4204 scilicet
3089 4148 3382 4204 delectatio
3394 4153 3448 4203 et
3466 4163 3592 4218 pru-

1977 4243 2131 4309 ritus,
2162 4241 2243 4296 sic
2269 4241 2433 4296 simul
2464 4248 2771 4312 sequuntur
2799 4239 3050 4307 effectus,
3084 4241 3138 4294 id
3171 4247 3256 4296 est
3311 4239 3394 4296 vis
3423 4254 3595 4313 vege-

1974 4331 2186 4399 tabilis,
2227 4337 2282 4386 et
2311 4329 2494 4401 liquor
2515 4330 2870 4400 seminarius,
2918 4329 3080 4385 simul
3113 4331 3277 4384 etiam
3317 4345 3440 4384 cum
3471 4341 3597 4382 cre-

1979 4423 2186 4480 scendo
2216 4421 2512 4494 proﬁciunt
2537 4423 2644 4477 hoc
2681 4437 2857 4493 usque
2889 4422 2957 4476 ad
3006 4423 3299 4476 humanam
3342 4420 3595 4484 formam,

1983 4518 2118 4574 illud
2145 4533 2319 4590 usque
2349 4517 2415 4571 ad
2459 4516 2780 4573 rationalem
2820 4516 3081 4584 animam,
3116 4516 3245 4572 inde
3283 4515 3446 4570 simul
3481 4529 3600 4568 ma-

1984 4616 2119 4665 nent
2183 4609 2239 4666 in
2290 4624 2400 4664 una
2453 4623 2690 4679 persona
2737 4622 2912 4680 usque
2974 4608 3042 4662 ad
3096 4614 3349 4662 mortem.
3418 4604 3601 4660 Causa

1983 4699 2291 4768 conjuncta
2345 4697 2509 4752 simul
2553 4698 2798 4770 jungunt
2843 4711 2972 4752 suos
3029 4695 3277 4764 effectus,
3336 4696 3393 4749 in
3430 4709 3602 4749 unum

1985 4792 2335 4851 individuum
2363 4792 2504 4862 ejus,
2543 4791 2692 4862 quod
2718 4798 2934 4847 constat
2961 4805 3027 4846 ex
3055 4790 3241 4845 anima
3267 4796 3324 4844 et
3348 4801 3600 4858 corpore.

1987 4885 2341 4943 lndividuum
2371 4891 2552 4940 autem
2586 4883 2721 4938 illud
2763 4900 2862 4955 per
2895 4899 3023 4939 suas
3063 4899 3257 4939 causas
3285 4881 3389 4936 sub
3418 4879 3604 4951 specie

1987 4994 2086 5034 sua
2124 4976 2513 5048 compositum,
2572 4973 2789 5046 proﬁcit
2819 4974 2887 5028 ad
2927 4972 3154 5029 alterius
3202 4971 3410 5043 speciei
3450 4969 3604 5024 indi-

1989 5070 2234 5128 viduum.
2279 5069 2435 5134 Quod
2473 5074 2532 5123 ut
2579 5067 2829 5123 videatur
2876 5067 3143 5138 apertius,
3191 5063 3415 5120 aliunde
3456 5061 3600 5118 inci-

1999 5160 2240 5233 piamus,
2300 5165 2358 5214 ut
2413 5174 2479 5213 ex
2529 5156 2712 5213 altiori
2758 5156 3033 5228 principio
3083 5154 3320 5212 lucidior
3365 5152 3458 5208 ﬁat
3502 5149 3608 5205 ﬁns

1988 5254 2258 5329 cognitio.

1985 5378 2267 5429 Descensus
2307 5369 2625 5426 substantia
2673 5369 2743 5423 ad
2815 5367 3124 5435 individua,
3208 5380 3302 5436 per
3365 5363 3418 5418 id
3470 5361 3609 5430 quod

2360 5467 2569 5518 constat
2598 5475 2664 5517 ea:
2683 5475 2896 5530 corpore
2932 5466 2982 5515 et
3008 5463 3219 5515 anima.

2065 5572 2154 5627 Est
2194 5585 2370 5645 genus
2409 5569 2782 5625 subalternum
2825 5567 3184 5639 substantia,
3237 5563 3385 5636 quod
3415 5571 3615 5627 corpo-

1995 5662 2039 5716 ri
2081 5676 2193 5716 non
2225 5656 2580 5730 supponitur,
2616 5673 2717 5714 nec
2761 5658 2985 5724 anima,
3008 5656 3107 5711 sed
3138 5654 3189 5708 ei
3217 5650 3365 5723 quod
3398 5649 3616 5701 constat

1996 5767 2064 5807 ex
2092 5758 2356 5821 utroque.
