3938 6206
1505 473 1521 802 l

990 481 1004 813 ι

521 910 881 918 ---

449 342 589 393 1095

1101 567 1415 621 Substantia

1060 915 1068 1168 1
1212 955 1278 992 ex
1422 911 1430 1167 1
1599 907 1609 1165 1

881 909 898 1170 1
1106 1011 1291 1064 anima
1331 1015 1385 1062 et
1703 1005 1882 1059 anima
1963 943 1966 1161 1

1130 1096 1360 1151 corpore

605 1026 804 1081 corpus
885 1011 893 1081 |
1059 1011 1067 1081 |
1106 1011 1291 1064 anima
1331 1015 1385 1062 et
1423 1011 1432 1081 |
1599 1011 1608 1081 |
1703 1011 1882 1059 anima

1130 1096 1360 1151 corpore

539 1163 876 1170 ...ψ

1065 1162 1420 1170 .———

1076 1390 1144 1428 ex
1184 1344 1433 1700 ηεαδ-1
1598 1341 1606 1593 1
1960 1343 1969 1596 1

1077 1445 1171 1498 bili
1195 1452 1250 1498 et
1281 1458 1408 1498 cor-
1679 1442 1884 1497 aminal

1173 1530 1310 1586 pore

1077 1445 1171 1498 bili
1195 1442 1432 1498 et'cor-l
1596 1442 1606 1498 Ι
1679 1442 1884 1497 aminal

1173 1530 1310 1586 pore

1066 1342 1417 1354 ——————_‘—'

1601 1594 1962 1604 _

1073 1602 1412 1614 ___________.

1060 1791 1418 1802 ._____———-

1611 2033 1956 2044 ’ἡ

1418 1795 1430 2136 Ι

1063 2223 1428 2234 ι-

1051 2237 1068 2481 1

1066 2477 1408 2488 ———_

1077 1795 1430 2030 spngzﬁigm'.
1596 1787 1614 2030 1
1695 1886 1879 1955 planta

1615 2270 1804 2308 semen
1820 2255 1950 2310 alio—

1077 2255 1431 2380 meatui
1594 2255 1603 2380 Ι
1650 2327 1915 2380 inmani-

1166 2378 1328 2416 ""ms
1420 2378 1429 2450 Ι
1594 2378 1904 2450 Imatium.

1147 2745 1338 2784 semen
1421 2734 1430 2787 I
1595 2734 1808 2787 lsemen
1838 2734 1950 2787 An-

1147 2745 1338 2784 semen
1421 2679 1430 2913 1
1592 2679 1864 2917 1ερῐηεεῐιΑ

1056 2679 1066 2928 1
1175 2801 1318 2856 Petri
1697 2802 1864 2858 dress.

1592 2675 1604 2917 Ι

1959 2674 1972 2916 l

1694 332 1748 384 Β.
1793 329 2026 384 ODONIS
2068 328 2305 382 CAMER.
2348 328 2546 382 EPlSC.

3641 336 3800 392 1096

2082 466 2130 528 Α
2160 454 2379 525 quando
2429 461 2668 508 mutatur
2705 454 2899 527 figura,
2966 454 3220 510 similiter
3267 463 3514 511 mutatur
3561 465 3621 512 et
3660 475 3803 529 spe-

2159 545 2315 600 cialis
2343 552 2559 612 natura,
2590 554 2644 600 et
2675 547 2836 600 etiam
2868 546 3237 612 individuum,
3269 547 3400 618 quia
3431 549 3798 605 individuum

2158 640 2409 711 sequitur
2472 640 2737 709 speciem,
2793 647 2847 695 et
2911 655 3020 695 non
3092 642 3408 705 materiem;
3465 658 3579 698 non
3633 645 3792 698 enim

2159 731 2386 802 respicit
2415 732 2480 786 ad
2509 733 2812 800 subjectam
2840 732 3125 787 materiem
3158 732 3412 801 inferius,
3446 735 3544 788 sed
3577 735 3649 788 ad
3675 735 3796 790 for-

2160 828 2358 876 matam
2416 822 2656 893 speciem
2713 823 2990 894 superius.
3053 823 3114 876 Et
3171 823 3251 878 sic
3301 823 3635 895 frequenter
3681 843 3790 896 ap—

2160 923 2316 984 paret
2359 914 2414 968 in
2456 914 2803 985 corporibus,
2861 921 2920 969 ut
2970 915 3026 968 in
3092 915 3365 985 corporali
3413 932 3625 981 massa,
3671 918 3789 970 sic-

2162 1012 2221 1060 ut
2286 1012 2524 1061 mutatur
2598 1004 2774 1080 ﬁgura
2829 1006 2974 1060 circa
3059 1005 3368 1071 materiem,
3454 1007 3606 1062 sicut
3658 1023 3788 1060 mu-

2161 1099 2304 1148 tatur
2343 1103 2398 1148 et
2427 1093 2646 1164 species
2674 1094 2977 1149 secundum
3023 1093 3500 1164 prmdicationem.
3543 1094 3786 1148 Massam

2161 1183 2334 1257 ﬁgura
2381 1185 2665 1255 componit
2695 1194 2748 1239 et
2790 1184 2848 1239 ﬁt
2904 1192 3074 1239 totum
3125 1184 3354 1240 forrnale
3393 1186 3789 1256 corporaliter,

2161 1274 2522 1328 substantiam
2568 1272 2878 1328 differentia
2923 1273 3144 1340 format,
3193 1279 3247 1328 et
3285 1272 3346 1326 ﬁt
3383 1275 3614 1344 species
3653 1274 3793 1328 sub-

2161 1363 2430 1417 stantialis
2485 1363 2904 1434 incorporaliter
2970 1369 3174 1417 mutata
3248 1360 3444 1428 forma,
3518 1362 3793 1417 alteratur

2157 1455 2416 1509 materies
2445 1455 2500 1508 in
2535 1453 2839 1508 individuis
2870 1453 3037 1508 rebus
3066 1452 3355 1508 visibiliter
3399 1459 3635 1517 mutata,
3671 1454 3785 1507 dif-

2157 1545 2390 1601 ferentia
2442 1546 2770 1600 substantiae
2824 1545 3137 1600 communis
3167 1545 3223 1598 in
3271 1545 3502 1599 materie
3549 1546 3786 1604 visibili.

2161 1645 2400 1692 mutatur
2436 1637 2694 1708 specialis
2727 1644 2922 1692 natura
2951 1637 3006 1690 in
3059 1637 3250 1691 eadem
3298 1636 3504 1690 visibili
3544 1638 3786 1691 materie

2162 1725 2536 1791 invisibiliter,
2595 1725 2669 1779 ita
2713 1733 2772 1779 ut
2831 1724 3136 1795 corporalis
3182 1725 3410 1778 mutatio
3476 1723 3678 1796 ﬁguras
3733 1726 3788 1778 in

2162 1829 2346 1868 massa
2407 1829 2574 1868 causa
2652 1813 2759 1868 dici
2816 1812 2994 1883 possit
3051 1812 3414 1882 incorporalis
3455 1814 3789 1868 mutationis

2157 1903 2482 1960 differentiis
2511 1906 2565 1959 in
2597 1905 2923 1970 substantia,
2949 1905 3080 1975 quia
3115 1904 3258 1960 sicut
3286 1920 3523 1976 corpora
3555 1912 3787 1960 mutant

2159 1995 2381 2068 ﬁguras,
2415 2004 2474 2050 ut
2524 1997 2630 2051 alia
2658 1995 2791 2050 ﬁant
2821 1995 3070 2051 formalia
3121 2002 3235 2050 tota
3273 1995 3341 2050 de
3385 1996 3665 2060 materiis,
3711 1997 3783 2050 ita

2153 2101 2359 2160 genera
2387 2101 2677 2157 corporum
2733 2085 3074 2141 differentias
3122 2092 3335 2141 mutant
3390 2087 3447 2141 in
3479 2102 3782 2157 corporum

2157 2177 2420 2242 materiis,
2454 2183 2512 2232 ut
2542 2177 2661 2232 alia:
2691 2178 2909 2248 species
2941 2176 3093 2243 ﬁant,
3132 2177 3206 2232 ibi
3237 2177 3305 2232 de
3342 2178 3477 2248 ipsis
3510 2177 3781 2232 diﬂ'eren-

2159 2271 2248 2325 tiis
2290 2278 2345 2326 et
2379 2272 2661 2326 materiem
2718 2271 2891 2346 ﬁgura
2937 2271 3156 2337 format,
3187 2278 3247 2326 ut
3288 2271 3357 2325 de
3392 2271 3782 2326 materialibus

2160 2361 2407 2431 partibus
2432 2370 2646 2416 constet
2674 2362 2792 2432 ipsa
2813 2361 3102 2426 materies;
3127 2375 3307 2434 genus
3328 2358 3652 2414 differentia
3668 2360 3781 2414 for-

2159 2458 2289 2513 mat,
2320 2456 2380 2504 ut
2410 2450 2466 2504 in
2498 2450 2634 2520 ipsis
2672 2448 2916 2504 materiis
2946 2449 3159 2504 dicatur
3188 2449 3260 2503 de
3290 2447 3595 2503 individuis
3649 2465 3780 2519 spe-

2158 2542 2274 2597 cies
2326 2542 2461 2598 Hinc
2490 2542 2663 2597 habes
2701 2541 2948 2596 materiei
2989 2549 3194 2612 partes,
3217 2540 3349 2596 inde
3378 2541 3779 2606 substantiam,

2161 2637 2216 2685 et
2242 2631 2417 2700 ipsam
2445 2631 2726 2686 materiem
2748 2629 2801 2683 in
2835 2629 3138 2684 meditullio
3153 2629 3418 2699 positam;
3448 2629 3582 2700 quia
3614 2630 3784 2684 habet

2161 2717 2388 2771 materia
2430 2723 2631 2788 partes,
2661 2716 2826 2772 habet
2855 2723 2908 2772 et
2937 2716 3320 2772 substantiam.

2227 2894 2542 2950 Substantia
2568 2894 2638 2948 de
2668 2893 2896 2949 materia
2918 2893 3267 2965 praedicatur,
3287 2894 3517 2949 materia
3549 2895 3619 2950 de
3643 2912 3777 2966 par-

2156 2985 2300 3040 tibus
2329 2985 2707 3056 componitur;
2737 2985 2994 3040 materies
3026 2985 3159 3040 hinc
3187 2985 3420 3056 suscipit
3447 2986 3777 3042 substantim

515 3060 626 3114 Hoc
675 3065 857 3114 autem
900 3059 1048 3114 aliud
1092 3058 1256 3112 habet
1298 3055 1673 3111 subalternum
1723 3057 1824 3112 sub
1883 3074 1966 3125 se,
1997 3060 2047 3114 id

2158 3055 2628 3148 praedicationem,
2667 3077 2796 3133 hinc
2820 3077 2990 3132 habet
3019 3077 3252 3148 partium
3284 3055 3775 3147 compositionem,

439 3160 541 3240 est.
575 3155 834 3240 cqnstans
857 3166 925 3240 (ὲκ
953 3150 1137 3203 anima
1156 3146 1452 3240 vegetabili
1478 3153 1531 3200 ει
1561 3161 1812 3216 corpore,
1846 3148 2056 3240 habens
2077 3147 2127 3216 C
2152 3146 2282 3224 huic
2310 3177 2393 3225 est
2421 3169 2741 3224 substantiae
2770 3146 3050 3240 specialis,
3084 3146 3454 3236 individuum,
3488 3171 3621 3224 hinc
3643 3187 3778 3226 vero

437 3235 638 3289 animal
683 3252 712 3289 e
765 3236 1025 3307 regione;
1067 3235 1215 3304 quod
1255 3241 1436 3288 autem
1497 3241 1710 3288 constat
1761 3251 1828 3289 ex
1867 3237 2050 3292 anima

435 3327 728 3398 vegetabili
759 3333 812 3380 et
843 3341 1097 3396 corpore,
1146 3333 1200 3378 et
1242 3325 1419 3395 ipsum
1455 3325 1623 3380 habet
1677 3329 2049 3396 suppositum,

438 3414 585 3469 aliud
647 3413 1046 3481 subalternum,
1103 3413 1156 3466 id
1217 3420 1300 3467 est
1341 3413 1595 3466 animalis
1643 3430 1852 3481 semen,
1905 3420 2051 3488 quod

439 3525 550 3564 non
578 3515 661 3563 est
699 3508 923 3573 animal,
951 3507 1050 3561 sed
1083 3507 1308 3562 tandum
1339 3507 1592 3561 animalis
1621 3524 1811 3564 semen
1845 3510 2054 3566 habens

442 3615 473 3654 e
492 3598 711 3653 diverso
753 3596 1020 3667 plantam,
1053 3603 1112 3650 ut
1142 3596 1262 3664 ejus
1291 3596 1437 3666 quod
1477 3610 1543 3649 ex
1569 3611 1800 3667 corpore
1843 3605 2055 3655 constat

441 3700 498 3746 et
535 3689 833 3762 vegetabili
877 3688 1078 3758 anima,
1113 3687 1262 3742 aliud
1287 3687 1358 3742 sit
1383 3702 1570 3741 semen
1603 3689 1874 3754 animalis,
1903 3689 2052 3745 aliud

442 3783 647 3854 planta,
696 3779 799 3834 sub
833 3779 1043 3833 semine
1075 3778 1345 3844 animalis,
1387 3777 1790 3848 specialissima
1839 3780 2055 3850 species

438 3878 522 3926 est
573 3883 763 3924 semen
830 3866 1088 3933 hominis,
1145 3873 1198 3921 et
1269 3866 1399 3921 inde
1454 3866 1794 3921 individuum
1857 3883 2049 3923 semen

439 3961 873 4032 uniuscujusque
905 3958 1164 4014 hominis.
1205 3959 1406 4012 Semen
1446 3963 1629 4012 autem
1685 3959 1925 4014 hominis
1943 3961 2046 4016 sub

439 4054 651 4110 semine
680 4051 954 4116 animalis,
985 4065 1098 4105 non
1127 4056 1211 4104 est
1244 4049 1428 4116 homo,
1463 4065 1566 4103 nec
1605 4049 1830 4117 animal,
1863 4051 1961 4105 sed
1993 4052 2046 4106 in

441 4146 782 4202 individuum
823 4143 1086 4216 paulatim
1119 4142 1337 4214 proﬁcit
1374 4141 1635 4197 hominis.

512 4236 760 4293 Decurrit
784 4250 918 4309 ergo
948 4249 1140 4288 semen
1169 4232 1442 4300 animalis,
1476 4232 1624 4304 quod
1665 4247 1775 4288 non
1819 4240 1903 4289 est
1927 4235 2048 4290 ani-

441 4333 570 4398 mal,
601 4338 655 4386 et
709 4329 970 4400 paulatim
1019 4333 1372 4397 promovetur
1402 4327 1458 4380 in
1501 4327 1648 4382 aliud
1701 4327 2047 4383 individuum

440 4422 716 4478 animalis.
763 4420 822 4474 Et
854 4419 928 4473 ita
957 4425 1290 4492 propagatur
1321 4417 1387 4472 ab
1429 4418 1652 4472 animali
1691 4419 1918 4486 animal,
1951 4437 2051 4490 per

2155 3259 2401 3329 partibus
2429 3258 2545 3313 suis
2583 3266 2666 3313 est
2696 3263 2893 3322 totum,
2915 3259 3044 3330 quia
3074 3259 3311 3313 refertur
3335 3259 3402 3313 ad
3432 3261 3684 3330 speciem
3714 3272 3773 3315 ut

2155 3351 2532 3417 individuum;
2565 3351 2789 3422 respicit
2819 3351 2887 3405 ad
2913 3360 3098 3422 partes
3138 3358 3200 3406 ut
3231 3358 3405 3406 totum
3448 3360 3503 3406 et
3539 3354 3774 3408 relatum

2153 3441 2408 3513 utrinque
2440 3443 2714 3512 posterius
2738 3449 2821 3497 est
2846 3451 3082 3514 utroque
3105 3461 3119 3507 ;
3155 3459 3279 3497 nam
3309 3451 3363 3497 et
3389 3445 3671 3514 posterius
3697 3453 3780 3499 est

2154 3534 2341 3604 specie
2371 3542 2430 3588 ut
2469 3533 2837 3602 individuum,
2877 3541 2932 3590 et
2961 3535 3238 3605 posterius
3269 3536 3388 3591 suis
3419 3536 3696 3606 partibus,
3723 3547 3780 3591 nt

2156 3631 2327 3677 totum
2340 3663 2351 3677 .

2155 3748 2303 3814 Quod
2331 3755 2504 3805 totum
2539 3754 2813 3818 integrum
2854 3749 3058 3804 medius
3089 3751 3216 3815 ﬁrm
3274 3757 3350 3805 est
3405 3757 3772 3806 extremum

2754 3840 3167 3907 principiorum.

2221 3965 2392 4020 Omne
2417 3979 2548 4037 ergo
2579 3970 2752 4021 totum
2803 3964 3076 4036 integrum
3105 3965 3354 4036 partibus
3407 3974 3464 4022 et
3493 3969 3761 4038 praedica-

2148 4057 2350 4112 mentis
2387 4073 2446 4112 se
2473 4056 2683 4128 praebet
2710 4056 2976 4112 medium.
3010 4057 3196 4112 Partes
3226 4057 3476 4114 continet
3505 4060 3575 4113 ab
3623 4060 3762 4114 infev

2149 4149 2308 4215 riori;
2367 4148 2798 4219 praedicamenta
2849 4148 3080 4219 suscipit
3109 4164 3139 4202 a
3186 4149 3480 4218 superiori.
3515 4153 3556 4204 Α
3599 4167 3763 4221 supe-

2151 4241 2393 4297 rioribus
2431 4241 2633 4312 accipit
2668 4241 3029 4296 substantiam
3072 4258 3250 4307 suam,
3302 4243 3370 4296 ab
3408 4242 3764 4299 inferioribus

2150 4331 2317 4385 habet
2365 4329 2732 4404 integritatem
2789 4346 2963 4385 suam.
3019 4333 3058 4384 A
3111 4330 3561 4401 praedicamentis
3604 4333 3762 4386 habet

2150 4435 2423 4474 summum
2465 4419 2796 4490 principium
2829 4418 2977 4488 quod
3005 4419 3096 4485 sit,
3142 4435 3171 4472 a
3211 4420 3459 4489 partibus
3491 4421 3660 4476 habet
3689 4423 3763 4474 ul-

438 4530 630 4570 semen
663 4510 917 4566 animalis
938 4509 1086 4581 quod
1119 4525 1230 4565 non
1254 4516 1338 4564 est
1367 4509 1590 4577 animal,
1625 4517 1685 4565 ut
1705 4526 1896 4566 semen
1927 4512 2125 4592 ani-D
2150 4513 2342 4567 timum
2375 4512 2705 4583 principium
2732 4511 2882 4566 unde
2937 4513 3026 4568 sit.
3060 4515 3100 4566 A
3159 4513 3616 4583 praedicamentis
3645 4523 3762 4584 post

439 4609 596 4664 malis
643 4606 883 4677 perdens
926 4604 1223 4675 specialem
1289 4612 1535 4659 naturam
1579 4605 1829 4670 seminis,
1881 4622 2044 4678 quam

439 4697 674 4753 habebat
697 4693 1044 4766 promotione
1065 4693 1301 4764 quadam
1330 4693 1565 4764 accipiat
1584 4693 1811 4749 alterius
1835 4696 2043 4765 speciei

437 4786 822 4851 substantiam,
854 4799 1016 4855 quam
1048 4789 1242 4853 postea
1279 4783 1580 4853 possideat.

435 4935 583 5002 Quod
637 4935 784 4990 circa
838 4931 1078 4986 eamdem
1128 4932 1418 4984 materiam
1455 4935 1740 4985 mutentur
1775 4934 1968 5000 species
1995 4939 2046 4987 et

1089 5020 1372 5074 individua

502 5147 561 5202 In
596 5162 706 5218 quo
737 5155 821 5201 est
851 5145 1152 5201 notandum
1207 5145 1356 5216 quod
1392 5145 1536 5201 circa
1576 5147 1828 5200 eamdem
1871 5154 2044 5202 mate-

432 5236 570 5291 riem
624 5234 718 5288 ﬁat
761 5234 993 5289 mutatio
1045 5234 1358 5303 specierum
1414 5241 1470 5289 et
1512 5234 1944 5302 individuorum,
1987 5244 2041 5292 et

432 5325 488 5379 in
519 5323 711 5379 eadem
759 5339 961 5388 massa,
1003 5338 1151 5378 nunc
1180 5330 1234 5378 et
1263 5323 1478 5394 species
1507 5322 1620 5386 fiat,
1656 5339 1802 5378 nunc
1838 5324 1951 5387 illa,
1983 5334 2042 5380 ut

435 5417 492 5470 in
524 5432 702 5470 massa
743 5417 973 5472 seminis
1015 5417 1180 5472 modo
1219 5417 1290 5472 sit
1341 5417 1624 5473 seminalis
1653 5425 1867 5486 natura,
1899 5427 2042 5490 post,

437 5507 696 5568 humana,
731 5514 786 5561 et
823 5523 948 5563 cum
975 5523 1153 5562 massa
1193 5509 1266 5563 sit
1295 5509 1488 5564 eadem
1529 5509 1904 5578 materialiter,
1947 5526 2045 5581 pro

437 5604 687 5670 tempore
727 5606 902 5652 mutat
948 5597 1315 5652 substantiam
1368 5598 1815 5669 praedicabilitcr,
1857 5608 1917 5655 ut
1948 5615 2044 5654 ea-

437 5689 563 5746 dem
596 5694 854 5743 manente
911 5687 1157 5742 materiei
1201 5704 1402 5758 massa,
1442 5689 1585 5747 sicut
1608 5689 1753 5746 circa
1778 5705 1898 5746 eam
1940 5691 2044 5747 ali-

1678 5781 1694 5802 σ

2149 4621 2421 4659 summum
2456 4603 2789 4675 principium
2812 4604 2896 4658 sui
2927 4604 3140 4675 accepit
3164 4603 3514 4660 differentias
3542 4608 3758 4677 specie-

2149 4712 2288 4755 rum.
2322 4695 2714 4751 descendendo
2753 4695 3019 4766 gradatim
3049 4695 3103 4749 in
3130 4711 3211 4762 se,
3254 4712 3285 4749 a
3315 4697 3584 4767 partibus,
3634 4697 3763 4752 citra

2149 4786 2482 4858 principium
2514 4786 2765 4842 ultimum
2798 4787 2903 4852 sui,
2937 4788 3137 4858 accipit
3161 4787 3602 4858 compositiones
3643 4805 3761 4859 par-

2147 4877 2281 4933 tium
2313 4875 2667 4932 ascendendo
2694 4875 2961 4949 gradatim
2985 4877 3041 4930 in
3072 4892 3155 4930 se.
3193 4877 3344 4931 ldem
3379 4876 3560 4947 ipsum
3587 4893 3619 4930 a
3638 4893 3764 4948 prie.

2145 4967 2475 5024 dicamentis
2511 4967 2745 5039 suscipit
2775 4967 2832 5021 in
2862 4984 2924 5022 se
2971 4967 3444 5038 praedicationem,
3495 4975 3550 5022 et
3590 4985 3622 5022 a
3653 4985 3765 5039 par.

2143 5065 2290 5121 tibus
2326 5063 2526 5134 accipit
2583 5063 2639 5116 in
2671 5077 2731 5118 se
2777 5062 3264 5133 compositionem,
3318 5062 3466 5117 idem
3501 5063 3683 5134 ipsum
3713 5070 3762 5117 et

2141 5163 2313 5212 totum
2336 5163 2420 5210 est
2471 5161 2525 5210 et
2567 5154 2942 5220 individuum;
2974 5154 3322 5209 individuum
3369 5161 3472 5221 est,
3513 5156 3644 5225 quia
3669 5155 3761 5209 ali-

2142 5244 2276 5318 quid
2297 5250 2411 5311 est;
2442 5250 2616 5300 totum
2647 5250 2751 5311 est,
2785 5244 2913 5316 quia
2938 5244 3008 5298 de
3038 5243 3222 5314 aliquo
3249 5250 3354 5298 est.

2216 5333 2565 5388 lndividuum
2600 5339 2702 5398 est,
2744 5332 2873 5402 quia
2921 5332 2990 5386 de
3023 5346 3090 5386 eo
3131 5331 3395 5386 dicuntur
3444 5334 3758 5404 superiora:

2146 5429 2322 5478 totum
2352 5431 2455 5488 est,
2478 5421 2608 5492 quia
2629 5421 2805 5492 ipsum
2847 5430 3190 5491 componunt
3222 5421 3509 5477 inferiora.
3561 5424 3759 5477 lndivi-

2147 5514 2316 5569 duum
2348 5519 2450 5580 est,
2483 5512 2631 5583 quod
2657 5513 2727 5567 de
2757 5512 3006 5580 subjecto
3037 5527 3148 5567 non
3181 5512 3385 5568 dicitur
3415 5532 3429 5580 ;
3465 5523 3634 5569 totum
3665 5523 3758 5576 est,

2148 5602 2298 5674 quod
2328 5617 2393 5656 ex
2425 5601 2677 5672 pluribus
2707 5600 3079 5672 componitur.
3107 5601 3221 5656 Non
3250 5604 3498 5672 pertinet
3526 5605 3594 5659 ad
3627 5605 3762 5659 indi-

2145 5692 2373 5750 viduum
2413 5691 2763 5764 compositio,
2804 5707 2907 5748 nec
2937 5693 3006 5748 ad
3051 5699 3222 5748 totum
3267 5695 3612 5764 praedicatio,
3644 5697 3760 5769 quia
