3938 6206
251 280 390 358 1097

1368 304 1448 356 DE
1488 301 1772 357 PECCATO
1814 296 2176 354 ORIGINALI.
2225 296 2350 352 LIB.
2396 296 2493 350 ΙΙΙ.

3434 297 3576 351 1098

250 461 357 500 nec
396 453 569 501 totum
598 446 799 502 dicitur
850 452 911 501 ut
939 447 1206 517 suscipiat
1242 447 1712 516 praedicationem,
1765 460 1867 498 nec
1892 447 1941 512 A
1972 437 2196 509 quidem
2246 434 2472 507 cogilari
2506 439 2709 503 Ροῐεεῐν
2751 433 2848 487 sed
2889 450 3011 488 esse
3070 435 3189 489 Sine
3244 434 3417 508 ﬁgura
3462 451 3572 491 non

251 537 600 591 individuum
624 543 684 591 ut
714 537 949 607 accipiat
979 537 1458 608 compositionem.
1504 537 1675 592 Omne
1703 537 1870 608 igitur

255 626 494 694 alicujus
536 625 726 699 ﬁgurae
775 641 944 695 capax
996 625 1269 697 integrum
1335 633 1508 680 totum
1555 626 1721 680 habet
1759 626 1868 680 duo

256 716 554 787 principia,
582 714 712 769 huic
765 713 1044 784 inﬁmum,
1075 715 1150 768 illi
1183 731 1476 770 summum.
1524 715 1746 770 Summo
1788 721 1871 770 est

255 807 533 874 inﬁmum,
595 807 726 878 quia
777 813 859 861 est
906 807 1026 875 ejus
1103 808 1477 874 individuum;
1541 806 1730 862 inﬁmo
1785 813 1870 863 est

252 912 554 964 summum,
614 895 741 966 quia
791 897 911 964 ejus
977 903 1059 951 est
1107 904 1300 951 totum.
1357 898 1581 953 Summo
1615 906 1698 952 est
1743 897 1869 952 inﬁ-

254 1001 428 1049 mum,
472 985 601 1056 quia
653 1001 763 1040 non
825 985 1024 1039 dicitur
1073 986 1142 1039 de
1203 986 1484 1054 subjecto;
1544 986 1737 1042 inﬁmo
1789 995 1872 1042 est

255 1094 554 1144 summum,
583 1077 710 1147 quia
751 1077 1098 1131 constituitur
1123 1078 1189 1132 ad
1223 1079 1472 1132 ultimum
1505 1079 1573 1134 de
1597 1080 1690 1135 illo
1744 1078 1874 1134 lnﬁ-

256 1182 407 1220 mum
437 1174 540 1231 est,
563 1165 688 1235 quia
724 1166 803 1220 sic
845 1166 1134 1220 descendit
1165 1182 1194 1219 a
1235 1167 1677 1236 praedicamentis
1715 1177 1774 1223 ut
1803 1169 1872 1224 de

257 1255 410 1310 nullo
441 1255 693 1317 dicatur;
727 1271 1003 1308 summum
1031 1261 1132 1321 est,
1163 1256 1290 1327 quia
1320 1257 1400 1311 sic
1419 1257 1667 1312 ascendit
1689 1276 1718 1313 a
1741 1275 1871 1329 par-

251 1347 424 1414 tibus,
454 1355 512 1401 ut
546 1346 779 1400 ulterius
809 1362 916 1400 non
953 1347 1356 1421 progrediatur.
1399 1348 1692 1420 Utriusque
1721 1350 1872 1420 prin-

252 1438 385 1508 cipii
419 1439 660 1492 medium
691 1454 749 1492 se
775 1437 937 1492 ﬁnem
972 1440 1294 1505 exbibet,ut
1323 1441 1610 1512 utriusque
1630 1440 1869 1496 ofﬁcium

253 1531 311 1584 in
331 1547 389 1585 se
412 1531 796 1585 conterminet.
832 1531 962 1584 Nam
998 1531 1124 1585 linis
1154 1532 1561 1601 praedicationis
1585 1532 1691 1587 ﬁta
1722 1550 1871 1587 sum-

256 1635 346 1674 mo
377 1619 671 1690 principio,
695 1627 750 1674 et
785 1617 911 1673 ﬁnis
943 1621 1362 1690 compositionis
1392 1622 1460 1674 ab
1481 1622 1610 1676 imo.
1643 1622 1703 1676 Et
1734 1622 1873 1676 ﬁnes

253 1715 628 1763 extremorum
672 1708 725 1761 in
781 1708 902 1778 ipso
945 1709 1106 1763 simul
1143 1711 1500 1775 conveniunt,
1533 1719 1592 1765 ut
1631 1710 1873 1767 inveniat

255 1798 426 1852 ﬁnem
450 1799 541 1854 hic
572 1805 624 1852 et
655 1798 748 1852 ille
778 1815 1033 1854 recursus
1057 1799 1284 1856 ibidem.
1314 1802 1378 1856 Ut
1398 1803 1865 1873 aliquiscentena-
1894 1813 1943 1880 Β

253 1891 371 1945 rius
403 1890 572 1945 habet
594 1899 858 1956 extrema,
883 1892 1012 1946 hinc
1041 1894 1330 1961 unitatem,
1363 1895 1564 1950 etinde
1586 1896 1862 1966 quantita-

250 1989 389 2046 tem,
423 1981 766 2035 individuum
799 1997 828 2034 a
851 1982 1155 2052 quantitate
1185 1984 1484 2038 secundum
1520 1983 1864 2054 praedicatio-

252 2087 380 2126 nem
413 2070 686 2138 inﬁmum,
728 2078 901 2126 totum
961 2072 1029 2126 ab
1068 2072 1300 2140 unitate,
1356 2075 1662 2130 secundum
1708 2090 1861 2130 suam

251 2160 710 2230 compositionem
742 2175 1037 2215 summum.

576 2298 652 2349 De
673 2298 898 2350 summis
929 2302 978 2349 et
1009 2297 1210 2361 inﬁmis
1238 2300 1538 2367 principiis.

326 2409 394 2464 Et-
423 2415 674 2463 extrema
711 2408 960 2480 quidem,
1013 2426 1042 2463 a
1089 2410 1360 2480 superiori
1403 2416 1529 2464 sunt
1567 2410 1870 2468 individuis

254 2499 528 2569 principia
560 2498 930 2568 praedicanda,
991 2499 1059 2553 ab
1103 2498 1350 2554 inferiori
1384 2516 1512 2555 vero
1552 2501 1679 2556 totis
1737 2511 1870 2558 sunt

253 2587 527 2657 principia
556 2588 960 2658 componenda.
997 2588 1276 2658 Principio
1309 2589 1866 2659 praedicamentorum

251 2674 378 2732 ﬁnis
428 2685 512 2732 est
563 2676 932 2742 individuum,
1007 2677 1282 2748 principio
1336 2678 1569 2748 partium
1621 2677 1750 2732 finis
1789 2685 1871 2733 est

251 2772 427 2820 totum

323 2857 599 2927 Principia
658 2857 856 2927 prima,
915 2873 1136 2912 suarum
1197 2873 1375 2912 rerum
1445 2858 1859 2914 universitatem

248 2949 586 3004 concludunt
611 2949 872 3020 utrinque
904 2965 1000 3003 sua
1022 2949 1390 3016 extremitate,
1422 2957 1476 3005 et
1501 2951 1631 3022 quia
1653 2951 1857 3006 nullam

248 3057 366 3095 rem
393 3048 542 3095 extra
568 3041 906 3112 relinquunt,
933 3042 1361 3116 propagationes
1389 3058 1567 3097 rerum
1599 3044 1862 3099 adversus

1971 531 2171 596 potest.
2218 523 2366 578 Tolle
2423 521 2649 592 ﬁguram
2706 537 2828 590 qua:
2871 523 3033 577 modo
3092 523 3378 589 formabat,
3436 525 3578 594 perit

1971 619 2186 690 species
2225 634 2349 689 quae
2387 615 2808 687 praedicabatur.
2866 615 2996 669 Nam
3057 617 3279 672 humani
3329 619 3578 689 corporis

1971 710 2143 784 figura
2175 711 2219 764 si
2254 709 2416 780 perit,
2451 709 2570 779 ipsa
2600 707 2816 778 species
2849 708 2901 760 in
2931 723 2996 762 eo
3039 723 3268 779 corpore
3297 709 3500 778 deﬁcit,
3527 719 3579 765 et

1970 802 2276 857 secundum
2308 801 2466 855 aliam
2501 799 2729 872 ﬁguram
2756 815 2916 869 quam
2951 799 3164 870 recipit,
3198 800 3357 854 aliam
3382 817 3576 855 secun-

1971 893 2099 947 dum
2139 908 2338 961 corpus
2398 891 2576 961 ipsum
2618 890 2871 944 assumit.
2926 890 3054 944 Nam
3091 890 3219 960 quia
3259 891 3463 945 cineris
3494 893 3577 946 vel

1969 984 2174 1038 vermis
2214 981 2684 1054 accipitﬁguram,
2717 987 2889 1036 mutat
2920 991 2974 1035 et
3000 982 3244 1052 speciem
3269 981 3414 1036 circa
3439 998 3580 1036 mas-

1971 1094 2084 1134 sam
2131 1078 2401 1132 eamdem.
2454 1077 2514 1129 Et
2582 1077 2651 1130 de
2707 1092 2815 1147 qua
2861 1091 3038 1130 massa
3090 1076 3242 1145 prius
3297 1076 3585 1131 dicebatur

1974 1170 2139 1224 homo
2169 1169 2470 1223 secundum
2505 1168 2743 1238 priorem
2789 1166 3040 1241 ﬁguram,
3065 1168 3133 1222 de
3161 1169 3354 1224 eadem
3384 1168 3586 1223 dicitur

1973 1259 2176 1314 vermis
2199 1267 2251 1313 et
2281 1258 2423 1312 cinis
2460 1258 2763 1312 secundum
2799 1257 2980 1313 aliam.
3022 1259 3285 1313 Similiter
3323 1266 3377 1313 et
3413 1266 3582 1313 totum

1974 1351 2257 1406 materiale
2289 1351 2407 1404 sine
2451 1365 2644 1403 massae
2683 1363 2794 1402 suae
2837 1347 3009 1421 ﬁgura
3067 1366 3176 1405 non
3219 1359 3402 1421 potest
3440 1368 3582 1406 esse.

1973 1443 2103 1498 Nam
2128 1443 2408 1514 quomodo
2448 1447 2632 1512 partes
2682 1441 2801 1509 ejus
2859 1441 3296 1497 discernuntur?
3334 1443 3584 1497 Omnium

1974 1535 2140 1606 igitur
2191 1549 2482 1604 corporum
2530 1548 2694 1586 causa
2725 1538 2808 1586 est
2838 1531 3031 1604 ﬁgura.
3079 1533 3294 1604 Quippe
3348 1551 3448 1589 nec
3481 1542 3588 1590 tota

1974 1638 2076 1677 nec
2108 1621 2392 1676 individua
2425 1636 2567 1687 esse,
2603 1636 2705 1675 nec
2736 1620 2953 1691 species
2992 1621 3198 1677 habere
3228 1638 3332 1678 nec
3360 1624 3589 1679 omnino

1972 1713 2276 1769 subsistere
2308 1718 2542 1784 possunt
2581 1712 2700 1766 sine
2728 1710 2922 1785 ﬁgura.

2619 1848 2687 1898 De
2723 1845 2932 1910 formis.

2039 1956 2312 2011 Similiter
2333 1953 2704 2024 incorporalia
2731 1960 2927 2009 cuncta
2958 1953 3080 2009 sine
3106 1955 3223 2010 suis
3248 1955 3440 2011 formis
3469 1972 3590 2013 esse

1968 2064 2076 2104 non
2112 2054 2364 2119 possunt,
2405 2054 2464 2102 ut
2488 2062 2682 2102 omnes
2711 2047 2950 2116 species,
2986 2055 3040 2103 et
3088 2047 3396 2109 individua.
3432 2049 3591 2104 diffe-

1967 2140 2172 2194 rentias
2234 2144 2289 2193 et
2340 2137 2711 2208 proprietates
2779 2137 3056 2208 accipiunt
3109 2137 3333 2204 formas,
3389 2140 3591 2210 quibus

1965 2231 2226 2286 existunt.
2260 2229 2442 2284 Prima
2466 2244 2597 2284 vero
2630 2245 2837 2294 rerum,
2877 2245 3085 2303 genera
3113 2231 3410 2285 essentiam
3443 2234 3590 2288 acci-

1964 2320 2124 2390 piunt
2168 2333 2266 2390 pro
2299 2316 2492 2384 forma,
2538 2333 2660 2371 nam
2719 2317 3188 2387 quemadmodum
3243 2318 3434 2373 formae
3474 2322 3591 2376 suis

1968 2414 2136 2472 rebus
2157 2414 2289 2468 dant
2306 2429 2451 2479 esse,
2475 2412 2552 2467 ita
2576 2426 2783 2483 genera
2808 2427 3022 2465 summa
3049 2412 3155 2465 nisi
3180 2427 3277 2481 per
3291 2415 3590 2470 essentiam

1969 2521 2080 2560 non
2111 2511 2344 2576 possunt
2365 2519 2512 2559 esse.
2549 2503 2609 2557 Et
2639 2508 2853 2557 caeteras
2871 2501 3064 2558 formae
3093 2518 3290 2558 omnes
3312 2521 3428 2560 suae
3463 2515 3591 2561 sunt

1971 2613 2192 2652 suarum
2224 2611 2427 2659 rerum,
2461 2593 2701 2648 essentia
2730 2607 2864 2648 vero
2894 2593 3204 2648 communis
3235 2601 3288 2648 et
3309 2596 3592 2651 universa-

1971 2689 2040 2743 lis
2060 2694 2142 2743 est
2179 2686 2424 2743 omnium
2467 2701 2670 2740 rerum.
2705 2684 2835 2739 Aliae
2875 2683 3067 2740 formae
3106 2701 3233 2740 suas
3259 2702 3348 2741 res
3381 2686 3589 2743 faciunt

1972 2778 2180 2849 aliquid
2213 2793 2354 2842 esse,
2388 2775 2630 2831 essentia
2660 2790 2790 2828 vero
2821 2773 2952 2828 facit
2977 2789 3173 2829 omnes
3204 2791 3291 2828 res
3320 2776 3587 2846 simplici-

1973 2871 2056 2920 ter
2083 2881 2222 2920 esse.
2259 2865 2319 2918 Et
2344 2880 2465 2919 cum
2492 2879 2577 2918 res
2606 2877 2802 2918 omnes
2842 2863 3082 2918 habeant
3111 2864 3360 2934 proprias
3388 2864 3588 2922 formas

1973 2954 2173 3024 quibus
2225 2953 2531 3007 formantur
2585 2951 2653 3006 ad
2701 2951 2908 3022 aliquid
2956 2967 3098 3018 esse,
3155 2953 3331 3022 prima
3383 2970 3585 3028 genera

1968 3061 2148 3100 rerum
2193 3045 2404 3098 habent
2457 3042 2756 3098 essentiam
2796 3059 2918 3114 quae
2968 3042 3277 3098 formantur
3315 3045 3383 3098 ad
3439 3061 3583 3100 esse.

248 3149 308 3187 se
341 3133 600 3199 invicem,
636 3133 930 3188 introrsum
973 3133 1262 3189 revolvunt
1303 3134 1356 3188 in
1399 3135 1566 3199 idem,
1622 3143 1681 3190 ut
1725 3137 1869 3191 idem
1899 3135 2188 3210 CCaeteraz
2235 3134 2423 3190 forma;
2467 3149 2594 3189 suas
2621 3149 2709 3188 res
2769 3134 2978 3189 faciunt
3025 3135 3155 3206 quid
3192 3142 3337 3190 sunt.
3371 3136 3583 3191 Etcum

249 3221 556 3276 secundum
590 3222 838 3276 diversas
867 3221 1247 3288 habitudines,
1269 3223 1555 3295 utriusque
1576 3240 1870 3294 processus

253 3311 325 3366 sit
363 3312 599 3366 medius.
627 3312 736 3366 Nec
765 3311 953 3366 inﬁma
994 3320 1386 3382 supponuntur
1413 3314 1644 3368 summis
1671 3315 1869 3384 praedi-

251 3400 492 3464 catione,
525 3400 636 3454 imo
667 3416 786 3455 sese
833 3401 1141 3471 respiciunt
1176 3417 1205 3455 e
1247 3402 1498 3476 regione,
1529 3409 1582 3457 et
1612 3411 1870 3474 tanquam

255 3491 534 3563 opposita,
579 3507 761 3562 neque
782 3491 851 3546 de
874 3492 1083 3545 inﬁmis
1130 3492 1519 3561 praedicantur,
1568 3509 1670 3547 nec
1697 3494 1764 3547 ab
1794 3494 1876 3548 eis

254 3591 666 3650 componuntur
713 3599 944 3649 summa,
982 3599 1104 3636 nam
1141 3589 1401 3652 punctum
1461 3584 1646 3649 lineae,
1676 3600 1874 3654 quam-

251 3673 336 3727 vis
352 3673 595 3727 nondum
625 3674 696 3727 sit
735 3673 903 3738 linea,
937 3689 1049 3729 non
1081 3680 1165 3728 est
1193 3682 1380 3729 tamen
1409 3674 1629 3744 penitus
1655 3689 1766 3730 non
1808 3675 1876 3727 li-

260 3781 388 3830 nea,
421 3766 514 3820 sed
558 3772 639 3820 est
662 3781 804 3836 pene
829 3766 997 3820 linea.

332 3855 422 3908 Est
446 3855 618 3927 igitur
651 3855 794 3910 linea
813 3854 1245 3926 quodammodo,
1279 3855 1530 3926 quamvis
1560 3871 1670 3911 non
1704 3856 1773 3910 sit
1811 3857 1878 3910 li-

259 3966 366 4004 nea
390 3948 730 4004 omnimodo.
757 3947 1020 4001 Similiter
1046 3954 1101 4001 et
1121 3946 1300 4001 littera
1331 3961 1440 4001 non
1465 3956 1549 4002 est
1570 3963 1671 4002 vox
1688 3946 1873 4018 plene,

253 4039 355 4093 sed
388 4055 570 4108 pene;
603 4053 712 4092 non
743 4043 826 4090 est
855 4051 957 4090 vox
991 4035 1334 4102 omnimodo,
1366 4036 1463 4090 sed
1491 4036 1876 4108 aliquomodo;

254 4146 368 4186 non
405 4137 488 4185 est
517 4145 617 4185 vox
647 4127 915 4198 perfecta,
946 4127 1044 4181 sed
1078 4127 1419 4197 imperfecta.

324 4221 415 4275 Est
469 4235 604 4293 ergo
639 4226 693 4273 et
749 4219 1029 4290 quantitas
1062 4219 1492 4289 quodammodo,
1535 4218 1793 4275 similiter
1823 4236 1878 4284 et

252 4321 478 4368 atomus
509 4312 782 4381 corporis,
815 4326 957 4381 pene
972 4325 1192 4381 corpus,
1216 4317 1270 4365 et
1301 4320 1562 4382 punctum
1586 4315 1869 4383 temporis,

252 4419 398 4476 pene
453 4410 694 4473 tempus,
753 4411 808 4457 et
846 4402 1048 4465 unitas,
1109 4418 1250 4473 pene
1287 4419 1570 4471 numerus,
1601 4405 1710 4458 sint
1739 4421 1869 4481 ergo

1971 3225 2120 3280 aliud
2160 3227 2231 3278 sit
2262 3223 2470 3295 aliquid
2511 3239 2656 3288 esse,
2708 3223 2856 3278 aliud
2890 3240 3034 3290 esse,
3066 3224 3188 3278 alite
3238 3224 3426 3280 formae
3460 3243 3587 3296 per-

1973 3316 2153 3370 tinent
2178 3315 2245 3368 ad
2286 3314 2491 3386 aliquid
2523 3330 2664 3376 esse,
2713 3321 2768 3367 et
2808 3328 2916 3368 non
2968 3314 3036 3367 ad
3068 3329 3212 3368 esse.
3249 3314 3309 3368 Et
3341 3317 3591 3385 quamvis

1975 3401 2040 3454 ad
2065 3401 2273 3471 aliquid
2308 3417 2433 3455 esse
2461 3408 2724 3471 sequatur
2751 3416 2911 3466 esse;
2945 3415 3056 3454 non
3096 3411 3180 3455 est
3211 3408 3396 3456 tamen
3417 3412 3588 3458 caete-

1975 3505 2155 3543 rarum
2209 3490 2504 3543 formarum
2562 3498 2620 3541 ut
2653 3487 2852 3542 faciant
2904 3505 3066 3554 esse;
3136 3488 3343 3545 faciunt
3383 3498 3588 3557 tamen,

1975 3580 2070 3635 sed
2122 3580 2544 3650 consequentia,
2594 3593 2704 3633 non
2738 3587 2963 3645 natura;
2998 3588 3080 3634 est
3134 3590 3314 3636 autem
3349 3584 3591 3638 essentia

1979 3674 2212 3743 primum
2247 3673 2302 3726 in
2340 3673 2532 3743 primis
2558 3672 2879 3745 generibus,
2914 3680 2974 3726 ut
3004 3674 3180 3743 prima
3205 3691 3410 3746 genera
3447 3679 3592 3748 prin-

1978 3765 2228 3835 cipaliter
2253 3765 2382 3830 sint,
2416 3770 2475 3818 ut
2497 3780 2595 3834 per
2621 3765 2915 3818 essentiam
2941 3763 3119 3834 primo
3140 3765 3263 3820 loco
3288 3766 3594 3823 formentur

1977 3853 2046 3906 ad
2086 3868 2226 3918 esse,
2277 3852 2404 3906 inde
2447 3852 2651 3906 habent
2691 3850 2954 3906 inferiora
2988 3867 3087 3921 per
3123 3851 3326 3908 formas
3384 3855 3590 3926 aliquid

1979 3958 2101 3997 esse
2149 3948 2208 3996 ut
2239 3957 2438 4012 corpus
2479 3941 2646 3996 habet
2693 3940 3055 3995 substantiam
3089 3956 3208 3995 esse
3251 3958 3351 4010 per
3402 3957 3595 4012 corpo-

1984 4046 2132 4085 ream
2193 4030 2441 4085 formam.
2536 4030 2673 4084 Sunt
2711 4029 2878 4103 igitur
2930 4028 3119 4084 formae
3174 4045 3352 4084 causa:
3410 4046 3589 4084 rerum

1987 4121 2256 4184 omnium,
2291 4137 2415 4175 nam
2441 4127 2652 4176 caeteras
2679 4119 2864 4175 forma:
2895 4135 3088 4174 omnes
3116 4135 3281 4174 causa
3309 4127 3436 4174 sunt
3478 4121 3593 4174 SUlS

1978 4213 2165 4279 rebus,
2235 4223 2292 4268 ut
2341 4212 2551 4284 aliquid
2610 4213 2750 4276 sint;
2811 4211 3054 4266 essentia
3092 4227 3242 4276 vero,
3290 4228 3453 4265 causa
3511 4224 3594 4266 est

1977 4303 2240 4359 omnibus
2285 4311 2348 4357 ut
2399 4303 2512 4356 sint
2595 4302 2656 4355 Et
2697 4300 2943 4354 materia:
3000 4308 3194 4355 natura
3241 4300 3589 4354 substantiali

1977 4392 2191 4463 priores
2221 4399 2346 4446 sunt
2367 4390 2582 4455 formis,
2617 4389 2805 4444 formae
2834 4403 2966 4444 vero
2994 4389 3037 4443 si
3061 4388 3322 4459 respicias
3353 4389 3420 4442 ad
3444 4404 3587 4454 esse,

255 4503 481 4551 atomus
522 4493 747 4564 quidem
785 4493 1140 4564 aliquomodo
1169 4493 1510 4560 substantia;
1547 4505 1743 4550 canem
1781 4477 1873 4552 νό-
1900 4503 1960 4571 D
1985 4481 2231 4536 materiis
2265 4480 2636 4551 prioressunt,
2679 4479 2825 4549 quod
2857 4493 2951 4532 eas
2991 4494 3112 4532 esse
3133 4477 3361 4544 faciunt,
3392 4478 3592 4531 multas

255 4603 316 4642 ro
373 4585 783 4658 quodammodo
834 4585 1132 4655 quantitas,
1195 4586 1296 4639 hos
1358 4585 1748 4656 grammaticus
1795 4588 1873 4642 in-

249 4678 437 4750 spicit,
483 4676 576 4749 qui
610 4684 870 4748 tanquam
921 4675 1131 4746 plurale
1184 4676 1519 4751 singularem
1579 4694 1870 4734 numerum

261 4771 419 4825 dicit.
452 4769 593 4824 Dicit
621 4776 674 4823 et
705 4785 839 4824 usus
869 4769 1185 4824 communis
1211 4785 1458 4839 praesens
1483 4775 1720 4840 tempus,
1744 4787 1872 4841 par-

255 4859 478 4913 ticulam
510 4858 794 4928 temporis,
825 4858 892 4912 ad
922 4873 1084 4929 quam
1115 4857 1267 4913 velut
1299 4874 1646 4913 communem
1679 4861 1865 4914 termi-

258 4967 412 5018 num,
461 4951 797 5020 prazteritum
829 4950 1120 5021 copulatur
1151 4958 1206 5006 et
1254 4950 1516 5006 futurum.
1549 4951 1609 5006 Et
1639 4953 1720 5006 sic
1741 4953 1868 5008 ulti-

256 5057 347 5096 ma
379 5041 652 5112 principia
674 5042 862 5096 referri
895 5048 1129 5114 possunt
1158 5043 1225 5096 ad
1258 5041 1454 5111 prima,
1479 5050 1738 5114 tanquam
1771 5061 1867 5117 ge—

259 5134 488 5189 neribus
520 5136 652 5206 ipsis
678 5137 987 5206 supposita,
1019 5142 1071 5191 et
1103 5152 1294 5192 eorum
1338 5137 1785 5208 praedicationem
1810 5140 1864 5194 in

255 5244 317 5283 se
347 5228 725 5299 suscipientia.

919 5325 989 5376 De
1011 5324 1209 5390 ﬁgura.

329 5432 514 5488 Potest
543 5448 674 5507 ergo
698 5450 763 5489 ex
797 5435 1240 5505 praecedentibus
1269 5434 1473 5509 colligi,
1498 5434 1724 5509 ﬁguram
1748 5452 1870 5494 cor-

255 5522 528 5594 poralium
559 5523 804 5577 omnium
829 5539 1049 5579 causam
1083 5523 1232 5590 ﬁeri;
1263 5539 1387 5579 nam
1417 5524 1536 5579 sine
1562 5522 1738 5598 ﬁgura
1767 5541 1870 5581 nec

258 5614 527 5670 materies
558 5615 677 5684 ipsa
717 5620 898 5683 potest
931 5630 1074 5681 esse,
1108 5631 1212 5671 nec
1228 5615 1340 5670 ulla
1357 5615 1575 5686 species
1596 5616 1650 5669 in
1680 5631 1880 5688 corpo-

259 5705 419 5758 ribus
460 5703 530 5757 de
563 5701 863 5756 individuis
893 5702 1202 5773 praedicari,
1247 5719 1350 5758 nec
1387 5703 1672 5759 materiale
1703 5710 1875 5760 totum

262 5809 410 5860 esse,
441 5793 530 5848 vel
563 5791 844 5862 componi,
876 5793 1179 5863 corporalis
1226 5795 1373 5848 enim
1406 5795 1664 5849 materies
1695 5802 1878 5850 mente

623 5911 922 5973 PATROL.
967 5911 1162 5976 CLX.

1975 4576 2353 4648 digressiones
2382 4573 2634 4639 facimus,
2669 4580 2723 4627 et
2766 4571 2962 4644 longas
3022 4572 3074 4626 in
3134 4573 3236 4626 hoc
3272 4587 3458 4642 Opere.
3511 4572 3586 4625 Ad

1975 4668 2174 4723 multas
2230 4683 2340 4720 non
2409 4665 2557 4739 cogit
2608 4663 3015 4735 prapositorum
3078 4662 3398 4730 difﬁcultas,
3467 4681 3589 4735 quae

1974 4756 2314 4828 quaestiones
2337 4752 2692 4808 multimodas
2713 4759 2958 4826 generat.
2992 4750 3122 4815 Quae
3152 4750 3430 4806 solvendae
3461 4763 3586 4807 sunt

1972 4845 2241 4911 claritate,
2273 4860 2344 4897 ne
2373 4859 2495 4914 qum
2518 4841 2799 4912 pr0posita
2827 4851 2955 4894 sunt
2997 4847 3258 4894 maneant
3295 4840 3348 4893 in
3383 4839 3588 4896 obscu-

1971 4934 2151 4988 ritate.
2191 4931 2268 4985 Ad
2315 4931 2509 5004 longas
2539 4944 2669 4984 vero
2713 4944 2816 4984 nos
2856 4928 3092 4999 impellit
3121 4927 3396 4982 subtilitas
3434 4945 3586 5000 quae-

1971 5026 2235 5092 stionum,
2295 5039 2416 5096 quae
2468 5023 2556 5078 vix
2615 5022 2681 5076 ad
2729 5020 3147 5094 intelligentiam
3211 5021 3587 5091 perducuntur

1968 5116 2132 5171 etiam
2160 5113 2569 5184 multiplicitate
2601 5116 2917 5166 verborum.
2968 5111 3028 5165 Et
3056 5127 3178 5166 cum
3212 5112 3366 5183 quasi
3400 5113 3586 5183 hydra:

1969 5209 2108 5264 vivas
2139 5214 2304 5279 caput
2329 5222 2500 5261 unum
2533 5203 2893 5271 abscidimus,
2921 5203 3256 5275 quandoque
3283 5221 3586 5259 renascun-

1970 5306 2056 5353 tur
2120 5297 2312 5364 multa,
2379 5311 2500 5366 quae
2548 5293 2653 5347 nisi
2707 5309 2829 5348 cum
2889 5307 3090 5364 magno
3145 5292 3431 5348 molimine
3477 5309 3586 5348 non

1970 5386 2291 5442 auferimus.

1971 5495 2121 5561 Quod
2160 5498 2238 5549 vis
2279 5491 2583 5562 vegetabilis
2611 5497 2687 5546 est
2713 5505 2893 5546 semen
2936 5493 3155 5558 ani-mae,
3195 5494 3438 5560 quamvis
3479 5506 3588 5545 non

2626 5583 2696 5634 sit
2725 5582 2934 5633 anima.

2049 5694 2315 5766 Superius
2337 5702 2621 5749 ostensum
2653 5698 2735 5746 est
2757 5708 2947 5747 semen
2974 5693 3227 5746 animalis
3251 5704 3439 5745 eorum
3468 5703 3589 5742 esse

1983 5802 2105 5858 quae
2159 5791 2407 5840 constant.
2453 5800 2518 5838 ex
2572 5783 2752 5836 anima
2792 5789 2846 5836 et
2888 5797 3139 5851 corpore,
3183 5789 3240 5836 et
3281 5781 3335 5832 in
3379 5777 3592 5830 semine

3131 5901 3209 5958 35
