3938 6206
391 330 530 385 1099

1606 324 1663 376 Β.
1707 320 1943 375 ODONIS
1985 319 2223 374 CAMER.
2270 318 2476 375 EPISC.

3582 320 3732 373 1100

392 471 534 523 sicut
562 482 784 537 corpus,
816 466 895 519 sic
922 473 975 519 et
1000 465 1104 517 vim
1135 463 1497 536 vegetabilem
1532 462 1585 515 in
1616 461 1817 515 animal
1855 460 1996 513 l'utu-
2032 474 2070 529 Α
2099 462 2406 529 perabimus
2435 462 2586 513 Patri
2620 461 2935 528 spirituum,
2973 467 3026 515 et
3066 463 3305 516 vivemus
3329 461 3357 514 ?
3389 461 3563 525 (Hebr.
3599 466 3728 531 xu.)

392 591 509 629 rum
551 573 837 644 prolicere.
882 570 1192 625 Secundum
1247 569 1393 640 quod
1439 584 1548 622 non
1579 574 1757 637 potest
1810 565 1998 637 negari

390 676 451 721 ut
475 681 674 736 corpus
717 666 787 719 de
816 679 1068 734 corpore,
1100 664 1182 717 sic
1212 671 1267 716 et
1306 677 1405 731 per
1432 660 1669 713 animam
1711 656 2001 732 vegetabi-

393 761 523 824 lem,
545 760 613 813 de
640 758 862 813 animali
884 758 1088 821 anima,
1123 755 1416 811 animalem
1451 755 1689 809 animam
1723 752 1864 806 ﬁeri.
1897 751 2003 805 Sed

393 854 533 908 forte
563 853 710 907 dicet
761 852 960 922 aliquis
1005 850 1136 921 quia
1172 849 1254 903 vis
1308 849 1362 901 in
1409 848 1623 902 semine
1655 844 2004 917 vegetabilis,

394 944 545 998 nulla
575 953 657 998 est
681 943 882 1009 anima,
917 942 1147 996 veniens
1177 940 1244 994 ab
1279 940 1461 993 anima
1493 938 1758 1007 parentis,
1790 943 1844 990 et
1871 951 2005 1006 pro-

396 1034 587 1089 liciens
612 1035 665 1088 in
691 1035 926 1088 animam
961 1032 1150 1103 prolis.
1202 1031 1307 1085 Sed
1364 1037 1557 1085 contra
1608 1030 1711 1084 hoc
1753 1028 2012 1098 superius

396 1122 543 1177 dicta
572 1123 822 1195 vigilant,
856 1120 948 1191 qui
992 1119 1232 1174 animam
1262 1118 1403 1172 sicut
1434 1117 1504 1172 de
1536 1123 1672 1182 toto,
1702 1115 1782 1169 sic
1813 1114 1920 1168 dici
1945 1113 2012 1167 de

395 1217 627 1289 singulis
654 1215 905 1286 partibus
932 1212 1224 1267 afﬁrmant.
1254 1212 1382 1275 Sed,
1415 1212 1461 1265 si
1482 1211 1625 1265 forte
1656 1224 1765 1263 non
1789 1207 2009 1277 acquie-

399 1312 503 1364 scit
534 1312 884 1381 importunus
946 1308 1071 1361 huic
1111 1314 1470 1379 argumento:
1517 1305 1665 1370 Esto,
1709 1309 1855 1358 certe
1905 1316 2015 1355 non

400 1409 579 1474 potest
618 1404 709 1473 qui
752 1411 992 1455 mentem
1051 1400 1249 1453 habeat
1285 1399 1470 1452 dicere
1514 1397 1621 1452 vim
1649 1393 2014 1468 vegetabilem

395 1511 507 1552 non
535 1509 655 1550 esse
695 1493 911 1546 animm.
948 1492 1008 1545 Et
1037 1508 1081 1545 sn
1116 1506 1227 1545 non
1258 1496 1361 1555 est,
1396 1496 1454 1544 ut
1506 1488 1666 1552 dicit,
1696 1486 1899 1548 anima,
1933 1484 2016 1539 vis

395 1592 577 1639 tamen
612 1590 696 1636 est
746 1581 963 1634 animm.
1004 1579 1113 1633 Nisi
1146 1578 1293 1632 enim
1340 1578 1630 1647 sitcorpus
1676 1576 1897 1639 animm,
1928 1588 2017 1627 se-

398 1682 635 1731 mentem
669 1689 778 1729 non
812 1680 995 1744 potest
1024 1671 1284 1742 proferre.
1318 1670 1470 1726 Tolle
1501 1670 1764 1733 animam,
1793 1682 1905 1722 non
1936 1665 2014 1719 fa-

396 1769 469 1823 cit
506 1782 727 1830 semeu;
768 1765 899 1818 facit
928 1779 1141 1828 semen,
1188 1763 1354 1816 habet
1386 1761 1555 1835 igitur
1597 1760 1861 1815 animam.
1912 1757 2016 1810 lia-

398 1862 492 1916 bet
519 1876 649 1932 ergo
674 1873 866 1913 semen
899 1858 968 1910 ab
1001 1857 1183 1911 anima
1212 1856 1321 1910 vim
1350 1854 1739 1930 vegetabilem.
1782 1853 1885 1907 Aut
1916 1852 2012 1905 ha-

397 1954 492 2008 bet
520 1952 587 2005 ab
632 1949 833 2015 anima,
878 1959 971 2003 aut
1002 1965 1030 2002 a
1088 1962 1341 2018 corpore.
1386 1948 1439 2001 Si
1486 1963 1517 2001 a
1567 1960 1822 2015 corpore,
1885 1942 2015 1997 tolle

400 2040 641 2093 animam
676 2046 730 2090 et
766 2036 935 2090 funde
963 2051 1176 2101 semen,
1229 2042 1283 2089 et
1336 2035 1591 2089 dabimus
1647 2032 1882 2103 palmam
1914 2029 2014 2085 tibi

399 2126 665 2190 victorim,
707 2125 1063 2179 sivideamus
1089 2130 1411 2195 sequentem
1457 2122 1690 2193 prolem.
1727 2120 1781 2173 Si
1835 2126 2015 2174 autem

401 2231 510 2270 non
536 2221 715 2281 potest
736 2212 875 2278 fieri,
921 2211 1187 2267 confitere
1221 2211 1529 2277 veritatem,
1562 2218 1617 2265 ct
1646 2209 1847 2264 animm
1875 2223 2017 2262 con-

402 2307 537 2361 cede
571 2305 675 2358 vim
709 2302 1095 2377 vegetabilem.
1131 2302 1195 2356 Et
1227 2302 1357 2356 licet
1384 2302 1501 2371 ipsa
1533 2300 1613 2353 vis
1654 2315 1766 2353 non
1797 2298 1867 2351 sit
1897 2296 2020 2351 ani-

401 2411 512 2461 ma,
545 2409 644 2464 per
670 2408 791 2447 eam
841 2399 1025 2446 tamen
1060 2390 1128 2445 ab
1158 2389 1340 2444 anima
1365 2396 1705 2463 prepagatur
1734 2386 1941 2449 anima,
1969 2393 2025 2438 et

403 2482 463 2537 fit
491 2498 679 2537 semen
705 2480 903 2535 animm
930 2479 1288 2552 propagantis
1320 2478 1582 2532 animam.
1627 2475 1752 2529 Sive
1782 2489 1917 2549 ergo
1943 2472 2024 2527 vis

403 2571 497 2625 illa
527 2571 732 2625 dicitur
759 2570 964 2633 anima,
988 2569 1103 2623 sive
1120 2583 1255 2634 non,
1273 2576 1424 2638 patet
1448 2566 1577 2637 quia
1604 2565 1865 2636 proditab
1893 2562 2021 2618 aui-

406 2678 496 2717 ma
540 2662 807 2733 parentis,
849 2669 904 2715 et
934 2667 1288 2731 promovetur
1316 2660 1373 2713 in
1401 2659 1640 2713 animam
1673 2656 1865 2728 prolis.
1898 2658 2025 2709 Am-

409 2756 575 2828 plius,
611 2771 757 2827 saepe
783 2756 1039 2810 videmus
1063 2754 1482 2809 similitudinem
1512 2751 1758 2823 parentis
1792 2751 1846 2804 in
1862 2750 2017 2820 prole

403 2855 459 2903 et
488 2848 544 2902 in
579 2854 722 2903 statu
752 2847 1021 2917 corporis,
1050 2853 1106 2900 et
1133 2845 1189 2899 in
1228 2845 1475 2899 moribus
1517 2843 1734 2897 animm.
1768 2841 1905 2907 Quid
1937 2848 2017 2895 est

406 2941 530 3003 hoc,
564 2939 669 2991 nisi
713 2938 860 3009 quod
893 2953 1086 2991 semen
1111 2944 1166 2990 et
1195 2954 1225 2990 a
1253 2950 1486 3006 corpore
1512 2934 1797 3006 parvulum
1830 2933 2016 3003 liquo-

404 3045 519 3084 rem
544 3035 599 3083 et
627 3028 695 3082 ab
750 3028 930 3081 anima
963 3028 1127 3081 trahit
1154 3027 1262 3081 vim
1313 3025 1704 3097 vegetabilem.
1742 3024 1875 3078 Nam
1908 3023 2013 3077 nisi

402 3137 593 3175 semen
618 3120 862 3175 traderet
892 3120 1109 3190 utrique
1143 3118 1282 3189 proli
1301 3117 1451 3190 quod
1482 3118 1647 3171 trahit
1675 3116 1744 3171 ab
1785 3124 2020 3186 utroque

404 3217 652 3280 parente,
699 3224 809 3263 non
847 3214 1272 3277 reprmsentaret
1331 3207 1385 3261 in
1427 3213 1662 3276 utroque
1695 3204 1866 3275 prolis
1895 3209 2021 3258 tan-

409 3311 515 3353 tam
549 3298 966 3352 similitudinem
1004 3298 1264 3367 parentis.

474 3408 623 3474 Quod
651 3409 710 3460 in
745 3408 916 3460 Adam
944 3409 1153 3473 fuimus
1180 3422 1364 3462 omnes
1396 3409 1589 3460 anima
1618 3412 1669 3461 et
1716 3420 1947 3475 corpore.

476 3516 530 3570 Si
588 3532 721 3590 ergo
772 3517 1053 3572 invenitur
1098 3517 1153 3571 in
1208 3518 1420 3572 semine
1460 3524 1515 3572 et
1546 3518 1694 3589 quod
1739 3516 1807 3571 ab
1839 3516 2025 3571 anima

405 3608 628 3665 venitet
657 3609 802 3680 quod
835 3625 866 3663 a
887 3624 1141 3679 corpore,
1170 3616 1321 3680 patet
1352 3610 1483 3681 quia
1520 3608 1693 3679 prolis
1722 3609 1903 3663 anima
1930 3624 2022 3663 ve-

408 3701 489 3755 nit
528 3716 593 3754 ex
633 3701 880 3764 traduce,
922 3708 977 3756 et
1006 3716 1202 3756 omnes
1236 3701 1436 3755 animm
1469 3708 1670 3755 nostrm
1714 3699 1938 3755 fuerunt
1968 3699 2024 3753 in

406 3792 589 3848 anima
620 3792 766 3846 Adm.
813 3793 871 3847 Et
896 3793 1118 3864 quando
1149 3793 1396 3863 peccavit
1450 3793 1640 3857 Adam,
1682 3792 1819 3846 nihil
1851 3793 1919 3847 ab
1956 3808 2025 3849 eo

409 3882 619 3936 exierat
650 3880 904 3935 humanm
951 3889 1181 3948 naturm,
1209 3880 1306 3936 sed
1335 3881 1518 3936 adhuc
1546 3889 1720 3937 totum
1738 3888 1855 3936 erat
1874 3881 1929 3935 in
1957 3896 2024 3938 eo

406 3969 677 4042 quidquid
729 3976 845 4025 erat
904 3970 1089 4023 homo.
1147 3969 1376 4032 Quando
1437 3984 1571 4041 ergo
1603 3969 1872 4039 peccavit,
1922 3985 2026 4025 nos

411 4073 610 4112 omnes
652 4056 1021 4128 peccavimus,
1049 4056 1181 4127 quia
1211 4055 1267 4109 iu
1307 4072 1376 4112 eo
1403 4071 1596 4111 omnes
1630 4073 1866 4111 eramus.
1905 4058 2027 4112 Era-

407 4162 531 4201 mus
568 4161 819 4217 corpore,
849 4160 1069 4200 eramus
1095 4151 1149 4199 et
1186 4145 1387 4199 anima.
1436 4145 1605 4219 Igitur
1646 4145 1701 4198 in
1732 4161 1800 4201 eo
1832 4162 2027 4205 sumus

409 4250 606 4289 omnes
636 4234 824 4289 infecti
867 4240 1115 4304 peccato,
1141 4241 1195 4286 et
1233 4233 1363 4304 quia
1394 4234 1449 4287 in
1491 4248 1558 4288 eo
1592 4248 1689 4305 pro
1719 4235 1901 4306 culpa,
1933 4237 2027 4305 ju-

411 4334 496 4378 ste
527 4324 797 4379 successit
826 4324 989 4377 etiam
1020 4322 1294 4388 vindicta;
1346 4322 1404 4375 iu
1445 4321 1608 4376 nobis
1655 4323 1819 4378 etiam
1854 4322 2030 4377 nasci-

410 4421 499 4466 tur
528 4428 688 4483 poena
711 4428 836 4467 cum
875 4412 1055 4482 culpa.
1091 4411 1151 4466 Et
1190 4411 1338 4479 juste
1377 4411 1657 4466 nascimur
1694 4410 1905 4476 miseri,
1933 4410 2028 4483 qui

410 4502 700 4572 prodimus
726 4518 757 4556 a
786 4501 1013 4568 misero,
1046 4507 1106 4556 ut
1132 4500 1311 4572 qualis
1341 4508 1427 4556 est
1469 4501 1625 4574 origo
1656 4501 1781 4555 talis
1818 4511 1874 4556 et
1899 4517 2029 4571 pro-

2103 550 2301 605 Contra
2346 552 2449 605 hoc
2508 550 2697 605 dicunt
2766 556 3159 621 prOpagatores
3219 550 3526 605 animarum
3591 551 3730 623 quia

2107 648 2245 700 Deus
2275 643 2487 699 homini
2517 657 2718 712 corpus
2754 641 2823 694 de
2857 647 3004 695 terra
3033 640 3185 707 fecit,
3216 640 3456 694 animam
3493 654 3632 695 vero
3654 640 3729 695 de

2105 736 2278 790 nihilo
2299 734 2469 789 dedit.
2503 731 2904 805 Quamvisergo
2937 736 3194 800 parentes
3219 734 3490 804 generant
3519 736 3579 783 et
3607 729 3731 782 ani-

2106 845 2270 893 mam,
2299 835 2353 881 et
2390 840 2591 896 corpus
2612 824 2666 877 in
2699 823 2871 894 prole,
2905 823 3103 877 animm
3135 828 3318 877 tamen
3344 821 3549 877 dicitur
3576 822 3733 876 Deus

2110 918 2266 973 Pater
2283 915 2527 988 pr0prie,
2560 913 2708 985 quod
2740 928 2861 968 eam
2886 912 3101 983 accepit
3120 912 3308 977 homo,
3331 926 3442 966 non
3470 910 3728 977 aliunde,

2111 1009 2208 1064 sed
2239 1025 2270 1063 a
2312 1009 2431 1062 solo
2488 1007 2621 1071 Deo,
2654 1014 2712 1059 ut
2752 1019 2876 1058 cum
2927 1003 3154 1059 aliunde
3185 1018 3387 1075 corpus
3419 1001 3729 1072 acceperit,

2114 1098 2308 1153 merito
2351 1098 2496 1152 Deus
2540 1094 2754 1150 dicatur
2800 1094 2921 1162 ejus
2963 1092 3138 1160 Pater,
3180 1108 3301 1162 qum
3344 1107 3457 1148 non
3498 1089 3732 1145 aliunde

2115 1188 2281 1243 venit.
2317 1186 2452 1252 Quia
2483 1200 2614 1257 ergo
2641 1183 2944 1239 secundum
2977 1183 3309 1253 Scripturam
3342 1190 3489 1236 recte
3522 1180 3736 1234 dicitur

2118 1278 2260 1331 Deus
2310 1276 2463 1330 Pater
2507 1275 2733 1339 animm,
2787 1280 2956 1327 restat
3017 1279 3077 1326 ut
3108 1272 3273 1327 homo
3323 1270 3542 1326 dicatur
3570 1277 3738 1340 pater

2116 1366 2319 1431 carnis,
2359 1381 2479 1421 cum
2514 1372 2693 1419 tamen
2724 1370 2952 1438 generet
2981 1369 3293 1432 utrumque.

2365 1493 2513 1559 Quod
2539 1494 2739 1546 animm
2758 1506 2870 1546 non
2891 1492 3118 1545 veniunt
3145 1504 3213 1544 ea:
3236 1488 3475 1543 traduce.

2191 1608 2382 1664 Probat
2429 1607 2627 1661 animm
2672 1613 3004 1678 prOpagator
3040 1604 3281 1657 animam
3319 1602 3388 1656 ab
3416 1602 3605 1656 anima
3634 1617 3739 1656 ve-

2119 1700 2239 1754 nire
2275 1713 2341 1753 ex
2386 1712 2452 1752 eo
2483 1696 2630 1767 quod
2662 1696 2745 1750 vis
2774 1692 3101 1766 vegetabilis
3152 1692 3384 1746 trahitur
3427 1692 3482 1746 in
3511 1690 3741 1745 semine

2118 1792 2308 1847 dicens
2330 1791 2528 1844 animm
2558 1795 2766 1858 partem
2799 1802 2921 1841 esse
2951 1788 3060 1841 vim
3104 1785 3304 1855 ipsam,
3346 1794 3401 1839 et
3430 1800 3461 1838 a
3489 1788 3608 1838 toto
3642 1797 3739 1837 se-

2115 1879 2295 1952 parari
2324 1878 2393 1933 ad
2424 1878 2637 1948 prolem
2660 1875 2992 1930 faciendam.
3034 1874 3382 1930 Orthodoxus
3429 1880 3614 1928 autem
3653 1871 3745 1927 di-

2117 1974 2192 2027 cit
2243 1974 2391 2027 hunc
2432 1971 2723 2025 carnaliter
2747 1985 2965 2040 sapere,
3007 1985 3111 2024 nec
3134 1969 3282 2025 bene
3337 1975 3589 2024 naturam
3623 1970 3751 2023 ani~

2121 2079 2222 2117 mm
2249 2076 2604 2136 cognoscere.
2665 2059 2854 2113 Anima
2896 2059 3043 2113 enim
3096 2058 3335 2113 humana
3372 2066 3572 2113 natura
3600 2060 3749 2112 sim-

2123 2156 2248 2226 plex
2269 2165 2352 2209 est
2378 2162 2433 2209 et
2456 2153 2839 2223 incomposita.
2862 2153 2970 2207 hec
2996 2153 3350 2224 componitur
3369 2168 3437 2207 ex
3459 2152 3746 2224 pluribus,

2125 2250 2374 2322 quamvis
2412 2255 2627 2304 constet
2655 2264 2719 2303 ex
2744 2248 3017 2319 pluribus.
3062 2248 3176 2303 Una
3206 2256 3309 2312 est,
3342 2257 3398 2303 et
3423 2248 3613 2318 plures
3646 2249 3749 2303 ha-

2125 2340 2219 2393 bet
2246 2337 2540 2405 efficacias,
2564 2338 2693 2408 quia
2713 2338 2794 2392 sol
2825 2354 2989 2403 unus,
3018 2344 3072 2392 et
3110 2338 3298 2408 plures
3329 2337 3499 2392 habet
3528 2337 3742 2393 radios.

2127 2428 2372 2498 Simplex
2398 2437 2481 2481 est
2513 2435 2566 2482 et
2592 2428 2794 2482 enutrit
2820 2442 2884 2480 ex
2915 2443 2975 2482 se
3024 2426 3181 2498 plura
3231 2427 3301 2482 ad
3330 2443 3556 2499 corpus,
3578 2427 3749 2499 plura

2124 2518 2347 2589 quidem
2377 2518 2641 2580 exterius,
2673 2517 2771 2571 sed
2803 2516 2953 2570 unde
2991 2515 3242 2580 veniunt,
3273 2516 3507 2587 simplex
3539 2524 3624 2571 est
3655 2517 3751 2571 in-

2126 2617 2233 2675 tus,
2263 2618 2447 2679 partes
2476 2616 2606 2661 sunt
2637 2606 2858 2672 animm,
2891 2605 2989 2660 sed
3023 2620 3133 2661 non
3184 2605 3352 2660 habet
3379 2606 3751 2676 compositio—

2127 2713 2275 2764 nem,
2325 2697 2456 2767 quia
2506 2712 2611 2751 nec
2653 2696 2831 2765 ipsum
2877 2701 3049 2749 totum
3104 2693 3305 2765 recipit
3348 2695 3724 2766 quantitatem

2125 2791 2220 2845 Hic
2244 2799 2388 2845 errat
2417 2791 2615 2845 animm
2653 2800 3010 2864 propagator,
3063 2789 3214 2859 quia.
3246 2805 3370 2845 cum
3403 2798 3592 2860 partes
3639 2806 3750 2844 au-

2118 2880 2198 2934 dit
2226 2879 2431 2952 cogitat
2468 2879 2852 2949 quantitatem,
2880 2878 3109 2949 etquod
3148 2886 3235 2933 est
3258 2879 3507 2948 corporis
3541 2879 3751 2950 qumrit

2118 2973 2172 3027 in
2215 2987 2282 3027 eo
2328 2972 2477 3042 quod
2537 2987 2645 3025 non
2693 2977 2779 3026 est
2808 2985 3027 3040 corpus,
3079 2976 3134 3024 et
3162 2970 3631 3042 quemadmodum
3682 2971 3741 3024 in

2121 3075 2377 3131 corpore,
2406 3060 2485 3114 sic
2514 3060 2568 3113 in
2598 3059 2782 3113 anima
2828 3068 3036 3130 partem
3070 3064 3226 3129 putat
3253 3057 3519 3114 abscondi
3552 3072 3749 3129 posse,

2043 3179 2092 3247 C
2121 3156 2175 3203 et
2204 3148 2543 3204 individuam
2574 3146 2871 3212 unitatem,
2923 3162 3047 3219 qum
3077 3147 3270 3203 locatis
3301 3162 3413 3202 non
3456 3154 3541 3201 est
3570 3147 3628 3201 in
3657 3147 3751 3200 dio

2122 3257 2279 3295 versa
2308 3241 2426 3296 loca
2472 3240 2735 3310 dirumpi,
2764 3247 2817 3295 et
2861 3255 2959 3310 per
2985 3239 3235 3293 diversas
3269 3245 3453 3310 partes
3484 3254 3606 3293 eam
3649 3238 3744 3293 di-

2123 3334 2296 3387 versis
2344 3332 2478 3388 locis
2531 3332 2727 3397 teneri,
2760 3338 2816 3386 et
2860 3331 3061 3386 habere
3106 3338 3310 3402 partes,
3345 3331 3488 3386 sicut
3539 3346 3753 3402 corpus

2124 3425 2342 3480 diversa
2383 3425 2501 3480 loca
2532 3431 2809 3489 tenentes,
2840 3423 2987 3493 sapit
3007 3423 3327 3489 carnaliter,
3360 3423 3491 3494 quia
3518 3423 3753 3493 spirita-

2123 3518 2193 3572 lia
2229 3516 2440 3584 judicat
2469 3515 2851 3586 corporaliter,
2900 3515 3031 3587 quia
3086 3515 3333 3586 corporis
3378 3516 3749 3587 quantitatem

2124 3613 2320 3685 qumrit
2361 3613 2415 3667 in
2445 3612 2811 3667 substantiam
2843 3611 3207 3683 spiritualem.
3246 3610 3411 3667 Audit
3441 3620 3648 3682 partes,
3695 3620 3752 3665 et

2125 3702 2364 3758 occurrit
2402 3701 2603 3756 mentis
2632 3702 2934 3772 quantitas,
2961 3709 3016 3756 et
3056 3700 3408 3772 compositio,
3438 3718 3565 3774 qum
3604 3701 3751 3756 solet

2126 3794 2393 3864 corporis,
2412 3793 2602 3848 exiens
2628 3793 2697 3847 ad
2725 3809 2926 3865 corpus
2951 3810 2982 3848 a
3002 3809 3063 3848 se
3093 3800 3148 3849 et
3177 3794 3427 3868 cogitans
3440 3794 3750 3849 secundum

2126 3898 2327 3952 corpus
2356 3882 2426 3937 de
2456 3898 2536 3949 se,
2578 3891 2632 3936 et
2663 3882 2744 3937 sic
2782 3881 2955 3939 oblita
2976 3882 3059 3937 sui
3093 3890 3212 3938 erat
3253 3882 3310 3937 in
3361 3897 3443 3948 se,
3486 3899 3750 3955 qumrens

2126 3987 2185 4025 se
2209 3977 2361 4025 extra
2387 3987 2465 4035 se,
2502 3983 2700 4040 putans
2726 3986 2785 4025 se
2810 3970 3114 4042 quantitate
3135 3971 3399 4036 distendi,
3430 3976 3487 4025 et
3505 3986 3610 4042 per
3628 3986 3753 4040 spao

2128 4060 2202 4114 tia
2246 4059 2490 4115 locorum
2551 4058 2792 4126 dilatari,
2839 4074 2962 4114 cum
3022 4074 3134 4115 non
3190 4058 3394 4113 habeat
3436 4073 3751 4121 numerum,

2125 4152 2224 4206 sed
2274 4152 2640 4223 incomposita
2682 4153 2773 4217 sit,
2819 4160 2878 4208 ut
2915 4153 3101 4208 unitas
3156 4154 3214 4208 in
3277 4170 3510 4210 numero
3575 4155 3752 4209 multo

2127 4244 2433 4315 simplicior
2459 4244 2620 4300 linem
2676 4252 2900 4315 puncto,
2933 4245 3020 4301 vel
3065 4246 3317 4317 corporis
3367 4246 3601 4314 atomio,
3656 4246 3753 4317 qui

2130 4350 2254 4388 cum
2280 4333 2351 4388 sit
2392 4333 2460 4388 de
2488 4349 2717 4404 corpore
2750 4349 2862 4390 non
2889 4341 2971 4389 est
3002 4334 3118 4405 jam
3156 4349 3382 4405 corpus,
3424 4335 3521 4390 sed
3563 4336 3637 4391 ob
3665 4335 3751 4389 sui

2129 4422 2539 4492 simplicitatem
2574 4422 2956 4493 incorporeus.
3002 4423 3130 4477 Cum
3161 4439 3294 4496 ergo
3335 4431 3525 4495 partes
3567 4424 3751 4489 audis,

2130 4514 2329 4569 animm
2360 4529 2582 4569 omnem
2631 4516 2988 4586 quantitatem
3018 4517 3104 4571 vel
3134 4517 3600 4587 compositionem
3656 4533 3754 4571 au-

411 4610 555 4669 pago
595 4592 873 4649 succedat.
904 4593 965 4647 Et
1004 4593 1077 4647 ita
1128 4593 1407 4647 nascimur
1432 4608 1557 4648 cum
1600 4600 1847 4663 peccato,
1879 4593 2020 4665 quod

2134 4603 2214 4659 fer
2239 4621 2270 4659 a
2292 4611 2495 4671 mente,
2541 4615 2596 4659 et
2625 4606 2940 4660 emundans
2966 4622 3087 4660 eam
3143 4622 3175 4660 a
3218 4606 3534 4677 phantasiis
3562 4621 3754 4676 corpo-

410 4689 573 4743 nobis
602 4696 685 4743 est
732 4688 1033 4759 originale;
1078 4687 1207 4758 quia
1235 4687 1445 4742 homini
1488 4689 1665 4759 primo
1706 4689 1806 4743 fuit
1830 4705 2026 4761 perso-

411 4778 555 4845 nale,
585 4778 864 4833 nascimur
892 4794 1015 4832 cum
1058 4782 1285 4847 peccato
1315 4776 1465 4848 quod
1494 4792 1608 4833 non
1637 4777 1870 4833 fecimus
1900 4778 2026 4849 ipsi,

408 4870 505 4925 sed
538 4869 667 4925 fecit
708 4870 850 4940 ipse,
884 4876 939 4924 et
970 4868 1265 4923 transl'udit
1307 4867 1362 4921 in
1417 4884 1518 4924 nos
1549 4870 1832 4925 miseriam
1864 4886 2028 4942 quam

409 4964 608 5019 meruit
638 4964 774 5035 ipse.
815 4964 873 5019 Et
908 4964 1009 5018 hoc
1035 4971 1117 5018 est
1156 4960 1426 5036 originale
1465 4970 1775 5034 peccatum,
1805 4980 1918 5034 quo
1949 4973 2031 5020 ta-

410 5057 587 5112 bescit
629 5058 928 5113 humanum
960 5073 1158 5131 genus,
1203 5064 1259 5111 et
1286 5071 1395 5127 quo
1453 5056 1706 5113 liberavit
1744 5073 1850 5114 nos
1882 5057 2035 5114 Chri-

409 5156 552 5205 stus.

691 5226 801 5276 Cur
822 5226 959 5277 Deus
989 5222 1196 5276 dicitur
1218 5222 1541 5275 animarum
1570 5222 1750 5276 Pater.

477 5332 815 5388 Auctoritate
847 5335 1141 5405 Scripturm
1189 5333 1519 5390 conﬁrmant
1561 5335 1853 5392 orthodoxi
1913 5338 2033 5392 ani-

409 5436 554 5474 mam
612 5421 681 5473 ab
726 5421 909 5475 anima
942 5438 1053 5476 non
1099 5424 1414 5495 propagari.
1460 5423 1599 5478 Dicit
1645 5423 1794 5478 enim
1843 5425 2034 5481 Salva-

414 5518 532 5564 tor:
565 5515 883 5564 Revertatur
909 5514 1085 5580 pulvis
1116 5515 1174 5566 z’n
1202 5520 1405 5568 terram
1433 5530 1594 5570 suam
1630 5518 1774 5572 unde
1813 5524 1952 5586 erat,
1982 5524 2036 5575 et

406 5599 630 5663 spiritus
658 5597 840 5649 redeat
876 5600 945 5650 ad
982 5603 1169 5664 Deum,
1203 5604 1297 5668 qui
1323 5603 1468 5656 dedit
1489 5603 1650 5658 illum
1704 5608 1875 5662 (Eccle
1917 5619 2030 5674 xu).

410 5680 471 5733 Et
495 5681 816 5748 Apostolus:
859 5688 1042 5737 Patres
1071 5687 1285 5750 quidem
1337 5693 1521 5744 carnis
1570 5692 1860 5750 habuimus
1907 5711 2036 5751 eru-

408 5770 602 5822 ditores
624 5775 673 5823 et
691 5773 1070 5825 reverebamur
1100 5787 1221 5840 eos;
1253 5792 1389 5830 num
1415 5781 1588 5837 multo
1615 5788 1789 5853 magis
1838 5788 2037 5844 obtem-

2130 4710 2272 4760 rum,
2325 4710 2523 4749 sensus
2552 4703 2606 4749 et
2652 4695 3108 4771 imaginationem
3141 4704 3413 4769 postpone
3444 4696 3670 4769 erigens
3700 4704 3751 4750 te

2130 4787 2196 4841 ad
2234 4786 2526 4855 rationem,
2579 4795 2638 4843 ut
2688 4789 2898 4844 ratione
2944 4787 3154 4864 cogites
3208 4788 3507 4843 rationem.
3566 4788 3751 4841 Partes

2131 4878 2279 4932 enim
2314 4876 2599 4932 rat'onalis
2615 4879 2837 4947 animm,
2862 4894 2974 4933 non
2998 4893 3230 4949 corpora
3246 4885 3397 4941 sunt,
3422 4877 3522 4932 sed
3553 4882 3749 4948 poten-

2138 4967 2247 5035 tim,
2281 4982 2392 5022 non
2421 4968 2671 5023 materiai
2705 4969 2803 5023 sed
2833 4967 3168 5037 efﬁcientim,
3198 4982 3311 5023 non
3342 4982 3467 5021 eam
3489 4972 3550 5023 ut
3579 4981 3748 5020 mem—

2136 5060 2235 5115 bra
2261 5069 2622 5132 componunt,
2653 5061 2752 5117 sed
2784 5062 2852 5116 ab
2890 5077 2957 5117 ea
2985 5060 3136 5117 velut
3156 5061 3295 5115 radii
3324 5059 3627 5131 prodeunt.
3654 5059 3753 5112 To-

2137 5158 2249 5206 tum
2280 5150 2519 5221 estipsa,
2550 5167 2656 5208 nec
2685 5151 3035 5228 longitudine
3067 5150 3410 5222 producitur.
3448 5155 3628 5205 totum
3651 5153 3747 5210 est,

2137 5255 2242 5295 nec
2288 5246 2464 5296 tumet
2511 5240 2912 5312 profunditate.
2976 5239 3198 5296 Constat
3244 5254 3313 5294 ex
3371 5237 3630 5309 pluribus
3657 5250 3752 5290 nec

2137 5329 2321 5400 perdit
2344 5329 2777 5401 simplicitatem,
2817 5332 2948 5403 quia
2990 5346 3101 5387 non
3134 5329 3350 5385 admitit
3385 5326 3745 5398 compositio-

2136 5437 2283 5476 nem.
2315 5420 2538 5478 Constat
2589 5439 2655 5478 ex
2694 5423 2946 5494 pluribus
2973 5432 3029 5480 et
3065 5421 3297 5479 unitatis
3325 5435 3443 5476 sum
3471 5427 3651 5475 servat
3670 5416 3747 5470 in-

2136 5510 2541 5579 dividuitatem,
2583 5513 2712 5584 quia
2739 5511 3028 5584 pluralitas
3075 5512 3195 5583 ipsa
3225 5525 3336 5566 non
3369 5508 3502 5564 facit
3545 5504 3747 5579 quanti-

2137 5607 2304 5655 tatem
2356 5599 2555 5655 Verum
2596 5600 2856 5673 equidem
2888 5608 2994 5668 est,
3028 5600 3157 5672 quia
3198 5598 3349 5654 venit
3402 5597 3474 5652 ab
3504 5594 3748 5650 animalis

2139 5698 2614 5771 prepagationein
2639 5697 2875 5763 semine,
2924 5698 3022 5753 sed
3054 5696 3147 5751 illa
3171 5695 3256 5750 vis
3310 5692 3527 5749 aﬁectio
3555 5704 3746 5761 corpo-

2141 5788 2216 5843 ris
2246 5797 2350 5859 est,
2379 5806 2490 5846 non
2514 5788 2816 5848 efﬁcientia
2845 5791 3065 5846 animm.
3099 5786 3407 5845 Efﬁcientia
3435 5791 3523 5841 est
3546 5783 3606 5840 in
3624 5780 3743 5839 ani-
