3938 6206
200 379 337 435 1101

1274 372 1359 428 DE
1398 369 1685 427 PECCATO
1723 365 2079 423 ORIGINALI.
2120 394 2188 404 —
2230 363 2351 417 LIB
2396 362 2489 415 Ill.

3408 357 3546 414 1102

195 532 287 570 ma
328 522 383 568 et
420 528 627 583 corpus
656 509 899 566 afficitur
952 512 1020 566 de
1053 512 1174 583 ejus
1204 512 1516 582 praesentia,
1556 512 1680 567 dico
1706 511 1830 574 tria,
1864 509 1907 573 Α
1937 500 2355 556 similitudinem
2385 512 2538 551 suam
2566 495 2698 551 fecit
2746 496 2984 551 animam
3018 496 3158 549 Deus
3228 493 3388 566 Regit
3416 509 3549 567 ergo

202 605 467 659 discerne
495 608 549 655 et
574 600 887 655 considera.
921 601 1138 667 Anima,
1161 601 1361 655 animae
1384 601 1488 661 vis,
1514 607 1569 655 et
1598 600 1680 653 vis
1710 616 1835 656 cor-

212 692 388 765 poris.
422 690 637 757 Anima,
697 696 781 744 est
812 687 1140 757 substantia,
1170 690 1254 744 vis
1289 697 1470 745 autem
1523 690 1740 757 animaa,
1783 696 1836 744 et

206 786 395 843 anima
426 784 649 849 dicitur,
702 791 757 839 et
788 783 1123 850 substantia,
1167 784 1263 840 sed
1295 785 1379 840 vis
1419 785 1687 856 corporis,
1733 799 1835 840 nec

206 887 293 934 est
324 876 657 939 substantia,
708 891 813 931 nec
841 876 922 931 vis
948 876 1167 943 animae,
1214 893 1316 932 nec
1345 877 1549 943 anima,
1582 875 1680 931 sed
1711 890 1834 931 cor-

206 969 359 1042 poris
397 966 637 1033 affectio,
681 967 735 1022 id
766 975 852 1023 est
902 966 1142 1038 qualitas
1174 966 1326 1021 illata
1378 966 1593 1037 corpori
1622 965 1690 1020 ab
1720 964 1835 1020 ani-

211 1077 319 1117 mae
352 1060 666 1132 praesentia.
718 1060 905 1115 Potest
935 1066 1120 1115 tamen
1164 1060 1282 1116 haec
1334 1060 1573 1132 qualitas
1612 1059 1719 1116 dici
1751 1062 1834 1117 vis

210 1157 414 1211 animae
444 1156 628 1227 aliquo
667 1154 832 1210 modo
872 1170 982 1209 non
1023 1155 1153 1227 quia
1192 1172 1320 1228 pars
1362 1163 1446 1211 est
1477 1156 1695 1222 animae,
1736 1156 1832 1212 sed

212 1247 347 1319 quia
386 1262 487 1317 per
515 1246 620 1300 vim
653 1244 849 1299 animae
893 1243 1124 1300 infertur
1162 1245 1432 1313 subjecto.
1484 1246 1595 1302 Nec
1632 1247 1832 1312 solum,

212 1346 331 1401 suis
370 1344 687 1400 efficientiis
715 1344 884 1400 afficit
934 1347 1116 1400 anima
1157 1361 1356 1417 corpus
1394 1346 1491 1400 sed
1522 1346 1687 1401 etiam
1719 1345 1835 1401 suis

212 1434 603 1508 qualitatibus,
644 1434 785 1490 sicut
823 1450 973 1506 saepe
1022 1434 1295 1501 videmus,
1331 1436 1531 1491 timore
1558 1436 1645 1491 vel
1676 1451 1834 1491 reve-

214 1523 398 1579 rentia
424 1523 625 1578 anima:
656 1523 864 1594 pallere
886 1523 1119 1587 vultum,
1148 1524 1231 1578 vel
1255 1522 1494 1578 suﬂ‘undi
1528 1523 1751 1589 rubore,
1780 1529 1836 1579 et

214 1612 407 1668 multae
464 1611 603 1666 fiunt
632 1612 922 1683 passiones
957 1627 1251 1683 corporum
1282 1628 1348 1667 ex
1390 1611 1713 1668 efﬁcientiis
1749 1611 1839 1667 vel

216 1704 580 1774 qualitatibus
618 1704 948 1773 animarum,
980 1705 1059 1760 sic
1096 1706 1279 1760 anima
1319 1705 1580 1776 potentiis
1618 1714 1674 1760 et
1703 1721 1841 1777 qua-

215 1796 466 1851 litatibus
506 1796 622 1851 suis
675 1797 817 1871 regit
871 1804 925 1852 et
954 1802 1255 1853 commutat
1293 1813 1509 1867 corpus.
1563 1798 1684 1867 Ipsa
1729 1803 1841 1854 tota

1937 594 2120 648 anima
2150 608 2308 646 suum
2341 604 2561 659 corpus,
2604 594 2659 641 et
2690 587 2759 641 ab
2805 588 3004 642 anima:
3066 586 3357 657 praesentia
3386 586 3549 640 habet

1936 681 2108 737 multa
2137 695 2357 749 corpus,
2392 692 2515 749 quae
2555 690 2665 730 non
2696 682 2825 731 sunt
2854 675 3163 730 substantia
3196 675 3413 742 animm,
3446 690 3549 728 nec

1938 777 2120 841 partes
2147 766 2485 831 substantias,
2510 765 2608 819 sed
2642 763 2963 819 affectiones
3006 764 3253 834 corporis
3277 770 3331 817 et
3367 763 3549 834 quali-

1935 867 2093 915 tates.
2139 864 2201 913 Εἰ
2231 858 2397 913 habet
2426 857 2596 912 multa
2627 871 2829 926 corpus
2860 855 2928 909 ab
2955 854 3160 919 anima,
3198 870 3320 925 qum
3353 855 3550 908 retinet

1934 951 2257 1023 aliquandiu
2305 956 2427 1020 post
2479 948 2743 1003 animam.
2810 946 2940 1001 Nam
2995 962 3187 1001 recens
3246 946 3547 999 abscissum

1935 1044 2242 1100 membrum
2277 1059 2306 1096 a
2345 1057 2445 1098 suo
2482 1056 2732 1112 corpore,
2785 1038 3108 1109 aliquandiu
3152 1038 3379 1109 palpitat
3432 1046 3552 1107 post

1934 1139 2198 1203 animam,
2231 1136 2479 1191 retinens
2508 1143 2717 1190 motum
2752 1148 2916 1205 quem
2947 1133 3191 1188 habebat
3230 1133 3297 1187 ab
3346 1133 3545 1187 anima.

1937 1233 1997 1286 Et
2026 1230 2198 1285 herba
2227 1229 2368 1300 ipsa,
2398 1234 2690 1299 postquam
2727 1226 2823 1282 diu
2854 1228 3055 1282 siccata
3085 1230 3139 1279 et
3169 1225 3223 1278 in
3264 1224 3547 1295 pulverem

1935 1324 2362 1380 minutissimum
2389 1322 2757 1390 redacta,jam
2788 1322 3015 1378 omnino
3039 1319 3284 1391 perdidit
3311 1319 3549 1373 animam

1934 1421 2118 1469 tamen
2147 1412 2215 1467 ab
2255 1411 2441 1467 anima
2472 1426 2636 1482 quam
2670 1409 2932 1481 perdidit,
2964 1408 3168 1463 retinet
3198 1406 3548 1479 fragrantiam

1935 1525 2155 1565 suavem
2182 1506 2430 1570 naribus,
2475 1518 2527 1561 et
2565 1505 2710 1560 vires
2751 1510 2941 1560 contra
2982 1502 3332 1559 valetudines
3386 1501 3553 1555 Simi—

1940 1600 2067 1653 liter
2086 1613 2276 1654 semen
2320 1613 2420 1665 per
2447 1594 2789 1666 voluptatem
2819 1592 3049 1649 effusum
3084 1608 3115 1647 a
3145 1592 3267 1647 vivo
3297 1608 3551 1662 corpore,

1938 1687 2045 1741 vim
2080 1683 2492 1759 propagationis
2517 1699 2706 1738 secum
2738 1683 2906 1737 trahit
2933 1682 3000 1737 ab
3032 1682 3234 1747 anima,
3265 1680 3375 1734 vim
3404 1680 3549 1735 illam

1940 1775 2178 1830 habebat
2200 1774 2254 1827 in
2283 1787 2517 1843 corpore
2544 1772 2612 1826 ab
2644 1772 2847 1826 anima.
2872 1772 2989 1826 Non
3016 1778 3131 1825 erat
3153 1780 3304 1825 certe
3330 1770 3550 1833 animm,

216 1901 454 1941 manens
503 1885 558 1940 in
590 1901 672 1952 se,
713 1893 769 1941 et
806 1902 1007 1957 corpus
1037 1886 1105 1940 ab
1154 1887 1337 1941 anima
1376 1887 1562 1941 multis
1599 1886 1836 1942 afﬁcitur

1946 1866 2041 1920 sed
2083 1862 2358 1935 corporis;
2413 1861 2481 1916 ab
2533 1861 2737 1925 anima,
2770 1860 3019 1932 corporis
3069 1859 3282 1914 scilicet
3320 1859 3555 1931 qualitas

212 1975 577 2048 qualitatibus
599 1990 723 2046 quae
753 1990 865 2031 non
888 1983 1017 2031 sunt
1045 1975 1263 2031 animae.
1307 1975 1397 2031 Sic
1425 1976 1610 2030 anima
1635 1982 1830 2047 poten-

210 2064 315 2120 tias
354 2080 486 2118 suas
513 2063 736 2131 exserit,
765 2079 865 2134 per
909 2079 1110 2134 corpus
1145 2071 1340 2129 totum,
1395 2080 1518 2119 cum
1564 2065 1681 2136 ipsa
1718 2080 1827 2121 non

211 2155 281 2209 sit
313 2161 511 2209 totum.
548 2155 661 2210 Imo
694 2170 792 2223 per
822 2154 1009 2210 omnia
1050 2154 1301 2225 corporis
1343 2154 1520 2225 spatia
1558 2171 1618 2209 se
1664 2162 1829 2209 totam

214 2243 478 2312 infundit,
529 2254 584 2299 et
633 2245 841 2299 nullum
893 2244 1062 2300 habet
1119 2245 1380 2316 spatium.
1424 2244 1613 2299 Partes
1670 2245 1836 2300 habet

213 2350 419 2406 corpus
446 2336 567 2408 ipsa
592 2352 794 2407 corpus
822 2336 1035 2407 implet,
1068 2344 1123 2391 et
1151 2351 1262 2391 non
1295 2335 1546 2406 partibus
1570 2335 1705 2402 suis,
1737 2335 1835 2390 sed

214 2433 327 2483 tota
358 2433 418 2482 et
444 2426 607 2497 plena
640 2425 883 2496 perfecta
913 2425 1158 2495 singulas
1187 2425 1385 2496 implet
1413 2434 1591 2496 partes
1641 2440 1835 2495 corpo-

214 2518 305 2572 ris.
356 2517 578 2588 Implet,
611 2517 858 2587 inquam,
892 2517 1048 2587 plura
1102 2516 1222 2571 sine
1254 2516 1590 2587 pluralitate,
1640 2532 1838 2571 nume-

215 2620 336 2662 rosa
362 2606 490 2660 sine
522 2620 778 2672 numero,
803 2604 974 2660 multa
1004 2605 1125 2659 sine
1166 2604 1539 2660 multitudine.
1576 2605 1665 2660 Sic
1690 2621 1842 2659 sum-

213 2714 302 2753 ma
330 2696 607 2767 sapientia
638 2696 806 2752 habet
844 2711 1041 2751 omnes
1071 2696 1275 2752 formas
1328 2697 1575 2752 omnium
1634 2712 1838 2752 rerum.

217 2786 433 2840 Lucent
464 2801 519 2839 in
552 2790 669 2839 arte
719 2800 932 2839 summa
973 2784 1163 2840 forma:
1211 2784 1417 2855 plures,
1453 2786 1582 2856 quia
1627 2793 1755 2840 sunt
1783 2786 1838 2840 in

214 2888 394 2951 ‘opere
429 2895 515 2934 res
574 2878 784 2950 plures,
834 2878 966 2950 quia
995 2880 1302 2935 secundum
1343 2881 1589 2936 diversas
1635 2880 1841 2937 formas

225 2971 357 3026 artis
388 2986 644 3036 summae,
677 2970 836 3026 facta:
863 2978 992 3026 sunt
1031 2972 1265 3028 diversae
1299 2990 1389 3029 res
1426 2975 1481 3027 in
1511 2989 1702 3045 opere.
1743 2975 1841 3028 Ars

222 3061 368 3115 enim
397 3076 611 3115 summa
642 3059 869 3115 videbat
905 3062 1051 3131 apud
1081 3078 1141 3116 se
1188 3062 1334 3117 intus
1364 3062 1643 3133 quomodo
1686 3077 1839 3117 crea-

220 3158 415 3205 rentur
446 3148 632 3203 omnia
664 3149 906 3203 exterius
950 3155 1004 3203 et
1040 3149 1122 3204 sic
1146 3150 1439 3205 essentiam
1497 3150 1682 3205 omnia
1713 3165 1838 3221 pro-

218 3241 464 3307 dierunt,
496 3247 556 3295 ut
603 3247 825 3296 aeterna:
858 3239 1048 3297 formae
1088 3248 1548 3298 monstraverunt.
1581 3241 1720 3297 Ecce
1758 3241 1842 3296 di-

222 3337 401 3391 cimus
436 3337 570 3391 artis
594 3352 822 3391 summa:
846 3337 1035 3407 plures
1062 3336 1285 3401 formas,
1310 3354 1432 3392 cum
1462 3353 1572 3392 non
1595 3337 1706 3392 sint
1726 3353 1837 3391 om-

224 3445 323 3484 nes
356 3430 411 3484 in
442 3444 573 3484 una.
608 3428 884 3500 Quidquid
918 3435 1001 3483 est
1032 3428 1133 3494 ibi,
1164 3445 1274 3485 non
1306 3435 1389 3483 est
1428 3428 1537 3483 nisi
1568 3445 1761 3495 unum,
1786 3438 1840 3484 et

222 3518 486 3588 idipsum,
518 3532 551 3572 ο
586 3518 691 3571 Lux
723 3533 854 3583 una,
888 3517 1023 3571 radii
1068 3516 1271 3587 plures.
1314 3518 1453 3571 Sunt
1499 3533 1670 3571 unum
1703 3516 1837 3570 radii

221 3603 277 3658 in
334 3603 460 3660 luce
513 3621 643 3669 una,
693 3615 958 3676 apparent
1015 3605 1200 3675 plures
1245 3604 1300 3658 in
1353 3604 1645 3675 multiplici
1678 3620 1840 3674 crea-

222 3699 362 3747 tura.
426 3693 634 3749 Forma:
682 3695 868 3764 plures
896 3700 1025 3748 sunt
1076 3693 1239 3748 unius
1294 3692 1448 3757 artis,
1509 3699 1562 3747 et
1592 3693 1710 3763 ipsa
1753 3709 1841 3747 ars

223 3787 307 3835 est
371 3782 680 3837 uniformis.
764 3781 1007 3853 Simplex
1080 3782 1134 3836 in
1182 3798 1264 3850 se,
1332 3782 1619 3853 multiplex
1675 3799 1840 3854 appa-

224 3878 306 3927 ret
367 3873 424 3927 in
483 3881 753 3938 creatura,
813 3874 912 3929 sed
960 3883 1015 3928 et
1068 3888 1157 3929 res
1194 3881 1390 3929 creatae
1452 3873 1655 3930 formas
1710 3889 1840 3929 suas

224 3963 506 4033 accipiunt
561 3980 592 4018 a
644 3980 859 4019 summa
909 3970 1048 4031 arte,
1103 3964 1233 4035 quia
1273 3965 1341 4018 ab
1384 3963 1607 4020 aeternis
1649 3964 1839 4020 formis

217 4048 533 4106 inferuntur
553 4052 718 4107 rebus
761 4068 892 4107 sum.
948 4051 1027 4106 Ab
1058 4052 1282 4107 azternis
1306 4052 1581 4123 prodeunt
1618 4058 1837 4123 tempo-

216 4138 379 4207 rales,
414 4156 445 4195 a
472 4140 703 4195 summis
744 4140 1057 4208 inferiores,
1099 4157 1210 4197 non
1237 4142 1309 4196 ita
1341 4143 1617 4212 prodeunt
1645 4142 1834 4197 formas

215 4246 400 4286 rerum
431 4232 500 4287 ab
532 4232 689 4301 ipsis,
719 4241 780 4288 ut
807 4234 918 4288 sint
948 4233 1106 4305 ipsae,
1137 4234 1235 4288 sed
1264 4242 1324 4289 ut
1353 4234 1831 4305 alteriusnaturte,

214 4319 347 4390 quia
376 4320 468 4374 ille
525 4320 768 4389 Creator,
799 4329 928 4378 sunt
972 4323 1093 4378 ista:
1125 4331 1409 4378 creaturae.
1445 4323 1562 4379 Non
1598 4323 1678 4378 sic
1712 4339 1834 4394 pro-

216 4407 393 4463 deunt
446 4425 478 4464 a
515 4424 732 4465 summo
788 4417 851 4465 ut
904 4426 1117 4466 summa
1170 4413 1411 4466 essentia
1464 4412 1831 4483 particulatim

215 4501 425 4557 defluat
455 4502 511 4557 in
542 4510 871 4572 creaturam,
904 4514 960 4560 et
1008 4513 1194 4576 partes
1223 4522 1335 4561 suae
1374 4507 1697 4562 substantiae
1744 4507 1835 4561 tri-

222 4588 358 4644 buat
386 4599 678 4659 creaturae,
712 4598 771 4648 ut
801 4593 907 4649 hoc
933 4594 1045 4648 sint
1081 4593 1271 4651 formae
1297 4605 1499 4651 nostra:
1532 4596 1681 4667 quod
1720 4596 1839 4668 ipsa

218 4694 439 4736 summa
482 4683 581 4737 sed
606 4698 821 4739 summa
863 4693 1036 4753 creat,
1068 4696 1129 4741 ut
1177 4687 1294 4742 suis
1349 4686 1667 4742 efficientiis
1704 4686 1839 4743 fiant

224 4768 361 4825 istae.
399 4772 599 4844 Implet
629 4772 722 4829 illa
751 4783 1055 4830 creaturam
1097 4782 1284 4839 totam,
1320 4784 1375 4831 et
1401 4791 1512 4831 non
1538 4785 1621 4831 est
1640 4782 1835 4842 totum,

226 4859 419 4933 implet
470 4867 659 4921 omnia
699 4867 898 4938 spatia,
931 4883 1042 4924 non
1094 4869 1306 4924 habens
1363 4869 1533 4924 ullum
1576 4868 1836 4939 spatium,

224 4954 409 5009 omnia
433 4957 597 5013 simul
623 4967 893 5031 tempora,
927 4961 1047 5016 sine
1076 4967 1351 5032 tempore,
1382 4968 1499 5016 tota
1516 4968 1571 5016 et
1596 4960 1759 5031 plena
1785 4967 1840 5016 et

226 5050 488 5119 perfecta,
532 5052 780 5127 singulas
819 5056 988 5110 totius
1032 5062 1298 5112 creaturae
1346 5063 1529 5128 partes
1567 5057 1689 5112 sine
1725 5056 1841 5112 suis

226 5138 494 5208 partibus,
553 5142 811 5200 similiter
861 5146 1045 5201 anima
1083 5163 1243 5203 suum
1312 5162 1533 5219 corpus,
1590 5148 1719 5219 quia
1773 5148 1841 5203 ad

1933 1966 1991 2019 et
2020 1956 2260 2019 affectio.
2301 1955 2399 2010 sed
2431 1953 2666 2010 effectus
2724 1954 2943 2009 animae.
2976 1952 3282 2009 Effunditur
3311 1960 3365 2008 et
3402 1969 3431 2006 a
3453 1968 3553 2007 suo

1932 2063 2162 2119 corpore
2189 2052 2496 2116 separatur,
2526 2043 2692 2098 trahit
2719 2050 2773 2097 et
2806 2051 2957 2098 extra
2987 2059 3173 2098 secum
3194 2043 3305 2097 vim
3336 2051 3557 2116 vegeta-

1938 2142 2102 2196 tivam
2146 2154 2311 2210 quam
2342 2136 2598 2192 habebat.
2646 2136 2760 2190 Vim
2814 2135 2980 2191 trahit
3011 2151 3199 2191 secum
3249 2140 3399 2189 extra
3438 2151 3553 2190 cor-

1939 2247 2060 2300 pus,
2089 2228 2185 2282 sed
2213 2227 2450 2281 animam
2495 2224 2697 2279 retinet
2724 2240 2910 2279 secum
2943 2239 3162 2295 corpus,
3197 2223 3335 2278 nihil
3389 2240 3551 2295 sepa-

1940 2328 2089 2375 ratur
2120 2318 2188 2373 ab
2216 2317 2401 2372 anima
2425 2332 2547 2371 cum
2572 2315 2922 2382 semine,sed
2951 2315 3133 2369 anima
3165 2323 3275 2369 tota
3307 2324 3554 2370 remanet

1940 2410 1994 2463 in
2024 2423 2276 2478 corpore,
2310 2405 2473 2460 trahit
2523 2420 2712 2458 secum
2752 2419 2944 2459 semen
2987 2401 3332 2459 affectionem
3374 2420 3551 2471 suam,

1936 2500 2034 2555 sed
2061 2499 2259 2554 retinet
2288 2512 2487 2567 corpus
2519 2502 2682 2549 totam
2711 2509 2863 2563 suam
2893 2493 3132 2547 animam
3160 2511 3173 2558 ;
3216 2493 3285 2547 de
3313 2494 3551 2565 simplici

1942 2596 2137 2643 natura
2165 2586 2301 2641 nihil
2335 2591 2515 2655 potest
2545 2598 2820 2638 emanare.
2857 2583 2971 2637 Non
3004 2598 3137 2655 ergo
3181 2589 3362 2653 potest
3399 2584 3467 2637 de
3493 2600 3552 2638 se

1942 2678 2127 2731 anima
2166 2675 2409 2729 animam
2454 2687 2761 2743 procreare,
2798 2686 2903 2726 nec
2947 2686 3239 2742 possumus
3303 2671 3551 2727 invenire

1940 2768 2246 2834 traducem,
2278 2782 2384 2837 qua
2416 2763 2535 2819 fieri
2568 2764 2795 2819 dicebas
2823 2763 3084 2818 animam.

2084 2886 2191 2941 Cur
2228 2886 2577 2952 apponuntur
2610 2881 2985 2950 philosophica
3021 2882 3080 2933 in
3110 2880 3204 2934 hoc
3234 2872 3403 2949 opere.

2013 2974 2429 3045 PhilosOphicas
2467 2972 2941 3028 considerationes
2969 2972 3114 3043 quod
3145 2972 3447 3041 posuimus,
3478 2987 3548 3025 ne

1941 3081 2159 3137 precor,
2193 3070 2427 3139 arguant
2457 3062 2646 3117 fratres
2672 3062 2829 3134 quasi
2870 3062 3196 3117 catholicam
3236 3060 3398 3115 ﬁdem
3429 3078 3550 3115 mu-

1869 3193 1919 3261 C
1943 3156 2058 3209 nire
2089 3154 2359 3210 voluerim
2391 3168 2489 3224 per
2523 3152 2961 3224 philosophicam
2991 3152 3279 3207 rationem.
3306 3151 3422 3206 Non
3445 3150 3550 3205 feci

1941 3257 2001 3303 ut
2038 3246 2336 3313 munirem,
2367 3246 2463 3301 sed
2496 3253 2557 3301 ut
2599 3246 2879 3300 docerem.
2932 3244 3065 3307 Quis
3107 3249 3286 3315 potest
3332 3244 3549 3298 munire

1941 3336 2271 3393 veritatem?
2302 3352 2413 3392 non
2442 3343 2623 3407 potest
2651 3335 2853 3390 veritas
2885 3334 3075 3393 fortior
3107 3334 3248 3399 fieri,
3279 3334 3407 3405 quia
3441 3350 3551 3389 non

1940 3437 2122 3498 potest
2148 3428 2372 3483 muniri.
2413 3427 2520 3481 Sed
2560 3426 2762 3481 veritas
2813 3425 3122 3496 ponderosa
3151 3431 3235 3478 est
3265 3432 3319 3479 et
3349 3425 3550 3497 gravis,

1940 3532 2044 3571 nec
2088 3516 2300 3570 levibus
2329 3514 2589 3569 sensibus
2636 3521 2720 3568 est
2751 3514 2907 3577 levis,
2958 3530 3061 3568 nec
3090 3528 3209 3567 eam
3248 3513 3357 3568 cito
3404 3514 3555 3567 rudis

1941 3608 2108 3678 capit,
2158 3622 2321 3677 quam
2349 3606 2436 3659 vix
2486 3604 2734 3659 eruditus
2766 3604 2999 3658 invenit.
3033 3604 3170 3658 Ideo
3200 3611 3330 3658 sunt
3375 3604 3552 3658 unde-

1941 3713 2163 3769 quaque
2207 3696 2450 3750 rationes
2504 3693 2843 3764 quaerendae,
2890 3699 2950 3747 ut
2995 3692 3276 3764 aperiatur
3337 3694 3554 3749 occulta

1940 3802 2052 3843 non
2092 3794 2152 3842 ut
2190 3785 2468 3840 muniatur
2531 3783 2861 3849 fortissima;
2918 3789 2977 3837 ut
3032 3783 3324 3855 detegatur
3373 3781 3556 3837 clausa

1940 3879 2237 3951 mysteriis,
2287 3892 2399 3932 non
2430 3885 2490 3931 ut
2530 3876 2821 3931 roboretur
2878 3873 3256 3929 immutabilis.
3310 3874 3554 3944 Ideoque

1939 3967 2328 4042 philosophica
2356 3966 2607 4038 quaedam
2638 3963 3016 4032 adhibuimus,
3045 3963 3177 4034 quia
3199 3963 3453 4018 novimus
3483 3963 3553 4017 de

1940 4060 2090 4115 clero
2117 4057 2447 4123 Catholicos,
2475 4054 2800 4110 liberalibus
2825 4053 3072 4109 eruditos
3100 4052 3334 4121 artibus,
3360 4051 3555 4107 videre

1935 4148 2122 4204 clausa
2148 4146 2314 4203 citius
2334 4161 2435 4216 per
2464 4160 2529 4200 ea
2551 4159 2672 4216 quae
2714 4149 3005 4199 noverunt.

2079 4281 2186 4337 Cur
2207 4281 2595 4350 propagatores
2631 4278 2941 4330 animarum
2968 4277 3280 4329 inseruntur
3305 4273 3410 4327 hic.

2009 4370 2405 4442 Propagatores
2460 4368 2767 4422 animarum
2802 4366 2929 4422 ideo
2959 4365 3199 4420 libenter
3224 4362 3459 4436 apposui
3498 4370 3558 4418 ut

1862 4462 2187 4536 [)undique
2212 4461 2342 4517 visis
2380 4460 2658 4527 omnibus,
2700 4458 2914 4513 facilius
2950 4466 3204 4514 occurrat
3253 4458 3402 4528 quod
3452 4455 3557 4510 eli-

1936 4562 2116 4630 gatur,
2145 4564 2201 4609 et
2245 4553 2392 4608 inter
2417 4551 2670 4623 apposita
2728 4550 2921 4617 multa,
2962 4550 3138 4604 libere
3178 4548 3427 4604 veritatis
3456 4564 3557 4602 au-

1935 4645 2068 4702 ctori
2079 4652 2159 4700 tas
2174 4643 2414 4699 emineat
2433 4649 2489 4700 et
2515 4642 2760 4714 ipsorum
2786 4640 3162 4712 appositorum
3182 4637 3556 4694 consideratio

1935 4730 2078 4786 lenis
2107 4737 2390 4803 appareat.

1937 4863 2183 4934 Emplicit
2238 4865 2524 4917 Tractatus
2579 4860 3020 4934 reverendissimi
3066 4861 3273 4916 domini
3332 4857 3551 4924 Odonis,

2010 4932 2235 4989 canobii
2275 4934 2462 4990 Sancti
2513 4934 2746 4988 Martini
2775 4932 2926 5003 apud
2981 4936 3335 4989 Tornacenscs
3384 4944 3555 5003 qu_on-

2009 5006 2135 5060 dam
2162 5006 2375 5060 abbatis
2406 5021 2441 5059 a
2486 5000 2828 5074 reparationé
2880 5005 3068 5073 primi,
3098 5020 3162 5059 ac
3209 5000 3552 5072 postmodum

2011 5078 2260 5132 Ecclesiae
2291 5077 2686 5132 Cameracensis
2734 5077 2974 5145 episcopi
3015 5081 3087 5132 De
3112 5078 3327 5147 peccato
3370 5074 3551 5138 origi-

2012 5150 2208 5215 ginati.
