3938 6206
417 318 556 373 1103

1649 322 1684 373 Β
1746 320 1981 375 ODONIS
2019 321 2259 376 CAMER.
2305 323 2504 380 EPISC.

3609 327 3756 384 1104

707 633 1764 762 DISPUTATIO
1874 636 2575 764 CONTRA
2671 643 3445 788 JUDPEUM

1746 841 2047 902 LEONEM

2109 843 2400 904 NOMINE

1112 992 1262 1076 DE
1321 993 1887 1080 ADVENTU
1954 994 2428 1084 CHRISTI
2493 997 2775 1085 FILII
2851 1000 3044 1088 DEI

1084 1388 1361 1454 Prologus.

491 1492 624 1554 Ono,
681 1490 1089 1545 Cameracensis
1135 1494 1433 1564 episcopus
1467 1538 1480 1557 ,
1540 1497 1777 1562 Acaano,
1833 1498 2031 1553 Phide-

421 1582 594 1635 mensi
631 1583 921 1636 monacho.

491 1673 622 1726 llum
679 1674 730 1726 in
764 1674 1115 1728 Phidemensi
1163 1677 1425 1745 capitulo,
1482 1678 1804 1734 imminente
1855 1682 2025 1736 Natali

421 1765 725 1825 [)ominico.
759 1765 1024 1819 rationem
1068 1767 1461 1823 incarnationis
1492 1770 1692 1824 divina:
1725 1772 2024 1836 dedissem,

423 1857 644 1926 placuit,
695 1865 753 1911 ut
782 1857 1029 1921 dicebas,
1079 1859 1318 1925 auditus,
1364 1862 1460 1914 sed
1513 1864 1780 1918 memoria
1807 1865 2031 1919 retineri

423 1944 687 2014 nequibat
721 1945 1050 2003 intellectus.
1103 1963 1227 1999 nam
1278 1964 1399 2018 qua:
1449 1950 1698 2021 diligenti
1741 1952 2033 2008 collatione

425 2043 770 2106 permanent,
817 2035 1218 2091 abundantiore
1250 2039 1525 2095 infusione
1562 2043 1844 2098 decidunt.
1879 2045 2033 2100 [deo-

422 2142 527 2197 que
583 2127 815 2199 rogabas
873 2134 932 2181 ut
972 2128 1312 2194 memoriam,
1362 2147 1524 2201 quam
1568 2133 1852 2188 inundatio
1909 2152 2038 2190 sen-

423 2217 714 2270 tentiarum
758 2214 1083 2283 suﬁocabat,
1132 2235 1258 2273 vere
1290 2221 1588 2288 praetenuis
1633 2223 1806 2277 series
1837 2223 2038 2278 forma-

423 2311 504 2358 ret
534 2305 744 2378 digesta
777 2305 916 2375 stylo
945 2314 1220 2361 manente.
1253 2309 1610 2380 Tandemque
1641 2312 1748 2365 tuis
1780 2313 2037 2383 precibus

420 2396 596 2449 victus
639 2396 904 2466 proposui
945 2396 1123 2452 facere
1155 2400 1302 2469 quod
1335 2401 1587 2472 rogabas,
1643 2403 1740 2456 sed
1771 2419 1893 2457 cum
1937 2404 2024 2457 Pi-

421 2491 606 2539 ctavos
638 2484 771 2538 irem
835 2485 902 2538 ad
959 2486 1276 2551 consilium,
1310 2490 1438 2559 quia
1497 2490 1587 2544 die
1642 2508 1803 2562 quam
1855 2493 2029 2547 Silva-

423 2580 599 2633 neetis
640 2579 816 2649 ipsum
843 2580 1124 2650 negotium
1146 2591 1536 2654 congruenter,
1572 2586 1866 2651 adjuvante
1898 2587 2029 2653 Deo,

2053 1397 2249 1463 Asum
2299 1405 2381 1452 est
2418 1407 2700 1467 peccatum
2755 1409 2905 1454 tuum
2965 1403 3041 1472 (II
3076 1404 3182 1470 Reg
3235 1409 3347 1467 xu).
3397 1406 3449 1459 Si
3509 1423 3650 1482 ergo
3692 1410 3746 1464 in

2135 1487 2254 1554 lege
2284 1487 2402 1542 sine
2445 1488 2653 1544 Christo
2696 1497 2882 1545 vestro
2919 1492 3171 1547 remissio
3225 1501 3310 1548 est
3361 1504 3748 1566 peccatorum,

2131 1580 2487 1648 consequitur
2524 1590 2579 1635 et
2631 1582 2913 1638 beatitudo
2943 1593 3167 1640 aeterna.
3230 1588 3379 1643 Beati
3408 1589 3560 1644 enim
3612 1608 3748 1661 quo-

2129 1685 2250 1724 rum
2278 1674 2513 1725 remissce
2549 1679 2675 1726 sunt
2712 1676 3056 1744 iniquitates,
3088 1682 3138 1731 et
3190 1695 3417 1748 quorum
3449 1686 3589 1736 tecta
3618 1692 3752 1739 sunt

2131 1769 2349 1831 peccata
2381 1766 2548 1832 (Psal.
2586 1767 2750 1835 xxxi).
2788 1768 2925 1832 Quid
2953 1785 3085 1842 ergo
3110 1769 3238 1826 facit
3260 1771 3506 1828 Christus
3525 1778 3752 1831 vester?

2206 1852 2341 1908 Ono.
2376 1855 2489 1909 Non
2519 1856 2651 1910 satis
2689 1857 2927 1912 attendis
2959 1860 3343 1916 rectitudinem
3372 1864 3623 1932 justitiae.
3655 1867 3749 1920 Cui

2135 1941 2282 1995 enim
2331 1943 2626 1998 dimittitur
2663 1955 2970 2016 peccatum,
3013 1964 3124 2004 non
3155 1951 3342 2005 statim
3391 1963 3754 2022 promovetur

2134 2030 2201 2086 ad
2237 2033 2488 2106 gloriam.
2523 2034 2733 2090 Peccati
2767 2036 3020 2092 remissio
3062 2053 3253 2108 poenas
3284 2038 3482 2107 aufert,
3513 2044 3750 2115 gloriam

2139 2135 2246 2174 non
2280 2120 2529 2185 confert;
2559 2123 2645 2176 cui
2677 2139 2837 2194 poena
2869 2124 3233 2193 subtrahitur,
3268 2143 3378 2182 non
3415 2130 3603 2183 statim
3633 2131 3753 2202 glo-

2137 2209 2215 2262 ria
2244 2207 2422 2262 datur.
2458 2211 2576 2264 Non
2617 2212 2799 2266 statim
2858 2213 3031 2285 gratia
3061 2214 3374 2284 decoratur,
3415 2219 3503 2273 cui
3547 2219 3630 2274 ira
3667 2223 3754 2276 di-

2136 2302 2398 2365 mittitur;
2432 2317 2557 2355 nam
2585 2308 2638 2355 et
2673 2301 2863 2370 David,
2905 2303 3127 2373 quando
3156 2303 3269 2361 filio
3301 2307 3510 2362 dimisit
3529 2317 3750 2366 reatum

2134 2393 2419 2448 fratricidii
2453 2394 2695 2449 nondum
2728 2411 2921 2464 passus
2951 2405 3034 2451 est
3080 2412 3204 2451 eum
3235 2397 3345 2452 sibi
3397 2405 3747 2470 praesentari,

2129 2498 2234 2535 nec
2260 2482 2414 2536 dedit
2440 2482 2691 2554 gratiam,
2733 2483 2821 2538 cui
2854 2485 3136 2541 dimiserat
3170 2487 3305 2543 iram
3347 2492 3423 2556 (II
3449 2493 3576 2560 Reg.
3610 2497 3746 2549 xxv).

2131 2573 2490 2646 Singulariter
2536 2575 2701 2630 homo
2726 2574 2950 2646 quidem
2983 2577 3250 2647 peccavit,
3283 2580 3385 2634 sed
3423 2583 3750 2651 poenitenti,

419 2674 607 2722 contra
635 2667 882 2721 Judaeum
914 2668 1206 2738 quemdam
1259 2669 1466 2724 fueram
1499 2681 1806 2736 exsecutus,
1853 2675 2031 2729 visum

2145 2668 2192 2715 et
2227 2677 2414 2716 rursus
2443 2662 2750 2721 obedienti.
2785 2663 2950 2717 etiam
2994 2665 3139 2720 bene
3174 2668 3438 2724 servienti
3479 2687 3646 2742 pcena
3694 2675 3751 2728 in

422 2763 504 2810 est
531 2757 663 2809 mihi
705 2772 1008 2827 congruum
1039 2758 1177 2813 hanc
1208 2760 1570 2830 quaestionem
1613 2763 1836 2833 exsequi
1883 2780 2034 2819 more

424 2847 650 2921 dialogi,
714 2857 772 2903 ut
828 2850 1050 2904 Judaeus
1104 2851 1356 2921 quaesivit
1408 2859 1461 2907 et
1515 2869 1618 2925 ego
1658 2857 1946 2925 respondi;
1983 2865 2037 2911 et

425 2939 556 3009 quia
594 2939 818 2994 Judams
874 2941 999 3008 Leo,
1039 2950 1094 2996 et
1134 2959 1238 3016 ego
1289 2944 1444 2999 dicor
1499 2944 1633 3012 Odo,
1691 2962 1790 3016 per
1835 2949 2038 3017 primas

427 3033 634 3087 litteras
666 3035 948 3088 nominum
984 3036 1265 3092 distinctio
1316 3037 1408 3093 fiat
1466 3055 1845 3109 personarum.
1889 3041 2040 3097 Nunc

424 3131 605 3178 autem
636 3125 832 3179 invoco
881 3125 1144 3194 Spiritum
1173 3135 1424 3182 sanctum
1451 3138 1528 3193 ut,
1559 3131 1704 3200 quod
1732 3131 2035 3186 deditmihi

424 3213 490 3266 ad
532 3213 971 3267 convincendum
1003 3215 1277 3281 Judaeum,
1324 3217 1517 3272 reddat
1555 3220 1623 3272 ad
1655 3220 2038 3274 instruendum

426 3299 644 3354 fidelem
665 3304 1014 3356 monachum.
1034 3305 1220 3375 Itaque
1233 3322 1356 3360 cum
1374 3317 1497 3377 post
1510 3309 1876 3365 meridianum
1889 3327 2038 3366 som—

425 3412 554 3449 num
588 3396 828 3451 venisset
855 3398 1078 3452 Judaaus
1116 3400 1260 3455 circa
1289 3402 1478 3456 horam
1523 3421 1726 3460 nonam
1752 3406 1819 3459 ad
1854 3407 2038 3477 hospi-

426 3485 561 3540 tium
586 3494 852 3556 nostrum,
888 3490 1307 3546 considentibus
1337 3494 1498 3549 nobis
1521 3495 1593 3550 ita
1623 3496 1809 3552 dicere
1837 3498 2032 3568 coepit:

427 3626 579 3690 Quod
621 3629 862 3682 remissio
886 3635 1220 3697 peccatorum
1263 3648 1369 3687 non
1399 3637 1638 3703 sufﬁciat
1684 3637 1758 3691 ad
1781 3637 2030 3704 gloriam.

499 3737 626 3793 Leo.
685 3739 802 3806 Die,
849 3755 881 3794 ο
944 3742 1224 3814 episcOpe,
1281 3746 1551 3802 adventus
1617 3748 1814 3804 Christi
1870 3750 2035 3805 vestri

424 3830 555 3900 quid
585 3831 838 3886 utilitatis
866 3835 1102 3890 contulit
1146 3838 1394 3893 mundo?
1451 3840 1582 3895 Ono.
1615 3842 1732 3908 Dic,
1763 3858 1796 3897 o
1825 3843 2037 3910 Iudaee,

427 3921 557 3991 quid
589 3922 840 3978 utilitatis
867 3925 1050 3979 credis
1101 3926 1294 3984 afferre
1331 3938 1572 3985 vestrum
1615 3949 1780 4003 quem
1815 3934 2040 3989 creditis

425 4012 606 4066 adhuc
635 4020 923 4069 venturum
960 4016 1233 4075 Messiant.

499 4100 623 4156 Leo.
675 4103 828 4165 Quod
869 4104 925 4157 in
977 4107 1258 4176 pr0phetis
1313 4108 1568 4182 legimus,
1607 4111 1821 4167 scilicet
1855 4114 2042 4169 omnia

430 4209 599 4266 regna
631 4193 686 4246 in
711 4194 803 4249 illo
832 4195 992 4250 nobis
1017 4198 1444 4266 subdenda,nos
1465 4202 1566 4256 sub
1595 4202 1686 4257 illo
1718 4212 2037 4275 perpetuam

431 4299 618 4354 pacem
673 4283 957 4339 habituros
1017 4294 1071 4341 et
1121 4288 1190 4341 de
1232 4289 1490 4344 omnibus
1541 4292 1726 4366 regnis
1779 4309 1881 4348 nos
1920 4310 2043 4349 cum

429 4375 603 4447 gloria
638 4375 691 4428 in
731 4374 1068 4430 Hierusalem
1102 4381 1545 4454 congregandos,
1597 4390 1652 4437 et
1711 4383 2044 4440 Hierusalem

430 4465 772 4519 dominatum
805 4466 1051 4520 omnium
1121 4484 1411 4540 regnorum
1473 4471 1802 4539 habituram,
1850 4481 1904 4528 et
1937 4491 2047 4529 cas-

432 4567 549 4612 tera
576 4575 698 4630 qum
732 4561 1016 4630 prepbeta:
1053 4562 1284 4618 feliciter
1312 4574 1659 4622 enumerant.
1703 4567 1830 4632 Quae
1861 4569 2046 4624 omnia

434 4652 488 4704 in
521 4650 794 4705 Christum
849 4660 1086 4708 vestrum
1143 4671 1249 4710 non
1286 4657 1538 4712 videmus
1579 4659 1826 4730 impleta,
1882 4662 2047 4718 mira-

431 4759 556 4797 mur
584 4742 716 4814 quid
757 4745 825 4798 ab
859 4744 950 4800 illo
981 4748 1356 4817 exspectatis?

504 4833 639 4887 Ono.
684 4834 790 4889 Nos
835 4850 933 4904 per
964 4834 1231 4890 Christum
1287 4853 1516 4911 regnum
1547 4839 1810 4894 caelorum
1851 4855 2045 4912 exspe-

434 4930 667 4988 ctamus,
695 4933 749 4980 et
781 4924 1094 4981 felicitatem
1129 4943 1292 4999 quam
1340 4943 1438 4983 vos
1467 4936 1762 4998 terrenam,
1818 4947 1919 4986 nos
1949 4947 2048 5002 per

433 5018 706 5074 Christum
774 5035 1058 5088 speramus
1095 5023 1397 5077 caelestem.
1455 5022 1581 5078 Lao.
1639 5023 1827 5080 Errare
1890 5025 2043 5081 vide-

434 5110 601 5173 mini;
635 5127 735 5165 nos
784 5111 929 5165 enim
966 5119 1020 5166 et
1079 5128 1176 5182 per
1213 5113 1466 5168 Messiam
1507 5130 1570 5169 ex
1603 5122 1736 5171 tunc
1773 5124 2046 5187 tempora-

435 5201 540 5255 lem
566 5201 900 5268 felicitatem,
934 5212 1007 5271 et,
1041 5222 1140 5277 per
1179 5207 1318 5279 legis
1357 5207 1788 5274 observantiam,
1821 5209 2046 5264 cceleste

437 5300 559 5360 post
595 5291 736 5347 hanc
760 5294 925 5348 vitam
975 5311 1202 5369 regnum
1238 5313 1543 5367 speramus.
1575 5297 1922 5370 Temporalia
1945 5315 2048 5357 no-

438 5384 522 5440 bis
588 5384 734 5440 bona
780 5389 1107 5458 promittunt
1157 5393 1458 5462 propheta:
1537 5393 1760 5448 caeleste
1812 5410 2042 5468 regnum

435 5483 817 5546 exspectamus
845 5496 907 5532 ex
942 5481 1098 5556 lege;
1140 5483 1302 5537 docet
1327 5483 1476 5537 enim
1509 5485 1596 5539 lex
1627 5501 1727 5555 pro
1755 5501 1866 5541 uno
1903 5501 2045 5558 quo-

437 5583 544 5636 que
574 5575 797 5635 peccato
855 5571 1017 5639 quale
1072 5572 1165 5627 fiat
1197 5573 1548 5638 sacrificium,
1606 5582 1661 5630 et
1716 5577 1797 5632 sic
1840 5577 2044 5632 dimitti

438 5663 742 5724 peccatum.
793 5659 922 5730 Regi
954 5660 1114 5713 etiam
1153 5663 1342 5729 David,
1374 5665 1629 5720 adulterii
1671 5675 1725 5722 et
1757 5668 2041 5723 homicidii

440 5747 722 5807 peccatum
773 5744 1047 5806 confesso,
1079 5747 1212 5799 dixit
1243 5751 1510 5816 propheta
1547 5753 1791 5808 Nathan:
1847 5756 2044 5809 Dimis-

2139 2752 2258 2826 lege
2306 2754 2619 2820 dimittitur,
2660 2755 2756 2810 sed
2803 2757 3047 2813 nondum
3097 2758 3328 2832 gloriam
3385 2771 3633 2818 meretur
3680 2768 3751 2820 ad

2138 2857 2301 2911 quam
2331 2843 2437 2896 nisi
2471 2859 2569 2912 per
2599 2846 3167 2915 recompensationem
3214 2851 3428 2919 peccati
3455 2852 3604 2920 juste
3632 2870 3750 2910 non

2139 2932 2472 3000 pervenitur.
2503 2933 2770 3002 Injustum
2798 2942 2879 2990 est
2924 2937 3070 2991 enim
3100 2939 3362 2995 ordinare
3399 2953 3751 3012 peccatorem

2139 3039 2261 3078 cum
2319 3025 2403 3078 his
2449 3026 2542 3096 qui
2593 3042 2700 3082 non
2756 3038 3144 3098 peccaverunt,
3203 3032 3323 3088 sine
3372 3034 3753 3093 satisfactione

2143 3115 2450 3184 peccati.ln
2485 3117 2605 3190 lege
2635 3132 2766 3189 ergo
2782 3117 3015 3174 dabatur
3036 3121 3245 3175 homini
3276 3123 3525 3180 remissio
3557 3141 3754 3196 pecca~

2141 3208 2337 3257 torum.
2355 3202 2462 3257 Sed
2478 3204 2609 3274 quia
2638 3204 2694 3258 in
2710 3205 2833 3277 lege
2845 3207 3038 3278 nequit
3059 3208 3224 3265 homo
3240 3226 3339 3280 pro
3349 3220 3581 3281 peccato
3595 3214 3754 3269 satis-

2141 3293 2342 3359 facere,
2380 3311 2488 3349 non
2523 3304 2701 3365 potest
2723 3313 2821 3368 per
2848 3299 3026 3372 legem
3056 3301 3123 3355 ad
3164 3302 3393 3374 gloriam
3433 3309 3751 3374 pervenire,

2138 3385 2375 3456 ideoque
2406 3389 2752 3444 necessarius
2773 3400 2855 3446 est
2879 3393 3088 3448 mundo
3112 3392 3519 3468 Christus,quia
3547 3399 3603 3452 in
3627 3400 3752 3469 ipso

2136 3489 2233 3543 pro
2257 3483 2482 3544 peccato
2501 3477 2889 3546 satisfacimus,
2912 3487 2972 3536 ut
2992 3481 3061 3535 ad
3087 3483 3320 3556 gloriam
3333 3487 3748 3555 perveniamus.

2135 3597 2286 3662 Quod
2311 3601 2628 3655 exercitium
2659 3601 2918 3657 bonorum
2931 3619 3153 3673 operum
3181 3621 3288 3661 non
3317 3608 3523 3676 sufﬁcit
3556 3610 3632 3664 ad
3656 3611 3754 3665 de-

2670 3693 2887 3748 lendum
2923 3700 3218 3764 peccatum.

2211 3797 2336 3853 Leo.
2372 3798 2542 3854 Homo
2570 3800 2794 3871 quidem
2822 3803 3102 3873 quomodo
3127 3804 3179 3858 in
3205 3803 3414 3859 Christo
3437 3815 3622 3862 vestro
3644 3825 3748 3878 pro

2141 3897 2365 3957 peccato
2397 3887 2695 3944 satisfaciat
2731 3891 2948 3956 nescio;
3003 3892 3058 3946 in
3086 3893 3206 3967 lege
3249 3901 3435 3949 autem
3463 3899 3749 3966 quomodo

2142 3989 2423 4048 peccatum
2480 3982 2807 4036 emendetur
2835 3983 3018 4040 video.
3078 3984 3565 4045 Obsecrationibus
3596 3990 3746 4045 enim

2141 4085 2196 4131 et
2237 4075 2540 4143 sacriﬁciis,
2603 4079 2976 4135 oblationibus
3013 4087 3069 4136 et
3109 4082 3481 4154 eleemosynis
3532 4093 3589 4140 et
3631 4085 3753 4141 aliis

2143 4171 2411 4226 bonorum
2451 4189 2682 4244 operum
2735 4177 3011 4232 exercitiis
3055 4193 3154 4249 pro
3205 4188 3431 4250 peccato
3488 4180 3754 4236 satisfaci-

2147 4280 2267 4318 mus
2293 4265 2346 4318 in
2375 4265 2498 4340 lege
2539 4267 2668 4322 Deo.
2700 4267 2835 4323 Ono.
2865 4268 3087 4337 Servus,
3127 4286 3256 4343 erga
3296 4271 3583 4326 dominum
3617 4273 3760 4326 anti-

2149 4375 2257 4432 quo
2288 4360 2479 4416 debito
2506 4362 2800 4436 obligatus,
2832 4363 2876 4418 si
2921 4373 3117 4435 postea
3147 4367 3458 4436 peccaverit
3491 4367 3547 4420 in
3579 4367 3756 4422 domi-

2151 4471 2305 4517 num,
2339 4455 2590 4526 nunquid
2630 4455 2843 4528 antiqui
2883 4458 3055 4513 debiti
3111 4459 3422 4514 redditione
3481 4460 3758 4530 posterius

2148 4555 2430 4620 peccatum
2454 4548 2780 4622 purgabitur
2798 4548 2826 4602 ?
2857 4550 2934 4604 An
2964 4549 3163 4620 prioris
3184 4549 3356 4604 debiti
3379 4548 3584 4605 solutio
3609 4550 3756 4618 juste

2147 4637 2496 4710 reputabitur
2533 4639 2856 4708 posterioris
2885 4639 3063 4710 culpa:
3090 4639 3431 4695 satisfactio?
3463 4654 3654 4696 nonne
3670 4656 3756 4696 se-

2147 4729 2374 4800 paratim
2406 4729 2592 4803 exiget
2630 4729 2887 4785 dominus
2917 4729 3122 4798 justus,
3180 4737 3235 4784 et
3271 4729 3428 4799 prius
3481 4729 3756 4797 debitum,

2148 4828 2203 4873 et
2231 4817 2503 4888 posterius
2540 4819 2837 4874 admissum
2865 4817 2892 4872 ?
2950 4819 3078 4874 Lao.
3115 4820 3215 4875 lta.
3248 4819 3382 4874 Ono.
3429 4819 3602 4874 Homo
3629 4834 3758 4892 ergo

2149 4929 2258 4969 non
2290 4921 2506 4984 poterat
2535 4914 2833 4970 emendare
2862 4922 3149 4986 peccatum
3182 4914 3450 4970 exercitio
3480 4913 3753 4971 bonorum

2146 5019 2410 5075 operum;
2443 5020 2608 5059 omne
2653 5004 2856 5060 etenim
2908 5004 3118 5060 bonum
3171 5003 3320 5076 quod
3364 5011 3581 5076 poterat
3634 5010 3758 5058 ante

2147 5103 2430 5168 peccatum
2474 5096 2587 5152 Deo
2617 5097 2875 5166 debebat,
2921 5112 2953 5152 a
2981 5113 3091 5169 quo
3124 5107 3179 5152 et
3205 5102 3516 5167 acceperat.
3549 5095 3756 5150 Reddat

2146 5205 2279 5262 ergo
2334 5190 2499 5245 homo
2529 5205 2694 5245 omne
2733 5188 2941 5244 bonum
2997 5189 3147 5260 quod
3205 5189 3448 5258 accepit;
3478 5189 3630 5256 juste
3679 5194 3755 5240 ta-

2148 5298 2273 5337 men
2297 5281 2532 5356 exigitur
2553 5283 2620 5336 ab
2653 5298 2718 5337 eo
2750 5281 2956 5336 malum
2987 5281 3136 5353 quod
3157 5280 3306 5336 fecit.
3343 5279 3462 5336 Non
3497 5295 3630 5353 ergo
3657 5293 3753 5348 po-

2146 5379 2250 5426 test
2291 5373 2455 5428 homo
2494 5371 2597 5427 sub
2637 5372 2758 5445 lege
2790 5371 3077 5427 sanctitate
3136 5369 3246 5425 ulla
3286 5368 3566 5424 redimere
3605 5367 3750 5437 quod

2146 5460 2410 5530 peccavit.
2795 5467 2810 5475 “

2147 5571 2295 5638 Quod
2317 5571 2586 5639 patientia
2610 5571 3064 5625 incommodorum
3102 5585 3208 5625 non
3237 5571 3446 5639 sufﬁcit
3465 5569 3541 5624 ad
3577 5568 3749 5623 deten-

2719 5660 2848 5714 dum
2872 5663 3172 5731 peccatum.

2221 5750 2345 5805 Lso.
2375 5751 2428 5805 Si
2451 5751 2618 5806 homo
2649 5765 2759 5808 non
2792 5757 3004 5822 poterat
3035 5750 3308 5805 redimere
3340 5754 3625 5818 peccatum
3657 5761 3750 5816 per
