3938 6206
303 240 440 295 1105

1441 237 1829 294 DlSPUTATIO
1868 237 2123 294 CONTRA
2160 239 2465 294 JUDEUM.

3481 243 3620 297 1106

299 364 357 419 id
378 365 527 437 quod
547 373 675 421 ante
707 365 969 432 debebat,
1001 374 1141 422 esto.
1171 366 1324 421 Certe
1356 366 1572 421 labores
1609 374 1665 421 et
1694 372 1925 422 mortem
1949 371 2004 437 Α
2030 381 2195 438 egere
2234 374 2479 422 creatura
2518 367 2586 421 ad
2617 368 2949 423 abolendum
2979 369 3126 440 quod
3166 378 3355 425 contra
3376 387 3435 426 se
3467 379 3550 425 est
3581 373 3634 426 in

302 459 454 529 prius
475 459 586 529 pati
615 473 726 515 non
759 459 1033 524 debebat;
1059 460 1184 530 quis
1214 459 1360 513 enim
1383 459 1530 514 dicat
1559 474 1683 513 eum
1720 458 1926 514 debere

299 550 412 621 pati
450 550 711 621 quoniam
757 566 869 605 non
903 550 1231 606 meruerat?
1270 551 1526 624 Legimus
1565 555 1744 605 autem
1799 551 1928 621 quia

302 642 451 696 Deus
484 641 695 697 homini
726 657 920 711 poenas
949 641 1148 697 indixit
1189 657 1288 712 pro
1321 654 1567 711 peccato.
1604 641 1930 710 Quocunque

301 735 393 789 die
431 735 741 801 comederis,
785 739 954 789 morte
997 736 1246 789 morieris
1273 734 1423 801 (Gen.
1471 738 1547 796 ιι).
1593 748 1723 787 ecce
1771 747 1925 787 mor-

303 832 415 880 tem
466 827 531 880 In
558 826 756 881 sudore
781 826 962 879 vultus
992 828 1071 879 tui
1124 828 1347 879 vesceris
1371 840 1513 895 pane
1538 833 1654 892 tuo,
1704 824 1941 878 tribulos

301 923 356 972 et
391 922 582 987 spinas
634 926 776 971 terra
816 918 919 972 tibi
954 918 1278 985 germinabit
1331 918 1476 983 (Gen.
1540 919 1645 982 ιιι).
1680 931 1811 971 ecce
1848 913 1929 968 la-

309 1007 476 1062 bores
514 1014 570 1062 et
608 1006 1008 1062 tribulationes.
1065 1005 1119 1059 Si
1169 1007 1265 1059 has
1316 1020 1510 1075 poenas
1562 1004 1706 1059 Deus
1754 1004 1929 1059 homi-

305 1100 361 1153 ni
396 1098 547 1155 dedit
610 1114 707 1169 pro
764 1104 1010 1169 peccato,
1055 1104 1148 1152 aut
1207 1096 1485 1152 sufﬁciant
1535 1097 1604 1151 ad
1661 1095 1931 1167 expiatio-

311 1207 438 1246 nem
483 1190 722 1262 peccati,
766 1200 861 1245 aut
890 1206 1002 1245 non
1031 1188 1326 1245 sufﬁciant.
1380 1189 1435 1243 Si
1486 1188 1787 1253 sufﬁciunt,
1838 1204 1928 1243 se-

305 1283 496 1354 quitur
524 1290 583 1337 ut
637 1281 856 1353 expialo
891 1288 1116 1352 peccato
1168 1280 1558 1351 perveniamus
1596 1281 1662 1333 ad
1696 1279 1923 1352 gloriam

306 1372 596 1427 cmlestcm
629 1371 750 1425 sine
780 1370 990 1424 Christo
1020 1380 1234 1435 vestro;
1268 1369 1312 1423 si
1359 1384 1468 1424 non
1511 1368 1816 1436 sufﬁciunt,
1849 1368 1927 1422 di-

305 1461 517 1515 cendus
569 1465 652 1514 est
702 1460 845 1512 Deus
885 1458 1343 1513 inconvenienter
1386 1473 1577 1527 poenas
1623 1456 1927 1527 injunxisse

307 1565 432 1620 quae
460 1549 529 1603 ad
587 1547 957 1619 expiationem
1002 1546 1210 1616 peccati
1267 1561 1376 1600 non
1432 1543 1734 1599 sufﬁciunt.
1771 1544 1927 1608 Quod

305 1638 435 1709 quia
467 1636 621 1691 nefas
648 1647 732 1692 est
762 1637 831 1691 de
863 1637 973 1691 Deo
1005 1634 1494 1706 dicere,probatur
1522 1634 1669 1705 quod
1704 1634 1926 1704 sapiens

2032 466 2300 515 creatura.
2345 457 2544 511 Servus
2600 471 2923 511 conservum
2974 457 3209 512 liberare
3267 475 3374 514 non
3420 470 3632 531 potest;

2030 565 2090 612 ut
2120 569 2244 609 cum
2278 550 2477 606 ancilla
2520 550 2616 605 Dei
2648 550 2717 604 sit
2745 550 2927 605 omnis
2964 560 3230 609 creatura.
3280 554 3511 611 liberare
3545 572 3635 627 po-

2031 651 2136 701 test
2163 659 2194 697 a
2224 645 2451 712 peccato
2480 648 2809 705 creaturam,
2852 655 2972 710 qua:
3008 656 3067 694 se
3097 642 3344 697 subdidit
3388 656 3632 714 peccmo.

2031 734 2159 799 Quae
2180 731 2328 787 enim
2356 746 2417 785 se
2446 728 2694 784 subdidit
2725 738 2974 800 peccato,
3006 732 3230 785 recessit
3255 748 3286 785 a
3317 733 3454 799 Deo;
3482 750 3635 789 erea-

2032 832 2151 877 tura
2177 835 2331 894 ergo,
2361 833 2483 890 quae
2536 826 2839 873 creaturam
2872 817 3075 875 liberat
3104 835 3134 872 a
3158 827 3406 889 peccato,
3458 822 3636 876 reddit

2030 929 2150 968 eam
2182 912 2315 978 Deo,
2363 920 2415 965 et
2466 910 2684 965 beatam
2714 908 2861 965 facit.
2919 910 3025 964 Sed
3079 909 3301 965 beatum
3350 928 3472 967 esse
3521 929 3636 967 me-

2030 1002 2137 1057 lius
2174 1008 2433 1072 estquam
2463 1015 2606 1054 esse.
2639 999 3027 1054 Attribuuntur
3051 1015 3182 1074 ergo
3201 1007 3465 1055 creaturae
3488 1004 3635 1073 quod

2029 1091 2206 1161 majus
2232 1099 2335 1155 est,
2369 1096 2423 1144 et
2466 1087 2703 1143 Creatori
2743 1087 2892 1159 quod
2924 1088 3126 1154 minus,
3167 1089 3440 1159 siquidem
3482 1091 3639 1145 Crea-

2029 1191 2115 1238 tor
2143 1181 2272 1237 facit
2301 1181 2449 1252 quod
2472 1187 2554 1235 est
2584 1195 2727 1246 esse,
2761 1185 3009 1234 creatura
3051 1196 3181 1236 vero
3214 1181 3342 1236 facit
3366 1183 3513 1253 quod
3555 1194 3639 1238 est

2030 1274 2250 1329 beatum
2288 1289 2429 1327 esse.
2476 1272 2628 1336 Quod
2686 1272 2813 1343 quia
2844 1278 2927 1326 est
2982 1271 3347 1343 impossibile,
3399 1290 3504 1329 non
3539 1291 3639 1345 po-

2030 1374 2135 1420 test
2162 1372 2407 1419 creatura
2438 1369 2742 1418 creaturam
2784 1379 2815 1417 a
2847 1371 3073 1433 peccato
3123 1364 3372 1418 liberare.
3408 1366 3632 1419 Omnem

2029 1454 2175 1509 enim
2226 1440 2948 1522 creaturam'jirmjionderat
2990 1452 3275 1506 minimum
3328 1462 3634 1523 peccatum,

2030 1545 2160 1616 quia
2190 1545 2477 1599 minimum
2532 1553 2814 1614 peccatum
2869 1550 2952 1597 est
3007 1553 3194 1598 contra
3244 1545 3453 1598 Deum:
3492 1545 3635 1600 Deus

2028 1642 2209 1687 autem
2241 1633 2393 1687 omni
2450 1640 2698 1686 creatura
2738 1631 2911 1702 major
2940 1639 3040 1685 est.
3084 1631 3202 1686 Non
3262 1648 3393 1704 ergo
3426 1633 3635 1689 sufﬁcit

306 1730 472 1795 Deus,
513 1729 816 1784 secundum
850 1727 1061 1798 peccati
1101 1727 1347 1794 modum,
1397 1727 1620 1782 modum
1669 1725 1924 1798 exposuit
1946 1691 1999 1759 Β
2025 1725 2466 1780 omniscreatura
2487 1724 2556 1778 ad
2584 1723 3153 1794 recompensationem
3173 1723 3630 1795 minimipeccati.

307 1837 607 1891 poenarum.
639 1820 826 1875 Justus
881 1819 1031 1874 enim
1076 1818 1445 1888 Deusjustam
1506 1817 1700 1873 debuit
1738 1817 1920 1873 facere

305 1911 631 1978 vindictam,
660 1926 784 1982 quia
819 1925 922 1965 nec
950 1919 1179 1981 peccato
1234 1910 1416 1964 minor
1453 1916 1620 1976 esset,
1669 1925 1772 1965 nec
1800 1925 1915 1965 mo-

302 2006 435 2059 dum
469 2004 777 2059 excederet
821 2004 940 2059 Non
981 2003 1171 2058 debuit
1211 2002 1396 2056 minus
1426 2002 1628 2072 punire
1661 2008 1918 2073 peccato-

306 2112 419 2151 rem
446 2097 647 2165 justus,
682 2111 786 2150 nec
833 2095 1009 2170 magis
1049 2111 1210 2166 quam
1270 2093 1588 2148 merebatur
1617 2093 1754 2164 pius.
1810 2093 1915 2148 La-

301 2185 466 2239 bores
496 2200 626 2259 ergo
658 2184 819 2253 hujus
847 2184 995 2249 vitae,
1028 2190 1083 2237 et
1112 2182 1498 2238 tribulationes
1532 2189 1585 2237 et
1619 2181 1919 2237 novissime

307 2282 536 2328 mortem
579 2273 745 2327 homo
785 2272 831 2326 si
860 2271 1133 2342 patienter
1163 2271 1380 2337 tolerat,
1411 2286 1691 2341 peccatum
1724 2286 1919 2325 emen-

305 2360 399 2415 dat
426 2360 575 2416 bono
607 2359 915 2431 patientiae,
950 2374 1061 2431 quo
1091 2359 1244 2430 prius
1268 2374 1379 2413 non
1402 2357 1642 2413 debebat
1682 2358 1794 2429 pati
1821 2358 1914 2429 qui

216 2498 225 2505 .
302 2466 415 2506 non
448 2457 788 2522 peccaverat.
832 2450 895 2505 Et
919 2450 994 2504 ita
1031 2449 1546 2519 recompensationc
1592 2447 1725 2503 boni
1764 2448 1917 2503 dele-

302 2546 393 2594 tur
410 2545 717 2611 peccatum,
744 2538 894 2611 quia,
927 2544 1191 2609 quantum
1247 2536 1448 2590 malum
1498 2534 1675 2589 fuerat
1730 2535 1916 2606 culpa,

302 2636 512 2683 tantum
572 2628 778 2683 bonum
827 2631 1279 2697 recompensatur
1308 2624 1595 2696 patientia.
1648 2625 1750 2679 Ubi
1782 2640 1915 2700 ergo

297 2722 539 2777 solutum
580 2728 667 2775 est
706 2727 1017 2791 peccatum,
1058 2717 1191 2790 quid
1251 2716 1484 2789 impedit
1523 2717 1589 2771 ad
1631 2733 1859 2791 regnum
1887 2717 1915 2770 ?

300 2816 435 2874 Ooo.
468 2814 587 2871 Non
628 2815 745 2871 haec
769 2814 985 2869 diceres
1016 2811 1062 2868 si
1100 2812 1292 2885 quanti
1324 2811 1395 2866 sit
1419 2811 1684 2882 ponderis
1709 2827 1910 2882 peccau

303 2918 417 2965 tum
441 2908 631 2965 scires.
676 2907 739 2962 Et
772 2907 900 2962 ideo
931 2916 1215 2977 peccatum
1245 2920 1581 2976 quaeramus,
1622 2919 1784 2976 quam
1815 2903 1919 2957 mi-

2026 1818 2154 1873 Lso.
2179 1818 2235 1871 ln
2268 1832 2468 1891 magno
2498 1816 2743 1888 periculo
2772 1832 2984 1882 sumus,
3011 1816 3158 1886 quod
3180 1817 3425 1887 quotidie
3446 1835 3633 1888 pecca-

2023 1923 2166 1974 mus,
2206 1906 2252 1961 si
2286 1913 2593 1977 peccatum,
2642 1912 2701 1959 ut
2748 1904 2906 1971 dicis,
2947 1904 3111 1958 habet
3138 1911 3348 1959 tantum
3394 1908 3627 1975 pondus.

2024 1997 2130 2053 Cur
2155 1999 2293 2052 Deus
2316 1996 2528 2050 indixit
2555 1996 2759 2049 homini
2777 2009 3013 2065 pernam,
3044 2008 3163 2062 quas
3191 2008 3296 2048 non
3325 1998 3533 2064 sufﬁcit
3557 1999 3633 2053 ad

2525 2087 2806 2141 delendum
2830 2088 3119 2156 peccatum.

2090 2174 2197 2228 Sed
2253 2189 2353 2229 cur
2406 2174 2549 2229 Deus
2606 2173 2880 2245 peccatori
2924 2187 3137 2244 poenam
3193 2170 3410 2239 indixit,
3451 2175 3496 2228 si
3537 2176 3629 2231 illa

2020 2278 2183 2335 poena
2212 2279 2313 2334 pro
2342 2271 2568 2334 peccato
2591 2280 2701 2318 non
2730 2264 2978 2320 sufficit?
3016 2266 3149 2320 Ono.
3171 2260 3274 2323 Pro
3300 2267 3627 2322 remissione

2020 2361 2396 2425 peccatorum,
2429 2371 2589 2426 quam
2625 2354 2807 2409 facere
2838 2372 2947 2411 non
2982 2367 3197 2429 poterat
3227 2361 3454 2419 bonum.
3479 2361 3625 2431 quod

2018 2452 2147 2500 ante
2180 2453 2463 2516 peccatum
2496 2445 2750 2502 habebat.
2794 2448 2986 2503 Omnia
3017 2451 3165 2505 enim
3205 2452 3546 2520 hujusmodi,
3572 2451 3624 2505 id

2018 2542 2100 2590 est
2130 2534 2375 2590 omnium
2407 2535 2784 2591 molestiarum
2817 2538 3100 2607 patientia,
3126 2549 3181 2595 et
3208 2541 3405 2595 mentis
3426 2549 3480 2596 et
3505 2558 3626 2597 cor-

2018 2627 2167 2697 poris
2206 2626 2595 2696 castigationes
2644 2627 3005 2696 multimodae,
3066 2640 3121 2685 et
3167 2632 3374 2699 omnia,
3428 2634 3628 2704 quibus

2015 2718 2084 2772 ab
2115 2717 2320 2774 bonum
2350 2717 2411 2773 ﬁt
2449 2719 2788 2785 exercitatio,
2816 2720 2938 2775 sine
2970 2723 3134 2791 plena
3161 2724 3368 2793 peccati
3405 2739 3622 2779 recom-

2021 2811 2348 2883 pensatione
2377 2812 2558 2867 valere
2587 2819 2798 2867 tantum
2841 2824 3070 2884 possunt
3100 2814 3168 2869 ad
3224 2816 3463 2882 veniam,
3518 2832 3627 2872 non

2020 2912 2200 2959 autem
2226 2904 2294 2958 ad
2326 2904 2578 2979 gloriam.

302 3004 515 3058 nimum
581 3017 892 3074 possumus,
945 3008 1007 3056 ut
1059 3017 1125 3056 ex
1163 3015 1230 3055 eo
1270 3000 1558 3055 videamus
1601 2999 1657 3053 in
1703 2999 1915 3053 caeteris
1944 3010 1993 3076 ρ
2017 2997 2167 3062 Quod
2187 3012 2287 3066 pro
2334 2996 2668 3066 perﬁcienda
2694 2997 2888 3051 cialein
2911 3000 3129 3054 civitate
3154 3001 3336 3067 factus
3366 3003 3438 3055 sit
3457 3001 3626 3057 homo.

302 3092 497 3165 quanti
517 3092 590 3147 sit
615 3090 903 3162 ponderis.
935 3091 1073 3145 Ecce
1107 3098 1163 3146 tu
1188 3090 1307 3161 ipse
1337 3104 1587 3159 propone
1616 3088 1765 3160 quod
1798 3088 1911 3158 pla-

302 3193 411 3240 cet.
454 3184 579 3240 Lso.
614 3183 759 3238 Nihil
798 3182 1036 3239 occurrit
1063 3182 1245 3237 minus
1276 3198 1441 3254 quam
1494 3180 1676 3236 brevis
1705 3181 1914 3253 cogita—

300 3281 378 3335 tio
409 3295 566 3333 vana.
602 3279 739 3333 Ono.
773 3277 830 3331 Si
872 3293 1004 3351 ergo
1057 3277 1156 3332 tibi
1207 3277 1351 3332 Deus
1395 3275 1689 3348 prohibeat
1729 3291 1795 3330 ne
1836 3275 1914 3329 in-

297 3368 550 3424 tentione
592 3376 699 3422 tua;
757 3366 1107 3441 cogitationis
1152 3382 1183 3419 a
1212 3382 1271 3420 se
1301 3380 1578 3437 quoquam
1623 3364 1907 3426 deﬂectas.

297 3464 352 3513 et
373 3458 514 3512 alius
544 3457 641 3511 tibi
669 3472 798 3512 vere
827 3456 975 3512 dicat
1011 3456 1162 3527 quia,
1205 3455 1310 3509 nisi
1342 3455 1453 3511 cito
1479 3455 1586 3510 alio
1614 3465 1666 3509 te
1706 3461 1909 3521 vertas,

294 3550 477 3604 statim
511 3548 715 3621 peribis
744 3557 798 3604 et
848 3548 1059 3603 redibis
1095 3548 1151 3601 in
1218 3546 1475 3612 nihilum,
1519 3553 1752 3617 putasne
1801 3546 1911 3601 alio

294 3644 688 3716 cogitationem
714 3649 863 3698 tuam
894 3642 1139 3698 breviter
1167 3640 1488 3695 vertendam
1516 3647 1707 3695 contra
1739 3641 1909 3694 Deum

296 3749 398 3807 pro
438 3741 493 3790 te
538 3735 681 3807 ipso,
712 3750 781 3790 ne
808 3750 1023 3805 pereas,
1048 3740 1101 3788 et
1151 3731 1422 3788 tantillum
1468 3738 1753 3802 peccatum
1795 3728 1912 3784 fieri

297 3843 399 3898 pro
438 3827 823 3899 redemptione
855 3827 980 3882 tui?
1007 3826 1270 3881 Meliusve
1294 3824 1513 3896 judicas
1546 3830 1598 3878 te
1645 3838 1743 3894 pro
1776 3838 1908 3893 pec-

297 3929 421 3978 cato
475 3921 656 3976 vivere
687 3936 851 3992 quam
899 3934 997 3990 pro
1040 3917 1253 3988 justitia
1292 3915 1521 3988 perire?
1567 3914 1695 3970 Leo.
1739 3915 1915 3981 Quare

299 4025 411 4066 non
454 4008 697 4065 melius?
726 4008 862 4064 Ono.
899 4006 1036 4072 Quia
1074 4005 1427 4076 omnipotens
1457 4004 1599 4059 Deus
1629 4004 1912 4059 meliorem

299 4105 484 4170 potest
524 4104 576 4152 te
617 4105 740 4166 post
778 4105 1049 4151 servatam
1094 4094 1364 4163 justitiam
1417 4093 1707 4149 restituere
1751 4109 1913 4164 quam

297 4200 355 4244 tu
386 4204 486 4260 per
528 4195 813 4259 peccatum
837 4202 1011 4259 queas
1038 4186 1242 4243 vivere.
1286 4186 1347 4241 Et
1376 4187 1468 4258 qui
1502 4202 1602 4256 per
1630 4194 1915 4257 peccatum

294 4281 574 4336 viventem
607 4286 662 4334 te
683 4280 833 4349 juste
862 4278 1068 4334 faceret
1106 4278 1392 4346 miserum,
1440 4285 1787 4351 peremptum
1811 4294 1910 4349 pro

2088 3087 2215 3141 Leo.
2252 3086 2538 3150 Quomodo
2570 3101 2702 3160 ergo
2738 3085 3057 3141 satisfacere
3116 3095 3295 3158 potest
3325 3089 3508 3155 homo,
3545 3091 3628 3145 vel

2015 3178 2149 3249 quid
2206 3193 2628 3249 recompensare
2678 3194 2777 3248 pro
2847 3186 3092 3249 peccato,
3124 3180 3168 3233 si
3226 3188 3338 3235 tota
3378 3192 3627 3237 creatura

2015 3269 2195 3323 minor
2225 3278 2312 3322 est
2341 3285 2445 3323 nec
2482 3268 2547 3323 ad
2580 3268 2879 3323 delendum
2925 3277 3206 3339 peceatum
3238 3270 3492 3328 sufﬁcere
3521 3289 3624 3344 po-

2015 3358 2163 3412 test?
2212 3357 2345 3412 Ooo.
2407 3357 2566 3412 Nullo
2598 3358 2762 3413 modo
2793 3374 2891 3427 per
2942 3373 3025 3411 se.
3077 3359 3203 3415 Leo.
3241 3361 3318 3414 Ad
3360 3362 3464 3416 hoc
3495 3377 3627 3435 ergo

2012 3449 2292 3504 contentio
2326 3449 2551 3503 rationis
2590 3457 2793 3504 nostrae
2846 3452 2995 3505 venit
3048 3460 3125 3518 ut,
3158 3454 3202 3507 si
3264 3454 3428 3508 homo
3489 3455 3619 3509 vitat

2013 3554 2204 3609 poenas
2234 3555 2333 3609 per
2382 3548 2730 3609 peccatorum
2766 3540 2982 3594 veniam
3032 3558 3135 3597 nec
3172 3550 3354 3599 tamen
3380 3546 3628 3615 pervenit

2017 3627 2086 3681 ad
2116 3626 2370 3700 gloriam,
2410 3627 2613 3682 habeat
2642 3634 2839 3682 statum
2871 3630 3111 3684 medium
3135 3648 3245 3702 quo
3276 3633 3331 3686 in
3361 3642 3627 3688 aeternum

2016 3719 2289 3790 quiescat,
2321 3727 2382 3774 ut
2421 3719 2600 3793 angeli
2629 3720 2723 3790 qui
2775 3735 2884 3774 non
2926 3733 3293 3791 peccaverunt
3342 3724 3397 3777 in
3453 3726 3627 3799 gloria

2016 3819 2393 3882 permaneant,
2446 3811 2611 3867 homo
2662 3828 2792 3867 vero
2844 3814 2956 3884 quio
2988 3815 3196 3883 peccati
3246 3816 3624 3872 remissionem

2017 3906 2230 3975 accepit
2277 3904 2362 3959 sui
2395 3905 2543 3960 modi
2577 3904 2821 3976 quietem
2862 3906 3146 3970 obtineat;
3189 3908 3282 3978 qui
3337 3924 3470 3965 vero
3503 3909 3625 3968 sine

2018 3994 2343 4049 remissione
2377 4002 2480 4060 est,
2532 4009 2724 4064 poenas
2777 4002 3073 4065 perpetuas
3132 3995 3390 4050 incurrat.
3447 3998 3510 4052 Et
3557 4001 3623 4054 ad

2020 4088 2123 4143 hoc
2181 4086 2555 4157 processimus
2596 4086 2741 4157 quod
2789 4087 2996 4141 mundo
3046 4085 3289 4142 Christus
3340 4095 3521 4143 vester
3568 4091 3623 4145 in

2019 4177 2171 4233 nullo
2201 4188 2285 4232 est
2314 4178 2694 4243 necessarius;
2753 4194 2878 4233 nam
2916 4186 3089 4234 status
3120 4180 3210 4234 ille
3249 4180 3451 4251 quietis
3503 4183 3623 4239 sine

2013 4270 2225 4328 Christo
2265 4286 2363 4341 per
2391 4270 2569 4343 legem
2614 4271 2865 4337 habetur,
2900 4271 2952 4325 iu
2984 4287 3092 4343 qua
3121 4272 3378 4329 remissio
3427 4290 3625 4345 pecca-

287 4368 507 4442 justitia
526 4368 673 4439 juste
703 4368 1021 4423 restitueret
1047 4367 1291 4422 beatum.
1325 4367 1717 4438 Praeponderat
1746 4366 1912 4438 igitur
1934 4377 1987 4444 ι)
2012 4375 2193 4423 torum
2226 4365 2441 4441 legitur.
2475 4367 2539 4421 Et
2589 4367 2682 4439 qui
2713 4368 3048 4439 preposuisti
3094 4369 3293 4424 Christi
3342 4371 3420 4425 tui
3450 4370 3623 4427 virtu-

295 4468 349 4516 te
378 4464 663 4530 peccatum
709 4459 858 4531 quod
900 4459 1233 4530 preposuisti
1267 4460 1415 4531 quod
1456 4458 1768 4515 faciendum
1802 4474 1911 4515 non

296 4549 422 4616 fuit,
455 4549 616 4603 etiam
651 4564 750 4620 pro
794 4547 1177 4619 redemptione
1218 4548 1320 4603 tui.
1360 4547 1485 4604 Leo.
1533 4547 1716 4603 Placet
1764 4549 1911 4620 quod

297 4638 459 4704 dicis,
484 4653 595 4693 non
628 4638 776 4693 enim
808 4635 1314 4692 animadvertebam
1333 4637 1471 4692 tanti
1495 4636 1762 4707 ponderis
1787 4653 1912 4693 esse

297 4726 579 4799 parvulam
606 4725 847 4798 culpam.
878 4724 1015 4781 Ono.
1049 4724 1157 4780 Sed
1190 4724 1300 4790 dic,
1326 4724 1373 4779 si
1402 4725 1639 4780 deberes
1678 4740 1778 4796 pro
1809 4742 1909 4781 an-

296 4822 423 4899 gelo
458 4823 609 4894 quod
652 4838 762 4879 non
812 4821 984 4877 debes
1034 4836 1135 4893 pro
1174 4820 1373 4892 teipso.
1422 4819 1551 4877 Leo.
1594 4821 1907 4877 Secundum

297 4914 567 4970 rationem
596 4931 760 4986 quam
813 4915 882 4969 de
923 4930 1011 4968 me
1056 4912 1266 4982 dixisti,
1292 4928 1472 4985 neque
1503 4928 1604 4985 pro
1636 4929 1767 4979 uno,
1801 4930 1907 4969 ne-

297 5025 405 5083 que
434 5024 531 5080 pro
554 5009 833 5076 omnibus,
853 5025 1034 5081 neque
1060 5024 1160 5080 pro
1183 5016 1295 5065 tota
1314 5016 1566 5064 creatura
1595 5008 1908 5065 faciendum

298 5108 402 5166 est,
443 5101 530 5156 vel
560 5102 847 5156 minimum
880 5101 1104 5174 aliquod
1144 5108 1335 5157 contra
1364 5102 1532 5156 Deum
1559 5119 1572 5165 ;
1616 5112 1813 5173 potens
1833 5110 1915 5158 est

298 5194 455 5248 enim
487 5194 843 5266 omnipotens
890 5195 1029 5249 Deus
1059 5194 1115 5247 in
1171 5193 1369 5249 melius
1413 5194 1707 5249 restituere
1764 5194 1911 5265 quod

300 5299 400 5356 pro
450 5283 663 5355 justitia
712 5284 890 5356 potuit
942 5283 1145 5355 perire,
1201 5294 1255 5339 et
1293 5280 1494 5355 q‘uibus
1549 5285 1670 5339 sine
1717 5286 1913 5340 merito

298 5375 730 5431 misericorditer
767 5376 920 5431 dedit
945 5383 1005 5430 ut
1033 5383 1240 5443 essent,
1271 5376 1357 5429 his
1380 5376 1527 5444 juste
1557 5392 1681 5431 cum
1713 5377 1911 5433 merito

297 5466 457 5519 daret
478 5470 536 5518 ut
575 5462 772 5519 melius
791 5471 997 5519 essent.
1039 5463 1172 5519 Odo.
1208 5465 1353 5519 Bene
1393 5463 1751 5529 intellexisti;
1800 5482 1911 5520 non

298 5554 450 5610 enim
482 5553 706 5609 abolere
733 5560 917 5624 potest
944 5553 1125 5608 omnis
1164 5562 1417 5609 creatura
1446 5553 1501 5608 id
1535 5554 1683 5625 quod
1725 5562 1915 5609 contra

300 5648 475 5702 Deum
525 5653 611 5699 est
663 5643 719 5698 in
788 5644 971 5715 aliqua
1004 5651 1275 5711 creatura,
1343 5659 1413 5698 ne
1466 5644 1719 5700 videatur
1776 5644 1917 5699 Deus

2016 4466 2124 4512 tem
2156 4456 2471 4522 ostendere,
2506 4455 2752 4527 probasti
2783 4458 3062 4513 hominem
3105 4460 3173 4513 ad
3204 4460 3435 4533 gloriam
3470 4460 3621 4516 nullo

2014 4546 2179 4602 modo
2193 4545 2504 4615 pervenire.
2534 4545 2664 4601 Ono.
2693 4546 3034 4603 Hocmollior
3054 4555 3113 4603 ut
3136 4548 3364 4619 probem
3387 4549 3483 4603 tibi
3510 4565 3620 4605 non

2012 4642 2188 4697 solum
2223 4655 2407 4712 posse,
2434 4640 2529 4695 sed
2561 4647 2615 4696 et
2644 4643 3017 4697 necessarium
3058 4660 3181 4698 esse
3215 4644 3498 4699 hominem
3553 4646 3619 4699 ad

2011 4733 2241 4809 gloriam
2299 4733 2620 4807 angelorum
2670 4735 2980 4804 pervenire.
3045 4737 3198 4801 Quod
3254 4753 3378 4792 cum
3414 4736 3624 4793 Christo

2011 4823 2305 4892 adjuvante
2337 4821 2541 4887 fecero,
2577 4838 2770 4893 precor
2808 4834 2867 4878 ut
2911 4824 3099 4881 relicto
3127 4841 3314 4881 errore
3364 4825 3621 4881 Christia-

2013 4931 2117 4969 nus
2150 4912 2265 4969 ﬁas.
2298 4914 2426 4970 Leo.
2462 4914 2573 4969 Hoc
2617 4915 2851 4979 dimitte,
2894 4927 2949 4971 et
2994 4917 3143 4988 quod
3177 4917 3457 4987 promittis
3489 4935 3616 4989 pro-

2015 5026 2269 5082 sequere.
2303 5008 2438 5064 Ooo.
2482 5008 2765 5064 Constabit
2794 5010 3023 5085 gloriam
3056 5012 3296 5067 hominis
3340 5029 3461 5068 esse
3505 5029 3626 5084 pos-

2015 5102 2255 5165 sibilem,
2287 5101 2334 5156 si
2396 5100 2613 5171 probari
2673 5101 2845 5172 possit
2899 5117 3021 5156 esse
3052 5104 3452 5169 necessariam;
3502 5121 3623 5158 nam

2017 5192 2164 5264 quod
2195 5191 2564 5246 necessarium
2595 5201 2677 5245 est
2707 5207 2849 5257 esse,
2878 5191 3145 5262 possibile
3191 5200 3275 5247 est
3312 5209 3453 5248 esse.
3498 5193 3625 5249 Leo.

2018 5288 2095 5341 Ita
2126 5292 2224 5339 est.
2266 5283 2402 5339 Ooo.
2436 5283 2627 5348 Credo,
2679 5298 2788 5338 non
2824 5283 3054 5355 negabis
3082 5300 3267 5338 verum
3304 5300 3427 5338 esse
3478 5285 3625 5356 quod

2016 5377 2085 5432 de
2125 5377 2237 5432 Deo
2272 5377 2477 5451 legitur
2524 5376 2581 5430 in
2623 5375 2809 5430 multis
2866 5375 3000 5431 locis
3044 5376 3341 5446 Scriptura:
3398 5384 3625 5430 vestrm:

2015 5467 2209 5522 Omnia
2238 5481 2561 5536 quascunque
2601 5466 2772 5520 uoluit
2808 5466 2937 5531 fecit
2975 5465 3142 5537 (Psal.
3178 5482 3325 5531 cxm,
3385 5468 3624 5529 cxxxnv).

2018 5555 2151 5609 Leo.
2180 5554 2543 5608 Verissimum
2589 5561 2692 5608 est.
2742 5554 2873 5609 Ono.
2904 5553 3086 5608 Voluit
3138 5560 3319 5608 autem
3359 5554 3503 5605 Deus
3541 5551 3628 5604 fa-

2018 5658 2144 5698 cere
2195 5641 2473 5697 civitatem
2507 5642 2810 5707 caelestem,
2854 5643 3011 5711 cujus
3042 5642 3194 5696 cives
3219 5640 3446 5711 angelos
3471 5653 3631 5692 crea-
