3938 6206
401 255 534 309 1107
1658 251 1717 303 Β.
1759 245 1995 303 ODONIS

2115 241 2277 297 .MEB.
2321 239 2525 294 EPISC.
3588 240 3616 294 4
3634 240 3765 295 108

398 394 492 448 vit.
518 392 720 448 Omnes
746 398 928 445 autem
969 389 1197 463 angelos
1251 388 1428 443 bonus
1470 388 1612 442 Deus
1661 402 1770 441 non
1804 383 2008 441 creavit
2033 386 2083 451 Α
2112 392 2245 433 vero
2285 375 2472 444 debet,
2515 375 2613 429 sed
2664 389 2778 431 non
2819 381 3034 445 potest:
3087 374 3215 430 ideo
3267 389 3496 431 necesse
3537 381 3631 431 est
3692 382 3763 431 ut

399 483 505 536 nisi
561 482 759 546 bonos,
792 496 823 533 a
875 495 982 551 qua
1013 478 1233 533 civitate
1273 477 1420 546 juste
1473 485 1601 532 sunt
1633 476 1857 546 dejecti,
1912 472 2007 545 qui
2110 479 2356 541 utraeque
2387 475 2595 524 naturae
2635 468 2991 536 conveniant,
3038 474 3093 523 et
3134 467 3228 523 ﬁat
3265 468 3408 525 Deus
3452 470 3655 537 homo,
3696 478 3763 525 et

398 591 635 645 nequam
683 581 810 627 sunt
839 572 985 626 facti.
1021 570 1252 625 Civitate
1288 586 1419 644 ergo
1477 586 1542 624 ex
1580 578 1731 639 parte
1757 574 2005 631 vacuata,
2109 576 2253 615 unus
2270 559 2432 614 Jesus
2472 556 2717 612 Christus
2744 556 2887 612 Deus
2912 562 2967 612 et
3007 556 3194 624 homo,
3227 572 3341 613 non
3383 558 3527 612 alius
3558 558 3753 625 Παῦε,

397 661 777 731 imperfectum
828 658 1093 713 remansit
1147 673 1288 728 opus
1332 658 1481 729 quod
1545 663 1787 727 coeperat
1843 656 2003 709 Deus.
2107 655 2163 702 et
2193 646 2334 701 alius
2364 647 2551 713 homo,
2580 646 2850 701 εθάῑοίυε
2873 645 3148 717 (Ιυίάίιυίά
3166 647 3470 713 e“3101110
3492 655 3581 702 est
3620 662 3754 702 non

398 752 741 822 Propositum
783 765 915 804 vero
962 750 1054 803 Dei
1088 764 1197 803 non
1233 755 1412 819 potest
1443 747 1667 813 eassari,
1720 756 1774 802 et
1812 748 2006 802 civitas
2107 738 2436 795 confusione
2504 744 2845 805 naturarum,
2898 738 3060 809 quasi
3106 737 3279 793 altera
3319 744 3627 794 evacuatur
3688 739 3754 793 in

395 860 559 915 quam
583 851 825 912 coeperat
872 841 1033 907 Deus,
1067 855 1295 894 necesse
1326 846 1409 894 est
1460 850 1517 894 ut
1569 838 1904 909 perﬁciatur,
1936 856 2045 895 ne_
2106 832 2353 896 alteram,
2384 830 2484 885 sed
2541 829 2833 900 utriusque
2872 835 3082 885 natura;
3126 829 3464 901 prOprietate
3511 830 3753 903 integra

397 934 540 987 Deus
567 932 777 986 dicatur
822 929 987 985 stulte
1028 929 1263 999 coapisse
1301 928 1447 999 quod
1493 937 1685 999 postea
1715 929 1892 984 noluit
1919 929 2005 985 vel
2107 931 2466 997 permanente
2519 924 2577 978 in
2618 941 2730 979 una
2771 940 2901 979 vera
2937 940 3196 994 persona.
3251 924 3344 979 Est
3381 940 3515 1001 ergo
3570 925 3753 980 Jesus

398 1040 507 1079 non
536 1022 711 1093 potuit
760 1020 1047 1091 perﬁcere.
1108 1020 1212 1074 Sed
1254 1020 1408 1074 nefas
1456 1029 1539 1076 est
1584 1019 1861 1075 ascribere
1893 1021 2002 1076 Deo
2106 1018 2350 1074 Christus
2377 1032 2489 1073 non
2533 1016 2668 1084 duo,
2701 1017 2799 1072 sed
2830 1033 2975 1072 unus
3001 1018 3230 1072 omnino
3277 1017 3633 1072 ctindivisus
3681 1017 3748 1071 in

398 1114 813 1169 mutabilitatem
862 1111 1180 1177 voluntatis,
1250 1111 1333 1166 vel
1403 1112 1808 1183 impotentiam.
1865 1113 2003 1187 Ergo
2106 1128 2366 1185 persona.
2401 1112 2500 1177 Qui
2544 1127 2609 1166 ex
2631 1127 2698 1167 eo
2729 1112 2874 1183 quod
2907 1111 3263 1183 omnipotens
3315 1112 3460 1167 Deus
3491 1120 3597 1180 est,
3632 1127 3748 1183 pro

397 1208 545 1279 quod
581 1207 772 1276 coepit,
822 1203 1071 1275 perficiet
1129 1205 1293 1258 Deus.
1342 1204 1489 1260 Fecit
1545 1221 1675 1278 ergo
1721 1205 2002 1260 hominem
2106 1211 2332 1273 peccato
2368 1199 2688 1255 satisfacere
2718 1206 2930 1269 potest;
2958 1214 3025 1253 ex
3058 1214 3125 1254 eo
3151 1199 3302 1269 quod
3323 1200 3490 1255 homo
3512 1210 3597 1256 est
3631 1200 3746 1254 de-

394 1312 449 1357 et
475 1300 1120 1373 deditpropagationem,
1142 1305 1201 1353 ut
1223 1299 1524 1370 incoeptum
1548 1299 1862 1370 perﬁceret.
1901 1300 2007 1354 Ne-
2103 1290 2221 1354 bet.
2256 1296 2437 1360 Potest
2464 1296 2523 1343 ιιῑ
2551 1288 2712 1352 Deus.
2748 1287 2917 1341 debet
2945 1294 3004 1342 ut
3028 1287 3217 1342 homo.

394 1406 546 1444 cessc
577 1398 660 1443 est
690 1389 857 1461 igitur
884 1396 943 1443 ut
997 1388 1066 1443 de
1109 1387 1333 1443 homine
1366 1388 1711 1459 prepositum
1764 1388 1859 1443 Dei
1890 1388 2001 1444 fiat.
2105 1402 2260 1469 Quod
2291 1402 2500 1458 Christo
2532 1382 2806 1471 imgine“
2835 1414 2942 1468 pro
2988 1404 3206 1469 peccato
3244 1400 3589 1467 satisfacere,
3630 1402 3748 1470 qui

395 1484 587 1537 Omnia
616 1480 763 1535 enim
796 1496 1121 1551 quaecunque
1144 1482 1337 1545 voluit,
1364 1482 1512 1546 fecit.
2709 1510 2817 1549 non
2859 1496 3114 1562 peccavit.

2182 1590 2307 1645 Lso.
2363 1587 2651 1652 Quomodo
2705 1587 2894 1654 debet,
2935 1588 3188 1658 quamvis
3227 1588 3296 1643 sit
3352 1587 3541 1650 homo.
3582 1603 3738 1651 cum,

2030 1719 2080 1787 Β
2101 1681 2244 1737 sicut
2265 1680 2472 1745 dicitis,
2495 1694 2606 1733 non
2635 1688 2720 1733 est
2750 1686 3006 1748 peccator
3030 1678 3195 1733 homo
3218 1677 3245 1731 ?
3287 1676 3423 1732 Ono.
3460 1677 3737 1747 Compas-

2107 1775 2265 1831 sione
2316 1784 2371 1829 et
2401 1773 2813 1838 misericordia;
2862 1772 2992 1844 quia
3031 1786 3143 1827 non
3171 1778 3490 1842 poteramus
3528 1787 3742 1825 cmen-

2109 1866 2241 1918 dare
2284 1871 2592 1934 peccatum,
2633 1860 2949 1916 emendavit
2988 1859 3108 1930 ipse
3151 1874 3250 1931 pro
3312 1859 3497 1926 nobis,
3544 1866 3745 1929 utpote

2109 1953 2274 2009 frater
2315 1968 2412 2024 pro
2444 1950 2726 2018 fratribus,
2778 1957 2834 2005 et
2863 1949 3113 2018 ejusdem
3156 1958 3364 2003 natura:
3416 1948 3742 2016 nobiscum,

2107 2046 2245 2101 nulli
2276 2046 2425 2100 enim
2452 2050 2535 2099 est
2586 2042 2827 2097 alienum
2869 2058 2985 2096 sua:
3035 2048 3242 2096 naturae
3273 2041 3739 2096 condescendere

2108 2143 2276 2208 etpro
2310 2137 2394 2191 his
2433 2136 2525 2208 qui
2544 2150 2656 2189 sua:
2690 2142 2901 2189 natum
2926 2140 3055 2188 sunt
3079 2132 3423 2188 satisfacere.
3467 2133 3601 2187 lnde
3633 2149 3740 2203 pro

2109 2230 2399 2284 identitate
2457 2227 2669 2282 scilicet
2723 2234 2934 2280 naturae
2990 2231 3176 2280 nostra
3209 2231 3438 2295 peccata
3470 2224 3737 2294 portavit,

393 1638 544 1703 Quod
581 1652 833 1691 numerus
880 1637 1121 1690 civitatis
1174 1636 1396 1690 caelestis
1444 1636 1788 1705 perﬁcienda
1824 1638 2002 1708 major

568 1732 638 1783 sit
668 1743 885 1782 numero
924 1729 1242 1795 angelorum
1266 1730 1460 1797 primae
1480 1729 1823 1784 conditionis.

467 1862 593 1915 Leo.
655 1860 791 1925 Quia
835 1875 1019 1915 sermo
1059 1860 1251 1931 primae
1312 1861 1649 1918 conditionis
1702 1878 1761 1917 se
1801 1863 2005 1934 intulit,

391 1971 579 2028 quzero
606 1971 675 2009 an
702 1970 967 2010 numerus
1005 1971 1115 2027 quo
1166 1955 1292 2011 facti
1323 1963 1452 2011 sunt
1482 1956 1666 2029 angeli
1696 1957 2008 2014 sufficiebat

391 2049 630 2106 civitatis
685 2049 1010 2119 perfectioni
1043 2058 1339 2120 antequam
1390 2050 1573 2124 angeli
1612 2050 1811 2106 ﬁerent
1853 2054 2000 2108 mali.

391 2139 527 2193 Ono.
561 2138 678 2192 Non
703 2137 938 2192 videtur.
974 2138 1029 2191 Si
1060 2137 1207 2192 enim
1251 2154 1517 2193 numerus
1555 2140 1877 2213 angelorum
1913 2143 2005 2213 qui

392 2231 519 2285 facti
559 2238 686 2286 sunt
736 2229 1017 2286 sufﬁceret
1072 2246 1170 2301 pro
1223 2231 1357 2286 solis
1398 2231 1485 2286 his
1538 2233 1633 2304 qui
1663 2233 2003 2300 ceciderunt,

391 2321 558 2376 homo
585 2318 789 2373 valeret
846 2328 899 2372 et
939 2320 1007 2373 de
1047 2334 1236 2374 eorum
1285 2336 1415 2375 casu
1468 2320 1733 2394 gauderet
1770 2338 2004 2393 quorum

389 2408 618 2481 gloriam
668 2414 900 2462 teneret.
948 2407 1008 2461 Et
1057 2423 1180 2462 cum
1233 2407 1465 2482 gloriam
1505 2408 1784 2464 caelestem
1840 2426 2004 2467 nemo

391 2497 499 2551 nisi
534 2496 714 2565 justus
745 2495 915 2550 intret
945 2495 1228 2567 quomodo
1253 2496 1438 2563 justus
1478 2496 1585 2551 erit
1633 2498 1726 2569 qui
1767 2498 1835 2553 de
1867 2499 2005 2554 alte-

390 2593 502 2646 rius
524 2598 747 2661 peccato
769 2589 1076 2665 gaudebit?
1098 2589 1228 2645 ldeo
1256 2590 1491 2646 dicimus
1510 2592 1655 2662 apud
1688 2593 1856 2648 Deum
1880 2609 2005 2650 esse

390 2699 677 2738 numerum
743 2681 1094 2753 perﬁciendae
1153 2682 1393 2738 civitatis
1453 2684 1715 2752 majorem
1775 2701 2005 2742 numero

386 2778 708 2847 angelorum
763 2776 955 2847 prima;
1008 2775 1380 2843 conditionis;
1424 2776 1706 2832 hominem
1759 2794 1891 2833 vero
1933 2779 2006 2834 ita

389 2872 592 2927 factum
621 2877 699 2936 ut,
730 2871 774 2925 si
832 2886 1028 2925 omnes
1057 2870 1240 2944 angeli
1292 2870 1347 2924 in
1383 2870 1599 2939 justitia
1651 2873 2003 2940 mansissent,

2109 2333 2206 2389 pro
2249 2316 2491 2387 peccatis
2544 2314 2748 2370 nostris
2789 2313 2977 2388 plagas
3017 2320 3070 2367 et
3106 2320 3343 2368 mortem
3383 2322 3583 2382 sponte
3630 2328 3734 2366 su-

2106 2407 2320 2462 stinens
2347 2420 2470 2476 quae
2503 2419 2613 2459 non
2641 2402 2915 2466 debebat;
2949 2416 3058 2456 non
3090 2400 3237 2454 enim
3267 2400 3396 2454 talia
3422 2409 3728 2455 meruerat.

2107 2499 2280 2553 Carne
2328 2504 2384 2551 et
2429 2494 2702 2570 sanguine
2754 2509 2854 2549 suo
2906 2508 3009 2547 nos
3040 2491 3232 2563 pascit.
3265 2498 3325 2546 ut
3364 2507 3466 2547 nos
3494 2506 3742 2547 concor-

2106 2599 2267 2662 poret
2304 2604 2513 2653 secum,
2544 2595 2604 2641 ut
2637 2596 2693 2641 et
2722 2600 2823 2640 nos
2851 2585 3025 2638 simus
3081 2584 3201 2655 ipse
3239 2592 3295 2638 et
3321 2582 3440 2653 ipse
3469 2582 3539 2637 sit
3586 2598 3738 2638 unus

2086 2675 2420 2731 'nobiscum.
2453 2674 2585 2728 ldeo
2627 2681 2844 2729 nostras
2877 2670 3128 2725 miserias
3157 2686 3285 2725 suas
3323 2669 3474 2734 facit,
3508 2679 3741 2740 peccata

2107 2780 2296 2827 nostra
2326 2769 2431 2824 sibi
2467 2770 2713 2835 ascribit,
2745 2783 3033 2822 sermones
3062 2773 3282 2822 nostros
3312 2767 3368 2820 in
3407 2781 3561 2820 suam
3605 2782 3739 2837 per-

2106 2875 2299 2915 sonam
2353 2859 2614 2913 transfert
2659 2858 2715 2911 in
2769 2855 3000 2911 Psalmis
3041 2864 3096 2910 et
3146 2854 3454 2926 prephetis,
3496 2862 3557 2909 ut
3610 2854 3732 2909 ibi:

2111 2952 2270 3015 Deus,
2303 2952 2441 3004 Deus
2462 2962 2629 3012 meus,
2659 2963 2826 3017 quare
2841 2961 2923 3001 me
2942 2946 3323 3016 derelinquisti
3336 2944 3364 2998 τ
3383 2948 3560 3014 Longe
3584 2962 3621 2999 a
3644 2961 3743 3000 sa-

388 2964 458 3016 de
497 2961 721 3016 homine
780 2959 959 3014 fuerat
1002 2960 1240 3016 civitatis
1280 2960 1602 3027 residuum;
1636 2962 1683 3016 si
1739 2978 1870 3019 vero
1907 2964 2004 3019 de-

389 3055 640 3122 fluerent,
674 3055 744 3110 de
774 3055 1001 3111 homine
1033 3054 1397 3125 perﬁceretur
1436 3063 1634 3111 totum.

498 3207 649 3273 Quod
678 3209 823 3262 solus
846 3210 982 3262 Deus
1007 3208 1325 3275 satisfacere
1352 3223 1452 3278 pro
1474 3212 1690 3278 peccato
1711 3213 1903 3279 potest.

456 3334 584 3388 Leo.
620 3333 674 3387 Si
706 3334 801 3387 Dei
841 3334 1183 3403 propositum
1237 3349 1346 3388 non
1377 3341 1562 3405 potest
1614 3335 1843 3401 eassari,
1899 3352 2007 3391 ne-

384 3438 535 3475 cesse
566 3430 649 3476 est
670 3421 951 3476 hominem
985 3422 1038 3475 in
1066 3421 1297 3494 gloriam
1334 3422 1657 3496 angelorum
1696 3425 2006 3492 transferri,

388 3511 527 3564 Deus
555 3517 738 3565 autem
770 3508 1126 3580 omnipotens
1156 3519 1261 3574 est,
1298 3526 1426 3584 ergo
1467 3527 1631 3567 omne
1676 3515 1825 3584 quod
1869 3530 2004 3584 pro-

387 3600 567 3669 posuit
604 3607 802 3669 potest,
836 3614 1063 3654 necesse
1093 3607 1177 3655 est
1205 3616 1338 3675 ergo
1377 3602 1657 3657 hominem
1691 3604 1746 3657 iu
1773 3604 2005 3677 gloriam

383 3691 683 3757 transferri,
723 3692 820 3745 sed
851 3691 1106 3762 superius
1137 3691 1416 3763 disputata
1445 3695 1684 3763 probant
1733 3711 1854 3750 esse
1900 3696 2008 3750 im-

384 3785 668 3856 possibile.
705 3786 991 3849 Quomodo
1039 3802 1172 3859 ergo
1206 3803 1435 3843 necesse
1478 3795 1562 3844 est
1592 3789 1741 3860 quod
1800 3790 2007 3861 impos-

380 3880 543 3934 sibile
590 3881 883 3936 estesse?
938 3882 1068 3945 Quae
1103 3889 1187 3937 est
1236 3889 1384 3938 tanta
1438 3884 1714 3939 rationum
1746 3885 2003 3940 varietas.

381 3969 509 4023 Cum
544 3970 889 4040 prepositum
947 3970 1041 4024 Dei
1094 3970 1353 4041 respicio,
1389 3987 1619 4027 necesse
1659 3980 1744 4026 est
1783 3974 1838 4028 in
1887 3974 2005 4046 glo-

378 4061 512 4115 riam
552 4068 794 4116 transeat
831 4063 1025 4128 liomo;
1060 4079 1186 4118 eum
1219 4063 1460 4119 hominis
1508 4064 1802 4119 considero
1827 4064 2006 4135 impo-

374 4150 601 4205 tentiam
622 4158 678 4206 et
707 4150 801 4205 Dei
821 4150 1113 4219 justitiam,
1146 4152 1378 4207 omnino
1406 4159 1491 4207 est
1518 4152 1870 4223 impossibile
1899 4154 2002 4210 ho-

375 4240 580 4296 minem
613 4240 679 4294 ad
709 4240 940 4314 gloriam
990 4241 1205 4297 venire.
1253 4241 1395 4306 Quid
1453 4241 1630 4316 magis
1659 4242 1998 4297 contrarium

2029 3083 2077 3148 C

2106 3043 2214 3096 Iute
2244 3058 2384 3109 mea,
2415 3041 2579 3095 verba
2608 3040 2922 3094 delictorum
2959 3053 3197 3093 meorum
3237 3040 3400 3108 (Psal.
3441 3043 3576 3105 xxx),
3607 3055 3739 3094 cum

2118 3140 2174 3194 in
2202 3153 2438 3210 persona
2466 3154 2567 3193 sua
2622 3152 2724 3192 nec
2765 3153 2798 3191 a
2836 3137 2947 3192 Deo
2996 3136 3295 3191 derelictus
3332 3143 3469 3203 erat,
3504 3151 3608 3191 nec
3643 3135 3742 3189 illa

2116 3225 2318 3279 delicta
2349 3225 2606 3293 habebat,
2664 3224 2763 3278 sed
2814 3223 2945 3294 quia
3003 3239 3105 3279 nos
3138 3231 3360 3296 reputat
3412 3224 3467 3279 in
3506 3240 3592 3290 se,
3632 3224 3740 3278 hoc

2114 3312 2261 3385 quod
2294 3328 2395 3368 nos
2421 3312 2689 3368 habemus
2719 3311 2854 3366 dicit
2884 3311 2955 3366 de
2982 3326 3060 3365 se.

2108 3426 2260 3493 Quod
2285 3429 2464 3497 potuit
2496 3426 2629 3480 dare
2674 3425 2927 3480 Christus
2947 3439 3049 3494 pro
3098 3428 3317 3493 peccato
3345 3423 3528 3494 majus
3556 3440 3733 3495 quam

2623 3519 2696 3571 sit
2733 3531 2883 3571 omne
2902 3520 3202 3585 peccatum.

2180 3604 2311 3659 Lao.
2348 3603 2633 3668 Quomodo
2688 3602 2957 3659 satisfacit
2995 3616 3094 3672 pro
3154 3600 3424 3657 homine?
3454 3601 3739 3665 Quomodo

2110 3704 2400 3768 peccatum
2421 3697 2664 3752 hominis
2677 3696 3142 3768 recompensavit,
3167 3712 3266 3767 pro
3287 3712 3399 3768 quo
3418 3706 3563 3752 totus
3575 3714 3735 3751 mun-

2111 3790 2213 3844 dus
2239 3805 2349 3844 non
2378 3788 2618 3844 sufﬁcit?
2654 3790 2791 3844 Ooo.
2837 3788 3000 3844 Dedit
3040 3789 3302 3859 pretium,
3334 3789 3503 3844 vitam
3551 3805 3727 3855 suam,

2112 3886 2644 3951 sustinuitmortem,
2670 3885 2974 3940 indebitam
3007 3900 3250 3955 pinnam.
3283 3885 3409 3939 Lso.
3441 3885 3731 3949 Quomodo

2112 3976 2224 4031 vita
2251 3982 2305 4030 et
2336 3990 2484 4030 mors
2511 3974 2754 4029 hominis
2792 3974 2958 4028 unius
3006 3981 3391 4044 recompensat
3420 3982 3732 4045 peccatum,

2111 4067 2329 4123 cuinon
2358 4064 2563 4121 sufﬁcit
2584 4073 2730 4121 totus
2750 4064 3028 4120 mundus?
3060 4065 3195 4121 Ooo.
3211 4066 3332 4121 Non
3351 4075 3534 4136 potest
3558 4083 3725 4139 nega-

2110 4175 2170 4214 re
2190 4159 2321 4230 quia
2343 4174 2455 4214 non
2480 4165 2662 4229 potest
2680 4157 2891 4229 aliquid
2915 4157 3220 4228 comparari
3245 4157 3377 4224 Deo,
3398 4158 3497 4211 sed
3524 4157 3731 4214 incom-

2107 4250 2434 4324 parabiliter
2452 4250 2640 4305 omnia
2652 4255 2878 4320 superat
2893 4250 3039 4304 Deus
3089 4248 3379 4305 Peccatum
3396 4265 3531 4321 ergo
3543 4250 3731 4305 huma-

373 4348 536 4403 quam
584 4332 912 4403 impossibili
953 4333 1378 4389 necessarium?
1429 4333 1566 4389 01)οο
1602 4334 1796 4389 Veniat
1844 4333 1999 4389 Chri-
2024 4404 2068 4417 ﬁ
2101 4364 2231 4403 num
2253 4346 2561 4417 comparari
2581 4346 2693 4402 Deo
2725 4361 2834 4401 non
2855 4351 3061 4415 potest,
3092 4343 3222 4416 quia
3246 4344 3390 4399 Deus
3411 4345 3585 4401 multo
3607 4361 3726 4399 ma-

370 4430 487 4477 stus
516 4429 725 4491 noster,
771 4424 976 4494 veniat,
1020 4431 1074 4480 et
1122 4426 1265 4479 hanc
1304 4426 1751 4480 contrarietatem
1782 4424 1980 4480 dissol-
2022 4424 2075 4471 U
2097 4437 2183 4509 gis
2213 4444 2299 4491 est
2328 4436 2508 4490 bonus
2538 4450 2702 4505 quam
2736 4440 3022 4505 peccatum
3054 4433 3125 4488 sit
3157 4433 3385 4488 malum.
3430 4432 3562 4489 Cum
3592 4450 3719 4506 ergo

370 4518 478 4566 νειι-
509 4511 639 4567 LEO-
684 4511 989 4576 Quomodo.
1048 4512 1181 4569 000-
1239 4513 1401 4576 Audi.
1436 4514 1483 4567 Si
1539 4514 1683 4569 bene
1738 4513 1996 4584 supernis
2097 4528 2241 4584 Deus
2269 4526 2430 4581 dedit
2453 4525 2620 4581 vitam
2657 4541 2837 4593 suam,
2865 4525 3102 4596 pretium
3135 4524 3291 4581 dedit
3320 4525 3472 4597 quod
3504 4536 3730 4597 superat

369 4602 774 4672 comprehensa
814 4602 1033 4671 illCOliS,
1098 4602 1216 4658 sola
1270 4619 1369 4674 pro
1410 4611 1636 4674 peccato
1688 4601 1994 4659 SﬁlleﬂCliO
2095 4632 2258 4673 omne
2288 4621 2597 4687 peccatum_
2629 4613 2739 4669 Hoc
2762 4616 3026 4686 pretium,
3043 4614 3091 4669 si
3116 4614 3469 4669 solummodo
3489 4616 3727 4687 aquipa.

366 4693 599 4767 gloriam
632 4694 864 4765 impedit
894 4694 1153 4751 hominis.
1205 4696 1337 4750 Nam
1378 4696 1424 4750 Si
1483 4702 1678 4767 posset
1721 4712 1817 4767 ρτο
1858 4715 1992 4769 Pee-
2095 4715 2238 4763 raret
2272 4714 2584 4778 peccatum,
2617 4704 2901 4761 sufﬁceret
2931 4706 3001 4760 ad
3042 4705 3368 4761 delendum.
3404 4705 3560 4761 Nunc
3589 4721 3718 4762 vero

366 4795 489 4843 cato
520 4788 862 4857 satisfacere,
912 4797 1103 4860 posset
1144 4789 1335 4861 utique
1399 4788 1467 4844 ad
1513 4789 1746 4864 gloriam
1788 4806 1995 4861 pervc-
2094 4813 2220 4853 cum
2255 4796 2426 4852 multo
2466 4794 2880 4867 praeponderet,
2902 4794 3079 4868 magis
3126 4793 3413 4849 satisfacit.
3448 4793 3616 4849 Porro
3670 4794 3713 4848 si

368 4880 507 4948 nire,
528 4880 627 4937 sed
660 4882 826 4937 homo
852 4896 961 4937 non
985 4887 1184 4952 potest.
1211 4882 1351 4947 Quid
1368 4882 1541 4957 ergo?
1570 4883 1733 4937 Estne
1761 4884 1993 4941 omnino
2099 4890 2208 4945 vita
2240 4888 2336 4944 Dei
2375 4888 2633 4944 omnibus
2683 4895 2769 4943 est
2806 4887 3025 4954 melior,
3062 4894 3118 4941 et
3149 4901 3297 4942 mors
3334 4893 3419 4941 est
3461 4885 3722 4941 omnibus

367 4972 711 5042 impossibile
767 4974 917 5045 quod
957 4974 1124 5029 homo
1171 4989 1282 5029 non
1345 4974 1567 5045 potest?
1625 4974 1816 5030 Nonne
1846 4977 1991 5032 Deus
2098 4982 2255 5053 pejor
2283 4980 2413 5052 quia
2472 4994 2700 5034 necesse
2731 4988 2816 5034 est
2845 4988 2904 5034 ut
2958 4978 3116 5046 cujus
3155 4978 3443 5049 generatio
3504 4978 3717 5043 melior,

367 5073 547 5135 potest
600 5066 749 5137 quod
801 5067 966 5122 homo
1024 5081 1135 5122 non
1199 5074 1378 5137 potest
1421 5066 1449 5120 ?
1529 5066 1780 5138 Alioquin
1840 5068 1986 5124 Deus
2088 5075 2210 5143 ejus
2248 5073 2316 5127 sit
2356 5071 2634 5142 corruptio
2680 5071 2858 5142 pejor.
2894 5069 3003 5125 Sed
3031 5070 3144 5125 vita
3184 5067 3396 5124 Christi
3461 5068 3613 5123 bona
3640 5077 3720 5124 est

366 5173 477 5213 non
507 5167 592 5216 est
616 5161 1000 5233 omnipotens;
1032 5162 1177 5216 Deus
1208 5161 1376 5236 igitur
1416 5177 1513 5232 pro
1555 5171 1782 5232 peccato
1822 5163 1984 5219 satis-
2086 5177 2254 5233 super
2273 5160 2478 5223 omnia,
2511 5174 2658 5215 mors
2716 5174 2849 5233 ergo
2888 5158 3009 5227 ejus
3037 5157 3180 5212 mala
3239 5163 3324 5213 est
3364 5157 3511 5213 ultra
3555 5173 3716 5213 omne

365 5249 547 5305 facere
602 5260 800 5322 potest.
847 5253 970 5308 Leo.
1004 5253 1291 5318 Quomodo
1348 5255 1492 5309 Deus
1542 5252 1860 5319 satisfaciet,
1913 5254 1981 5308 ad
2085 5258 2392 5324 peccatum.
2423 5248 2653 5314 Quando
2686 5248 2854 5321 igitur
2907 5246 3151 5302 Christus
3191 5262 3390 5317 passus
3443 5255 3532 5301 est
3562 5262 3701 5302 mor-

364 5354 529 5410 quem
558 5356 668 5397 non
710 5344 949 5414 pertinet
974 5349 1001 5400 ?
1032 5344 1317 5410 Quomodo
1350 5345 1443 5416 qui
1474 5360 1585 5401 non
1614 5344 1979 5416 peccavitpro
2084 5354 2214 5411 tem,
2246 5343 2481 5415 portavit
2507 5357 2726 5412 poenam
2762 5356 2931 5413 super
2965 5354 3129 5396 omne
3162 5345 3478 5410 peccatum,
3510 5346 3567 5395 et
3592 5355 3699 5393 ma-

366 5436 591 5497 peccato
621 5431 957 5489 satisfaciet?
988 5434 1243 5489 Peccator
1267 5434 1583 5490 satisfacere
1613 5434 1804 5502 debet,
1837 5435 1982 5490 Deus
2074 5434 2253 5501 jorem
2286 5448 2449 5504 quam
2493 5435 2767 5485 mereatur
2797 5444 2962 5485 omne
3005 5435 3313 5500 peccatum.
3355 5427 3531 5483 Solvit
3571 5443 3695 5502 ergo

364 5534 475 5575 non
513 5519 700 5574 debet.
731 5522 865 5578 Ono.
914 5525 1049 5588 Quia
1073 5538 1302 5580 necesse
1336 5533 1419 5581 est
1449 5526 1729 5581 hominem
1760 5527 1828 5581 ad
1857 5527 1977 5599 glo-
2079 5534 2255 5583 totum
2286 5535 2570 5598 peccatum
2604 5524 2796 5579 mundi
2841 5523 2936 5595 qui
2977 5529 3031 5578 et
3087 5521 3351 5593 majorem
3406 5537 3605 5592 passus
3632 5529 3713 5576 est

364 5611 494 5665 riam
535 5609 727 5666 venire
765 5615 913 5684 quod
950 5615 1070 5670 sine
1102 5614 1484 5673 satisfactione
1516 5634 1626 5673 non
1666 5625 1975 5690 potest,sa-
2082 5631 2323 5687 pcenam,
2356 5615 2408 5669 id
2432 5622 2515 5670 est
2544 5621 2799 5679 mortem,
2828 5620 2882 5668 et
2908 5612 3087 5681 majus
3125 5610 3366 5681 pretium
3399 5609 3575 5673 dedit,
3607 5607 3707 5663 sci-

362 5702 616 5759 tisfacere
650 5717 779 5759 vero
829 5705 969 5761 Deus
1023 5710 1228 5776 potest,
1280 5709 1379 5762 sed
1419 5724 1531 5763 non
1557 5709 1764 5775 debet;
1812 5711 1974 5767 homo
2075 5709 2205 5764 licet
2233 5709 2399 5765 vitam
2426 5723 2604 5775 suam,
2633 5723 2797 5779 quam
2830 5706 2901 5761 sit
2940 5712 3227 5777 peceatum
3272 5703 3439 5760 totius
3494 5701 3699 5757 mundi.
