3938 6206
278 232 418 289 1109

1432 234 1815 292 DISPUTATIO
1852 237 2109 293 CONTRA
2148 241 2445 296 JUDAEUM.

3473 251 3614 304 1110

274 368 383 421 Iste
409 372 493 420 est
530 380 707 437 agnus
743 364 837 436 qui
884 365 1025 420 tollit
1055 375 1343 437 peccatum
1378 369 1568 423 mundi
1620 369 1798 441 (Joan.
1832 374 1889 443 ι).
1919 378 1971 444 Α
2001 374 2139 440 suis,
2180 374 2334 429 illum
2388 392 2518 431 vero
2577 379 2753 452 gratia
2807 396 2947 434 mea.
3002 380 3268 436 Similiter
3312 384 3449 438 forte
3500 388 3609 454 pati

276 462 402 515 Haec
430 467 516 514 est
544 459 742 525 hostia,
774 475 895 530 qua:
926 462 1099 515 semel
1127 463 1309 518 oblata
1335 463 1611 531 justorum
1645 468 1892 521 omnium

274 562 501 625 peccata
532 554 699 619 delet,
732 555 884 609 etab
932 555 1090 612 initio
1141 558 1441 628 praeterita,
1487 566 1541 613 et
1579 561 1894 631 praesentia,

277 652 335 699 et
364 658 538 714 usque
569 643 635 698 ad
670 640 835 697 finem
878 643 1057 699 futura
1124 645 1248 700 Haec
1272 646 1446 701 hostia
1481 665 1540 702 se
1580 648 1895 704 misericor-

276 736 421 791 diter
442 735 601 790 nobis
624 734 808 801 tradit,
842 741 901 789 ut
928 751 1050 806 quae
1081 751 1140 789 se
1171 750 1395 807 semper
1420 736 1578 791 offert
1609 738 1755 792 Patri
1797 755 1897 809 pro

279 822 446 879 nobis
467 823 522 876 in
545 822 708 887 caelo,
735 838 854 876 eam
881 822 1088 894 jugiter
1110 823 1248 877 Patri
1280 824 1655 880 sacrificemus
1673 827 1730 880 in
1758 837 1901 884 terra

278 928 391 968 non
445 919 675 968 mortem
717 912 913 966 iterum
968 910 1280 978 inferendo,
1331 914 1428 967 sed
1490 923 1719 970 mortem
1780 917 1900 988 ejus

276 1000 636 1057 devotissime
693 1000 1050 1056 memorando
1087 1000 1140 1055 in
1197 1002 1585 1058 remissionem
1642 1013 1899 1075 peccato-

277 1109 421 1158 rum,
480 1103 587 1146 tam
620 1091 869 1146 vivorum
912 1107 1081 1162 quam
1131 1103 1495 1147 mortuorum.
1550 1093 1739 1150 Restat
1767 1112 1898 1168 ergo

278 1192 339 1239 ut
367 1183 861 1253 justiticationibus
890 1183 1251 1249 multimodis,
1297 1192 1525 1255 accepta
1574 1187 1898 1244 remissione

282 1284 666 1348 peccatorum,
699 1281 847 1329 recta
875 1276 964 1329 via
996 1292 1292 1348 pergamus
1321 1277 1387 1330 ad
1422 1278 1646 1345 coelum,
1678 1290 1898 1350 peracta

266 1380 383 1448 jam
419 1376 796 1432 satisfactione
829 1376 1034 1446 peccati
1072 1393 1173 1447 per
1205 1375 1501 1444 Christum,
1554 1385 1615 1433 ut
1646 1378 1733 1433 his
1764 1379 1897 1434 solis

278 1471 460 1525 valeat
489 1467 788 1523 satisfactio
819 1466 1024 1538 quibus
1072 1474 1155 1529 est
1183 1482 1447 1522 concessa
1506 1468 1774 1536 remissio,
1803 1485 1898 1524 co-

280 1556 645 1628 operantibus
671 1556 785 1609 suis
813 1555 897 1609 vel
943 1554 1309 1625 proximorum
1353 1555 1580 1610 meritis.
1623 1556 1720 1620 Qui
1751 1557 1898 1611 enim

281 1646 668 1702 remissionem
694 1645 947 1715 accipere
978 1659 1087 1698 non
1117 1651 1323 1718 potest,
1364 1645 1413 1698 ei
1438 1645 1898 1702 satisfactioChri-

280 1697 829 1806 stimiiihilnprodest:
865 1697 1004 1788 ideo
1029 1697 1183 1788 ibetiti
1228 1697 1452 1804 quorum
1490 1740 1726 1792 remissa:
1773 1742 1897 1793 sunt
1926 1697 1973 1765 B

276 1831 600 1898 iniquitates
631 1827 801 1897 (Psal.
838 1825 1007 1895 xxxx).
1049 1824 1181 1879 Nam
1214 1825 1300 1879 cui
1346 1833 1630 1895 peccatum
1664 1826 1893 1881 dimitti-

276 1929 384 1985 tur,
416 1936 526 1975 non
560 1926 645 1974 est
683 1934 781 1973 cur
807 1934 839 1973 a
879 1933 1049 1989 regno
1094 1916 1398 1984 differatur,
1453 1917 1679 1988 impleta
1735 1919 1894 1975 satis-

274 2012 515 2069 factione
547 2027 647 2082 pcr
675 2009 966 2065 Christum.
1011 2009 1151 2081 Ergo
1184 2008 1428 2064 Christus
1468 2018 1654 2065 noster
1690 2011 1894 2067 mundo

278 2103 446 2157 nimis
485 2100 831 2156 necessarius
857 2107 960 2167 est,
1020 2101 1139 2154 sine
1188 2116 1297 2171 quo
1353 2116 1461 2155 non
1504 2108 1687 2172 potest
1733 2103 1895 2158 homo

276 2198 473 2254 venire
502 2197 569 2251 ad
596 2196 848 2270 gloriam,
879 2210 977 2266 pro
1007 2212 1115 2266 qua
1156 2194 1332 2250 factus
1369 2205 1472 2251 est.
1527 2197 1638 2252 Nec
1689 2195 1894 2252 sufficit

280 2293 335 2345 in
369 2291 491 2364 lege
517 2289 728 2360 peccati
774 2288 1047 2356 remissio,
1096 2288 1201 2343 nisi
1233 2288 1535 2345 satisfactio
1567 2288 1759 2345 Christi
1792 2306 1889 2344 se-

278 2387 481 2451 quatur
506 2377 561 2431 in
603 2376 922 2450 Evangelio.
956 2378 1086 2433 [deo
1123 2378 1375 2448 quamvis
1405 2384 1627 2448 peccata
1659 2378 1893 2432 dimissa

277 2469 392 2523 sint
418 2466 661 2539 antiquis
683 2467 929 2538 patribus
958 2475 1014 2522 et
1052 2468 1358 2539 prephetis,
1394 2474 1576 2522 tamen
1634 2468 1687 2521 in
1715 2467 1889 2540 gloria

276 2575 391 2616 non
446 2558 692 2627 fuerunt,
725 2559 905 2614 donec
954 2558 1281 2628 impleretur
1308 2557 1608 2614 satisfactio
1651 2558 1884 2630 peccati,

280 2665 380 2719 per
413 2647 724 2717 passionem
777 2644 995 2701 Christi.
1027 2647 1154 2701 Leo.
1188 2646 1289 2700 Ubi
1331 2645 1584 2701 fuerunt?
1631 2646 1768 2702 000.
1824 2647 1883 2701 In

275 2744 420 2811 loco,
444 2743 609 2815 justis
642 2742 866 2814 quidem
897 2758 1046 2797 nunc
1068 2741 1331 2812 temporis
1351 2756 1619 2816 congruo,
1651 2756 1762 2796 non
1794 2749 1883 2797 ta-

275 2850 403 2888 men
421 2833 668 2907 glorioso
716 2832 848 2887 Leo.
884 2831 1308 2887 Rationabiliter
1354 2831 1603 2902 loquenti
1659 2847 1766 2887 non
1799 2832 1895 2886 ha-

276 2927 384 2981 beo
416 2926 565 2996 quod
599 2924 1000 2981 rationabiliter
1029 2924 1304 2994 objiciam.
1334 2924 1447 2979 Non
1480 2924 1646 2979 credo
1685 2934 1888 2991 tamen,

276 3032 371 3083 ne,
403 3016 707 3071 subtilitate
729 3015 1023 3071 verborum
1073 3022 1127 3070 et
1155 3015 1393 3070 versutia
1423 3016 1709 3086 deceptus,
1740 3032 1772 3070 a
1801 3016 1891 3070 ﬁr-

274 3107 523 3162 missima
542 3106 843 3162 stabilitate
872 3112 1075 3161 sanctae
1102 3107 1241 3181 legis
1270 3122 1618 3162 evanescam.

530 3221 718 3275 Utrum
747 3222 928 3287 gratia
956 3222 1050 3287 sit,
1091 3221 1187 3275 ubi
1228 3225 1305 3274 est
1332 3223 1639 3275 necessitas.

348 3325 476 3380 Leo.
498 3323 606 3379 Sed
658 3341 779 3395 quae
809 3324 983 3397 gratia
1010 3324 1120 3379 Deo
1145 3331 1230 3378 est
1278 3324 1531 3379 habenda
1563 3340 1661 3395 pro
1707 3334 1885 3380 vestra

272 3416 477 3481 salute,
502 3416 547 3470 si
579 3416 648 3470 ad
682 3417 786 3472 hoc
812 3423 896 3471 est
910 3415 1171 3470 inductus
1200 3415 1567 3471 necessitate?
1595 3415 1747 3472 Certe
1779 3418 1884 3471 hu-

271 3524 436 3561 mana
468 3508 646 3563 salute
669 3508 898 3581 indiget,
941 3508 999 3563 in
1018 3524 1126 3580 qua
1146 3507 1317 3563 virtus
1344 3508 1429 3563 sui
1454 3508 1723 3579 pr0positi
1744 3525 1884 3579 pen-

267 3596 385 3650 det.
419 3597 549 3650 Nam
581 3597 629 3651 si
660 3612 771 3652 non
798 3597 969 3652 salvat
1022 3596 1324 3663 hominem,
1354 3596 1437 3650 sui
1482 3596 1750 3667 propositi
1780 3597 1885 3651 im-

271 3689 576 3760 potentiam
619 3689 867 3745 ostendit
895 3697 950 3744 et
979 3688 1291 3743 falsitatem.
1326 3688 1402 3743 Ne
1426 3704 1557 3763 ergo
1589 3688 1683 3745 fiat
1714 3690 1769 3744 in
1820 3706 1887 3745 eo

274 3789 383 3836 tam
409 3797 667 3853 magnum
716 3780 1139 3847 inconveniens,
1169 3795 1394 3835 necesse
1445 3787 1527 3835 est
1555 3788 1615 3835 ut
1641 3788 1892 3850 procuret

275 3874 572 3927 humanam
612 3871 867 3927 salutem.
911 3872 1042 3926 Ono.
1097 3871 1475 3926 Necessarium
1521 3871 1747 3943 quidem
1809 3879 1893 3927 est

275 3961 513 4016 reddere
541 3961 691 4032 quod
721 3976 829 4015 non
862 3959 963 4015 fuit
994 3960 1363 4014 necessarium
1391 3960 1728 4030 promittere.
1760 3960 1891 4014 Nam

274 4051 371 4123 qui
405 4057 601 4121 sponte
630 4049 919 4119 promittit,
941 4049 1149 4121 obligat
1173 4065 1232 4102 se
1266 4052 1595 4105 necessitate
1625 4050 1892 4105 reddendi

272 4152 333 4199 ut
363 4143 617 4213 quamvis
643 4142 991 4196 necessitatis
1019 4142 1090 4195 sit
1125 4157 1365 4213 sequens
1408 4141 1648 4197 redditio
1696 4142 1895 4197 volun-

275 4233 401 4287 tatis
427 4239 609 4286 tamen
652 4238 737 4285 est
766 4238 821 4285 et
847 4231 1032 4303 gratiae
1061 4231 1382 4299 praecedens
1421 4232 1735 4301 promissio.
1769 4232 1894 4287 llaec

272 4331 461 4379 autem
495 4322 799 4376 necessitas
831 4337 954 4392 qua:
984 4321 1237 4392 procedit
1267 4338 1296 4375 a
1336 4322 1530 4395 gratia,
1586 4326 1894 4394 separanda

2000 462 2202 525 debeo.
2245 470 2342 518 aut
2377 464 2423 517 si
2477 465 2730 534 peccavi,
2776 468 2972 523 merito
3004 477 3096 523 aut
3136 471 3252 525 sola
3286 472 3459 545 gratia
3513 489 3611 542 pro

1999 551 2126 606 alio.
2162 552 2399 608 Proinde
2427 553 2753 609 satisfacere
2780 572 2879 626 pro
2915 565 3139 627 peccato
3177 561 3320 615 Deus
3372 577 3481 616 non
3514 562 3611 615 de-

1997 640 2118 696 buit
2149 642 2365 709 merito,
2399 643 2527 714 quia
2559 658 2663 698 nec
2694 643 2815 715 ipse
2847 646 3045 701 meruit
3071 663 3168 716 per
3188 664 3341 702 suam
3368 651 3610 720 culpam,

2000 753 2103 792 nec
2148 738 2311 795 homo
2338 740 2539 793 meruit
2586 754 2686 810 per
2740 755 2895 794 suam
2944 741 3251 810 justitiam;
3293 745 3611 799 satisfacere

2001 834 2184 882 tamen
2215 828 2409 883 debuit
2438 845 2537 899 per
2565 829 2735 884 solam
2776 830 3029 904 gratiam.
3079 832 3264 902 Itaque
3295 833 3612 888 satisfacere

2001 935 2110 974 non
2138 920 2332 975 debuit
2356 921 2499 976 Deus
2530 921 2721 978 debito
2744 923 2945 985 meriti,
2979 930 3032 977 et
3061 922 3382 978 satisfacere
3422 925 3614 981 debuit

2001 1008 2189 1062 debito
2233 1011 2442 1083 gratiae.
2475 1009 2743 1081 Superius
2774 1027 2906 1085 ergo
2950 1027 3074 1067 cum
3128 1012 3334 1067 dictum
3369 1021 3453 1067 est
3483 1013 3611 1084 quia

2002 1096 2153 1151 solus
2183 1097 2329 1152 Deus
2381 1099 2696 1155 satisfacere
2748 1109 2987 1172 poterat,
3022 1102 3122 1156 sed
3182 1117 3293 1156 non
3352 1101 3609 1169 debebat,

2000 1189 2164 1243 homo
2203 1205 2333 1245 vero
2366 1206 2478 1245 non
2511 1199 2750 1262 poterat,
2782 1194 2879 1247 sed
2913 1208 3023 1247 non
3046 1192 3287 1248 debebat
3318 1194 3612 1266 utrobique

1998 1290 2082 1336 est
2112 1282 2534 1355 intelligendum
2553 1284 2737 1339 meriti
2772 1284 3046 1352 debitum,
3079 1286 3208 1357 quia
3234 1294 3290 1340 et.
3330 1287 3471 1341 Deus
3501 1303 3610 1342 non

2000 1374 2240 1431 debebat
2270 1393 2333 1430 ex
2364 1378 2583 1445 merito,
2619 1385 2674 1433 et
2711 1394 2775 1435 ex
2809 1379 3005 1433 merito
3037 1379 3297 1444 debebat,
3332 1379 3519 1433 homo.
3553 1381 3613 1435 Et

2000 1481 2193 1520 verum
2217 1476 2300 1521 est
2333 1468 2438 1523 hoc
2468 1469 2657 1533 modo,
2697 1469 2827 1540 quia
2864 1485 2961 1540 pro
2994 1477 3219 1540 peccato
3259 1469 3497 1523 hominis
3523 1485 3612 1523 sa-

2002 1553 2253 1610 tisfacere
2309 1572 2419 1611 non
2449 1556 2617 1611 debet
2654 1557 2799 1612 Deus
2830 1558 2934 1612 nisi
2966 1559 3038 1612 sit
3080 1559 3262 1613 homo.
3299 1557 3434 1621 Quia
3482 1575 3611 1613 vero

2001 1647 2175 1704 factus
2225 1655 2307 1703 est
2337 1649 2481 1703 Deus
2516 1650 2700 1716 homo,
2732 1651 2982 1721 quamvis
3014 1649 3282 1704 ineffabili
3313 1650 3506 1723 gratiae
3542 1651 3612 1705 sit

1998 1737 2410 1802 ascribendum,
2455 1746 2637 1793 tamen
2678 1739 2733 1792 in
2795 1739 3169 1795 satisfactione
3209 1740 3341 1794 satis
3399 1740 3610 1794 redolet

1996 1827 2166 1882 debiti
2200 1827 2451 1881 meritum
2485 1835 2565 1895 ut,
2611 1829 2739 1899 quia
2785 1838 2901 1883 erat
2945 1828 3119 1884 factus
3157 1830 3323 1884 homo
3360 1838 3414 1883 et
3445 1829 3611 1883 frater

1996 1916 2307 1983 hominum,
2339 1918 2536 1974 merito
2568 1929 2817 1973 naturam
2874 1935 3027 1974 suam
3060 1920 3116 1973 in
3146 1920 3468 1974 hominibus
3498 1935 3607 1973 non

1997 2011 2399 2073 contemneret,
2427 2006 2522 2061 sed
2567 2005 2739 2062 frater
2776 2007 3037 2062 fratribus
3068 2008 3387 2063 subveniret
3416 2008 3608 2063 merito

1997 2105 2051 2150 et
2087 2112 2187 2167 pro
2216 2096 2477 2152 fratribus
2506 2098 2703 2157 merito
2724 2096 3091 2153 satisfaceret.

2100 2223 2370 2289 Quomodo
2395 2224 2460 2277 de
2485 2226 2696 2293 virgine
2720 2227 2858 2278 Deus
2897 2226 3079 2291 factus
3100 2230 3177 2280 est
3215 2225 3368 2279 homo
3388 2226 3503 2278 sine

2362 2317 2572 2386 injuria
2597 2318 2957 2372 immunditiw
2973 2320 3241 2385 femineie.

2063 2425 2190 2479 Leo.
2215 2426 2272 2479 In
2305 2425 2545 2496 quodam
2577 2441 2679 2481 vos
2702 2426 2862 2481 valde
2892 2427 3140 2482 ridemus
3170 2434 3226 2482 et
3268 2428 3492 2483 insanos
3514 2430 3606 2499 ju-

1991 2512 2260 2569 dicamus.
2288 2516 2476 2570 Dicitis
2509 2517 2657 2570 enim
2691 2517 2884 2584 Deum,
2917 2517 2973 2571 in
3003 2518 3267 2572 maternis
3296 2518 3603 2572 visceribus

1987 2604 2200 2661 obceno
2230 2623 2451 2663 carcere
2482 2608 2642 2663 fetidi
2685 2610 2893 2664 ventris
2917 2610 3184 2676 clausum,
3217 2627 3412 2666 novem
3446 2628 3604 2666 men-

1985 2698 2139 2753 sibus
2170 2699 2300 2769 pati,
2352 2707 2405 2754 et
2434 2701 2657 2757 tandem
2690 2702 2950 2772 pudendo
3008 2702 3154 2757 exitu
3198 2703 3313 2774 (qui
3345 2704 3603 2758 intuitum

1997 2786 2453 2844 sineconfusione
2494 2805 2603 2846 non
2662 2791 2934 2861 admittit],
2992 2792 3205 2848 decimo
3258 2809 3447 2848 mense
3478 2809 3605 2864 pro-

1997 2877 2176 2951 gredi,
2200 2878 2504 2934 inferentes
2533 2881 2642 2934 Deo
2675 2887 2882 2935 tantum
2928 2881 3190 2947 dedecus,
3230 2889 3494 2953 quantum
3537 2882 3607 2936 de

1997 2963 2182 3031 nobis,
2210 2967 2463 3038 quamvis
2494 2983 2640 3037 vere,
2678 2968 2796 3022 sine
2827 2984 3026 3043 magna
3065 2980 3245 3024 tamen
3273 2969 3609 3024 verecundia

1920 3050 1970 3118 C
1993 3070 2101 3111 non
2132 3056 2385 3111 dicimus.
2417 3057 2546 3113 Ono.
2583 3060 2726 3113 Deus
2757 3059 2944 3113 omnia
2980 3058 3190 3130 implet,
3247 3067 3303 3115 et
3333 3070 3414 3114 est
3471 3060 3604 3114 ubi-

1990 3169 2100 3224 que
2130 3159 2292 3209 totus.
2359 3154 2488 3208 Cum
2522 3155 2690 3230 igitur
2729 3170 2837 3209 non
2872 3154 3118 3225 impleat,
3157 3162 3213 3209 et
3242 3154 3297 3209 in
3339 3155 3502 3210 nobis
3537 3155 3608 3210 sit

1991 3256 2137 3303 totus
2159 3249 2251 3319 qui
2278 3265 2467 3303 sumus
2498 3257 2837 3319 peccatores,
2862 3250 3218 3305 immunditia
3263 3258 3446 3305 tamen
3478 3267 3604 3321 pec-

1986 3344 2226 3393 catorum
2270 3346 2583 3395 nostrorum
2613 3355 2723 3395 non
2747 3340 3113 3415 contingitur,
3144 3340 3245 3395 sed
3270 3340 3604 3395 incontami-

1985 3436 2144 3484 natus
2172 3438 2360 3485 manet
2401 3438 2456 3486 et
2482 3433 2741 3487 mundus.
2802 3433 2995 3487 Omnia
3042 3433 3212 3499 videt,
3246 3439 3301 3487 et
3352 3432 3489 3487 nihil
3525 3433 3602 3487 illi

1988 3529 2168 3575 nocet.
2205 3522 2364 3577 Videt
2399 3522 2661 3577 tenebras
2703 3539 2733 3577 a
2776 3524 3023 3578 tenebris
3054 3540 3245 3594 purus,
3266 3523 3394 3594 quia
3422 3525 3520 3578 tua:
3548 3526 3606 3577 in

1988 3615 2219 3667 tenebris
2245 3614 2380 3667 lucet
2403 3612 2583 3681 (Joan.
2632 3612 2690 3681 ι).
2728 3621 2782 3667 et
2807 3629 2917 3667 nom
2946 3616 3087 3667 sicut
3114 3615 3229 3668 dies
3258 3615 3603 3668 illuminabi-

1989 3708 2078 3757 tur
2106 3705 2274 3771 (Psal.
2308 3703 2579 3771 cxxxvm).
2617 3701 2776 3756 Videt
2830 3710 3050 3773 peccata
3080 3704 3499 3769 mundissimus,
3554 3714 3608 3757 et

1991 3794 2288 3862 injustitias
2340 3802 2555 3851 nostras
2606 3796 2948 3865 justissimus
2997 3796 3126 3866 quia
3178 3797 3328 3863 juste
3390 3796 3608 3852 ordinat

1992 3907 2157 3946 omne
2192 3891 2392 3945 malum
2434 3891 2583 3963 quod
2623 3891 2790 3946 videt.
2836 3891 2967 3945 Nam
2998 3898 3346 3961 peccatorum
3398 3890 3604 3944 illumi-

1994 3983 2217 4038 natione
2256 3999 2364 4037 non
2414 3982 2713 4039 suffocatur
2740 3983 2926 4037 lumen
2953 3983 3197 4052 justitiae,
3238 3983 3378 4037 sicut
3422 3984 3607 4038 lumen

1995 4075 2159 4144 hujus
2198 4076 2392 4130 mundi
2421 4090 2753 4145 corporeum
2782 4090 2982 4145 corpus
3014 4074 3248 4129 illustrat
3296 4075 3604 4139 sordidum,

1995 4184 2101 4222 nec
2130 4167 2463 4223 sordidatur.
2497 4168 2638 4231 Quid
2670 4183 2802 4240 ergo
2832 4166 3130 4223 offenderis
3171 4168 3214 4221 si
3250 4168 3391 4222 Deus
3419 4170 3606 4223 conci-

1996 4262 2143 4333 pitur
2166 4263 2222 4317 in
2249 4262 2486 4337 virgine,
2511 4263 2603 4335 qui
2631 4280 2784 4318 suam
2809 4263 3137 4318 munditiam
3160 4271 3341 4319 servat
3355 4264 3561 4336 ubique
3578 4265 3607 4317 ξ)

1993 4349 2238 4419 Amplius
2266 4349 2376 4405 duo
2405 4357 2535 4405 sunt
2564 4351 2766 4422 quibus
2797 4351 2983 4406 omnia
3028 4351 3366 4422 judicamus,
3406 4369 3606 4408 sensus

272 4431 386 4470 ηοη
412 4414 604 4509 PSH”)
631 4413 751 4509 ίρδῖξ
778 4413 973 4487 gratia:
1001 4421 1059 4468 ιιι
1091 4416 1217 4481 iure
1243 4413 1458 4509 (“9an
1486 4415 1660 4509 ἕνξηίδ
1686 4415 1885 4471 facmm
1910 4415 1964 4482 D
1991 4445 2047 4494 et
2074 4413 2235 4506 ratio,
2278 4440 2375 4494 sed
2408 4440 2567 4495 aliter
2582 4413 2736 4495 .ratio
2761 4440 2993 4509 judicat,
3028 4413 3190 4497 aliter
3213 4413 3429 4497 sensus.
3463 4443 3602 4497 Sen—

272 4503 428 4575 quod
457 4503 691 4573 primum
727 4502 906 4556 fuerat
935 4518 1136 4577 magna
1179 4502 1352 4573 gratia
1391 4502 1747 4573 promissum.

273 4620 388 4675 Cur
422 4618 850 4684 satisfactionem
875 4618 1086 4685 peccati
1112 4631 1219 4670 non
1271 4616 1422 4670 debet
1449 4617 1587 4671 Deus
1611 4620 1708 4686 qui
1747 4633 1896 4673 omne

883 4705 1076 4759 bonum
1116 4705 1282 4759 dedit.

348 4792 475 4846 Leo.
517 4792 595 4846 Ad
636 4792 741 4846 hoc
796 4807 883 4846 me
921 4792 1107 4846 turbat
1155 4792 1304 4864 quod
1363 4792 1620 4863 superius
1677 4793 1888 4861 dixisti,

270 4889 442 4942 Deum
475 4902 585 4942 non
605 4887 812 4941 debere
843 4886 1161 4942 satisfacere
1194 4902 1294 4958 pro
1325 4894 1574 4957 peccato,
1598 4888 1700 4942 nisi
1735 4887 1892 4945 fieret

277 4981 468 5033 homo.
525 4976 778 5048 Magnum
835 4978 987 5033 enim
1031 4978 1238 5033 bonum
1281 4986 1362 5033 cst
1415 4980 1627 5050 peccati
1676 4981 1890 5035 satisfa-

271 5069 403 5125 ctio.
448 5068 553 5123 Sed
586 5084 751 5124 omne
783 5069 987 5125 bonum
1020 5070 1089 5123 ab
1120 5086 1187 5125 eo
1218 5071 1423 5144 estqui
1456 5088 1669 5127 summe
1710 5072 1891 5128 bonus

273 5167 371 5216 est.
443 5158 728 5223 Quomodo
773 5176 905 5234 ergo
937 5161 1143 5216 dictum
1203 5171 1286 5216 est
1327 5163 1492 5218 Deum
1534 5178 1645 5219 non
1687 5164 1891 5220 debere

276 5253 459 5308 facere
488 5253 634 5324 quod
683 5269 841 5308 suum
889 5253 1012 5307 est?
1067 5254 1197 5318 Quis
1242 5255 1419 5328 magis
1466 5253 1636 5310 debet
1680 5256 1886 5312 bonum

273 5357 438 5414 quam
461 5341 555 5395 ille
583 5359 613 5395 a
645 5358 754 5412 quo
777 5348 862 5395 est
888 5358 1054 5415 omne
1086 5342 1291 5397 bonum
1316 5341 1345 5395 Ἰ
1383 5343 1556 5399 Debet
1586 5361 1717 5418 ergo
1744 5346 1889 5400 Deus

273 5435 670 5492 satisfactionis
689 5436 926 5502 bonum,
957 5436 1050 5507 qui
1084 5437 1250 5492 debet
1288 5452 1455 5491 omne
1487 5437 1711 5492 bonum.
1750 5438 1885 5493 Ooo.

275 5530 421 5583 Deus
451 5527 638 5593 debet,
664 5534 718 5582 et
747 5543 857 5582 non
890 5528 1075 5595 debet,
1104 5528 1233 5598 quia
1275 5529 1493 5583 duobus
1521 5529 1703 5584 modis
1728 5530 1890 5584 dehi-

278 5626 390 5671 tum
452 5615 683 5670 dicitur:
741 5615 983 5669 debitum
1031 5617 1242 5689 gratiae,
1294 5623 1349 5670 et
1393 5617 1638 5672 debitum
1687 5619 1887 5673 meriti.

279 5711 527 5768 Forsitan
559 5708 707 5764 enim
739 5709 995 5777 adjuvare
1028 5711 1208 5766 debeo
1238 5712 1385 5765 hunc
1429 5711 1649 5781 quidem
1680 5710 1893 5766 meritis

1996 4543 2089 4581 sus
2118 4544 2219 4582 usu
2264 4536 2319 4582 et
2347 4528 2578 4584 libidine
2607 4529 2839 4596 judicat,
2881 4537 2936 4585 et
2982 4530 3285 4601 cupiditate
3311 4539 3365 4586 et
3407 4533 3601 4586 horum

1997 4620 2306 4674 contrariis.
2342 4620 2545 4675 Usitata
2564 4621 2912 4692 praeferimus
2939 4623 3235 4690 inusitatis,
3259 4624 3414 4678 utilia
3449 4624 3606 4679 dam-

1992 4709 2163 4774 nosis,
2207 4710 2259 4763 id
2289 4711 2437 4781 quod
2460 4726 2628 4766 suave
2656 4711 2792 4766 libet
2818 4712 2868 4766 ei
2912 4713 3061 4784 quod
3094 4714 3323 4769 insuave
3353 4713 3600 4770 offendit.

1996 4799 2148 4854 Ratio
2199 4814 2328 4854 vero
2377 4800 2640 4855 subtilius
2700 4801 2777 4854 rei
2839 4809 3085 4856 naturam
3128 4802 3376 4874 inquirit.
3449 4805 3603 4859 Ratio

1993 4905 2233 4961 namque
2262 4889 2501 4944 animata
2550 4889 2770 4960 praefert
2801 4891 3149 4959 inanimatis,
3206 4893 3493 4948 sensibilia
3525 4893 3603 4947 in-

1991 4978 2372 5045 sensibilibus,
2403 4979 2647 5034 cmlestia
2677 4980 2932 5035 terrenis.
2967 4979 3135 5036 Citius
3163 4982 3309 5036 enim
3344 4982 3497 5057 eligit
3524 5000 3607 5036 rn-

1991 5069 2166 5123 sticus
2205 5069 2385 5141 perire
2426 5075 2737 5138 serpentem
2790 5069 2857 5123 de
2915 5068 3182 5124 foramine
3225 5080 3393 5141 petrae
3441 5087 3602 5143 quam

1993 5170 2198 5235 petram
2232 5163 2301 5216 de
2326 5176 2426 5217 suo
2455 5160 2683 5231 pariete,
2717 5161 3012 5216 consulens
3042 5162 3348 5233 cupiditati,
3380 5173 3435 5218 et
3457 5164 3607 5221 visus

1989 5252 2262 5317 suavitati,
2286 5251 2417 5323 quia
2448 5250 2712 5305 horribile
2734 5257 2817 5306 est
2834 5251 3023 5307 videre
3053 5261 3394 5323 serpentem,
3423 5265 3477 5310 et
3494 5272 3603 5311 non

1991 5354 2074 5399 est
2102 5344 2367 5399 horribile
2390 5343 2651 5413 lapidem.
2699 5344 2856 5399 Ratio
2877 5361 3008 5399 vero
3040 5355 3356 5415 serpentem
3386 5349 3608 5418 praefert

1991 5436 2294 5507 quamlibet
2334 5435 2575 5506 pretioso
2616 5435 2810 5507 lapidi.
2841 5437 3048 5493 Sensus
3081 5438 3306 5509 przefert
3336 5439 3603 5509 optimam

1992 5527 2216 5582 domum
2247 5526 2527 5601 frugiferae
2563 5527 2766 5592 arbori,
2800 5535 2861 5583 ut
2900 5529 3054 5583 malit
3099 5530 3345 5583 arborem
3396 5528 3604 5582 succidi

1992 5632 2155 5687 quam
2188 5616 2411 5671 domum
2445 5617 2715 5671 comburi.
2743 5617 2898 5673 Ratio
2922 5634 3052 5671 vero
3083 5617 3399 5670 inanimatze
3416 5615 3603 5668 domui

1995 5707 2246 5762 arborem
2272 5708 2571 5761 animatam
2599 5708 2855 5777 praefert;
2883 5708 3069 5762 mallet
3128 5704 3362 5758 rusticus
3408 5704 3608 5758 multas
