3938 6206
444 288 497 340 11
521 288 570 338 ιι
1682 282 1739 337 B.
1782 279 2018 336 onoms
2058 235 2275 334 amca
2309 278 2517 334 EPISC.
3643 285 3793 340 me

438 424 583 478 feras
612 423 789 494 perire
819 421 874 476 in
903 421 1039 476 silva
1068 437 1231 492 quam
1274 436 1442 475 unum
1472 421 1541 475 de
1566 421 1846 490 marsupio
1873 420 2045 474 dena—
2074 422 2124 489 Α
2153 434 2291 482 rem,
2314 416 2637 488 spurcitiam
2671 415 2871 491 refugit
2911 422 3104 472 tactus.
3154 417 3294 473 Ecce
3319 418 3596 487 judicium
3648 435 3797 474 sen-

439 512 600 577 rium,
656 527 781 566 cum
813 518 995 565 tamen
1035 509 1173 564 ratio
1229 524 1337 564 non
1391 509 1603 577 judicct
1653 508 1822 563 ullum
1874 508 2042 563 dena-
2148 528 2243 567 sus
2271 512 2378 567 tale
2408 521 2491 567 est
2521 513 2589 567 de
2621 529 2700 579 re,
2742 511 2831 568 cui
2864 528 2968 567 nec
2996 511 3195 568 malum
3225 513 3536 585 comparari
3561 520 3781 585 potest.

437 603 580 659 rium
630 602 854 658 animali
910 600 1339 672 comparandum
1437 601 1728 671 Malletque
1810 600 2049 655 rusticus
2149 600 2201 654 Sl
2244 606 2490 655 nostrum
2542 615 2743 670 corpus
2783 605 2995 655 tantum
3044 606 3146 666 est,
3180 600 3273 672 qui
3321 611 3648 672 peccatores
3687 618 3790 657 su-

439 693 625 762 plures
680 692 869 747 stellas
920 691 1101 761 perire
1166 691 1235 745 de
1285 690 1424 746 curio
1496 706 1658 761 quam
1737 706 1902 743 unam
1956 705 2045 743 ar-
2148 705 2291 754 mus,
2326 688 2459 760 quid
2484 689 2552 743 de
2594 704 2826 759 corpore
2855 689 3089 761 virginis
3117 689 3388 757 dicemus,
3438 692 3508 746 de
3539 708 3654 763 qua
3687 708 3790 747 na-

440 781 724 838 busculam
782 782 851 835 de
927 795 1079 851 agro,
1158 796 1280 833 cum
1344 785 1529 833 tamen
1602 777 1847 832 etelestia
1931 784 2045 831 ter-
2150 786 2237 831 tus
2258 788 2341 831 est
2380 778 2663 833 Dominus.
2691 778 2843 833 Certe
2872 778 2940 833 de
2974 778 3068 833 illa
3099 779 3238 834 dixit
3275 779 3507 853 angelus
3549 788 3791 836 sanctus

441 875 589 930 renis
636 874 782 943 juste
840 878 1123 943 praeponat
1180 870 1336 925 ratio.
1398 870 1487 925 Sic
1538 885 1734 925 sensus
1789 870 2047 940 pudenda
2150 867 2402 922 Gabriel:
2446 869 2637 923 Gratia
2675 870 2843 939 plena
2883 870 3034 940 (Luc.
3073 871 3130 940 ι).
3175 869 3231 924 Si
3259 871 3443 941 plena,
3481 870 3626 925 nihil
3660 872 3791 940 ejus

441 972 626 1019 nostra
681 972 735 1017 et
790 961 995 1016 viscera
1061 959 1352 1029 vilipendit
1392 966 1447 1013 et
1504 967 1771 1025 stercora,
1832 966 1886 1013 et
1950 959 2049 1012 im-

444 1050 900 1120 mundajudicat.
936 1049 1091 1104 Ratio
1138 1056 1317 1103 autem
1376 1047 1512 1101 nihil
1538 1048 1750 1116 judicat
1810 1049 2049 1103 immun-

441 1147 571 1200 dum
599 1151 794 1216 praeter
824 1152 1131 1214 peccatum,
1164 1143 1293 1214 quia
1323 1142 1508 1197 omnia
1542 1142 1748 1197 creavit
1782 1144 1925 1197 Deus
1953 1144 2049 1198 bo-

442 1250 509 1287 na
540 1234 692 1303 (Gen.
735 1236 790 1298 ι).
837 1231 945 1285 Hoc
991 1231 1171 1301 ipsum
1201 1236 1429 1285 testatur
1452 1229 1799 1304 Evangelium
1833 1230 2050 1285 Domini

438 1330 599 1383 Jesu:
650 1330 769 1383 Non
797 1328 918 1381 totis
966 1326 1215 1380 manibus
1260 1327 1595 1379 manducare
1645 1342 1749 1379 non
1801 1328 2048 1395 coinqui-

440 1422 535 1470 nat
584 1416 867 1470 hominem.
914 1416 1077 1471 Omne
1104 1415 1249 1484 quod
1296 1417 1471 1469 intrat
1500 1417 1557 1468 in
1605 1430 1660 1469 os
1709 1416 1767 1468 in
1815 1419 2049 1469 ventrem

437 1512 611 1577 vadit,
643 1516 692 1564 et
720 1513 777 1564 in
818 1526 1075 1565 secessum
1132 1510 1451 1575 dimittitur,
1492 1515 1540 1564 et
1586 1526 1691 1564 non
1731 1512 2050 1579 coinquinat

438 1608 717 1660 hominem.
743 1607 870 1672 Qum
889 1611 1061 1660 autem
1112 1606 1178 1659 de
1202 1606 1362 1660 corde
1399 1610 1616 1670 earcunt,
1654 1606 1829 1671 furta,
1878 1606 2051 1659 homi-

436 1696 598 1758 cidia,
639 1695 932 1760 adulteria,
973 1695 1081 1749 haec
1110 1698 1235 1747 sunt
1264 1709 1383 1763 quae
1408 1695 1765 1762 coinquinant
1789 1694 2051 1747 hominem

438 1786 651 1857 (Matth.
696 1789 802 1856 xv).
865 1786 952 1840 His
1002 1786 1300 1841 concordat
1344 1784 1634 1855 Apostolus
1674 1794 1878 1851 noster,
1940 1785 2053 1855 pri-

439 1896 587 1934 mum
628 1877 1046 1933 vesterJudazus
1075 1883 1131 1931 et
1159 1877 1214 1930 in
1250 1876 1371 1949 lege
1399 1876 1613 1942 doctus,
1645 1876 1808 1931 modo
1849 1892 1908 1930 se
1939 1876 2052 1930 eri-

436 1988 576 2046 gens
603 1980 794 2027 contra
831 1986 947 2037 vos,
983 1970 1076 2041 qui
1110 1969 1379 2042 quosdam
1413 1970 1566 2025 cibos
1620 1970 1927 2024 secundum
1977 1970 2051 2024 le-

438 2081 561 2137 gem
590 2063 854 2133 judicatis
890 2062 1237 2117 immundos:
1294 2063 1477 2118 Omnis
1508 2069 1759 2118 creatura
1789 2066 1888 2118 Dei
1914 2065 2051 2118 bona

437 2157 535 2219 cst,
569 2157 619 2206 et
658 2152 799 2206 nihil
848 2152 1201 2220 reﬁciendum
1247 2153 1390 2221 quod
1427 2168 1545 2206 cum
1601 2155 1904 2220 gratiamm
1961 2170 2052 2208 ac-

439 2246 580 2297 tione
602 2245 913 2312 percipitur
952 2244 1001 2308 (I
1053 2244 1187 2296 Tim.
1220 2254 1307 2303 IV).
1370 2243 1535 2298 Porro
1575 2259 1697 2298 cum
1752 2243 1837 2298 lex
1882 2245 2052 2299 multa

432 2335 646 2404 judicet
673 2334 979 2388 secundum
1021 2350 1243 2389 sensum
1303 2335 1608 2403 immunda,
1640 2352 1769 2391 ecce
1803 2337 2051 2410 Evange-

438 2425 569 2478 lium
629 2423 843 2478 Domini
899 2422 1050 2489 Jesu,
1094 2433 1149 2477 et
1187 2423 1305 2491 ejus
1342 2424 1715 2494 apostolorum
1775 2424 2046 2492 doctrina,

430 2515 644 2585 judicio
675 2514 906 2570 rationis
946 2529 1165 2569 omnem
1196 2522 1507 2570 creaturam
1570 2515 1769 2571 bonam
1819 2516 1954 2570 dicit
1993 2527 2047 2573 et

436 2608 716 2662 mundam.
774 2606 928 2662 Ratio
970 2606 1259 2678 praefertur
1296 2608 1503 2675 sensui,
1544 2614 1599 2662 et
1652 2608 1719 2663 de
1787 2609 2047 2663 sensibus

431 2698 663 2766 judicat.
700 2697 911 2751 Sensus
942 2705 1124 2752 autem
1159 2696 1401 2767 aspirare
1434 2697 1625 2769 nequit
1655 2696 1722 2751 ad
1752 2697 2043 2765 rationem,

435 2792 532 2844 sed
563 2789 765 2845 subtile
798 2788 1030 2844 rationis
1056 2789 1351 2857 judicium,
1378 2790 1603 2844 stultum
1632 2806 1778 2859 saepe
1800 2796 1953 2860 putat
1992 2796 2045 2843 et

435 2884 710 2937 insanum.
747 2882 853 2936 Nos
874 2888 1081 2946 autem,
1101 2880 1408 2951 postposito
1430 2881 1612 2936 carnis
1628 2897 1816 2947 sensu,
1849 2880 1919 2934 de
1943 2881 2047 2935 hu-

436 2988 598 3029 mano
633 2988 863 3043 corpore
896 2973 1035 3027 duce
1066 2972 1278 3026 ratione
1305 2971 1720 3027 consideramus
1746 2972 1895 3042 quod
1918 2972 2046 3025 uni-

433 3070 542 3119 tate
568 3080 820 3134 personae
842 3063 1009 3119 menti
1025 3063 1277 3134 junctum
1294 3072 1349 3118 et
1374 3080 1496 3118 cum
1537 3079 1601 3117 ea
1631 3070 1892 3117 aeternam
1915 3064 2043 3118 uni-

434 3164 600 3212 tatem
630 3156 971 3224 habiturum,
1013 3156 1241 3210 honoris
1278 3172 1499 3226 semper
1528 3156 1805 3227 particeps
1837 3156 1924 3211 vel
1952 3158 2043 3212 dc-

431 3249 650 3304 decoris
701 3248 852 3304 omni
895 3248 1115 3319 corpori
1157 3248 1532 3319 praeponimus
1586 3248 1848 3303 mundius
1890 3248 2041 3316 lima,

429 3340 545 3394 sole
574 3338 891 3410 pretiosius,
930 3344 1220 3392 venturum
1266 3338 1332 3391 ad
1356 3336 1648 3406 judicium,
1696 3347 1751 3392 et
1788 3354 1912 3392 cum
1944 3355 2042 3394 sua

432 3436 613 3484 mente
644 3427 872 3503 gloriam
900 3428 986 3483 vel
1021 3443 1214 3497 poenas
1242 3427 1571 3492 subiturum,
1606 3433 1865 3482 aeternam
1901 3428 1955 3482 in
1978 3445 2040 3483 se

430 3526 523 3579 Dei
566 3524 649 3578 vel
677 3522 981 3579 ostendens
1009 3521 1463 3587 misericordiam,
1507 3521 1593 3575 vel
1634 3522 1849 3591 patiens
1875 3522 2039 3592 justi-

427 3612 578 3678 tiam,
613 3611 851 3667 animale
873 3612 1059 3680 modo,
1083 3613 1180 3667 sed
1210 3613 1497 3684 spirituale
1528 3612 1767 3668 futurum
1798 3614 1853 3668 in
1880 3614 2035 3685 judi-

429 3701 535 3758 cio.
588 3701 728 3764 Quid
769 3717 999 3773 usquam
1053 3701 1197 3756 inter
1235 3716 1466 3772 corpora
1521 3701 1851 3755 sublimatur
1888 3709 2038 3757 tanta

429 3793 828 3867 praerogativa?
866 3793 919 3847 Si
962 3794 1160 3848 omium
1197 3808 1480 3863 comparo,
1516 3808 1627 3847 non
1660 3794 1936 3849 convenit.
1979 3794 2035 3847 Si

425 3887 556 3943 solis
586 3886 980 3957 stellarumque
1006 3885 1276 3959 fulgorem
1309 3886 1484 3940 oculis
1523 3885 1826 3956 pretiosum
1849 3885 2029 3941 consi-

2078 1740 2128 1806 B

2148 959 2377 1015 omnino
2408 967 2525 1015 erat
2557 976 2789 1017 vacuum
2809 961 3007 1035 gratia.
3041 962 3191 1017 Nihil
3231 979 3364 1038 ergo
3392 965 3515 1033 ejus
3545 972 3791 1034 peccato

2150 1050 2396 1117 vacabat,
2433 1052 2592 1120 cujus
2613 1059 2788 1107 totum
2825 1053 3001 1125 gratia
3024 1053 3311 1126 implebat.
3354 1056 3527 1131 Igitur
3563 1056 3787 1130 glorio-

2150 1161 2243 1200 sus
2282 1161 2464 1213 sexus,
2503 1146 2782 1218 gloriosus
2830 1155 3045 1217 venter,
3096 1149 3341 1223 gloriosa
3380 1150 3618 1216 viscera,
3661 1152 3788 1226 glo-

2151 1239 2359 1294 riosum
2388 1246 2582 1307 totum,
2612 1240 2762 1313 quod
2792 1247 2965 1297 totum
2995 1243 3174 1317 gratia
3202 1244 3452 1315 plenum.
3483 1244 3622 1299 Vere
3658 1261 3792 1298 mu-

2150 1328 2250 1383 lier
2276 1328 2368 1383 illa
2388 1345 2609 1384 sensum
2644 1329 2967 1395 excedebat,
3012 1330 3237 1386 cordata
3271 1339 3417 1399 erat,
3451 1348 3577 1403 quae
3609 1332 3790 1386 dixit:

2150 1422 2344 1475 Beatus
2372 1425 2554 1475 venter
2579 1424 2675 1490 qui
2700 1425 2748 1475 te
2770 1424 3033 1490 portavit,
3099 1427 3149 1475 et
3186 1423 3357 1478 ubera
3412 1439 3531 1493 quae
3581 1427 3797 1478 suristi

2152 1512 2296 1582 (Luc.
2331 1514 2412 1582 ιι).
2450 1512 2548 1566 Ubi
2587 1518 2669 1567 est
2698 1513 2847 1583 quod
2878 1512 3087 1580 dixisti,
3120 1512 3482 1567 immunditia
3513 1511 3789 1577 feminea,

2151 1601 2429 1655 obscenus
2463 1616 2669 1667 carcer,
2727 1607 2922 1655 venter
2953 1599 3203 1656 fetidus?
3234 1600 3528 1668 Confitere,
3582 1601 3783 1664 miser,

2151 1692 2435 1747 stultitiam
2479 1698 2646 1745 tuam.
2693 1692 2952 1763 Nunquid
2985 1701 3115 1747 tunc
3154 1699 3271 1747 erat
3326 1693 3602 1749 sensualis
3649 1710 3784 1749 cum

2152 1786 2506 1854 animalibus,
2539 1786 2659 1841 sine
2684 1786 2895 1842 ratione
2919 1802 3043 1841 cum
3067 1785 3433 1842 hominibus?
3463 1786 3590 1842 Hmc
3619 1787 3788 1861 virgo

2152 1878 2292 1933 facta
2333 1887 2416 1933 est
2454 1878 2510 1932 in
2564 1885 2835 1949 conceptu
2873 1894 2995 1946 suo,
3040 1879 3314 1935 thalamus
3371 1879 3790 1950 omnipotentis

2152 1971 2269 2032 Dei.
2295 1972 2594 2026 sacrarium
2646 1971 2886 2042 Spiritus
2937 1971 3132 2027 sancti.
3167 1973 3229 2025 ln
3265 1987 3376 2043 qua
3422 1971 3790 2044 singulariter

2154 2076 2208 2121 et
2236 2066 2345 2121 alio
2376 2066 2541 2121 modo
2570 2066 2841 2121 habitavit
2869 2066 3013 2122 Deus
3043 2082 3208 2138 quam
3248 2065 3413 2121 etiam
3456 2066 3512 2119 in
3539 2067 3789 2120 summis

2152 2158 2458 2213 cazlestium
2501 2159 2765 2213 virtutum
2807 2158 3117 2229 spiritibus.
3168 2158 3333 2228 Cujus
3371 2157 3666 2213 beatorum
3699 2158 3786 2212 vi-

2151 2262 2364 2300 scerum
2396 2256 2607 2301 secreta
2635 2255 2787 2302 tanto
2821 2247 3095 2303 sanctiora
3125 2254 3299 2312 erant,
3321 2247 3432 2303 imo
3468 2247 3784 2310 diviniora,

2151 2345 2357 2409 quanto
2390 2337 2715 2393 familiarius
2770 2338 2843 2392 ibi
2886 2339 3233 2410 pullulahant
3259 2339 3445 2393 divina
3489 2339 3782 2408 mysteria.

2154 2431 2317 2485 Beata
2344 2431 2521 2501 virgo,
2552 2431 2620 2485 de
2652 2430 2811 2499 cujus
2839 2431 3145 2487 visceribus
3199 2430 3566 2486 sumebantur
3602 2431 3785 2485 semi-

2149 2519 2294 2572 nalia
2324 2535 2447 2589 quas
2491 2517 2689 2573 fierent
2721 2520 2862 2573 Deus
2925 2518 3065 2582 Quid
3112 2519 3168 2573 in
3199 2524 3312 2574 tota
3342 2526 3601 2573 creatura
3639 2535 3784 2574 san-

2147 2610 2309 2676 ctius,
2341 2610 2475 2681 quid
2492 2610 2772 2678 mundius,
2790 2610 2924 2681 quid
2943 2610 3157 2681 plurius
3178 2626 3346 2682 quam
3376 2610 3541 2684 Virgo
3557 2610 3628 2665 de
3663 2629 3782 2683 qua

2148 2703 2473 2757 sumebatur
2518 2703 2666 2773 quod
2697 2700 2855 2757 fieret
2892 2701 3036 2756 Deus
3066 2702 3094 2755 ‘t
3152 2701 3190 2757 Ο
3220 2708 3433 2768 venter,
3463 2717 3495 2756 ο
3529 2701 3777 2767 viscera,

2148 2791 2203 2845 in
2245 2790 2447 2862 quibus
2474 2798 2527 2847 et
2557 2792 2625 2846 de
2652 2791 2854 2863 quibus
2905 2790 3127 2848 Creator
3162 2792 3477 2855 creabatur,
3507 2793 3653 2847 Deus
3688 2793 3783 2847 in-

2147 2880 2491 2935 carnabatur.
2525 2880 2682 2935 Certe
2712 2888 2908 2936 caetera
2939 2881 3222 2937 hominum
3276 2896 3511 2952 corpora
3565 2889 3782 2953 praetu-

2147 2973 2312 3028 limus
2341 2974 2603 3030 omnibus
2631 2974 2978 3045 corporibus.
3016 2975 3189 3046 Hujus
3215 2982 3398 3031 autem
3428 2976 3778 3032 beatissimae

2066 3092 2117 3162 C
2143 3066 2373 3138 virginis
2412 3081 2615 3137 corpus
2653 3067 2821 3122 etiam
2862 3066 3130 3139 angelicis
3189 3067 3422 3139 praefero
3482 3068 3780 3140 spiritibus

2142 3157 2211 3212 de
2241 3174 2349 3229 quo
2375 3158 2548 3213 voluit
2573 3160 2718 3213 Deus
2751 3160 2899 3213 unde
2926 3158 3088 3215 ﬁeret
3117 3175 3334 3215 sumere
3368 3160 3439 3215 de
3467 3176 3578 3232 quo
3598 3164 3775 3231 coepit

2143 3249 2287 3318 quod
2315 3247 2760 3318 inseparabiliter
2788 3247 3010 3302 sibimet
3043 3248 3246 3311 uniret,
3290 3248 3436 3303 unde
3477 3258 3650 3303 terras
3677 3266 3769 3304 re-

2144 3336 2399 3403 dimeret,
2434 3335 2633 3391 ccelum
2680 3336 3016 3400 restitueret,
3057 3337 3208 3392 unde
3245 3338 3619 3408 spoliarentur
3663 3340 3765 3393 in-

2142 3428 2304 3495 ferni,
2337 3437 2480 3484 terra
2506 3430 2899 3498 medicaretur,
2950 3431 3349 3502 perficerentur
3385 3433 3652 3500 ccelestia,
3689 3436 3762 3489 ad

2139 3522 2287 3591 quod
2330 3521 2538 3575 nullum
2571 3522 2739 3596 elegit
2764 3522 3072 3578 caelestium
3095 3523 3411 3594 spirituum.
3448 3524 3577 3579 Lso.
3637 3526 3759 3579 Au-

2140 3609 2255 3677 dio,
2287 3611 2433 3682 quod
2465 3611 2701 3681 amplius
2753 3627 2865 3668 non
2895 3612 3102 3679 audivi,
3138 3614 3402 3669 hactenus
3423 3614 3627 3669 nescivi
3655 3632 3760 3671 vos

2138 3699 2304 3753 tantis
2334 3699 2639 3754 rationibus
2669 3699 2850 3755 fultos.
2887 3700 3021 3756 Ono.
3065 3700 3170 3756 Cur
3222 3717 3355 3774 ergo
3386 3718 3497 3758 non
3534 3704 3759 3760 credis?

2140 3788 2266 3843 Leo.
2329 3789 2466 3854 Quia
2516 3790 2800 3847 veritatem
2842 3792 2920 3846 rei
2973 3799 3176 3848 nostrae
3236 3809 3348 3849 non
3387 3795 3567 3850 audeo
3595 3812 3746 3851 com-

2136 3881 2352 3937 mittere
2407 3882 2592 3936 verbis
2637 3882 2852 3938 vestris.
2903 3883 3043 3939 Ooo.
3130 3884 3259 3952 Has,
3342 3885 3528 3950 frater,
3585 3890 3746 3944 Acar-

423 3979 577 4044 dcro,
612 3978 793 4033 minus
822 3977 1079 4033 occurrit.
1114 3977 1254 4041 Quid
1294 3992 1423 4032 vero
1478 3975 1717 4031 sensus?
1768 3978 1825 4031 [n
1881 3983 2031 4032 tanto
2132 3975 2222 4041 de,
2275 3976 2467 4030 Judaeo
2534 3975 2750 4031 reddidi
2818 3977 3059 4033 rationes
3112 3978 3183 4033 de
3245 3979 3489 4035 adventu
3528 3982 3745 4047 Christi,

421 4084 531 4123 non
560 4068 717 4122 timet
744 4066 977 4122 stolidus
1014 4066 1326 4136 vituperare
1350 4066 1500 4137 quod
1527 4066 1802 4137 displicet.
1836 4067 2031 4122 Horret
2131 4067 2457 4140 cogentibus
2505 4083 2594 4122 me
2622 4068 2875 4139 quaedam
2915 4069 3174 4125 subtilius
3204 4071 3490 4142 disputare
3516 4074 3749 4144 quibus-

417 4158 567 4213 visus
605 4155 991 4228 pudendorum
1025 4154 1277 4227 ﬁguram,
1330 4171 1491 4210 nares
1520 4155 1863 4212 subsannant
1889 4157 2029 4212 odo-
2130 4158 2254 4212 dam
2292 4157 2588 4214 Catholicis
2608 4159 2703 4229 qui
2735 4158 3038 4215 intererant
3068 4175 3166 4230 pro
3194 4161 3379 4217 Judaei
3412 4171 3584 4234 parte.

1008 4483 1135 4627 DE
1209 4481 1867 4633 BLASPHEMIA
1934 4486 2032 4631 ΙΝ
2098 4484 2584 4634 SPIRITUll
2655 4486 3135 4636 SANGTUM

1070 4903 1355 4972 Prologus.

2043 4930 2098 4998 D
2122 4936 2474 4985 consecratus
2502 4929 2570 4984 ab
2613 4927 2855 4984 Ecclesia
2884 4940 3232 4997 acceperam,
3268 4924 3423 4981 dono
3454 4925 3741 4995 imperato-

2123 5022 2198 5076 ris
2231 5021 2431 5076 iterum
2462 5019 2715 5090 accipere
2744 5033 2853 5073 non
2888 5014 3332 5087 acquiescebam.
3369 5013 3617 5086 Cumque
3642 5012 3738 5067 fra-

2125 5123 2204 5170 ter
2226 5112 2544 5185 praedictus,
2569 5126 2782 5167 mecum
2806 5124 2956 5180 saepe
2987 5107 3224 5178 loquens
3241 5105 3313 5161 de
3341 5105 3735 5176 spiritualibus,

2123 5205 2403 5277 praedictae
2422 5203 2745 5276 quaestionis
2772 5200 3109 5257 solutionem
3139 5213 3171 5252 a
3192 5213 3281 5251 me
3301 5197 3541 5253 devotus
3562 5196 3738 5270 exige-

2122 5301 2223 5361 ret,
2257 5292 2550 5348 mittebam
2604 5304 2729 5345 eum
2771 5288 2839 5343 ad
2896 5286 3276 5358 expositiones
3315 5285 3734 5341 orthodoxorum

2124 5387 2371 5443 Patrum.
2404 5386 2511 5441 Sed
2533 5384 2759 5439 dicebat
2787 5398 2884 5437 eos
2913 5397 3025 5437 non
3042 5387 3277 5435 tractare
3303 5380 3619 5434 secundum
3638 5392 3737 5431 mo-

482 5019 554 5073 De
595 5018 940 5088 blasphemia
968 5017 1143 5073 sancti
1172 5018 1409 5088 Spiritus
1435 5033 1494 5073 se
1525 5017 1923 5089 conscripsisse
1952 5019 2023 5073 li-

409 5106 611 5161 bellum
646 5107 780 5162 dicit
809 5106 863 5161 in
921 5106 1240 5163 Enchiridio
1281 5108 1474 5163 beatus
1506 5108 1858 5182 Augustinus.
1910 5109 2019 5163 Sed

411 5196 498 5250 hic
527 5197 669 5253 liber
704 5198 759 5252 in
793 5214 942 5254 meas
975 5216 1170 5255 manus
1201 5216 1311 5255 non
1361 5200 1576 5265 incidit,
1618 5216 1723 5255 nec
1776 5199 2016 5272 aliquem

406 5289 519 5344 scio
550 5306 640 5345 me
668 5291 873 5348 vidisse
896 5294 991 5366 qui
1024 5294 1237 5367 legerit.
1265 5295 1418 5350 Unde
1441 5295 1887 5368 conquerebatur
1904 5312 2020 5351 me-

406 5392 529 5430 cum
545 5378 973 5438 virvenerabilis
994 5384 1295 5450 Amandus,
1326 5384 1801 5456 Acquicinotensis
1823 5400 2019 5440 mona-

405 5469 559 5535 chus,
585 5472 732 5539 quod
764 5479 926 5530 tantae
948 5477 1270 5548 quaestionis
1301 5478 1502 5535 solutio
1534 5493 1646 5533 non
1676 5478 2021 5534 inveniretur
2122 5477 2222 5532 dos
2260 5473 2626 5530 dubitationis
2659 5487 2772 5526 suae
2826 5486 2930 5525 nec
2980 5485 3081 5541 per
3120 5483 3315 5522 eorum
3349 5467 3735 5539 expositionem

404 5559 617 5613 anxius.
662 5558 781 5615 Erat
806 5564 950 5619 enim
982 5567 1116 5621 mihi
1147 5576 1279 5622 tunc
1308 5568 1704 5639 Acquicinotus
1743 5569 1903 5624 dulce
1932 5584 2017 5624 re-
2122 5568 2329 5625 auferri
2361 5567 2469 5622 sibi
2502 5581 2665 5637 posse
2696 5562 3124 5619 dubitationem.
3161 5561 3357 5632 Itaque
3385 5561 3589 5616 melius
3614 5556 3735 5612 mihi

402 5645 616 5720 fugiam
648 5651 824 5705 exsilii
866 5657 994 5723 mei,
1036 5658 1167 5729 quia
1198 5665 1471 5728 potestate
1514 5661 1666 5734 regia
1705 5660 1951 5730 pellebar
1986 5677 2017 5715 a
2119 5662 2297 5717 visum
2337 5666 2420 5714 est
2447 5674 2589 5714 onus
2611 5656 2916 5727 suscipere,
2953 5653 3099 5721 (licet
3139 5653 3211 5709 sit
3239 5653 3551 5724 rucndum)
3582 5666 3734 5723 quam

398 5740 529 5793 sede
567 5736 970 5816 Cameracensi,
1028 5752 1180 5824 quod
1210 5752 1417 5822 virgam
1460 5762 1516 5810 et
1571 5756 1859 5821 annulum,
1893 5771 2015 5827 quae
2120 5751 2341 5824 penitus
2363 5748 2638 5824 negando,
2670 5744 2987 5818 superbiam
3011 5748 3188 5814 putet,
3211 5742 3298 5799 vel
3330 5748 3734 5814 contemptum.
