3938 6206
261 290 404 344 1113

1369 287 1449 341 DE
1488 285 1901 342 BLASPHEMIA
1941 287 1997 341 S.
2040 286 2106 341 IN
2145 284 2479 342 SPIRITUM.

3436 291 3576 347 HM

249 428 304 475 et
332 421 478 476 malo
508 426 567 475 ut
593 418 777 475 videat
799 434 884 473 me
914 433 1023 474 non
1049 433 1210 490 posse
1237 418 1489 474 sudando
1515 418 1859 474 fatiscentem
1887 423 1938 490 Α
1966 415 2127 471 rium.
2158 417 2291 471 Nam
2326 433 2444 486 quas
2496 420 2852 488 participatio
2908 422 3017 475 luci
3053 422 3130 476 ad
3173 421 3412 478 tenebras
3440 426 3468 478 ?
3505 424 3582 492 (II

248 529 414 584 quam
447 527 507 566 se
547 510 779 581 repulsa:
813 510 1035 581 pudeat,
1068 527 1155 565 me
1200 518 1567 581 postponente
1598 511 1859 565 laborem.

250 601 526 655 Animavit
553 600 718 655 etiam
740 599 970 653 multum
987 599 1212 655 libellus
1231 601 1307 655 De
1331 598 1587 674 originali
1614 605 1859 669 peccato,

248 710 413 764 quem
466 691 680 747 noviter
708 691 1166 761 conscripseram,
1206 692 1265 746 in
1306 707 1416 763 quo
1444 689 1697 746 aestuanti
1729 689 1860 744 mihi

247 789 610 837 occurrerunt
641 779 809 834 multa
848 795 970 851 quae
1011 778 1345 834 nesciebam.

246 917 416 983 Quoto
446 931 664 981 canone,
692 917 868 984 quotis
899 915 1158 984 capitulis
1184 916 1463 970 invenitur
1488 916 1546 968 in
1564 914 1861 982 Evangelia

752 1007 1087 1076 blasphemia
1103 1007 1362 1076 Spiritus.

322 1119 383 1171 Et
408 1116 645 1187 primum
673 1114 1032 1186 preponenda
1055 1121 1181 1168 sunt
1202 1114 1377 1184 ipsius
1393 1112 1670 1185 Evangelii
1691 1111 1861 1167 verba

245 1222 371 1278 quae
400 1206 606 1260 faciunt
635 1204 1022 1275 quazstionem,
1048 1203 1251 1258 deinde
1282 1201 1576 1258 difﬁcultas
1601 1203 1860 1273 quaestio-

246 1296 335 1350 nis
366 1295 518 1366 prius
548 1301 631 1348 est
656 1293 1001 1348 ostendenda
1026 1309 1189 1364 quam
1220 1292 1575 1367 accingamur
1603 1290 1670 1345 ad
1709 1290 1861 1346 solu-

252 1387 485 1441 tionem.
531 1384 890 1440 Contineutur
919 1391 1102 1438 autem
1132 1384 1188 1437 in
1229 1383 1477 1438 secundo
1507 1397 1738 1447 canone,
1769 1398 1858 1437 ca-

246 1478 423 1549 pitulo
442 1476 698 1541 Matthtei,
733 1492 853 1546 cap.
887 1492 979 1540 xu,
1013 1484 1068 1530 et
1102 1474 1293 1543 Marci,
1313 1491 1491 1540 xxxw,
1520 1474 1676 1529 Lucae
1703 1489 1856 1540 vero,

243 1583 409 1621 XLVII.
444 1565 723 1620 Matthaeus
761 1564 839 1618 sic
875 1563 976 1617 ait:
1010 1564 1173 1619 Omne
1222 1568 1495 1632 peccatum
1532 1568 1582 1618 et
1612 1564 1859 1632 blasphe-

242 1659 359 1710 mia
389 1658 683 1709 remittetur
699 1655 1030 1719 hominibus,
1061 1654 1299 1723 Spiritus
1329 1659 1502 1708 autem
1527 1654 1862 1723 blasphemia

241 1763 347 1802 non
374 1748 690 1801 remittetur.
742 1748 814 1800 Et
841 1747 1144 1814 quicunque
1171 1745 1376 1799 dia-erit
1429 1746 1644 1799 verbum
1678 1750 1861 1799 contra

245 1840 443 1893 Filium
492 1839 744 1903 hominis,
796 1826 1098 1890 rerhittetur
1142 1839 1220 1890 ei:
1276 1838 1382 1903 Qui
1435 1840 1613 1891 autem
1661 1837 1861 1890 dixerit

245 1933 436 1981 contra
472 1928 736 1994 Spiritum
759 1929 1023 1990 sanctum,
1060 1940 1168 1979 non
1196 1927 1496 1980 remittetur
1515 1927 1584 1991 ei,
1613 1940 1782 1993 neque
1809 1926 1867 1977 in
1895 1930 1940 1996 Β

247 2017 345 2070 hoc
372 2016 582 2081 saeculo,
613 2030 776 2085 neque
802 2017 862 2068 in
888 2015 1098 2079 futuro.
1135 2014 1347 2069 Marcus
1374 2014 1488 2069 sic:
1532 2015 1705 2069 Amen
1746 2014 1866 2067 dico

248 2108 401 2161 vobis
432 2109 570 2175 quin
600 2108 781 2160 omnia
805 2106 1146 2160 dimittantur
1174 2106 1306 2175 ﬁliis
1328 2107 1603 2160 hominum
1629 2109 1867 2175 peccata,

243 2204 295 2253 et
328 2198 672 2268 blasphemia
728 2198 926 2267 quibus
975 2198 1484 2267 blasphemaverint.
1531 2198 1640 2264 Qui
1694 2201 1870 2251 autem

248 2292 703 2360 blasphemaverit
720 2293 779 2344 in
799 2291 1067 2359 Spiritum
1093 2292 1358 2353 sanctum,
1388 2304 1497 2343 non
1514 2290 1668 2343 habet
1683 2291 1877 2343 remis-

248 2387 447 2438 sionem
470 2386 531 2437 in
557 2386 832 2448 aeternum,
865 2382 960 2435 sed
1003 2396 1125 2435 reus
1164 2383 1267 2435 erit
1293 2382 1479 2435 interni
1507 2381 1708 2434 delicti.
1735 2380 1878 2446 Quia

244 2477 519 2530 dicebant:
553 2475 825 2544 Spiritum
850 2473 1193 2528 immundum
1231 2472 1411 2527 habet.
1464 2472 1638 2527 Lucas
1686 2477 1869 2526 autem

250 2568 357 2622 sic:
392 2568 577 2623 Omnis
610 2569 705 2637 qui
729 2566 863 2620 dicit
881 2566 1098 2620 uerbum
1120 2566 1179 2618 in
1200 2565 1398 2618 Filium
1425 2564 1658 2618 hominis
1683 2566 1872 2617 remit-

253 2667 397 2718 tetur
424 2664 530 2717 illi.
558 2665 628 2718 Ei
656 2666 830 2716 autem
856 2663 951 2732 qui
978 2662 1038 2715 in
1066 2661 1338 2730 Spiritum
1366 2662 1611 2714 sanctum
1631 2659 1872 2728 blasphe-

250 2754 479 2808 maverit
506 2767 615 2805 non
650 2753 970 2804 remittetur.

252 2841 408 2909 Quod
427 2841 675 2910 quaedam
702 2842 925 2908 peccata
951 2839 1159 2893 dimitti
1192 2840 1422 2908 possint,
1466 2838 1714 2908 quaedam
1743 2852 1869 2892 non.

326 2933 463 2987 Ecce
505 2931 606 2986 tria
639 2931 757 2985 haec
789 2929 1032 3000 capitula
1089 2930 1321 2985 secundi
1371 2929 1619 2995 canonis,
1679 2928 1874 2983 dicunt

254 3035 419 3076 omne
440 3026 725 3090 peccatum
752 3034 914 3089 posse
936 3018 1137 3073 dimitti
1156 3027 1361 3089 praeter
1376 3034 1575 3083 unum;
1600 3034 1768 3072 unum
1790 3032 1874 3071 so-

256 3115 371 3169 lum
395 3111 546 3165 nullo
577 3110 742 3166 modo
758 3110 1026 3180 consequi
1056 3126 1219 3180 posse
1245 3111 1675 3183 indulgentiam,
1707 3126 1873 3165 omne

255 3204 407 3260 aliud
449 3203 632 3274 aliquo
675 3203 837 3258 modo
877 3203 1171 3273 impetrare
1200 3203 1377 3257 venire
1413 3202 1869 3266 misericordiam,

1967 514 2083 570 Cor.
2104 514 2231 580 xw.)
2263 512 2402 576 Quid
2430 512 2635 583 templo
2675 513 2769 567 Dei
2791 520 2846 569 et
2876 514 3080 570 idolis?

1964 628 2115 694 Quod
2144 628 2382 697 quaedam
2408 628 2546 682 bona
2573 629 2933 768 Deuzsohaltieat
2962 646 3082 699 quae
3107 634 3223 702 ipse
3249 635 3429 700 facere
3470 651 3577 689 non

2766 715 2818 754 es
2850 742 2861 753 .

2766 715 2861 754 εει.

2031 806 2085 861 Si
2102 822 2233 879 ergo
2246 806 2907 878 imposnitentidimittere
2922 817 3103 878 potest
3127 810 3291 866 homo
3306 858 3315 872 ,
3330 820 3384 867 et
3401 815 3580 871 dimit-

1957 903 2074 951 tere
2100 911 2211 951 non
2236 897 2596 967 potestDeus,
2618 897 2821 951 bonum
2849 912 2983 972 ergo
3006 896 3188 953 facere
3213 909 3397 970 potest
3414 903 3580 958 homo

1960 987 2105 1059 quod
2128 986 2308 1043 facere
2320 1003 2430 1043 non
2450 989 2806 1058 potestDeus.
2828 989 2936 1044 Sed
2950 990 3096 1045 unde
3112 991 3279 1046 habet
3298 992 3462 1049 homo
3489 995 3583 1049 bo-

1961 1091 2090 1130 num
2118 1075 2222 1130 nisi
2251 1075 2319 1129 ab
2348 1076 2616 1148 eoquiest
2644 1092 2919 1131 summum
2943 1078 3192 1133 bonum?
3211 1080 3383 1135 liabet
3409 1083 3576 1138 homo

1960 1182 2218 1238 magnum
2232 1167 2459 1233 bonum,
2485 1168 2855 1237 impocnitenti
2883 1168 3185 1235 dimittere,
3203 1188 3463 1247 magnum
3479 1174 3580 1229 bo-

1960 1274 2112 1320 num,
2129 1259 2340 1330 etquod
2355 1259 2649 1314 conveniat
2662 1259 2921 1330 perfectis
2940 1268 3175 1317 tantum.
3191 1262 3299 1318 Sed
3319 1265 3578 1321 undeboc

1961 1349 2146 1416 habet,
2171 1350 2217 1404 si
2247 1351 2388 1405 Deus
2413 1349 2594 1406 facere
2623 1367 2735 1406 non
2778 1358 2958 1423 potest
3011 1352 3234 1424 ipsum?
3262 1355 3415 1411 Certe
3458 1372 3570 1412 non

1959 1441 2123 1496 habet
2151 1442 2315 1496 homo
2358 1458 2390 1495 a
2419 1457 2477 1496 se
2511 1450 2719 1496 tantum
2762 1442 2989 1509 bonum,
3021 1446 3119 1499 sed
3152 1461 3184 1499 a
3227 1446 3361 1512 Deo,
3397 1463 3427 1501 a
3464 1463 3578 1518 quo

1961 1539 2044 1588 est
2080 1548 2245 1588 omne
2284 1533 2511 1589 bonum.
2561 1533 2732 1588 Habet
2761 1535 2909 1589 enim
2943 1536 3085 1591 Deus
3132 1545 3187 1593 et
3216 1538 3318 1593 hoc
3348 1538 3580 1605 bonum,

1962 1626 2064 1680 etsi
2088 1641 2199 1681 non
2229 1625 2357 1681 facit
2384 1626 2584 1697 ipsum.
2624 1629 2683 1682 In
2715 1644 2775 1683 se
2802 1628 2994 1695 habet,
3026 1636 3080 1684 et
3112 1647 3142 1684 a
3172 1647 3232 1685 se
3261 1631 3354 1688 dat
3374 1632 3585 1687 homini

1963 1715 2111 1786 quod
2154 1716 2338 1771 habet.
2375 1717 2548 1771 Habet
2575 1717 2719 1772 Deus
2744 1726 2802 1772 ut
2829 1718 3043 1788 jubeat,
3087 1720 3289 1791 accipit
3322 1722 3487 1777 homo
3523 1728 3586 1776 ut

1963 1803 2144 1858 faciat.
2170 1803 2288 1858 Non
2311 1803 2476 1859 habet
2505 1805 2559 1858 in
2594 1822 2654 1859 se
2691 1806 2831 1860 Deus
2857 1823 2955 1876 pro
2985 1824 3062 1869 se,
3099 1808 3267 1863 habet
3301 1809 3354 1862 in
3388 1827 3448 1864 se
3486 1826 3586 1880 pro

1969 1893 2227 1959 homine;
2262 1909 2371 1949 non
2404 1893 2572 1948 habet
2604 1895 2659 1949 in
2698 1911 2758 1949 se
2798 1895 2929 1962 sibi,
2986 1897 3151 1950 habet
3204 1898 3256 1951 in
3290 1914 3348 1952 se
3380 1898 3590 1963 nobis;

1970 1985 2138 2040 habet
2169 1985 2225 2039 in
2257 2001 2339 2051 se,
2368 1991 2421 2039 et
2449 1985 2679 2039 facimus
2707 2001 2838 2049 nos;
2874 1987 3041 2041 habet
3071 1987 3125 2040 in
3153 2004 3232 2052 se,
3259 1996 3314 2042 et
3345 1989 3585 2059 pertinet

1971 2081 2038 2136 ad
2070 2097 2190 2136 nos.
2224 2081 2362 2136 Sunt
2392 2096 2523 2156 ergo
2555 2081 2700 2136 bona
2732 2098 2876 2152 quas,
2918 2084 3169 2153 quamvis
3219 2090 3456 2154 nequeat
3495 2083 3577 2138 fa-

1974 2186 2101 2225 cere
2133 2170 2292 2234 Deus,
2329 2168 2497 2224 habet
2528 2169 2647 2239 ipsa
2667 2176 2852 2226 tamen
2886 2171 3062 2237 Deus;
3096 2172 3262 2228 habet
3290 2173 3427 2243 ipsa,
3457 2174 3589 2244 quia

1976 2259 2135 2314 aliter
2159 2274 2271 2313 non
2314 2257 2644 2324 faceremus,
2686 2258 2793 2313 nisi
2821 2258 2889 2313 ab
2918 2259 3036 2328 ipso
3069 2259 3403 2315 haberemus
3456 2261 3595 2317 Sunt

1978 2367 2108 2423 ergo
2143 2350 2290 2406 bona
2330 2366 2574 2425 congrua
2616 2349 2888 2405 Creatoris
2946 2351 3243 2419 majestati,
3284 2358 3411 2405 sunt
3452 2353 3599 2408 bona

1977 2462 2222 2520 congrua
2250 2454 2514 2501 creaturae
2541 2444 2812 2500 servituti.
2861 2445 2921 2500 Et
2955 2446 3072 2501 haec
3106 2455 3288 2501 tamen
3317 2454 3371 2502 et
3403 2447 3496 2503 illa
3523 2449 3593 2503 ab

1973 2553 2039 2593 eo
2068 2546 2242 2593 sunta
2273 2552 2383 2610 quo
2414 2538 2545 2592 etin
2575 2552 2684 2608 quo
2725 2546 2856 2592 sunt
2894 2538 3081 2592 omnia
3108 2538 3277 2594 bona.

1974 2659 2127 2727 Quod
2167 2661 2328 2714 etiam
2366 2659 2726 2727 impwnitenti
2751 2659 2923 2783 ppsstit
2960 2657 3168 2714 dimitti
3211 2663 3512 2728 peccatum,
3542 2662 3599 2713 si

2638 2744 2780 2783 mem
2808 2743 2870 2783 ea
2903 2773 2914 2783 .

2635 2743 2914 2799 paeniteat.

2046 2834 2156 2889 Etsi
2185 2835 2394 2890 nullum
2428 2839 2736 2904 peccatum,
2766 2840 2825 2887 ut
2864 2841 3149 2889 ostensum
3184 2838 3292 2898 est,
3340 2832 3595 2903 impaeni-

1976 2926 2138 2992 tenti,
2168 2926 2466 2981 dimittitur
2494 2941 2660 2981 omne
2680 2932 2964 2996 peccatum
2993 2923 3307 2994 poenitenti.
3335 2923 3399 2977 Et
3430 2923 3598 2978 forsi-

1975 3020 2066 3068 tan
2091 3013 2210 3084 ipsa
2237 3013 2665 3084 impuenitentia,
2701 3012 2831 3082 quia
2861 3011 3260 3066 irremissibilis
3288 3018 3394 3077 est,
3425 3010 3602 3081 Spiri-

1975 3107 2063 3156 tus
2089 3109 2172 3157 est
2202 3101 2565 3172 blasphemia.
2598 3100 2705 3155 Sed
2736 3100 2868 3173 quid
2888 3099 2916 3152 Τ
2949 3100 2994 3154 si
3035 3101 3210 3170 ipsius
3244 3100 3601 3171 impmniten-

1977 3193 2067 3248 tiae
2098 3200 2442 3263 peccatorem
2476 3193 2764 3263 paeniteat,
2811 3199 2865 3247 et
2903 3207 3067 3263 quam
3108 3192 3202 3247 diu
3242 3191 3601 3262 pertinaciter

260 3310 432 3348 unum
462 3293 641 3346 solum
672 3292 897 3346 omnino
929 3291 1246 3354 insolubile,
1280 3306 1444 3346 omne
1475 3291 1624 3347 aliud
1659 3291 1870 3346 absolvi
1898 3294 1947 3362 Ο
1974 3286 2151 3341 tenuit
2181 3285 2402 3340 tandem
2435 3284 2697 3350 dimittat,
2728 3283 2979 3356 nunquid
3000 3283 3219 3338 veniam
3252 3289 3515 3348 meretur,
3550 3291 3605 3338 et

264 3397 444 3454 posse.
472 3380 651 3450 Super
675 3396 844 3435 unum
875 3380 1053 3435 solum
1086 3387 1287 3450 puteus
1314 3387 1474 3452 urget
1502 3395 1564 3435 os
1602 3396 1783 3446 suum,
1818 3385 1876 3434 ut

265 3477 473 3524 aeterna
502 3468 790 3523 claudatur
817 3467 1126 3532 oblivione;
1156 3482 1325 3537 super
1353 3482 1519 3521 omne
1549 3466 1695 3520 aliud
1728 3472 1879 3536 patet

265 3574 329 3613 os
369 3557 542 3628 putei,
572 3564 629 3611 ut
656 3570 879 3627 quoquo
909 3554 1073 3610 modo
1095 3552 1267 3624 possit
1297 3553 1464 3608 exire.
1498 3552 1608 3606 Sed
1638 3553 1875 3622 primum

266 3648 555 3702 videamus
599 3645 881 3717 quomodo
959 3641 1315 3698 remissibilia
1371 3647 1596 3711 peccata
1640 3640 1879 3696 dimittat

266 3739 434 3792 Deus.

338 3836 493 3919 Quod
520 3851 877 3921 impaenitenti
904 3866 1012 3905 non
1061 3854 1234 3920 potest
1267 3853 1546 3920 peccatum
1582 3848 1804 3902 dimitti.

339 3966 441 4016 Aut
493 3962 783 4032 pueniteuti
838 3962 1064 4017 dimittit
1112 3963 1278 4027 Deus,
1344 3968 1437 4017 aut
1481 3959 1875 4032 impoenitenti.

265 4054 436 4108 Porro
468 4050 838 4122 impmnitenti
872 4051 1063 4122 nequit
1088 4050 1366 4105 dimittere
1394 4055 1676 4120 peccatum
1705 4049 1876 4116 Deus;

269 4164 375 4204 nec
414 4147 563 4202 enim
593 4153 772 4217 potest
802 4146 1040 4216 injustus
1066 4163 1187 4203 esse
1220 4141 1378 4202 Deus.
1412 4146 1606 4202 Peccat
1635 4145 1801 4201 homo
1829 4145 1885 4199 in

272 4240 576 4303 hominem,
602 4245 793 4310 peccat
821 4245 876 4294 et
899 4240 955 4294 in
983 4240 1175 4295 Deum.
1202 4239 1559 4310 lmptenitens
1588 4244 1671 4293 est
1702 4238 1759 4293 in
1785 4238 1887 4293 ho-

273 4331 505 4397 minem,
546 4329 902 4399 impmnitens
934 4338 1018 4386 est
1066 4338 1121 4385 et
1170 4330 1226 4384 in
1267 4330 1458 4385 Deum.
1514 4329 1887 4401 lmpaenitenti

270 4421 443 4477 debet
483 4420 647 4475 homo
678 4421 976 4490 dimittere,
1007 4437 1109 4476 .tec
1138 4422 1306 4478 debet
1332 4423 1493 4487 Deus,
1527 4421 1657 4494 quia
1687 4436 1891 4493 pecca-

273 4520 361 4567 tor
388 4509 663 4564 dimittere
689 4510 856 4565 debet
882 4511 1183 4581 peccatori,
1209 4512 1350 4566 Deus
1380 4518 1561 4567 autem
1590 4525 1703 4566 non
1728 4509 1898 4566 debet

274 4600 672 4672 impmnitenti.
715 4600 974 4657 Peccator
1010 4602 1238 4658 dimittit
1285 4602 1448 4658 etiam
1494 4602 1969 4678 impcenitenti,D

275 4690 408 4763 quia
435 4690 590 4745 timet
610 4689 848 4761 desuper
877 4707 946 4745 ne
977 4690 1083 4745 sibi
1113 4706 1223 4747 non
1245 4692 1550 4748 dimittatur
1575 4691 1737 4748 etiam
1769 4707 1893 4763 pa:-

278 4782 514 4848 nitenti;
548 4798 657 4837 non
686 4781 914 4838 dimittit
940 4782 1313 4854 impoenitenti
1337 4784 1499 4853 Deus,
1522 4784 1654 4856 quia
1679 4798 1790 4839 non
1813 4784 1889 4838 ti-

277 4884 394 4930 met
423 4890 494 4928 ne
533 4874 638 4928 sibi
673 4888 784 4928 non
818 4874 1145 4929 dimittatur.
1196 4875 1473 4931 Peccatori
1518 4874 1889 4946 impcenitenti

276 4965 447 5021 debet
469 4966 632 5021 homo
654 4966 958 5034 dimittere,
973 4967 1102 5038 quia
1122 4974 1177 5021 et
1193 4967 1313 5037 ipse
1330 4972 1413 5021 est
1442 4973 1724 5037 peccator;
1749 4967 1893 5022 Deus

279 5074 391 5113 non
424 5057 607 5121 debet,
665 5057 796 5128 quia
836 5072 948 5112 non
980 5064 1064 5113 est
1095 5064 1367 5128 peccator.
1412 5056 1679 5128 Amplius,
1711 5057 1893 5112 omnis

281 5144 688 5217 impmnitentia
717 5152 799 5199 est
827 5145 1111 5217 superbia,
1140 5152 1196 5199 et
1234 5144 1417 5199 omnis
1453 5144 1715 5215 superbia
1747 5144 1894 5214 prin-

279 5240 533 5312 cipaliter
562 5247 645 5295 est
697 5240 805 5295 Deo
845 5240 1137 5296 contraria.
1184 5239 1238 5293 Si
1268 5253 1402 5311 ergo
1458 5238 1601 5293 Deus
1639 5238 1897 5309 impaeni-

282 5330 419 5386 tcnti
463 5329 688 5384 dimittit
718 5330 1034 5399 superbiam
1076 5329 1180 5383 sibi
1215 5329 1462 5396 dimittit,
1504 5336 1559 5384 et
1584 5328 1639 5383 id
1668 5327 1770 5383 sibi
1799 5329 1899 5384 ad-

275 5418 465 5494 jungit
493 5420 642 5490 quod
672 5436 703 5473 a
735 5435 793 5474 se
828 5421 1033 5475 bonum
1068 5436 1233 5475 omne
1264 5419 1552 5495 disjungit,
1584 5420 1751 5491 idque
1788 5418 1896 5474 sibi

282 5514 573 5571 consociat
608 5513 698 5567 cui
729 5513 934 5568 bonum
967 5530 1131 5570 omne
1173 5521 1458 5587 repugnat.
1500 5514 1605 5570 Sed
1637 5514 1899 5586 impossi-

280 5610 395 5666 bile
423 5615 506 5664 est
537 5614 596 5662 ut
643 5623 860 5665 summo
916 5610 1062 5665 bono
1084 5626 1355 5664 summum
1387 5610 1590 5665 malum
1621 5610 1900 5667 confoede-

286 5707 437 5755 retur
466 5696 580 5753 ullo
613 5696 797 5763 modo,
836 5706 891 5752 et
940 5698 1037 5752 ulli
1076 5698 1220 5752 malo
1248 5698 1571 5768 astipuletur
1619 5716 1896 5756 summum

287 5792 521 5858 bonum,
556 5788 759 5844 nedum
804 5790 856 5844 ei
888 5790 1037 5862 quod
1067 5790 1443 5863 principaliter
1486 5792 1650 5850 habet
1678 5799 1899 5851 contra-

1978 3379 2093 3433 haec
2124 3377 2448 3449 paenitentis
2485 3376 2947 3447 impcenitentiam
2980 3375 3322 3431 dimittitur?
3360 3374 3463 3429 Diu
3499 3375 3605 3429 im-

1978 3472 2257 3543 poenitens
2284 3470 2407 3532 fuit,
2440 3478 2496 3525 et
2514 3471 2679 3526 modo
2694 3470 2947 3541 paenitet,
2973 3477 3029 3525 et
3051 3470 3273 3544 longam
3296 3468 3482 3524 cordis
3499 3468 3603 3523 du-

1980 3564 2158 3619 ritiam
2192 3579 2338 3618 nunc
2366 3562 2651 3627 emollivit,
2704 3562 2958 3617 videmus
3010 3562 3302 3634 lacrymas,
3346 3562 3603 3617 audimus

1979 3655 2237 3730 gemitus,
2271 3660 2326 3709 et
2349 3653 2834 3724 compunctionem
2861 3653 3047 3708 cordis
3069 3654 3213 3708 Deus
3241 3653 3391 3708 videt
3416 3653 3565 3708 intus
3588 3669 3604 3720 ;

1980 3744 2026 3801 si
2057 3744 2187 3799 huic
2231 3743 2504 3799 clauditur
2532 3742 2926 3799 misericordia:
2949 3743 3140 3812 janua,
3167 3743 3260 3798 cui
3287 3743 3541 3813 Operitur
3572 3743 3601 3797 τ

1983 3832 2136 3888 Absit
2160 3838 2221 3886 ut
2264 3833 2414 3887 hunc
2451 3831 2596 3886 Deus
2644 3829 2896 3901 repellat,
2926 3836 2984 3885 ut
3014 3830 3162 3885 hunc
3200 3829 3605 3886 misericordis-

1978 3922 2149 3978 simus
2172 3925 2442 3986 amoveat,
2470 3935 2594 3975 cum
2626 3919 2895 3989 scriptum
2921 3917 3019 3974 sit:
3083 3918 3424 3991 Quacunque
3474 3919 3607 3974 hora

1980 4010 2313 4086 ingemuerit
2350 4017 2627 4081 peccator,
2660 4008 2927 4079 recipiam
2955 4007 3117 4063 eum!
3152 4010 3365 4076 (Ezech.
3391 4000 3607 4071 XXXIII.)

1988 4100 2209 4156 Absitut
2226 4098 2340 4154 ulla
2351 4099 2513 4170 culpa
2530 4097 2856 4170 paenitentis
2879 4097 3027 4169 apud
3039 4114 3315 4153 summum
3329 4098 3607 4154 medicum

1988 4190 2057 4246 sit
2079 4186 2436 4243 insanabilis!
2492 4188 2547 4243 Si
2577 4203 2709 4262 ergo
2761 4186 3191 4258 impcenitentia,
3222 4202 3347 4259 quae.
3388 4187 3607 4242 videtur

1991 4277 2408 4344 irremissibilis,
2435 4292 2533 4349 per
2563 4275 2952 4348 paenitentiam
2984 4275 3103 4347 ipsa
3135 4275 3452 4342 remittitur,
3483 4291 3608 4347 quae

1995 4376 2079 4426 est
2100 4370 2264 4442 culpa
2294 4385 2416 4442 quae
2444 4369 2673 4425 omnino
2701 4383 2811 4424 non
2834 4367 3150 4434 remittitur,
3193 4383 3319 4440 quas
3349 4366 3611 4438 blasphe-

1997 4460 2106 4515 mia
2144 4458 2382 4531 Spiritus
2409 4465 2637 4514 vocetur
2656 4456 2685 4511 ?

2170 4574 2460 4643 Inquisitio
2488 4573 2634 4643 quod
2657 4576 2936 4642 peccatum
2961 4574 3034 4626 sit
3073 4571 3428 4641 blasphemia.

2066 4683 2201 4737 Ecce
2236 4679 2364 4734 hinc
2388 4677 2745 4751 Evangelium
2773 4676 3175 4748 blasphemiam
3208 4676 3448 4748 Spiritus
3478 4690 3606 4731 om-

1993 4772 2529 4832 ninoirremissibile
2574 4772 2791 4840 clamat,
2842 4770 2970 4827 hinc
3010 4770 3253 4827 Ecclesia
3299 4770 3608 4825 ﬁrmissima

1992 4866 2242 4924 veritatis
2269 4866 2546 4931 columna,
2606 4871 2800 4919 contra
2827 4877 2991 4919 omne
3010 4869 3298 4934 peccatum
3331 4862 3610 4934 pceniten-

1994 4965 2127 5020 tiam
2168 4959 2451 5032 praedicat.
2528 4957 2662 5012 Hinc
2719 4955 3075 5031 Evangelium
3128 4954 3330 5026 triplici
3369 4955 3611 5026 capitulo

1993 5054 2270 5128 quoddam
2294 5057 2583 5124 peccatum
2605 5049 2834 5105 omnino
2861 5065 2972 5105 non
3022 5064 3187 5120 posse
3218 5048 3447 5105 dissolvi
3476 5063 3608 5105 con-

1995 5150 2196 5215 ﬁrmat,
2228 5148 2355 5202 hinc
2383 5145 2627 5201 Ecclesia
2665 5160 2767 5216 per
2788 5143 3174 5215 pmnitentiam
3206 5143 3274 5198 de
3306 5143 3458 5199 omni
3486 5157 3613 5213 peo-

1997 5250 2119 5299 cato
2149 5248 2352 5297 certam
2404 5237 2673 5310 promittit
2701 5236 2939 5292 veniam.
2997 5234 3293 5308 Evangelio
3345 5234 3500 5290 nefas
3529 5239 3613 5290 est

1999 5332 2402 5399 contradicere,
2433 5339 2490 5386 et
2530 5329 2828 5384 Ecclesiam
2868 5327 2994 5399 quis
3031 5327 3234 5384 audeat
3274 5324 3612 5383 falsiﬁcare?

2000 5424 2284 5490 Quoddam
2329 5419 2684 5496 Evangelium
2743 5424 2929 5493 negat,
2976 5433 3141 5475 omne
3183 5419 3426 5475 Ecclesia
3462 5416 3610 5471 affir-

1998 5522 2128 5568 mat.
2164 5509 2613 5568 Contradictoriae
2652 5515 2802 5576 sunt,
2858 5522 2965 5562 nec
2997 5515 3230 5578 possunt
3279 5506 3445 5562 simul
3487 5518 3612 5559 esse

1997 5620 2163 5671 verte,
2204 5602 2251 5657 si
2300 5601 2610 5657 intellectus
2644 5599 2790 5655 idem
2831 5606 3081 5655 servetur
3107 5599 3338 5668 ubique.
3386 5595 3610 5648 Diverso

2000 5696 2168 5771 igitur
2196 5695 2363 5750 modo
2394 5692 2768 5767 intelligenda;
2813 5700 2964 5758 sunt,
2995 5698 3054 5744 ut
3103 5688 3268 5744 simul
3306 5700 3446 5741 verae
3477 5684 3609 5739 sint.

2000 5790 2320 5849 Inveniatur
2347 5787 2517 5861 igitur
2540 5785 2758 5850 modus,
2781 5783 2939 5853 cujus
2963 5781 3250 5837 identitate
3278 5791 3470 5835 verum
3502 5775 3613 5832 sibi
