3938 6206
428 224 567 277 1115

1653 221 1710 274 Β.
1755 219 1992 274 ODONlS
2035 219 2275 274 CAMER.
2320 221 2524 276 EPISC.

3637 243 3782 296 1116

425 351 710 405 dividuant
741 357 795 405 et
820 351 1034 413 falsum,
1069 358 1123 404 et
1168 351 1326 420 cujus
1375 351 1694 404 diversitate
1736 351 1845 404 sint
1872 350 2033 406 simul
2061 357 2110 423 Α
2139 367 2256 405 rum
2278 350 2634 417 obscuritate,
2671 366 2897 428 quartus
2954 375 3053 415 nos
3096 362 3335 432 explicat
3364 365 3449 419 sui
3485 371 3783 425 sermonis

423 459 586 496 verte.
625 443 685 495 Et
715 440 1041 496 universalis
1078 440 1370 496 affirmatio
1405 440 1680 506 Ecclesiae,
1737 457 1859 512 quae
1894 457 2031 512 pec-

421 542 598 588 catum
627 549 792 588 omne
825 548 990 603 posse
1020 532 1153 587 dicit
1184 532 1409 594 remitti,
1451 549 1577 586 vera
1609 540 1712 598 est,
1747 534 1789 586 si
1828 534 2033 588 intelli-

419 634 578 697 gatur
621 625 962 696 poenitentia:
995 624 1212 679 modus.
1247 624 1406 688 Quid,
1437 624 1478 676 si
1513 624 1850 695 intelligatur
1881 626 2033 680 simi-

419 717 542 770 liter
570 717 626 770 in
648 715 913 788 singulari
944 715 1240 787 negatione
1278 715 1571 784 Evangelii,
1604 731 1724 785 qua)
1754 717 1887 771 dicit
1908 718 2032 787 Spi-

420 808 554 861 ritus
585 807 982 876 blaSphemiam
1018 822 1126 861 non
1168 821 1328 876 posse
1388 807 1586 860 remitti
1628 824 1725 875 per
1754 809 2028 876 pnaniten-

421 901 547 954 tiam
593 899 723 953 falsa
751 898 881 953 est?
908 898 1034 961 Quie
1080 904 1138 952 ut
1170 914 1298 951 vera
1331 898 1416 964 sit,
1450 914 1557 953 non
1591 907 1674 953 est
1704 898 2024 972 intelligen-

419 992 520 1045 dus
553 990 891 1060 pcenitentize
933 989 1155 1052 modus;
1207 1005 1329 1042 nam
1387 988 1508 1042 sine
1569 989 1889 1059 pmnitcntia
1920 1008 2030 1047 non

420 1093 597 1154 potest
618 1085 819 1139 remitti
850 1084 1087 1154 Spiritus
1118 1083 1484 1152 blasphemia.
1513 1085 1577 1137 Ut
1607 1100 1732 1139 vero
1765 1086 1926 1140 simul
1963 1088 2033 1142 sit

418 1191 602 1228 verum
633 1190 753 1227 cum
810 1171 1051 1226 Ecclesia
1099 1171 1478 1241 Evangelium,
1522 1173 1898 1246 intelligamus
1951 1175 2027 1228 al-

413 1267 683 1320 trinsecus
709 1265 985 1319 diversum
1017 1264 1358 1333 pcenitentire
1391 1264 1638 1330 modum,
1673 1273 1750 1331 ut,
1799 1282 1920 1320 cum
1950 1266 2030 1320 af-

416 1354 723 1408 ﬁrmatione
753 1353 1156 1422 Ecclesiaponit
1179 1353 1518 1408 intellectum
1536 1355 1904 1424 plenitentiae,
1931 1373 2029 1411 au-

415 1446 553 1500 ferat
578 1445 931 1516 Evangelium
958 1461 988 1497 a
1023 1461 1121 1498 sua
1148 1445 1466 1518 negatione,
1501 1455 1555 1498 et
1579 1445 1742 1500 simul
1783 1447 1887 1500 erit
1932 1465 2026 1501 ve-

415 1551 552 1600 rum,
587 1541 639 1587 et
680 1533 828 1604 quod
867 1533 1212 1602 blasphemia
1253 1533 1490 1602 Spiritus
1530 1533 1651 1587 sine
1700 1535 2028 1604 poenitentia

412 1646 522 1684 non
557 1629 870 1693 remittitur,
905 1636 960 1682 et
1005 1629 1155 1699 quod
1197 1645 1362 1683 omne
1405 1637 1689 1699 peccatum
1719 1647 1816 1700 per
1849 1632 2029 1701 pnrni-

410 1721 636 1774 tentiam
667 1720 949 1782 deleatur;
984 1725 1037 1772 et
1060 1735 1306 1772 easunus
1339 1720 1558 1786 modus,
1579 1729 1632 1774 et
1655 1720 1902 1775 dividere
1921 1723 2023 1776 sibi

411 1827 598 1865 verum
632 1818 685 1863 et
717 1810 912 1864 falsum
939 1809 1101 1865 faciet
1134 1811 1305 1877 idem,
1341 1819 1395 1865 et
1424 1812 1586 1866 simul
1616 1828 1737 1866 esse
1767 1829 1922 1867 veras
1950 1813 2029 1868 fa-
2055 1778 2100 1844 Β

412 1903 811 1956 cietdiversus.
846 1901 1069 1971 Talique
1111 1903 1273 1956 modo
1306 1918 1414 1956 non
1446 1903 1633 1968 ﬁditfert
1675 1904 2025 1979 Evangelium

413 1993 481 2046 ab
523 1993 783 2057 Ecclesia,
835 2008 956 2045 cum
992 1991 1125 2044 dicit
1167 1991 1568 2062 blasphemiam
1631 1993 1868 2062 Spiritus
1918 2011 2025 2050 non

416 2102 574 2156 posse
599 2086 823 2152 remitti,
857 2085 1328 2158 subintelligendo
1372 2087 1492 2140 sine
1524 2088 1871 2155 paenitentia,
1903 2105 2023 2143 cum

413 2182 516 2235 hoc
547 2181 694 2234 idem
711 2181 780 2234 de
803 2180 953 2234 omni
979 2188 1204 2250 peccato
1223 2181 1372 2235 dicat
1401 2181 1658 2236 Ecclesia.
1687 2183 1792 2237 Sed
1826 2185 2024 2239 mirum

412 2280 494 2327 est
518 2289 615 2326 cur
638 2271 999 2343 Evangelium
1024 2272 1091 2325 ab
1121 2273 1268 2326 omni
1292 2280 1515 2342 peccato
1538 2274 1741 2344 excipit
1772 2275 2030 2346 blasphe-

414 2360 600 2426 miam,
653 2375 800 2425 cum,
833 2360 975 2415 sicut
1035 2376 1197 2415 omne
1247 2371 1552 2432 peccatum,
1596 2364 1797 2419 remitti
1859 2367 2032 2435 possit

413 2465 512 2516 per
548 2447 954 2517 pcenitentiam,
985 2449 1082 2502 sed
1113 2449 1302 2516 credo,
1345 2449 1473 2520 quia
1507 2450 1632 2506 ideo
1681 2459 1762 2506 est
1807 2454 2026 2520 mirum,

412 2539 544 2610 quia
576 2539 822 2594 nondum
857 2539 988 2593 mihi
1013 2547 1094 2594 est
1120 2549 1369 2611 apertum
1405 2541 1625 2596 ostium.
1658 2545 1838 2614 Aperi,
1873 2545 2026 2600 Chri-

411 2641 514 2698 ste,
550 2634 811 2702 pulsanti,
856 2635 1038 2688 revela
1070 2635 1332 2705 mysteria
1370 2637 1699 2691 sanctissimi
1732 2639 1905 2694 verbi.
1939 2641 2026 2696 Di-

411 2726 489 2778 cis
540 2740 705 2778 omne
741 2731 1024 2794 peccatum
1083 2741 1243 2795 posse
1280 2727 1502 2794 remitti,
1553 2736 1753 2797 praeter
1791 2731 2026 2801 Spiritus

409 2815 828 2884 blasphemiam,
865 2831 965 2869 nec
989 2815 1158 2870 ullum
1194 2825 1377 2886 potest
1399 2819 1620 2884 dimitti,
1652 2821 1754 2874 nisi
1790 2839 1887 2892 per
1915 2841 2025 2894 pna-

409 2909 719 2975 nitentiam,
781 2911 1031 2981 nunquid
1065 2920 1118 2966 et
1164 2913 1563 2982 blasphemiam
1615 2931 1721 2971 non
1777 2921 2026 2991 sequitur

410 2998 780 3065 pamitentia?
837 2999 1039 3053 Forsan
1089 3001 1194 3055 hoc
1247 3002 1394 3056 dicet
1457 3003 1678 3075 aliquis,
1737 3007 1866 3077 quia
1916 3017 2022 3063 tam

2136 443 2380 497 evidenti
2412 445 2878 503 manifestatione.
2925 451 3062 506 Dicit
3094 453 3278 507 enim:
3337 459 3433 511 Est
3482 468 3780 527 peccatum

2134 535 2208 588 ad
2237 541 2478 603 mortem,
2509 554 2608 606 pro
2630 557 2733 608 quo
2762 542 2882 596 dico
2912 548 2972 597 ut
2997 560 3103 598 non
3132 552 3245 600 oret
3272 551 3395 617 quis
3418 552 3464 619 {I
3488 553 3652 606 Joan.
3697 558 3775 619 vl.

2135 627 2239 682 Cur
2281 645 2377 699 pro
2425 646 2491 685 eo
2533 633 2861 702 prohibetur
2913 638 3207 706 orandum,
3267 640 3370 695 nisi
3426 644 3560 713 quia
3607 648 3772 703 nullo

2135 718 2298 772 modo
2330 727 2413 772 est
2445 721 2876 777 remittendum?
2902 724 3002 779 Pro
3037 742 3102 780 eo
3132 735 3280 782 certe
3335 733 3610 787 orandum
3655 752 3767 791 non

2133 811 2378 880 estquod
2411 813 2636 868 omnino
2679 814 2878 870 dimitti
2915 832 3023 871 non
3054 826 3250 888 potest.
3283 822 3343 875 Et
3371 822 3476 878 hoc
3513 841 3771 901 evange-

2133 897 2256 952 lista
2286 910 2441 953 vocat
2483 909 2770 970 peccatum
2805 920 2981 976 usque
3032 908 3098 960 ad
3142 917 3396 978 mortem,
3441 922 3500 966 ut
3554 897 3770 986 qui—in

2134 997 2359 1058 peccato
2391 992 2598 1046 claudit
2629 1001 2931 1050 extremum
2963 998 3131 1063 diem,
3160 1001 3375 1072 culpam
3393 1004 3600 1060 habeat
3625 1009 3772 1064 irre-

2133 1081 2483 1149 missibilem,
2509 1100 2605 1154 pro
2630 1101 2736 1156 qua
2767 1087 2977 1143 nullum
3019 1090 3163 1144 Deus
3203 1093 3447 1149 admittit
3477 1108 3760 1153 orantem-

2135 1168 2256 1222 Haec
2285 1178 2368 1224 est
2409 1171 2752 1242 blasphemia
2792 1176 3053 1246 Spiritus,
3106 1197 3228 1251 quae
3263 1197 3370 1237 non
3423 1187 3764 1255 remittitur,

2131 1279 2252 1317 cum
2283 1266 2407 1335 quis
2446 1282 2619 1339 usque
2645 1270 2714 1323 ad
2762 1270 2924 1325 finem
2963 1282 3186 1342 peccato
3216 1283 3456 1346 tenetur,
3500 1288 3560 1334 ut
3604 1283 3764 1336 illum

2130 1355 2366 1425 excipiat
2392 1365 2596 1412 aeterna
2639 1376 2824 1429 poena,
2861 1379 2983 1433 qua:
3015 1380 3139 1419 cum
3179 1367 3460 1424 voluntate
3486 1375 3764 1440 peccandi

2131 1447 2334 1502 deserit
2373 1449 2488 1504 haec
2516 1452 2643 1506 vita.
2690 1454 2829 1508 Talis
2860 1466 3116 1525 peccator
3171 1459 3226 1512 in
3261 1462 3363 1515 hoc
3404 1464 3615 1518 saeculo
3651 1482 3765 1520 non

2130 1539 2446 1606 absolvitur,
2499 1543 2629 1612 quia
2681 1544 2733 1596 in
2790 1546 3068 1602 voluntate
3122 1553 3421 1620 permansit
3465 1557 3764 1623 peccandi,

2132 1645 2310 1700 neque
2333 1631 2388 1683 in
2409 1631 2613 1700 futuro,
2643 1636 2772 1705 quia
2786 1651 2907 1690 cum
2930 1639 3213 1694 voluntate
3229 1645 3490 1712 peccandi
3517 1647 3761 1700 transiit.

2131 1723 2192 1777 Et
2216 1724 2362 1791 juste
2404 1729 2630 1796 punitur
2652 1745 2872 1800 semper
2903 1733 2996 1802 qui
3031 1735 3195 1790 vellet
3244 1752 3472 1805 peccare
3505 1755 3766 1808 semper,

2130 1813 2174 1866 si
2206 1814 2414 1869 viveret
2443 1816 2496 1869 in
2526 1817 2629 1872 hoc
2668 1820 2872 1874 saeculo
2902 1837 3145 1892 semper,
3176 1831 3233 1877 ut
3255 1825 3600 1880 voluntatem
3636 1845 3765 1898 pec-

2130 1903 2290 1956 candi
2339 1905 2733 1973 sempiternam
2765 1923 2930 1978 pinna
2970 1911 3263 1966 comitetur
3291 1915 3660 1984 sempiterna,
3707 1925 3767 1970 ut

2130 2009 2239 2047 non
2261 1994 2480 2051 deficiat
2505 1996 2558 2049 in
2591 2013 2658 2051 eo
2687 2015 2865 2068 paenae
2891 2002 3052 2069 justas
3083 2005 3385 2059 necessitas
3419 2007 3474 2059 in
3499 2024 3614 2078 quo
3648 2025 3763 2064 non

2127 2080 2312 2137 deficit
2342 2084 2607 2153 peccandi
2631 2087 2902 2142 voluntas.

2129 2216 2390 2282 Quomodo
2417 2223 2688 2286 peccatum
2711 2221 2784 2274 ad
2813 2228 3031 2276 mortem
3059 2240 3222 2278 unum
3265 2227 3438 2282 solum
3467 2235 3757 2297 peccatum

2467 2312 2562 2377 sit,
2590 2314 2732 2365 sicut
2759 2315 3002 2382 Spiritus
3043 2317 3394 2386 blasphemia.

2207 2436 2299 2491 llic
2324 2437 2495 2492 oritur
2524 2440 2755 2510 quaestio
2783 2441 2941 2497 valde
2973 2444 3236 2512 difficilis,
3269 2448 3416 2518 quod
3469 2452 3758 2523 evangeli-

2130 2535 2226 2581 sta:
2251 2535 2363 2582 tres
2395 2545 2566 2584 unum
2608 2531 2786 2586 solum
2821 2544 3102 2603 peccatum
3138 2537 3192 2591 in
3226 2539 3525 2613 Evangelia
3559 2542 3758 2598 dicunt

2130 2618 2531 2687 irremissibile,
2586 2623 2798 2679 scilicet
2837 2625 3236 2697 blasphemiam
3279 2632 3541 2700 Spiritus,
3589 2652 3754 2706 sepa-

2131 2715 2313 2762 rantcs
2343 2727 2462 2764 eam
2497 2711 2565 2764 ab
2593 2714 2853 2768 omnibus
2882 2715 3025 2781 aliis,
3061 2720 3399 2790 evangelista
3429 2739 3562 2778 vero
3586 2725 3754 2781 Joan-

2129 2811 2226 2850 nes
2256 2797 2308 2850 in
2334 2798 2574 2867 Epistola
2600 2801 2810 2855 nullum
2845 2806 3146 2873 separatim
3183 2807 3754 2881 dicitirremissibilc,

2128 2885 2226 2939 sed
2257 2894 2539 2956 peccatum
2573 2905 2750 2961 usque
2771 2900 3000 2948 mortem
3033 2896 3439 2968 qualecunque.
3466 2902 3758 2965 Quomodo

2129 2975 2471 3029 conveniunt
2502 2976 2742 3047 Epistola
2779 2980 3006 3035 Joannis
3033 2990 3087 3037 et
3115 2985 3491 3059 Evangelium,
3523 2991 3570 3044 si
3601 2996 3753 3062 quod

411 3055 420 3065 ,
1210 3092 1220 3102 ,
1260 3093 1268 3102 _
1380 3055 1389 3056 ί
1464 3055 1482 3056 ⁷⁷
1515 3055 1711 3106 πνἾ,
1741 3055 1866 3077 Ί“““’
2056 3055 2104 3121 C
2129 3061 2482 3137 Evangelium
2516 3066 2586 3120 de
2618 3067 3168 3142 omninegatpraeter
3191 3055 3356 3130 unum
3377 3080 3754 3149 nominatum,

407 3089 615 3158 grande
658 3095 942 3158 peccatum
989 3098 1073 3145 est
1129 3092 1365 3162 Spiritus
1409 3093 1750 3165 blasphemia
1809 3108 1866 3152 ut
1905 3116 2026 3166 eius
2131 3153 2140 3166 .
2273 3153 2290 3166 .
2557 3155 2570 3166 -
2954 3160 3001 3166 -λ

409 3180 558 3234 nulla
581 3181 754 3249 possit
780 3183 938 3251 sequi
981 3183 1327 3252 poenitentia.
1393 3185 1454 3239 Et
1487 3186 1616 3241 licet
1665 3188 1862 3260 aliquis
1905 3193 2024 3246 bla-

408 3272 675 3340 sphemus
701 3272 953 3326 videatur
985 3280 1176 3343 pectus
1198 3276 1449 3338 tundere,
1482 3279 1737 3334 audiatur
1762 3289 1815 3335 et
1844 3285 2027 3354 suspi—

411 3378 552 3424 rare,
589 3363 804 3416 dicetur
831 3363 1056 3418 forsitan
1091 3365 1219 3435 quia
1250 3381 1360 3422 non
1391 3365 1451 3422 ﬁt
1482 3370 1585 3425 hoc
1617 3387 1678 3424 ex
1711 3375 1896 3438 corde,
1927 3377 2022 3431 sed

407 3450 487 3504 sic
517 3451 583 3504 ad
625 3451 898 3507 infinitum
947 3453 1233 3520 mittimur,
1280 3464 1338 3511 ut
1391 3458 1596 3514 incerta
1621 3461 1936 3528 judicemus
1972 3474 2026 3520 et

407 3540 690 3595 scientiam
722 3542 1096 3596 inscrutahilis
1150 3544 1334 3614 abyssi
1368 3548 1552 3601 cordis
1599 3549 1824 3606 humani
1885 3570 2022 3623 prae-

405 3638 723 3701 sumptuose
775 3633 1066 3701 jactemus,
1122 3643 1175 3690 et
1231 3639 1502 3692 occultam
1563 3642 2020 3714 profunditatem,

406 3736 568 3792 quam
599 3722 741 3777 scire
773 3723 942 3778 solius
989 3733 1070 3778 est
1112 3726 1207 3781 Dei
1239 3742 1339 3782 nos
1369 3738 1661 3798 penetrare
1699 3733 2019 3794 clamemus.

406 3816 537 3871 Cum
578 3818 885 3888 blasphemi
917 3819 1204 3877 videamus
1235 3823 1524 3880 tunsiones
1557 3830 1819 3896 pectoris,
1864 3839 1919 3886 et
1943 3833 2020 3887 la-

404 3924 638 3978 crymas,
679 3917 733 3964 et
776 3911 1066 3967 audiamus
1111 3914 1415 3984 profundos
1467 3919 1704 3991 gemitus
1756 3930 1811 3976 et
1856 3923 2020 3998 longa

401 3998 660 4066 suspiria,
691 4001 815 4070 quis
857 4001 1058 4056 audeat
1090 4002 1342 4058 dolosum
1378 4005 1583 4071 dicere,
1627 4025 1732 4064 nec
1763 4027 1828 4066 ex
1851 4015 2018 4069 corde

405 4091 714 4161 poenitere?
739 4093 855 4148 Non
883 4095 1049 4150 credo
1080 4112 1348 4151 summam
1381 4099 1710 4168 sapientiam
1728 4105 1830 4160 hoc
1852 4107 2015 4162 scribi

401 4180 641 4237 voluisse
673 4180 729 4234 in
763 4181 1058 4256 Evangelio
1084 4185 1232 4254 quod
1264 4201 1461 4256 capere
1487 4204 1594 4244 non
1626 4193 1799 4261 possit
1826 4195 2013 4264 homo,

405 4284 506 4322 nec
539 4267 841 4332 hominem,
875 4269 1077 4324 docere
1108 4273 1254 4342 quod
1298 4273 1461 4329 homo
1504 4293 1612 4332 non
1645 4283 1821 4349 possit
1849 4285 2008 4340 scire.

2131 3153 2232 3207 hoc
2264 3153 2506 3209 Joannes
2539 3155 2608 3209 de
2641 3158 2894 3227 quolibet
2917 3160 3174 3232 affirmat,
3206 3181 3316 3220 non
3355 3168 3422 3221 de
3455 3184 3567 3224 uno
3585 3188 3758 3242 sepa-

2129 3241 2328 3296 ratim?
2356 3243 2498 3298 Dicit
2543 3245 2927 3317 Evangelium:
2986 3251 3094 3306 Sed
3139 3254 3480 3326 blasphemia
3511 3241 3757 3330 Spiritus

2126 3342 2210 3387 est
2271 3336 2694 3402 irremissibilis;
2758 3340 3195 3399 dicitJoannes:
3253 3346 3556 3414 Quodlibet
3619 3370 3758 3422 pec-

2127 3434 2304 3479 catum
2328 3442 2503 3498 usque
2535 3429 2604 3482 ad
2635 3441 2866 3485 mortem
2916 3435 3123 3488 nullam
3153 3446 3395 3493 meretur
3415 3442 3754 3500 orationem.

2199 3517 2547 3590 Evangelium
2608 3521 2963 3592 singulariter
3022 3528 3269 3583 nominat
3343 3530 3751 3601 blasphemiam

2125 3608 2360 3678 Spiritus
2416 3619 2472 3664 et
2531 3613 2915 3680 determinate,
2984 3618 3224 3689 Epistola
3269 3622 3344 3675 nil
3393 3623 3754 3695 singulariter

2126 3701 2392 3767 nominat,
2419 3704 2517 3758 sed
2547 3715 2831 3775 peccatum
2859 3725 3034 3781 usque
3065 3712 3134 3765 ad
3162 3722 3390 3771 mortem
3423 3717 3559 3771 dicit
3587 3718 3751 3773 inde-

2125 3793 2435 3850 terminate.
2467 3795 2754 3852 Peccatum
2811 3801 2880 3854 ad
2921 3810 3153 3858 mortem
3194 3805 3622 3864 indeterminate
3649 3812 3746 3864 di-

2121 3895 2266 3939 ctum
2309 3886 2669 3962 intelligimus
2722 3892 3010 3962 quodlibet
3059 3912 3227 3950 unum
3269 3898 3584 3968 indefinite,
3629 3903 3750 3958 hla-

2119 3978 2370 4047 sphemia
2383 3979 2608 4049 Spiritus
2636 3981 2964 4055 intelligitur
2987 3995 3272 4057 peccatum
3292 4005 3401 4045 non
3431 3993 3747 4062 quodlibet,

2119 4071 2216 4124 sed
2248 4087 2421 4126 unum
2455 4073 2701 4130 definite.

2193 4159 2253 4212 Et
2291 4159 2534 4230 Epislola
2561 4163 2792 4218 Joannis
2851 4167 2953 4223 hoc
2981 4168 3144 4224 modo
3186 4170 3483 4226 dissentire
3525 4175 3743 4230 videtur

2114 4250 2181 4304 ab
2215 4251 2529 4328 Evangelio,
2561 4272 2683 4311 cum
2721 4258 2962 4328 Epistola
2995 4262 3139 4316 dicat
3191 4265 3483 4334 quodlibet
3537 4284 3733 4336 pecca-

401 4357 462 4411 Et
493 4357 618 4412 ideo
651 4359 894 4413 nondum
925 4361 1417 4428 comprehendisse
1451 4382 1536 4420 me
1581 4346 1818 4426 arbitror
1841 4373 2012 4443 Spiri—
2033 4374 2088 4442 D
2123 4353 2234 4443 "111'
2275 4346 2343 4399 ad
2371 4355 2623 4443 {Fortem}
2651 4367 2752 4443 ΡΨ
2772 4367 2902 4443 ,ίῖυθλ
2925 4369 3031 4408 non
3058 4355 3442 4423 Sitorandum;
3474 4368 3530 4414 ct
3569 4361 3743 4414 Evan'

405 4456 494 4503 tus
526 4450 927 4520 blasphemiam
960 4467 1082 4521 qua!
1111 4467 1220 4507 non
1245 4453 1556 4522 dimittitur,
1591 4476 1658 4514 ne
1687 4462 1895 4537 ﬁngere
1924 4482 2016 4522 co-

397 4555 496 4610 gar
527 4539 708 4594 cordis
740 4539 1202 4610 impaanitentiam
1237 4559 1359 4613 quae
1395 4547 1658 4603 nescitur.

398 4669 548 4734 Quod
579 4673 866 4738 peccatum
921 4671 992 4722 ad
1028 4675 1246 4726 mortem
1277 4676 1351 4728 sit
1381 4675 1713 4746 blasphemia
1751 4681 2012 4752 Spiritus.

471 4777 578 4831 Sed
626 4777 941 4848 requiratur
983 4777 1211 4832 Joannis
1248 4782 1599 4855 evangelista:
1656 4787 1830 4856 prima
1885 4789 2016 4861 Epi-

396 4867 556 4934 stola,
591 4885 714 4940 quae
744 4868 1130 4923 canonicarum
1168 4869 1529 4939 Epistolarum
1561 4885 1644 4930 est
1666 4894 1795 4946 una,
1828 4880 1880 4933 in
1905 4898 2015 4953 qua

397 4959 598 5015 dicitur
623 4960 835 5032 aliquid
879 4960 1176 5031 Evangelio
1214 4961 1413 5018 simile.
1450 4965 1673 5022 Videtur
1721 4971 1868 5024 enim
1915 4990 2014 5042 per

397 5051 695 5120 Epistolam
755 5051 1118 5107 concordasse
1161 5051 1338 5108 tribus
1376 5061 1729 5129 evangelistis
1784 5063 1840 5117 in
1910 5065 2012 5120 hoc

394 5141 582 5207 verbo,
607 5143 674 5197 de
692 5160 802 5215 quo
835 5143 973 5197 nihil
999 5151 1258 5214 posuerat
1286 5144 1342 5199 in
1376 5147 1674 5225 Evangelio
1704 5170 1825 5221 suo,
1848 5157 2007 5227 quasi

395 5229 452 5282 in
488 5229 726 5297 Epistola
756 5235 1014 5303 suppleat
1037 5230 1186 5302 quod
1219 5249 1402 5290 minus
1429 5239 1488 5293 in
1519 5241 1823 5316 Evangelio
1854 5246 2008 5301 dixe-

396 5329 480 5374 rat
508 5330 567 5374 ut
596 5324 715 5380 ιιωο
733 5330 1012 5385 sententia
1039 5349 1203 5403 quam
1236 5335 1537 5406 quaerimus
1566 5351 1630 5389 ex
1662 5337 1765 5392 hoc
1803 5339 2008 5395 sciatur

397 5407 606 5464 firmior
624 5427 732 5481 quo
763 5414 1084 5475 conﬁrmata
1122 5430 1206 5477 est
1257 5424 1325 5477 ab
1356 5425 1713 5497 evangelistis
1744 5435 2002 5498 quatuor.

397 5493 716 5551 Audivimus
765 5507 876 5552 tres
914 5508 1276 5581 evangelistas
1305 5511 1437 5582 quid
1490 5493 1730 5568 dixerint
1762 5493 1914 5570 unde
1949 5516 2010 5573 fit

396 5584 642 5678 quaestio.
686 5589 985 5650 Audiamus
1011 5600 1280 5656 Joannem
1331 5613 1584 5675 quartum
1615 5609 1748 5678 quid
1789 5611 2006 5678 dixerit,

395 5671 542 5724 unde
562 5672 656 5728 ﬁat
686 5679 910 5733 solutio.
942 5685 1070 5744 Tres
1101 5690 1390 5760 implicant
1430 5712 1530 5752 nos
1560 5715 1784 5754 suorum
1809 5703 2010 5759 verbo-

2119 4433 2323 4505 gelium
2356 4435 2502 4490 dicat
2529 4437 2700 4491 solam
2732 4439 3132 4510 blasphemiam
3163 4444 3404 4514 Spiritus
3435 4447 3726 4503 irremissi-

2119 4521 2228 4575 bile
2251 4529 2555 4591 peccatum.
2590 4525 2698 4579 Sed
2741 4528 2882 4582 hanc
2909 4531 3271 4599 quaestionem
3305 4534 3446 4589 sicut
3490 4537 3735 4606 implicat

2120 4610 2527 4667 inconsiderata
2562 4630 2739 4668 rerum
2773 4616 3047 4684 confusio,
3099 4621 3182 4674 sic
3208 4622 3446 4691 explicat
3487 4640 3607 4679 eam
3647 4643 3736 4681 re-

2118 4717 2238 4754 rum
2280 4701 2579 4776 diligenter
2604 4706 2951 4764 considerata
2993 4710 3273 4767 discretio.
3333 4714 3562 4782 Adjacet
3592 4719 3735 4770 enim

2116 4792 2344 4848 cuilibet
2373 4803 2598 4863 peccato
2618 4798 2965 4868 pcenitentia,
2992 4803 3075 4856 vel
3101 4805 3430 4873 pertinacia;
3457 4809 3736 4877 poeniten-

2116 4885 2187 4938 tia
2221 4885 2448 4953 bonum,
2479 4897 2760 4956 peccatum
2795 4891 2970 4961 ipsum
3005 4896 3244 4960 malum;
3283 4901 3587 4967 pertinacia
3615 4919 3740 4972 pec-

2115 4976 2219 5030 cati
2260 4977 2326 5030 ad
2351 4984 2586 5049 tempus,
2624 4982 2818 5050 pejus;
2865 4985 3164 5054 pertinacia
3195 4988 3261 5041 ad
3290 4998 3523 5046 mortem
3557 4994 3732 5062 pessi-

2113 5082 2285 5132 mum,
2319 5076 2373 5121 et
2429 5068 2681 5123 ultimum
2725 5073 2951 5127 malum.
3013 5075 3204 5146 Itaque
3252 5079 3524 5133 malorum
3589 5083 3733 5136 aliud

2112 5157 2285 5226 prius,
2337 5159 2484 5213 aliud
2518 5161 2816 5230 posterius,
2863 5165 3009 5220 aliud
3045 5175 3409 5236 postremum.
3470 5173 3649 5236 Prius,
3679 5183 3734 5227 ut

2109 5245 2419 5315 fornicatio,
2453 5248 2679 5318 furtum,
2709 5253 2925 5322 rapina,
2951 5256 3166 5324 odium,
3201 5258 3407 5314 invidia
3440 5272 3495 5315 et
3524 5263 3629 5316 alia
3650 5263 3730 5315 in-

2107 5334 2297 5402 finita;
2347 5331 2643 5409 posterius,
2669 5351 2726 5395 ut
2753 5343 3158 5414 impoenitentia
3197 5349 3265 5402 ad
3295 5360 3545 5421 tempus;
3590 5362 3731 5422 post-

2109 5446 2344 5497 remum,
2379 5440 2438 5486 ut
2470 5433 2879 5502 impmnitentia
2910 5437 2976 5491 ad
3010 5439 3287 5494 ultimum.

2190 5521 2249 5575 Et
2283 5522 2466 5592 priora
2519 5525 2838 5594 praecedunt
2876 5529 3031 5599 quasi
3089 5530 3369 5600 capitalia,
3407 5535 3476 5587 de
3511 5536 3729 5604 quibus,

2114 5613 2383 5669 habeatur
2425 5616 2748 5685 pamitentia
2798 5619 2880 5672 vel
2941 5621 3366 5691 impwnitentia.
3426 5625 3539 5679 Nisi
3587 5626 3727 5680 enim

2113 5708 2353 5778 primum
2396 5720 2682 5781 peccatum
2711 5711 2824 5780 ﬁat,
2862 5729 2970 5770 non
3021 5723 3102 5769 cst
3150 5717 3310 5785 cujus
3342 5721 3609 5787 paeniteat
3637 5721 3730 5774 ali-
