3938 6206
246 242 385 298 1117

1533 240 1617 295 DE
1659 236 2026 295 CANONIBUS
2065 235 2300 291 EVANG.

3445 236 3580 291 1118

244 397 440 453 quem,
471 381 555 436 vel
583 381 742 449 cujus
774 380 1126 451 impaenitens
1150 386 1397 435 maneat.
1433 381 1511 434 Ab
1536 380 1688 436 omni
1718 378 1863 434 malo
1883 382 1935 451 Α
1964 373 2322 447 evangelistis
2353 379 2408 428 et
2438 374 2495 427 in
2543 375 2779 438 Joanne,
2819 376 3153 445 appellatum
3199 379 3252 433 in
3283 380 3578 455 Evangelia

243 472 312 527 ad
343 472 579 542 primum
634 472 838 525 bonum
887 471 1037 541 prius
1079 466 1409 539 diriguntur,
1446 470 1501 524 id
1527 479 1630 535 est,
1681 469 1862 541 pumi-

248 566 497 632 tentiam,
535 581 698 636 quam
726 566 975 637 sequitur
1006 565 1282 621 remissio.
1316 567 1353 619 A
1391 566 1569 636 primo
1594 566 1737 620 malo
1766 581 1861 619 ca-

246 661 400 714 ditur
428 659 482 713 in
517 658 813 729 posterius,
847 657 977 713 inde
1008 658 1077 712 ad
1108 667 1469 728 postremum,
1502 658 1648 729 quod
1680 664 1763 712 est
1792 658 1861 712 ad

247 750 415 804 tinem
443 748 1044 819 impwnitentia,quam
1064 748 1652 819 sequiturirremissio.
1669 750 1864 819 [aquae

245 844 382 907 duo,
443 844 495 896 id
528 850 609 897 est
640 842 918 912 posterius
944 849 999 901 et
1029 852 1387 912 postremum,
1444 847 1689 913 peccator
1739 858 1861 897 cum

242 939 471 999 venerit,
504 937 798 991 contemnit
818 938 992 1001 (Prov.
1029 937 1208 1006 xvm).

322 1083 416 1137 llic
455 1083 878 1138 considerantur
928 1092 1164 1153 quatuor
1209 1082 1503 1147 contraria,
1543 1080 1654 1136 duo
1694 1080 1858 1147 bona,

244 1174 467 1231 duobus
499 1174 655 1228 malis
684 1174 955 1244 opposita,
990 1173 1228 1236 Quorum
1270 1174 1406 1229 ratio
1447 1180 1505 1227 ut
1547 1171 1862 1227 evidentius

242 1273 531 1336 appareat,
587 1265 668 1319 sic
707 1281 771 1319 ea
802 1265 1068 1336 quadrata
1109 1264 1342 1320 formula
1373 1265 1629 1334 disponat
1681 1271 1739 1318 ut
1796 1263 1859 1317 li-

244 1372 353 1410 nea
387 1355 644 1425 superior
673 1370 701 1409 e
731 1354 956 1428 regione
984 1354 1094 1408 duo
1122 1354 1422 1419 contineat,
1485 1360 1539 1407 et
1593 1352 1739 1406 linea
1765 1351 1857 1405 in-

243 1446 417 1500 ferior
444 1462 473 1499 e
502 1444 727 1519 regione
767 1444 878 1498 duo
916 1443 1168 1498 similiter
1207 1443 1424 1499 habeat.
1475 1443 1537 1497 Et
1573 1442 1653 1497 sic
1680 1459 1858 1513 appa-

245 1546 328 1591 ret
358 1538 413 1590 in
460 1536 746 1607 utriusque
786 1535 950 1589 lineis
988 1551 1177 1590 eorum
1211 1535 1387 1605 prima
1441 1534 1620 1590 fronte
1650 1543 1868 1591 contra-

243 1630 431 1683 rietas.
464 1628 527 1682 Et
556 1630 638 1682 sic
681 1627 735 1680 in
766 1627 1054 1698 utriusque
1093 1626 1359 1681 lateribus
1399 1626 1773 1691 inveniuntur,
1808 1633 1866 1681 ut

1961 460 2196 542 Spiritus
2224 469 2588 540 blaSphemia,
2631 470 2684 523 in
2736 469 2980 540 Epistola
3026 488 3156 529 vero
3189 485 3471 545 peccatum
3509 476 3578 531 ad

1962 567 2217 624 mortem,
2252 559 2308 613 id
2331 567 2414 614 est
2437 558 2848 630 impceniteutia
2879 561 2947 614 ad
2981 560 3166 617 ﬁnem.

1969 676 2080 731 Cur
2111 676 2486 753 irremissibile
2508 676 2839 753 blasphemia
2863 680 3040 753 magis
3074 682 3304 753 pertinet
3340 682 3415 736 ad
3444 684 3577 753 sps-

2250 750 2419 801 ritum
2450 763 2613 816 quam
2643 747 2717 801 ad
2734 751 2945 801 Patrem
2959 750 3040 801 vel
3077 750 3292 805 Filium.

2036 838 2141 894 Sed
2162 854 2286 893 cum
2322 839 2377 892 in
2397 838 2609 893 Joanne
2651 838 2938 912 signanter
2956 845 3010 893 et
3040 841 3263 910 proprie
3295 851 3577 911 peccatum

1961 931 2031 985 ad
2061 937 2292 985 mortem
2334 937 2580 993 vocetur,
2622 930 2885 1001 quaeritur
2915 930 2971 985 in
3011 931 3305 1005 Evangelio
3330 948 3426 988 cur
3456 934 3578 989 bla-

1960 1021 2214 1093 Sphemia
2245 1036 2355 1076 non
2382 1021 2578 1087 Patris,
2616 1022 2702 1076 vel
2742 1021 2886 1088 Filii,
2938 1023 3040 1077 sed
3083 1023 3321 1093 Spiritus
3369 1032 3579 1080 tantum

1962 1111 2193 1166 dicatur.
2230 1111 2310 1164 Ad
2343 1111 2490 1181 quod
2542 1110 2911 1180 respondetur
2958 1110 3107 1182 quia,
3150 1128 3271 1167 cum
3322 1114 3581 1182 majestas

1962 1218 2191 1257 summa),
2239 1201 2522 1256 Trinitatis
2573 1207 2683 1257 tota
2744 1202 2815 1256 sit
2860 1202 3100 1258 charitas
3151 1210 3205 1258 et
3254 1204 3309 1259 in
3364 1222 3581 1260 summa

1961 1290 2231 1345 Trinitate
2257 1290 2473 1362 singula
2504 1305 2737 1361 quaeque
2767 1307 3005 1361 persona
3028 1293 3328 1348 certissime
3356 1295 3427 1349 sit
3445 1295 3581 1349 cha-

1962 1380 2116 1445 ritas,
2157 1386 2340 1434 tamen
2391 1378 2629 1450 Spiritus
2658 1386 2882 1435 sanctus
2919 1382 3236 1451 specialiter
3274 1389 3328 1438 et
3356 1385 3577 1455 preprie

1968 1479 2068 1535 est,
2095 1472 2351 1537 charitas,
2383 1472 2513 1543 quia
2544 1473 2716 1527 Patris
2746 1480 2801 1529 et
2830 1474 2991 1527 Verbi
3038 1483 3120 1530 est
3163 1491 3291 1531 vera
3313 1492 3575 1532 commu-

1968 1566 2083 1637 nio,
2111 1574 2165 1621 et
2196 1566 2373 1622 dulcis
2401 1566 2687 1638 utriusque
2717 1567 2786 1622 ad
2820 1568 3052 1623 invicem
3087 1576 3144 1626 et
3168 1572 3234 1625 ad
3269 1572 3453 1627 omnia
3483 1572 3575 1626 di-

1965 1654 2145 1710 lectio.
2185 1655 2387 1709 Etcum
2420 1655 2539 1724 ipsa
2570 1656 2807 1710 charitas
2835 1664 3074 1727 nequeat
3100 1659 3390 1714 admittere
3419 1676 3576 1715 suum

242 1722 313 1818 af]
342 1720 1029 1818 scjnvicefnlséquanfur-
1054 1720 1205 1818 in“
1232 1720 1354 1818 d“°_
1377 1720 1549 1818 θοι)θῇ
1572 1735 1672 1790 ἰ)οΓ
1699 1719 1865 1818 “iis?”
1884 1738 1934 1804 B
1959 1742 2320 1804 contrarium.
2364 1719 2472 1797 non
2506 1749 2687 1813 potest
2742 1719 2943 1798 odisse.
2974 1744 3274 1816 quidquam
3308 1748 3455 1818 quod
3513 1749 3584 1802 sit

247 1812 564 1877 ricordiam,
614 1809 845 1865 inferius
881 1811 1117 1875 virtutis,
1172 1811 1426 1881 superius
1465 1810 1697 1880 palmae;
1733 1810 1863 1865 inde

243 1908 359 1961 duo
418 1905 557 1959 mala
598 1922 696 1975 per
742 1904 1035 1973 justitiam,
1085 1904 1315 1959 inferius
1362 1904 1559 1975 culpae,
1610 1905 1865 1974 superius

239 2014 455 2068 ptume;
491 1996 832 2073 angulariter
861 2012 991 2052 vero
1034 1996 1114 2051 sic
1142 1997 1403 2068 utrinque
1456 2003 1767 2069 repugnant
1804 2003 1864 2050 ut

239 2086 405 2140 simul
421 2102 543 2140 esse
561 2094 863 2156 nequeant,
886 2086 995 2139 duo
1024 2084 1731 2155 immutabilitatejustitize,
1751 2084 1861 2139 duo

233 2177 567 2232 certitudine
616 2176 1033 2244 misericordiae,
1067 2183 1125 2230 ut
1169 2176 1419 2245 subjecta
1476 2182 1739 2231 monstrat
1769 2174 1867 2229 de-

237 2269 494 2340 scriptio.

1332 2484 1343 2552 |
1389 2482 1588 2536 malum
1628 2486 1806 2554 culpae

907 2579 1177 2632 contraria
1322 2577 1333 2649 |

291 2484 497 2537 bonum
532 2483 728 2552 palmae
766 2485 778 2547 Ι

374 2580 641 2635 Remissio
762 2583 770 2647 Ι
907 2580 1177 2632 contraria
1322 2580 1333 2647 |
1448 2580 1748 2637 irremissio

644 2664 670 2670 ’
768 2727 803 2753 κ.
1312 2668 1394 2749 s”

786 2754 841 2816 ελ
1232 2739 1331 2826 .υὲ

827 2808 867 2853 ἀ
1227 2820 1278 2869 ῥ
1788 2825 1826 2849 ω

833 2846 909 2913 δῖ
1165 2860 1246 2919 -ῆθ
1771 2854 1826 2922 .8

673 2657 1017 3096 \;
1142 2910 1211 2983 ἐ
1701 2922 1755 2989 ξ
1787 2927 1825 2997 ξ

1717 2997 1753 3022 ’³
1789 3005 1825 3038 Β

1700 3044 1832 3144 ’ἐξ

1714 3150 1841 3233 ἑαῖς

895 3225 972 3314 e‘
1128 3246 1201 3316 νά
1714 3235 1752 3321 2-3
1784 3238 1838 3324 Ξο

823 3307 913 3403 ἐξ
1180 3305 1279 3411 δξᾲ.
1784 3328 1821 3413 Ξ

760 3398 845 3487 «θ
1246 3400 1283 3439 φ

644 3567 661 3640 i
752 3590 763 3660 |
904 3586 1181 3640 contraria
1313 3593 1323 3653 |
1392 3586 1798 3655 impcnnitentia

1315 3692 1325 3749 |
1371 3692 1572 3737 malum
1616 3699 1793 3752 ptent?
1839 3692 1848 3770 Ι

260 3567 652 3578 _———_—-—

272 2826 308 2883 ξ
344 2827 380 2883 Ξ
409 2825 416 2883 Ι
779 2825 947 2883 \Yo.\
1155 2825 1332 2883 [ος]
1686 2825 1693 2883 Ι
1788 2825 1826 2883 ἒ

271 2881 308 2922 9
344 2882 380 2922 ‘3
409 2881 415 2922 |
817 2881 974 2922 \"/...\
1127 2881 1291 2922 βῶν]
1686 2881 1692 2922 |
1771 2881 1826 2922 -εὶ

256 2916 379 2971 -ΞλΞ
408 2916 415 2971 Ι
842 2916 1007 2971 \°'o.\
1091 2916 1263 2971 [ὃ]
1685 2916 1825 2971 ΙῈὲ

271 2960 415 2997 ﬁll
871 2960 1232 2997 \‘?'\/"/
1685 2960 1825 2997 IG:

255 2997 415 3073 .ESI
897 2997 958 3073 \
1014 2997 1082 3073 γ
1134 2997 1204 3073 /
1684 2997 1832 3073 1Ξὲ-

272 3067 415 3132 μὲι
945 3067 1030 3132 ‘/
1090 3067 1152 3132 /
1683 3067 1824 3132 ΙΞΕ

261 3118 415 3194 ξξι
923 3118 1176 3194 //\
1682 3118 1841 3194 ΙΞζ.

269 3190 415 3271 ξ’ἓΙ
864 3190 1227 3271 /.,~/\,.\
1682 3190 1822 3271 Ιὲἓ

270 3269 416 3357 ἐτ’-ξτΙ
798 3269 1000 3357 A537
1098 3269 1287 3357 Ὶᾏλ
1680 3269 1751 3357 1⁵
1784 3269 1838 3357 ἔ

270 3344 307 3414 Ξ
342 3344 416 3414 8|
755 3344 944 3414 /..$‘°/
1150 3344 1326 3414 Ἑλ
1679 3344 1688 3414 Ι
1784 3344 1820 3413 ξ

338 3587 661 3657 pcenitentia
752 3590 763 3660 |
904 3586 1181 3640 contraria
1313 3593 1323 3653 |
1392 3586 1798 3655 impcnnitentia

272 3686 479 3740 bonum
506 3683 761 3752 virtutisl
1315 3691 1325 3749 |
1371 3684 1572 3737 malum
1616 3699 1793 3752 pains:

298 3915 411 3971 Hoc
466 3930 596 3989 ergo
631 3914 794 3971 modo
841 3912 1189 3969 considerata
1244 3911 1588 3969 discretione
1650 3926 1853 3979 rerum,

225 4023 351 4062 cum
396 4007 449 4060 in
496 4006 791 4080 Evangelia
834 4005 1037 4060 dicitur
1090 4020 1256 4060 omne
1297 4004 1501 4059 dimitti
1541 4012 1854 4075 peccatum,

222 4098 608 4171 intelliguntur
636 4098 755 4168 ipsa
789 4103 1013 4169 peccata
1044 4113 1167 4169 qua:
1199 4103 1331 4151 sunt
1360 4095 1536 4167 prius,
1576 4101 1631 4150 et
1660 4096 1858 4165 impae-

226 4184 462 4238 nitentia
485 4184 553 4239 ad
576 4192 812 4254 tempus.
848 4199 969 4256 quae
999 4192 1082 4239 est
1112 4183 1408 4254 posterius.
1447 4182 1692 4253 Spiritus
1722 4197 1853 4238 vero

226 4276 597 4345 blasphemia,
633 4292 754 4346 quae
802 4276 1005 4331 remitti
1061 4290 1171 4330 non
1210 4281 1414 4345 potest,
1464 4283 1548 4329 est
1577 4273 1851 4344 imposui-

1964 1838 2230 1896 creatum,
2280 1830 2378 1884 sed
2433 1829 2613 1903 diligit
2653 1830 2861 1898 omnia,
2903 1848 3027 1902 quae
3072 1839 3244 1887 totum
3311 1835 3582 1906 quidquid

1965 1930 2069 1988 est,
2098 1938 2229 1977 vera
2261 1922 2486 1977 dilectio
2517 1930 2619 1984 est,
2679 1923 2781 1976 nisi
2835 1923 2984 1978 enim
3037 1926 3328 1980 essentiam
3362 1943 3580 1981 omnem

1965 2012 2245 2084 diligeret,
2277 2029 2447 2068 unum
2499 2028 2721 2084 quoque
2752 2013 2893 2068 sicut
2924 2022 3007 2069 est
3040 2031 3161 2070 esse
3213 2032 3320 2071 non
3383 2023 3584 2087 potest.

1963 2099 2222 2164 Quaedam
2253 2109 2435 2156 autem
2478 2102 2739 2156 essentia:
2780 2103 2995 2173 culpam
3029 2104 3394 2171 admiserunt,
3417 2106 3514 2159 sed
3537 2110 3591 2159 et

1971 2192 2117 2263 ipsas
2140 2208 2267 2247 vera
2294 2193 2534 2248 charitas
2574 2193 2756 2267 diligit
2804 2210 2926 2265 quae
2955 2206 3349 2264 peccaverunt,
3404 2203 3591 2266 parata

1968 2282 2036 2336 ad
2082 2282 2509 2355 indulgentiam,
2552 2284 2596 2338 si
2647 2291 2813 2357 agant
2867 2286 3271 2355 paenitentiam.
3308 2287 3437 2341 Nam
3472 2302 3593 2358 qum

1974 2391 2102 2429 vere
2142 2376 2341 2447 diligit,
2374 2376 2615 2432 libenter
2634 2377 2899 2433 offensam
2933 2380 3179 2436 dimittit.

2044 2464 2136 2518 Est
2184 2464 2333 2518 enim
2359 2480 2501 2520 verse
2538 2466 2821 2521 charitatis
2863 2467 3133 2526 officium.
3162 2476 3349 2539 optata
3394 2470 3591 2524 remis-

1972 2554 2057 2610 sio
2089 2562 2457 2625 peccatorum.
2486 2557 2567 2623 Et,
2600 2557 2743 2613 sicut
2778 2558 2833 2612 in
2863 2575 3078 2614 summa
3107 2559 3373 2615 Trinitate
3405 2561 3591 2615 chari-

1972 2658 2053 2703 tas
2095 2650 2311 2719 prOpric
2340 2650 2574 2705 refertur
2600 2652 2667 2705 ad
2699 2652 2985 2723 Spiritum,
3031 2655 3102 2709 ita
3148 2656 3369 2726 pr0prie
3416 2656 3590 2711 ascri-

1971 2737 2120 2792 bitur
2162 2738 2388 2809 Spiritui
2411 2740 2664 2796 remissio
2696 2749 3071 2812 peccatorum,
3114 2751 3305 2814 utpote
3354 2744 3591 2799 charita-

1970 2825 2039 2880 tis
2059 2823 2300 2881 ofticium
2327 2844 2341 2889 ;
2379 2828 2632 2898 quamvis
2662 2829 2718 2884 in
2761 2836 2875 2885 tota
2901 2830 3164 2887 Trinitate
3195 2847 3489 2888 commune
3518 2833 3591 2887 sit

1971 2924 2196 2985 peccata
2215 2916 2514 2971 dimittere.

2038 3004 2092 3058 Si
2124 3020 2256 3079 ergo
2284 3006 2522 3075 Spiritus
2549 3014 2773 3062 sanctus
2809 3009 3033 3079 proprie
3077 3017 3301 3081 peccata
3330 3010 3586 3079 dimittit,

1891 3106 1940 3174 ί]
1968 3095 2023 3151 id
2054 3103 2202 3151 certe
2258 3104 2450 3152 contra
2487 3097 2751 3169 Spiritum
2798 3106 3047 3155 sanctum
3105 3117 3164 3155 se
3207 3102 3383 3177 magis
3420 3103 3587 3176 erigit

1965 3185 2115 3257 quod
2136 3186 2512 3242 remissionem
2546 3197 2896 3259 peccatorum
2922 3190 3098 3264 magis
3114 3191 3381 3259 excludit,
3414 3199 3469 3246 et
3492 3192 3581 3246 in-

1959 3274 2104 3341 juria
2134 3275 2327 3346 majori
2354 3282 2604 3331 sanctum
2654 3278 2912 3332 molestat
2965 3278 3228 3348 Spiritum
3282 3286 3429 3351 quod
3472 3296 3588 3334 ma-

1958 3364 2066 3433 jori
2100 3365 2349 3437 nequitia
2386 3367 2601 3421 veniam
2650 3368 2868 3438 repellit
2908 3379 3281 3439 peccatorum.
3342 3371 3404 3425 Et
3455 3371 3583 3426 ideo

1966 3462 2111 3511 recte
2168 3464 2399 3512 vocatur
2454 3457 2804 3529 blasphemia
2851 3459 3091 3530 Spiritus
3128 3462 3266 3517 illud
3298 3472 3583 3533 peccatum

1962 3545 2110 3616 quod
2141 3546 2423 3601 charitatis
2458 3549 2621 3603 dulce
2656 3549 2858 3605 refutat
2896 3550 3161 3616 officium,
3197 3568 3301 3607 nec
3328 3553 3583 3625 accipere

1960 3642 2116 3688 eurat
2159 3651 2357 3689 munus
2393 3636 2593 3703 veniae,
2632 3638 2781 3708 quod
2833 3639 3073 3694 charitas
3130 3641 3394 3696 omnibus
3432 3648 3586 3712 optat

1961 3722 2263 3791 impertire.
2300 3725 2363 3779 Et
2389 3724 2496 3779 hoc
2544 3731 2628 3779 est
2659 3733 2949 3795 peccatum
2978 3728 3046 3781 ad
3094 3737 3349 3796 mortem,
3386 3729 3440 3784 id
3500 3738 3585 3785 est

1957 3811 2363 3881 impcenitentia
2386 3813 2455 3867 ad
2493 3811 2682 3880 tinem,
2715 3822 3020 3870 extremum
3054 3818 3279 3884 malum,
3312 3818 3570 3872 irremis-

1956 3905 2118 3960 sibile
2149 3906 2353 3973 solum,
2413 3923 2536 3962 cum
2594 3908 2803 3964 remitti
2846 3910 3018 3979 possit
3056 3911 3207 3966 aliud
3253 3926 3417 3966 omne
3449 3928 3582 3983 pec-

1960 4002 2161 4050 catum.
2187 3995 2251 4049 Et
2293 3996 2397 4050 hoc
2425 4003 2510 4050 est
2540 4003 2733 4052 contra
2764 4007 3013 4052 sanctum
3057 4000 3320 4071 Spiritum
3365 3999 3573 4066 dicere,

1959 4085 2380 4142 scilicetdivina
2406 4102 2576 4158 Opera
2602 4089 2967 4159 vituperando
3013 4098 3068 4145 et
3108 4092 3160 4145 in
3191 4108 3412 4162 pravam
3453 4112 3581 4165 par-

1956 4182 2066 4229 tem
2095 4176 2375 4242 ducendo,
2416 4176 2691 4233 invidiose
2723 4184 2778 4233 et
2807 4178 3045 4249 superbe
3086 4195 3261 4251 usque
3315 4181 3369 4235 in
3418 4183 3584 4238 tinem

1957 4268 2402 4338 impwnitentem
2446 4270 2761 4339 persistere,
2811 4270 2952 4326 sicut
3005 4279 3059 4326 et
3104 4272 3362 4328 malitiosi
3402 4274 3582 4331 Judaei

220 4332 397 4422 tentia
437 4366 503 4419 ad
564 4332 754 4433 finem,
787 4382 887 4437 pro
919 4383 1027 4438 qua
1059 4332 1357 4422 arari-non
1390 4365 1577 4421 debet.
1622 4332 1685 4419 Εἰ
1723 4380 1848 4419 cum
1872 4332 1930 4401 D
1958 4368 2089 4415 tunc
2114 4360 2407 4428 faciebant,
2448 4361 2542 4433 qui
2584 4362 2799 4418 divinas
2856 4363 2977 4434 ejus
3015 4364 3243 4420 virtutes
3298 4366 3583 4423 immundo

222 4464 281 4516 in
315 4459 618 4528 Evangelio
650 4459 820 4514 multa
875 4459 988 4515 sint
1018 4467 1074 4515 et
1130 4458 1566 4514 innumerabilia
1607 4463 1856 4529 peccata,

221 4568 349 4626 quae
381 4558 613 4624 possunt
666 4551 889 4619 dimitti,
921 4568 1031 4607 una
1078 4561 1160 4607 est
1197 4552 1432 4623 Spiritus
1486 4550 1857 4623 blasphemia,

1958 4451 2177 4522 spiritui
2209 4452 2581 4508 ascribebant.
2622 4454 2758 4509 Inde
2799 4455 3069 4511 divinitus
3105 4472 3341 4513 cernens
3390 4475 3584 4515 eorum

1959 4556 2137 4612 usque
2169 4542 2238 4595 ad
2270 4540 2434 4597 finem
2469 4541 2955 4613 impmnitcntiam,
3000 4555 3056 4599 et
3094 4561 3191 4603 eos
3226 4546 3283 4600 in
3312 4556 3581 4603 aeternum

228 4658 355 4714 qua;
402 4654 512 4694 non
556 4647 736 4710 potest
771 4641 993 4708 dimitti,
1036 4640 1125 4695 cui
1166 4648 1249 4695 est
1303 4640 1449 4695 idem
1496 4640 1552 4694 in
1615 4639 1858 4711 Epistota
1959 4633 2306 4689 damnandos
2344 4633 2586 4699 dicebat,
2632 4644 2687 4689 et
2727 4641 2978 4706 posteros
3029 4646 3085 4690 et
3126 4643 3334 4692 tantum
3376 4638 3580 4693 malum

227 4731 464 4789 Joannis
492 4739 777 4802 peccatum
818 4732 887 4787 ad
918 4739 1176 4800 mortem,
1226 4733 1280 4788 id
1320 4740 1404 4787 est
1446 4732 1856 4804 impmnitentia
1956 4734 2187 4780 caveant
2230 4724 2541 4780 instruebat
2598 4726 2919 4782 Invenimus
2950 4742 3016 4781 ex
3049 4726 3135 4781 his
3165 4727 3444 4802 Evangelii
3487 4744 3580 4783 ca-

227 4822 295 4876 ad
332 4819 522 4883 tinem,
552 4835 650 4890 pro
681 4836 791 4891 quo
822 4821 941 4877 solo
998 4837 1107 4877 non
1147 4821 1316 4877 debet
1349 4822 1513 4877 orari.
1560 4822 1621 4877 Et
1660 4822 1735 4877 ita
1773 4829 1857 4877 est
1957 4817 2149 4890 pitulis
2170 4817 2333 4873 aliter
2358 4818 2511 4889 loqui
2550 4818 2735 4873 Patres
2757 4819 3127 4889 orthodoxos;
3167 4836 3291 4892 qua:
3323 4821 3417 4894 qui
3463 4821 3582 4877 vult

232 4932 406 4971 unum
441 4913 621 4969 solum
673 4922 957 4985 peccatum
1018 4915 1400 4971 irremissibile
1454 4922 1511 4971 et
1566 4916 1622 4971 in
1678 4916 1855 4971 tribus
1955 4913 2098 4970 scire
2131 4914 2378 4989 requirat
2404 4914 2554 4985 apud
2595 4914 2740 4970 illos.

586 5025 828 5093 Emplicit
849 5024 1291 5080 reverendissimi
1320 5024 1535 5080 domini
1563 5024 1766 5081 Odom's
1799 5027 1875 5079 De
1915 5024 2251 5095 blasphemia
2278 5025 2341 5079 in
2372 5024 2642 5095 Spiritum
2669 5028 2914 5080 sanctum
2942 5029 3230 5081 tractatus.

560 5280 785 5416 DE
854 5274 1803 5421 CANONIBUS
1878 5276 3243 5419 EVANGELIOBUM

306 5608 639 5661 Sanctorum
697 5605 1112 5680 Evangeliorum
1169 5607 1331 5664 lectio
1380 5622 1557 5664 canon
1616 5608 1862 5680 quidam,

243 5696 298 5751 id
339 5705 423 5752 est
464 5692 743 5750 institutio
774 5694 859 5750 vel
900 5696 1091 5771 regula
1138 5703 1222 5753 est
1274 5697 1557 5773 religionis
1583 5698 1861 5770 perfectae.

1966 5604 2124 5660 Unde
2172 5601 2425 5659 canonici
2469 5607 2755 5667 vocantur,
2784 5601 2882 5672 qui
2911 5600 3214 5656 secundum
3274 5591 3577 5651 institutio-

1966 5713 2093 5753 nem
2123 5701 2442 5751 sanctorum
2485 5692 2910 5767 Evangeliorum
2939 5692 3151 5749 vivunt.
3191 5684 3448 5757 Singulas
3474 5681 3577 5752 igi-
