3938 6206
397 268 538 324 1119

1626 266 1685 320 Β.
1729 264 1966 321 ODONlS
2005 264 2245 321 CAMER.
2288 265 2494 321 EPISC.

3588 274 3753 329 1120

396 412 484 460 tur
516 410 829 458 sanctorum
844 400 1263 474 Evangeliorum
1295 399 1598 454 sententias
1637 414 1879 455 canones
1908 413 2009 453 vo-
2035 403 2086 470 Α
2107 404 2281 466 vacat,
2313 400 2443 471 quia
2466 415 2739 472 nusquam
2773 410 2907 473 puto
2945 416 3044 457 eos
3092 402 3391 458 convenire
3439 403 3494 458 in
3525 421 3747 480 genere

396 507 618 556 camus;
667 491 767 545 sed
797 490 1059 561 quoniam
1109 487 1529 563 Evangeliorum
1574 486 1774 558 regulae
1801 487 1886 541 vel
1914 502 2008 542 ca-

396 602 573 642 nones
602 585 657 639 in
683 583 1097 656 quatuorlibris
1126 589 1364 655 quatuor
1383 581 1845 655 Evangelistarum
1877 596 2011 637 con-

394 687 765 746 summantur,
822 678 1008 735 evenit
1064 684 1124 733 ut
1178 678 1234 732 in
1307 676 1637 748 quibusdam
1712 676 2010 731 sententiis

396 790 592 830 omnes
623 773 679 828 in
707 773 870 827 simul
902 772 1260 837 conveniant;
1292 776 1372 837 ut,
1404 770 1554 841 quod
1586 770 1643 823 in
1669 785 1779 825 uno
1831 786 2007 824 evan-

398 863 724 936 gelistarum
760 863 964 918 dictum
1014 864 1103 928 sit,
1136 862 1331 917 eodem
1366 861 1530 916 modo
1562 862 1646 916 vel
1675 861 1929 917 similiter
1951 861 2007 917 in

400 958 632 1030 reliquis
663 959 836 1014 tribus
879 958 1225 1025 inveniatur;
1272 957 1327 1011 in
1360 956 1691 1028 quibusdam
1724 972 1853 1013 vero
1886 973 2008 1012 sen-

402 1050 590 1105 tentiis
630 1057 741 1105 tres
768 1056 1013 1115 tantum;
1066 1055 1127 1103 ut
1165 1048 1221 1102 in
1269 1058 1488 1119 quarto,
1532 1062 1642 1103 non
1700 1047 2012 1103 inveniatur

402 1139 552 1210 quod
600 1147 711 1193 tres
767 1138 1118 1209 evangelista:
1157 1136 1414 1191 similiter
1460 1136 1749 1201 dixerunt;
1806 1137 1860 1191 in
1892 1137 2015 1192 aliis

400 1246 530 1286 vero
555 1231 664 1285 duo
693 1236 920 1286 tantum.
954 1228 1184 1300 reliquis
1214 1228 1432 1283 duobus
1473 1228 1527 1282 id
1563 1229 1740 1300 ipsum
1783 1229 2012 1284 tacenti-

404 1323 539 1387 bus;
571 1322 626 1375 in
657 1320 779 1375 aliis
807 1337 939 1376 vero
970 1312 1175 1393 singuli
1207 1320 1561 1392 evangelistze
1594 1322 1847 1392 proprias
1880 1338 2013 1375 sen-

404 1410 606 1465 tentias
653 1409 965 1473 enuntient,
1009 1408 1224 1463 caeteris
1282 1408 1614 1476 tacentibus,
1670 1410 1817 1481 quod
1873 1426 2014 1465 unus

407 1501 632 1569 dixerit,
674 1508 734 1556 ut
789 1502 905 1556 haec
948 1502 1111 1572 plane
1160 1501 1330 1572 possit
1370 1500 1490 1557 fieri
1521 1502 1721 1558 divisio
1770 1503 2012 1576 generis,

405 1593 564 1665 quasi
608 1593 664 1647 in
704 1592 967 1664 quasdam
1000 1592 1215 1663 species
1240 1607 1535 1648 canonum.
1568 1594 1691 1659 Alii,
1725 1594 1781 1648 in
1810 1594 2012 1666 quibus

407 1686 646 1751 quatuor
704 1681 1058 1755 evangelista:
1116 1682 1482 1750 conveniunt;
1543 1682 1660 1751 alii,
1705 1683 1760 1737 in
1810 1683 2011 1755 quibus

406 1780 546 1838 tres;
575 1772 687 1838 alii,
724 1773 778 1826 in
797 1772 1000 1843 quibus
1025 1773 1163 1838 duo;
1196 1774 1311 1839 alii,
1340 1773 1395 1828 in
1426 1774 1628 1845 quibus
1658 1774 1860 1847 singuli
1888 1791 2018 1847 pro-

410 1865 558 1934 prios
587 1880 850 1933 canones,
875 1864 931 1919 id
963 1872 1045 1920 est
1071 1866 1290 1938 regulas
1319 1867 1707 1937 pronuntiant.
1736 1868 2016 1922 Canonum

407 1972 559 2021 vero,
620 1954 676 2010 in
741 1956 942 2028 quibus
1009 1964 1250 2030 quatuor
1317 1958 1467 2012 nulla
1532 1967 1617 2013 est
1693 1958 2016 2014 subdivisio.

412 2048 610 2104 Eorum
650 2064 946 2116 canonum,
979 2050 1033 2104 in
1066 2049 1270 2121 quibus
1300 2058 1431 2115 tres,
1486 2051 1745 2121 quoniam
1787 2060 2024 2123 quatuor

409 2144 537 2192 sunt
561 2138 936 2210 evangelista,
965 2146 1204 2210 quatuor
1222 2144 1349 2193 sunt
1366 2138 1714 2207 differentiae,
1742 2140 1872 2212 quia
1892 2156 2022 2211 qua-

409 2236 534 2284 tuor
562 2229 742 2285 modis
796 2230 1122 2286 commutari
1175 2236 1357 2301 potest
1409 2245 1601 2286 eorum
1663 2232 1805 2286 trina
1860 2247 2015 2287 com-

411 2316 616 2385 plexio.
644 2317 706 2372 Et
733 2325 819 2373 est
842 2334 981 2383 una;
1009 2334 1133 2373 cum
1160 2321 1500 2376 conveniunt
1525 2321 1835 2390 Matthazus,
1871 2321 2015 2376 Mar-

411 2420 528 2471 cus,
564 2405 766 2472 Lucas;
813 2407 939 2473 alia,
991 2408 1293 2477 Matthaeus,
1324 2411 1556 2478 Marcus,
1587 2411 1857 2479 Joannes;
1908 2423 2019 2467 ter-

411 2497 507 2560 tia,
559 2495 861 2565 Matthasus,
926 2499 1117 2568 Lucas,
1174 2502 1444 2569 Joannes;
1503 2510 1717 2575 quarta,
1784 2503 2020 2567 Marcus.

412 2583 599 2650 Lucas,
630 2586 890 2643 Joannes.
926 2587 1182 2644 Pluribus
1207 2591 1387 2647 modis
1416 2608 1527 2648 non
1570 2600 1751 2664 potest
1768 2609 2019 2649 commu-

415 2675 515 2728 tari
576 2676 719 2731 trina
765 2677 1076 2749 complexio
1117 2688 1355 2751 quatuor
1393 2698 1594 2737 rerum.
1668 2684 1775 2739 Sed
1832 2684 2020 2739 harum

413 2774 649 2838 quatuor
699 2771 1147 2841 eomplexionum
1204 2785 1418 2846 quarta,
1469 2793 1590 2847 qua:
1649 2787 1735 2832 est
1786 2779 2020 2848 Marcus,

412 2855 602 2923 Lucas,
632 2858 873 2914 Joannes
920 2861 1009 2915 hic
1039 2872 1217 2930 vacat,
1248 2863 1399 2935 quia,
1433 2865 1489 2918 in
1528 2873 1641 2921 toto
1699 2867 2023 2943 Evangelio-

415 2961 531 2998 rum
565 2954 733 3013 textu,
766 2956 896 3018 puto
929 2965 1038 3005 non
1072 2966 1232 3021 posse
1271 2952 1507 3008 inveniri
1548 2962 1657 3010 tres
1688 2956 1821 3011 istos
1851 2973 2022 3014 evan-

2114 506 2305 546 eorum
2340 492 2394 546 in
2426 493 2629 564 quibus
2659 494 2789 550 duo.
2824 494 3076 550 Canones
3107 494 3163 549 in
3195 495 3399 566 quibus
3437 513 3604 565 unus,
3650 515 3754 555 se-

2113 583 2354 638 cundum
2408 591 2642 655 quatuor
2688 586 3080 661 evangelistas,
3137 588 3529 658 quadruplices
3578 598 3742 646 sunt.

2113 673 2476 728 Inveniuntur
2527 675 2676 729 enim
2752 675 2807 729 in
2860 691 3202 748 unoquoque
3285 677 3743 754 Evangeliorum,

2111 760 2283 815 multa
2313 761 2389 817 ita
2432 763 2655 833 proprie
2706 764 2852 820 dicta
2882 775 2942 820 ut
2995 781 3188 821 eorum
3218 782 3493 822 canonum
3534 769 3747 823 simili-

2112 853 2242 909 tudo
2281 853 2336 907 in
2382 854 2506 909 aliis
2535 855 2684 911 nulla
2721 858 2809 912 sit.
2853 857 2911 912 Et
2944 857 3001 911 hi
3031 873 3295 923 canones,
3328 860 3603 930 quamvis,
3643 876 3723 915 se-

2109 949 2351 1004 cundum
2386 957 2625 1020 quatuor
2654 950 3022 1022 evangelistas
3053 950 3443 1022 quadruplices
3469 952 3600 1019 sint,
3645 970 3739 1008 re-

2112 1048 2197 1096 cte
2236 1046 2420 1093 tamen
2454 1038 2510 1092 in
2550 1055 2716 1093 unam
2759 1040 2990 1095 formam
3026 1048 3373 1109 revocantur,
3405 1048 3485 1106 ut,
3517 1042 3653 1114 quia
3683 1043 3743 1097 in

2117 1144 2321 1203 genere
2350 1136 2480 1183 sunt
2512 1144 2699 1183 eorum
2734 1128 2788 1182 in
2813 1144 2922 1200 quo
2966 1145 3131 1197 unus,
3176 1138 3232 1184 et
3264 1129 3370 1201 ipsi
3413 1130 3577 1185 unius
3602 1147 3744 1203 spe-

2117 1217 2220 1271 ciei
2249 1232 2373 1271 esse
2435 1216 2706 1271 dicantur.
2750 1217 2886 1272 Sunt
2938 1233 3068 1289 ergo
3119 1233 3381 1281 canones,
3425 1221 3741 1275 secundum

2117 1309 2432 1380 praedictam
2485 1309 2835 1377 divisionem,
2878 1311 3092 1365 decem.
3136 1310 3319 1366 Canon
3350 1311 3405 1365 in
3439 1328 3549 1383 quo
3594 1330 3743 1384 qua-

2116 1408 2259 1463 tuor,
2286 1398 2528 1470 primus;
2555 1414 2734 1454 canon
2752 1415 2898 1454 unus
2923 1400 2978 1453 in
2994 1415 3105 1471 quo
3137 1407 3251 1456 tres
3272 1400 3364 1455 ille
3394 1401 3450 1455 in
3466 1417 3578 1472 quo
3599 1417 3746 1457 con-

2113 1487 2347 1543 veniunt
2375 1488 2684 1554 Matthaeus,
2716 1487 2951 1555 Marcus,
2986 1488 3180 1557 Lucas,
3212 1490 3518 1555 secundus;
3558 1490 3657 1545 ille
3688 1490 3746 1544 in

2113 1593 2222 1650 quo
2263 1578 2604 1634 conveniunt
2631 1578 2941 1646 Matthaaus,
2976 1579 3171 1647 Lucas,
3214 1580 3475 1647 Joannes,
3518 1580 3742 1645 tertius;

2115 1667 2422 1731 Matthaaus,
2448 1666 2681 1734 Marcus,
2705 1666 2968 1734 Joannes,
3000 1674 3255 1738 quartus;
3285 1683 3498 1735 eorum,
3530 1668 3587 1722 in
3622 1669 3749 1739 qui-

2042 1727 2223 1811 Bbus
2288 1727 2422 1822 duo,
2470 1727 2777 1823 Matthaius,
2837 1727 3035 1822 Lucas:
3074 1727 3339 1827 quintus;
3397 1727 3562 1811 sexus
3600 1727 3746 1813 llat-

2122 1852 2321 1918 thzeus,
2350 1851 2595 1917 Marcus;
2622 1851 2917 1921 septimus,
2958 1850 3264 1918 Mattliaeus,
3295 1851 3558 1917 Joannes;
3589 1860 3751 1907 octa-

2125 1963 2245 2014 vus,
2279 1947 2512 2013 Marcus,
2559 1946 2760 2012 Lucas;
2794 1963 2998 2009 nonus,
3046 1947 3240 2014 Lucas,
3282 1946 3546 2003 Joannes.
3577 1948 3747 2003 Deci-

2125 2052 2247 2092 mus
2276 2043 2358 2091 est
2384 2051 2561 2091 canon
2590 2036 2647 2090 in
2677 2050 2789 2108 quo
2827 2052 2990 2100 unus,
3032 2037 3146 2107 qui,
3179 2036 3431 2108 quamvis
3469 2053 3573 2108 per
3602 2053 3748 2108 qua-

2124 2139 2249 2186 tuor
2279 2131 2572 2204 Evangelia
2602 2139 2803 2199 currat,
2835 2131 3126 2188 uniformis
3153 2131 3439 2202 accipitur,
3479 2141 3535 2187 et
3585 2132 3749 2187 deci-

2118 2242 2240 2281 mus
2274 2225 2334 2281 fit
2364 2226 2523 2297 primi
2564 2227 2795 2283 canonis
2835 2227 3081 2282 retinens
3126 2227 3537 2299 quodammodo
3581 2227 3744 2281 simi-

2120 2321 2434 2388 litudinem,
2485 2322 2743 2392 quamvis
2793 2321 2958 2397 longe
3015 2322 3198 2376 minus
3240 2320 3538 2393 perfectus,
3584 2323 3744 2393 quod

2124 2412 2289 2466 unius
2317 2411 2472 2466 solus
2498 2411 2850 2487 evangelista
2873 2411 3076 2467 nitatur
3122 2411 3467 2467 auctoritate.
3504 2410 3616 2465 [loc
3642 2427 3749 2464 au—

2125 2515 2231 2559 tem
2288 2505 2455 2560 miror
2496 2505 2769 2571 evenisse,
2826 2506 2975 2577 quod
3027 2505 3332 2560 secundum
3382 2504 3522 2559 duas
3587 2518 3748 2559 com-

2127 2594 2412 2664 plexiones
2435 2592 2854 2649 similitudinem
2893 2594 3245 2668 evangelista:
3276 2609 3387 2649 non
3428 2592 3747 2664 recipiunt;

2126 2690 2185 2737 ut
2240 2683 2295 2736 in
2352 2683 2584 2738 denario
2615 2698 2844 2738 numero
2893 2683 3024 2751 sint,
3066 2682 3215 2753 quod
3246 2682 3367 2737 sine
3419 2681 3748 2752 magisterio

2125 2791 2325 2849 magno
2356 2792 2481 2831 esse
2535 2790 2646 2831 non
2676 2775 2866 2844 credo,
2899 2776 3001 2830 nisi
3035 2775 3183 2846 quod
3217 2774 3458 2830 occurrit
3506 2773 3645 2828 mihi
3681 2791 3749 2828 ex

2124 2871 2372 2942 liocipso
2393 2876 2583 2942 patere
2609 2870 2940 2925 soliditatem
2988 2870 3042 2924 S.
3098 2868 3374 2942 Evangelii
3424 2868 3527 2924 sub
3562 2869 3750 2924 littera

2126 2966 2332 3021 Veteris
2385 2964 2741 3030 Testamenti,
2800 2964 2958 3036 quasi
3010 2965 3113 3019 sub
3174 2964 3451 3020 velamine
3505 2963 3751 3018 latenter

411 3034 634 3130 gelistas
655 3036 861 3108 aliquid
895 3039 1261 3130 communiter
1279 3040 1484 3098 dixisse
1519 3044 1573 3098 in
1605 3061 1808 3119 genere
1831 3062 2020 3102 eorum
2052 3051 2101 3119 Ο
2127 3057 2316 3124 fuisse,
2348 3063 2402 3111 οι
2457 3056 2587 3111 inde
2627 3056 2696 3110 ad
2735 3034 2914 3112 lucem
2953 3055 3302 3129 intelligendi
3350 3072 3450 3126 per
3478 3056 3743 3130 gratiam,

414 3125 469 3178 in
509 3126 714 3196 quibus
753 3137 883 3182 tres.
944 3129 1139 3184 Eorum
1181 3146 1474 3200 canonum,
1528 3134 1582 3188 in
1643 3136 1845 3207 quibus
1892 3137 2022 3206 duo,

412 3218 672 3288 quoniam
703 3227 936 3290 quatuor
970 3230 1099 3278 sunt
1145 3225 1517 3300 evangelistze,
1553 3244 1668 3295 sex,
1711 3246 1814 3284 nec
1841 3230 2026 3300 plures

416 3305 533 3361 ﬁeri
567 3320 796 3379 possunt
848 3312 1279 3382 complexiones.
1332 3316 1567 3371 Possunt
1605 3318 1752 3372 enim
1784 3318 1838 3372 in
1877 3336 2019 3391 qua-

418 3409 541 3457 tuor
572 3403 691 3457 bini
725 3405 1006 3482 conjungi,
1034 3416 1126 3463 aut
1148 3410 1450 3478 Matthaeus,
1490 3414 1720 3480 Marcus,
1752 3423 1848 3470 aut
1876 3416 2019 3470 Mar-

396 3505 514 3545 cus
558 3492 748 3559 Lucas,
800 3501 894 3549 aut
923 3496 1091 3552 Lucas
1116 3498 1379 3567 Joannes,
1411 3509 1505 3557 aut
1552 3503 1832 3559 Matthaeus
1859 3506 2025 3561 Joan-

416 3595 532 3645 nes,
564 3588 658 3636 aut
696 3581 982 3640 Matthaeus
1012 3586 1199 3655 Lucas,
1229 3599 1322 3645 aut
1353 3590 1562 3647 Marcus
1589 3593 1853 3649 Joannes.
1888 3594 2026 3659 Qua-

417 3688 537 3728 rum
569 3673 777 3741 ultima,
825 3693 949 3748 quae
987 3687 1072 3734 est
1110 3680 1317 3738 Marcus
1370 3683 1630 3753 Joannes,
1687 3685 1881 3742 iterum
1936 3686 2025 3743 hic

2129 3148 2345 3205 Domini
2375 3148 2507 3204 Jesu
2538 3149 2904 3219 processisse;
2951 3148 3099 3221 quod
3149 3148 3294 3202 sicut
3332 3147 3498 3202 Vetus
3553 3146 3749 3202 Testa-

2128 3249 2371 3298 mentum
2405 3242 2462 3297 in
2488 3244 2760 3319 Decalogo
2793 3243 3048 3298 consistit
3086 3244 3277 3298 decem
3312 3248 3747 3313 praeceptorum,

2124 3333 2205 3388 sic
2232 3334 2535 3388 secundum
2567 3333 2914 3409 Evangelium
2948 3333 3104 3405 quasi
3144 3333 3273 3387 inde
3322 3332 3654 3402 procedens,
3689 3333 3746 3385 in

2131 3439 2364 3478 numero
2396 3424 2740 3494 compleatur
2762 3424 2954 3478 decem
2974 3422 3277 3478 Canonum.
3296 3422 3378 3483 Et,
3397 3429 3455 3475 ut
3481 3421 3599 3475 haec
3619 3438 3749 3492 qua:

2128 3513 2274 3567 dicta
2301 3522 2450 3579 sunt,
2485 3513 2660 3585 magis
2714 3519 3019 3584 appareant
3048 3511 3214 3567 etiam
3260 3510 3436 3566 oculis
3487 3510 3752 3565 ostendat

2125 3601 2379 3671 subjecta
2409 3601 2729 3671 descriptio.

1923 4148 2239 4162 *

1926 4251 2238 4262 ξ...

818 4310 875 4362 In
904 4324 1016 4380 quo

818 4297 1089 4467 lnquol

800 4389 1039 4450 quatuor

2642 4399 2646 4402 .
3072 4304 3430 4481 Im

3171 4410 3325 4451 unus

3171 4410 3325 4451 unus

1477 4611 2685 4754 V——_——I

1328 4757 1650 4771 ᾔ

1401 4778 1461 4832 ln
1486 4795 1596 4850 quo

1434 4857 1546 4906 tres

550 5191 595 5243 ll
700 5191 761 5249 ll
860 5192 930 5246 ιιι
1025 5191 1078 5249 ll
1183 5193 1247 5247 ιν
1344 5191 1675 5249 IIVacatI
1840 5191 1850 5249 Ι
1963 5198 2003 5249 V

450 5259 637 5315 Matth.
701 5259 708 5323 Ι
753 5259 965 5323 lMatth.
1025 5259 1033 5323 I
1070 5259 1277 5323 lMatth.
1345 5259 1354 5323 I
1397 5259 1676 5323 lMarcusI
1840 5259 2054 5323 llllatth.

453 5327 708 5395 Marcusl
753 5327 945 5395 ILucas
1025 5327 1033 5395 I
1071 5327 1302 5395 IMarcus
1347 5327 1354 5395 |
1397 5327 1587 5395 ILucas
1666 5327 1677 5395 I
1842 5327 2035 5395 ILucas

456 5395 629 5451 Lucas
702 5395 708 5464 |
752 5395 1033 5464 IJoannesI
1071 5395 1354 5464 IJoannesI
1397 5395 1657 5464 lJoannes

2519 4933 2831 4944 ——__.

2567 4784 2646 4856 lni
2679 4801 2790 4856 quo

2619 4855 2729 4910 duo

2270 5200 2336 5254 v1
2432 5141 2494 5261 ll
2576 5202 2667 5257 vu
2755 5141 2818 5261 ll
2893 5141 3150 5261 Villii
3252 5206 3325 5259 ιχ
3428 5143 3738 5261 Ilvam:

2186 5270 2372 5326 Matth.
2434 5270 2441 5333 Ι
2485 5270 2693 5333 lMatth.
2758 5270 2766 5333 Ι
2811 5270 3046 5333 lMarcus
3082 5270 3091 5333 Ι
3141 5270 3347 5333 ILucas
3431 5270 3439 5333 I
3484 5270 3698 5333 IMarcus
3736 5312 3737 5323 χ

2186 5341 2398 5399 Marcus
2434 5334 2442 5406 I
2486 5334 2767 5406 lJoannesI
2812 5334 3091 5406 lJoannesI
3140 5334 3440 5406 IJoannesl
3485 5334 3738 5406 IJoannesi

2485 5268 2494 5549 Ι

433 5491 441 5546 1
701 5491 762 5533 ||
1025 5491 1080 5544 ll
1346 5491 1406 5550 ΙΙ
1668 5491 1679 5547 Ι
1844 5491 1856 5553 Ι
2117 5491 2174 5550 ll
2435 5491 2494 5551 ll
2758 5491 2822 5552 ll
3084 5491 3149 5554 ΙΙ
3436 5491 3497 5563 ll
3733 5491 3735 5563 l
