3938 6206
208 335 345 388 1121
1354 324 1509 379 HOM.
1553 325 1635 379 DE
1673 323 1846 380 VILLI

1971 323 2389 389 INIQUITATIS.

3393 339 3537 393 1122

284 471 426 537 Quid
460 470 672 524 numeri
708 480 994 533 canonum,
1033 463 1165 534 quid
1201 466 1413 518 numeri
1449 465 1758 532 signiﬁcent
1851 468 1904 532 Α
1931 461 2219 516 manifeste
2249 462 2537 517 Matthaeus
2567 469 2621 518 et
2658 463 2830 520 Lucas
2859 471 3216 539 conveniunt,
3248 472 3441 541 scitur,
3466 475 3542 528 lta

828 559 1210 629 capitulorum.
1931 551 2178 606 numeris
2225 566 2527 618 canonum,
2588 568 2698 608 non
2768 556 2943 610 solum
2996 567 3132 630 quot
3188 562 3541 635 evangelista:

1929 644 2280 711 conveniant,
2314 645 2410 699 sed
2443 646 2606 700 etiam
2631 648 2852 702 nomina
2884 665 3073 705 eorum
3105 654 3331 719 scimus,
3357 671 3546 726 quam-

1932 735 2014 790 vis
2036 736 2260 790 nomina
2300 737 2756 808 evangelistarum
2781 739 2988 810 ubique
3047 743 3276 798 viderim
3309 747 3546 816 ascripta

1936 824 2179 878 numeris
2231 840 2526 880 canonum.
2577 827 2686 880 Sed
2746 828 2851 882 hoc
2918 839 3050 899 puto
3105 830 3223 886 ﬁeri
3289 835 3544 888 tarditate

1938 921 2138 970 nostrae
2186 915 2464 971 memoriae
2531 917 2708 991 magis
2753 934 2917 989 quam
2975 919 3082 974 alia
3123 913 3357 977 ratione.
3417 924 3545 978 Cum

1938 1007 2088 1061 enim
2121 1007 2496 1079 multipliciter
2517 1007 2611 1062 fiat
2628 1009 2914 1064 nominum
2955 1013 3288 1082 complexio,
3319 1030 3549 1085 quarum

1935 1114 2287 1171 unaquaeque
2329 1100 2384 1153 in
2416 1115 2516 1155 suo
2558 1099 2905 1175 significetur
2944 1119 3199 1160 numero.
3239 1105 3366 1160 Cum
3397 1107 3554 1161 vides

1935 1203 2249 1256 numerum,
2282 1189 2368 1243 vel
2402 1188 2560 1244 audis
2586 1205 2748 1260 quam
2781 1191 3221 1262 complexionem
3253 1194 3351 1248 tibi
3381 1195 3554 1268 signi-

1935 1274 2082 1343 ficet,
2113 1292 2226 1332 non
2251 1277 2360 1332 cito
2401 1277 2617 1344 recolis,
2651 1284 2706 1332 et
2735 1278 2860 1350 ideo
2901 1295 3023 1334 cum
3067 1283 3297 1337 canonis
3327 1298 3556 1338 numero

1934 1367 2098 1422 etiam
2129 1368 2354 1424 nomina
2391 1368 2702 1443 significata
2747 1369 2846 1423 tibi
2878 1386 3151 1442 propono.
3216 1375 3274 1426 ln
3305 1389 3372 1428 eo
3420 1390 3553 1430 vero

1934 1471 2168 1524 canone,
2202 1457 2257 1510 in
2285 1472 2395 1529 quo
2423 1474 2585 1522 unus,
2619 1459 2845 1515 nomina
2866 1462 3330 1536 evangelistarum
3363 1465 3419 1518 in
3443 1481 3545 1518 nu-

217 1581 488 1651 exemplis
523 1579 672 1652 quod
732 1579 984 1634 dicimus.
1042 1577 1338 1632 Sumamus
1385 1593 1550 1632 unam
1601 1584 1836 1632 senten-

1949 1563 2089 1603 rnero
2127 1549 2357 1604 canonis
2415 1565 2523 1605 non
2584 1551 2964 1625 intelligimus.
3006 1553 3162 1620 Nam,
3208 1556 3338 1627 quia
3393 1558 3557 1626 hujus

219 1642 650 1733 tiam,.Matthaei
675 1683 796 1723 eam
827 1667 1038 1722 scilicet
1058 1681 1180 1737 quae
1209 1673 1401 1721 octavo
1427 1665 1670 1736 capitulo
1696 1680 1836 1736 prae-
1937 1642 2148 1737 §PeCi°i
2183 1642 2494 1737 inff’rmi‘as
2525 1660 2588 1700 ex
2617 1646 3027 1717 πιαιιίμιὶοίιειιθ
3049 1656 3286 1720 quatuor
3316 1666 3559 1724 evange‘

218 1771 461 1830 notatur,
514 1762 602 1818 cui
633 1762 678 1817 si
727 1760 1132 1830 comparaveris
1183 1775 1304 1815 eam
1359 1758 1519 1814 Marci
1573 1774 1700 1830 quae
1748 1773 1838 1814 se-
1866 1735 2508 1855 Bgfsf‘jmm‘aduﬁffur,
2543 1738 2725 1792 minus
2754 1739 3135 1855 SeterTiI‘larc
3168 1741 3222 1795 in
3268 1743 3559 1855 hacintel:

221 1827 519 1918 cundo"et
547 1867 665 1906 eam
710 1827 888 1914 Lucae",
918 1865 1041 1920 qua:
1065 1849 1322 1919 septimo,
1354 1856 1409 1903 et
1440 1864 1561 1904 eam
1592 1827 1840 1903 'joannis
1866 1827 1915 1855 ν
1942 1827 2148 1900 ligitur.
2191 1829 2489 1926 Ascribitnr
2539 1844 2670 1926 ergo
2717 1830 2785 1884 ad
2830 1832 3128 1926 capitulum
3159 1835 3475 1926 sententia
3506 1841 3559 1890 et

223 1958 348 2015 quae
379 1942 597 1996 decimo
623 1940 866 2011 capitulo
898 1945 1258 2010 praenotatur,
1299 1937 1494 1993 similis
1520 1944 1604 1993 est
1632 1937 1688 1991 in
1719 1952 1843 1992 om-
1943 1920 2467 2015 numerugcanonis
2507 1924 2797 2015 etnomen
2819 1920 3197 1992 evangelista?-
3230 1921 3268 1975 Ρ
3273 1938 3333 1976 er
3364 1939 3561 1978 nume-

283 679 347 734 Et
375 677 636 750 quoniam
667 677 724 730 in
755 673 1088 746 supradictis
1126 673 1316 727 decem
1369 670 1678 727 canonibus
1707 685 1830 726 om-

207 768 305 823 nia
329 767 686 823 continentur
712 763 972 834 capitula.
997 762 1080 816 vel
1109 767 1366 832 quatuor,
1395 759 1480 814 vel
1516 759 1708 824 trium,
1745 759 1832 814 vel

209 861 470 926 duorum,
528 858 614 912 vel
653 855 995 928 singulorum
1026 852 1470 925 Evangeliorum,
1521 857 1741 921 oportet
1775 857 1836 907 ut

205 947 466 1018 capitulis
503 944 860 1001 concordium
913 943 1366 998 sententiolarum
1421 942 1837 1015 conjungantur

210 1039 431 1095 numeri
453 1052 752 1102 canonum,
785 1043 845 1091 ut
897 1051 962 1090 ex
1004 1035 1251 1090 numeris
1291 1034 1681 1106 capitulorum,
1742 1033 1833 1088 in-

210 1129 510 1183 veniantur
531 1124 859 1188 sententiae;
914 1140 1013 1194 per
1057 1139 1319 1179 numeros
1355 1139 1487 1179 vero
1537 1137 1833 1189 canonum,

212 1218 312 1289 qui
346 1216 516 1271 rubeo
575 1214 761 1270 colore
791 1214 972 1269 solent
1001 1212 1249 1286 adjungi,
1292 1212 1498 1268 sciatur
1527 1222 1710 1268 utrum
1767 1213 1838 1268 sit

215 1303 533 1361 communis
559 1302 834 1358 sententia
860 1318 982 1357 cum
1017 1301 1141 1356 aliis
1171 1316 1367 1366 necne,
1399 1311 1474 1369 et,
1503 1301 1548 1355 si
1581 1307 1663 1356 est
1691 1315 1837 1357 com-

217 1397 424 1460 munis,
444 1397 591 1451 inter
614 1402 768 1466 quot,
798 1402 852 1449 et
881 1393 1024 1449 inter
1052 1408 1192 1465 quos
1209 1401 1292 1448 est
1315 1394 1654 1448 communio.

296 1489 359 1543 Et
399 1497 457 1544 ut
512 1488 651 1542 ratio
691 1487 760 1541 ad
808 1485 1034 1541 melium
1081 1485 1404 1552 deducatur,
1465 1493 1837 1541 monstremus

227 2004 416 2086 nibus.
451 2031 514 2085 Et
539 2031 665 2086 ideo
692 2004 1026 2100 supradictis
1051 2004 1289 2100 quatuor
1315 2026 1572 2098 capitulis
1609 2032 1846 2098 quatuor
1943 2020 2064 2100 "3m
2091 2004 2316 2100 03PM“
2346 2006 2624 2100 δθῐξίθηιίδ
2655 2014 2892 2100 “melli”:
2927 2024 3026 2078 Per
3055 2025 3347 2100 numerum
3388 2027 3559 2068 cano-

1944 2093 2051 2160 nis,
2073 2094 2223 2164 quod
2267 2109 2378 2149 non
2405 2094 2477 2148 sit
2506 2096 2819 2150 communis
2872 2099 3146 2153 sententia
3183 2099 3326 2155 inter
3353 2101 3560 2171 plures,

1944 2181 2044 2236 sed
2075 2181 2303 2253 propria
2348 2181 2514 2238 unius
2563 2183 3054 2254 evangelistarum,
3100 2185 3443 2260 intelligitur.
3476 2188 3565 2242 Est

1951 2279 2135 2328 autem
2185 2273 2351 2328 etiam
2384 2288 2588 2328 nomen
2637 2275 3038 2344 necessarium,
3072 2294 3172 2348 per
3222 2279 3373 2350 quod
3405 2281 3564 2351 cujus

1953 2369 2176 2440 proprie
2195 2369 2265 2424 sit
2293 2369 2570 2424 sententia
2600 2369 2931 2426 declaretur.
2989 2371 3129 2444 Ergo
3160 2373 3326 2428 etiam
3376 2375 3430 2428 in
3463 2391 3563 2428 su-

1951 2459 2264 2532 perioribus
2322 2459 2621 2515 ascribitur
2668 2475 2892 2528 nomen,
2953 2477 3065 2519 non
3117 2463 3294 2520 solum
3340 2474 3567 2537 pr0pter

1950 2546 2272 2617 praedictam
2301 2548 2587 2604 memoriae
2621 2549 2954 2617 tarditatem,
2987 2552 3086 2606 sed
3142 2553 3307 2608 etiam
3344 2561 3568 2626 pr0pter

1951 2642 2143 2695 horum
2170 2641 2610 2698 similitudinem.

230 2119 686 2193 ev’angelistarum
733 2116 1024 2172 addendos
1062 2122 1145 2172 est
1179 2115 1388 2186 primus
1441 2129 1721 2178 numerus,
1763 2118 1842 2180 ut,

226 2211 505 2267 sententia
550 2209 828 2281 praedictis
877 2207 1132 2280 capitulis
1160 2214 1369 2275 notata,
1408 2207 1611 2263 sciatur
1634 2205 1704 2261 ad
1735 2205 1846 2277 pri-

227 2322 378 2361 mum
409 2320 681 2361 canonem
715 2304 1020 2374 pertinere,
1053 2308 1243 2372 utpote
1273 2301 1585 2357 communis
1617 2307 1853 2372 quatuor

226 2394 607 2468 evangelistis.
658 2394 793 2448 Item
843 2392 889 2447 si
927 2407 1046 2447 eam
1087 2391 1324 2447 Matthaai
1368 2407 1674 2458 sumamus,
1726 2405 1850 2462 quae

225 2485 466 2555 septimo
497 2483 741 2554 capitulo
783 2482 1101 2556 insignitur,
1134 2487 1188 2536 et
1221 2481 1274 2536 ei
1309 2497 1406 2536 eas
1435 2497 1557 2552 quae
1587 2489 1717 2536 sunt
1746 2480 1847 2535 Lu-

225 2592 304 2633 cae
333 2583 487 2632 sexto
529 2582 585 2632 et
612 2575 840 2632 Joannis
893 2576 950 2630 in
983 2574 1230 2630 secundo
1269 2574 1512 2644 capitulo
1557 2588 1850 2644 compare-

225 2685 350 2724 mus
370 2669 582 2724 similes
618 2667 949 2724 invenimus.

299 2761 365 2816 Et
392 2769 453 2816 ut
470 2761 710 2816 sciamus
739 2760 835 2832 qui
869 2767 925 2814 et
951 2764 1085 2830 quot
1113 2757 1469 2832 evangelistae
1509 2757 1843 2813 conveniant

232 2851 290 2904 in
347 2849 626 2905 sententia
676 2848 1065 2920 praedictorum
1106 2845 1495 2917 capitulorum,
1542 2845 1841 2901 ternarium

233 2960 524 3000 numerum
554 2943 726 3000 rubeo
756 2943 940 2999 colore
986 2943 1336 2998 adnotamus.
1372 2941 1442 2996 Ex
1486 2956 1716 2996 numero
1747 2942 1849 2997 sci-

234 3052 356 3091 mus
385 3043 440 3091 et
469 3042 580 3091 tres
607 3035 971 3108 evangelistas
1014 3033 1334 3103 convenire,
1375 3039 1429 3088 et
1487 3032 1581 3104 qui
1615 3031 1719 3087 fuit
1743 3047 1844 3088 no-

232 3129 502 3184 minatim.
555 3129 788 3185 Canonis
835 3128 982 3183 enim
1027 3127 1084 3183 in
1120 3141 1230 3198 quo
1285 3132 1418 3193 tres,
1469 3141 1536 3180 ea
1598 3125 1840 3197 species,

233 3237 358 3294 quae
387 3221 690 3287 Matthaaus,
728 3219 918 3286 Lucas,
950 3221 1192 3276 Joannes
1247 3217 1608 3284 conveniunt,
1654 3217 1860 3273 tertius

231 3326 410 3366 canon
451 3311 506 3364 in
545 3310 832 3381 superiore
859 3309 1234 3380 descriptione
1265 3308 1571 3362 dicebatur.
1597 3307 1688 3362 Sic
1716 3321 1848 3379 ergo

228 3416 330 3471 per
353 3400 591 3471 capitula
617 3399 907 3454 sententiae
939 3398 1218 3472 Evangelii
1259 3404 1441 3452 textus
1460 3397 1847 3468 requiruntur,

237 3491 614 3560 inveniuntur,
665 3497 947 3555 notantur;
1029 3505 1128 3560 per
1193 3503 1482 3544 numerum
1549 3503 1848 3555 canonum,

233 3590 368 3654 quot
397 3583 770 3655 evangelistae,
803 3588 860 3637 et
909 3581 1004 3653 qui
1035 3581 1146 3635 sint
1192 3579 1518 3635 nominatim
1558 3578 1852 3651 cognosci-

242 3691 384 3730 mus.
417 3677 550 3731 ltem
579 3675 648 3730 de
679 3689 912 3740 canone,
959 3672 1017 3727 in
1071 3687 1180 3744 quo
1229 3671 1358 3739 duo,
1395 3669 1555 3726 tertio
1609 3669 1852 3741 capitulo

242 3768 508 3832 Matthzei,
539 3775 890 3838 comparetur
928 3765 1232 3821 secundum
1261 3762 1563 3834 capitulum
1597 3762 1778 3826 Lucae,
1807 3766 1863 3816 et

246 3864 331 3914 est
359 3859 557 3913 similis
575 3857 928 3914 sententiain
954 3854 1211 3927 capitulis
1251 3853 1493 3909 inventa.
1525 3852 1656 3920 Sed,
1688 3852 1860 3907 innu-

249 3948 420 4003 meris
449 3947 812 4018 capitulorum
846 3962 945 4018 per
962 3962 1022 4001 se
1044 3944 1264 4016 positis,
1294 3942 1388 4014 qui
1407 3941 1779 4015 evangelista,
1810 3947 1865 3996 et

246 4047 430 4094 utrum
460 4037 645 4107 plures
676 4053 838 4108 quam
880 4035 990 4091 duo
1018 4033 1356 4091 conveniunt
1384 4034 1726 4106 ignoramus.
1757 4031 1864 4086 Sed

2014 2754 2122 2810 Cur
2140 2755 2215 2809 ad
2232 2757 2415 2825 plures
2433 2772 2680 2813 numeros
2688 2759 3051 2828 capitulorum
3059 2761 3298 2816 iteratur
3314 2776 3474 2816 unus.

2018 2847 2257 2923 Contigit
2285 2850 2450 2904 etiam
2481 2852 2783 2923 aliquando
2830 2867 3179 2909 communem
3235 2855 3567 2910 sententiam

1949 2941 2094 3011 apud
2122 2958 2291 2996 unum
2319 2944 2713 3017 evangelistam
2757 2944 2813 2999 in
2857 2961 2969 3002 uno
3000 2953 3210 3001 tantum
3245 2948 3362 3002 loco
3411 2948 3569 3005 inve-

1948 3036 2079 3104 niri,
2114 3043 2170 3092 et
2201 3037 2348 3108 apud
2378 3038 2544 3093 alium
2585 3040 2640 3093 in
2674 3039 2946 3111 pluribus,
2979 3041 3050 3096 ita
3083 3050 3142 3097 ut
3193 3043 3340 3114 apud
3374 3059 3569 3111 unum,

1961 3129 2162 3185 habeat
2221 3137 2433 3186 tantum
2481 3147 2650 3186 unum
2718 3133 3044 3204 capitulum,
3091 3141 3145 3190 et
3198 3136 3345 3206 apud
3405 3136 3573 3191 alium

1947 3218 2128 3290 plura,
2161 3225 2222 3274 ut
2264 3235 2330 3274 ea
2358 3220 2711 3287 sententiola,
2749 3237 2872 3292 qua:
2902 3222 3048 3292 apud
3107 3222 3414 3278 Matthaeum
3465 3230 3574 3278 ter-

1950 3309 2190 3363 minatur
2212 3309 2454 3379 capitulo
2486 3309 2809 3376 undecimo,
2833 3315 2888 3364 et
2909 3310 3056 3380 apud
3085 3311 3320 3367 Marcum
3355 3318 3572 3384 quarto,

1954 3406 2008 3455 et
2036 3400 2182 3471 apud
2224 3400 2422 3455 Lucam
2455 3401 2694 3468 decimo,
2737 3401 2884 3472 apud
2923 3401 3191 3458 Joannem
3228 3403 3284 3458 in
3337 3411 3576 3476 quatuor

1956 3488 2269 3543 inveniatur
2320 3489 2481 3555 locis,
2525 3496 2581 3544 et
2635 3497 2872 3560 quatuor
2919 3491 3248 3547 terminetur
3297 3492 3574 3564 capitulis.

1955 3578 2112 3633 Unde
2162 3579 2218 3633 in
2274 3595 2339 3634 ea
2387 3580 2649 3652 congerie
2693 3581 3079 3651 capitulorum,
3131 3583 3186 3636 in
3243 3600 3351 3655 qua
3411 3584 3580 3639 totius

1963 3671 2382 3745 Evangeliorum
2425 3678 2603 3727 textus
2635 3674 2822 3728 omnia
2848 3675 3089 3743 capitula
3115 3676 3218 3730 sub
3269 3677 3385 3730 suis
3413 3692 3582 3732 cano-

1964 3757 2131 3813 nibus
2149 3759 2498 3825 ordinantur,
2533 3760 2720 3816 evenit
2748 3761 2802 3814 in
2833 3762 3097 3831 praedicta
3121 3763 3408 3817 sententia
3439 3765 3582 3823 utad

1963 3854 2200 3920 quatuor
2219 3848 2460 3919 capitula
2482 3849 2710 3904 Joannis
2739 3858 2932 3921 quater
2966 3859 3270 3922 repetatur,
3304 3854 3583 3908 decimum

1964 3939 2265 4010 capitulum
2301 3939 2480 4003 Lucae,
2513 3945 2568 3994 et
2616 3947 2870 4010 quartum
2914 3941 3098 4006 Marci,
3131 3949 3186 3996 et
3228 3942 3584 3998 undecimum

1966 4033 2218 4089 Matthmi.
2275 4033 2336 4088 Et
2376 4034 2524 4104 quod
2579 4034 2822 4104 capitula
2850 4035 3076 4091 habebit
3128 4037 3181 4090 in
3213 4051 3324 4092 uno
3352 4045 3584 4092 senten-

245 4134 292 4189 si
312 4148 576 4188 numerus
603 4132 835 4188 canonis
867 4131 1158 4204 quinarius
1200 4129 1376 4184 rubeo
1409 4127 1595 4184 colore
1636 4126 1868 4199 apponi-
1969 4123 2065 4188 tia,
2099 4123 2265 4178 toties
2291 4125 2558 4195 repetitur
2588 4125 2644 4179 in
2675 4125 2808 4181 alio.

249 4233 359 4288 tur,
405 4235 581 4276 canon
633 4221 690 4276 in
722 4236 830 4292 quo
871 4221 1001 4284 duo,
1056 4219 1308 4290 quintus,
1357 4217 1661 4273 secundum
1701 4231 1868 4288 quem

752 4514 1320 4604 HOMILIA
1403 4512 1567 4600 DE
1646 4510 2193 4600 VILLICO
2277 4511 3112 4625 INIQUITATIS

484 4693 560 4756 IN
602 4713 787 4758 ILLUD
833 4698 1058 4769 Luca,
1115 4716 1246 4760 CAP.
1298 4696 1454 4759 XVI
1505 4715 1518 4757 :
1585 4698 1770 4758 Homo
1808 4697 2060 4773 quidam
2094 4705 2222 4756 erat
2257 4695 2421 4758 dives
2460 4699 2572 4774 qui
2608 4699 2853 4758 habebat
2898 4698 3212 4767 villicum,
3258 4703 3376 4759 etc.

339 5036 509 5091 Homo
537 5036 756 5106 quidem
784 5041 899 5091 erat
931 5036 1098 5103 diues,
1131 5043 1237 5091 etc.
1273 5036 1372 5100 Qui
1422 5043 1507 5092 est
1532 5037 1682 5092 homo
1712 5037 1878 5104 diues,
1911 5043 1966 5110 D
1987 5034 2098 5108 mi;
2145 5033 2485 5088 Christianus
2511 5033 2659 5087 enim
2697 5033 3080 5105 unusquisque
3120 5049 3230 5090 non
3264 5041 3474 5089 tantum
3515 5033 3598 5088 sui

271 5130 378 5184 nisi
413 5128 698 5195 Christus;
758 5130 914 5185 dives
943 5130 998 5184 in
1029 5131 1190 5196 caelo,
1225 5130 1382 5184 dives
1421 5129 1476 5183 in
1525 5137 1694 5197 terra,
1735 5131 1890 5187 dives
1996 5146 2162 5185 causa
2191 5130 2342 5196 vivit,
2371 5129 2466 5184 sed
2492 5135 2547 5183 et
2572 5128 2826 5200 proximi.
2864 5131 2926 5185 Et
2952 5145 3065 5186 non
3103 5137 3313 5185 tantum
3361 5129 3606 5184 redditu-

269 5222 500 5292 ubique,
549 5222 724 5292 dives,
771 5224 971 5294 plenus
1013 5223 1203 5297 gratiae
1241 5229 1294 5277 et
1355 5222 1598 5277 veritatis
1639 5223 1816 5290 (Joan.
1850 5241 1888 5290 1,
1997 5237 2089 5276 rus
2114 5229 2199 5276 est
2228 5222 2494 5278 rationem
2528 5236 2626 5292 pro
2658 5222 2842 5276 anima
2857 5239 2978 5289 sua,
3000 5223 3096 5278 sed
3123 5229 3178 5277 et
3205 5239 3302 5294 pro
3334 5223 3454 5294 ejus
3479 5239 3603 5278 cum

275 5315 388 5386 16).
423 5315 484 5369 Et
536 5330 639 5370 nos
683 5331 878 5372 omnes
908 5317 978 5372 de
1020 5315 1367 5387 plenitudine
1401 5315 1520 5382 ejus
1578 5315 1895 5385 accepimus
1996 5325 2105 5382 quo
2135 5310 2270 5365 νίνίῐ
2298 5310 2354 5364 in
2383 5310 2483 5365 hac
2515 5311 2645 5379 Vita,
2675 5325 2938 5366 exercens
2963 5328 3025 5366 se
3046 5327 3279 5383 corpore
3310 5318 3365 5366 θῑ
3394 5313 3603 5377 animo.

275 5405 450 5473 (Joan.
486 5421 523 5470 ι,
556 5405 666 5473 16).
700 5405 862 5461 Dives
888 5405 1034 5477 apud
1077 5421 1240 5477 quem
1272 5403 1581 5459 absconditi
1624 5411 1753 5460 sunt
1782 5419 1896 5460 om-
1997 5412 2051 5461 et
2075 5405 2339 5476 adjuvans
2376 5405 2681 5475 proximum
2722 5406 3068 5463 documentis
3096 5415 3151 5462 et
3189 5407 3463 5477 exemplo,
3505 5423 3610 5462 nec

271 5511 370 5550 nes
402 5497 647 5551 thesauri
674 5498 961 5567 sapientiae
991 5507 1046 5553 et
1070 5498 1314 5553 scientiae
1345 5497 1480 5567 (Col.
1513 5514 1574 5564 ιι,
1615 5498 1691 5567 3),
1740 5497 1894 5553 dives
1990 5504 2199 5552 tantum
2235 5511 2491 5569 quaerens
2523 5513 2645 5567 quae
2677 5513 2777 5552 sua
2801 5508 2948 5567 sunt,
2976 5500 3072 5554 sed
3106 5509 3161 5554 et
3200 5515 3320 5571 quae
3349 5498 3604 5552 aliorum.

269 5586 330 5640 in
361 5586 624 5642 omnibus
651 5595 706 5640 et
736 5586 790 5639 in
826 5601 1020 5642 omnes
1045 5587 1139 5657 qui
1162 5587 1418 5642 invocant
1448 5587 1598 5643 illum
1633 5590 1804 5655 (Rom.
1835 5604 1888 5653 x,
1993 5590 2115 5644 Haec
2144 5595 2226 5643 est
2257 5588 2685 5644 Christianorum
2715 5606 2844 5646 cura
2872 5592 3076 5645 nobilis
3104 5599 3159 5646 et
3186 5599 3372 5645 sancta
3403 5588 3611 5643 villica-

272 5677 385 5747 13).
430 5676 661 5731 Villicus
711 5685 918 5745 autem,
952 5687 1036 5734 est
1086 5678 1463 5750 unusquisque
1523 5679 1887 5746 Christianus,
1989 5684 2086 5750 tio,
2115 5683 2246 5738 hinc
2272 5690 2355 5738 est
2379 5684 2650 5752 judicium
2686 5685 2779 5739 Dei
2813 5685 3158 5739 tremendum
3183 5691 3237 5738 et
3264 5682 3445 5735 futura
3475 5699 3611 5736 exa-

270 5768 364 5839 qui
398 5769 454 5824 in
493 5768 825 5840 baptismate
845 5770 1237 5828 villicationem
1256 5772 1342 5828 sui
1367 5773 1580 5845 accepit
1610 5779 1666 5829 et
1695 5771 1884 5843 proxi-
1987 5771 2114 5828 ctio.
2169 5773 2241 5826 Et
2267 5773 2352 5828 hic
2377 5772 2702 5842 dtﬂ‘amatus
2741 5777 2819 5829 est
2847 5773 2998 5842 apud
3022 5772 3200 5838 illum,
3229 5771 3392 5837 quasi
3433 5769 3598 5826 dissi-
