3938 6206
1620 348 1675 402 Β.
1720 346 1955 402 ODONIS
1994 347 2006 399 t

2110 344 2235 400 ιΕιι.
2283 343 2488 400 EPISC.
3574 347 3729 401 1124

389 355 525 410 1123

383 495 563 561 posset
594 490 730 543 bona
755 490 950 557 ipsius.
973 486 1224 551 Quotidie
1258 483 1604 539 diﬁ‘amamnr
1628 485 1773 555 apud
1810 485 1992 539 Domi-
2019 489 2067 556 Α
2094 484 2458 555 exstirpamus
2487 483 2637 549 vitia,
2670 488 2730 537 ut
2755 484 2983 537 virtutes
3024 483 3369 551 inseramus;
3412 486 3560 556 quod
3596 485 3724 540 ﬁeri

387 595 539 641 num,
570 578 697 648 quia
718 576 899 650 angeli
928 576 1095 630 nostri
1128 591 1347 645 semper
1372 575 1561 629 vident
1590 574 1785 628 faciem
1821 574 1993 629 Patris
2098 588 2208 627 non
2243 578 2442 643 potest,
2468 578 2590 642 post
2621 572 2767 626 hanc
2795 571 2979 627 vitam.
3001 573 3310 627 Mendicare
3338 576 3607 629 erubesco.
3645 575 3725 628 Ne

388 668 601 738 (Matth.
638 682 787 731 xvm,
831 667 910 726 10)
944 672 998 718 et
1035 665 1292 719 nuntiant
1321 664 1371 718 ei
1404 664 1589 719 omnia
1619 670 1824 718 nostra.
1856 662 1996 727 Quid
2103 659 2237 715 mihi
2269 661 2484 715 dicatur
2523 660 2669 731 quod
2700 660 2862 715 fatuis
2903 661 3216 735 virginibus
3245 671 3327 716 est
3357 663 3563 718 dictum
3591 681 3604 717 :
3642 666 3725 719 Ne

387 770 517 829 ergo
541 755 772 809 facimus
797 752 825 805 ?
855 752 955 807 Ubi
983 751 1418 807 abscondimur?
1445 752 1528 805 llli
1560 767 1661 806 nos
1692 751 1994 817 diﬂ'amant,

388 861 489 900 nos
520 845 804 919 intuentur
833 852 888 896 et
942 844 1131 905 Deum,
1168 842 1455 897 intuentur
1493 841 1679 896 omnia
1732 848 1916 895 nostra
1949 848 2003 895 et

389 937 580 999 Deum,
610 935 737 1006 quia
786 942 973 989 nostra
1000 933 1267 988 intuendo
1304 933 1561 987 nuntiant
1591 933 1721 988 Deo.
1769 933 1886 987 Non
1921 937 2005 987 est

389 1025 757 1090 obstaculum,
799 1037 910 1077 non
952 1028 1079 1076 sunt
1109 1022 1373 1087 tenebrae,
1406 1021 1608 1092 quibus
1629 1021 2005 1091 impediantur

387 1116 577 1171 videre
603 1115 788 1171 omnia
818 1120 1022 1179 nostra,
1055 1113 1183 1184 quia
1210 1113 1454 1169 divinum
1489 1113 1699 1180 lumen,
1732 1129 1841 1184 quo
1878 1114 2006 1168 illu-

389 1209 687 1269 minantur,
748 1212 999 1276 penetrat
1063 1205 1271 1271 omnia,
1327 1205 1459 1276 quia
1497 1206 1595 1259 lucc
1660 1208 1720 1259 in
1776 1206 2005 1260 tenebris

389 1303 524 1355 lucet
562 1301 734 1369 (Joan.
790 1314 830 1361 ι,
879 1297 932 1367 5)
981 1306 1037 1352 et
1092 1313 1202 1352 non:
1256 1300 1394 1352 sicut
1449 1298 1563 1352 dies
1602 1299 2007 1352 illuminabitur

389 1394 558 1460 (Psal.
599 1390 877 1460 cxxxvm).
914 1393 983 1445 Et
1014 1388 1099 1444 hic
1138 1390 1460 1459 diffamatus
1509 1396 1583 1446 est
1628 1392 1794 1461 quasi
1829 1390 2003 1445 dissi-

386 1486 571 1551 passet
601 1480 737 1534 bona
774 1482 971 1548 ipsius.
1028 1479 1160 1543 Quis
1216 1480 1402 1533 omnia
1461 1479 1569 1533 sibi
1611 1478 1810 1533 tradita
1858 1478 2006 1533 bona

392 1570 535 1624 bene
579 1569 863 1639 dispensat
918 1568 973 1621 in
1027 1567 1327 1622 omnibus?
1377 1567 1507 1632 Quis
1538 1582 1648 1622 non
1707 1566 2005 1639 aliquando

393 1657 692 1713 dormitat?
738 1657 1068 1726 Quandoque
1098 1657 1262 1711 bonus
1291 1657 1550 1711 dormitat
1581 1659 1840 1711 Homerus
1873 1657 2007 1727 (Ho-

391 1762 582 1801 nlmus
611 1746 666 1800 in
728 1748 861 1801 Arte
910 1751 1049 1815 poet.
1094 1746 1239 1811 359),
1282 1754 1371 1800 et:
1430 1748 1494 1801 In
1546 1747 1727 1800 multis
1780 1745 2008 1814 offendi-

2096 754 2237 819 forte
2263 768 2370 807 non
2396 755 2637 822 sufﬁciat
2673 754 2825 808 nobis
2850 758 2900 807 et
2936 755 3109 820 vobis,
3152 758 3224 809 ite
3250 760 3433 825 potius
3463 758 3536 811 ad
3583 773 3722 810 ven-

2101 846 2303 911 dentes,
2331 850 2381 900 et
2417 848 2569 899 emite
2589 846 2738 900 vobis
2778 847 2995 911 (Matth.
3029 863 3154 915 xxv,
3195 848 3272 917 9).
3316 848 3406 904 Est
3439 849 3727 903 mendica-

2104 936 2177 987 tio
2208 934 2370 999 bona,
2394 939 2478 988 est
2507 933 2840 989 mendicatio
2872 934 3034 990 mala.
3077 935 3406 992 Mendicatio
3427 937 3577 992 bona
3604 937 3725 991 hic.

2105 1022 2202 1077 llic
2238 1023 2384 1078 bene
2422 1022 2827 1090 mendicamus,
2869 1040 2901 1077 a
2928 1024 3250 1081 doctoribus
3292 1026 3625 1098 sapientiam
3670 1034 3730 1081 et

2106 1111 2441 1179 doctrinam;
2488 1128 2518 1166 a
2565 1113 2768 1167 sanctis
2818 1113 3201 1169 mendicamus
3268 1115 3324 1169 in
3387 1115 3613 1181 litaniis,
3666 1126 3734 1170 ut

2105 1210 2265 1259 orent
2292 1218 2389 1274 pro
2412 1203 2588 1259 nobis.
2615 1205 2673 1257 In
2698 1205 2806 1259 alia
2830 1204 2943 1260 vita
2963 1207 3299 1262 mendicatio
3316 1208 3724 1263 erubescenda.

2108 1294 2240 1358 Quis
2269 1296 2416 1350 enim
2448 1311 2558 1351 non
2589 1296 2879 1351 erubescat
2912 1297 3127 1353 dicere:
3170 1299 3296 1354 date
3325 1300 3479 1353 nobis
3516 1300 3583 1353 de
3610 1302 3734 1354 oleo

2104 1389 2299 1450 vestro,
2328 1388 2461 1454 quia
2481 1386 2759 1455 lampades
2784 1392 2980 1441 nostras
2998 1393 3417 1456 exstinguuntur
3438 1389 3623 1459 (ibid,
3644 1389 3728 1459 8).

2107 1479 2238 1534 Ideo
2278 1480 2591 1534 mendicare
2630 1481 2918 1536 erubesco.
2951 1482 3090 1537 Vere
3133 1482 3466 1538 mendicatio
3511 1483 3728 1537 erube-

2106 1568 2332 1633 scenda,
2380 1567 2475 1622 ubi
2510 1568 2648 1622 nihil
2708 1576 3090 1639 recuperatur,
3145 1579 3201 1626 et
3230 1578 3447 1643 egestas
3473 1572 3731 1627 omnium

2108 1656 2379 1711 bonorum
2431 1665 2700 1727 perpetua
2729 1657 3044 1713 comitatur.
3090 1660 3220 1715 Ideo
3250 1660 3556 1715 mendicare
3594 1676 3736 1715 eru-

2111 1746 2274 1800 besco.
2314 1745 2391 1799 lbi
2434 1759 2545 1800 non
2577 1747 2799 1816 prodest
2840 1746 3007 1801 alieni
3046 1748 3175 1803 boni
3219 1749 3578 1815 mendicatio,
3627 1750 3732 1803 ubi

388 1856 507 1896 mus
542 1856 720 1896 omnes
752 1840 956 1909 (Iacob.
1009 1856 1090 1907 Ill,
1122 1840 1198 1906 ‘2).
1253 1839 1340 1893 Et:
1412 1841 1474 1895 Si
1528 1841 1832 1893 dixerimus
1876 1841 2009 1909 quia
2035 1834 2085 1901 B
2107 1839 2309 1895 defecit
2346 1855 2510 1895 omne
2541 1840 2749 1895 bonum
2776 1856 2959 1909 suum,
2992 1858 3096 1897 nec
3126 1850 3310 1914 potest
3340 1844 3408 1897 ab
3437 1843 3547 1898 alio
3570 1844 3737 1913 quis-

386 1937 663 2001 peccatum
686 1946 792 1984 non
821 1932 1097 1997 habemus,
1125 1945 1216 1985 nos
1245 1933 1390 2000 ipsos
1420 1930 1744 1994 seducimus,
1785 1933 1832 1982 et
1862 1931 2005 1983 veri-

390 2026 473 2075 tas
501 2023 561 2075 in
580 2021 732 2075 nobis
751 2035 859 2074 non
901 2023 978 2074 est
1011 2021 1059 2089 (Ι
1074 2021 1229 2073 Joan.
1261 2036 1299 2085 ι,
1331 2019 1410 2089 3).

460 2116 531 2168 Et
560 2115 766 2167 vocavit
795 2112 969 2178 illum,
1001 2116 1049 2167 et
1078 2113 1159 2166 ait
1179 2112 1267 2165 illi
1289 2128 1302 2165 :
1332 2112 1476 2179 Quid
1502 2113 1597 2166 hoc
1622 2112 1788 2166 audio
1817 2111 1883 2165 de
1903 2114 1951 2165 te
1972 2110 2000 2163 ‘I

388 2201 641 2266 Quotidie
681 2216 782 2256 nos
817 2207 975 2255 vocat
1030 2200 1323 2255 Dominus:
1369 2202 1576 2267 Venite,
1628 2203 1753 2271 filii,
1810 2201 2000 2255 audite

390 2306 472 2344 me
490 2294 599 2358 (Ps.
622 2305 810 2357 χχχιιι,
834 2290 943 2356 12).
996 2291 1181 2344 Venite
1200 2290 1275 2343 ad
1290 2305 1373 2344 me
1390 2306 1589 2357 omnes,
1614 2294 1711 2360 qui
1743 2290 2004 2344 laboratis

395 2389 445 2439 et
468 2388 683 2440 onerati
710 2386 837 2439 estis
861 2383 1077 2454 (Matth.
1108 2399 1185 2451 χι,
1224 2383 1334 2455 28).
1370 2383 1451 2451 Et,
1472 2399 1504 2440 o
1537 2384 1656 2451 viri,
1680 2383 1748 2438 ad
1774 2398 1872 2440 vos
1900 2384 2006 2438 cla-

395 2476 551 2542 mito,
584 2482 638 2530 et
660 2490 764 2530 vox
822 2491 944 2529 mea
975 2475 1041 2529 ad
1072 2472 1216 2531 filios
1257 2475 1569 2531 hominum.
1620 2474 1878 2538 Quotidie
1916 2474 2007 2530 lo-

396 2565 584 2636 quitur
609 2564 772 2619 nobis
794 2580 894 2634 per
920 2564 1222 2634 prOphetas
1251 2581 1265 2629 ;
1297 2563 1542 2635 loquitur
1565 2580 1664 2636 per
1689 2564 2005 2635 apostolos;

390 2657 636 2729 loquitur
674 2674 774 2727 per
816 2657 1061 2727 seipsum
1117 2657 1170 2711 in
1214 2657 1547 2731 Evangelio;
1611 2658 1855 2730 loquitur
1908 2675 2008 2729 per

392 2750 680 2805 doctores:
716 2749 962 2820 loquitur
990 2749 1046 2803 in
1078 2750 1452 2804 conscientia:
1494 2751 1641 2817 Quid
1703 2752 1798 2805 hoc
1846 2752 2005 2806 audio

390 2840 455 2893 de
503 2838 599 2893 te?
637 2838 887 2909 increpat
922 2838 1068 2893 male.
1107 2838 1433 2910 cogitantes,
1467 2838 1717 2910 increpat
1752 2839 1895 2895 male
1924 2839 1978 2895 lo

388 2941 646 3005 quentes,
691 2934 942 3005 increpat
963 2933 1108 2989 male
1137 2940 1367 3008 agentes
1400 2973 1415 2997 ,
1471 2933 1719 3004 increpat
1752 2934 1894 2989 male
1920 2933 2003 2989 vi-

386 3030 595 3077 ventes.
622 3024 763 3088 Quid
800 3023 895 3076 hoc
927 3023 1089 3076 audio
1116 3021 1181 3075 de
1210 3025 1259 3074 te
1283 3023 1311 3074 ?
1347 3021 1527 3076 Redde
1554 3024 1817 3077 rationem
1846 3023 2001 3077 villi-

388 3116 616 3169 cationis
644 3118 766 3169 tum.
796 3114 936 3179 Quia
964 3114 1034 3168 de
1073 3113 1223 3169 omni
1255 3114 1422 3168 verbo
1453 3114 1632 3169 otioso
1673 3116 1816 3184 quod
1846 3116 2009 3170 locuti

388 3206 596 3271 fuerint
660 3206 918 3270 homines,
970 3205 1194 3259 reddent
1246 3205 1515 3258 rationem
1550 3207 1612 3257 in
1669 3205 1758 3259 die
1812 3205 2020 3273 judicii

405 3300 617 3367 (Matth.
664 3316 759 3365 xu,
799 3300 909 3365 36).
974 3299 1154 3354 Redde
1197 3303 1467 3353 rationem
1504 3300 1854 3354 villicationis
1893 3306 2014 3353 tum.

394 3386 537 3450 Quid
570 3402 701 3459 agas
725 3388 870 3457 apud
905 3393 956 3441 te
986 3386 1015 3439 ?
1046 3387 1178 3459 quid
1210 3388 1355 3457 apud
1386 3387 1745 3458 proximum?
1774 3390 1909 3461 quid
1926 3405 2020 3446 co-

394 3476 538 3551 gites
579 3477 637 3530 in
676 3476 886 3532 corde?
925 3476 1087 3549 quale
1129 3476 1377 3548 proferas
1406 3478 1682 3533 verbum?
1726 3479 1866 3544 Quid
1911 3496 2010 3534 au-

393 3566 511 3621 ditu
539 3567 793 3633 delectet,
826 3574 881 3622 et
914 3567 1003 3622 cui
1035 3566 1233 3640 infigas
1248 3568 1469 3623 oculum
1488 3568 1517 3622 7
1545 3568 1725 3625 Redde
1742 3572 2008 3625 rationem

390 3662 743 3716 villicationis
797 3664 921 3715 tute.
978 3660 1127 3715 Bona
1176 3674 1300 3714 mea
1339 3660 1598 3731 dissipas,
1653 3661 1817 3716 bonis
1873 3662 2012 3717 meis

391 3752 533 3807 male
561 3751 753 3817 uteris,
814 3752 961 3806 bona
989 3767 1113 3806 mea
1157 3752 1255 3807 das
1282 3754 1578 3809 extraneis.
1615 3754 1759 3809 Voco
1801 3762 1856 3809 et
1898 3771 2012 3811 non

392 3841 719 3912 respondes,
762 3841 984 3915 porrigo
1024 3857 1267 3908 manum,
1307 3850 1363 3898 et
1404 3858 1515 3898 non
1547 3842 1794 3913 respicis.
1837 3845 2017 3905 Redde

392 3941 655 3992 rationem
685 3938 1042 3993 villicationis
1076 3943 1200 3993 tum.
1231 3941 1355 3994 Jam
1384 3942 1527 3994 enim
1552 3955 1658 3994 non
1679 3942 1883 4010 poteris
1909 3942 2012 3995 vil-

395 4032 579 4084 licare.
611 4030 688 4082 Ad
721 4028 886 4083 ﬁnem
919 4030 1249 4100 pervenisti,
1289 4037 1510 4101 tempus
1556 4039 1639 4086 est
1661 4030 1877 4100 judicii,
1917 4048 2014 4086 ra-

2105 1949 2266 2005 quam
2309 1940 2649 2004 exspectare,
2697 1935 2845 2006 quod
2876 1935 2997 2006 ipse
3030 1950 3141 1991 non
3185 1935 3405 2001 meruit,
3436 1950 3563 1990 cum
3596 1935 3735 1989 uni-

2102 2028 2300 2099 cuique
2342 2026 2426 2079 vix
2482 2039 2583 2079 sua
2621 2025 2922 2093 sufﬁcient,
2956 2038 3011 2083 et
3040 2026 3127 2081 vix
3163 2026 3347 2095 justus
3396 2025 3732 2081 salvabitur.

2100 2116 2233 2188 [deo
2260 2112 2589 2172 mendicare
2628 2114 2894 2170 erubesco
2953 2116 3074 2171 Scio
3095 2116 3230 2185 quid
3267 2116 3494 2182 faciam,
3525 2121 3589 2168 ut
3615 2130 3742 2169 cum

2106 2215 2315 2266 amotus
2346 2210 2503 2275 fuero
2548 2223 2583 2262 a
2634 2207 2967 2261 villicatione
3011 2206 3277 2273 recipiant
3307 2219 3394 2258 me
3439 2205 3498 2257 in
3554 2206 3738 2258 domos

2108 2315 2250 2356 suas.
2284 2297 2514 2353 Salubre
2544 2295 2835 2352 consilium
2870 2292 3081 2363 reperit
3108 2290 3175 2345 ad
3216 2289 3409 2358 ﬁnem,
3451 2291 3545 2363 qui
3587 2290 3738 2345 male

2106 2392 2444 2464 dispensavit
2472 2388 2887 2454 villicationem,
2916 2383 3130 2439 scilicet
3160 2384 3405 2441 utldaret
3431 2398 3608 2454 pauca
3638 2398 3735 2436 re-

2108 2484 2370 2548 cepturus
2398 2474 2588 2547 plura;
2617 2484 2674 2534 et
2703 2476 3046 2545 reciperetur
3077 2471 3135 2525 in
3175 2471 3435 2527 domibus
3469 2470 3735 2534 aliorum,

2107 2569 2197 2626 cui
2214 2568 2453 2641 propriae
2481 2563 2837 2622 deﬁciebant.

2179 2661 2490 2717 Convocatis
2528 2658 2710 2726 itaque
2745 2652 2972 2721 singulis
3001 2651 3327 2707 debitoribus
3375 2651 3584 2707 domini
3620 2655 3738 2715 sui,

2108 2748 2321 2803 dicebat
2346 2749 2528 2818 primo
2553 2761 2566 2798 :
2599 2745 2870 2812 Quantum
2895 2741 3051 2796 debes
3081 2739 3297 2795 domino
3323 2743 3481 2795 meo?
3508 2741 3586 2795 At
3630 2741 3733 2794 ille

2106 2841 2288 2896 dixit:
2350 2839 2571 2896 Centum
2622 2834 2786 2890 cados
2841 2834 2961 2889 olei.
3017 2832 3376 2889 Communem
3434 2832 3733 2888 Dominum

2106 2931 2395 2995 habemus,
2445 2927 2538 2999 qui
2581 2941 2754 2981 unum
2800 2922 3092 2979 Dominum
3129 2921 3387 2990 colimus,
3410 2921 3501 2977 cui
3532 2935 3735 2976 omnes

2106 3022 2377 3077 debemus
2407 3016 2682 3091 quidquid
2720 3014 2855 3072 boni
2886 3027 3203 3086 possumus.
3237 3011 3347 3067 Sed
3377 3011 3510 3084 quia
3536 3025 3735 3066 omnes

2115 3111 2281 3169 villici
2315 3124 2531 3176 sumus,
2564 3107 2635 3162 de
2658 3107 2786 3177 jure
2806 3101 3162 3160 villicationis
3181 3107 3381 3157 nostra:
3421 3100 3737 3156 debitorum

2122 3199 2343 3257 Domini
2381 3213 2511 3270 pars
2539 3196 2607 3251 ad
2629 3209 2732 3251 nos
2768 3192 3022 3259 refertur,
3055 3200 3118 3245 ut
3144 3205 3255 3246 non
3272 3190 3453 3245 solum
3484 3188 3739 3244 invenia-

2124 3310 2245 3348 mur
2273 3291 2556 3347 debitores
2608 3286 2730 3355 Dei,
2772 3285 2872 3340 sed
2903 3292 2958 3339 et
2990 3282 3225 3338 invicem
3257 3280 3456 3336 nostri.
3493 3280 3612 3335 Non
3642 3294 3739 3334 so-

2122 3386 2234 3440 lum
2260 3383 2407 3439 enim
2428 3381 2693 3451 jubemur
2716 3377 2947 3452 diligere
2972 3375 3168 3441 Deum,
3198 3373 3296 3428 sed
3324 3382 3380 3428 et
3401 3371 3733 3443 proximum.

2120 3474 2411 3529 Debitores
2430 3485 2561 3542 ergo
2584 3483 2777 3524 sumus
2796 3465 2912 3534 Dei,
2934 3464 3214 3519 debitores
3237 3477 3432 3517 sumus
3455 3468 3512 3516 et
3538 3460 3729 3531 proxi-

2109 3563 2207 3618 mi.
2237 3562 2350 3617 Deo
2382 3567 2567 3616 tamen
2634 3565 2810 3613 totum
2850 3554 3123 3610 debemus
3160 3552 3325 3608 etiam
3369 3551 3424 3605 id
3455 3551 3606 3623 quod
3657 3552 3727 3604 ad

2112 3654 2418 3726 proximum
2460 3650 2773 3716 referimus,
2815 3655 2875 3703 ut
2923 3644 3198 3719 quidquid
3253 3644 3548 3710 debemus,
3616 3643 3725 3697 Deo

2114 3746 2438 3801 debeamus.
2467 3742 2741 3797 Habemus
2783 3746 2964 3794 autem
3003 3735 3311 3809 spiritualia
3348 3735 3516 3801 bona,
3563 3733 3729 3789 habe-

2117 3853 2242 3893 mus
2275 3842 2330 3891 et
2358 3832 2687 3905 corporalia.
2724 3829 3062 3902 Spiritualia,
3093 3836 3174 3896 ut,
3214 3825 3405 3895 fidem,
3436 3826 3725 3898 justitiam,

2115 3932 2465 3999 cbaritatem,
2505 3936 2638 3996 etc.,
2694 3941 2817 3999 qua:
2856 3924 2968 3980 Deo
3007 3924 3299 3990 debemus,
3338 3926 3395 3976 et
3440 3920 3728 3992 proximo;

2116 4020 2445 4093 corporalia,
2512 4026 2573 4073 ut
2624 4031 2844 4082 aurum,
2917 4019 3229 4088 argentum,
3313 4010 3580 4073 triticum,
3651 4008 3732 4062 vi-

395 4125 589 4177 tionom
617 4122 801 4189 redde,
824 4122 941 4191 jam
960 4138 1066 4177 non
1082 4124 1287 4192 poteris
1307 4124 1574 4179 villicare.
1608 4122 1725 4179 Cito
1751 4123 1882 4179 hinc
1906 4124 2005 4178 ab-
2107 4130 2260 4177 num.
2294 4119 2428 4179 εισι,
2456 4110 2606 4165 unde
2642 4108 2753 4164 Deo
2782 4105 3054 4162 εθτνίῐηιιε
3082 4110 3137 4159 εί
3167 4102 3479 4174 Ρτοκίηιυω
3506 4101 3728 4192 δέξαντν

398 4215 593 4280 iturus,
620 4214 730 4270 cito
752 4190 1049 4270 moriturus
1080 4190 1161 4269 es.
1193 4204 1325 4269 Jam'
1352 4230 1461 4270 non
1498 4216 1706 4286 poteris
1735 4216 2000 4272 villicare.
2106 4220 2249 4259 mus-
2288 4202 2431 4266 Qnid
2470 4199 2671 4254 melius
2715 4213 2816 4269 Per
2850 4196 3034 4251 Oleum
3084 4190 3728 4286 ΡοεευπιξιεΛίοῑθίί-ίεθτθ

396 4304 523 4359 Post
564 4304 703 4358 hanc
756 4304 917 4357 vitam
958 4319 1070 4359 non
1108 4313 1193 4359 est
1244 4281 1524 4360 villicatio.
1581 4306 1674 4360 Hic
1704 4305 2002 4362 villicando

2110 4311 2272 4367 quam
2312 4291 2641 4364 spiritualia,
2687 4287 2840 4360 quod
2877 4286 3056 4342 rarius
3094 4291 3179 4340 est
3214 4292 3270 4339 et
3309 4282 3489 4337 lenius
3516 4281 3728 4336 triticea

392 4397 689 4461 servimus;
725 4395 800 4450 ibi
842 4395 1246 4467 requiescendo
1271 4396 1582 4451 mercedem
1614 4397 1883 4467 capimus.
1907 4398 2001 4455 llic

2110 4383 2405 4449 soliditate,
2436 4388 2491 4436 et
2522 4380 2711 4434 lumen
2743 4375 2911 4443 fovet,
2960 4375 3015 4429 id
3041 4380 3148 4441 est,
3181 4372 3341 4440 cujus
3388 4371 3565 4425 virtus
3595 4369 3723 4424 illu-

393 4490 733 4562 acquirimus
782 4465 938 4560 quod“
986 4488 1062 4543 ibi
1121 4488 1502 4561 possidemus;
1556 4489 1646 4545 hic
1683 4465 1873 4559 iabor,
1932 4479 2553 4561 ibiDmmatmemem
2583 4472 2649 4527 ad
2694 4465 3464 4562 intuendamuveritatema-ft
3502 4468 3726 4562 Ρτὶξδιξλξ

396 4598 703 4654 praamlum.

467 4672 567 4725 Ait
594 4673 774 4724 autem
793 4670 1008 4724 villicus
1047 4670 1197 4723 intra
1220 4684 1275 4724 se
1299 4687 1314 4736 ;
1347 4670 1488 4737 Quid
1516 4672 1721 4737 faciam
1750 4673 1883 4741 quia
1910 4671 2006 4727 do-

394 4764 572 4818 minus
615 4776 759 4816 meus
800 4762 982 4828 aufert
1011 4776 1047 4814 a
1066 4776 1149 4816 me
1175 4761 1560 4817 villicationem
1580 4764 1608 4816 ?
1637 4762 1783 4816 Felix
1815 4762 1908 4834 qui
1940 4763 2009 4818 de

394 4854 505 4910 fine
533 4853 756 4925 cogitat,
789 4851 940 4919 felix,
973 4852 1066 4924 qui
1098 4869 1159 4908 se
1187 4853 1436 4925 quotidie
1465 4854 1813 4922 moriturum,
1856 4855 2006 4927 quia,

391 4947 582 5001 melior
607 4949 685 5001 est
710 4948 838 5015 ﬁnis
853 4948 1115 5001 orationis
1145 4961 1308 5016 quam
1326 4948 1661 5016 principium
1679 4946 1844 5016 (Eccl.
1869 4962 2002 5014 xvn,

391 5039 467 5107 9).
503 5037 644 5102 Quid
674 5038 865 5094 faciam
889 5036 919 5091 Ῥ
959 5035 1247 5101 Quomodo
1279 5038 1348 5093 de
1379 5038 1523 5094 male
1554 5039 1876 5110 dispensata
1902 5040 2006 5095 vil-

394 5127 653 5183 licatione
688 5124 959 5182 evadam?
987 5126 1192 5183 Fodere
1218 5142 1327 5183 non
1362 5129 1513 5183 valeo
1544 5135 1833 5200 postquam
1866 5128 2007 5183 defi-

392 5218 468 5273 cit
531 5218 657 5273 vitae
702 5218 867 5289 hujus
936 5217 1219 5275 villicatio.
1274 5217 1392 5275 Non
1476 5218 1810 5291 relinquitur
1863 5220 2008 5277 actio

395 5314 520 5378 post
549 5308 692 5363 hanc
751 5310 941 5377 vitam,
992 5324 1093 5381 pro
1123 5326 1232 5382 qua
1270 5325 1581 5367 mereamur
1607 5318 1869 5366 aeternam
1920 5311 2007 5366 vi-

395 5406 522 5451 tam.
558 5396 640 5451 Ibi
650 5397 763 5465 jam
792 5414 905 5456 non
935 5398 1092 5455 valeo
1115 5399 1327 5468 fodere,
1350 5400 1481 5472 quia
1506 5400 1585 5455 ibi
1617 5415 1729 5457 non
1760 5408 1844 5457 est
1869 5416 2007 5472 pau-

394 5502 557 5558 peres
596 5500 866 5556 recreare,
909 5487 1159 5546 inﬁrmos
1186 5488 1432 5555 visitare,
1481 5488 1689 5564 vigiliis
1709 5490 1913 5546 sanctis
1950 5498 2005 5546 et

390 5573 739 5633 orationibus
784 5576 1057 5632 insistere.
1115 5577 1256 5641 Quid
1297 5585 1381 5634 est
1418 5578 1565 5633 enim
1608 5578 1758 5634 aliud
1794 5579 1998 5646 fodere,

392 5666 498 5720 nisi
537 5667 846 5718 sanctarum
896 5665 1173 5720 exercitiis
1221 5667 1503 5722 actionum
1547 5676 1746 5722 terram
1796 5668 2007 5724 mentis

392 5762 448 5809 et
473 5750 727 5821 corporis
755 5753 1055 5808 excolere?
1084 5756 1304 5813 Terram
1332 5756 1597 5824 fodimus,
1623 5772 1747 5814 cum
1787 5774 1818 5813 a
1847 5757 2010 5817 nobis

2110 4568 2372 4627 omnibus
2401 4564 2646 4638 liquidis,
2677 4569 2737 4619 ut
2777 4558 3086 4633 spiritualia
3138 4556 3541 4628 corporalibus.
3586 4553 3725 4617 Quid

2110 4674 2209 4731 per
2245 4657 2510 4721 triticum,
2567 4653 2674 4707 nisi
2706 4648 3055 4722 corporalia?
3096 4647 3152 4703 Si
3182 4646 3410 4719 quidem
3460 4660 3564 4716 per
3603 4658 3730 4714 spe‘

2107 4753 2249 4810 ciem
2278 4766 2426 4822 saepe
2456 4764 2634 4823 genus
2670 4744 3123 4817 subintelligitur.
3157 4741 3384 4796 Villicus
3437 4754 3573 4812 ergo
3616 4738 3729 4809 pri—

2110 4860 2259 4899 mum
2279 4840 2517 4897 debitori
2538 4839 2783 4910 loquitur
2803 4835 2936 4904 olei,
2959 4835 3089 4907 quia
3115 4833 3302 4904 priora
3323 4838 3454 4887 sunt
3469 4829 3728 4902 spiritua-

2107 4936 2179 4991 lia
2207 4931 2629 5006 corporalibus;
2658 4930 2755 5002 qui
2788 4927 2959 4983 debet
2988 4931 3207 4983 centum
3241 4924 3410 4979 cados
3439 4922 3577 4989 olei,
3600 4921 3726 4993 quia

2106 5026 2278 5082 debet
2295 5026 2410 5081 Deo
2438 5021 2707 5095 quidquid
2735 5017 3040 5091 spiritualis
3077 5015 3247 5071 habet
3275 5015 3430 5070 boni.
3456 5013 3549 5068 Sic
3578 5012 3724 5067 enim

2106 5125 2234 5175 sunt
2271 5117 2383 5175 olei
2438 5114 2561 5171 cadi
2600 5114 2813 5186 plures,
2853 5110 2997 5167 sicut
3039 5107 3342 5182 spiritualia
3379 5106 3516 5162 boni
3544 5105 3725 5160 multa:

2107 5210 2347 5283 species.
2384 5209 2487 5264 Vas
2506 5206 2656 5263 enim
2686 5204 2796 5262 olei
2823 5201 3200 5260 centenarium
3224 5199 3447 5271 species
3475 5197 3728 5269 designat

2108 5320 2304 5361 omnes
2355 5301 2725 5375 spiritualium
2766 5298 3061 5355 bonorum.
3118 5294 3252 5351 Nam
3282 5300 3339 5350 et
3378 5292 3726 5350 centenarias

2110 5393 2517 5469 plenitudinem
2556 5406 2707 5463 saepe
2743 5387 3042 5463 signiﬁcat,
3088 5394 3148 5442 et
3172 5384 3364 5440 ﬁnitus
3390 5399 3545 5455 saepe
3571 5382 3727 5454 poni-

2106 5498 2194 5547 tur
2221 5504 2322 5561 pro
2353 5487 2594 5545 inﬁnito.
2628 5486 2799 5542 Debet
2853 5498 2986 5559 ergo
3031 5481 3259 5538 domino
3315 5486 3541 5536 centum
3571 5478 3732 5534 cados

2103 5582 2239 5645 olei.
2282 5581 2376 5653 qui
2432 5578 2601 5635 debet
2636 5578 2748 5633 Deo
2782 5574 3184 5648 perfectionem
3224 5570 3534 5643 spiritualis
3574 5568 3727 5625 boni.

2108 5668 2216 5725 Sed
2237 5672 2468 5729 multum
2497 5670 2741 5743 pertinet
2769 5668 2839 5724 ad
2867 5667 3205 5739 proximum,
3227 5663 3297 5718 de
3324 5663 3437 5719 hoc
3461 5661 3613 5734 quod
3644 5659 3730 5714 de-

2110 5762 2274 5820 betur
2332 5764 2467 5821 Deo.
2499 5762 2725 5819 Multum
2772 5759 2921 5816 enim
2987 5755 3326 5814 offendimus
3371 5753 3481 5809 nisi
3538 5751 3727 5818 ﬁdem,
