3938 6206
221 339 362 394 1125

1325 331 1545 387 HOMIL.
1588 332 1669 387 DE
1705 330 1960 386 Vll.LlCO
2003 331 2424 396 INIQUITATIS.

3407 346 3545 401 1126

219 468 482 534 justitiam
541 473 596 520 et
652 465 970 519 charitatem
1025 462 1274 532 proximo
1317 463 1629 517 reddamus.
1703 464 1831 518 Cum
1862 467 1910 532 Α
1940 461 2052 515 bita
2111 471 2314 526 nostra,
2378 466 2518 516 sicut
2572 469 2621 516 et
2673 480 2769 520 nos
2827 468 3151 527 dimittimus
3218 475 3546 530 debitoribus

222 558 389 630 igitur
428 555 496 608 de
537 564 757 609 centum
801 554 952 608 cadis
990 554 1205 608 villicus
1239 554 1398 622 jubet
1435 554 1836 629 quinquaginta
1936 554 2152 606 nostris.
2196 554 2409 620 (Matth.
2453 569 2528 619 Vt,
2581 554 2677 614 12).
2722 557 2918 612 Verum
2962 564 3261 630 prudenter
3287 568 3419 639 egit.
3453 567 3545 637 qui

219 648 413 711 scribi,
444 647 591 718 quod
624 645 860 700 debetur
897 647 1029 711 Deo,
1061 647 1417 702 conﬁnnatur
1456 649 1683 717 scripto,
1708 647 1836 718 quia
1939 645 2106 698 Deum
2138 646 2320 700 facere
2357 647 2579 701 molitur
2617 648 2928 705 debitorem
2957 670 3136 721 suum,
3171 665 3227 711 ut
3259 660 3441 734 exigat
3480 661 3548 713 ab

218 755 331 794 non
364 739 668 792 dimittitur.
703 738 855 802 Quod
885 738 1116 792 debetur
1144 739 1247 792 sibi
1273 739 1626 807 nonjubetur
1640 739 1829 802 scribi,

218 829 352 900 quio
401 828 711 881 dimittitur.
756 827 984 882 Dimittit
1023 829 1171 898 quod
1215 844 1373 883 suum
1405 836 1507 894 est,
1568 830 1827 900 relinquit

219 920 368 990 quod
402 919 494 972 Dei
528 926 629 974 est.
660 919 734 971 De
772 919 876 973 hoc
914 919 1058 989 quod
1088 919 1194 972 sibi
1226 920 1481 984 debetur,
1513 921 1671 974 venia
1703 919 1831 975 facit

218 1029 509 1077 securum;
544 1015 612 1069 de
644 1030 710 1070 eo
743 1015 891 1085 quod
923 1015 1033 1070 Deo
1061 1015 1297 1071 debetur
1329 1017 1534 1088 scripto
1566 1015 1694 1071 facit
1715 1015 1830 1070 sol-

218 1103 450 1157 licitum.
486 1103 641 1158 Unde
671 1103 959 1174 sequitur:

293 1195 551 1261 Dixitque
574 1193 689 1247 illi:
716 1194 916 1262 Accipe
941 1197 1239 1248 cautionem
1260 1199 1408 1248 tuam
1446 1199 1495 1248 et
1523 1195 1644 1249 sede
1662 1197 1766 1250 cito
1780 1200 1829 1249 et

217 1285 393 1338 scribe
417 1287 842 1354 quinquaginta;
876 1302 939 1340 ac
967 1287 1011 1340 si
1036 1286 1269 1342 diceret:
1299 1287 1451 1350 Quod
1475 1287 1646 1341 debes
1667 1288 1825 1354 mihi,

219 1377 442 1433 dimitto
481 1379 612 1445 tibi;
670 1380 817 1450 quod
858 1380 1029 1435 debes
1057 1382 1167 1436 Deo
1197 1383 1464 1436 cautelam
1499 1397 1739 1448 assume,
1773 1391 1827 1439 et

218 1467 313 1537 qui
347 1466 622 1537 superbus
650 1467 848 1530 stabas,
883 1469 1016 1522 sede
1037 1470 1142 1524 cito
1175 1478 1229 1524 et
1255 1470 1568 1536 humiliare,
1598 1483 1652 1528 et
1674 1475 1822 1544 quod

218 1559 664 1630 parvipendebas
701 1562 785 1616 vel
825 1561 1127 1626 oblivione,
1185 1579 1282 1634 pro
1347 1565 1516 1620 nihilo
1560 1567 1821 1632 ducebas,

216 1648 402 1702 scribe
431 1648 483 1701 in
507 1649 710 1703 tabulis
729 1650 913 1705 cordis
932 1660 987 1705 et
1016 1654 1282 1708 memoria
1305 1661 1452 1718 tene,
1485 1664 1545 1711 ut
1571 1657 1828 1731 frequen-

219 1745 305 1792 ter
330 1739 566 1808 pcenitas
613 1746 666 1793 et
695 1739 908 1810 expies,
963 1741 1142 1796 donec
1191 1749 1244 1796 et
1296 1743 1474 1814 ipsum
1519 1745 1823 1803 dimittatur

218 1827 344 1880 tibi.
377 1828 508 1882 Sede
547 1832 667 1895 cito,
702 1829 756 1884 id
803 1838 887 1885 est
935 1846 1004 1885 ne
1045 1830 1267 1886 differas
1316 1834 1382 1888 de
1413 1835 1502 1890 die
1544 1837 1596 1890 in
1652 1837 1818 1894 diem.

219 1923 407 1977 Scribe
454 1927 869 1994 quinquaginta.
912 1926 1181 1982 Numerus
1232 1935 1332 1983 iste
1383 1928 1723 1999 poenitentia:
1781 1937 1833 1985 et

224 2013 569 2068 remissionis
616 2022 719 2081 est,
775 2023 833 2070 ut
872 2023 926 2070 et
985 2033 1164 2073 annus
1202 2020 1694 2093 quinquagesimus
1741 2036 1831 2076 re-

213 2107 515 2169 missionis,
543 2115 596 2162 et
620 2110 860 2179 psalmus
882 2111 1677 2186 quinquagesimuspoenitenti
1702 2114 1822 2168 alis.

217 2199 628 2273 Quinquaginta
657 2200 970 2255 scribuntur
1021 2207 1074 2255 et
1104 2201 1505 2275 quinquaginta
1535 2201 1826 2256 dimittun-

211 2299 320 2344 tur.
358 2290 568 2345 Similis
596 2307 860 2346 numerus
887 2291 1123 2346 similem
1156 2292 1431 2366 signiﬁcat
1456 2292 1821 2348 offensionem

214 2382 270 2436 in
298 2382 468 2437 Deum
488 2391 543 2438 et
570 2384 869 2439 hominem.
906 2385 1061 2439 Unde
1103 2385 1366 2439 Dominus
1392 2383 1524 2438 dicit
1568 2385 1620 2438 in
1651 2384 1822 2438 Evan-

205 2470 385 2542 gelio:
419 2472 618 2538 Diliges
655 2474 940 2526 Dominum
989 2475 1155 2526 Deum
1208 2477 1357 2527 tuum
1401 2488 1468 2526 ea:
1508 2477 1613 2550 toto
1669 2473 1825 2528 corde

209 2564 328 2625 tuo,
360 2566 410 2614 et
436 2576 504 2614 ea:
547 2566 659 2616 tota
686 2564 872 2616 anima
901 2567 996 2615 tua
1033 2566 1081 2617 et
1110 2578 1176 2616 ea:
1230 2567 1340 2616 tota
1364 2567 1534 2617 mente
1564 2566 1676 2616 tua.
1711 2562 1821 2616 Hoc

209 2653 291 2702 est
330 2652 567 2718 primum
599 2654 648 2703 et
671 2667 925 2718 magnum
948 2653 1280 2706 mandatum.
1323 2651 1623 2706 Secundum
1647 2651 1824 2705 simile

212 2743 292 2792 est
357 2738 508 2793 huic:
568 2741 770 2808 Diliges
830 2744 1140 2811 proximum
1195 2746 1343 2796 tuum
1396 2744 1535 2796 sicut
1596 2743 1827 2811 teipsum

214 2835 434 2900 (Matth.
480 2851 612 2896 xxu,
645 2833 860 2906 37-39).
903 2836 1035 2890 Nam
1064 2851 1294 2907 quorum
1325 2835 1519 2890 similis
1577 2845 1660 2890 est
1689 2835 1829 2891 dile-

217 2923 350 2988 ctio,
379 2923 570 2978 similis
593 2930 675 2978 est
693 2922 942 2980 offensio.
976 2924 1261 2996 Sequitur:

291 3019 492 3072 Deinde
526 3023 630 3074 alii
649 3021 822 3075 dixit:
847 3026 906 3076 tu
927 3037 1053 3076 vero
1085 3025 1344 3090 quantum
1373 3021 1523 3074 debes
1542 3021 1570 3074 ἵ
1594 3021 1691 3089 qui
1709 3021 1829 3072 ait:

1937 749 2004 788 eo
2045 735 2285 790 debitam
2346 738 2750 801 remissionem,
2799 743 2928 812 quia
2976 746 3207 800 remisit.
3243 749 3549 804 Prudenter

1931 826 2061 896 egit,
2116 829 2246 898 quia
2283 829 2368 883 cui
2425 831 2700 886 obnoxius
2728 841 2845 887 erat
2885 835 3062 904 ipsum
3120 837 3224 891 sibi
3267 839 3394 894 facit
3449 843 3548 895 ob-

1931 913 2173 970 noxium.
2222 917 2282 970 Et
2313 933 2477 988 quem
2527 919 2765 974 habebat
2795 921 2990 976 durum
3032 933 3368 992 exactorem,
3401 944 3548 983 nunc

1930 1002 2095 1057 habet
2125 1004 2274 1074 pium
2303 1005 2633 1074 debitorem,
2657 1019 2716 1062 ut
2745 1009 3073 1066 ﬁducialiter
3093 1013 3238 1068 dicat
3265 1035 3277 1068 :
3301 1015 3541 1081 Dimitte,

1930 1091 2059 1160 quia
2086 1091 2270 1147 dimisi
2292 1111 2319 1157 ;-
2359 1095 2527 1149 redde
2559 1113 2721 1166 quam
2757 1097 2930 1152 debes
2970 1101 3209 1166 veniam,
3267 1102 3398 1172 quia
3445 1119 3548 1177 ego

1928 1184 2056 1239 dedi
2115 1186 2348 1240 veniam.
2403 1189 2540 1254 Quia
2575 1190 2678 1256 ﬁlii
2735 1191 2898 1260 hujus
2955 1194 3140 1246 saeculi
3173 1196 3549 1262 prudentiores

1926 1281 2053 1331 sunt
2075 1277 2208 1344 ﬁliis
2238 1278 2373 1332 lucis
2401 1281 2459 1332 in
2509 1283 2848 1346 generatione
2877 1299 2997 1336 sua.
3057 1283 3171 1336 Filii
3221 1284 3361 1338 lucis
3393 1285 3546 1339 labo-

1928 1377 2066 1438 rant,
2100 1379 2154 1426 et
2199 1373 2285 1426 vix
2334 1381 2618 1428 merentur
2659 1377 2923 1444 pretium;
2978 1387 3205 1433 currunt
3237 1387 3289 1433 et
3327 1381 3415 1434 vix
3474 1381 3541 1434 ad

1928 1458 2172 1514 bravium
2208 1461 2553 1530 perveniunt,
2586 1465 2894 1533 parturiunt
2924 1473 2977 1520 et
3007 1466 3089 1521 vix
3127 1469 3392 1522 evadunt.
3427 1468 3547 1521 Filii

1927 1551 2112 1605 saeculi
2146 1559 2270 1622 post
2321 1553 2512 1608 laudes
2550 1563 2604 1607 et
2641 1555 2936 1610 illecebras
2969 1567 3023 1611 et
3074 1558 3297 1613 illicitos
3326 1575 3551 1614 amores

1925 1641 2273 1698 solummodo
2304 1643 2606 1710 dimittunt,
2658 1653 2713 1700 et
2752 1646 2917 1701 Deum
2960 1648 3270 1704 debitorem
3305 1658 3540 1715 tenent;

1929 1739 2159 1800 parcunt
2189 1741 2242 1787 et
2274 1733 2512 1802 parcitur
2530 1734 2632 1797 eis,
2665 1735 2983 1790 condonant
3023 1744 3077 1791 et
3129 1737 3384 1794 donatur.
3415 1739 3542 1794 ldeo

1933 1826 2320 1895 prudentiores
2377 1834 2503 1881 sunt
2532 1827 2628 1881 filii
2662 1829 2848 1883 saeculi
2880 1829 3009 1884 ﬁliis
3040 1831 3178 1885 lucis
3219 1832 3274 1885 in
3306 1848 3544 1904 genera-
3593 1846 3600 1856 '

1933 1916 2085 1971 tione
2116 1933 2234 1984 sua,
2267 1918 2321 1972 id
2345 1926 2427 1973 est
2457 1920 2680 1990 quando
2713 1929 3110 1994 regenerantur
3132 1925 3264 1990 Deo,
3295 1931 3352 1978 et
3383 1940 3550 1980 reno—

1933 2018 2129 2063 vantur
2152 2010 2423 2080 spirituali
2451 2011 2580 2065 vita.

1999 2100 2068 2153 Et
2091 2114 2184 2166 ego
2223 2101 2342 2154 dico
2381 2101 2550 2167 vobis,
2573 2102 2742 2167 facite
2757 2103 2907 2157 vobis
2935 2105 3131 2158 amicos
3154 2105 3219 2157 de
3239 2120 3551 2160 mammona

1925 2195 2253 2263 iniquitatis.
2290 2195 2617 2264 Mammona,
2649 2197 2700 2250 id
2733 2207 2815 2252 est
2849 2199 3072 2266 divitiae,
3123 2216 3246 2270 quaz
3279 2200 3547 2272 iniquita-

1925 2285 1994 2338 tis
2014 2285 2296 2350 dicuntur,
2345 2288 2476 2358 quia
2506 2289 2627 2343 sine
2671 2289 2960 2360 iniquitate
2994 2307 3102 2346 non
3134 2300 3448 2362 captantur,
3495 2303 3550 2347 et

1929 2377 2059 2448 quia
2110 2377 2356 2448 iniquum
2395 2385 2476 2432 est
2530 2394 2626 2433 eas
2682 2395 2939 2435 revocare
2998 2381 3052 2434 in
3107 2383 3356 2454 proprios
3398 2399 3548 2447 usus,

1927 2483 2064 2538 quas
2095 2470 2301 2524 creavit
2357 2485 2682 2525 communes
2737 2471 3017 2526 Dominus.
3067 2473 3220 2526 Unde
3280 2475 3545 2544 scriptum

1927 2568 2039 2616 est:
2077 2563 2181 2616 Pro
2202 2565 2487 2632 iniquitate
2501 2564 2621 2617 vidi
2650 2565 2879 2618 tentoria
2899 2565 3187 2633 Ethiopiae
3211 2567 3435 2632 (Habeo.
3468 2585 3549 2623 IIl.

1926 2652 2000 2719 7),
2035 2653 2088 2707 id
2131 2661 2215 2708 est
2255 2669 2352 2724 pro
2385 2654 2592 2708 divitiis
2621 2655 2910 2725 captandis
2942 2654 3054 2708 vidi
3088 2656 3340 2710 homines
3373 2657 3546 2712 factos

1927 2744 2283 2801 tabernacula
2310 2746 2636 2820 nigredinis,
2671 2747 2725 2800 id
2759 2755 2840 2801 est
2865 2747 3120 2802 vitiorum
3141 2748 3549 2814 etdaamonum,

1929 2843 1989 2890 ut
2031 2837 2123 2906 qui
2156 2844 2411 2908 poterant
2465 2853 2588 2892 esse
2625 2837 2978 2892 tabernacula
3009 2838 3272 2893 sectando
3309 2855 3552 2908 pauper-

1938 2930 2125 2989 tatem,
2170 2925 2296 2979 facti
2333 2933 2462 2980 sunt
2492 2926 2728 2979 tentoria
2784 2925 3043 2979 vitiorum
3096 2941 3195 2995 pro
3259 2925 3554 2996 iniquitate

1937 3017 2343 3090 congreganda.
2397 3015 2526 3081 Quis
2579 3031 2687 3071 non
2737 3016 2922 3071 videat
2990 3016 3192 3071 multos
3250 3017 3550 3087 perjurium

212 3113 428 3164 centum
457 3124 604 3164 coros
633 3111 823 3164 tritici.
869 3109 1045 3165 Cadus
1092 3109 1425 3181 liquidarum
1458 3124 1713 3163 mensura
1743 3113 1825 3162 est
1850 3104 1899 3173 C
1928 3106 2230 3174 incurrere,
2263 3108 2557 3162 homicidia
2592 3107 2793 3168 facere,
2840 3107 2999 3162 dolos
3027 3108 3330 3162 machinari
3364 3115 3554 3163 contra

210 3208 268 3254 et
299 3213 462 3254 corus
504 3200 800 3256 seminum.
849 3200 1018 3255 Valde
1062 3200 1364 3256 timendum
1421 3206 1506 3255 est
1537 3199 1697 3254 nobis
1725 3198 1820 3270 qui

205 3294 613 3366 plenitudinem
634 3296 1004 3367 corporalium
1029 3296 1297 3350 bonorum
1331 3296 1619 3361 debemus,
1640 3293 1822 3365 proxi-

205 3385 317 3439 mis
337 3386 620 3452 debemus,
654 3395 707 3442 et
734 3395 916 3442 tamen
945 3403 1056 3442 non
1097 3388 1391 3452 solvimus;
1434 3387 1702 3441 debemus
1732 3392 1821 3439 to-

204 3486 349 3542 tum,
400 3486 455 3532 et
509 3478 598 3533 vix
630 3479 894 3534 solvimus
921 3495 1134 3549 parum.
1168 3479 1307 3543 Quid
1338 3493 1470 3551 ergo
1500 3478 1764 3531 faciemus
1796 3476 1824 3529 τ

204 3571 264 3625 Si
289 3585 398 3626 non
429 3587 722 3642 possumus
751 3574 966 3630 solvere
998 3580 1169 3629 totum
1202 3572 1348 3643 quod
1377 3572 1668 3638 debemus,
1702 3571 1826 3625 aliis

209 3663 560 3720 dimittamus
585 3666 774 3722 saltem
807 3667 954 3738 quod
982 3667 1214 3721 debetur
1236 3665 1416 3720 nobis.
1450 3663 1604 3718 Unde
1636 3662 1826 3734 sequi-

204 3758 337 3808 tur:
379 3757 459 3810 ait
487 3757 602 3810 illi:
635 3757 832 3826 Accipe
858 3758 1068 3811 litteras
1099 3759 1240 3821 tuas,
1263 3758 1312 3809 et
1335 3754 1507 3808 scribe
1532 3754 1822 3820 octoginta.

209 3845 315 3908 Qui
356 3845 503 3899 enim
535 3845 602 3900 de
630 3853 848 3900 centum
879 3845 1068 3900 scribit
1088 3844 1390 3918 octoginta,
1425 3841 1674 3913 quintam
1697 3855 1825 3910 par-

207 3941 320 3989 tem
376 3934 620 4002 dimittit,
673 3935 803 4006 quia
858 3935 926 3989 de
982 3933 1363 4004 corporalibus
1433 3933 1535 3986 hoc
1591 3930 1828 3986 debetur

213 4026 468 4098 proximo
485 4026 636 4097 quod
658 4011 902 4098 quinque
928 4025 1178 4096 corporis
1205 4039 1404 4079 sensus
1434 4022 1691 4095 exigunt;
1725 4022 1829 4076 hoc

1924 3202 2226 3272 proximos,
2259 3218 2439 3258 rerum
2471 3202 2816 3272 publicarum
2847 3210 2901 3256 et
2951 3201 3300 3256 dominorum
3346 3203 3544 3272 prodi-

1924 3305 2074 3352 tores
2125 3311 2244 3350 esse
2288 3303 2518 3366 propter
2563 3295 2804 3348 divitias.
2851 3295 2908 3348 lli
2951 3294 3089 3348 ﬁunt
3123 3310 3222 3364 pro
3260 3297 3556 3364 iniquitate

1923 3377 2156 3440 tentoria
2183 3387 2487 3454 Ethiopiae.
2523 3385 2655 3442 Sed.
2689 3400 2810 3438 cum
2859 3383 3077 3439 villicus
3109 3383 3300 3437 fecerit
3346 3383 3556 3438 amicos
3623 3384 3627 3386 ’

1925 3474 2204 3543 superius,
2245 3483 2299 3528 et
2336 3475 2404 3527 de
2435 3473 2819 3544 spiritualibus
2848 3480 2902 3528 et
2926 3473 2996 3527 de
3027 3472 3432 3542 corporalibus,
3458 3489 3558 3527 cur

1928 3564 2493 3620 Dominusconcludit
2522 3563 2688 3618 ﬁnem
2714 3564 2987 3638 parabolae
3018 3579 3132 3617 sua}
3160 3564 3229 3616 de
3260 3563 3392 3618 solis
3434 3579 3555 3618 cor-

1929 3651 2232 3723 poralibus.
2271 3651 2439 3705 Citius
2472 3651 2806 3705 dimittimus
2839 3651 3093 3718 injuriam
3155 3652 3351 3706 factam
3384 3668 3552 3722 quam

1929 3745 2203 3816 praestitas
2233 3745 2527 3815 pecunias;
2567 3744 2783 3799 facilius
2813 3745 3009 3799 damus
3035 3743 3200 3799 ﬁdem
3235 3762 3398 3816 quam
3425 3762 3557 3816 pos-

1927 3834 2268 3899 sessionem;
2303 3834 2592 3904 proniores
2650 3850 2840 3887 sumus
2894 3833 3180 3886 dimittere
3231 3833 3358 3887 odia
3393 3850 3556 3904 quam

1928 3925 2246 3994 expendere
2300 3931 2505 3979 nostra.
2542 3922 2672 3977 Ideo
2705 3923 2990 3988 Dominus,
3038 3922 3355 3992 parabolice
3397 3924 3559 3978 nobis

1929 4012 1998 4066 ad
2022 4011 2456 4066 misericordiam
2498 4010 2802 4077 instructis,
2851 4010 2906 4064 in
2954 4026 3018 4064 ea
3052 4018 3205 4080 parte
3247 4011 3560 4066 misericor-

212 4117 425 4189 scripto
447 4119 866 4174 commendatur
886 4118 1036 4190 quod
1064 4117 1265 4172 divina:
1284 4115 1472 4188 gratiae
1493 4130 1593 4185 per
1609 4120 1825 4169 octona-

1938 4101 2044 4156 ἀίω
2075 4100 2355 4156 concludit
2387 4114 2699 4154 sermonem
2746 4114 2911 4169 quam
2936 4098 3089 4152 novit
3120 4100 3267 4170 apud
3304 4099 3558 4154 homines

216 4209 361 4263 rium
392 4207 744 4278 relinquitur.
790 4189 1037 4277 Rapuisti
1067 4223 1276 4273 meum,
1310 4204 1586 4259 abstulisti
1622 4203 1837 4273 praesti-
1938 4192 2348 4258 difﬁciliorem;
2382 4202 2437 4247 et
2462 4192 2532 4246 ad
2553 4207 2673 4246 eam
2708 4205 2808 4245 nos
2838 4189 3054 4244 enixius
3087 4191 3335 4245 hortatur
3364 4191 3417 4244 in
3449 4190 3556 4245 ﬁne

217 4307 360 4361 tum,
393 4295 608 4368 negasti
652 4295 1115 4350 commendatum.
1149 4294 1204 4347 Si
1263 4292 1477 4346 dimitto
1529 4289 1630 4344 tibi
1689 4290 1838 4360 quod
1939 4284 2007 4339 ad
2033 4300 2194 4355 quam
2225 4284 2378 4339 videt
2407 4298 2509 4338 nos
2547 4282 2830 4337 difﬁcilius
2866 4281 3153 4348 inclinari,
3205 4281 3332 4353 quia
3371 4283 3560 4336 melior

219 4401 346 4439 mea
389 4382 574 4448 refert,
606 4384 774 4438 scribe
800 4386 1088 4450 octoginta,
1133 4381 1186 4436 id
1245 4388 1330 4435 est
1355 4377 1683 4434 commenda
1720 4393 1838 4432 me-
1937 4380 2016 4430 est
2042 4377 2172 4445 ﬁnis
2211 4377 2470 4430 orationis
2513 4390 2678 4444 quam
2708 4375 3045 4444 principium
3077 4374 3293 4443 (Eccles.
3347 4390 3440 4439 vn,
3486 4374 3559 4441 9).

220 4476 412 4531 moriae
455 4475 600 4546 quod
651 4476 833 4531 adhuc
876 4491 1006 4547 eges
1060 4474 1220 4530 venia
1269 4473 1469 4528 divinae
1513 4470 1732 4546 gratiae;
1792 4469 1837 4523 si
1869 4457 2222 4524 DFaciamus
2253 4482 2382 4539 ergo
2438 4467 2506 4521 de
2540 4465 2755 4527 divitiis,
2790 4465 3095 4536 iniquitatis
3150 4465 3378 4530 amicos,
3422 4480 3556 4534 pau-

216 4565 447 4638 quidem
479 4563 759 4636 Evangelii
788 4563 962 4638 gratia
983 4562 1325 4639 signiﬁcatur
1345 4575 1446 4632 per
1466 4557 1833 4620 octonarium,
1939 4560 2166 4633 peribus
2207 4575 2299 4615 cas
2333 4559 2742 4625 distribuendo,
2775 4567 2830 4613 et
2879 4557 3229 4613 debitoribus
3259 4565 3313 4612 et
3343 4557 3427 4611 his
3467 4556 3567 4628 qui

213 4659 361 4713 sicut
388 4656 678 4712 austeritas
717 4656 874 4732 legis,
905 4672 1003 4726 per
1033 4654 1431 4727 septenarium.
1461 4651 1568 4707 Sed
1593 4657 1839 4706 meretur
1940 4673 2034 4712 eas
2089 4655 2438 4710 abstulerunt
2487 4651 2836 4707 dimittendo.
2896 4651 3024 4719 Sed,
3076 4650 3207 4722 quia
3253 4649 3571 4720 iniquitatis

211 4749 486 4806 octonarii
544 4749 774 4819 gratiam
843 4749 938 4820 qui
1003 4756 1280 4819 przecepta
1347 4745 1591 4801 custodit
1625 4786 1639 4806 ,
1713 4759 1835 4814 qua:
1939 4749 2145 4804 divitia:
2185 4747 2307 4802 alia:
2337 4745 2694 4817 possidentur
2727 4750 2957 4815 paterna
3009 4741 3390 4807 successione,
3443 4741 3565 4795 alia:

213 4839 600 4913 signiﬁcantur
631 4856 729 4912 per
754 4841 967 4905 decem,
992 4849 1052 4894 ut
1084 4856 1183 4911 per
1211 4837 1556 4894 octonarium
1583 4836 1835 4906 junctum
1934 4839 2082 4907 justo
2113 4835 2519 4906 conquiruntur
2547 4832 2760 4898 labore,
2803 4832 2924 4886 alim
2974 4838 3311 4901 usurpantur
3339 4846 3403 4884 ex
3433 4845 3557 4884 sce-

215 4932 471 4998 denario,
501 4933 733 5007 gratiam
776 4932 1054 5004 illigamus
1085 4931 1406 5002 acquisitam
1451 4936 1750 4999 praecepto,
1782 4933 1841 4981 ut
1940 4925 2054 4979 lere
2077 4924 2162 4979 vel
2194 4923 2502 4994 impietate,
2546 4921 2640 4976 Dei
2671 4929 2817 4975 certe
2849 4920 3009 4974 amici
3035 4935 3144 4974 non
3170 4919 3328 4984 ﬁunt,
3375 4919 3469 4990 qui
3502 4919 3571 4972 de

218 5023 317 5095 qui
342 5024 535 5079 scribit
582 5026 861 5099 octoginta
903 5042 1001 5095 per
1037 5024 1296 5096 Decalogi
1337 5021 1666 5086 custodiam,
1707 5035 1836 5090 per-
1938 5015 2147 5070 scelere
2173 5011 2566 5083 velimpietate
2583 5010 2832 5065 veniunt.
2868 5010 2977 5064 Nec
3007 5017 3162 5080 putet
3189 5009 3480 5080 quisquam
3505 5022 3572 5061 ex

219 5115 408 5170 veniat
427 5117 492 5170 ad
527 5118 796 5173 octonarii
825 5116 1080 5189 gratiam.
1942 5107 2026 5161 his
2053 5105 2330 5176 adjutores
2360 5118 2612 5175 quaerere
2647 5102 2839 5157 salutis
2867 5117 3005 5172 quas
3035 5099 3402 5155 mercimonio
3435 5113 3562 5153 cor-

295 5202 1840 5274 Etlaudavitdominusvillicuminiquitatisquiapruden-
1939 5201 2072 5256 rasit
2111 5198 2441 5270 iniquitatis.
2486 5197 2760 5266 Scriptum
2791 5203 2876 5250 est
2915 5195 3095 5250 enim:
3139 5196 3345 5250 Hostiae
3377 5196 3574 5263 impio-

217 5305 300 5354 ter
325 5301 558 5367 fecisset.
587 5302 719 5357 Mira
747 5318 864 5368 res;
898 5302 1078 5357 malus
1110 5308 1193 5355 est
1222 5298 1437 5353 villicus
1458 5304 1513 5351 et
1540 5296 1835 5359 laudatur;
1936 5311 2062 5351 rum
2091 5294 2478 5350 abominabiles
2511 5292 2700 5361 (Prov.
2734 5308 2792 5357 ιι,
2821 5291 2894 5360 2),
2952 5291 3083 5361 quia
3144 5290 3450 5346 oﬁ‘eruntur
3500 5305 3564 5343 ex

219 5394 364 5450 male
395 5396 735 5468 dispensavit
764 5405 819 5452 et
859 5397 1140 5468 parcitur;
1203 5409 1310 5449 non
1345 5389 1659 5447 emendavit
1689 5388 1838 5459 quod
1937 5389 2174 5453 scelere;
2202 5394 2288 5442 et:
2320 5387 2655 5442 Immolantis
2694 5401 2761 5440 ea:
2792 5387 3004 5454 iniquo,
3036 5386 3238 5440 oblatio
3263 5394 3336 5441 est
3369 5399 3562 5439 macu-

217 5487 368 5553 fecit,
422 5495 475 5542 et
506 5488 847 5562 indulgetur.
897 5489 1094 5542 Verum
1155 5481 1458 5556 prudenter
1515 5481 1652 5557 egit,
1708 5481 1837 5551 quia
1943 5485 2058 5538 lata
2113 5483 2302 5553 (Eccli.
2351 5497 2534 5546 xxxw,
2565 5481 2691 5551 2t);
2743 5489 2840 5534 et:
2898 5479 3003 5546 Qui
3040 5480 3197 5549 offert
3240 5480 3568 5546 sacriﬁcium

217 5577 428 5632 dimisit
453 5595 646 5648 pauca,
693 5585 751 5632 ut
782 5578 1055 5648 reciperet
1084 5578 1242 5648 plura
1268 5594 1281 5640 ;
1315 5572 1528 5628 dimisit
1559 5580 1825 5641 tempora-

1944 5591 2011 5630 ϐω
2041 5575 2354 5630 substantia
2381 5576 2660 5643 pauperis,
2691 5575 2852 5644 quasi
2881 5574 2979 5642 qui
3013 5575 3260 5626 victimat
3295 5571 3468 5639 ﬁlium
3515 5570 3572 5622 in

215 5669 310 5736 lia,
363 5679 423 5724 ut
477 5677 683 5724 aeterna
724 5668 1012 5740 percipiat.
1056 5668 1315 5722 Audierat
1355 5665 1540 5720 enim:
1577 5665 1846 5718 Dimittite
1945 5669 2225 5733 conspectu
2256 5664 2437 5731 patris
2493 5663 2674 5732 (ibid,
2732 5662 2843 5733 24).
2903 5661 3032 5715 Cum
3076 5675 3206 5735 ergo
3256 5656 3576 5728 praecipitur

219 5763 268 5812 et
294 5758 600 5817 dimittetur
625 5759 774 5816 vobis
805 5758 960 5829 (Luc.
999 5774 1075 5826 vr,
1097 5757 1205 5830 37),
1249 5764 1302 5813 et
1342 5757 1558 5812 dimitte
1583 5753 1846 5810 nobisde-
1948 5751 2065 5807 ﬁeri
2101 5751 2306 5808 amicos
2337 5751 2406 5805 dc
2439 5764 2752 5806 mammona
2783 5748 3110 5822 iniquitatis,
3139 5743 3571 5802 discernendum
