3938 6206
191 331 332 386 1129

1306 330 1531 393 HOMIL.
1574 333 1655 389 DE
1694 331 1951 389 VILLICO
1992 332 2408 400 lNlQUlTATlS.

3375 337 3518 394 1130

189 468 394 546 etenim
421 467 588 523 verba
615 466 674 522 in
691 465 986 546 Evangelio
1017 470 1318 546 sunthaec:
1346 470 1533 546 Omnis
1558 472 1652 546 qui
1684 486 1803 546 c_rc-
1826 474 1882 544 Α
1908 469 2027 538 ejus
2057 468 2756 546 disciplinamhabebatur,
2774 477 3080 527 utnontam
3098 471 3518 546 magisterlitteg

187 539 266 595 dit
293 540 351 594 in
380 554 468 594 me
526 553 639 594 non
680 538 963 605 morietur,
1004 549 1060 594 et
1089 541 1133 594 si
1177 551 1425 596 mortuus
1464 538 1631 597 fuerit
1660 542 1805 597 vivet

188 610 366 684 (Joan.
400 627 474 684 in,
507 611 597 684 25,
640 610 754 684 26).
785 609 927 684 _Sch
960 609 1097 684 forte
1123 612 1291 684 dicet
1345 613 1589 684 aliquis:
1635 613 1806 676 Quale

229 682 524 754 rincipium
545 680 1074 754 deditadveniens?
1106 682 1370 746 Quorsum
1403 680 1548 738 ista?
1569 683 1802 749 Credite,

212 752 758 826 ratres‘et‘domini,
810 752 876 807 ad
932 768 1071 823 quos
1100 754 1204 826 ista
1258 754 1629 824 pervenerint,
1675 755 1804 826 quia

188 839 296 879 non
324 822 644 889 infidelitas,
664 823 761 878 sed
793 822 995 879 maeror
1022 825 1188 879 animi
1224 822 1328 880 hoc
1351 842 1380 881 a
1405 826 1566 881 nobis
1582 822 1802 881 dicendi

189 895 417 950 extorsit
446 894 684 959 initium,
721 900 775 948 et
808 894 964 965 quasi
1010 895 1065 949 in
1112 904 1341 951 mortem
1377 897 1606 952 fecimus
1647 896 1803 952 inve-

190 966 456 1029 ctionem,
490 966 623 1021 licet
649 966 892 1020 sciamus
915 966 1123 1021 exitum
1159 968 1229 1021 de
1263 968 1366 1023 hoc
1396 968 1599 1023 saeculo
1623 968 1803 1037 justo-

196 1054 313 1091 rum
346 1038 401 1091 in
431 1036 727 1107 Scripturis
773 1037 1039 1107 appellari
1082 1053 1353 1093 sommum
1395 1040 1480 1093 vel
1512 1039 1800 1094 dormitio-

190 1124 339 1173 nem,
371 1108 521 1162 unde
553 1107 836 1161 Psalmisla
864 1107 972 1162 ait:
1021 1109 1155 1163 Cum
1183 1110 1391 1164 dederit
1421 1111 1630 1165 dilectis
1688 1112 1803 1166 suis

188 1195 431 1255 somnum
470 1179 633 1255 (Psal.
676 1195 852 1255 cxxvt,
875 1178 949 1245 2).
992 1180 1051 1255 Et
1086 1181 1427 1255 Dorninusiin
1463 1181 1756 1255 Evangelia
1787 1198 1799 1238 :

190 1253 310 1306 Non
337 1256 414 1305 est
443 1254 654 1304 mortua
696 1251 902 1321 puella,
948 1251 1043 1305 sed
1071 1252 1271 1307 dormit
1318 1253 1466 1321 (Luc.
1513 1251 1640 1319 γιιιζ
1685 1252 1798 1317 52).

191 1320 579 1394 Verumtamen
634 1319 807 1394 nobis
836 1321 1110 1394 imperare
1150 1338 1259 1378 non
1308 1319 1617 1394 possumus,
1667 1323 1801 1394 quin

186 1391 499 1457 doleamus,
531 1391 755 1463 quando
778 1392 1039 1447 domuum
1073 1391 1318 1449 Odonern
1350 1391 1799 1449 Cameracensom

192 1463 546 1534 episeOpum,
575 1463 667 1533 qui
699 1479 879 1533 nuper
928 1464 1077 1533 apud
1115 1479 1217 1520 nos
1244 1465 1311 1519 de
1343 1465 1448 1520 hoc
1479 1466 1684 1521 mundo
1719 1481 1805 1520 re-

189 1535 376 1599 cessit,
398 1534 464 1588 ad
493 1540 735 1588 mentem
759 1549 1099 1591 revocamus.
1131 1535 1286 1591 Gravi
1313 1536 1516 1591 etenim
1548 1537 1805 1591 detentus

186 1605 527 1679 valetudine,
558 1604 787 1659 dimisso
826 1606 1167 1679 episcopatu,
1210 1607 1676 1679 Aquicinctumse
1708 1608 1805 1679 de-

192 1675 322 1730 ferri
365 1676 515 1743 iecit,
564 1682 615 1731 et
636 1675 912 1747 quantum
951 1677 1244 1739 Ecclesiam
1270 1675 1558 1745 'nostram,
1594 1678 1649 1732 in
1695 1677 1807 1733 vita

195 1746 507 1814 dilexisset,
543 1747 600 1800 in
624 1745 731 1800 fine
762 1747 1177 1804 demonstravit.
1213 1749 1308 1804 Hic
1324 1750 1453 1804 dum
1479 1749 1807 1805 viveretno-

191 1817 277 1890 bis
304 1818 464 1873 Pater
494 1827 611 1890 erat
636 1818 889 1885 consilio,
914 1826 1091 1874 mater
1121 1820 1348 1890 pietate,
1390 1820 1601 1876 amicus
1628 1820 1801 1875 bene-

192 1887 317 1962 ficio
346 1907 363 1955 ;
405 1905 509 1943 nec
540 1888 739 1962 mirum
773 1890 819 1944 si
853 1887 1185 1962 desiderium
1217 1892 1528 1962 praesentia:
1561 1893 1681 1961 ejus
1702 1907 1797 1946 ne-

190 1960 417 2036 quimus
454 1960 751 2036 sustinere,
776 1960 1009 2036 __quibus
1046 1960 1278 2036 contigit
1338 1960 1624 2036 prazsentis
1666 1962 1803 2036 _vitae

190 2030 449 2104 solatium
476 2030 749 2104 amisisse.
776 2030 1021 2087 Nostram
1051 2030 1281 2104 quippe,
1314 2030 1426 2089 non
1458 2033 1606 2089 illius
1627 2033 1801 2088 vicem

193 2102 470 2176 dolemus,
492 2102 624 2174 quia
653 2104 965 2176 nos_adhuc
995 2102 1388 2176 interlaqueos
1419 2105 1585 2173 hujus
1614 2104 1803 2176 saeculi

192 2172 526 2228 incedentes
543 2189 666 2228 eum
709 2173 775 2228 ad
808 2175 1033 2230 meliora
1071 2172 1314 2231 evasisse
1340 2172 1634 2231 credimus.
1670 2175 1803 2231 Cre-

191 2244 399 2306 dimus,
433 2243 680 2316 inquam,
712 2245 841 2316 quia
866 2262 988 2301 cum
1016 2246 1181 2314 justis
1222 2248 1385 2304 modo
1419 2247 1574 2302 laetus
1599 2247 1805 2301 decan-

191 2322 294 2370 tat:
338 2316 495 2371 Sicut
524 2316 855 2383 audiuimus,
886 2320 966 2371 ita
991 2319 1228 2372 vidimus
1252 2321 1311 2372 in
1346 2320 1564 2373 civitate
1593 2320 1809 2374 Domini

196 2388 353 2454 (Psal.
387 2403 557 2451 xm'tr,
587 2387 683 2459 9),,
718 2397 773 2442 et
815 2404 936 2443 cum
978 2387 1163 2459 Moyse
1220 2389 1522 2444 admiratur
1576 2390 1801 2444 dicens:

198 2460 495 2531 Transiegts
542 2458 730 2514 videbo
780 2461 1041 2514 uisionem
1072 2458 1235 2515 ’hanc
1284 2476 1539 2529 magnam
1602 2460 1800 2531 (Exod.

191 2545 273 2595 tu,
312 2531 388 2600 5).
421 2528 673 2602 Magnam
731 2544 879 2602 nunc
907 2540 1053 2585 certe
1087 2531 1181 2586 Dei
1217 2528 1391 2586 habet
1424 2528 1617 2586 videre
1643 2531 1803 2586 visio-

194 2599 467 2672 nem,;qui
497 2599 801 2672 cumesset
838 2601 893 2655 in
935 2617 1188 2672 corpore,
1230 2617 1340 2658 non
1372 2618 1552 2667 suam,
1596 2602 1693 2656 sed
1744 2602 1804 2656 il-

191 2669 299 2726 lius
336 2669 535 2745 dilexit
559 2671 928 2745 voluntatem.
979 2669 1121 2745 Quis
1155 2683 1333 2745 autem
1377 2674 1618 2745 virtutes
1659 2688 1804 2745 quas

189 2743 520 2866 Possederat
540 2742 708 2816 digne
732 2743 911 2798 valeat
937 2744 1265 2800 enuntiare?
1290 2744 1427 2809 Quid
1459 2742 1710 2816 potiusin
1735 2760 1802 2800 eo

208 2812 458 2866 audare?
489 2813 545 2866 Si
577 2813 917 2866 patientiam.
951 2815 998 2866 si
1037 2815 1455 2866 benignitatem.
1486 2816 1533 2866 si
1583 2815 1801 2866 humili-

208 2812 458 2891 audare?
489 2813 545 2868 Si
577 2812 917 2891 patientiam,
951 2812 1534 2891 s_i_ben_igni_tate_m,'s_i
1583 2815 1801 2891 humili-

187 2892 349 2958 tatem
388 2884 855 2958 ejushpmdices,
893 2884 1417 2958 quidquid'dixeris
1453 2887 1636 2942 minus
1674 2887 1797 2942 erit.

183 2955 327 3029 l_tain
357 2955 928 3029 singulisﬂeminebat,
958 2955 1114 3029 quasi
1148 2966 1374 3013 caeteras
1405 2974 1514 3014 non
1549 2958 1793 3014 haberet.

184 3026 243 3081 Et
278 3027 370 3081 ubi
409 3026 792 3098 quotidianam
825 3028 944 3096 ejus
972 3026 1135 3084 vitam
1162 3030 1302 3084 tritis
1332 3037 1388 3084 et
1413 3030 1799 3085 communibus

186 3098 367 3153 verbis
396 3097 646 3152 breviter
683 3098 1025 3154 edisseram?
1056 3100 1197 3155 Mitis
1247 3109 1364 3155 erat
1393 3099 1579 3166 affatu,
1619 3102 1795 3155 dulcis

190 3168 458 3240 alloquio.
509 3168 652 3223 Nihil
685 3168 834 3224 illius
858 3170 1151 3227 severitate
1189 3171 1391 3235 laztius,
1426 3172 1559 3226 nihil
1609 3172 1796 3227 laetitia

186 3241 459 3313 severius,
500 3240 819 3313 gravitatem
877 3257 1089 3297 morum
1122 3244 1306 3298 vultus
1348 3244 1623 3309 hilaritas;
1657 3243 1797 3298 hila-

185 3311 396 3389 t'jtatcm
448 3311 577 3389 veiro
640 3312 824 3367 vultus
871 3329 1084 3389 morum
1141 3316 1381 3389 gravitas
1418 3314 1795 3389 temperabat.

185 3381 397 3438 Mentiri
429 3382 693 3457 etjurare
713 3392 807 3438 aut
845 3381 1248 3457 nesciebat'aut
1288 3385 1526 3441 nolebat.
1549 3381 1799 3457 Linguas

185 3469 403 3526 quoque
430 3453 774 3508 adulantium
807 3470 903 3510 seu
930 3456 1334 3511 detrahentium
1368 3453 1797 3526 prudenter'ca-

183 3526 359 3592 vebat,
388 3531 770 3599 etutrumque
799 3542 973 3599 genus
990 3526 1271 3599 hominum
1296 3526 1442 3599 velut
1471 3535 1654 3599 pestes
1675 3528 1800 3582 ani-

183 3612 283 3671 ma:
310 3596 504 3671 animo
535 3595 1177 3671 fugiebathontraillas
1207 3595 1646 3667 sepiebat'aures
1672 3614 1800 3671 suas

180 3667 402 3738 spinis,
450 3739 456 3740 γ
500 3667 864 3740 ne:audiret
938 3669 1182 3740 linguam
1270 3685 1508 3740 nequam
1590 3670 1796 3740 (Eccli.

182 3737 517 3810 xitvnt,28).
581 3737 778 3795 Contra
840 3739 977 3795 istos
1023 3737 1308 3810 "scriptum
1363 3737 1490 3794 esse
1547 3739 1793 3796 sciebat:

188 3810 362 3865 Verba
393 3809 739 3866 adulatorum
782 3810 989 3875 mollia,
1048 3809 1255 3866 feriunt
1306 3819 1486 3866 autem
1535 3810 1797 3867 interiora

188 3883 396 3937 ventris
434 3885 620 3953 (Prov.
657 3899 808 3948 xvnt,
840 3883 909 3953 8).
954 3882 1096 3937 Nulli
1128 3883 1331 3937 malum
1366 3897 1465 3953 pro
1498 3881 1640 3937 malo
1669 3883 1793 3936 red-

188 3954 371 4020 debat,
398 3952 486 4007 vel
516 3952 997 4025 maledictum’pro
1031 3954 1326 4009 maledicto
1357 3952 1400 4021 (ι
1431 3956 1568 4008 Petr.
1597 3954 1792 4025 ttt,9);

188 4032 241 4079 et
271 4024 640 4096 quasiagnus
677 4025 826 4096 inter
852 4024 1012 4096 lupos
1061 4026 1260 4096 missus
1299 4040 1541 4096 morsum
1573 4024 1794 4079 malitiae

190 4094 304 4151 non
358 4095 623 4150 habebat.
678 4094 1001 4151 Providebat
1063 4095 1210 4152 bona
1250 4112 1360 4152 non
1389 4095 1565 4151 solum
1615 4110 1797 4151 coram

191 4166 322 4232 Deo,
356 4165 454 4220 sed
494 4166 678 4235 etiam
739 4181 918 4222 coram
980 4168 1294 4222 hominibus
1351 4168 1499 4234 (Rom
1551 4182 1651 4233 xu,
1685 4166 1792 4235 l7),

191 4234 731 4308 utsineioﬂ‘ensione
771 4247 1035 4308 praeesset
1063 4238 1318 4293 Ecclesiae
1350 4254 1510 4308 quam
1548 4234 1795 4308 gerebat.

190 4307 522 4380 Apostolicae
558 4308 724 4362 etiam
776 4307 1047 4363 doctrinae
1090 4310 1281 4380 gratiae
1343 4307 1669 4380 refulgebat,
1721 4317 1796 4375 et,

190 4326 522 4379 nposroncae
558 4326 724 4362 cnam
782 4326 1047 4363 doctrinae
1131 4326 1281 4364 ranae
1343 4326 1669 4380 remtgenat,
1721 4326 1795 4375 et,

189 4385 461 4451 quantum
501 4378 556 4431 in
588 4393 647 4432 se
679 4384 816 4451 erat,
836 4385 963 4451 tam
996 4326 1166 4437 vergo
1198 4379 1604 4451 praedicationis
1632 4395 1795 4451 quam

187 4449 399 4520 optima
446 4463 661 4520 morum
720 4449 1066 4506 institutione
1122 4468 1153 4506 a
1199 4449 1417 4507 ‘szeculo
1482 4449 1777 4506 revocabat

189 4519 338 4575 Inter
378 4519 574 4591 harum
604 4519 841 4591 insignia
866 4521 1125 4576 virtutum
1148 4522 1451 4577 castitatem
1483 4521 1539 4576 in
1579 4537 1646 4577 eo
1669 4521 1791 4576 lau-

187 4592 319 4646 dare
332 4589 678 4661 superﬂuum
699 4589 1016 4662 puto,cujus
1031 4594 1139 4649 vita
1157 4594 1316 4649 etiam
1337 4601 1461 4648 ante
1475 4593 1796 4649 conversio-

191 4679 317 4718 nem
366 4676 467 4745 pro
497 4662 839 4745 continentia
896 4680 1059 4745 quam
1087 4665 1358 4745 __habe_bat
1401 4665 1664 4745 amnibus
1704 4663 1807 4721 fuit

190 4733 472 4806 exemplo,
501 4734 730 4806 etquod
756 4734 817 4806 in
850 4733 1043 4806 primis
1070 4736 1365 4792 dicendum
1397 4734 1528 4801 fuit;
1556 4737 1655 4792 sed
1692 4752 1804 4792 non

191 4803 382 4860 omnia
421 4803 619 4880 dicere
641 4803 870 4860 institui.
925 4807 998 4880 Eo
1057 4823 1277 4880 quoque
1330 4815 1601 4880 tempore,
1639 4808 1693 4862 id
1725 4813 1809 4863 est

192 4886 336 4950 ante
367 4876 814 4950 conversionem,
847 4884 907 4932 ut
930 4878 996 4950 ad
1039 4876 1221 4950 priora
1250 4876 1491 4944 redeam,
1538 4878 1611 4933 ita
1663 4885 1808 4934 totus

195 4946 246 5001 in
276 4947 440 5020 libris
484 4957 603 5020 erat
640 4947 797 5020 quasi
827 4946 1130 5005 nullam—se
1160 4950 1411 5005 crederet
1466 4950 1670 5005 habere
1720 4967 1804 5005 re-

194 5019 403 5092 quiem,
456 5018 562 5092 nisi
601 5018 738 5092 eum
787 5037 952 5091 quem
1012 5021 1066 5075 in
1104 5021 1365 5076 exercitio
1406 5021 1806 5092 Scripturarum

193 5090 517 5164 arripuisset
547 5090 790 5164 laborem
810 5090 974 5164 iErat
1013 5092 1223 5164 quippe
1246 5092 1508 5164 fundatus
1531 5090 1805 5163 gramma-

198 5160 333 5233 lica,
357 5167 586 5216 ornatus
630 5163 926 5233 rhetorica,
959 5160 1203 5218 armatus
1258 5160 1576 5225 dialectica";
1623 5170 1678 5217 et
1721 5164 1807 5217 his

192 5232 423 5305 studiis
454 5233 839 5290 indesinenter
893 5232 1019 5290 eum
1062 5243 1388 5305 occupatum
1443 5234 1609 5288 multa
1649 5234 1805 5305 turba

194 5302 590 5378 discipulorum
628 5306 987 5376 sequebatur,
1046 5307 1139 5378 qui
1195 5302 1683 5378 adﬂtamamtanti
1713 5305 1813 5378 viri

198 5374 445 5450 nudique
506 5374 824 5450 congregati
908 5378 1030 5448 ejus
1064 5374 1379 5450 disciplina
1435 5375 1700 5450 sitiebant
1729 5377 1813 5450 in-

194 5442 442 5510 formari,
512 5442 830 5522 magisterio
887 5442 1116 5506 erudiri.
1179 5442 1274 5522 Hic
1322 5446 1815 5522 forsitantatiquis

198 5524 574 5592 remoraretur
605 5517 669 5573 ct
696 5519 928 5592 diceret
959 5537 1119 5592 quam
1160 5518 1405 5575 ardentis
1454 5517 1615 5573 fuerit
1656 5517 1816 5592 inige-

196 5587 299 5652 nii,
328 5605 493 5663 quam
528 5587 1079 5663 tenacismemorim,
1116 5608 1288 5663 quam
1331 5596 1675 5663 temperatus
1700 5587 1811 5658 jam

201 5664 330 5714 tunc
357 5660 412 5714 in
444 5660 715 5725 moribus,
757 5660 812 5714 in
841 5662 1023 5715 verbis
1047 5660 1285 5725 sobrius,
1326 5661 1382 5715 in
1425 5661 1674 5716 doctrina
1704 5663 1813 5716 sol-

198 5727 398 5805 licitas,
434 5729 490 5785 in
530 5730 1000 5801 disputationibus
1033 5742 1246 5805 cautus,
1282 5734 1336 5787 in
1356 5732 1639 5805 solvendis
1661 5749 1808 5805 quie-

199 5798 475 5876 stionibus
514 5798 1027 5876 promptus;_tanta
1064 5798 1316 5876 denique
1355 5803 1410 5858 in
1456 5798 1816 5876 scholis'ejus

202 5870 384 5940 quies,
400 5870 552 5927 tanta
566 5888 670 5944 pax
684 5870 829 5930 inter
845 5870 1360 5947 discipulos,et'vitae
1374 5874 1701 5945 compositio
1717 5870 1816 5947 per

537 5973 838 6044 PATROL.
889 5974 1087 6041 CLX.

1825 3209 1874 3278 C

1907 557 2112 613 rarum,
2141 540 2304 613 quam
2336 540 2631 612 episcopus
2662 541 2967 613 animarum
2992 540 3376 613 merito"posse
3405 544 3514 601 dici

1904 611 2202 687 videretur.
2223 611 2669 687 Postquamvero
2693 611 2816 687 libri
2840 613 2896 666 Β.
2928 611 3317 687 Αιιειιειίηἶῡθ
3339 614 3516 672 libero

1905 682 2134 756 arbitrio
2176 692 2231 739 et
2268 682 2702 756 verareligione
2741 682 3040 756 in__manus'
3076 684 3196 755 ejus
3227 693 3514 753 venerunt,

1905 755 2085 828 statim
2126 754 2467 828 mutatus‘in
2516 754 2704 809 verum
2770 754 3184 828 alium,_coepit_
3205 756 3361 828 odire
3388 773 3514 828 qua;

1904 824 2189 899 dilexerat,
2213 833 2267 881 et
2294 824 2537 899 diligere
2568 841 2696 899 quae
2719 824 2897 899 ρςὶιιεΔ
2919 824 3129 880 oderat.
3162 824 3290 880 Jesu
3321 824 3468 899 bone
3500 827 3513 881 l

1904 906 2111 967 quanta
2158 895 2835 952 hominis"mutatio!‘Fit
2885 895 2957 967 in,
2995 911 3270 967 pauperes
3320 896 3513 954 Christi

1902 966 2086 1022 rerum
2121 968 2430 1033 distractio,
2477 967 2588 1022 cibi
2619 974 2674 1022 et
2706 975 2870 1038 potus
2912 966 3272 1035 abstinentia,
3332 969 3515 1023 carnis

1904 1040 2221 1110 maceratio,
2262 1046 2318 1094 et
2355 1054 2519 1094 omne
2550 1039 2792 1093 studium
2848 1039 2995 1110 quod
3052 1039 3107 1093 in
3147 1038 3508 1094 saecularibus

1903 1109 2213 1180 disciplinis
2243 1110 2627 1180 insumpserat,
2670 1109 2935 1181 inrveram
2962 1117 3294 1181 convertens
3333 1110 3517 1181 philo-

1903 1179 2155 1250 sophiam
2189 1181 2259 1235 de
2317 1179 2606 1251 discipulis
2636 1180 2818 1236 socios
2868 1179 3016 1244 fecit,
3047 1182 3300 1250 exemplo
3334 1179 3431 1237 sui
3458 1189 3514 1237 et

1903 1251 2152 1324 doctrina
2203 1253 2411 1324 multos
2466 1252 2759 1324 convertit,
2814 1259 2871 1306 et
2922 1252 3273 1324 postmodum
3321 1253 3514 1309 relicto

1905 1322 2037 1395 foris
2080 1323 2281 1395 clerico
2314 1324 2617 1395 monachus
2646 1321 2894 1395 effectus,
2924 1321 3329 1395 monasterium
3364 1325 3513 1395 quod

1903 1393 2109 1448 dicitur
2166 1394 2234 1448 ad
2298 1395 2351 1448 S.
2410 1394 2697 1448 Martinam
2758 1394 2984 1448 Tornaci
3034 1393 3396 1449 construxit.‘
3431 1394 3510 1449 Ab

1905 1464 2167 1537 omnibus
2189 1464 2282 1537 qui
2309 1482 2405 1536 per
2443 1481 2569 1537 eum
2595 1464 2680 1520 vel
2713 1480 2835 1520 cum
2868 1479 2934 1520 eo
2955 1464 3223 1537 mundum
3257 1465 3505 1536 relique.-

1905 1543 2026 1589 rant
2068 1535 2123 1589 in
2153 1535 2415 1607 abbatem,
2445 1535 2686 1607 eligitur,
2742 1542 3114 1607 consecratur.
3170 1536 3333 1607 Multa
3367 1535 3513 1607 pra:-

1904 1613 2080 1678 tereo,
2109 1607 2238 1678 quia
2268 1607 2337 1661 ad
2374 1606 2481 1661 alia
2520 1606 2736 1663 festino.
2789 1606 2938 1662 Tunc
2983 1622 3112 1662 vero
3138 1606 3297 1677 quasi
3325 1606 3510 1663 lumen

1907 1677 1963 1730 in
2004 1677 2230 1758 regione
2255 1679 2347 1733 illa
2376 1678 2556 1732 visum
2587 1686 2671 1758 est
2687 1678 2838 1733 oriri.
2860 1678 3104 1758 t’opulus
3126 1678 3272 1758 enim
3307 1678 3374 1758 ad
3395 1679 3514 1758 ejus

1907 1748 2354 1820 prmdicationem
2384 1748 2826 1804 convertebatur.
2859 1749 3008 1820 Inter
3035 1748 3290 1820 conjugia
3314 1751 3515 1805 utrius-

1830 1841 1881 1910 Β
1908 1836 2017 1945 aut;
2052 1820 2222 1890 partis
2251 1819 2458 1901 ﬁebant
2486 1826 2675 1901 sancta
2717 1818 2972 1901 divortia,
3017 1818 3263 1902 patresga
3304 1820 3430 1875 filiis
3460 1828 3513 1876 et

1951 1892 2007 1944 In
2055 1907 2086 1945 a
2142 1892 2464 1945 parentibus
2508 1891 2692 1945 gladio
2747 1890 2902 1945 verbi
2958 1890 3051 1944 Det
3102 1890 3509 1945 dividebantur.

1951 1890 2007 1944 lii
2055 1907 2086 1945 a
2142 1891 2464 1963 parentibus
2508 1891 2692 1963 gladio
2747 1890 2902 1945 verbi
2958 1890 3051 1944 Dei
3102 1890 3509 1963 dividebantur,

1903 1976 2102 2033 omnes
2132 1961 2274 2017 Sicut
2312 1962 2366 2016 in
2401 1961 2652 2033 tempore
2682 1963 3053 2033 apostolorum
3111 1961 3165 2015 in
3219 1977 3512 2017 commune

1904 2031 2208 2114 atl'erebant
2231 2032 2409 2104 pretia
2425 2031 2614 2114 eorum
2643 2031 3167 2114 quiepossederant,
3184 2033 3421 2114 juvenes
3449 2049 3512 2089 ac

1904 2102 2189 2187 virginesh
2214 2102 2380 2160 senes
2404 2121 2528 2187 eum
2554 2102 2880 2187 junioribus
2934 2103 3180 2184 certatim
3216 2103 3378 2187 hujus
3406 2120 3512 2187 ste-

1905 2174 2016 2229 culi
2052 2174 2323 2247 sarcinam
2376 2175 2861 2247 projiciebant,et
2910 2175 3068 2247 quasi
3114 2174 3228 2247 jam
3282 2176 3352 2229 de
3406 2175 3510 2231 hoc

1904 2246 2113 2302 mundo
2154 2262 2263 2301 non
2304 2245 2494 2301 essent
2528 2246 2659 2301 nudi
2693 2262 2756 2302 ac
2780 2245 2944 2301 leves'
2977 2246 3045 2300 ad
3077 2245 3275 2300 cmlum
3322 2247 3507 2303 volare

1942 2317 2232 2371 estiebant.
2266 2317 2464 2399 Civitas
2487 2333 2677 2374 eorum
2697 2317 2859 2399 quasi
2880 2332 3068 2399 carcer
3101 2316 3182 2399 eis
3199 2332 3321 2371 esse
3354 2318 3510 2399 vide-

1904 2333 2232 2441 gesuenant.
2266 2333 2464 2373 emtas
2487 2333 2677 2374 eorum
2700 2333 2859 2399 quasi
2880 2333 3068 2371 carcer
3101 2333 3321 2371 eisesse
3354 2333 3510 2398 vtae-

1947 2395 2086 2451 atur,
2119 2388 2512 2459 monasterium
2545 2389 2855 2459 paradisus.
2888 2388 3011 2459 Ipse
3039 2394 3221 2443 autem
3251 2387 3512 2443 omnibus

1903 2459 2091 2515 omnia
2136 2457 2332 2526 factus,
2389 2457 2623 2514 infirmis
2687 2457 2938 2514 inﬁrmus
2986 2459 3035 2528 (Ι
3087 2460 3206 2515 Cor.
3268 2475 3345 2526 ix,
3390 2459 3507 2527 22),

1903 2530 2052 2585 sanis
2093 2529 2376 2602 robustus
2403 2530 2721 2602 apparebat,
2779 2540 2834 2586 et
2872 2529 3026 2602 quasi
3079 2529 3325 2602 omnium
3356 2538 3510 2602 pater

1903 2607 2069 2674 esset,
2097 2600 2176 2656 sic
2230 2600 2489 2657 omnium
2523 2618 2601 2674 ex
2631 2602 2815 2657 animo
2857 2600 3045 2674 curam
3081 2600 3507 2674 _ger_ebat.:ileu

1905 2672 2265 2744 humanarum
2312 2688 2494 2727 rerum
2518 2673 2730 2729 incerta
2773 2670 3242 2744 provisiolAIIaatis
3294 2672 3506 2744 princi-

1944 2742 2009 2797 iis
2038 2742 2213 2797 adfuit
2243 2743 2494 2809 tentatio,
2536 2751 2591 2799 et
2631 2742 2818 2805 Satan,
2860 2743 2954 2809 qui
2985 2742 3149 2798 etiam
3187 2743 3331 2797 inter
3363 2742 3507 2797 filios

1944 2760 2009 2797 tts
2038 2760 2213 2797 autut:
2243 2760 2494 2809 tentatio,
2536 2760 2591 2799 et
2631 2760 2818 2805 eatan,
2900 2760 2954 2798 ut
2985 2760 3149 2798 etiam
3187 2760 3331 2797 mter
3363 2760 3504 2797 nuos

1901 2760 1999 2869 Boi
2045 2814 2241 2882 adfuit,
2291 2815 2521 2886 expetiit
2561 2830 2656 2871 eos
2702 2822 2763 2869 ut
2800 2760 3068 2886 (ιι-θυγατρὶ
3094 2813 3236 2869 sicut
3265 2814 3504 2886 triticum

1900 2888 2049 2951 (Luc.
2082 2901 2215 2951 xxu,
2245 2884 2372 2956 31)(
2397 2886 2455 2940 In
2503 2886 2608 2942 hoc
2637 2886 2758 2941 loco
2806 2884 3079 2957 quiescat
3108 2885 3363 2957 scorpius
3417 2902 3507 2940 ar-

1898 2963 2061 3012 cuato
2099 2955 2330 3012 vulnere
2354 2972 2567 3012 venena
2597 2955 2953 3013 detractionis
2995 2955 3310 3020 infundere,
3357 2963 3411 3012 et
3433 2957 3503 3012 ad

1898 3027 2230 3099 calumniam
2281 3029 2412 3084 tanti
2464 3027 2567 3083 viri
2598 3044 2724 3099 non
2801 3027 3023 3099 referat,
3075 3028 3229 3099 quod,
3278 3028 3503 3099 quidam

1898 3098 2128 3153 dimisso
2155 3107 2346 3155 sancto
2386 3098 2668 3169 proposito
2698 3098 2767 3153 ad
2820 3098 3425 3165 saeculum’redierunt,
3457 3100 3503 3154 si

1900 3169 2168 3224 Christum
2193 3186 2303 3225 non
2352 3168 2521 3225 audet
2545 3170 2978 3240 reprehendere,
3005 3168 3152 3240 quod
3175 3169 3331 3224 multi
3389 3171 3505 3225 dis-

1896 3241 2203 3312 cipulorum
2233 3242 2354 3310 ejus
2382 3241 2640 3296 abierunt
2672 3249 2837 3307 retro,
2869 3248 2924 3295 et
2964 3240 3072 3311 jam
3105 3257 3228 3295 cum
3260 3241 3353 3296 illo
3393 3257 3504 3296 non

1897 3312 2254 3367 ambulabant
2280 3314 2456 3383 (Joan.
2485 3329 2559 3379 v1,
2600 3312 2711 3381 67).
2756 3312 2942 3383 Pareat
2972 3312 3356 3383 unusquisque
3399 3312 3507 3367 lin-

1897 3399 2038 3462 gute,
2079 3392 2267 3464 parcat
2290 3382 2494 3464 animas
2531 3400 2669 3464 suae,
2700 3382 3098 3464 nequissimum
3129 3382 3319 3464 vitium
3351 3385 3506 3464 quasi

1898 3455 2256 3510 novissimum
2288 3455 2496 3510 diaboli
2538 3455 2794 3510 laqueum
2837 3455 3043 3509 nitatur
3070 3455 3326 3509 evadere.
3375 3455 3507 3509 Nam

1898 3526 2057 3606 pauci
2091 3533 2349 3606 s_unt,._u.t
2396 3525 2662 3606 etiamde
2707 3525 2985 3606 religiosis
3032 3534 3264 3591 taceam,
3310 3525 3403 3597 qui
3437 3526 3511 3581 ita

1898 3595 2439 3666 irrepreltensibilem
2496 3595 3006 3650 exhibeanhvitam
3057 3612 3256 3666 suam,
3288 3595 3347 3651 ut
3396 3612 3509 3653 non

1898 3665 2139 3721 libenter
2160 3667 2569 3731 reprehendant
2596 3667 2830 3721 alienam
2889 3666 3026 3731 Quid
3045 3666 3213 3721 multa
3238 3665 3267 3719 ?
3306 3675 3508 3723 tantam

1900 3737 2179 3792 lucernam
2213 3736 2455 3808 Christus
2480 3737 2583 3791 sub
2604 3737 2792 3792 modio
2814 3736 2983 3808 latere
3014 3752 3127 3808 non
3160 3737 3386 3808 patitur,
3409 3740 3508 3793 sed

1937 3824 1997 3861 er
2034 3808 2127 3862 Dei
2157 3807 2410 3879 gratiam,
2442 3813 2501 3863 ut
2521 3807 2784 3879 omnibus
2812 3806 2907 3878 qui
2946 3808 2999 3860 in
3033 3806 3198 3879 domo
3231 3808 3352 3879 ejus
3383 3818 3512 3865 sunt

1917 3824 1997 3861 )er
2034 3824 2127 3862 vet
2198 3824 2410 3874 rattam,
2442 3824 2782 3863 utomntnus
2812 3824 2907 3878 qui
2946 3824 2999 3860 tn
3033 3824 3198 3863 domo
3231 3824 3352 3879 ejus
3383 3824 3512 3865 sunt

1917 3886 2107 3933 uceret
2132 3824 2326 3950 (fiam:
2377 3895 2432 3950 v,
2463 3879 2574 3948 15),
2604 3877 2673 3932 ad
2699 3877 3079 3950 episcopatum
3103 3876 3514 3935 Cameracensis

1900 3949 2152 4022 Ecclesia:
2202 3949 2518 4022 assumitur.
2569 3949 2906 4022 Tunc"vero
2960 3957 3187 4022 quanta
3221 3950 3512 4022 qualisque

1896 4021 2006 4075 vita
2033 4021 2153 4091 ejus
2190 4020 2373 4085 fuerit,
2405 4036 2567 4092 quam
2619 4019 2863 4091 pristinaa
2895 4019 3221 4075 humilitatis
3242 4019 3331 4076 vel
3374 4019 3514 4091 pau-

1898 4092 2126 4173 perlatis
2157 4108 2373 4173 memor
2408 4092 2781 4173 permanserit
2833 4098 2914 4173 tot
2943 4092 3301 4173 producimus
3342 4098 3514 4173 testes

1905 4162 2046 4236 quot
2077 4162 2129 4217 in
2158 4163 2376 4236 civitate
2408 4162 2497 4217 illa
2529 4162 2801 4236 habentur
2835 4163 3107 4236 homines.
3134 4162 3354 4236 verum,
3385 4165 3515 4236 quia

1899 4233 2121 4306 longius
2141 4234 2210 4288 ab
2242 4233 2483 4308 incoepto
2515 4234 2746 4308 digressi
2775 4250 2986 4308 sumus,
3008 4234 3120 4302 jam
3143 4234 3209 4288 ad
3245 4233 3510 4308 aegrotum

1899 4304 2143 4377 nostrum
2176 4304 2498 4377 postpositis
2526 4304 2789 4361 omnibus
2824 4305 3139 4377 redeamus,
3181 4313 3254 4369 et,
3297 4304 3386 4377 wne
3411 4323 3510 4377 pro

1901 4376 2066 4452 nobis
2104 4375 2316 4452 moras
2341 4375 2596 4452 patiatur,
2639 4377 2760 4452 ejus
2820 4377 2888 4431 ad
2924 4375 3511 4452 gloriamutransit‘um

1902 4446 2144 4502 breviter
2174 4446 2495 4502 referamus.
2534 4446 2955 4514 Aquicinctunt,’
2973 4447 3114 4503 sicut
3151 4448 3408 4514 diximus,
3452 4465 3515 4504 se

1905 4517 2106 4574 deferri
2126 4517 2279 4590 fecit,
2308 4518 2404 4590 ubi
2435 4517 2697 4574 omnibus
2745 4536 2869 4590 qua:
2916 4519 3221 4574 Christiano
3261 4519 3514 4575 morienti

1904 4588 2242 4662 conveniunt
2279 4589 2382 4662 rite
2423 4590 2677 4662 expletis,
2728 4588 2836 4645 tam
2886 4590 3085 4662 alacer,
3127 4597 3235 4645 tam
3290 4606 3516 4645 securus

1906 4661 2261 4733 novissimam
2293 4660 2830 4733 ltoram'exspectare
2853 4660 3166 4728 videbatur,
3198 4662 3353 4733 quasi
3398 4678 3510 4733 non

1907 4734 2027 4805 ipse
2050 4732 2142 4805 qui
2172 4731 2571 4805 inﬁrmabatur,
2597 4731 2693 4788 Sed
2711 4732 2870 4805 alius
2892 4748 2989 4803 pro
3019 4747 3086 4787 eo
3106 4731 3254 4805 esset
3283 4732 3514 4788 moritu-

1906 4803 2016 4860 rus.
2068 4803 2219 4859 Unde
2250 4803 2472 4875 quidam
2506 4803 2674 4859 frater
2709 4804 2764 4857 in
2786 4811 3066 4875 stuporem
3105 4804 3397 4875 adductus,
3430 4819 3519 4859 rc-

1906 4875 2071 4931 motis
2096 4873 2356 4931 omnibus
2397 4874 2639 4939 arbitris,
2672 4876 2824 4930 solus
2853 4873 2920 4928 ad
2950 4873 3128 4929 solum
3169 4874 3421 4944 accessit,
3464 4880 3519 4930 et

1908 4954 2088 5002 utrum
2124 4946 2340 5018 timeret
2382 4947 2634 5017 apposita
2686 4946 2769 5002 ori
2814 4945 2935 5017 ejus
2955 4945 3200 5018 auricula
3225 4945 3521 5018 diligenter

1909 5017 2281 5089 invostigavit.
2325 5016 2474 5073 Tunc
2506 5018 2618 5077 ille.
2648 5028 2721 5089 ut
2756 5017 2943 5071 verbis
2986 5016 3107 5085 ejus
3137 5016 3353 5088 loquar,
3392 5033 3517 5089 cum

1910 5088 2147 5144 diceret:
2182 5089 2257 5142 Ad
2277 5088 2417 5161 quid
2444 5088 2733 5161 timerem?
2757 5096 2812 5142 et
2842 5089 2933 5143 ille
2964 5098 3273 5159 Opponeret
3297 5089 3346 5143 ei
3380 5088 3522 5161 peri-

1909 5161 2092 5215 culum
2129 5159 2341 5225 mortis,
2369 5167 2425 5214 et
2456 5160 2585 5231 quia
2604 5160 2821 5230 judicia
2855 5162 3064 5214 Domini
3091 5161 3316 5228 abyssus
3346 5159 3522 5215 multa

1909 5233 2074 5301 (Psal.
2103 5248 2263 5296 xxxv,
2293 5232 2370 5302 7),
2392 5240 2445 5285 et
2471 5231 2599 5302 quia
2624 5248 2729 5286 non
2740 5231 3135 5301 jttstiﬁcabitur
3164 5235 3222 5285 in
3239 5238 3521 5303 conspectu

1916 5308 2005 5358 tuo
2030 5305 2202 5358 omnis
2229 5305 2417 5374 vivens
2455 5303 2600 5368 (Psal
2642 5373 2646 5374 ί
2678 5319 2839 5368 εχιιι,
2869 5304 2947 5374 2),
3002 5311 3057 5356 et
3083 5310 3298 5374 caetera
3328 5303 3519 5371 hujus-

1916 5375 2089 5437 modi,
2122 5372 2518 5445 illeapaululum
2553 5373 2809 5435 reticens,
2832 5372 2913 5445 et
2936 5372 3094 5445 quasi
3128 5374 3336 5445 aliquid
3370 5375 3424 5429 in
3462 5389 3523 5429 sc

1915 5445 2069 5516 prius
2099 5443 2414 5516 deliberans
2446 5445 2777 5516 respondit:
2825 5443 3175 5500 Non—timeo.
3213 5443 3525 5501 Admiratus

1916 5515 2097 5571 autem
2123 5515 2290 5570 frater
2310 5515 2592 5589 conticuit.
2620 5526 2674 5571 et
2694 5532 2946 5589 magnam
2980 5533 3106 5572 eum
3139 5516 3342 5589 habere
3371 5515 3523 5569 fidu-

1916 5588 2054 5642 ciam
2090 5587 2381 5657 person-it.
2436 5587 2582 5641 Obiit
2637 5586 3102 5643 terlidKalendas
3153 5588 3281 5643 Julii
3328 5586 3527 5657 beatus

1916 5658 2043 5724 iste,
2094 5656 2339 5712 animam
2391 5658 2632 5713 reddidit
2667 5658 2896 5723 Christo,
2949 5675 3050 5713 nos
3098 5672 3298 5725 corpus
3336 5656 3530 5725 sepul-

1914 5736 2065 5804 tura).
2098 5728 2501 5804 Dmnesigitur
2545 5728 2739 5784 fratres
2784 5737 2839 5783 et
2870 5729 3079 5783 domini
3138 5729 3205 5782 ad
3235 5740 3390 5804 quos
3415 5728 3530 5780 haec

1915 5801 2148 5874 legenda
2197 5796 2513 5874 pcrve'nerit
2541 5814 2781 5874 oramus,
2814 5807 2869 5874 et
2894 5814 2992 5874 vos
3021 5813 3118 5869 pro
3148 5813 3215 5874 _eo
3245 5796 3391 5874 quod
3429 5812 3531 5874 pro

1913 5866 2099 5929 se'r'nos
2128 5866 2321 5929 oravit.
2355 5870 2632 5926 Secretius
2660 5869 2809 5925 enim
2843 5868 2947 5923 loci
2988 5866 3163 5925 nostri
3211 5866 3407 5921 abbate
3432 5866 3439 5867 ⁷
3462 5867 3531 5922 ad

3037 5964 3114 6029 36
