3938 6206
236 344 386 400 1133

1355 335 1574 394 ΙΙΟΜΙῐι.
1619 339 1700 392 DE
1740 329 1996 391 VlLLlCO
2039 338 2452 403 lNlQUlTATlS.

3421 341 3559 400 1134

234 483 432 538 panem
471 463 731 520 mendici.
795 463 1119 534 cunctisque
1177 462 1377 533 quibus
1433 462 1841 516 humiliatarum
1871 462 1925 528 Α
1953 459 2120 514 tionis
2150 461 2492 516 dominatur:
2525 462 2618 532 qui
2659 463 2809 516 solus
2840 480 2964 518 vere
2995 465 3150 519 dives
3188 474 3242 520 et
3272 474 3355 520 est
3385 472 3440 520 et
3472 465 3558 519 in-

230 572 416 611 curam
465 569 587 608 esse
618 559 986 626 cognoscunt,
1029 567 1127 604 sua
1185 550 1328 604 mala
1358 549 1628 614 revelant,
1687 548 1845 619 quasi

229 645 462 700 canibus
493 641 673 696 Lazari
707 639 893 694 ulcera
949 638 1306 710 lingentibus,
1339 645 1394 692 et
1423 637 1491 692 ab
1550 637 1630 691 eis
1661 642 1853 706 petunt

228 736 574 792 orationibus
605 739 658 788 et
687 731 1079 788 satisfactionis
1108 731 1357 786 doctrina
1385 730 1585 799 juvari.

304 828 357 880 4.
437 825 571 890 Quia
665 839 797 898 ergo
873 822 1182 887 Dominus,
1257 823 1517 878 sacerdos
1574 837 1736 876 verus
1796 828 1850 875 et

236 934 503 982 summus,
557 923 874 986 peccatores
939 929 1048 968 non
1104 914 1283 968 solum
1341 929 1439 967 sua
1502 912 1704 977 hostia,
1752 912 1847 965 sed

235 1014 290 1062 et
349 1005 727 1060 conversionis
783 1001 1159 1057 admonitione
1211 1001 1714 1072 satisfactionisque
1753 1001 1852 1055 do-

234 1098 412 1152 ctrina
498 1095 709 1150 salvare
787 1099 1060 1160 venerat,
1133 1093 1412 1148 nominata
1478 1091 1848 1163 poenitentia,

233 1190 380 1244 illius
411 1205 548 1260 quas
603 1187 950 1243 ostendimus
1000 1187 1293 1241 varietates
1335 1195 1389 1240 et
1437 1185 1666 1240 forsitan
1725 1184 1851 1255 plu-

235 1299 324 1337 res
371 1282 506 1336 alias
567 1281 622 1335 in
667 1280 966 1351 praelibatis
1050 1279 1326 1349 parabolis
1399 1278 1696 1332 ostendere
1741 1293 1846 1332 vo-

232 1375 363 1442 luit;
437 1375 492 1427 in
567 1388 676 1444 quo
751 1380 805 1427 et
878 1371 1184 1425 Phariszeos
1261 1370 1582 1442 scribasque
1641 1385 1845 1440 pecca-

230 1479 405 1527 torum
475 1468 814 1524 consortium
886 1475 1212 1538 respuentes
1269 1466 1638 1522 confutabat:
1711 1481 1850 1537 quas

233 1578 358 1617 cum
427 1561 494 1614 ad
579 1562 682 1615 hoc
739 1560 886 1631 quod
965 1559 1035 1613 de
1106 1557 1489 1629 peccatoribus
1570 1556 1846 1627 poeniten-

233 1653 364 1706 tiam
399 1649 693 1723 agentibus
725 1649 780 1702 in
808 1648 949 1703 οώιο
999 1647 1264 1722 gaudium
1306 1645 1426 1701 fieri
1469 1647 1684 1701 dixerat
1714 1646 1849 1700 sub-

228 1745 478 1814 jecisset,
509 1743 631 1798 sine
659 1756 844 1796 errore
884 1741 1100 1795 videtur
1126 1740 1271 1812 quod
1304 1748 1620 1810 peccatores
1650 1739 1848 1807 cujus-

238 1848 346 1904 que
377 1831 600 1905 generis
625 1831 693 1884 ad
723 1828 1126 1900 paenitentiam,
1160 1829 1319 1898 quasi
1349 1828 1428 1882 sic
1477 1844 1573 1882 eos
1605 1827 1851 1897 alloque-

235 1935 404 1993 retur,
435 1926 739 1980 invitasset.
783 1924 1043 1994 Quisquis
1073 1924 1258 1994 itaque
1292 1923 1348 1976 in
1376 1923 1734 1996 longinquam
1763 1939 1848 1976 re-

232 2017 453 2092 gionem
495 2013 961 2070 dissimilitudinis
988 2031 1018 2067 a
1046 2012 1296 2067 Creatorc
1326 2013 1606 2067 luxuriose
1662 2020 1714 2066 et
1749 2028 1841 2064 se-

232 2109 472 2166 cundum
506 2107 720 2160 libitum
763 2105 998 2160 vivendo
1034 2104 1334 2169 recessisti,
1379 2105 1444 2158 ad
1503 2103 1849 2175 paenitentiae

232 2199 635 2256 correctionem
653 2198 708 2251 in
737 2205 788 2251 te
801 2195 1069 2251 rediendo
1085 2211 1154 2250 ne
1185 2206 1404 2267 torpeas
1431 2211 1678 2250 remeare
1694 2194 1851 2265 quasi

236 2294 306 2349 de
335 2292 498 2348 venia
530 2291 889 2361 desperatus;
951 2289 1046 2344 sed
1081 2290 1301 2344 attende
1343 2287 1490 2358 quod
1540 2286 1707 2354 filius,
1761 2287 1853 2358 qui

233 2384 550 2457 portionem
578 2398 734 2438 suam
765 2381 1103 2446 substantiae,
1146 2397 1308 2451 quam
1345 2388 1499 2450 pater
1530 2379 1850 2446 tradiderat,

239 2482 660 2547 consumpserat
701 2491 826 2530 cum
851 2471 1259 2540 meretricibus,
1293 2473 1515 2526 tandem
1567 2471 1635 2524 ad
1668 2488 1726 2526 se
1773 2487 1855 2525 re-

237 2566 421 2632 diens,
448 2572 772 2636 patremque
800 2578 923 2618 cum
956 2561 1212 2632 lacrymis
1259 2567 1473 2631 petens,
1508 2569 1563 2614 et
1600 2575 1709 2615 non
1734 2560 1850 2627 jam

237 2668 300 2716 ut
339 2658 507 2728 ﬁlius,
537 2658 637 2713 sed
664 2663 724 2712 ut
753 2671 945 2712 servus
975 2655 1179 2725 suscipi
1213 2654 1517 2725 postulans,
1551 2662 1610 2707 ut
1632 2653 1847 2707 charis-

233 2753 408 2808 simus
438 2750 607 2818 ﬁlius,
665 2755 721 2804 et
758 2747 956 2804 festive
1001 2746 1070 2800 sit
1109 2752 1403 2815 susceptus
1431 2746 1580 2812 (Luc.
1613 2761 1702 2812 xv,
1741 2744 1846 2809 12).

229 2846 308 2900 Tu
341 2858 587 2916 quoque,
619 2856 784 2913 quem
843 2839 1025 2910 turpia
1052 2844 1401 2908 peccatorum
1447 2836 1629 2891 ulcera
1676 2835 1851 2889 mani-

227 2937 485 3007 festaque
524 2934 839 3002 deturpant,
866 2930 934 2984 ad
967 2929 1352 3000 poenitentiam
1380 2928 1596 3001 fugiens
1621 2944 1690 2982 ne
1713 2944 1848 2982 cun-

230 3031 398 3088 cteris
428 3027 704 3083 humiliari
729 3045 745 3092 ;
777 3025 876 3081 sed
903 3041 934 3079 a
973 3025 1291 3080 custoribus
1319 3025 1624 3079 animarum
1659 3031 1849 3094 postu-

232 3124 286 3178 la
325 3131 398 3187 te,
428 3119 663 3191 supplex
703 3117 879 3172 factus
914 3122 968 3171 et
1000 3116 1242 3185 humilis,
1276 3116 1538 3187 precibus
1581 3125 1634 3170 et
1661 3132 1848 3170 emen-

235 3213 482 3270 dationis
511 3209 885 3267 insinuatione
905 3210 1105 3279 juvari,
1139 3218 1191 3265 et
1218 3209 1286 3265 ab
1320 3209 1407 3264 his
1437 3209 1530 3281 qui
1562 3209 1848 3280 sapientes

233 3307 291 3362 in
333 3303 628 3375 Scripturis
664 3303 921 3357 videntur
957 3302 1225 3356 instanter
1251 3307 1378 3372 Opta
1414 3301 1567 3367 (licet
1594 3301 1848 3372 plerique

228 3401 456 3468 januam
489 3395 762 3451 sermonis
815 3393 1152 3463 obcludant),
1196 3393 1596 3463 Scripturarum
1652 3409 1848 3449 conso-

233 3486 442 3542 latione
473 3482 804 3546 confortari;
860 3480 1120 3552 quoniam
1161 3481 1206 3534 si
1241 3481 1341 3534 hoc
1370 3481 1585 3546 feceris,
1621 3482 1728 3536 illis
1755 3483 1848 3554 qui

232 3586 288 3634 te
347 3575 646 3647 Scripturis
689 3572 998 3629 eonfortare
1047 3579 1431 3639 contemnunt,
1483 3572 1684 3628 inferni
1739 3581 1851 3629 tor-

234 3670 440 3726 mentis
458 3666 843 3740 pereuntibus,
875 3671 930 3720 tu
957 3664 1202 3735 requiem
1234 3663 1288 3718 in
1318 3664 1442 3719 sinu
1465 3665 1694 3720 Abrahae
1717 3682 1852 3721 con-

233 3759 503 3831 sequeris.
538 3757 766 3810 Lazarus
795 3754 965 3819 enim,
1001 3753 1094 3825 qui
1123 3754 1316 3822 jacens
1356 3754 1423 3808 ad
1459 3754 1682 3821 januam
1712 3755 1854 3810 divi-

237 3849 308 3904 tis
333 3861 577 3918 purpura
609 3844 882 3914 byssoque
913 3841 1160 3912 coeperti
1193 3841 1392 3911 plenus
1431 3841 1730 3908 ulceribus,
1765 3857 1854 3896 re-

237 3931 327 3987 fici
360 3932 518 3987 micis
550 3933 618 3985 de
656 3947 849 3986 mensa
890 3929 1237 3996 cadentibus,
1282 3945 1406 3984 curn
1449 3929 1632 3984 nullus
1671 3931 1722 3984 ei
1763 3931 1856 3985 da-

234 4027 343 4087 ret,
375 4020 656 4091 cupiebat,
697 4019 853 4074 sinus
890 4019 1120 4073 Abrahae
1163 4018 1509 4093 refrigerium
1543 4025 1626 4074 est
1656 4035 1854 4075 consc-

234 4117 424 4174 cutus,
454 4125 578 4164 cum
611 4109 766 4164 dives
794 4107 886 4162 ille
932 4108 1027 4178 qui
1061 4123 1265 4163 mensa:
1295 4124 1409 4162 suae
1440 4109 1611 4163 micas
1649 4109 1699 4163 ei
1741 4125 1851 4164 non

240 4201 494 4269 dederat,
518 4199 807 4255 tormentis
833 4199 1196 4254 infernalibus
1225 4201 1294 4254 sit
1325 4200 1672 4271 mancipatus
1703 4203 1851 4272 (Luc.

239 4311 353 4361 xvr,
379 4293 490 4362 20).
531 4292 639 4346 Sed
670 4297 725 4346 et
761 4297 840 4358 tu,
894 4291 1145 4363 quisquis
1193 4292 1328 4345 mihi
1375 4291 1651 4355 subderis,
1693 4301 1747 4348 et
1798 4294 1852 4346 in

239 4383 493 4458 pluribus
516 4381 890 4452 obtemperes,
933 4389 988 4437 et
1019 4382 1144 4437 ideo
1183 4398 1411 4437 securus
1441 4382 1496 4436 in
1541 4383 1728 4438 multis
1756 4401 1855 4456 per

1952 551 2244 622 telligitur;
2297 553 2426 624 quia
2465 553 2718 624 quisquis
2767 554 2908 608 alius
2941 555 3092 610 dives
3146 557 3409 623 creditur,
3451 557 3557 611 nisi

1950 640 2019 693 ab
2041 640 2161 709 ipso
2201 642 2348 712 quod
2380 642 2534 696 dives
2573 649 2656 697 est
2685 642 2867 713 capiat
2903 645 3239 700 zeternaliter
3268 646 3561 715 possiden-

1951 732 2102 798 dum,
2133 733 2246 786 suis
2275 733 2481 788 divitiis
2513 751 2723 804 pauper
2752 735 3050 790 invenitur.
3092 737 3167 790 Ad
3193 737 3341 807 quod
3370 745 3560 792 osten-

1951 821 2193 876 dendum
2227 823 2383 894 plura
2414 824 2600 879 dicere
2632 826 3000 880 necessarium
3032 841 3140 880 non
3160 826 3396 891 videtur,
3430 842 3562 897 quo-

1953 916 2098 970 niam
2132 917 2260 972 huic
2291 918 2593 973 intellectui
2641 920 2826 974 nullus
2855 920 2947 990 qui
3003 921 3189 975 credat
3229 921 3559 992 refragatur.

1953 1009 2086 1070 Sed,
2110 1011 2368 1080 quoniam
2389 1011 2515 1082 quis
2535 1027 2633 1081 per
2653 1011 2893 1066 villicum
2919 1013 3117 1067 debeat
3143 1012 3398 1086 intelligi,
3424 1028 3563 1066 non-

1952 1105 2080 1158 dum
2114 1105 2427 1160 invenimus
2456 1106 2525 1160 ab
2580 1107 2766 1178 aliquo
2811 1106 3154 1162 sufficienter
3193 1109 3562 1178 exploratum,

1951 1198 2246 1274 diligenter
2275 1210 2355 1255 est
2389 1217 2490 1272 per
2521 1201 2694 1272 ipsius
2738 1202 2816 1257 rei
2852 1202 3272 1258 similitudinem
3315 1203 3564 1258 rationa-

1951 1295 2242 1366 biliterque
2274 1295 2742 1370 investigandum.

2021 1387 2055 1441 6
2107 1386 2330 1442 Villicus
2369 1403 2610 1459 namque
2640 1403 2844 1442 nomen
2887 1396 2970 1444 est
2997 1405 3028 1442 a
3064 1389 3191 1443 villa
3221 1389 3306 1443 vel
3335 1405 3564 1460 compo-

1951 1477 2117 1531 situm
2156 1477 2242 1532 vel
2275 1479 2602 1543 derivatum,
2635 1487 2690 1534 et
2717 1476 2991 1552 significat
3021 1477 3244 1548 preprie
3263 1477 3566 1548 quemlibet

1951 1566 2019 1620 ad
2058 1567 2285 1622 colonos
2313 1567 2454 1622 villae
2497 1567 2915 1632 custodiendos,
2956 1567 3025 1622 ad
3056 1567 3308 1621 redditus
3365 1581 3557 1621 eorum

1953 1657 2255 1729 exigendos
2283 1664 2335 1712 et
2366 1659 2431 1712 ad
2464 1659 2900 1728 compescendos
2931 1673 3050 1724 eos,
3085 1673 3154 1710 ne
3187 1656 3414 1710 domino
3462 1655 3563 1709 de—

1883 1747 2124 1843 Bbitnm
2179 1747 2462 1843 servitium
2514 1747 2836 1802 subtrahant
2866 1744 3412 1843 deputatummUnde

1956 1851 2243 1904 possemus
2268 1836 2452 1890 divitis
2480 1837 2662 1905 hujus,
2698 1836 2912 1891 Domini
2944 1835 3116 1890 nostri
3145 1833 3380 1897 scilicet,
3413 1831 3564 1885 villi-

1953 1943 2074 1982 cum
2095 1944 2450 2002 cognoscere,
2489 1929 2532 1982 si
2562 1929 2746 1983 villam
2775 1942 3244 2003 cognosceremus
3269 1931 3322 1979 et
3343 1924 3568 1979 colonos

1952 2033 2091 2087 quos
2115 2034 2234 2072 eam
2267 2017 2548 2073 constituit
2575 2017 2872 2073 custodire.
2909 2015 3014 2070 Sed
3048 2015 3234 2069 ethoc
3267 2012 3425 2068 facile
3467 2028 3567 2082 po-

1951 2111 2078 2164 terit
2107 2112 2388 2186 cognosci,
2441 2111 2485 2164 si
2545 2111 2687 2165 villas
2740 2109 3136 2181 proprietatem
3191 2105 3569 2161 curaverimus

1953 2200 2248 2272 diligenter
2277 2200 2571 2271 speculari.

2025 2291 2075 2345 7.
2113 2291 2246 2344 Villa
2287 2306 2524 2361 namque
2572 2290 2775 2344 dicitur
2823 2289 3056 2361 agrestis
3087 2290 3327 2345 hominis
3353 2291 3566 2346 habita-

1955 2381 2051 2445 tio,
2097 2397 2207 2436 non
2238 2381 2305 2435 ad
2347 2381 2602 2436 decorem
2658 2388 2712 2435 et
2765 2380 3190 2435 delectationem
3243 2381 3562 2448 constituta,

1953 2468 2052 2523 sed
2095 2468 2161 2522 ad
2188 2469 2454 2523 culturam
2485 2475 2754 2522 terrarum
2784 2469 3170 2537 exercendam,
3205 2479 3263 2524 ut
3289 2469 3562 2524 fructuum

1955 2561 2094 2617 ferat
2121 2563 2408 2618 utilitatem
2441 2563 2730 2634 adaptata:
2789 2580 2911 2634 quae
2969 2563 3014 2617 si
3063 2564 3291 2619 colonos
3330 2564 3564 2619 solertes

1950 2652 2195 2719 sortitur,
2227 2660 2287 2706 ut
2329 2653 2382 2706 in
2414 2669 2477 2707 ea
2508 2653 2656 2723 quod
2687 2653 2855 2707 debet
2883 2669 3004 2707 esse
3030 2653 3301 2720 videatur,
3347 2669 3433 2708 res
3480 2660 3566 2707 est

1953 2757 2072 2812 quae
2125 2756 2226 2795 suo
2269 2741 2572 2812 possessori
2621 2756 2730 2796 non
2777 2757 2967 2810 parum
3023 2757 3166 2808 cara,
3211 2741 3354 2795 sicut
3404 2741 3564 2796 valde

1952 2832 2102 2886 utilis
2128 2832 2382 2887 habetur.
2429 2832 2640 2903 Quippe
2690 2833 2757 2886 de
2796 2833 2956 2888 bonis
2981 2849 3106 2904 quae
3138 2832 3349 2903 colligit
3377 2850 3440 2887 ex
3471 2849 3558 2899 ea,

1953 2925 2009 2978 in
2039 2941 2252 2980 amoena
2288 2925 2524 2980 civitatis
2552 2925 2895 2980 habitatione
2924 2925 3208 2996 gloriatur.
3234 2925 3287 2978 Si
3314 2940 3444 2979 vero
3468 2940 3565 2979 co-

1951 3017 2109 3073 lonos
2140 3018 2364 3072 inutiles
2383 3017 2659 3086 habuerit,
2684 3033 2850 3087 parvo
2875 3027 3122 3088 tempore
3151 3024 3382 3085 vastata,
3406 3016 3564 3071 vitae-

1951 3122 2059 3178 que
2103 3106 2429 3162 necessariis
2474 3121 2689 3173 carens,
2733 3107 3012 3176 possessio
3051 3106 3195 3172 vilis,
3231 3113 3283 3161 et
3313 3104 3549 3160 ferarum

1952 3202 2214 3257 habitatio
2253 3203 2540 3273 apparebit
2609 3203 2735 3266 Quae.
2774 3201 2819 3256 si
2850 3201 3127 3256 similibus
3165 3201 3566 3256 convenienter

1951 3304 2222 3366 aptamus,
2278 3296 2410 3367 quid
2470 3313 2568 3366 per
2616 3295 2799 3350 villam
2851 3295 3054 3350 rectius
3106 3311 3268 3365 quam
3317 3303 3559 3348 nostram

1954 3386 2313 3456 temporalem
2355 3386 2516 3441 vitam
2544 3385 2823 3458 designari
2842 3383 3230 3456 reperiemus?
3256 3383 3393 3448 Quid
3415 3384 3562 3438 enim

1955 3482 2037 3528 est
2064 3474 2182 3529 haec
2213 3474 2265 3526 in
2298 3491 2404 3544 qua
2453 3474 2832 3544 temporaliter
2867 3474 3065 3527 vivitur
3112 3473 3242 3539 vita,
3273 3473 3377 3526 nisi
3409 3488 3564 3544 quae-

1953 3565 2077 3618 dam
2107 3565 2405 3636 agrestiset
2436 3564 2732 3628 laboriosa,
2754 3564 3208 3630 nulliusdecoris,
3235 3564 3441 3618 nullius
3463 3564 3561 3618 de-

1954 3655 2264 3710 lectationis
2295 3655 2584 3721 habitatio,
2614 3655 2776 3728 longe
2801 3671 2832 3707 a
2858 3671 3001 3708 verae
3024 3653 3308 3709 felicitatis
3339 3655 3564 3709 civitate

1955 3755 2162 3802 remota
2185 3747 2212 3800 ‘?
2242 3748 2302 3800 In
2353 3763 2478 3818 qua,
2522 3747 2649 3800 dum
2682 3762 2780 3816 per
2808 3747 3056 3815 corporis
3087 3745 3333 3799 membra
3372 3746 3563 3799 Domi-

1955 3852 2026 3890 no
2085 3836 2378 3906 placituras
2435 3834 2680 3890 actiones
2763 3849 3018 3888 exercere
3066 3833 3375 3903 studemus,
3435 3833 3564 3887 dum

1955 3938 2140 3984 mente
2171 3930 2347 3984 bonos
2372 3928 2643 4000 cegitatus
2672 3927 2942 3993 fovemus,
2992 3933 3046 3980 et
3089 3925 3358 3997 quidquid
3397 3933 3570 3981 terre-

1956 4039 2084 4077 num
2133 4030 2240 4086 est,
2283 4037 2404 4076 esse
2435 4021 2729 4085 caducum,
2763 4029 2817 4073 et
2847 4019 2976 4073 dum
3038 4018 3270 4072 habetur
3295 4027 3349 4074 et
3377 4018 3433 4072 in
3467 4035 3566 4073 usu

1956 4131 2067 4171 non
2093 4122 2194 4180 est,
2227 4114 2456 4181 inutile;
2480 4129 2602 4168 cum
2637 4122 2816 4168 autem
2849 4112 2905 4164 in
2938 4128 3040 4166 usu
3072 4126 3197 4165 esse
3219 4111 3472 4181 coeperit,
3501 4111 3574 4165 la-

1958 4207 2068 4262 bile
2095 4215 2148 4261 et
2175 4206 2298 4261 ideo
2316 4205 2784 4260 contemnendum
2824 4219 3117 4259 censemus
3148 4221 3161 4267 ;
3195 4219 3364 4272 super
3393 4203 3566 4258 cccle-

1954 4296 2055 4350 stia
2085 4310 2306 4366 quoque
2338 4293 2618 4348 manentia
2645 4298 2700 4348 et
2722 4308 2956 4359 amwna,
3007 4307 3245 4362 cumque
3285 4291 3402 4346 suis
3430 4305 3564 4360 pos-

1953 4383 2262 4439 sessoribus
2299 4399 2520 4453 semper
2573 4382 2626 4435 in
2661 4397 2762 4436 usu
2787 4380 3198 4450 jucundissimo
3233 4381 3365 4444 sint,
3419 4395 3566 4433 nun-

241 4477 640 4556 negligentiam
673 4477 952 4533 desideria
1003 4485 1095 4533 tua
1143 4480 1428 4550 sequendo
1460 4480 1760 4551 delinquis,
1805 4488 1859 4535 et
1887 4459 1941 4527 D
1961 4491 2124 4546 quam
2156 4471 2516 4538 transeuntia,
2543 4481 2598 4526 et
2644 4471 2851 4526 idcirco
2879 4469 3192 4540 appetenda
3219 4469 3524 4542 cogitamus
3556 4486 3568 4522 :

239 4569 371 4642 quia
397 4575 448 4623 te
475 4566 800 4638 delinquere
830 4581 939 4622 non
970 4567 1227 4634 attendis,
1256 4575 1314 4622 ut
1345 4567 1587 4641 corrigas
1620 4583 1722 4622 nec
1752 4567 1861 4622 dif-

242 4660 460 4717 ficulter
485 4657 754 4724 ostendis,
795 4673 919 4713 cum
955 4675 1054 4729 per
1083 4659 1387 4730 quamlibet
1418 4659 1857 4728 increpationem

245 4760 462 4808 tuarum
491 4747 949 4823 negligentiarum
1005 4749 1148 4803 mala
1175 4749 1521 4822 cognoveris,
1580 4749 1649 4803 de
1698 4749 1860 4804 venia

246 4858 319 4896 ne
340 4840 637 4910 desperes;
663 4852 768 4892 nec
788 4853 950 4908 quam
978 4837 1032 4891 in
1059 4843 1111 4892 te
1141 4837 1489 4892 severitatem
1514 4837 1860 4908 poenitentiae

247 4947 493 5004 nequeas
517 4945 777 4986 exercere
810 4930 878 4984 ad
910 4930 1319 4985 excusationem
1369 4930 1712 5000 praetendas;
1763 4930 1860 4985 sed

245 5019 485 5094 qualiter
539 5017 830 5074 Dominum
889 5027 1040 5073 tuum
1100 5017 1315 5088 placare
1359 5019 1564 5085 valeas,
1627 5035 1690 5073 ex
1763 5020 1865 5074 hac

246 5122 412 5179 quam
445 5104 543 5159 tibi
572 5121 735 5161 narro
764 5105 1026 5176 parabola
1059 5106 1339 5177 perpende
1370 5106 1639 5162 sollicitus
1677 5115 1734 5162 ut
1767 5108 1864 5163 de-

247 5198 583 5271 prehendas.

321 5294 374 5349 5.
405 5297 542 5349 Erat
578 5297 718 5349 enim
756 5295 908 5350 homo
937 5295 1164 5366 quidam
1185 5294 1354 5359 dives,
1388 5296 1486 5364 qui
1522 5295 1751 5350 habebat
1769 5297 1868 5351 vil-

248 5389 436 5454 licum,
470 5394 524 5441 et
550 5394 770 5442 cmtera.
805 5387 977 5443 Homo
1009 5388 1164 5443 dives
1194 5386 1320 5452 iste,
1353 5386 1422 5440 de
1461 5401 1570 5457 quo
1606 5386 1869 5442 Dominus

245 5479 365 5535 suis
405 5478 697 5549 discipulis
727 5479 1041 5550 parabolam
1075 5478 1353 5550 proponit,
1401 5477 1584 5532 nullus
1623 5480 1868 5534 rationa-

251 5571 420 5627 bilius
450 5569 799 5644 intelligitur,
831 5587 995 5642 quam
1029 5571 1174 5626 idem
1209 5570 1353 5641 ipse,
1399 5571 1491 5642 qui
1548 5571 1674 5626 licet
1705 5573 1868 5628 homo

249 5679 460 5735 pauper
490 5663 635 5717 inter
663 5661 918 5717 homines
967 5670 1407 5745 conversaretur,
1462 5663 1518 5718 in
1563 5680 1629 5721 eo
1685 5673 1867 5721 tamen

249 5758 398 5831 quod
419 5757 564 5814 Deus
594 5761 699 5824 est,
732 5756 994 5814 omnibus
1025 5773 1370 5830 quaecunque
1397 5766 1526 5816 sunt
1547 5759 1673 5830 jure
1703 5777 1866 5818 crea-

1962 4588 2066 4626 nec
2095 4586 2207 4627 non
2233 4584 2356 4624 cum
2385 4569 2453 4623 ad
2481 4567 2750 4622 Creatoris
2778 4566 2950 4621 nostri
2973 4565 3190 4619 laudem
3223 4579 3573 4637 cognoscen-

1962 4660 2086 4714 dam
2131 4657 2446 4729 spccialiter
2483 4655 2874 4722 inStstenduin,
2912 4661 2971 4708 ut
3009 4656 3058 4708 ei
3087 4653 3207 4707 sine
3249 4667 3436 4707 errore
3488 4651 3570 4707 fa-

1962 4751 2156 4807 mulari
2183 4750 2442 4816 sciamus,
2467 4747 2890 4812 ratiocinamur;
2933 4745 3064 4818 quid
3087 4745 3234 4799 aliud
3268 4760 3430 4816 quam
3462 4752 3574 4800 ter-

1965 4861 2077 4898 ram
2132 4843 2200 4898 ad
2245 4848 2428 4916 gratos
2465 4840 2673 4896 fructus
2731 4845 2918 4895 nostro
2964 4837 3272 4909 possessori
3312 4836 3575 4892 ferendos

1963 4935 2213 4991 excolere
2240 4933 2556 4988 laboramus
2575 4931 2602 4984 ‘P

2036 5029 2089 5085 8.
2133 5029 2188 5083 Si
2222 5028 2390 5101 igitur
2416 5028 2547 5082 villa
2575 5034 2761 5082 nostra
2790 5025 2901 5080 vita
2943 5023 3264 5094 temporalis
3313 5023 3581 5098 intelligi-

1966 5127 2074 5184 tur,
2111 5119 2245 5192 quid
2273 5135 2372 5189 per
2401 5117 2646 5183 colonos,
2673 5115 2778 5170 nisi
2803 5114 2926 5169 duae
2957 5113 3158 5168 mentis
3190 5113 3452 5183 potentia
3478 5114 3580 5167 de—

1966 5209 2300 5288 signantur?
2341 5226 2570 5282 quarum
2630 5224 2739 5262 una
2783 5206 3030 5278 corporis
3083 5212 3232 5260 artus
3287 5210 3472 5259 movet
3512 5206 3580 5259 ad

1968 5302 2115 5374 quod
2136 5301 2374 5356 voluerit
2399 5297 2774 5369 operandum;
2809 5303 2863 5350 et
2891 5295 3063 5349 altera
3093 5310 3151 5348 se
3181 5295 3357 5364 ipsam
3383 5293 3576 5347 multi-

1969 5393 2188 5464 pliciter
2241 5390 2602 5447 circumducit
2648 5389 2716 5442 ad
2758 5386 3132 5442 meditandum
3165 5393 3219 5440 et
3276 5384 3577 5455 speculan-

1971 5485 2120 5540 dum.
2155 5483 2282 5539 Cum
2312 5498 2442 5552 ergo
2462 5483 2548 5536 ιπε
2581 5481 2702 5534 dua:
2733 5479 2975 5534 animum
3007 5478 3062 5531 in
3094 5476 3433 5539 meditando,
3459 5489 3583 5527 cor-

1971 5589 2073 5644 pus
2116 5573 2172 5626 in
2211 5571 2491 5642 operando
2521 5569 2671 5640 quod
2701 5567 2931 5622 Domino
2966 5567 3178 5636 placeat
3211 5561 3579 5624 exercuerim,

1971 5663 2103 5736 quid
2136 5662 2339 5734 poterit
2386 5664 2443 5715 in
2501 5659 2899 5731 temporalibus
2963 5658 3195 5712 Domino
3252 5651 3454 5707 mentis
3482 5663 3585 5718 po-

1972 5756 2156 5816 tentiae
2181 5755 2292 5811 vita
2330 5760 2518 5810 nostra
2546 5752 2753 5825 gratius
2779 5747 3056 5805 inveniri?
3079 5747 3141 5801 Et
3181 5758 3307 5798 vere
3345 5755 3469 5794 cum
3503 5736 3584 5790 sic
