3938 6206
1615 319 1669 373 S.
1713 315 1949 373 ODONIS
1988 312 2227 370 CAMER.
2270 311 2477 369 EPISC.
3579 307 3743 367 1136

392 330 531 385 1135

392 465 659 522 excolitur
710 468 862 538 grata
918 459 1037 517 ﬁeri
1091 457 1323 516 Domino
1361 455 1677 531 cogitatur;
1734 450 1996 527 quoniam
2021 451 2077 520 Α
2104 447 2407 503 meditandi
2447 445 2554 502 sibi
2582 445 2878 515 subjectas,
2907 458 3136 516 prorsus
3165 459 3197 499 a
3226 457 3329 499 suo
3375 458 3504 499 esse
3531 442 3745 500 detur-

391 561 521 609 tunc
547 554 603 607 in
642 532 741 616 ea:
759 550 901 606 sicut
926 557 1113 606 monet
1157 546 1450 620 Apostolus
1481 545 1623 615 ipse,
1687 559 1787 613 per
1815 540 2001 597 omnia
2103 535 2293 592 baret:
2327 534 2474 607 quod
2516 535 2725 605 justum
2780 548 2924 600 esse,
2952 532 3049 605 qui
3087 547 3200 588 non
3244 538 3395 588 caret
3430 532 3739 588 intellectu

390 643 728 718 gloriﬁcatur
756 642 799 713 (1
840 644 958 698 Cor.
988 659 1038 710 x,
1082 641 1188 709 31).
1236 640 1290 694 Si
1322 653 1451 693 vero
1506 636 1574 691 ad
1604 634 1847 691 carnalia
1895 634 1997 688 de-
2102 637 2283 701 potest
2326 629 2638 695 advertere,
2695 627 2743 682 si
2804 626 3000 683 merita
3057 642 3243 682 rerum
3289 626 3533 683 voluerit
3571 627 3741 698 justa

390 737 594 793 sideria
623 745 676 790 et
704 732 1037 806 temporales
1064 732 1268 807 glorias
1310 728 1566 785 dederint
1591 743 1833 794 manum,
1866 724 1998 797 quid
2101 726 2258 779 lance
2294 723 2623 795 ponderare.
2658 722 2789 778 Cum
2848 721 2996 778 enim
3035 721 3313 794 praedictis
3352 721 3541 789 bonis,
3566 721 3739 791 juxta

390 831 496 887 erit
521 830 633 886 vita
658 835 863 895 nostra,
897 827 1002 882 nisi
1026 843 1111 882 res
1141 825 1401 882 omnibus
1430 822 1595 879 bonis
1609 836 1779 877 vacua
1810 825 1864 875 et
1890 819 1996 874 de-

391 925 535 975 serta
565 926 619 975 ct
646 919 915 975 habitatio
943 916 1381 974 daemoniorum?

461 1014 513 1069 9.
548 1014 623 1067 Nc
651 1029 782 1086 ergo
810 1030 869 1067 se
896 1019 1123 1082 possent
1153 1011 1259 1065 illae
1290 1008 1491 1064 mentis
1518 1008 1802 1080 potentim,
1842 1007 1898 1061 id
1919 1012 2003 1061 est

390 1103 535 1157 vires
556 1102 820 1172 Operandi
851 1107 904 1155 et
931 1100 1237 1155 meditandi
1260 1100 1329 1152 ad
1347 1104 1539 1153 nutum
1562 1114 1719 1153 suum
1758 1111 1863 1168 quo
1883 1096 2002 1150 vel-

394 1198 506 1250 lent
535 1195 838 1261 inﬂectere,
879 1192 1221 1264 praefeciteis
1252 1192 1515 1247 Dominus
1553 1190 1843 1257 rationem,
1877 1205 1998 1261 qua;

390 1289 637 1364 singulos
658 1295 838 1343 motus
858 1303 1045 1342 earum
1077 1287 1305 1341 deberet
1334 1286 1668 1351 examinare,
1701 1283 1998 1349 etvellent,

390 1382 622 1447 nollent,
656 1381 724 1434 ab
758 1380 843 1434 his
880 1397 1002 1451 quae
1034 1380 1267 1435 Domino
1308 1378 1647 1450 displicitura
1678 1377 1897 1431 fuerant
1934 1375 2002 1429 ad

389 1472 658 1543 placitura
679 1485 957 1525 revocare.
1004 1469 1159 1532 Quod
1201 1469 1315 1541 qui,
1348 1468 1493 1523 sicut
1524 1473 1607 1523 est
1635 1482 1826 1521 verum
1880 1480 2002 1519 esse

391 1566 675 1630 discernit,
697 1566 809 1635 jam
851 1564 1094 1619 villicum
1135 1579 1300 1635 quem
1328 1562 1716 1635 quierebamus
1745 1561 1865 1615 sine
1906 1559 2003 1613 du-

389 1653 655 1708 bitatione
686 1652 990 1727 cegnoscit.
1026 1654 1146 1721 Ipsa
1186 1652 1333 1706 enim
1372 1651 1512 1706 ratio
1554 1649 1723 1705 villici
1765 1649 1913 1705 vices
1945 1647 2002 1700 in

2102 819 2206 873 hoc
2237 818 2386 889 quod
2426 834 2493 873 ea
2540 815 2787 888 suscepit
2831 831 2863 871 a
2891 815 3147 883 Domino,
3192 831 3303 871 non
3335 815 3532 879 utitur,
3587 814 3736 887 quid

2102 910 2252 965 aliud
2280 926 2442 981 quam
2476 910 2523 964 si
2552 925 2618 964 ea
2666 908 2886 980 penitus
2925 908 3324 982 exstingueret,
3367 906 3594 979 Operari
3645 906 3733 961 vi-

2103 1003 2307 1057 detur?
2346 1001 2474 1057 Cum
2531 1016 2659 1057 vero
2700 1001 2844 1056 vires
2886 1000 3087 1055 mentis
3125 1016 3263 1071 quas
3292 999 3532 1055 diximus
3563 1014 3738 1054 coar-

2102 1100 2232 1159 ctat,
2284 1100 2342 1147 ut
2384 1102 2676 1162 cperantes
2726 1092 2873 1163 quod
2920 1092 3132 1162 justum
3187 1097 3271 1145 est
3313 1090 3550 1145 Domino
3605 1105 3733 1143 ser-

2099 1187 2270 1252 viant,
2292 1201 2403 1242 non
2452 1184 2641 1252 efficit,
2673 1191 2733 1239 ut
2762 1200 2863 1240 suo
2906 1183 3144 1239 Creatori
3176 1183 3529 1238 inhonestius
3585 1181 3731 1247 sint,

2099 1292 2262 1349 quam
2302 1275 2346 1329 si
2376 1274 2594 1345 penitus
2619 1288 2730 1327 non
2747 1273 3003 1327 existant.

2174 1369 2261 1423 11.
2291 1366 2398 1421 Sed
2427 1366 2558 1437 quia
2589 1364 3142 1420 misericordissimus
3172 1363 3420 1420 Salvator
3470 1363 3591 1419 vult
3642 1362 3734 1417 in-

2104 1462 2287 1518 dicare
2316 1461 2506 1516 multis
2546 1460 2737 1516 talium
2781 1475 2840 1514 se
2891 1476 2991 1529 per
3019 1457 3451 1515 satisfactionem
3492 1457 3732 1529 placari,

2103 1559 2160 1606 ut
2198 1550 2520 1607 ostenderet
2549 1549 2808 1621 qualiter,
2839 1548 3123 1603 subdidit:
3181 1551 3252 1603 Et
3304 1550 3515 1603 vocavit
3538 1548 3730 1615 illum,

2103 1651 2151 1702 et
2180 1649 2259 1700 ait
2289 1646 2395 1700 illi.
2429 1643 2657 1709 Quando
2687 1642 2889 1714 aliquis
2912 1641 3095 1697 vocari
3126 1640 3351 1708 dicitur,
3392 1655 3505 1696 non
3539 1656 3643 1712 per
3671 1656 3734 1694 se

389 1742 551 1797 nobis
590 1741 931 1813 exsequitur,
992 1756 1113 1795 eum
1144 1740 1290 1794 vires
1343 1739 1486 1806 illas,
1531 1755 1654 1809 qua:
1687 1752 1887 1807 corpus
1931 1734 1998 1789 ad
2028 1734 2315 1832 Bvenire,
2356 1732 2452 1788 sed
2499 1739 2559 1787 ut
2590 1730 2777 1787 veniat
2835 1729 3053 1785 invitari
3096 1729 3525 1796 demonstratur,
3557 1744 3732 1785 mon-

390 1834 757 1904 operandum,
790 1840 845 1887 et
868 1832 1105 1886 animam
1135 1831 1202 1886 ad
1223 1830 1602 1886 meditandum
1628 1834 1998 1890 commovent,

392 1941 421 1978 ει
456 1925 603 1980 vitiis
635 1923 1035 1989 revocat,etad
1066 1923 1295 1977 virtutes
1340 1923 1674 1977 exhortatur.
1712 1918 1887 1973 Villici
1919 1918 2003 1972 vi-

392 2032 483 2069 ces
513 2015 848 2086 exsequitur,
904 2030 1027 2069 cum
1079 2029 1172 2068 eas
1216 2019 1372 2067 caute
1404 2011 1664 2077 custodit,
1716 2026 1786 2065 ne
1838 2008 2003 2064 mali-

390 2120 619 2179 gnorum
652 2104 946 2174 spirituum
980 2102 1377 2158 tentationibus
1422 2101 1720 2172 aliquando
1745 2099 2004 2171 frangan-

392 2204 498 2251 tur.
534 2197 687 2252 Tunc
719 2196 882 2251 etiam
924 2196 1107 2249 locum
1128 2195 1293 2249 villici
1326 2199 1476 2249 tenet
1502 2200 1555 2248 et
1585 2192 1771 2248 officio
1815 2191 2003 2264 fungi-

393 2299 500 2358 tur,
526 2292 845 2363 cumiipsas
885 2291 1039 2363 quasi
1068 2291 1340 2346 violenter
1392 2291 1626 2362 impellit
1662 2291 1731 2345 ad
1789 2306 1854 2345 ea
1883 2304 2004 2360 quae

386 2380 535 2452 justa
572 2393 718 2447 sunt,
748 2379 1126 2436 licethumilia
1166 2380 1541 2453 despectaque
1571 2378 1879 2435 videantur.
1917 2378 2005 2433 Sic

392 2478 536 2532 enim
566 2476 714 2550 cogit
734 2492 827 2531 eas
846 2475 1103 2542 Domino,
1122 2474 1274 2547 quod
1298 2475 1550 2539 deberet,
1574 2473 1855 2529 servitium
1876 2474 2004 2529 red-

392 2573 546 2636 dere,
580 2573 728 2645 quod
783 2588 896 2628 suae
925 2572 1223 2643 voluptatis
1260 2570 1577 2643 appetentia
1633 2586 1733 2641 per
1782 2586 1842 2625 se
1891 2585 2002 2625 non

389 2669 709 2719 vererentur
728 2661 963 2718 auferre.
1000 2661 1129 2716 Cum
1170 2661 1303 2732 ipsis
1332 2662 1474 2716 male
1503 2660 1844 2715 blandiendo
1872 2675 2007 2715 con-

390 2753 578 2820 sentit,
607 2758 662 2808 et
686 2751 755 2807 ad
773 2751 924 2823 quod
953 2752 1179 2825 exigunt
1209 2751 1448 2820 adjuvat,
1480 2751 1625 2806 bona
1653 2748 2007 2805 discretionis

389 2850 444 2898 et
473 2841 758 2913 potestatis
786 2858 952 2913 quam
981 2841 1251 2898 Dominus
1289 2841 1338 2895 ei
1372 2840 1687 2905 tradiderat,
1712 2839 1867 2911 quasi
1907 2838 2007 2894 ab-

385 2930 526 2999 jicit,
566 2930 816 3002 dissipat,
855 2938 911 2986 et
966 2930 1291 2996 conculcet;
1346 2930 1494 3001 quod
1550 2929 1783 2985 Domino
1835 2929 2005 2984 nullis

389 3028 569 3094 potest
593 3022 858 3078 occultari
897 3023 1182 3090 versutiis;
1217 3022 1503 3094 quoniam,
1545 3022 1689 3077 sicut
1734 3022 1809 3077 ait
1859 3022 2005 3092 Apo-

2103 1836 2303 1885 stratur
2325 1829 2491 1884 etiam
2522 1832 2766 1882 remotus
2794 1841 2826 1880 a
2883 1831 3139 1893 vocante,
3188 1824 3479 1881 vocatione
3511 1824 3638 1896 ipsa
3669 1831 3732 1880 ut

2104 1925 2386 1997 proximus
2435 1921 2531 1978 fiat
2558 1930 2844 1992 operante.
2895 1921 3035 1986 Quid
3083 1920 3266 1992 itaque
3305 1921 3363 1976 in
3407 1921 3734 1987 vocatione,

2103 2034 2212 2090 qua
2246 2017 2461 2073 villicus
2492 2016 2698 2071 dicitur
2727 2014 2908 2071 vocari
2954 2030 2985 2069 a
3033 2013 3283 2081 domino,
3331 2014 3482 2069 aliud
3519 2012 3737 2069 intelli-

2103 2111 2271 2187 gitur,
2304 2109 2410 2165 nisi
2439 2108 2588 2181 quod
2620 2108 2728 2164 vim
2764 2107 2993 2163 rationis
3025 2122 3136 2163 non
3166 2112 3503 2163 exercentes
3532 2123 3640 2179 per
3671 2123 3735 2162 se

2105 2208 2174 2262 ad
2204 2207 2289 2263 sui
2316 2206 2520 2263 erroris
2547 2205 2925 2279 cognitionem
2958 2219 3069 2260 non
3093 2210 3521 2273 convertuntur;
3545 2204 3735 2277 quod-

2104 2316 2210 2372 que
2250 2298 2479 2355 rationis
2507 2297 2849 2373 negligentia
2904 2296 3094 2368 plures
3133 2312 3165 2350 a
3217 2296 3450 2352 Domino
3480 2303 3734 2368 separat,

2103 2408 2243 2464 quos
2270 2392 2338 2447 ad
2388 2406 2446 2446 se
2478 2390 2664 2445 redire
2696 2388 2964 2445 Dominus
3002 2388 3444 2446 misericorditer
3467 2389 3737 2445 exhorta-

2101 2484 2230 2540 tur?
2279 2483 2449 2547 Quam
2509 2480 2946 2538 exhortationem
3000 2480 3164 2537 etiam
3197 2480 3370 2537 voluit
3422 2481 3543 2552 ipse
3604 2481 3733 2551 pius

2103 2575 2351 2631 Salvator
2373 2573 2707 2646 patefacere,
2748 2573 2942 2629 dicens
2999 2571 3287 2628 dominum
3336 2571 3524 2628 villico
3565 2572 3736 2627 dixis-

2104 2688 2198 2727 se:
2227 2671 2369 2738 Quid
2397 2671 2492 2725 hoc
2517 2669 2684 2725 audio
2715 2667 2780 2724 de
2809 2671 2859 2723 te
2877 2665 2906 2720 ?
2934 2667 3116 2725 Redde
3138 2668 3405 2723 rationem
3433 2667 3734 2722 villicatio-

2105 2762 2192 2815 nis
2214 2764 2339 2814 tuae.

2178 2852 2264 2906 12.
2298 2850 2624 2922 Quicunque
2654 2848 2943 2904 Dominum
2969 2847 3274 2923 diligimus,
3312 2852 3369 2903 et
3406 2862 3533 2903 cum
3569 2847 3734 2904 nobis

2109 2943 2377 3016 placatum
2429 2941 2679 2997 invenire
2718 2939 3132 3005 desideramus,
3179 2939 3297 2994 haec
3355 2938 3527 2995 verba
3554 2937 3733 3011 ipsius

2108 3036 2408 3109 diligenter
2424 3034 2793 3100 attendamus,
2826 3032 3107 3088 intellecta
3136 3030 3452 3106 diligamus,
3484 3038 3548 3087 et
3591 3032 3733 3090 dile-

390 3113 585 3181 stolus,
606 3117 722 3184 ipse
747 3114 1009 3168 discretor
1036 3118 1116 3169 cst
1144 3116 1531 3181 cogitationum
1553 3118 1601 3169 et
1648 3116 2005 3169 intentionum
2029 3139 2079 3209 Ο
2105 3136 2190 3186 cla
2219 3136 2503 3184 [encamus
2564 3127 2701 3182 sum
2727 3124 2877 3181 enim
2922 3124 3091 3180 verba
3134 3123 3399 3195 potentis,
3443 3124 3605 3193 cujus
3640 3123 3729 3177 ίη.

392 3208 590 3273 cordis,
634 3222 725 3261 nec
772 3211 851 3261 est
878 3207 995 3261 ulla
1031 3210 1286 3261 creatura
1324 3206 1439 3260 alia
1466 3209 1525 3260 in
1573 3209 1852 3275 conspectu
1888 3206 2005 3275 ejus

392 3298 689 3352 invisibilis
719 3298 903 3366 (Hebr.
938 3314 1007 3363 IV,
1044 3297 1161 3361 12):
1194 3297 1262 3351 ad
1304 3297 1453 3367 quod
1483 3296 1840 3351 indicandum
1881 3296 2008 3351 sub-

394 3386 525 3455 iecit
563 3385 856 3441 Dominus:
897 3389 967 3441 Et
994 3386 1314 3455 diffamatus
1340 3386 1416 3440 ad
1443 3385 1594 3456 apud
1636 3388 1817 3456 ipsum
1847 3390 2009 3455 quasi

394 3478 716 3547 dissipasset
767 3478 906 3533 bona
932 3494 1050 3533 sua.
1108 3479 1225 3533 Non
1256 3478 1403 3533 enim
1458 3477 1514 3532 in
1547 3478 1650 3534 hoc
1688 3478 1838 3534 aliud
1870 3480 2006 3534 mihi

393 3568 611 3624 videtur
647 3567 855 3635 dicere,
879 3570 985 3624 nisi
1016 3585 1076 3625 se
1107 3585 1217 3625 non
1259 3585 1446 3641 posse,
1480 3571 1627 3643 quod
1670 3570 2011 3627 malefeeerit

395 3657 487 3712 ille
516 3656 754 3726 villicus,
786 3659 1061 3732 ignorare.
1093 3660 1151 3713 In
1181 3660 1285 3716 hoc
1323 3660 1469 3715 enim
1510 3660 1657 3733 quod
1680 3660 1879 3732 aliquis
1908 3659 2011 3715 dif-

396 3746 653 3817 famatur,
684 3748 915 3817 crimen,
964 3749 1113 3820 quod
1145 3748 1375 3806 fortasse
1402 3750 1675 3807 occultum
1710 3767 1831 3806 esse
1858 3752 2010 3806 vole-

396 3841 855 3913 batpublicatur;
889 3844 1037 3899 unde
1069 3860 1181 3900 non
1227 3844 1446 3900 videtur
1475 3844 1625 3900 aliud
1667 3860 1788 3901 esse
1837 3845 2006 3901 villici

396 3934 697 3991 dilfamatio
727 3936 832 3990 nisi
864 3937 1330 4012 negligentiarum
1376 3939 1608 3996 rationis
1650 3948 1705 3995 et
1737 3939 2007 3995 malorum

397 4040 772 4080 consensuum
800 4025 1092 4081 manifesta
1120 4027 1336 4083 Domini
1370 4030 1633 4101 cognitio.

472 4118 555 4174 10.
586 4118 693 4173 Sed
722 4119 855 4189 quid
882 4120 998 4174 vult
1028 4120 1276 4176 indicare
1304 4122 1451 4193 quod
1490 4122 1628 4180 dixit
1655 4124 1817 4193 quasi
1845 4123 2014 4179 dissi-

392 4216 595 4282 passet,
626 4212 1007 4267 similitudinis
1036 4212 1400 4288 significativa
1438 4231 1595 4281 voce,
1628 4221 1683 4271 et
1723 4232 1834 4272 non
1866 4218 2015 4288 quod

400 4301 726 4372 dissipasset
753 4300 1008 4358 absolute
1029 4302 1058 4356 ‘P
1083 4304 1189 4358 Sed
1220 4304 1289 4371 si,
1318 4304 1399 4359 rei
1421 4311 1672 4360 naturam
1703 4305 2014 4377 inspicien-

400 4403 504 4464 tcs,
547 4397 963 4454 consideramus
1021 4398 1171 4470 quod
1201 4400 1339 4455 ratio
1386 4400 1778 4458 discretionem
1829 4407 1884 4457 et
1915 4417 2015 4473 po-

2104 3220 2294 3276 stituta
2322 3218 2628 3294 transgredi
2662 3233 2772 3274 non
2803 3217 2876 3272 sit
2898 3222 3105 3282 tutum;
3134 3215 3569 3272 commotionem
3603 3230 3724 3271 cum

2105 3308 2375 3385 gravitate
2417 3306 2747 3378 prementia,
2778 3305 2878 3361 sed
2927 3311 3109 3361 tamen
3164 3319 3289 3359 cum
3345 3302 3729 3358 misericordia

2106 3406 2562 3471 transgressorem
2616 3395 2683 3451 ad
2717 3393 3170 3450 emendationem
3199 3391 3479 3457 vocantia,
3513 3397 3571 3445 et
3619 3406 3728 3446 non

2107 3486 2471 3543 differendam
2511 3500 2631 3541 esse
2680 3483 3079 3540 correctionem
3128 3480 3537 3537 rationabiliter
3580 3479 3729 3534 indi-

2107 3582 2307 3640 cantia.
2340 3581 2473 3636 Nam
2496 3579 2733 3635 dicendo
2764 3579 2898 3649 quid
2921 3578 3017 3634 hoc
3058 3577 3226 3633 audio
3256 3576 3322 3631 de
3361 3575 3452 3630 te?
3480 3590 3541 3630 se
3572 3574 3731 3646 quasi

2108 3671 2294 3727 mirari
2324 3670 2581 3743 designat
2621 3667 2771 3740 quod
2816 3673 3011 3738 peccat
3064 3666 3119 3720 in
3151 3680 3277 3720 eum
3332 3662 3518 3718 ﬁdelis
3572 3662 3728 3723 ratio,

2109 3779 2222 3820 non
2261 3770 2423 3819 utens
2443 3762 2527 3818 vel
2555 3760 2791 3816 abutens
2820 3759 3092 3815 bonorom
3125 3757 3302 3829 ipsius
3324 3755 3602 3831 largitate.
3637 3755 3723 3810 Est

2112 3851 2257 3907 enim
2293 3850 2400 3905 tale
2442 3848 2593 3921 quod
2630 3847 2817 3903 villico
2866 3846 3070 3901 dicitur
3108 3844 3195 3900 his
3224 3843 3497 3900 brevibus
3524 3842 3727 3908 verbis,

2110 3943 2272 4016 quale
2292 3942 2338 3998 si
2366 3940 2567 3997 rationi
2589 3939 2877 3995 diceretur
2897 3938 3004 3995 hoc
3033 3936 3182 4010 quod
3218 3935 3481 3991 subditur
3509 3934 3731 3991 vocibus

2114 4035 2183 4090 ad
2213 4032 2633 4108 intelligentiam
2667 4030 3048 4102 multiplicatis
3071 4047 3099 4087 ν
3141 4029 3253 4103 Ego
3313 4026 3585 4084 Dominus
3614 4043 3730 4084 om-

2114 4123 2289 4192 nium,
2342 4127 2559 4178 creator
2610 4121 3018 4187 universorum,
3059 4116 3486 4190 potentissimus
3538 4126 3726 4188 poten.

2116 4218 2253 4279 tum,
2306 4210 2815 4267 sutﬁcientissimus
2873 4207 3271 4276 sufﬁcientum,
3313 4206 3407 4279 qui
3429 4212 3553 4262 extr
3580 4224 3613 4262 a
3646 4223 3727 4261 me

2117 4301 2326 4356 nullius
2363 4314 2526 4374 egeo,
2554 4299 2672 4355 sola
2702 4298 2986 4355 voluntate
3015 4296 3158 4353 facio
3185 4311 3541 4369 quzecunque
3587 4294 3725 4360 volo,

2116 4411 2241 4451 cum
2283 4402 2336 4451 te
2363 4410 2476 4451 non
2499 4410 2743 4467 egerem,
2775 4393 2895 4449 sola
2929 4391 3183 4448 bonitate
3211 4406 3334 4447 mea
3357 4398 3411 4447 te
3470 4390 3727 4456 feceram,

400 4487 630 4543 tentiam
679 4488 826 4544 vires
856 4488 978 4543 illas
1010 4490 1212 4544 mentis
1268 4490 1338 4545 ad
1367 4491 1583 4547 Domini
1622 4492 1849 4565 gloriam
1880 4463 2092 4549 con-D
2117 4500 2255 4540 mea?
2279 4463 2927 4559 imaginisvvimpl'eSSione
2956 4480 3091 4537 boni
3110 4486 3167 4534 et
3194 4479 3324 4535 mali
3346 4480 3727 4537 discretionem

400 4577 651 4634 vertendi
702 4593 986 4650 nunquam
1035 4593 1147 4634 non
1186 4578 1379 4645 habet;
1413 4581 1547 4652 quid
1587 4597 1686 4653 per
1722 4584 1883 4652 quasi
1928 4582 2022 4638 de-

403 4677 713 4727 monstrare
750 4670 1015 4727 Dominus
1042 4670 1300 4738 voluerit,
1341 4673 1635 4730 manifeste
1684 4675 1819 4731 satis
1845 4691 2018 4747 appa-

403 4765 507 4814 ret.
533 4758 750 4815 Certum
780 4766 861 4815 est
889 4760 1061 4828 enim,
1094 4777 1198 4817 nec
1226 4761 1331 4816 ulli‘
1371 4762 1683 4818 rationabili
1714 4763 2021 4820 dubitabile

403 4848 795 4904 discretionem
822 4849 955 4905 boni
1004 4856 1059 4905 et
1086 4850 1238 4918 mali,
1284 4858 1339 4907 et
1393 4858 1717 4922 potestatem
1751 4871 1862 4926 qua
1886 4854 2024 4910 viri-

404 4936 510 4990 bus
539 4939 738 4992 mentis
766 4940 1099 5009 supradictis
1128 4939 1441 4997 dominatur
1484 4942 1642 5010 ratio,
1687 4943 2024 5017 easdemque

405 5025 553 5080 vires
583 5034 638 5081 et
668 5026 793 5082 ﬁdei
824 5028 1077 5102 gratiam,
1130 5029 1276 5086 bona
1318 5030 1536 5087 Domini
1566 5033 1661 5089 Dei
1708 5050 1821 5090 non
1854 5051 2023 5105 parva

404 5132 511 5171 nec
532 5118 976 5190 contemptibilia
1029 5136 1173 5176 esse.
1206 5122 1262 5176 Si
1293 5139 1426 5196 ergo
1466 5125 1583 5181 haec
1612 5127 1800 5182 omnia
1836 5133 2025 5198 posset

404 5209 694 5264 destruere
724 5208 863 5264 ratio
885 5217 941 5265 et
967 5210 1296 5280 destrueret,
1325 5220 1530 5285 quanta
1550 5214 1905 5272 damnatione
1934 5217 2024 5272 di-

404 5312 576 5374 gnum
606 5297 662 5352 in
686 5297 944 5355 factorem
976 5301 1195 5368 horum,
1224 5308 1279 5358 et
1308 5303 1554 5360 datorem
1581 5306 1790 5362 crimen
1822 5323 2022 5378 perpe-

405 5385 690 5443 traretur?
718 5388 891 5444 Tanta
915 5406 1046 5464 ergo
1087 5392 1440 5450 damnatione
1472 5395 1638 5471 digna
1670 5413 1770 5468 per
1805 5401 1968 5468 quasi
1991 5416 2023 5455 a

403 5475 640 5533 Domino
669 5484 1005 5534 monstratur
1050 5482 1332 5556 cognosci,
1381 5483 1512 5556 quia
1541 5484 1701 5540 bonis
1728 5501 1760 5541 a
1788 5485 2021 5544 Domino

403 5564 510 5622 sibi
567 5565 848 5622 concessis
885 5583 997 5624 non
1061 5571 1252 5639 utitur,
1295 5589 1398 5630 nec
1462 5574 1744 5646 praedictis
1807 5576 2019 5634 viribus

404 5656 609 5712 mentis
637 5654 952 5711 dominatur
982 5664 1046 5713 ut
1073 5665 1324 5729 Oportet:
1364 5668 1629 5733 quantam
1669 5664 1870 5719 mereri
1920 5666 2017 5737 ju-

407 5747 705 5815 dicaretur,
733 5744 781 5798 si
809 5744 915 5799 sibi
953 5748 1153 5805 tradita
1179 5749 1347 5818 bona,
1380 5762 1436 5808 et
1482 5754 1629 5811 vires
1661 5757 1930 5826 Operandi
1960 5765 2015 5815 et

2124 4577 2486 4643 inserueram,
2527 4575 2830 4647 potentiam
2863 4572 3174 4630 refrenandi
3215 4579 3399 4629 motus
3418 4587 3619 4629 omnes
3644 4588 3733 4628 vo-

2121 4671 2346 4728 luntatis
2376 4670 2873 4736 tribueram,,verae
2912 4666 3043 4722 ﬁdei
3081 4664 3312 4741 gratiam
3351 4666 3592 4738 speique
3630 4681 3734 4722 coe-

2122 4761 2284 4817 lestia
2337 4757 2718 4832 consequendi
2782 4755 3220 4813 consolationem
3262 4754 3635 4822 contuleram,
3686 4761 3734 4809 et

2126 4852 2417 4925 praeceptis
2457 4851 2595 4907 meis
2627 4858 2683 4906 et
2712 4848 3000 4920 exemplis,
3059 4847 3412 4920 adjuveram;
3472 4853 3529 4902 et
3572 4855 3627 4903 tu
3658 4847 3734 4902 his

2125 4944 2388 5002 omnibus
2436 4943 2592 5016 quasi
2635 4940 2991 5012 contemptis,
3022 4939 3275 5013 sequeris
3321 4945 3507 4994 motus
3545 4954 3736 4995 concu-

2126 5033 2415 5106 piscentiae
2445 5030 2789 5104 temporalis.
2823 5029 2972 5097 Quid
2989 5030 3088 5084 hoc
3107 5029 3276 5085 audio
3304 5028 3370 5082 de
3395 5032 3445 5083 te
3461 5026 3492 5071 ν
3515 5028 3736 5083 Immen-

2125 5125 2259 5182 sitas
2289 5125 2554 5197 potentia:
2596 5138 2733 5178 mea:
2793 5120 2880 5177 vel
2919 5120 3185 5177 severitas
3232 5118 3465 5189 justitiae
3497 5118 3599 5174 tibi
3639 5118 3733 5173 mei

2124 5232 2237 5272 non
2271 5215 2571 5271 attulerunt
2614 5212 2901 5268 timorem:
2959 5208 3183 5266 collatio
3235 5214 3313 5264 tot
3368 5213 3426 5263 et
3470 5215 3732 5265 tantorum

2123 5306 2542 5373 beneficiorum,
2571 5303 2841 5376 patientia
2880 5308 2936 5358 et
2964 5300 3333 5356 mansuetudo
3379 5299 3480 5355 tibi
3520 5300 3629 5355 mei
3657 5298 3733 5352 di-

2121 5413 2291 5473 gnum
2330 5412 2443 5453 non
2480 5395 2835 5452 contulerunt
2872 5407 3135 5450 amorem.
3170 5389 3315 5458 Quid
3336 5390 3435 5445 hoc
3484 5390 3651 5445 audio
3675 5387 3731 5443 de

2122 5486 2213 5543 te?
2251 5486 2379 5542 Tam
2432 5484 2558 5542 vilis
2598 5500 2697 5557 per
2737 5492 2811 5551 te,
2854 5488 2963 5539 tam
3004 5480 3211 5536 nullius
3249 5478 3543 5535 utilitatis:
3584 5492 3730 5551 quam

2120 5586 2327 5636 tantam
2369 5577 2628 5645 feceram,
2681 5591 2845 5647 quam
2887 5574 2980 5631 hic
3015 5572 3481 5629 sublimaveram:
3539 5567 3731 5645 grande

2117 5671 2321 5727 malum
2366 5666 2717 5742 perpetrasti,
2766 5665 3034 5740 grandem
3073 5678 3299 5734 prunam
3358 5660 3460 5716 tibi
3508 5658 3729 5732 parasti:

2116 5772 2301 5822 tamen
2339 5759 2473 5837 quia
2500 5754 2817 5813 misericors
2858 5769 2972 5811 non
3001 5765 3123 5809 esse
3154 5765 3264 5808 non
3291 5762 3555 5827 possum,
3585 5747 3731 5804 redde
