3938 6206
251 295 388 351 1137

317 524 404 581 13.
443 525 735 582 Rationem
765 528 945 582 reddit
975 529 1229 600 quisquis
1253 528 1331 583 illi
1359 547 1390 584 a
1420 544 1529 602 quo
1557 528 1858 600 impeditur

248 613 639 684 respondendo
668 615 812 670 sicut
842 624 1080 687 oportet,
1112 618 1290 672 donec
1304 618 1453 688 juste
1483 619 1750 690 quiescat,
1769 634 1857 674 sa-

245 702 468 759 tisfacit.
512 704 829 760 Secundum
861 706 1000 762 hanc
1037 706 1271 761 formam
1305 717 1491 763 monet
1521 708 1856 783 benignissi-

247 813 372 852 mus
403 797 668 866 Salvator,
703 807 764 854 ut
794 798 845 854 ei
879 800 1149 855 rationem
1190 800 1510 868 reddamus,
1550 801 1762 856 scilicet
1800 807 1858 855 ut

246 886 317 941 ad
345 902 410 942 ea
440 903 564 959 qua:
593 903 851 958 peccasse
883 904 994 945 non
1021 889 1288 961 increpat,
1321 889 1429 944 sibi
1454 905 1554 962 per
1584 890 1860 961 poeniten-

249 978 382 1033 tiam
410 985 464 1034 et
495 979 933 1036 humiliationem
966 982 1164 1036 mentis
1192 989 1246 1038 et
1273 981 1669 1038 misericordiae
1693 996 1863 1052 Opera

247 1081 305 1127 et
354 1073 636 1129 orationes
662 1075 1052 1146 respondendo
1093 1075 1527 1142 satisfaciamus;
1569 1092 1673 1130 nec
1702 1075 1863 1130 diffe-

247 1178 432 1217 ramus
462 1164 592 1235 quia
622 1165 994 1236 pr0pinquum
1038 1173 1124 1221 est
1164 1174 1224 1220 ut
1264 1181 1376 1221 non
1420 1166 1695 1236 possimus
1733 1166 1858 1220 red-

244 1253 398 1308 dere.
433 1254 574 1310 Mors
603 1256 749 1311 enim
775 1255 1027 1312 imminet
1056 1258 1206 1313 omni
1235 1258 1394 1326 hora,
1417 1274 1540 1330 quae
1565 1259 1666 1313 hoc
1687 1256 1857 1314 efﬁcit

244 1352 306 1400 ut
343 1354 470 1416 post
499 1361 619 1400 eam
651 1345 788 1399 nihil
833 1346 901 1400 ad
933 1354 1125 1401 nutum
1156 1353 1402 1422 nostrum
1448 1349 1726 1403 valeamus
1753 1348 1854 1402 im-

243 1442 493 1490 mutare:
518 1435 666 1506 quod
701 1435 864 1490 nobis
917 1435 1180 1492 indicavit
1224 1437 1347 1508 pius
1377 1438 1570 1493 doctor
1595 1454 1716 1492 cum
1758 1438 1855 1492 ad-

244 1522 417 1578 didit:
450 1526 572 1578 Jam
609 1526 748 1578 enim
798 1539 906 1578 non
953 1528 1155 1595 poteris
1201 1527 1464 1581 viilicare.
1507 1527 1652 1580 Nihil
1707 1526 1854 1581 enim

244 1618 370 1682 post
397 1618 631 1667 mortem
663 1611 886 1682 prodest
916 1613 1146 1682 perditis
1170 1614 1262 1684 jus
1292 1614 1541 1680 rationis,
1585 1615 1714 1686 quia
1746 1631 1855 1671 non

242 1706 390 1761 valet
419 1705 662 1781 eﬂugere
695 1722 889 1778 poenas
930 1707 1138 1763 meritae
1165 1708 1554 1765 damnationis.
1597 1710 1706 1765 lloc
1746 1727 1854 1765 no-

243 1801 330 1855 bis
360 1801 522 1872 plane
547 1801 720 1856 voluit
743 1801 836 1856 ille
867 1818 1036 1873 super
1052 1817 1246 1858 omnes
1277 1803 1431 1859 dives
1459 1801 1729 1870 indicare,
1771 1804 1856 1858 di-

241 1893 421 1948 cendo
449 1893 662 1960 villico;
688 1895 811 1965 jam
839 1898 1001 1962 enim,
1032 1895 1084 1950 id
1111 1903 1196 1950 est
1233 1896 1288 1950 in
1320 1896 1572 1967 proximo
1613 1912 1725 1951 non
1757 1912 1856 1967 po-

242 1985 377 2040 teris
407 1985 670 2041 villicare.

314 2079 402 2132 14.
436 2078 545 2133 Sed
572 2079 707 2134 illud
739 2080 1143 2135 attendendum
1169 2089 1270 2144 est,
1295 2081 1530 2152 qualiter
1551 2081 1852 2156 negligenti

241 2167 440 2223 rationi
477 2168 742 2224 Dominus
779 2169 858 2226 sic
887 2169 1164 2242 loquatur,
1199 2187 1266 2226 ne
1303 2172 1451 2243 quod
1483 2172 1720 2227 diximus
1752 2174 1853 2227 mi-

241 2276 348 2315 nus
404 2261 698 2331 capacibus
755 2269 1025 2318 remotum
1085 2281 1116 2318 a
1163 2265 1391 2320 veritate
1429 2265 1708 2320 videatur:
1771 2265 1854 2321 lo-

241 2351 433 2424 quitur
463 2353 729 2408 Dominus
767 2354 1024 2424 pluribus
1059 2355 1241 2410 modis
1287 2355 1488 2426 quibus
1541 2371 1695 2410 suam
1738 2356 1855 2410 vult

241 2445 589 2500 innotescere
619 2445 980 2514 voluntatem,
1017 2447 1322 2519 unicuique
1362 2448 1468 2501 sibi
1501 2448 1852 2504 convenienti

240 2536 432 2603 modo,
475 2543 638 2607 prout
667 2536 817 2591 videt
839 2537 1060 2611 exigere
1092 2538 1358 2610 cujusque
1389 2545 1638 2594 naturam
1677 2550 1730 2595 et
1761 2557 1856 2595 ca-

241 2628 558 2699 pacitatem.
601 2629 865 2701 Loquitur
921 2647 1160 2702 namque
1192 2631 1523 2703 quibusdam
1555 2635 1772 2689 occulta
1803 2643 1857 2688 et

244 2719 459 2792 absque
490 2721 996 2791 quolibet_indicio
1029 2721 1168 2777 facta
1208 2723 1588 2794 inspiratione,
1631 2732 1690 2779 ut
1737 2726 1858 2782 Pro-

241 2810 422 2880 phetae
451 2811 686 2867 dicenti:
721 2812 963 2867 Audiam
992 2813 1130 2882 quid
1157 2815 1414 2884 loquatur
1438 2816 1690 2870 Dominus
1717 2819 1858 2872 Deus

235 2907 298 2958 in
319 2921 400 2958 me
422 2946 434 2957 .
470 2904 604 2960 Aliis
633 2904 878 2976 loquitur
901 2921 1056 2970 voce,
1087 2906 1463 2961 nescientibus
1483 2907 1630 2962 unde
1661 2907 1773 2973 ﬁat,
1798 2916 1855 2963 ut

238 2992 505 3047 Samueli.
548 2992 678 3048 Aliis
714 2994 966 3059 somniis,
998 3001 1058 3049 ut
1087 2994 1312 3066 Joseph,
1353 2995 1644 3061 Pharaoni,
1677 2997 1854 3050 Nabu-

239 3083 614 3151 chodonosor,
656 3083 868 3138 Danieli
948 3083 1079 3138 Aliis
1124 3084 1378 3157 angelico
1421 3085 1752 3153 ministerio,
1794 3093 1853 3142 ut

239 3173 436 3245 Moysi,
468 3173 762 3236 Abraham,
785 3173 974 3241 Jacob,
1007 3181 1062 3228 et
1085 3173 1209 3228 aliis
1235 3174 1505 3245 pluribus.
1529 3175 1658 3230 Aliis
1681 3176 1856 3250 signis

240 3266 595 3338 quibusdam,
628 3273 687 3320 ut
740 3265 1012 3320 Baltassar
1054 3265 1243 3340 digitis
1281 3267 1337 3321 in
1375 3269 1584 3338 pariete
1614 3268 1854 3323 scriben-

240 3355 616 3411 tibus.Multis
647 3362 829 3410 autem
863 3355 1108 3426 loquitur
1136 3372 1235 3427 per
1261 3357 1517 3414 homines
1549 3357 1763 3423 ﬁdeles,
1797 3365 1854 3412 ut

242 3449 489 3520 antiquis
509 3464 608 3520 per
624 3449 942 3519 prophetas,
962 3448 1123 3503 nobis
1135 3463 1232 3519 per
1243 3450 1649 3505 ecclesiasticos
1664 3451 1855 3505 docto-

242 3553 356 3605 res,
380 3536 663 3592 nonnullis
690 3553 790 3609 per
810 3537 1118 3592 divinarum
1142 3537 1544 3608 Scripturarum
1569 3539 1855 3608 lectiones,

241 3627 496 3699 plurimis
534 3642 631 3698 per
661 3627 908 3697 corporis
937 3624 1318 3693 afﬂictionem,
1358 3626 1687 3698 quibusdam
1717 3645 1856 3699 quo-

240 3736 350 3792 que
377 3735 476 3790 per
497 3719 854 3790 temporalem
869 3718 1277 3774 adversitatem.
1307 3717 1446 3772 Sunt
1467 3719 1654 3789 plures
1679 3726 1734 3774 et
1761 3721 1848 3775 alii

241 3811 393 3867 modi
424 3811 626 3867 divinae
654 3811 966 3877 locutionis,
997 3825 1136 3882 quos
1161 3825 1356 3864 omnes
1387 3825 1712 3866 enumerare
1744 3827 1854 3867 non

240 3905 325 3955 est
352 3900 599 3955 scientiae
629 3908 828 3954 nostrae
859 3898 1138 3954 debilitas.
1162 3897 1268 3953 Sed
1300 3899 1404 3953 hoc
1431 3898 1716 3952 sciendum
1748 3909 1848 3968 est,

241 3990 375 4062 quia
396 3996 527 4044 tunc
557 3988 822 4044 Dominus
848 3987 1090 4059 loquitur
1113 3986 1180 4040 ad
1214 3986 1478 4042 rationem
1512 4002 1634 4040 cum
1667 3987 1852 4059 aliquo

240 4082 669 4154 praedicatorum
698 4079 1008 4145 modorum,
1029 4079 1112 4132 vel
1147 4077 1396 4150 quolibet
1417 4078 1525 4134 alio
1551 4095 1672 4133 eam
1705 4097 1735 4133 a
1755 4097 1854 4136 suo

239 4176 424 4226 crratu
452 4167 860 4243 etnegligentia
891 4173 1111 4222 revocat
1139 4167 1394 4238 adipsius
1414 4170 1852 4241 cognoscendam

239 4260 601 4315 voluntatem.
629 4256 898 4310 Fidelium
931 4261 1110 4310 autem
1135 4255 1853 4326 rationiconcupiscentiam

239 4345 426 4402 carnis
456 4351 659 4399 secutae
694 4343 927 4398 maxime
973 4343 1218 4414 loquitur
1257 4359 1356 4414 per
1383 4344 1637 4400 doctores
1681 4353 1733 4400 et
1773 4346 1858 4400 di-

1343 300 1567 356 HOMlL.
1609 301 1692 356 DE
1733 301 1986 358 VlLLlCO
2027 301 2448 365 lNlQUlTATlS.

246 431 510 486 rationem
534 431 887 488 villicationis
914 437 1037 501 tum,
1071 433 1236 489 ettibi
1251 433 1454 506 placari
1473 440 1692 505 paratus
1711 449 1852 488 sum.
1883 439 1930 505 Α

1883 1762 1932 1829 Β

1880 3136 1928 3206 t3

3429 307 3565 363 1138

2037 434 2120 486 la”).
2149 432 2260 487 Hoc
2286 431 2684 488 attendendum
2712 437 3017 510 quodsaepe
3047 437 3105 491 ﬁt
3135 438 3191 492 in
3226 439 3443 493 ratione
3467 455 3574 493 cu-

1953 520 2129 589 jusvis
2161 521 2474 592 hujusmodi
2509 522 2814 591 meditatio,
2846 541 2949 579 nec
2991 525 3351 597 subsequitur
3403 528 3576 598 paeni-

1958 615 2145 670 tentiae
2172 614 2675 686 satisfactionisque
2701 631 2958 689 congruae
2985 618 3128 673 sicut
3159 627 3438 689 Oporteret
3471 637 3571 674 ex-

1957 706 2335 776 quisitio.Sed
2375 723 2498 762 cum
2531 708 2634 762 hoc
2665 709 2957 782 contingit,
2985 724 3093 764 non
3135 718 3264 764 tunc
3303 713 3351 765 ei
3382 713 3572 766 Domi-

1958 818 2062 856 nus
2112 803 2373 875 loquitur,
2427 804 2524 858 sed
2567 804 2684 874 ipsa
2742 821 2802 859 se
2862 806 3036 875 ipsam
3096 806 3572 877 circumspiciens,

1959 894 2167 967 absque
2198 894 2523 951 confusione
2562 896 2779 952 timoris
2833 906 3114 972 evagatur.
3185 897 3406 954 Locutio
3447 915 3575 954 vero

1961 987 2176 1040 Domini
2216 1002 2437 1057 semper
2477 987 2529 1040 id
2571 987 2640 1041 ad
2678 987 2827 1059 quod
2889 987 2950 1042 lit
2999 995 3289 1058 operatur;
3350 997 3404 1042 ct
3449 988 3575 1042 ideo

1962 1076 2179 1148 quoties
2209 1078 2326 1147 ipse
2359 1077 2426 1131 dc
2467 1077 2533 1131 iis
2564 1077 2868 1132 malefactis
2899 1079 3128 1150 corripit
3161 1080 3453 1146 rationem,
3479 1095 3577 1133 an-

1960 1183 2060 1241 gor
2120 1169 2304 1223 cordis
2353 1177 2406 1223 et
2458 1168 2851 1225 satisfactionis
2889 1171 3186 1242 exquisitio
3245 1172 3571 1226 comitatur:

1956 1261 2104 1331 quod
2137 1261 2298 1315 nobis
2321 1261 2508 1316 verbis
2541 1262 2752 1316 Domini
2789 1262 3062 1317 indicatur
3086 1263 3396 1319 manifeste.
3432 1264 3578 1317 Sub-

1957 1351 2035 1405 dit
2060 1352 2236 1406 enim:
2261 1354 2358 1406 Ait
2386 1358 2560 1407 autem
2583 1354 2796 1407 villicus
2826 1355 2976 1407 intra
3006 1369 3078 1407 se.
3117 1353 3281 1416 Quasi
3321 1361 3471 1408 extra
3511 1371 3570 1408 se

1960 1443 2226 1514 loquitur,
2255 1460 2377 1498 cum
2409 1461 2529 1515 quae
2564 1444 2706 1498 mala
2732 1452 2861 1499 sunt
2906 1444 3087 1499 facere
3119 1453 3332 1509 tractat,
3368 1445 3452 1499 vel
3495 1446 3576 1500 fe-

1959 1536 2098 1590 cisse
2137 1536 2257 1590 sine
2299 1537 2495 1590 timore
2541 1537 2856 1607 perpendit.
2914 1537 3021 1590 Sed
3051 1545 3183 1592 tunc
3214 1538 3358 1591 intra
3399 1554 3456 1591 se
3491 1539 3574 1593 lo-

1960 1627 2162 1697 quitur,
2192 1643 2315 1680 cum
2345 1627 2474 1697 quid
2501 1628 2650 1695 juste
2690 1627 2890 1682 debeat
2922 1629 3138 1698 Operari
3186 1637 3345 1683 cauta
3384 1630 3570 1684 consi-

1959 1714 2242 1768 deratione
2266 1715 2554 1785 perquirit.
2585 1714 2726 1768 [llud
2763 1731 3002 1786 namque
3029 1716 3096 1770 ab
3126 1716 3218 1770 illa
3250 1717 3575 1770 naturaliter

1958 1808 2039 1855 est
2067 1809 2402 1873 separatum,
2437 1803 2541 1857 hoc
2571 1809 2751 1856 autem
2785 1801 2890 1856 sibi
2923 1817 3144 1872 semper
3174 1803 3454 1872 proprium
3485 1812 3567 1858 est

1957 1898 2012 1944 et
2042 1890 2314 1946 innatum.

2030 1984 2114 2038 16.
2153 1983 2281 2038 Cum
2317 1984 2486 2058 igitur
2514 1983 2786 2039 Dominus
2813 1983 2884 2038 de
2922 1998 3148 2038 suorum
3201 1983 3570 2038 institutorum

1957 2077 2396 2151 transgressione
2424 2079 2692 2133 rationem
2721 2077 2888 2132 modo
2913 2077 3100 2148 aliquo
3131 2077 3571 2147 supradictorum

1958 2168 2345 2239 increpaverit,
2405 2169 2525 2238 ipsa
2570 2168 2714 2224 illico
2761 2184 2872 2223 non
2913 2169 3087 2223 otiosa
3130 2184 3232 2222 nec
3263 2168 3572 2239 stupefacta

1956 2274 2287 2329 permanens
2313 2259 2457 2312 intra
2494 2275 2554 2312 se
2594 2258 2760 2313 dicit:
2793 2260 2931 2322 Quid
2963 2261 3184 2325 faciam,
3221 2261 3352 2329 quia
3395 2260 3570 2315 domi-

1954 2367 2054 2404 nus
2074 2365 2219 2404 meus
2250 2352 2432 2418 aufert
2449 2366 2483 2404 a
2501 2366 2583 2404 me
2605 2351 2990 2405 villicationem
3011 2351 3038 2403 ?
3070 2350 3124 2404 id
3155 2359 3234 2404 est
3258 2352 3564 2406 secundum

1953 2441 2062 2497 vim
2112 2457 2225 2496 suae
2265 2450 2472 2496 naturae
2508 2441 2839 2509 considerat,
2883 2441 3121 2512 qualiter
3158 2458 3320 2513 quam
3353 2458 3412 2497 se
3445 2460 3569 2498 me-

1957 2535 2136 2588 ruisse
2168 2533 2456 2608 cognoscit
2509 2533 2641 2587 iram
2688 2534 2905 2589 Domini
2952 2549 3060 2588 non
3113 2534 3388 2599 incurrat;
3423 2536 3570 2606 quod

1957 2630 2105 2685 enim
2173 2629 2388 2685 villicus
2453 2629 2616 2684 dicit:
2677 2631 2817 2696 Quid
2898 2632 3123 2698 faciam,
3206 2633 3341 2700 quia
3395 2631 3574 2685 domi-

1959 2739 2061 2777 nus
2087 2738 2229 2777 meus
2253 2725 2443 2790 aufert
2471 2739 2502 2775 a
2549 2738 2631 2776 me
2677 2723 3077 2784 villicationem,
3133 2723 3568 2778 sollicitudinem

1958 2814 2200 2869 vindicat
2234 2813 2484 2879 rationis,
2520 2829 2588 2868 ne
2623 2830 2682 2868 se
2725 2814 2938 2882 judicio
2990 2815 3227 2881 Domini,
3273 2830 3380 2887 quo
3413 2817 3572 2870 dam-

1959 2913 2140 2971 netur,
2172 2906 2461 2969 subdatur,
2505 2907 2811 2961 secundum
2841 2907 3075 2977 apostoli
3106 2908 3256 2962 Pauli
3283 2909 3570 2962 consilium

1954 2995 2104 3049 velut
2144 2996 2248 3050 hoc
2288 2995 2452 3050 modo
2494 2995 2837 3050 discutientis
2866 3005 2922 3049 et
2963 2995 3288 3064 judicantis:
3336 2997 3449 3049 scio
3485 3013 3570 3051 me

1955 3084 2194 3139 Creatori
2217 3099 2340 3139 meo
2377 3099 2484 3138 non
2530 3083 2671 3139 sicut
2696 3084 2940 3156 oportuit
2987 3085 3246 3152 servisse,
3277 3086 3568 3157 ipsumque

1957 3175 2461 3251 transgressoribus
2491 3192 2716 3231 suorum
2766 3184 3170 3248 praeceptorum
3203 3194 3420 3248 pinnam
3443 3179 3570 3232 inli-

1958 3269 2126 3323 nitam
2161 3268 2311 3336 juste
2344 3267 2644 3322 instituisse
2678 3287 2690 3321 :
2724 3269 2838 3324 scio
2871 3284 3094 3340 quoque
3133 3270 3282 3340 quod
3313 3271 3420 3325 cito
3450 3271 3570 3324 vitae

1955 3376 2042 3413 me
2057 3359 2359 3425 subtrahet,
2386 3367 2824 3430 potestatemque
2849 3375 3011 3429 quam
3040 3375 3188 3415 nunc
3213 3360 3393 3415 habeo
3421 3362 3570 3432 quod

1955 3449 2188 3503 voluero
2222 3447 2458 3502 faciendi
2490 3447 2546 3500 in
2604 3448 2936 3502 contrarium
2990 3456 3302 3514 convertet;
3361 3451 3454 3503 sed
3489 3450 3572 3502 ni-

1963 3535 2261 3590 hilominus
2317 3535 2470 3588 illum
2522 3535 2636 3589 scio
2678 3536 3113 3604 misericordem,
3167 3538 3332 3591 vitam
3383 3555 3573 3608 pecca-

1959 3630 2094 3685 toris
2134 3629 2309 3703 magis
2337 3645 2500 3699 quam
2533 3638 2766 3683 mortem
2802 3630 3232 3696 desiderantem,
3263 3641 3316 3687 et
3348 3634 3472 3688 ideo
3504 3634 3569 3687 ad

1957 3721 2300 3793 poenitentiae
2341 3721 2740 3775 correctionem
2781 3730 3194 3791 provocantem.
3232 3725 3336 3779 Hae
3368 3725 3571 3779 ﬁducia

1955 3811 2190 3866 sollicita
2223 3810 2484 3881 perquiro
2515 3809 2647 3880 quid
2694 3810 2873 3865 facere
2907 3813 3136 3866 debeam
3167 3813 3416 3883 quandiu
3448 3831 3567 3868 sum

1956 3906 2009 3959 in
2051 3917 2173 3955 mea
2206 3909 2496 3971 potestate,
2531 3916 2598 3954 ne
2629 3917 2750 3956 cum
2784 3902 3102 3972 perdidero,
3137 3903 3302 3957 nimis
3340 3912 3486 3973 turpi
3517 3915 3569 3960 et

1954 3991 2291 4047 intolerabili
2323 3991 2656 4061 comprimar
2687 4001 2950 4065 egestate.
2999 3993 3116 4048 Non
3155 3999 3336 4047 autem
3373 3995 3566 4068 ignoro

1955 4081 2128 4136 cuivis
2167 4096 2290 4134 esse
2332 4087 2642 4150 promptum
2702 4080 2928 4150 aliquod
2988 4081 3169 4154 gravis
3221 4082 3563 4150 paenitentia:

1956 4185 2134 4242 genus
2156 4167 2431 4239 incipere;
2467 4168 2757 4222 licetenim
2778 4167 3010 4223 cuilibet
3031 4170 3112 4223 vel
3142 4170 3338 4243 ignavo
3362 4170 3566 4225 bellum

1959 4261 2233 4316 indicare:
2267 4261 2364 4314 sed
2396 4259 2587 4327 didici,
2641 4261 2878 4315 docente
2922 4261 3174 4326 Domino,
3212 4262 3566 4317 salvationem

1959 4354 2158 4407 mereri
2204 4369 2311 4408 non
2347 4352 2611 4422 incipere,
2653 4353 2749 4407 sed
2792 4369 3168 4423 perseverare.
3235 4354 3389 4408 Unde
3433 4355 3564 4408 milii

236 4439 490 4493 vinarum
523 4436 925 4507 Scripturarum
977 4435 1264 4498 lectiones,
1319 4443 1374 4491 et
1411 4451 1700 4508 corporum
1741 4453 1856 4493 mo-
1879 4453 1934 4520 ι)
1961 4442 2330 4495 necessarium
2365 4449 2494 4510 puto
2524 4440 2627 4494 tale
2671 4458 2850 4515 genus
2878 4443 3237 4497 correctionis
3266 4443 3391 4498 vitae
3431 4459 3567 4498 con-

238 4527 482 4593 lcstiam,
537 4528 624 4583 vel
678 4527 890 4598 aliquas
937 4527 1324 4583 adversitates:
1379 4546 1502 4600 quae
1550 4529 1757 4585 locutio
1797 4530 1849 4584 in

237 4621 362 4692 ipsa
401 4617 610 4672 ratione
631 4615 691 4671 ﬁt
720 4633 841 4672 cum
865 4633 895 4672 a
925 4617 1156 4674 Domino
1183 4618 1432 4690 quolibet
1459 4620 1849 4690 praedictorum

237 4710 533 4767 modorum
577 4708 832 4776 excitata,
859 4725 992 4766 suos
1029 4717 1242 4766 erratus
1290 4712 1356 4766 ad
1403 4712 1724 4767 memoriam
1765 4728 1849 4767 re-

236 4817 462 4858 vocans.
521 4800 626 4856 sibi
687 4800 853 4856 dicit:
931 4801 1068 4866 Quid
1131 4802 1334 4858 misera
1393 4802 1620 4858 fecisti?
1686 4820 1850 4874 quam

235 4895 697 4955 inconvenienter
723 4904 777 4951 et
804 4896 1007 4966 injuste
1037 4897 1182 4952 bona
1233 4914 1356 4970 quae
1401 4898 1501 4954 tibi
1547 4899 1852 4955 contulerat

238 4993 509 5050 Dominus
532 4991 823 5047 tractasti?
852 4991 1288 5048 lmmensitatem
1317 4993 1493 5064 ipsius
1515 4995 1848 5050 etimmuta-

237 5086 405 5142 bilem
428 5084 698 5153 justitiam
732 5083 788 5138 in
820 5083 1086 5139 memoria
1118 5099 1230 5140 non
1260 5083 1542 5140 habuisti?
1573 5093 1625 5140 te
1673 5087 1846 5157 ipsam

236 5181 430 5232 contra
466 5173 587 5242 ejus
614 5172 872 5243 placitum
900 5171 1306 5241 etjussionem,
1340 5188 1455 5227 rem
1504 5173 1847 5234 vilissimam,

235 5282 457 5323 carnem
499 5265 730 5331 scilicet,
762 5263 1050 5336 sequendo
1081 5262 1319 5319 fmdasti.
1349 5264 1487 5328 Quid
1515 5265 1596 5318 sic
1627 5265 1767 5320 male
1801 5274 1850 5321 te
1879 5326 1887 5333 ,

235 5354 494 5412 habendo
532 5353 909 5426 promeruisti,
944 5351 1179 5407 maxime
1206 5367 1331 5406 cum
1365 5352 1518 5407 illum
1543 5353 1662 5407 haec
1690 5352 1850 5424 igno-

236 5461 360 5501 rare
391 5460 499 5500 non
532 5443 777 5515 potuisse
809 5443 1158 5518 cognovisti?
1198 5441 1329 5498 Cum
1373 5442 1494 5496 haec
1531 5457 1718 5496 secum
1753 5460 1852 5514 per

233 5536 475 5608 aliquam
514 5533 954 5604 supradictarum
995 5549 1283 5588 causarum
1320 5531 1656 5588 commonita
1714 5533 1850 5588 ratio

234 5625 570 5680 meditatur:
605 5629 734 5676 tunc
772 5638 804 5676 a
826 5621 1056 5677 Domino
1079 5621 1228 5677 velut
1258 5620 1332 5688 ei,
1372 5621 1510 5692 quid
1542 5621 1652 5676 haec
1690 5622 1852 5677 audio

235 5722 302 5777 de
320 5719 411 5776 te?
438 5727 492 5775 et
512 5725 734 5784 caetera,
766 5715 1007 5784 dicente,
1038 5715 1371 5788 increpatur.

1953 4535 2217 4600 siderare,
2239 4534 2386 4604 quod
2414 4533 2623 4588 valeam
2655 4534 2774 4587 sine
2804 4533 3020 4589 defectu
3051 4536 3231 4605 quoad
3263 4536 3450 4590 vixero
3486 4545 3564 4591 to-

1955 4627 2147 4682 lerare.
2183 4626 2317 4679 lliuc
2347 4631 2429 4679 est
2465 4625 2610 4696 quod
2668 4625 2748 4679 sic
2793 4626 3011 4681 revolvo
3052 4626 3286 4697 qualiter
3326 4627 3560 4682 debeam

1954 4733 2074 4772 mea
2119 4717 2261 4772 mala
2311 4716 2527 4788 punire,
2577 4732 2688 4772 non
2720 4717 2931 4771 audens
2960 4733 3050 4772 me
3081 4717 3452 4785 committere,
3485 4721 3560 4774 ti-

1953 4828 2110 4867 mens
2164 4813 2375 4883 lapsum
2404 4810 2454 4864 ei
2488 4827 2666 4881 paenae
2697 4827 2860 4882 quam
2889 4827 2999 4866 non
3041 4827 3265 4882 possum
3294 4812 3560 4883 perferre.

1953 4904 2088 4959 Nolo
2115 4903 2259 4958 enim
2292 4902 2350 4956 in
2379 4902 2646 4956 incertum
2695 4917 2938 4966 currere,
2989 4917 3094 4956 nec
3124 4909 3182 4957 ut
3214 4919 3398 4957 aerem
3430 4919 3559 4958 ver-

1949 4997 2151 5051 berans
2179 5009 2454 5069 pugnare;
2487 4993 2584 5048 sed
2609 4993 2676 5048 ad
2709 4993 2956 5048 bravium
2993 5001 3047 5048 et
3074 5009 3335 5049 coronam
3364 4995 3409 5049 si
3441 5011 3566 5066 pro-

1951 5085 2179 5156 positori
2211 5082 2479 5155 placuerit
2499 5083 2806 5153 pervenire.
2845 5083 3075 5153 Propter
3108 5083 3212 5138 hoc
3239 5083 3386 5139 vires
3413 5101 3564 5139 meas

1951 5192 2039 5230 me
2067 5176 2376 5246 ponderare
2402 5174 2658 5230 ostendo.
2693 5174 2831 5241 Quid
2868 5167 3071 5241 faciam
3127 5177 3261 5245 quia
3315 5177 3565 5232 dominus

1952 5280 2096 5319 meus
2113 5265 2298 5332 aufert
2326 5280 2360 5318 a
2381 5280 2459 5318 me
2479 5265 2863 5318 villicationem
2893 5264 3159 5320 dicendo:
3191 5265 3378 5336 Neque
3409 5266 3556 5320 enim

1956 5370 2176 5424 possum
2202 5354 2342 5408 sicut
2371 5353 2538 5409 fortes
2563 5355 2764 5421 fodere,
2799 5367 2900 5407 nec
2927 5353 3052 5408 ideo
3087 5361 3268 5408 tamen
3296 5355 3418 5410 volo
3451 5356 3562 5410 sic-

1953 5451 2011 5497 ut
2040 5442 2190 5496 iners
2227 5443 2402 5497 otiosa
2434 5458 2722 5496 remanere
2745 5459 2759 5508 ;
2783 5441 2880 5495 sed
2923 5440 3072 5513 quod
3106 5449 3296 5512 potero
3348 5441 3564 5508 faciam,

1953 5535 2212 5605 quoniam
2229 5536 2471 5590 erubesco
2500 5537 2822 5590 mendicare.

2023 5624 2113 5676 17.
2156 5623 2291 5686 Quia
2322 5630 2466 5676 terra
2497 5640 2618 5678 cum
2651 5624 2853 5679 foditur
2902 5624 3036 5679 dura
3089 5623 3292 5696 ligonis
3326 5638 3562 5692 percus-

1954 5714 2110 5770 sione
2144 5721 2479 5785 penetratur,
2511 5716 2800 5784 scinditur,
2829 5727 2882 5771 et
2912 5723 2972 5771 ut
2999 5716 3260 5770 alimenta
3283 5714 3407 5769 vitae
3430 5731 3565 5784 pro-
