3938 6206
349 286 484 341 1139

1568 284 1625 339 S.
1670 281 1907 337 ODONIS
1948 280 2184 335 CAMER.
2229 276 2430 333 EPlSC.

3529 272 3670 330 1140

347 414 484 468 ferat
513 409 822 477 invertitur,
850 416 1000 465 recte
1033 410 1122 464 illa
1151 426 1314 481 quam
1337 416 1555 465 exercet
1580 417 1774 465 acutus
1803 409 1960 464 dolor
1985 414 2030 479 Α
2061 408 2211 463 omni
2243 404 2572 476 intemperie
2598 402 2741 457 aeris
2773 406 3064 473 protegere
3094 400 3270 471 possit
3293 398 3593 466 habitatio;
3627 400 3688 455 in

348 506 695 572 peccatorum
726 504 781 552 et
820 498 1091 568 cupiditas
1117 497 1339 552 vivendi
1387 514 1510 552 cum
1552 498 1806 563 Domino,
1838 514 1955 552 car-

348 592 435 645 nis
485 589 691 644 attritio
737 590 1039 659 perfodere,
1084 589 1422 663 designatur.
1485 588 1620 651 Quia
1673 605 1802 643 vero
1862 591 1955 660 qui

348 682 629 737 mendicat
657 681 986 735 necessariis
1012 680 1136 735 vitae
1166 697 1360 736 carens
1399 681 1580 735 aliena
1618 681 1765 737 bona
1809 683 1956 736 desi-

350 776 524 841 derat,
547 773 818 828 bonorum
842 789 1069 843 operum
1094 773 1298 845 quibus
1322 774 1494 827 sancti
1524 773 1812 828 abundant
1833 774 1958 829 ino-

354 866 497 936 piam
551 873 606 918 et
634 864 971 919 desiderium
1028 865 1334 919 mendicare
1372 865 1645 939 designat.
1695 866 1781 920 Est
1826 881 1959 941 ergo

354 952 550 1007 rationi
585 951 771 1006 dicere
799 954 917 1008 Non
944 953 1093 1006 valeo
1120 953 1324 1019 fodere,
1359 952 1690 1009 infirmitatis
1719 970 1831 1009 suae
1864 955 1963 1009 de-

351 1045 621 1100 bilitatem
665 1044 731 1098 ad
776 1044 957 1099 carnis
995 1044 1331 1099 attritionem
1369 1044 1709 1101 tolerandam
1745 1046 1959 1116 ponde-

354 1154 494 1192 rarc.
539 1137 875 1191 Erubesccre
904 1152 1036 1191 vero
1065 1139 1368 1193 mendicare
1404 1145 1532 1193 tunc
1557 1156 1616 1194 se
1652 1138 1957 1210 profitetur,

355 1240 475 1279 cum
508 1241 631 1295 qua:
664 1231 843 1295 potest
881 1240 1139 1279 exercere
1170 1225 1314 1280 bona
1337 1227 1584 1281 studiose
1622 1227 1847 1300 cogitat,
1889 1242 1960 1281 ne

355 1319 515 1388 inops
543 1324 597 1371 et
625 1332 794 1371 vacua
817 1316 979 1372 bonis
1007 1317 1290 1387 operibus,
1324 1327 1377 1373 et
1402 1319 1581 1373 aliena
1613 1319 1957 1385 desiderans,

357 1408 412 1462 in
450 1407 559 1461 vita
590 1424 712 1478 qum
746 1407 995 1479 sequitur
1032 1418 1296 1478 appareat
1334 1417 1388 1464 et
1426 1410 1813 1465 confundatur.
1855 1411 1958 1467 Pro

357 1520 466 1574 qua
518 1510 625 1557 tam
674 1516 811 1571 pura
846 1500 932 1555 sui
970 1501 1315 1557 discussione
1362 1512 1418 1557 et
1468 1503 1661 1557 humili
1692 1503 1822 1574 quid
1855 1502 1960 1556 sibi

355 1592 485 1647 utile
517 1597 824 1645 mereretur
853 1604 1207 1664 cognoscere,
1252 1591 1436 1646 nullus
1489 1592 1635 1646 enim
1687 1592 1780 1662 qui
1828 1608 1964 1661 pum

2061 496 2279 551 inferno
2311 509 2440 549 vero
2461 491 2810 549 solummodo
2830 490 3085 560 sulphur,
3133 498 3189 545 et
3220 489 3387 564 ignis,
3430 496 3486 544 et
3524 489 3693 559 spiri-

2058 595 2143 641 tus
2176 584 2562 657 procellarum,
2605 589 2660 636 et
2706 579 3003 635 ineffabilis
3029 578 3336 634 tribulatio.
3371 578 3512 643 Quid
3545 595 3684 634 vero

2057 677 2130 730 sit
2162 676 2294 729 illud
2314 674 2461 745 quod
2480 671 2733 727 faciendo
2766 669 2985 724 villicus
3005 668 3061 723 in
3091 666 3684 736 domossubjectorum

2059 767 2227 837 recipi
2267 765 2538 829 confidat;
2593 761 2843 817 subdidit
2874 761 3021 815 idem
3054 758 3323 815 Dominus
3351 775 3475 814 cum
3515 758 3687 814 dixit:

2064 859 2375 913 Convocatis
2427 858 2612 924 itaque
2682 855 2913 921 singulis
2964 852 3294 906 debitoribus
3346 852 3483 917 suis,
3534 851 3692 904 dixit

2058 951 2278 1017 primo:
2314 948 2586 1013 Quantum
2631 945 2787 998 debes
2826 944 3047 997 domi-no
3073 957 3187 995 meo
3212 944 3239 995 7
3265 941 3457 996 Atille
3494 941 3688 995 dixit:

2065 1041 2284 1095 Centum
2312 1039 2472 1093 cados
2510 1038 2639 1101 olei;
2693 1036 2948 1105 dimitque
2990 1036 3105 1089 illi:
3156 1035 3359 1103 Accipe
3381 1035 3690 1087 cautionem

2063 1133 2235 1194 tuam,
2283 1132 2331 1181 et
2368 1127 2490 1181 sede
2518 1129 2640 1189 cito,
2673 1129 2723 1178 et
2757 1125 2949 1186 scribe,
3003 1124 3427 1193 quinquaginta.
3484 1120 3690 1175 Deinde

2061 1223 2163 1276 alii
2185 1223 2367 1276 dixit:
2407 1220 2486 1273 Tu
2540 1234 2662 1274 vero
2714 1224 2979 1288 quantum
3005 1218 3206 1271 debes?
3249 1219 3349 1280 Qui
3380 1218 3489 1270 ait:
3548 1216 3689 1272 Cen-

2060 1320 2173 1370 tum
2212 1330 2362 1369 coros
2392 1316 2583 1369 tritici.
2615 1316 2687 1368 Et
2712 1317 2788 1368 ait
2818 1314 2904 1367 illi
2927 1330 2940 1367 :
2975 1314 3174 1381 Accipe
3203 1312 3433 1376 litteras,
3470 1315 3519 1364 et
3551 1312 3693 1365 scri-

2062 1410 2119 1461 be
2146 1409 2416 1473 octoginta

2137 1504 2220 1558 19.
2248 1503 2534 1557 Debitores
2554 1501 2769 1556 Domini
2794 1516 2918 1555 esse
2944 1499 3086 1554 vires
3116 1499 3237 1553 illas
3271 1497 3442 1553 animi
3475 1498 3684 1568 quibus

2067 1605 2120 1653 et
2147 1615 2206 1652 se
2243 1604 2420 1652 movet
2459 1605 2513 1651 et
2542 1613 2762 1666 corpus,
2792 1596 3069 1651 neminem
3098 1593 3430 1650 confidimus
3452 1608 3687 1667 negare.

357 1685 671 1740 considerat
701 1693 756 1740 et
792 1684 1077 1739 humiliter
1105 1686 1343 1756 qualiter
1376 1687 1604 1741 Domino
1636 1687 1855 1757 placere
1879 1704 1966 1741 va-
1997 1721 2039 1785 η
2068 1690 2267 1744 Omnes
2312 1689 2457 1743 enim
2499 1703 2629 1742 suos
2670 1697 2826 1742 actus
2859 1687 3068 1758 absque
3111 1684 3549 1741 contradictione
3589 1685 3694 1738 de-

360 1778 485 1839 leat,
509 1775 853 1847 relinquetur
884 1777 940 1829 in
970 1775 1339 1832 dubitatione.
1375 1778 1526 1843 Quod
1547 1779 1708 1848 plane
1738 1778 1965 1849 promit-

359 1869 424 1925 tit
454 1868 718 1924 Dominus
741 1867 1143 1941 vestigantibus
1164 1869 1711 1940 quomodoaeternam
1734 1871 1970 1925 evadant

363 1960 630 2031 inopiam,
672 1975 795 2013 cum
849 1960 1095 2015 ostendit
1146 1960 1391 2015 villicum
1445 1976 1558 2016 suae
1605 1962 1967 2017 sollicitudini

365 2054 709 2110 subdidisse:
743 2054 864 2109 Scio
902 2056 1036 2124 quid
1066 2056 1287 2121 faciam.
1324 2054 1451 2109 Cum
1491 2056 1639 2110 enim
1672 2057 1823 2126 prius
1845 2073 1971 2111 eum

366 2143 621 2200 ostendat
640 2142 866 2197 dubium
889 2148 943 2197 et
968 2142 1263 2198 sollicitum
1293 2143 1530 2199 dicendo
1554 2146 1698 2212 Quid
1716 2147 1925 2212 faciam
1949 2145 1977 2199 7

369 2241 423 2287 et
461 2239 689 2296 caetera;
718 2231 852 2302 quid
890 2231 1176 2303 vultquod
1198 2248 1321 2285 eum
1357 2232 1506 2288 illico
1534 2240 1742 2288 certum
1778 2234 1974 2290 factum

368 2326 609 2381 ostendit
635 2325 949 2392 subdendo,
982 2326 1100 2381 Scio
1125 2326 1262 2395 quid
1286 2328 1511 2393 faciam,
1542 2331 1604 2381 ut
1623 2343 1742 2381 cum
1772 2334 1981 2384 amotus

366 2417 521 2482 fuero
550 2431 583 2469 a
612 2416 961 2479 villicatione,
992 2417 1259 2484 recipiant
1285 2432 1366 2469 me
1395 2417 1451 2470 in
1481 2416 1663 2471 domos
1693 2434 1841 2481 suas,
1875 2419 1980 2473 nisi

371 2510 501 2581 quia
521 2508 952 2563 misericorditer
992 2508 1154 2562 docet
1185 2508 1593 2579 quantumlibet
1618 2508 1822 2564 infirmi
1853 2528 1983 2580 pec-

371 2599 573 2655 catoris
594 2598 867 2653 rationem
897 2598 967 2651 de
993 2613 1104 2651 suae
1132 2597 1325 2652 salutis
1354 2597 1663 2671 ignorantia
1691 2615 1800 2655 non
1831 2599 1982 2654 diffi-

374 2686 551 2742 dere?
582 2687 710 2758 quia
735 2686 779 2740 si
804 2687 872 2741 de
892 2686 1181 2756 praeteritis
1211 2686 1352 2741 male
1385 2686 1737 2760 ingemuerit,
1770 2694 1822 2742 et
1848 2706 1984 2759 qua—

373 2780 500 2835 liter
536 2787 741 2833 :eterna
771 2776 996 2851 effugiat
1024 2778 1259 2833 sollicite
1296 2778 1443 2833 vires
1481 2795 1610 2834 suas
1637 2780 1983 2837 discutiendo

374 2871 717 2942 exquisierit,
748 2878 897 2925 certa
930 2870 1212 2937 reddetur,
1246 2871 1488 2926 revelata
1524 2871 1629 2925 sibi
1679 2873 1981 2927 curatione.

2070 1785 2200 1838 bent
2230 1784 2354 1854 jure
2380 1783 2449 1837 ad
2475 1783 2647 1852 ipsius
2675 1782 2906 1853 gloriam
2936 1780 3162 1835 referre.
3200 1781 3303 1835 llas
3335 1780 3522 1849 itaque
3553 1794 3691 1834 con-

2068 1873 2398 1939 vocatratio,
2422 1888 2653 1927 cumeas
2675 1888 2774 1925 ase
2806 1870 3086 1925 desideria
3136 1869 3358 1941 pr0pria
3387 1867 3688 1939 sequendo

2072 1971 2309 2019 remotas
2338 1971 2558 2018 revocat
2586 1962 2641 2016 in
2675 1962 2766 2029 jus
2804 1977 2986 2027 suum,
3033 1968 3089 2014 et
3127 1975 3155 2013 a
3186 1957 3682 2028 concupiscentiis,

2074 2071 2211 2126 quas
2241 2054 2641 2125 sequebantur,
2675 2052 2944 2124 reprimit.
2979 2051 3248 2114 Quantum
3289 2065 3419 2104 vero
3451 2048 3699 2103 debeant

2077 2142 2398 2214 interrogat,
2427 2158 2550 2196 cum
2583 2157 2676 2195 eas
2715 2157 2828 2195 suae
2875 2138 3309 2196 considerationi
3353 2152 3696 2208 proponens,

2080 2244 2139 2292 ut
2189 2237 2319 2307 quid
2379 2252 2409 2289 a
2465 2235 2696 2290 Domino
2738 2235 2890 2290 facta:
2932 2234 3064 2302 sint,
3120 2242 3176 2288 et
3215 2249 3378 2304 quam
3423 2232 3698 2298 studiose,

2083 2348 2361 2404 quamque
2381 2332 2620 2396 sincere,
2651 2340 2705 2385 et
2738 2331 2792 2384 in
2825 2346 2957 2401 quo.
2981 2339 3035 2384 et
3062 2344 3251 2400 quare,
3283 2335 3339 2383 et
3364 2336 3534 2399 quoto
3557 2334 3699 2382 tem-

2084 2437 2217 2493 pore
2240 2421 2482 2475 debeant
2503 2419 2776 2476 famulari.
2807 2418 3185 2474 ratiocinando
3219 2416 3512 2488 perquirit.
3544 2414 3699 2480 Quod

2087 2512 2296 2582 primus
2341 2510 2658 2580 respondet,
2694 2510 2920 2564 Centum
2948 2509 3109 2563 cados
3139 2509 3242 2562 olei
3262 2523 3321 2561 se
3352 2507 3580 2562 domino
3600 2506 3704 2560 de-

2086 2603 2239 2668 bere,
2274 2608 2542 2657 monstrat
2569 2600 2839 2656 rationem
2869 2600 2937 2654 de
2970 2600 3022 2654 vi
3049 2598 3252 2654 mentis
3282 2614 3389 2670 qua
3410 2613 3612 2668 corpus
3633 2597 3702 2651 ad

2084 2695 2427 2766 Operandum
2488 2702 2740 2749 movetur
2772 2707 3108 2766 cognoscere
3154 2690 3304 2762 quod
3361 2707 3391 2745 a
3446 2689 3701 2755 Domino,

2084 2786 2176 2857 qui
2221 2802 2319 2856 per
2358 2801 2417 2839 se
2448 2784 2698 2839 condidit
2724 2784 3002 2848 universa,
3057 2781 3196 2838 facta
3234 2781 3308 2836 sit
3336 2787 3398 2835 ut
3424 2795 3549 2835 eum
3610 2781 3706 2837 he-

2087 2884 2307 2931 noraret
2358 2890 2572 2930 summo
2602 2874 2785 2930 studio
2806 2874 2863 2928 in
2894 2872 3159 2944 Operibus
3198 2880 3424 2942 propter
3459 2886 3585 2942 quae
3624 2870 3708 2924 fe-

376 2964 529 3029 Quod
571 2979 703 3036 ergo
752 2963 885 3017 dicit
913 2962 1156 3018 villicus:
1190 2964 1311 3019 Scio
1340 2964 1479 3033 quid
1514 2966 1739 3031 faciam,
1770 2977 1831 3019 ut
1867 2982 1987 3021 cum
2088 2967 2161 3020 cit
2192 2982 2318 3019 eam
2348 2963 2629 3020 cliaritatis
2666 2971 2721 3018 et
2770 2960 3192 3028 misericordiae,
3225 2960 3370 3015 sicut
3414 2957 3618 3014 fierent
3645 2958 3699 3012 in

374 3059 587 3108 amotus
630 3054 789 3120 fuero
819 3069 854 3105 a
903 3053 1254 3119 villicatione,
1285 3056 1554 3123 recipiant
1583 3070 1669 3108 me
1716 3057 1777 3109 in
1807 3056 1987 3110 domos
2013 3061 2061 3128 Ο
2091 3057 2218 3112 ﬁdei
2246 3055 2597 3111 confessione
2628 3053 2909 3109 Trinitatis
2941 3062 3184 3117 aeternae,
3211 3051 3574 3123 virginaliter,
3606 3051 3713 3106 hoc

375 3165 525 3215 suas,
562 3148 705 3203 hanc
744 3147 953 3202 indicat
980 3148 1419 3203 consolationem
1458 3149 1688 3204 rationis
1737 3150 1989 3204 animad-
2089 3155 2171 3201 est
2202 3147 2546 3215 incorrupte,
2576 3144 2631 3198 id
2664 3153 2752 3198 est
2788 3143 3000 3214 absque
3046 3140 3316 3197 malorum
3348 3156 3578 3211 Operum
3610 3139 3712 3193 ad-

378 3239 641 3294 vertentis
669 3254 782 3293 suae
800 3238 1121 3293 salvationis
1146 3239 1281 3292 vias.
1320 3238 1447 3302 Qua:
1489 3239 1653 3310 paulo
1680 3246 1825 3303 ante,
1860 3256 1984 3311 per-
2089 3240 2369 3305 mistione,
2404 3236 2678 3292 stabiliter
2714 3243 2768 3290 et
2800 3251 2896 3306 per
2924 3242 3101 3290 totum
3123 3232 3362 3305 spatium
3390 3231 3712 3303 temporalis

380 3332 568 3388 territa
606 3331 820 3388 Domini
856 3332 966 3386 mei
992 3331 1446 3396 comminatione,
1489 3332 1718 3387 tenebar
1746 3333 1914 3388 dubia
1934 3342 1989 3389 et
2087 3328 2233 3393 vitae,
2266 3333 2320 3381 et
2348 3341 2446 3396 pro
2481 3325 2652 3380 solius
2697 3332 2917 3378 aeterna:
2978 3320 3342 3377 beatitudinis
3373 3334 3704 3390 recompen-

379 3420 631 3486 sollicita,
649 3435 747 3490 pro
768 3435 907 3474 mea:
931 3418 1263 3475 infirmitatis
1278 3421 1745 3487 consideratione,
1775 3422 1845 3477 de
1875 3438 1990 3477 sua:
2092 3419 2325 3474 satione.
2351 3416 2540 3471 Oleum
2564 3430 2802 3487 namque
2817 3414 3029 3469 caeteris
3059 3412 3416 3469 unctionibus
3439 3417 3707 3483 penetra-

380 3511 571 3585 gratiae
591 3509 1033 3579 recuperatione,
1052 3509 1163 3577 jam
1201 3510 1339 3574 scio,
1372 3510 1426 3563 id
1453 3520 1536 3565 est
1572 3510 1825 3586 intelligo
1848 3512 1993 3567 sicut
2095 3507 2258 3563 bilius
2288 3514 2391 3566 est.
2416 3505 2557 3560 adeo
2587 3511 2646 3559 ut
2671 3505 2739 3559 de
2781 3504 2915 3575 ipsis
2943 3502 3203 3557 medullis
3231 3501 3417 3557 eliciat
3434 3502 3705 3563 dolorem,

382 3616 470 3655 res
495 3608 598 3667 est,
631 3598 763 3670 quid
782 3598 1013 3653 debeam
1055 3598 1254 3661 facere,
1285 3616 1383 3670 per
1421 3602 1571 3672 quod
1604 3602 1861 3657 merebor
1887 3602 1991 3659 do-
2092 3612 2429 3668 omnemque
2469 3595 2557 3651 cui
2588 3594 2856 3650 sociatum
2899 3594 3062 3649 fuerit
3086 3592 3409 3649 naturaliter
3437 3607 3712 3663 superna-

383 3705 500 3744 mos
520 3705 657 3761 quas
680 3696 1006 3744 construunt
1049 3689 1348 3760 corporalis
1403 3690 1543 3745 actio
1567 3690 1715 3758 justa
1745 3698 1801 3745 et
1848 3693 1992 3747 bona

380 3781 687 3848 meditatio,
729 3790 784 3836 et
815 3781 940 3837 ideo
986 3797 1098 3837 suae
1134 3782 1412 3847 dicuntur,
1446 3798 1570 3837 cum
1611 3782 1736 3837 vitae
1767 3799 1987 3838 cursum

378 3889 853 3940 consummavero,
885 3873 1147 3929 introire:
1185 3874 1243 3928 in
1278 3890 1416 3945 quas
1445 3875 1513 3928 ab
1544 3874 1655 3928 illis
1694 3890 1782 3929 me
1812 3875 1990 3931 susci-

381 3967 638 4039 piendam
670 3967 817 4033 dico,
875 3967 1005 4038 quia
1059 3983 1224 4022 causa
1257 3974 1390 4022 sunt
1445 3982 1615 4037 quare
1649 3967 1991 4038 recipientur

378 4059 472 4131 qui
514 4059 852 4131 recipientur
887 4059 1031 4115 sicut
1069 4074 1158 4114 me
1201 4059 1577 4129 recipiendam
1628 4075 1715 4114 me
1745 4058 1984 4116 confido.

378 4152 496 4207 Non
529 4151 699 4217 enim,
733 4157 794 4207 ut
835 4151 910 4206 ait
942 4150 1255 4223 Apostolus,
1297 4151 1445 4206 aliud
1478 4150 1812 4221 recipiemus
1860 4161 1990 4207 ante

378 4244 618 4300 tribunal
648 4243 864 4299 Domini
909 4244 1290 4308 metuendum,
1321 4243 1428 4299 nisi
1478 4244 1625 4316 quod
1653 4244 1991 4318 gesserimus

378 4340 434 4394 in
474 4353 637 4393 carne
657 4336 770 4391 sive
802 4336 1008 4391 bonum
1040 4336 1156 4390 sive
1190 4335 1416 4401 malum,
1444 4344 1500 4390 et
1524 4335 1819 4391 diversitas
1848 4336 1983 4391 mul-

2097 3696 2172 3741 tat
2198 3686 2500 3757 liquorem:
2533 3683 2588 3737 in
2618 3698 2726 3754 quo
2757 3698 2999 3758 congrue
3037 3680 3435 3736 misericordia;
3465 3686 3619 3734 tenet
3657 3690 3709 3733 et

2094 3776 2378 3832 charitatis
2408 3772 2853 3839 similitudinem,
2908 3771 3171 3844 quoniam
3228 3778 3285 3825 et
3336 3771 3453 3824 haec
3502 3767 3709 3840 peccati

2095 3870 2501 3944 quantumlibet
2544 3868 2727 3942 gravis
2754 3876 2978 3922 excusat
3007 3865 3444 3929 damnationem,
3472 3870 3527 3918 et
3566 3863 3711 3917 illam

2093 3965 2309 4020 caeteris
2360 3963 2594 4034 Spiritus
2656 3962 2833 4018 sancti
2885 3959 3309 4017 charismatibus
3377 3959 3704 4030 comprobat

2096 4058 2385 4130 Apostolus
2408 4057 2811 4113 sublimiorem.

2160 4145 2247 4203 20.
2305 4146 2512 4200 Uadum
2550 4154 2734 4201 autem
2792 4159 3105 4200 mensuram
3136 4144 3329 4200 dicunt
3379 4159 3506 4215 quae
3532 4144 3707 4200 tribus

2091 4239 2373 4309 amphoris
2402 4238 2699 4309 impletur:
2741 4245 2796 4292 et
2834 4236 2960 4292 ideo
2993 4234 3158 4291 ﬁdem
3192 4243 3397 4291 sanetae
3426 4235 3708 4290 Trinitatis

2092 4334 2216 4398 apte
2247 4326 2521 4397 designat,
2554 4343 2663 4398 qua
2693 4325 2954 4381 fidelibus
2983 4340 3151 4380 omne
3181 4324 3390 4379 bonum
3421 4325 3707 4395 spirituale

375 4431 546 4502 tiplex
576 4428 976 4485 habitationum
1015 4443 1153 4498 quas
1181 4426 1446 4503 Dominus
1498 4428 1554 4481 in
1589 4428 1755 4484 domo
1812 4428 1986 4483 Patris
2008 4402 2065 4470 Ι)
2092 4428 2456 4473 mensuratur.
2484 4418 2649 4473 Porro
2680 4424 3193 4472 centum'numerus
3224 4425 3309 4471 est
3336 4432 3508 4488 quem
3537 4417 3707 4471 dena-

375 4536 501 4576 esse
530 4519 685 4585 dicit,
718 4518 910 4589 utique
936 4515 1111 4588 ﬁtpro
1150 4516 1472 4571 diversitate
1497 4516 1824 4572 meritorum
1858 4518 1985 4589 qui-

374 4614 479 4669 bus
508 4613 745 4686 quisque
775 4627 896 4666 cum
920 4609 1094 4685 gratia
1115 4609 1343 4679 juvante
1372 4608 1602 4664 meritus
1630 4615 1715 4665 est
1734 4625 1829 4664 eas
1855 4610 1985 4664 dum

372 4705 527 4762 vixit.
570 4704 698 4768 Quae
744 4709 926 4759 autem
959 4710 1088 4757 sunt
1142 4702 1264 4757 alia:
1321 4701 1519 4757 domus
1559 4701 1687 4768 illze,
1742 4701 1797 4755 in
1844 4719 1985 4773 quas

372 4805 496 4867 post
521 4796 663 4850 hanc
678 4793 839 4848 vitam
871 4792 1123 4847 volumus
1146 4790 1544 4846 rationabiliter
1566 4790 1664 4860 (5),
1690 4790 1797 4846 nisi
1828 4792 1984 4863 quie-

372 4884 444 4940 tis
468 4881 880 4940 habitationes?
905 4882 965 4937 Et
997 4882 1130 4953 ipsae
1167 4881 1361 4952 utique
1401 4879 1602 4951 cuique
1626 4882 1983 4952 proveniunt,

373 4975 567 5047 quales
582 4990 695 5029 suae
724 4980 1007 5028 merentur
1021 4973 1107 5028 vel
1124 4971 1372 5043 corporis
1396 4970 1483 5026 vel
1501 4971 1704 5026 mentis
1717 4972 1979 5028 actiones.

373 5067 508 5122 Inde
536 5074 686 5123 recte
716 5065 995 5121 actionum
1037 5080 1158 5120 esse
1198 5064 1477 5130 dicuntur,
1516 5078 1640 5133 quae
1689 5063 1850 5119 aliter
1878 5065 1981 5120 nisi

374 5157 820 5232 promerentibus
846 5156 955 5211 illis
971 5172 1083 5213 non
1116 5156 1487 5227 possidentur.

443 5246 531 5302 18.
573 5246 650 5302 Ne
681 5253 860 5301 autem
894 5252 1148 5302 versutus
1177 5245 1310 5302 mihi
1349 5260 1626 5312 occurras,
1659 5244 1853 5300 dicens
1874 5246 1984 5301 hoc

372 5338 655 5395 intellectu
686 5354 852 5411 posse
882 5355 980 5409 per
1009 5339 1205 5395 domos
1242 5338 1478 5411 intelligi
1512 5338 1676 5394 etiam
1709 5338 1979 5392 malorum

373 5445 585 5499 poenas,
609 5428 869 5500 quoniam
922 5429 1066 5484 sicut
1096 5428 1343 5484 actiones
1393 5428 1553 5484 bona:
1601 5427 1870 5499 quietem,
1901 5427 1983 5482 sic

371 5530 426 5576 et
466 5519 622 5575 mala:
652 5517 996 5573 constituunt
1025 5526 1081 5573 et
1110 5525 1497 5589 promerentur
1535 5533 1658 5582 eas;
1690 5516 1832 5571 scias
1853 5517 1984 5589 quia

371 5606 567 5664 domus
598 5605 802 5662 dicitur
831 5607 1209 5661 tantummodo
1252 5622 1376 5677 qua:
1415 5605 1484 5662 ab
1525 5604 1795 5660 imbribus
1834 5605 1982 5660 etab

441 5736 514 5802 (5)
543 5735 707 5787 Deest
737 5730 959 5801 aliquod
991 5731 1219 5787 verbum
1243 5743 1371 5801 puta
1397 5736 1639 5788 introire.

2089 4506 2205 4561 rius
2229 4516 2457 4579 generat
2485 4522 2583 4577 per
2617 4505 2702 4560 sui
2738 4505 2912 4576 ipsius
2939 4503 3484 4575 multiplicationem,
3515 4521 3579 4559 ac
3611 4520 3706 4575 per

2090 4598 2193 4653 hoc
2243 4597 2450 4652 indicat
2497 4596 2862 4668 perfectionis
2906 4595 3150 4650 studium
3206 4603 3261 4649 et
3324 4594 3703 4650 stabilitatem.

2089 4686 2287 4742 Notum
2336 4694 2419 4741 est
2447 4686 2596 4740 enim
2621 4685 2771 4757 quod
2797 4685 3059 4740 denarius
3098 4683 3379 4754 perfectus
3406 4684 3480 4739 sit
3504 4701 3701 4739 nume-

2089 4792 2200 4842 rus,
2232 4791 2299 4831 eo
2329 4775 2480 4847 quod
2536 4781 2658 4846 post
2695 4790 2821 4830 eum
2856 4789 2966 4830 non
3013 4779 3096 4828 est
3137 4772 3245 4828 alia
3271 4774 3613 4844 supputatio,
3654 4781 3710 4828 et

2087 4869 2215 4925 ideo
2264 4867 2664 4924 convenienter
2715 4881 2817 4937 per
2855 4882 2981 4921 eum
3038 4864 3364 4938 intelligitur
3416 4865 3701 4935 perfectio.

2089 4961 2217 5018 Cum
2249 4969 2433 5018 autem
2475 4978 2574 5032 per
2602 4976 2660 5016 se
2688 4947 2874 5031 ipsum
2914 4959 3338 5029 multiplicetur,
3391 4968 3451 5013 ut
3475 4968 3697 5015 centum

2084 5065 2403 5132 generetur,
2436 5072 2601 5128 quam
2650 5054 2899 5126 perfecto
2942 5053 3126 5110 studio
3182 5053 3250 5107 ad
3305 5053 3701 5123 perfectionem

2084 5148 2364 5205 charitatis
2399 5154 2453 5203 et
2480 5145 2878 5202 misericordiae
2919 5144 3259 5200 tendendum
3286 5144 3377 5209 sit,
3421 5160 3701 5215 quamque

2084 5247 2230 5296 recte
2262 5248 2318 5294 et
2359 5238 2635 5293 stabiliter
2665 5237 2721 5291 in
2753 5252 2821 5291 eo
2852 5234 3319 5308 perseverandum
3353 5250 3453 5304 per
3481 5245 3699 5289 centum

2085 5330 2378 5387 indicatur.
2412 5330 2565 5393 Nam,
2600 5329 2728 5400 quia
2771 5327 2959 5382 decies
2997 5325 3220 5382 ducitur
3249 5326 3443 5381 decem
3477 5333 3535 5381 ut
3562 5343 3699 5382 cen-

2083 5429 2195 5479 tum
2228 5421 2343 5490 ﬁat,
2373 5437 2483 5477 non
2514 5420 2848 5476 estdubium
2868 5418 3181 5491 quinplaua
3210 5417 3539 5489 aaquilatura
3560 5435 3696 5490 qua-

2084 5516 2303 5570 dratura
2359 5513 2575 5569 denarii
2623 5518 2844 5568 centum
2909 5511 3125 5575 existat,
3182 5508 3511 5581 tequilatura
3565 5525 3694 5564 vero

2086 5606 2423 5677 quadratura
2473 5604 2637 5675 plana
2677 5617 2843 5674 quam
2882 5601 3050 5656 habet
3077 5615 3237 5672 aequa
3277 5599 3457 5654 latura
3468 5599 3696 5668 justitia:
