3938 6206
228 313 357 370 ilâ€œ

1346 313 1566 371 HOMIL.
1611 314 1693 369 DE
1735 314 1990 370 VlLLlCO
2033 317 2449 381 lNlQUlTATlS.

3415 317 3552 373 1142

225 457 450 532 signum
481 461 565 510 est
593 461 648 510 et
700 455 1078 521 rectitudinis;
1107 461 1163 510 et
1192 456 1320 526 quia
1359 456 1414 509 in
1471 456 1634 526 plano
1663 455 1837 511 firmi-
1862 458 2149 528 Aderare.
2209 457 2725 530 Quinquagenarius
2768 457 2916 510 enim
2970 463 3246 517 nascetur.
3297 457 3342 511 si
3386 457 3549 529 quin-

221 558 309 606 ter
354 552 522 621 jacet,
563 551 781 623 signum
839 557 922 606 est
976 552 1138 606 etiam
1183 551 1522 606 stabilitatis.
1568 552 1837 608 Dividitur

219 653 407 699 autem
438 644 539 698 iste
571 659 833 698 numerus
872 643 928 696 in
955 644 1065 698 duo
1098 643 1590 717 quinquagenaria,
1619 645 1714 715 qui
1740 661 1838 699 nu-

220 751 408 790 merus
449 735 661 805 jubilaei
691 735 937 790 laetitiam
970 740 1352 806 repraesentat,
1399 736 1456 788 in
1499 752 1609 807 quo
1638 753 1836 791 secun-

219 831 354 885 dum
393 831 574 902 legem
614 837 668 885 et
705 845 898 885 servus
935 830 1244 885 libertatem
1287 833 1749 902 consequebatur,
1783 840 1838 888 et

217 918 543 972 haereditate
625 917 867 988 privatus
938 918 1313 973 haereditatem
1393 920 1672 990 propriam
1751 937 1834 975 re-

217 1010 549 1081 cuperabat:
610 1026 709 1079 per
783 1011 930 1081 quod
993 1017 1236 1070 centum.
1323 1011 1378 1064 in
1459 1029 1567 1082 quo
1637 1029 1836 1067 nume-

217 1123 313 1160 rus
342 1106 444 1160 iste
482 1105 816 1176 duplicatur,
849 1113 1066 1161 aeternae
1112 1106 1390 1161 felicitatis
1413 1107 1665 1177 exprimit
1697 1107 1834 1163 laeti-

214 1195 379 1261 tiam;
413 1195 469 1248 in
501 1210 608 1265 qua
629 1193 724 1265 qui
750 1195 1090 1265 recipientur
1114 1196 1361 1266 corporis
1387 1205 1441 1251 et
1471 1197 1669 1250 anima:
1700 1212 1831 1252 con-

213 1293 520 1358 sequentur
557 1286 902 1351 libertatem;
963 1295 1017 1342 et
1055 1304 1218 1358 quam
1266 1290 1321 1343 in
1379 1289 1554 1358 primo
1605 1296 1830 1358 parente

216 1380 596 1450 perdiderant,
633 1395 744 1434 non
783 1381 1015 1435 ulterius
1068 1381 1321 1436 amissuri
1364 1383 1634 1451 recipient
1668 1384 1829 1437 herc-

215 1468 471 1523 ditatem.
512 1468 765 1524 Continet
794 1469 956 1523 etiam
1002 1470 1146 1523 idem
1189 1487 1471 1539 numerus,
1513 1471 1565 1524 id
1594 1478 1674 1525 est
1704 1487 1834 1525 cen-

215 1569 355 1624 tum,
385 1553 580 1631 quater
600 1577 733 1614 xxv:
763 1561 858 1631 qui
891 1577 1156 1616 numerus
1172 1563 1456 1616 circularis
1486 1563 1832 1632 appellatur;

214 1663 282 1702 ac
331 1664 430 1718 per
486 1649 591 1702 hoc
633 1649 887 1721 designat
936 1656 1155 1703 centum
1217 1651 1531 1704 universum
1593 1651 1830 1720 spatium

214 1738 537 1808 temporalis
593 1738 740 1802 vitae,
774 1739 920 1810 quod
962 1746 1196 1809 quatuor
1226 1739 1587 1794 varietatibus
1627 1741 1829 1794 distin-

213 1837 364 1884 ctum
391 1847 615 1902 semper
644 1831 698 1884 in
730 1847 790 1885 se
831 1830 975 1885 sicut
1007 1832 1247 1885 circulus
1273 1831 1587 1902 replicatur.
1631 1832 1827 1887 Dicunt

209 1919 378 1974 etiam
406 1919 498 1991 qui
545 1928 793 1973 naturam
826 1928 1046 1974 centum
1079 1929 1381 1990 exponunt,
1425 1936 1548 1974 cum
1583 1927 1828 1990 potestas

209 2011 377 2079 hujus
406 2013 616 2067 numeri
642 2011 861 2086 signum
888 2012 945 2065 in
977 2013 1222 2066 dextram
1258 2029 1476 2066 manum
1507 2012 1821 2075 transferre,

208 2110 265 2155 et
294 2101 505 2155 eisdem
529 2102 716 2175 digitis
747 2101 951 2171 quibus
975 2101 1028 2155 in
1059 2101 1280 2154 sinistra
1312 2117 1415 2155 xxx
1443 2101 1737 2175 designant
1776 2110 1830 2157 et

213 2206 302 2256 1.x,
344 2187 682 2260 significare.
739 2187 868 2242 Cum
931 2197 1112 2243 autem
1180 2198 1234 2243 et
1285 2206 1387 2243 xxx
1425 2191 1830 2261 conjugationis

210 2282 583 2345 sanctitatem,
615 2287 669 2335 et
707 2297 771 2334 1.x
801 2280 1084 2334 viduitatis
1111 2281 1364 2335 ostendat
1389 2281 1716 2346 castitatem,
1740 2282 1829 2336 di-

205 2380 344 2428 cunt
373 2380 592 2427 centum
621 2372 748 2442 quia
794 2371 850 2424 in
883 2371 1127 2425 dextram
1178 2371 1475 2426 tranfertur
1534 2372 1827 2445 designare

210 2465 488 2521 felicitatis
520 2465 916 2529 aeternitatem;
941 2471 995 2519 et
1023 2465 1153 2536 quia
1185 2465 1380 2520 iisdem
1416 2466 1602 2540 digitis
1624 2467 1828 2536 quibus

211 2559 292 2614 illi
326 2559 434 2613 duo
469 2557 681 2612 numeri
720 2557 774 2611 in
805 2557 1028 2613 sinistra
1057 2558 1363 2630 signantur,
1406 2558 1702 2613 denotatur
1742 2574 1826 2612 re-

215 2650 541 2722 praesentari
564 2649 956 2722 virginitatem.

285 2745 456 2801 2LSi
497 2761 628 2816 ergo
678 2757 828 2801 recte
881 2760 1183 2816 pensamus
1223 2753 1278 2799 et
1311 2745 1419 2800 olei
1475 2751 1722 2801 naturam
1777 2754 1831 2801 et

212 2854 378 2910 quam
411 2837 582 2892 cadus
613 2836 861 2891 continet
884 2836 1268 2907 quantitatem,
1288 2852 1392 2892 nec
1423 2852 1532 2892 non
1563 2847 1829 2892 centena-

213 2929 280 2984 rii
312 2944 475 3000 quam
517 2927 942 2982 monstravimus
981 2927 1090 2981 vim
1141 2934 1195 2981 et
1241 2927 1604 2998 multiplicem
1658 2928 1830 3001 signi-

212 3020 562 3077 ficationem:
617 3035 1038 3094 cognoscemus,
1091 3019 1233 3076 sicut
1277 3021 1532 3091 superius
1577 3021 1828 3076 ostendi-

212 3128 360 3173 mus,
389 3110 631 3182 qualiter
671 3109 903 3181 quisque
944 3109 1144 3164 debeat
1184 3111 1413 3166 Domino
1442 3109 1692 3164 famulari
1728 3126 1825 3179 per

214 3203 363 3257 illam
383 3201 672 3256 monstrari
716 3200 1167 3271 reSponsionem;
1202 3202 1348 3272 quod
1383 3201 1513 3272 quia
1543 3201 1659 3255 sola
1685 3201 1821 3254 ratio

211 3308 274 3346 se
299 3290 558 3358 judicans
607 3295 660 3343 et
690 3289 994 3343 discutiens
1031 3289 1086 3342 in
1121 3305 1229 3361 quo
1259 3290 1588 3360 peccaverit,
1622 3289 1690 3343 de
1718 3289 1823 3344 sibi

212 3381 463 3451 subjecto
520 3385 672 3433 motu
719 3377 966 3448 corporis
1021 3378 1384 3452 recognoscit,
1444 3377 1663 3433 debitor
1731 3378 1822 3432 ille

215 3473 428 3546 primus
473 3471 658 3527 villico
714 3474 924 3525 centum
952 3470 1113 3524 cados
1151 3471 1252 3524 olei
1282 3486 1339 3524 se
1370 3470 1596 3524 domino
1626 3470 1829 3524 debere

211 3564 518 3635 respondit.
553 3563 694 3617 Nihil
739 3563 886 3616 enim
927 3561 1075 3616 aliud
1125 3561 1544 3633 intelligendum
1577 3562 1831 3615 videmus

214 3657 368 3730 quod
402 3656 622 3710 debitor
664 3655 966 3726 respondet
1011 3669 1068 3708 se
1119 3660 1326 3708 tantum
1378 3660 1527 3708 motu
1583 3653 1832 3723 corporis

215 3750 448 3815 debere,
480 3749 586 3803 nisi
618 3749 887 3804 rationem
921 3747 1235 3803 facultatem
1268 3746 1574 3817 corporalis
1602 3745 1833 3800 actionis

211 3843 624 3908 discutientem,
687 3842 834 3913 quod
898 3839 1256 3912 exposuimus
1316 3839 1382 3893 de
1424 3839 1537 3901 illa,
1592 3839 1822 3895 sentire.

213 3933 345 3998 Quis
392 3932 539 3987 enim
583 3930 750 3987 audet
786 3946 989 4005 negare
1041 3930 1171 4002 quin
1221 3946 1320 4000 per
1369 3935 1542 3984 totum
1590 3929 1826 3998 Spatium

219 4025 332 4080 vita
360 4032 550 4081 nostra
579 4038 794 4080 summo
851 4023 1033 4077 studio
1083 4021 1292 4093 absque
1345 4021 1474 4074 mali
1505 4021 1828 4090 cujusquam

218 4115 554 4171 admistione
580 4121 633 4169 et
656 4129 753 4184 pro
777 4113 951 4168 solius
981 4120 1202 4166 aeternae
1226 4112 1350 4166 vita
1383 4110 1607 4180 praemio
1632 4125 1832 4179 corpus

218 4205 288 4258 ad
332 4204 436 4259 hoc
465 4218 722 4260 exercere
754 4200 1076 4266 debeamus,
1110 4207 1169 4254 ut
1193 4198 1359 4254 ï¬dem
1391 4215 1573 4254 veram
1615 4198 1832 4252 miseri-

219 4293 424 4349 cordiae
457 4301 511 4346 et
547 4291 828 4346 charitatis
872 4287 1138 4359 Operibus
1192 4286 1559 4358 impleamus?
1597 4287 1648 4340 Si
1683 4286 1829 4340 enim

219 4397 342 4436 eam
385 4379 647 4448 operibus
698 4394 926 4433 vacuam
987 4377 1370 4448 relinquimus,
1411 4376 1647 4430 cadaver
1703 4375 1827 4429 fidei

224 4486 336 4526 non
367 4467 532 4523 ï¬dem
563 4469 739 4523 vivam
779 4467 864 4522 vel
902 4466 1268 4524 vivificantem
1325 4483 1424 4522 nos
1472 4465 1676 4520 habere
1709 4481 1829 4536 pro-

219 4569 436 4621 bamus.
468 4564 574 4619 Sed
629 4565 890 4636 quoniam
925 4564 1010 4618 vix
1067 4563 1346 4619 invenitur
1385 4561 1606 4617 debitor
1640 4561 1830 4629 hujus-

221 4653 372 4709 modi
404 4653 496 4724 qui
537 4653 783 4707 debitum
826 4652 930 4707 hoc
967 4652 1109 4706 sicut
1147 4651 1355 4706 debere
1383 4649 1829 4715 monstravimus,

220 4752 276 4798 et
304 4758 491 4798 verum
520 4751 622 4806 est,
664 4740 838 4811 possit
877 4740 1215 4812 persolvere,
1246 4738 1621 4794 necessarium
1657 4746 1742 4792 est
1775 4745 1834 4792 ut

221 4830 440 4886 villicus
478 4837 637 4884 caute
682 4829 902 4884 studeat
941 4828 1284 4883 debitoribus
1335 4827 1581 4883 debitum
1621 4833 1834 4897 tempe-

225 4937 364 4977 rare.
411 4921 522 4975 Nisi
583 4921 730 4975 enim
781 4921 922 4976 sicut
967 4928 1184 4990 oportet
1231 4927 1596 4990 temperatum
1646 4918 1832 4982 luerit,

223 5031 348 5070 cum
376 5015 487 5082 jam
522 5029 632 5069 non
665 5013 838 5083 possit
871 5012 1026 5068 reddi
1053 5011 1196 5066 sicut
1227 5012 1480 5076 debetur,
1519 5011 1648 5082 quia
1694 5011 1834 5064 male

222 5113 444 5160 cautum
489 5116 595 5172 est,
643 5115 874 5177 uterque
925 5104 1087 5158 simul
1144 5110 1199 5158 et
1251 5103 1470 5158 villicus
1521 5109 1575 5157 et
1621 5101 1838 5156 debitor

225 5196 416 5269 procul
440 5197 610 5253 dubio
637 5197 858 5269 peribit.
896 5197 1104 5251 idcirco
1145 5196 1362 5250 villicus
1391 5195 1466 5249 ait
1498 5195 1606 5248 illi:
1641 5197 1838 5265 Accipe

223 5297 520 5348 cautionem
549 5299 722 5360 tuam,
754 5299 802 5348 et
832 5295 952 5348 sede
981 5295 1105 5359 cito,
1139 5297 1188 5346 et
1211 5293 1384 5346 scribe
1413 5293 1832 5361 quinquaginta.

291 5386 378 5440 22.
431 5387 686 5442 Pluribus
726 5388 778 5441 in
822 5387 956 5443 locis
1011 5393 1282 5440 testantur
1324 5384 1615 5453 Scripturze
1669 5397 1837 5436 sacrae

226 5483 547 5530 tractatores
590 5475 1130 5547 quinquagenarium
1183 5488 1470 5528 numerum
1533 5470 1836 5525 secundum

225 5583 443 5622 carnem
494 5567 842 5638 peccantium
902 5566 1301 5620 cerrectionem
1362 5573 1416 5618 et
1459 5563 1838 5634 paenitentiam

228 5658 552 5732 designare:
615 5657 762 5728 quod
801 5671 866 5710 ex
948 5657 1190 5727 ipsarum
1270 5671 1449 5709 rerum
1502 5664 1695 5708 natura
1758 5652 1839 5707 fa-

228 5749 333 5805 cile
410 5757 737 5824 cognoscet,
813 5747 907 5819 qui
963 5747 1218 5813 voluerit,
1277 5757 1332 5802 et
1381 5746 1619 5817 potuerit
1667 5745 1840 5800 consi-

1856 1785 1905 1853 Î’

1938 546 2096 618 quies
2127 546 2317 600 decem
2358 546 2440 601 vel
2489 545 2678 599 decies
2715 544 2961 616 quinque
3004 552 3370 614 computetur.
3416 544 3546 599 Cum

1937 645 2117 692 autem
2151 652 2298 702 caro,
2328 652 2450 707 quae
2491 636 2735 707 quinque
2787 635 3045 690 sensibus
3096 643 3319 706 peccata
3359 636 3550 690 multi-

1940 729 2256 800 plicaverat,
2310 728 2377 782 ad
2431 727 2803 783 obedientiam
2837 728 3220 782 mandatorum
3269 727 3385 792 Dei,
3427 744 3547 799 qum

1938 819 2166 874 denario
2198 832 2426 872 numero
2466 817 2645 872 solent
2700 815 2956 888 intelligi,
2990 816 3151 884 redit,
3212 833 3333 871 cum
3368 817 3551 872 incre-

1940 919 2062 982 pata
2102 912 2298 984 quovis
2352 911 2516 967 modo
2569 920 2875 975 revocatur,
2939 918 3069 966 tunc
3121 910 3409 982 quinarius
3451 928 3547 982 per

1938 1000 2227 1055 denarium
2307 999 2669 1070 spiritualiter
2765 998 3188 1068 multiplicatur.
3273 999 3544 1070 Impossi-

1936 1088 2046 1144 bile
2103 1095 2283 1144 autem
2341 1098 2424 1143 est
2490 1095 2550 1143 ut
2618 1103 2744 1141 caro
2800 1103 2924 1158 quae
2985 1103 3248 1141 sensuum
3308 1088 3550 1142 delecta-

1932 1184 2136 1238 tionem
2169 1191 2357 1237 secuta
2386 1181 2560 1236 fuerat
2613 1181 2815 1236 divinis
2867 1181 3142 1234 mandatis
3168 1181 3431 1235 sabdatur
3474 1183 3543 1236 ad

1932 1277 2333 1340 obediendum,
2395 1276 2498 1330 nisi
2556 1276 2706 1348 prius
2747 1275 3068 1346 paenitendo
3099 1275 3346 1342 doluerit
3396 1278 3545 1346 quod

1933 1373 2241 1443 susceperit
2301 1371 2597 1442 aliquando
2682 1369 3066 1425 delectationis
3123 1369 3542 1423 sordidandum.

1937 1464 2091 1518 Unde
2107 1464 2239 1517 satis
2265 1462 2660 1517 convenienter
2691 1469 2871 1532 potest
2893 1461 3128 1532 intelligi
3155 1477 3253 1530 per
3273 1462 3548 1533 quinqua-

1934 1554 2219 1626 genarium
2263 1569 2547 1606 numerum
2591 1551 2968 1620 pcenitentiam
3009 1549 3306 1624 designari.
3347 1552 3431 1604 Est
3469 1562 3549 1605 ta-

1936 1661 2061 1699 men
2094 1644 2239 1698 aliud
2271 1645 2417 1716 quod
2449 1644 2502 1696 in
2535 1642 3009 1715 quinquagenario
3035 1643 3289 1697 volumus
3321 1643 3545 1709 intueri,

1933 1737 2141 1792 scilicet
2181 1737 2523 1806 corporalem
2558 1735 2720 1790 vitam
2774 1752 2804 1788 a
2859 1736 3117 1790 vitiorum
3167 1736 3421 1791 sordibus
3453 1754 3550 1806 per

1928 1830 2100 1884 sancti
2122 1828 2356 1900 Spiritus
2375 1829 2606 1900 gratiam
2628 1828 2992 1897 purgandam,
3025 1828 3095 1882 ob
3123 1845 3276 1897 spem
3312 1828 3545 1884 felicita-

1929 1919 1996 1972 tis
2034 1924 2253 1972 aeternze
2293 1932 2394 1971 nos
2424 1917 2478 1970 in
2508 1916 2627 1986 ipso
2659 1916 2884 1970 doceri:
2915 1916 3043 1969 hinc
3081 1917 3230 1970 enim
3273 1934 3538 1973 numerus

1930 2008 2074 2062 idem
2097 2006 2496 2079 quinquaginta
2520 2023 2549 2060 a
2574 2007 2889 2075 septenario
2923 2023 3017 2077 per
3045 2009 3416 2076 septenarium
3455 2027 3548 2064 su-

1933 2098 2220 2169 peraddita
2249 2098 2463 2152 unitate
2495 2104 2835 2167 procreatur.
2871 2098 3087 2169 Septies
3134 2099 3280 2153 enim
3342 2102 3550 2172 septies

1929 2207 2053 2245 xux
2087 2198 2235 2256 sunt,
2259 2191 2460 2261 quibus
2502 2190 2713 2244 unitate
2758 2191 3092 2261 superjecta,
3127 2192 3548 2267 quinquagena-

1931 2279 2044 2334 rius
2073 2287 2504 2336 consummatur.
2543 2279 2600 2332 In
2639 2279 2931 2349 Scripturis
2961 2296 3092 2334 vero
3121 2291 3312 2336 notum
3341 2292 3422 2338 est
3450 2303 3548 2355 per

1930 2369 2196 2423 unitatem
2226 2384 2346 2439 quae
2370 2368 2660 2422 divisionis
2683 2367 3109 2422 diminutionem
3143 2387 3251 2425 non
3276 2378 3540 2446 suscepit,

1930 2465 2190 2512 aeternam
2214 2456 2526 2510 felicitatem
2561 2456 3002 2530 designari,quae
3029 2459 3113 2511 sui
3149 2461 3538 2520 detrimentum

1929 2545 2152 2616 aliquod
2182 2546 2480 2616 aliquando
2540 2561 2649 2600 non
2681 2545 2869 2600 sentit.
2905 2546 3060 2610 Quod
3114 2549 3286 2618 ipsius
3325 2551 3541 2608 Domini

1931 2637 2114 2691 verbis
2145 2636 2201 2690 in
2252 2635 2547 2708 Evangelio
2578 2634 2636 2689 fit
2663 2636 3040 2704 manifestum,
3073 2639 3201 2693 dum
3245 2641 3376 2696 dieit
3403 2643 3544 2699 Mar-

1933 2728 2039 2782 tha:
2065 2727 2120 2781 in
2153 2727 2590 2782 administrando
2621 2727 2766 2782 circa
2804 2729 3041 2798 plurima
3073 2731 3348 2799 sollicitze,
3375 2734 3544 2791 beati-

1930 2822 2177 2877 tudinem
2225 2828 2486 2876 mternam
2537 2821 2890 2896 significans:
2933 2829 3096 2877 Porro
3135 2841 3301 2880 unum
3339 2833 3417 2882 est
3445 2846 3541 2883 ne-

1932 2915 2246 2972 cessarium,
2303 2912 2471 2966 Porro
2520 2917 2716 2980 septem
2765 2912 2940 2966 sancti
2994 2912 3232 2982 Spiritus
3288 2916 3545 2990 designat

1931 3001 2330 3070 operationem,
2361 3007 2586 3071 propter
2604 3001 2849 3068 ejusdem
2875 3002 3104 3072 gratiam
3139 3003 3539 3073 septiformem.

1932 3090 2189 3163 Designat
2220 3090 2386 3144 etiam
2411 3091 2700 3144 humanam
2729 3091 2916 3156 vitam,
2949 3091 3211 3161 quoniam
3242 3100 3296 3146 et
3326 3111 3395 3148 vn
3429 3095 3544 3150 die-

1851 3156 1899 3224 C
1923 3185 2024 3239 bus
2059 3185 2255 3258 agitur,
2289 3195 2342 3238 et
2375 3185 2442 3238 ab
2477 3185 2592 3254 ipsa
2632 3186 2992 3258 generatibne
3034 3202 3131 3256 per
3162 3189 3538 3257 septenarium

1925 3278 2172 3347 procedit
2190 3294 2363 3349 usque
2385 3278 2453 3331 ad
2487 3277 2905 3348 perfectionem,
2930 3287 2984 3332 et
3004 3293 3102 3348 per
3122 3280 3377 3333 eumdem
3414 3298 3532 3335 rur-

1923 3387 2016 3426 sus
2044 3371 2284 3426 declinat
2313 3372 2368 3425 in
2398 3371 2670 3426 defectum
2695 3379 2748 3425 et
2778 3371 3238 3426 debilitationem.
3273 3373 3401 3427 Cum
3426 3374 3532 3448 igi-

1928 3468 2018 3515 tur
2046 3461 2279 3515 carnalis
2304 3461 2431 3520 vita.
2459 3477 2580 3531 qua;
2605 3459 2792 3514 multis
2821 3461 2966 3514 vitiis
3001 3476 3097 3530 per
3126 3478 3185 3515 se
3207 3465 3542 3530 succumbit,

1932 3566 2029 3619 per
2057 3551 2283 3621 gratiam
2316 3551 2490 3603 sancti
2520 3550 2774 3619 Spiritus,
2801 3551 2920 3604 sine
2942 3551 3098 3617 cujus
3121 3567 3226 3620 ope
3259 3569 3367 3607 non
3400 3554 3544 3622 abji-

1933 3638 2076 3692 citur
2103 3638 2386 3708 iniquitas,
2419 3637 2486 3691 ab
2521 3637 2656 3707 ipsis
2686 3638 3049 3701 emundatur;
3083 3639 3214 3708 quid
3247 3641 3394 3694 aliud
3419 3650 3547 3698 tunc

1935 3729 2016 3795 fit,
2053 3729 2160 3783 nisi
2193 3729 2340 3800 quod
2380 3728 2730 3798 septenarius
2767 3729 3121 3782 humanitatis
3153 3746 3251 3799 per
3288 3732 3546 3801 spiritua-

1933 3821 2038 3873 lem
2063 3818 2434 3889 septenarium
2465 3816 2898 3887 multiplicatur?
2921 3817 3067 3888 quod
3095 3818 3139 3871 si
3158 3817 3211 3871 in
3235 3835 3335 3888 Spe
3361 3820 3536 3875 beati-

1935 3910 2060 3964 tatis
2081 3918 2303 3964 aeterna
2334 3907 2449 3973 fiat,
2472 3908 2653 3963 unitas
2669 3908 3145 3978 estsuperaddita,
3176 3916 3231 3963 et
3267 3910 3542 3982 quinqua-

1934 4003 2084 4076 ginta
2116 4001 2495 4072 perï¬ciuntur.

2007 4095 2091 4150 23.
2129 4096 2237 4150 Hoc
2268 4103 2514 4168 estergo
2541 4094 2688 4165 quod
2744 4100 2931 4148 monet
2969 4093 3184 4148 villicus
3233 4094 3540 4150 debitorem

1933 4185 2146 4240 Domini
2177 4183 2378 4250 facere,
2412 4185 2504 4255 qui
2529 4200 2588 4238 se
2620 4191 2840 4238 centum
2872 4183 3158 4238 confessus
3187 4195 3271 4237 est
3301 4201 3409 4238 non
3440 4186 3543 4240 ali-

1933 4277 2154 4347 quando
2183 4276 2513 4343 reddidisse,
2538 4275 2635 4330 sed
2659 4276 2890 4340 debere;
2915 4275 3128 4330 scilicet
3157 4277 3545 4332 utcautionem

1934 4388 2087 4427 suam
2111 4371 2365 4442 accipiat,
2399 4381 2451 4426 et
2478 4371 2587 4426 cito
2613 4371 2816 4425 sedens
2841 4388 2965 4426 cum
2993 4379 3212 4426 centum
3237 4387 3346 4426 non
3379 4373 3544 4427 suffiâ€”

1932 4462 2038 4516 ciat
2077 4461 2330 4528 reddere,
2388 4477 2448 4516 se
2488 4461 2888 4534 quinquaginta
2935 4461 3279 4516 redditurum
3319 4463 3540 4517 scribat.

1932 4553 2174 4618 Villicus,
2206 4553 2349 4608 sicut
2372 4553 2484 4622 jam
2501 4552 2758 4618 diximus,
2791 4553 2927 4608 ratio
2959 4559 3060 4619 est,
3093 4551 3310 4608 debitor
3349 4563 3544 4623 poten-

1935 4642 2007 4697 tia
2033 4641 2334 4711 corporalis
2360 4641 2614 4709 actionis,
2645 4642 2804 4712 cujus
2831 4641 3010 4696 cautio
3035 4641 3156 4709 jure
3185 4641 3384 4695 dicitur
3409 4643 3543 4697 illud

1937 4733 2084 4805 quod
2115 4734 2166 4788 ei
2205 4733 2439 4788 maxime
2493 4733 2741 4788 debitum
2773 4733 2987 4788 Domini
3028 4744 3445 4800 commemorat,
3489 4733 3544 4788 id

1935 4830 2019 4876 est
2049 4821 2304 4876 instantis
2334 4821 2595 4895 cogitatio
2629 4822 2840 4889 mortis,
2870 4828 2925 4876 et
2955 4822 3118 4876 timor
3145 4821 3422 4876 cruciatus
3449 4821 3540 4876 in-

1936 4912 2181 4968 fernalis.
2222 4913 2339 4967 Non
2368 4911 2514 4966 enim
2548 4910 2758 4982 aliquid
2787 4911 2936 4966 aliud
2969 4928 3078 4983 quo
3119 4911 3187 4966 ad
3219 4911 3541 4967 solvendum

1934 5007 2167 5063 Domino
2195 5005 2440 5061 debitum
2473 5005 2725 5076 corporei
2756 5013 2939 5060 motus
2969 5004 3216 5076 potentia
3243 5012 3350 5058 tam
3388 5013 3548 5061 cauta

1940 5109 1995 5156 et
2025 5100 2253 5170 provida
2274 5099 2554 5164 reddatur,
2578 5113 2740 5168 quam
2757 5097 2801 5152 si
2836 5113 2984 5153 mors
3006 5113 3226 5168 semper
3253 5096 3550 5154 imminens

1938 5200 1992 5245 et
2033 5187 2364 5264 gehennalis
2401 5187 2682 5242 damnatio
2713 5202 2823 5256 prae
2855 5187 3052 5242 mentis
3081 5185 3257 5243 oculis
3289 5189 3550 5244 continue

1941 5290 2208 5340 teneatur.
2234 5282 2384 5337 Tunc
2414 5282 2561 5336 enim
2605 5296 2709 5335 nec
2738 5279 2897 5335 facile
2929 5281 3208 5352 punienda
3248 5282 3466 5350 emittit,
3498 5289 3553 5338 et

1940 5392 2062 5449 qua
2095 5376 2344 5430 emisisse
2374 5390 2433 5430 se
2464 5374 2678 5441 recolit,
2703 5375 2882 5429 modis
2903 5374 3106 5446 quibus
3136 5381 3316 5446 potest
3346 5376 3551 5431 debere

1941 5465 2227 5521 contendit
2292 5465 2599 5520 Notandum
2631 5471 2814 5518 autem
2857 5464 2985 5534 quia
3010 5464 3159 5535 quod
3186 5464 3444 5518 scribitur
3484 5479 3553 5516 ne

1943 5557 2222 5611 oblivione
2254 5556 2517 5626 depereat
2544 5555 2844 5626 aliquando
2883 5563 3226 5626 procuratur.
3263 5553 3392 5607 Cum
3421 5567 3552 5624 ergo

1945 5651 2082 5706 ratio
2113 5666 2236 5722 quae
2264 5650 2442 5708 minas
2456 5649 2673 5704 Domini
2705 5647 2982 5716 formidat,
3015 5663 3246 5719 quaeque
3276 5660 3551 5718 recogno-

1945 5743 2047 5798 scit
2075 5757 2134 5797 se
2155 5741 2235 5796 illi
2271 5757 2380 5796 non
2410 5742 2647 5797 servisse
2675 5741 2958 5811 corporeis
2987 5738 3247 5797 motibus,
3282 5735 3431 5791 sicut
3467 5736 3556 5803 jus
