3938 6206
401 276 539 333 1143
1624 276 1678 328 S.
1723 275 1958 330 ODONIS
2000 272 2021 329 ί

2125 274 2244 328 lEll.
2291 272 2494 328 EI’ISC.
3605 278 3776 333 1144

402 406 693 463 crcationis
716 406 985 480 exigebat,
1013 406 1186 461 menti
1211 406 1357 478 quod
1390 422 1499 461 non
1523 414 1735 479 Oportet
1756 424 1855 477 per
1884 422 2004 463 cor-
2031 407 2079 476 Α
2105 420 2261 460 cusse
2285 405 2353 459 ad
2393 404 2695 459 custodiam
2739 404 3050 460 divinarum
3080 405 3458 462 doctrinarum
3499 423 3763 464 memo-

403 511 781 567 pusexcrcere
811 495 1040 561 volenti,
1074 501 1304 550 mortem
1353 510 1574 567 semper
1613 497 1908 550 instantem
1950 501 2005 549 ct
2104 495 2238 549 riam
2271 494 2528 549 excitare.
2553 494 2698 548 Idem
2733 495 2885 549 enim
2915 502 3178 566 operatur
3200 497 3472 553 memoria
3510 498 3593 553 ad
3625 513 3768 554 me-

400 587 752 642 infernalium
795 588 1079 643 horrorem
1132 604 1417 658 ptenarum
1474 589 1758 659 preponit;
1820 603 2004 643 nonne
2105 580 3365 654 dilationisccrtificationem,quodlittertead
3387 585 3597 657 sopitae
3628 603 3769 643 me-

402 686 531 732 tune
545 693 665 733 eam
685 677 841 748 quasi
872 678 1186 732 cautionem
1215 695 1366 733 suam
1399 680 1649 748 accipere
1680 677 2006 748 compellit?
2106 671 2295 725 moria?
2326 669 2766 725 suscitationem-

404 766 659 821 Eamdcm
692 781 912 837 quoque
952 767 1107 837 quasi
1141 768 1247 821 cito
1280 768 1473 822 sedere
1507 767 1686 835 jubet,
1732 782 1855 822 cum
1889 773 1945 821 ut
1976 782 2007 821 a

2176 759 2267 815 25.
2297 760 2577 826 Octoginta
2606 773 2736 813 vero
2767 768 2898 813 tunc
2926 759 3085 830 quasi
3112 758 3271 828 jubet
3303 760 3563 829 inscribi,
3612 777 3763 817 cum

402 855 562 909 malis
584 854 638 908 in
668 853 870 925 quibus
899 862 1023 909 ante
1047 862 1269 910 steterat
1293 856 1412 910 sine
1446 856 1709 911 dilatione
1741 857 2009 928 quiescat,
2113 853 2301 909 statuit
2338 853 2484 924 apud
2516 868 2575 907 se
2602 852 2861 908 mandata
2891 853 2988 908 Dei
3019 869 3143 925 quae
3173 854 3405 910 denario
3428 855 3765 931 designan-

404 944 756 1015 reprimendo
786 943 1009 997 suadet:
1050 944 1145 998 sed
1179 948 1584 1014 quinquaginta
1612 946 1851 999 scribere
1885 955 2014 999 tunc
2115 950 2222 1010 tur,
2246 949 2300 997 et
2330 942 2534 1013 quibus
2562 941 2632 996 ad
2661 957 2851 997 eorum
2884 941 3214 1013 explendam
3237 942 3553 1013 jussionem
3583 962 3765 1000 mens

404 1036 674 1101 hortatur,
706 1052 829 1091 cum
854 1035 1026 1089 sancti
1055 1035 1290 1105 Spiritus
1320 1036 1648 1104 adjutorium
1679 1037 1883 1092 debere
1912 1053 2015 1106 po—
2116 1034 2507 1096 succendatur,
2530 1049 2597 1088 ea
2633 1050 2757 1105 qua:
2781 1049 2878 1104 per
2916 1050 3009 1087 Vill
3038 1033 3491 1091 demonstrantur
3514 1035 3756 1109 absque

404 1128 617 1192 stulari,
647 1134 701 1181 et
744 1127 864 1195 ejus
903 1126 1106 1180 auxilio
1145 1128 1213 1181 ab
1252 1128 1512 1183 omnibus
1551 1144 1675 1200 quze
1716 1128 2008 1183 Dominum
2111 1128 2390 1185 oblivione
2421 1126 2827 1184 meditariﬂ’er
2864 1129 3209 1185 octonarium
3249 1129 3399 1184 enim
3429 1130 3763 1205 designan~

405 1217 621 1271 fuerant
650 1213 926 1271 offensura
961 1222 1142 1271 motus
1193 1230 1490 1286 corporeos
1532 1218 1837 1280 emendari,
1880 1218 2012 1273 hoc-
2112 1227 2201 1275 tur
2246 1220 2572 1291 simplicitas
2614 1220 2813 1274 divinae
2853 1220 3198 1288 substantiae,
3242 1238 3368 1294 quae
3421 1222 3602 1278 nullis
3637 1240 3752 1279 au-

405 1323 513 1379 que
545 1323 652 1361 non
685 1306 926 1373 horarie,
957 1307 1055 1361 sed
1088 1322 1186 1377 per
1215 1307 1454 1377 spatium
1488 1308 1612 1363 vitae
1643 1309 1788 1379 quod
1819 1324 2009 1379 super-
2114 1310 2376 1383 gmentis,
2399 1311 2562 1365 nullis
2588 1310 3073 1377 diminutionibus,
3096 1310 3265 1366 nullis
3294 1326 3526 1381 prorsus
3545 1313 3760 1368 alteri-

405 1407 488 1453 cst
514 1398 933 1453 immutabiliter
962 1396 1079 1452 fieri
1123 1398 1177 1453 in
1209 1415 1307 1470 spe
1338 1400 1745 1473 consequentiae
1768 1401 2006 1456 felicita-
2117 1401 2319 1455 tatibus
2349 1400 2691 1466 demutatur;
2741 1408 2795 1453 et
2825 1398 3202 1469 multiplicitas
3238 1399 3509 1455 bonitatis
3538 1401 3758 1471 ipsius,

405 1489 839 1545 tismternzesine
857 1490 1186 1556 cessatione,
1210 1492 1528 1559 meditatur,
1555 1499 1612 1547 ut
1636 1493 1717 1548 sic
1736 1491 1873 1548 fides
1888 1494 2009 1548 Tri-
2116 1504 2238 1561 qua?
2269 1495 2346 1542 ῐοῐ
2377 1494 2431 1542 εἰ
2498 1495 2647 1542 tanta
2695 1487 2919 1552 creavit,
2973 1502 3096 1542 cum
3122 1487 3233 1542 illis
3258 1503 3369 1543 non
3417 1497 3607 1560 egeat,
3642 1506 3761 1561 qua

407 1579 592 1633 nitatis
622 1579 960 1633 intemerata:
990 1586 1315 1634 conservata
1345 1581 1629 1636 charitatis
1655 1582 1922 1652 Operibus
1963 1589 2017 1636 et

407 1674 799 1730 misericordiae
830 1674 1366 1744 utiliterimpleatur.
1396 1676 1585 1747 Neque
1611 1677 1761 1731 enim
1795 1678 2018 1748 prodest

408 1765 572 1820 fidem
616 1765 892 1820 Trinitatis
936 1765 1141 1820 habere
1194 1766 1280 1821 vel
1312 1782 1481 1838 Opera
1528 1768 1926 1824 misericordia?
1963 1776 2017 1823 et

409 1857 689 1914 charitatis
735 1872 992 1911 exercere
1023 1857 1072 1911 ei
1110 1857 1200 1928 qui
1230 1858 1471 1913 noluerit
1524 1858 1806 1914 immunda
1837 1861 2020 1916 carnis

409 1962 576 2016 Opera
598 1962 628 1999 a
655 1962 716 2000 se
755 1944 1087 2001 dimittenda
1117 1961 1429 2009 removere;
1459 1956 1513 2002 et
1547 1950 2018 2020 utcompendiose

410 2036 557 2108 quod
590 2034 971 2091 ratiocinando
1002 2034 1197 2091 diffuse
1228 2036 1432 2092 dictum
1466 2045 1549 2093 est
1579 2041 2020 2111 comprehenda-

412 2145 553 2195 mus,
595 2144 718 2182 cum
760 2128 920 2195 ratio,
952 2144 1073 2199 quae
1103 2144 1163 2183 se
1204 2130 1347 2185 bene
1378 2146 1486 2186 non
1517 2131 1716 2187 vixisse
1751 2150 2022 2208 recogno—

410 2223 533 2288 scit,
566 2221 919 2277 acerbitatem
962 2223 1301 2293 ptenitentiae
1339 2224 1426 2278 vel
1478 2240 1587 2280 non
1628 2226 1816 2280 valens
1858 2226 2020 2293 ferre,

410 2314 495 2370 vel
528 2313 977 2385 perhorrescens,
1017 2313 1257 2386 qualiter
1287 2316 1577 2371 Dominum
1603 2318 1818 2387 placare
1847 2318 2024 2374 valeat

413 2403 661 2475 inquirit,
703 2403 849 2473 apud
878 2418 937 2458 se
967 2402 1199 2458 firmiter
1223 2405 1415 2460 statuit
1445 2413 1673 2462 mortem
1725 2406 2023 2462 imminen-

412 2512 544 2569 tem,
566 2507 620 2557 et
642 2508 1036 2559 tormentorum
1069 2518 1192 2574 qute
1215 2510 1439 2558 manent
1469 2503 1669 2575 impios
1690 2504 2022 2561 ineffabilem

415 2597 697 2652 horrorem
745 2601 934 2651 contra
973 2594 1308 2651 voluntatem
1365 2596 1664 2651 carnalium
1709 2598 2027 2654 delectatio-

414 2704 564 2753 num,
593 2702 715 2759 quae
744 2686 962 2741 assidue
995 2693 1306 2754 recurrunt,
1338 2688 1600 2743 continue
1639 2690 1948 2761 reSpicere;
1973 2699 2028 2747 et

414 2783 541 2837 ideo
579 2781 797 2837 amalis
851 2779 1053 2852 quibus
1107 2780 1397 2836 Dominum
1452 2780 1755 2837 offenderat
1800 2783 2025 2840 indilate

415 2870 721 2942 quiescere,
752 2875 807 2925 et
836 2875 895 2924 ut
924 2870 1088 2924 vitam
1117 2886 1240 2941 quae
1268 2877 1435 2926 restat
1466 2869 1869 2927 immaculatum
1926 2875 2026 2928 dn-

416 2976 543 3016 cere
564 2961 761 3028 valeat,
790 2968 1041 3016 sanctum
1070 2961 1335 3032 Spiritum
1363 2963 1671 3029 adjutorem
1705 2965 1912 3036 absque
1941 2966 2026 3019 in-

416 3049 765 3105 termissione
799 3049 1075 3114 invocare,
1108 3050 1350 3123 fideique
1402 3051 1683 3109 Trinitatis
1729 3053 2025 3109 individua;

2117 1586 2174 1634 et
2220 1586 2404 1633 creata
2437 1579 2767 1643 subsistunt,
2811 1578 3007 1633 ordine
3062 1577 3305 1633 mirabili
3355 1582 3757 1648 continentur,

2118 1679 2171 1724 et
2198 1671 2491 1741 speciebus
2519 1669 2953 1725 multiformibus
2984 1670 3249 1743 omnique
3299 1687 3506 1747 genere
3540 1674 3756 1729 motio-

2121 1764 2205 1818 nis
2231 1764 2640 1834 distinguuntur
2662 1770 2717 1819 et
2734 1763 3056 1831 alterantur,
3086 1764 3357 1836 nobisque
3377 1764 3447 1819 ab
3474 1780 3544 1821 eo
3572 1775 3754 1837 prout

2119 1854 2319 1925 cuique
2346 1854 2497 1908 videt
2547 1854 2848 1909 convenire
2891 1854 3322 1910 misericorditer
3357 1855 3754 1915 conferuntur.

2122 1947 2447 2019 Designatur
2476 1946 2642 2001 etiam
2686 1946 2894 2001 eodem
2947 1947 3230 2003 octonario
3286 1948 3509 2021 gemina
3549 1949 3651 2005 Dei
3703 1961 3763 2005 et

2120 2038 2355 2109 proximi
2396 2037 2640 2094 dilectio.
2673 2053 2883 2109 sexque
2917 2037 3200 2105 virtutum,
3232 2037 3361 2095 ﬁdei
3408 2040 3650 2105 scilicet,
3701 2048 3759 2096 et

2126 2134 2440 2204 pudicitiae,
2501 2133 2854 2199 humilitatis,
2898 2132 3238 2201 sobrietatis,
3312 2135 3752 2200 munificentiae,

2125 2220 2521 2276 misericordia!
2549 2228 2604 2275 et
2632 2222 2944 2277 concordia:
2969 2220 3257 2293 perfectio.
3289 2223 3578 2297 Signiﬁcat
3600 2226 3753 2280 nihi-

2128 2306 2370 2361 lominus
2390 2307 2534 2362 idem
2564 2325 2830 2364 numerus
2854 2308 3010 2375 fidei,
3035 2311 3178 2381 spei,
3210 2312 3495 2367 cbaritatis
3521 2329 3753 2384 posseso

2124 2396 2363 2464 sionem,
2398 2406 2452 2452 et
2484 2415 2646 2469 quam
2679 2398 2972 2454 conferunt
3014 2415 3140 2456 sese
3178 2399 3418 2457 ﬁdeliter
3449 2403 3751 2473 possiden-

2127 2496 2274 2550 tibus
2321 2497 2703 2552 aeternitatem.
2762 2496 2963 2552 Eodem
3004 2513 3229 2569 quoque
3265 2514 3502 2555 numero
3564 2506 3751 2570 potest

2129 2587 2361 2662 intelligi
2402 2588 2668 2659 fragilitas
2719 2589 3090 2660 corruptionis
3141 2605 3445 2661 corporeae,
3500 2608 3630 2663 quae
3688 2591 3748 2648 ﬁt

2128 2685 2363 2749 quatuor
2402 2679 2801 2735 elementorum
2861 2697 2893 2736 a
2946 2696 3005 2736 se
3062 2681 3296 2737 invicem
3353 2683 3747 2740 dissidentium

2125 2770 2498 2840 separatione,
2540 2779 2594 2826 et
2625 2772 2954 2843 praeparatio
2995 2773 3063 2827 ad
3116 2772 3594 2846 incorruptionem
3622 2792 3745 2832 cor-

2126 2860 2297 2930 poris,
2322 2878 2444 2932 quze
2473 2860 2536 2918 fit
2562 2873 2801 2934 quatuor
2827 2864 3114 2927 virtutum,
3142 2865 3473 2936 prudentia,
3499 2867 3749 2935 jnstitite.

2125 2956 2466 3012 fortitudinis
2494 2965 2549 3013 et
2582 2960 2965 3029 temperantite
2999 2959 3409 3016 observatione.
3465 2961 3526 3016 In
3554 2962 3750 3017 eodem

2127 3042 2383 3098 similiter
2412 3052 2592 3115 potest
2643 3047 2905 3120 cognosci
2956 3056 3220 3119 quantum
3249 3048 3520 3104 charitas
3551 3049 3751 3106 debeat

415 3140 778 3211 congruentia
830 3155 999 3209 opera
1047 3141 1436 3196 misericordiae
1469 3150 1523 3197 et
1563 3143 1842 3198 charitatis
1869 3160 2031 3199 exer-
2058 3114 2107 3181 (λ
2130 3154 2160 3193 a
2192 3153 2513 3209 possessoro
2544 3139 2801 3195 diffundi.
2861 3142 3236 3216 Designantur
3265 3142 3431 3198 etiam
3474 3150 3600 3199 octo
3641 3151 3750 3199 sta-

416 3245 563 3284 cere.
595 3228 747 3283 Tunc
777 3228 992 3284 villicus
1016 3230 1175 3298 jubet
1223 3230 1530 3287 debitorem
1570 3232 1781 3286 domini
1816 3234 2029 3289 cautio-

416 3333 542 3371 nem
573 3332 724 3371 suam
756 3332 996 3383 sumere,
1029 3317 1137 3372 cito
1168 3317 1365 3372 sedere
1411 3328 1465 3373 et
1493 3319 1737 3374 scribere
1781 3336 1841 3375 se
1872 3322 2031 3394 quin-

415 3404 681 3478 quaginta
710 3404 879 3460 cados
906 3404 1013 3460 olei
1043 3405 1273 3461 Domino
1298 3406 1505 3462 debere

482 3496 572 3550 2t.
604 3495 758 3562 Quod
787 3503 968 3551 autem
1009 3496 1149 3551 alius
1177 3503 1385 3554 centum
1412 3516 1558 3555 coros
1593 3504 1767 3556 tritici
1797 3518 2029 3573 reSpono

415 3592 508 3647 det
535 3608 595 3647 se
626 3591 853 3660 debere,
874 3591 1149 3666 signiﬁcat
1178 3594 1448 3650 rationem
1471 3595 1540 3650 de
1565 3597 1809 3667 potentia
1848 3599 2025 3652 medi-

416 3680 564 3737 tandi
595 3681 802 3737 sentire
832 3682 979 3754 quod
1013 3683 1161 3737 omni
1188 3690 1434 3755 tempore
1464 3694 1518 3740 et
1547 3686 1669 3741 sine
1696 3687 2029 3742 admistione

413 3770 711 3838 cuiuslibet
742 3771 1045 3826 immundae
1072 3772 1157 3826 vel
1179 3772 1364 3844 aliquo
1396 3774 1561 3829 modo
1593 3775 1769 3829 noxize
1795 3776 2032 3829 medita-

414 3860 597 3927 tionis,
630 3878 848 3917 summo
870 3862 1055 3918 studio
1086 3864 1453 3930 etstabiliter,
1493 3880 1604 3919 non
1630 3865 1955 3920 alternando
1977 3867 2028 3920 in

412 3964 511 4019 spe
543 3948 902 4004 beatitudinis
923 3951 1639 4021 adipiscendae,secundum
1675 3954 1918 4027 regulam
1953 3954 2025 4008 ti-

411 4037 499 4092 dci
522 4038 805 4094 catholica:
836 4038 1036 4095 debeat
1065 4039 1252 4095 divina
1284 4049 1563 4111 praecepta
1582 4041 1905 4097 meditando
1938 4060 2026 4097 rc-

410 4126 1014 4193 volvere,etCreatoris
1043 4128 1365 4184 immensam
1391 4130 1792 4203 benignitatem
1827 4140 1879 4187 et
1900 4150 2026 4206 gra-

408 4219 534 4273 tiam
566 4218 892 4274 admirando
931 4219 1307 4276 considerare.
1366 4222 1552 4294 Neque
1585 4223 1732 4277 enim
1764 4223 1912 4278 aliud
1939 4225 2027 4280 hic

407 4320 629 4366 centum
681 4311 995 4383 significare
1052 4314 1331 4368 credimus
1381 4330 1544 4386 quam
1603 4314 1765 4386 primi
1820 4316 2027 4371 debito-

409 4401 483 4456 ris
512 4403 907 4473 responsione:
964 4405 1061 4458 sed
1092 4404 1330 4460 triticum
1360 4406 1508 4460 aliud
1550 4406 1805 4480 designat
1858 4425 2020 4479 quam

2130 3233 2219 3281 tus
2249 3228 2444 3282 eodem
2481 3244 2712 3285 numero
2740 3229 2944 3302 quibus
2994 3246 3144 3295 vera,
3179 3247 3302 3303 quae
3332 3247 3560 3303 quoquo
3587 3234 3748 3289 modo

2132 3319 2383 3388 capiatur
2408 3336 2517 3375 una
2549 3328 2855 3390 permanet,
2892 3323 3389 3392 comprehenditur
3428 3323 3745 3381 beatitudo:

2130 3423 2270 3479 quos
2299 3410 2564 3465 Dominus
2608 3411 2726 3482 ipse
2768 3411 2928 3482 plene
2984 3412 3149 3467 nobis
3199 3411 3407 3467 indicat
3463 3412 3517 3466 in
3577 3412 3746 3467 Evan-

2127 3498 2275 3572 gelio
2316 3498 2511 3554 beatos
2552 3516 2827 3571 panpercs
2875 3501 3095 3571 spiritu,
3142 3508 3198 3556 et
3250 3506 3452 3556 caetera
3495 3518 3621 3572 quae
3665 3518 3747 3557 se-

2127 3595 2373 3657 quuntur
2424 3588 2784 3644 insinuando.
2843 3588 3015 3644 Habet
3064 3589 3229 3644 etiam
3286 3589 3433 3643 idem
3488 3605 3745 3645 numerus

2134 3673 2595 3747 significationem
2639 3676 2937 3747 mquitatis,
2970 3685 3028 3732 et
3055 3694 3177 3750 qua:
3222 3677 3371 3732 nulla
3402 3693 3468 3733 ex
3505 3687 3660 3749 parte
3685 3680 3746 3734 sit

2133 3765 2456 3820 vacillabilis
2479 3767 2825 3823 stabilitatis:
2866 3785 2989 3839 quae
3021 3769 3210 3824 omnia
3231 3785 3355 3825 cum
3387 3769 3444 3823 in
3472 3771 3746 3825 mandato-

2133 3874 2249 3911 rum
2275 3858 2368 3913 Dei
2387 3859 2747 3914 meditatione
2772 3860 3149 3927 revolvuntur,
3170 3860 3301 3933 quid
3329 3861 3485 3916 aliud
3509 3860 3569 3917 fit
3590 3879 3739 3934 quam

2132 3946 2323 4001 decem
2375 3963 2472 4017 per
2514 3949 2879 4016 octonarium,
2934 3956 2993 4004 ut
3077 3950 3365 4025 octoginta
3429 3961 3737 4025 generetur,

2129 4039 2582 4110 multiplicantur.
2645 4042 2704 4096 ln
2763 4041 2849 4095 bis
2900 4049 3087 4097 autem
3138 4041 3251 4098 fere
3302 4043 3487 4098 omnis
3550 4052 3737 4099 sancta:

2129 4130 2507 4185 meditationis
2535 4131 2767 4185 materia
2794 4131 3126 4187 continetur.

2196 4220 2285 4273 26.
2319 4220 2423 4273 Sed
2470 4219 2700 4275 forsitan
2734 4226 2940 4291 quaeret
2980 4220 3181 4292 aliquis
3209 4221 3413 4293 quibus
3445 4222 3565 4276 haec
3596 4224 3731 4278 simi-

2127 4309 2459 4365 litudinibus
2500 4309 2553 4364 in
2599 4309 2886 4365 octonario
2941 4310 3411 4365 demonstrentur.
3482 4310 3581 4366 Cui
3635 4313 3729 4383 pri-

2129 4416 2275 4453 mum
2311 4399 2682 4454 necessarium
2725 4407 2812 4455 est
2859 4406 2920 4454 ut
2958 4408 3274 4473 cognoscat,
3335 4399 3487 4471 quod
3542 4401 3727 4473 absque

405 4494 611 4562 oleum,
643 4494 737 4550 Dei
770 4504 1043 4569 praecepta
1072 4497 1303 4560 scilicet,
1348 4505 1403 4553 et
1431 4477 1834 4570 gratiam-ejus
1874 4477 2095 4555 Chri-D
2124 4493 2513 4562 praedictorum
2577 4492 2940 4547 meditatione
2980 4491 3146 4547 nullae
3194 4490 3304 4545 nisi
3345 4490 3578 4547 forsitan
3613 4494 3729 4548 sim-

405 4593 570 4650 stum,
598 4602 708 4657 qua
746 4585 1045 4657 pascimur,
1080 4585 1226 4658 quod
1258 4586 1438 4657 palam
1470 4595 1556 4641 est
1589 4587 1643 4641 in
1673 4587 1856 4642 multis
1886 4588 2021 4645 locis

404 4676 809 4749 Scripturarum
858 4676 1127 4732 invenire.
1190 4676 1375 4732 Corus-
1414 4688 1597 4733 autem
1650 4695 1754 4734 xxx
1804 4680 2022 4737 modios

403 4767 700 4824 continens
731 4784 990 4823 mensura
1041 4769 1395 4839 perhibetur;
1441 4778 1496 4825 et
1548 4787 1672 4826 cum
1714 4788 1821 4825 xxx
1865 4778 1947 4826 ter
1986 4789 2019 4828 χ

2125 4581 2350 4651 plicium
2390 4588 2608 4635 mentes
2652 4580 3045 4651 iustiﬁcentur.
3092 4579 3335 4644 Qualiter
3388 4580 3540 4635 enim
3567 4590 3727 4653 potest

2122 4686 2281 4726 mens
2309 4670 2571 4742 quaslibet
2597 4671 2829 4739 justitiae
2850 4670 3080 4726 formam
3106 4686 3349 4737 servare,
3383 4687 3510 4742 quae
3540 4672 3723 4728 divinae

2122 4763 2445 4818 substantiae
2464 4763 2878 4835 simplicitatem
2903 4777 3065 4819 omne
3096 4762 3301 4817 bonum
3336 4762 3721 4832 perfectissime

2119 4853 2476 4921 continentis,
2519 4860 2575 4907 et
2629 4852 2781 4907 nullo
2836 4851 3001 4907 modo
3040 4849 3421 4918 demutabilis,
3480 4851 3567 4906 vel
3623 4867 3719 4907 non

2117 4949 2251 5015 vult,
2282 4940 2366 5003 vel
2400 4964 2511 5003 non
2553 4950 2699 5003 valet
2728 4947 2990 5020 cogitare,
3038 4953 3093 5001 et
3129 4961 3253 5018 quae
3305 4954 3416 5001 tam
3462 4945 3718 5002 multifor-

2118 5038 2226 5093 mia
2256 5054 2379 5110 quae
2434 5038 2587 5093 videt
2641 5045 2749 5092 tam
2792 5036 3115 5092 multimode
3154 5035 3353 5090 variari
3409 5036 3528 5091 sola
3574 5036 3715 5092 boni-

2116 5144 2227 5190 tate
2280 5134 2454 5205 ipsius
2483 5133 2577 5205 qui
2626 5132 2711 5187 his
2765 5148 2876 5188 non
2919 5132 3131 5207 indiget
3182 5146 3294 5186 non
3351 5131 3714 5188 animadvertit

2115 5227 2372 5293 existere,
2405 5226 2770 5296 ejusdemque
2794 5224 3049 5297 jussionc
3085 5223 3141 5277 in
3172 5230 3280 5278 tam
3305 5223 3508 5278 multas
3535 5224 3711 5279 demu-

2115 5318 2352 5374 tationcs
2396 5316 2656 5381 transire;
2713 5322 2769 5371 et
2821 5330 3167 5387 quaecunque
3219 5312 3370 5369 bona
3397 5313 3505 5369 sibi
3536 5315 3706 5369 adesse

2113 5410 2453 5484 cognoverit,
2486 5409 2604 5464 sive
2635 5408 2872 5463 carnalia
2901 5407 3020 5462 sive
3051 5405 3384 5476 spiritualia,
3419 5405 3489 5460 ab
3514 5422 3579 5462 eo
3606 5406 3703 5461 dari

2110 5516 2467 5576 cognoscere,
2514 5501 2596 5555 vel
2654 5515 2777 5571 quae
2822 5499 2944 5553 sine
2992 5497 3286 5552 collatione
3328 5512 3442 5552 non
3492 5496 3703 5569 exquirit

2106 5587 2343 5660 qualiter
2387 5587 2707 5642 charitatem
2750 5585 2923 5657 possit
2962 5591 3016 5639 et
3057 5584 3259 5640 debeat
3308 5584 3610 5655 possidere,
3652 5592 3698 5639 et

2103 5694 2201 5733 sex
2230 5675 2456 5733 virtutes
2485 5691 2623 5749 quas
2661 5672 3202 5747 priemonstravimus
3238 5688 3379 5748 .non
3407 5673 3587 5731 studet
3612 5673 3694 5729 ob-

400 4858 702 4922 contineat,
728 4865 874 4913 recte
902 4873 1003 4930 per
1028 4873 1219 4913 eorum
1237 4858 1518 4914 Trinitatis
1547 4859 1705 4927 lides,
1738 4860 2017 4915 sicuteam

400 4955 653 5005 astruunt
679 4950 879 5007 divina;
920 4951 1235 5023 Scriptura},
1290 4967 1415 5024 qua:
1445 4952 1676 5009 denario
1725 4952 2018 5026 designan-

403 5050 509 5105 tur,
534 5040 816 5113 ﬁguratur.
831 5041 969 5107 Quia
996 5058 1128 5099 vero
1158 5050 1213 5099 et
1244 5043 1406 5113 hujus
1426 5043 1600 5099 debiti
1630 5044 1876 5100 redditor
1897 5062 2017 5103 raro

400 5139 583 5203 potest
610 5133 865 5203 inveniri,
892 5144 1107 5192 constat
1131 5135 1279 5191 enim
1308 5151 1504 5192 omnes
1534 5135 1649 5193 fere
1679 5144 1895 5192 mentes
1923 5138 2017 5194 ho-

400 5222 612 5278 minum
639 5224 848 5293 majore
873 5227 1139 5298 temporis
1156 5228 1337 5299 spatio
1356 5228 1690 5284 vanitatibus
1708 5229 2016 5286 innumeris

399 5314 688 5384 occupari;
721 5331 953 5373 necesse
975 5320 1150 5374 estad
1172 5319 1405 5375 salutem
1427 5319 1596 5376 villici
1626 5328 1681 5375 et
1711 5321 1818 5377 hoc
1848 5321 2012 5375 debi-

401 5408 516 5456 tum
550 5409 873 5473 temperare.
914 5406 1151 5480 .titergo
1183 5406 1292 5462 illi:
1323 5408 1512 5478 Accipe
1548 5409 1761 5464 litteras
1793 5413 1936 5473 tuas,
1964 5415 2013 5465 et

398 5491 570 5547 scribe
596 5496 890 5561 octoginta;
917 5497 1180 5566 quoniam
1222 5498 1421 5555 litteris
1459 5498 1781 5554 memoriam
1813 5505 2004 5554 custo-

399 5582 505 5637 diri
536 5584 888 5639 manifestum
915 5594 1020 5655 est,
1072 5590 1228 5660 quasi
1270 5590 1479 5646 litteras
1531 5606 1658 5645 suas
1700 5591 2002 5661 potentiam

401 5669 701 5727 meditandi
723 5672 862 5728 ratio
885 5672 1042 5740 jubet
1069 5676 1343 5746 accipere,
1376 5694 1500 5734 cum
1529 5677 1775 5750 disponit
1804 5678 2000 5736 incon-
