3938 6206
199 319 339 375 1145

1310 318 1528 375 HOMIL.
1575 322 1656 376 DE
1699 321 1952 378 VILLICO
1993 323 2405 386 lNlQUlTATlS.

3383 315 3519 372 1146

192 437 396 505 tinere,
430 435 518 491 vel
566 451 718 507 spem
747 443 804 491 et
848 434 1034 503 ﬁdem,
1069 442 1124 492 et
1164 436 1487 492 charitatem
1519 453 1668 492 nunc
1707 439 1808 492 ha-
1837 443 1888 510 Α
1912 439 2063 513 ginta
2084 439 2447 510 complentur.
2477 436 2606 500 Quae
2627 435 2812 490 omnia
2837 435 2882 490 si
2913 434 3194 490 memoriae
3218 447 3382 505 quam
3406 444 3517 486 non

191 530 432 596 bendas,
476 535 535 583 ut
584 528 659 583 ait
697 529 1011 600 Apostolus,
1053 545 1410 604 cognoscere,
1440 537 1494 584 et
1523 531 1807 586 aeternita-

194 629 305 675 tem
338 638 437 692 per
467 637 561 675 eas
585 636 644 674 se
667 621 932 692 consequi
964 637 1125 692 posse
1156 620 1459 688 conﬁdere,
1499 621 1581 675 vcl
1609 637 1802 692 corpo-

195 711 272 764 ris
313 709 830 780 corruptibilitatem
864 721 1245 778 contemnere,
1276 719 1331 766 et
1369 711 1437 766 ad
1471 712 1807 783 incorrupti-

195 802 469 858 bilitatem
489 818 546 856 se
575 817 672 872 per
700 811 937 873 quatuor
967 802 1089 858 illas
1126 803 1550 874 praenominatas
1583 803 1812 858 virtutes

197 911 530 966 praeparare,
565 894 652 949 vel
690 901 955 966 quantum
984 895 1221 949 charitas
1251 895 1470 950 extendi
1510 902 1564 950 et
1594 894 1808 949 dilatari

195 985 402 1040 debeat
431 986 764 1060 excogitare,
797 993 850 1040 et
903 986 1302 1042 beatitudinem
1335 1004 1459 1058 quae
1489 1001 1598 1042 non
1640 986 1813 1057 possit

195 1075 474 1130 demutari
512 1076 832 1130 desiderare
871 1083 925 1130 et
964 1082 1023 1130 ut
1066 1091 1188 1129 eam
1227 1078 1494 1148 consequi
1537 1083 1814 1131 mereatur

197 1167 334 1239 quid
365 1167 471 1222 sibi
497 1168 570 1222 sit
598 1168 872 1239 agendum
893 1167 1170 1240 aequitatis
1197 1169 1350 1223 lance
1377 1185 1632 1239 pensare,
1666 1176 1722 1224 et
1755 1169 1811 1224 in

198 1261 284 1315 his
313 1259 576 1316 omnibus
603 1276 757 1314 suam
790 1260 1202 1315 meditationem
1233 1261 1498 1316 stabilire.

267 1349 362 1404 27.
407 1348 536 1404 Cum
591 1350 756 1422 igitur
785 1351 902 1405 haec
931 1351 997 1405 ad
1038 1351 1303 1406 mentium
1358 1352 1809 1422 justiﬁcationem

197 1437 313 1494 sint
350 1438 682 1501 necessaria,
736 1445 884 1493 recte
924 1456 1025 1510 per
1070 1440 1414 1495 octonarium
1465 1440 1809 1515 designatur.

199 1532 310 1586 lste
343 1547 586 1602 namque
615 1547 881 1586 numerus
935 1542 1158 1602 pr0pter
1211 1539 1616 1587 sacramentum
1663 1533 1812 1604 quod

197 1625 472 1694 continet,
499 1643 530 1680 a
547 1626 872 1697 quibusdam
886 1627 1232 1697 sapientibus
1249 1628 1458 1696 justitia
1478 1628 1808 1684 nominatur.

1909 534 2092 590 doleat
2119 530 2324 588 oblivio
2377 527 2855 593 commendamus,
2904 527 3181 600 octoginta
3221 539 3379 580 coros
3409 521 3518 576 tri-

1909 627 1999 682 tici
2028 632 2232 680 tantum
2263 636 2367 676 nos
2393 619 2599 674 debere
2628 618 2856 674 Domino
2879 618 3077 672 litteris
3106 617 3307 673 nostris
3337 616 3514 671 adno-

1910 729 2088 776 tamus
2135 719 2243 773 Nos
2273 715 2422 771 enim
2449 728 2637 769 sumus
2676 711 3056 783 unusquisque
3084 710 3140 764 in
3169 725 3227 764 se
3261 710 3380 781 ipso
3410 707 3522 762 vil-

1911 814 2050 868 licus
2077 810 2426 866 etdebitores
2450 825 2463 861 :
2495 805 2712 862 villicus
2736 805 2973 871 ratione,
3002 804 3100 858 sed
3132 803 3376 874 potentia
3397 819 3523 858 cor-

1913 918 2094 975 porcae
2123 899 2356 956 actionis
2401 904 2456 952 et
2481 895 2856 951 meditationis
2902 894 3200 949 debitores.
3250 893 3385 967 Ergo
3413 893 3524 947 fra-

1915 1003 2024 1049 tres
2057 993 2110 1048 in
2139 1008 2206 1048 eo
2238 993 2387 1063 quod
2438 987 2603 1044 villici
2658 1002 2848 1042 sumus
2901 986 3387 1042 comminationem
3415 985 3522 1039 Do-

1913 1084 2046 1138 mini
2105 1085 2172 1138 de
2210 1082 2485 1137 villicatus
2516 1078 2812 1144 ablatione,
2859 1078 2986 1150 quia
3030 1077 3176 1131 bona
3233 1075 3380 1130 illius
3412 1090 3523 1130 non

1912 1180 1970 1228 ut
1996 1173 2238 1244 oportuit
2265 1171 2604 1227 servavimus
2649 1168 3031 1235 formidantes,
3075 1175 3129 1221 et
3155 1166 3304 1220 nein
3345 1165 3522 1219 medi-

1912 1265 2171 1321 tationem
2222 1264 2576 1319 devolvamur
2613 1268 3020 1334 praecaventes;
3063 1259 3133 1313 de
3187 1255 3523 1312 villicatione

1915 1362 2098 1412 nostra
2125 1356 2253 1410 dum
2285 1356 2412 1410 licet
2443 1353 2764 1425 paenitendo
2807 1351 3078 1406 rationem
3112 1348 3435 1410 reddamus;
3471 1353 3527 1400 et

1915 1452 2078 1508 nobis
2116 1451 2251 1522 ipsis
2299 1450 2351 1503 in
2404 1464 2470 1504 eo
2511 1446 2659 1520 quod
2712 1445 3021 1500 debitores‘
3047 1456 3258 1504 sumus,
3300 1437 3520 1494 Domini

1915 1541 2163 1596 debitum
2196 1540 2245 1593 ei
2277 1537 2512 1592 fideliter
2559 1533 2923 1606 obsequendo
2955 1532 3282 1594 relaxemus,
3326 1527 3527 1581 fidem-

1920 1649 2028 1704 que
2057 1632 2337 1687 Trinitatis
2362 1628 2650 1694 servando,
2703 1633 2756 1680 et
2806 1625 3072 1697 operibus
3129 1617 3524 1676 misericordiae

200 1718 473 1773 Omnibus
522 1719 668 1772 enim
709 1719 911 1790 quibus
949 1719 1118 1774 dividi
1149 1728 1330 1792 potest
1368 1720 1735 1776 divisionibus
1765 1729 1819 1776 et
1845 1745 1896 1813 Β
1922 1721 2253 1788 insistendo,
2287 1727 2340 1775 et
2367 1720 2435 1774 ad
2472 1719 2635 1773 vitam
2667 1717 2848 1772 carnis
2903 1732 2934 1770 a
2987 1714 3243 1770 vitiorum
3277 1708 3533 1807 sordibus

202 1807 322 1877 ipsa
376 1807 467 1862 sui
516 1808 819 1879 quantitate
877 1809 1313 1880 praemonstratis
1352 1809 1580 1878 justitiae
1639 1809 1820 1864 causis

202 1899 558 1954 assimilatur.
604 1900 785 1954 Prima
819 1917 1058 1973 namque
1089 1901 1288 1956 divisio
1318 1901 1436 1970 ejus
1467 1901 1521 1955 in
1550 1901 1817 1956 unitatem

202 1987 292 2053 sit,
335 1996 396 2044 et
425 1990 824 2060 septenarium,
879 1990 1008 2062 quia
1039 1991 1293 2065 designat
1321 1998 1375 2046 et
1410 1991 1820 2062 simplicitatem

206 2076 440 2132 Deitatis
471 2078 648 2148 prima
691 2088 866 2148 parte,
924 2081 1258 2135 etsecunda
1314 2081 1581 2137 bonitatis
1646 2083 1821 2152 ipsius

201 2165 626 2232 abundantiam,
655 2184 764 2238 qua
803 2167 1053 2223 subsistit
1081 2178 1134 2222 et
1162 2168 1511 2224 modiﬁcatur
1548 2171 1823 2226 universi-

201 2261 284 2309 tas
313 2254 691 2310 existentium.
728 2257 856 2311 ldeo
903 2264 1085 2311 autem
1120 2273 1217 2328 per
1245 2259 1620 2328 septenarium
1667 2259 1824 2314 boni-

201 2342 325 2398 tatis
371 2342 470 2397 Dei
522 2344 914 2399 abundantiam
966 2346 1202 2400 dicimus
1249 2347 1822 2419 demonstrari;'quo-

199 2435 344 2490 niam
376 2443 432 2490 et
460 2436 803 2506 septiformia
844 2445 973 2491 sunt
1013 2437 1159 2492 dona
1191 2438 1429 2507 Spiritus
1469 2440 1666 2506 sancti,
1709 2456 1819 2512 quo

199 2525 444 2594 repletur
483 2525 631 2580 orbis
663 2533 956 2592 terrarum,
1001 2532 1054 2580 et
1088 2527 1326 2582 ternario
1380 2535 1434 2582 et
1465 2529 1819 2598 quaternario

196 2633 320 2688 quae
359 2626 491 2673 sunt
532 2628 714 2689 partes
751 2619 1001 2687 ejusdem
1045 2620 1284 2685 numeri,
1337 2621 1718 2692 multiplicatis
1747 2623 1820 2676 al-

195 2717 488 2776 terutrum,
521 2711 1024 2774 duodenenarium,
1060 2712 1153 2784 qui
1197 2720 1279 2767 est
1321 2729 1580 2768 numerus
1609 2714 1818 2784 primus

191 2799 679 2869 superabundans,
714 2800 1068 2855 manifestum
1103 2808 1187 2856 est
1220 2803 1516 2872 procreari.
1563 2802 1818 2857 Secunda

194 2891 398 2947 divisio
417 2891 666 2959 ejusdem
691 2891 960 2947 octonarii
984 2891 1042 2946 ﬁt
1061 2893 1115 2946 in
1138 2891 1410 2946 binarium
1434 2902 1489 2947 et
1509 2894 1815 2960 senarium,

1921 1810 2292 1865 mundandam
2321 1808 2495 1863 sancti
2541 1807 2774 1878 Spiritus
2823 1804 3050 1878 gratiam
3106 1801 3364 1873 precibus
3394 1797 3534 1852 assi-

1921 1902 2043 1956 duis
2064 1902 2394 1972 expetendo,
2423 1901 2709 1970 solamque
2738 1895 3159 1960 beatitudinem,
3187 1893 3241 1946 in
3274 1907 3382 1963 qua
3421 1905 3532 1944 non

1921 2011 2120 2063 annus,
2161 1995 2258 2049 sed
2288 1993 2567 2050 aeternitas
2600 2001 2682 2046 est
2716 1986 3064 2059 jubilationis
3113 1994 3168 2040 et
3197 1983 3403 2038 laetitia
3433 1998 3534 2053 pe-

1921 2087 2112 2153 tendo,
2144 2086 2447 2158 corporalis
2491 2084 2722 2140 actionis
2753 2082 2944 2137 debita
2977 2095 3099 2151 quae
3142 2076 3375 2132 Domino
3409 2074 3534 2130 vita}

1922 2183 2208 2231 transactae
2236 2175 2581 2246 temporibus
2620 2188 2729 2227 non
2763 2170 3030 2226 solvimus
3057 2180 3401 2221 excusemus.
3433 2162 3538 2216 Ex-

1923 2280 2179 2319 cusemus
2209 2265 2372 2319 etiam
2408 2261 2784 2317 meditationis
2811 2259 3018 2324 debita,
3051 2273 3157 2328 qua
3188 2252 3536 2310 solummodo

1921 2356 2033 2409 Deo
2065 2363 2120 2408 et
2151 2353 2425 2408 mandatis
2463 2352 2586 2419 ejus
2623 2351 2892 2404 inhaerere
2931 2347 3256 2409 debuimus;
3287 2343 3385 2396 sed
3431 2357 3539 2411 po-

1922 2445 2030 2499 tius
2057 2444 2234 2508 vanis,
2268 2450 2322 2497 et
2353 2441 2593 2497 sordidis
2633 2448 2686 2494 et
2715 2437 3028 2493 criminosis
3055 2431 3537 2495 delectationibus,

1920 2544 1974 2590 et
2001 2534 2400 2606 cupiditatibus
2439 2549 2558 2587 eam
2592 2530 2972 2594 subdidimus;
3006 2543 3107 2599 per
3135 2525 3372 2596 spatium
3405 2523 3532 2576 vitae

1921 2628 2066 2699 quod
2097 2635 2352 2697 superest
2378 2628 2436 2680 in
2485 2627 2598 2692 lege
2629 2625 2841 2679 Domini
2870 2622 2958 2676 die
3008 2627 3289 2690 noctuque
3353 2615 3531 2669 medi-

1919 2719 2085 2774 tando
2117 2719 2283 2789 (Psal.
2347 2735 2385 2784 1,
2439 2717 2517 2786 2),
2573 2715 2984 2786 simplicitatem
3048 2709 3368 2766 substantias
3419 2707 3536 2773 Dei,

1917 2823 2080 2863 omne
2121 2824 2307 2862 verum
2343 2807 2548 2862 bonum
2593 2806 2645 2859 in
2680 2822 2740 2860 se
2780 2804 2901 2858 sine
2929 2801 3249 2858 diversitate
3278 2813 3536 2869 compre-

1919 2898 2277 2962 hendentem,
2307 2913 2371 2952 ac
2414 2913 2514 2967 per
2547 2897 2648 2950 hoc
2678 2894 2884 2948 nullius
2913 2892 3252 2966 indigentem
3285 2895 3537 2944 contem-

191 2984 246 3038 in
286 3001 397 3056 qua
424 2983 706 3040 charitatis
768 2985 1005 3058 geminae
1067 2985 1294 3041 formam
1329 2985 1556 3041 exhibet
1609 2994 1664 3042 et
1720 3004 1816 3043 sex
1847 3015 1895 3082 Ο
1922 2989 2145 3059 plando,
2203 2986 2690 3058 multiplicemque
2729 2983 3036 3039 bonitatem
3077 2981 3253 3052 ipsius
3289 2996 3394 3052 qua
3425 2993 3538 3033 non

194 3083 733 3147 praemonstratarum
795 3077 1077 3132 virtutum.
1137 3078 1196 3132 ln
1242 3078 1402 3133 tertia
1460 3079 1731 3134 ternarius
1762 3088 1818 3135 et

193 3169 502 3240 quinarius,
546 3168 638 3240 qui
681 3169 962 3224 circularis
1017 3185 1282 3224 numerus
1314 3179 1414 3236 est,
1469 3172 1812 3228 octonarium

193 3261 533 3330 partiuntur:
569 3259 771 3331 quibus
814 3261 1065 3330 partibus
1095 3260 1253 3321 ﬁdes.
1294 3278 1440 3333 spes,
1494 3263 1732 3318 charitas
1762 3270 1815 3319 et

191 3353 469 3407 aeternitas
518 3368 682 3424 quam
725 3351 1043 3418 conferunt,
1089 3352 1411 3428 ﬁgurantur.
1452 3354 1653 3418 Quarta
1684 3373 1813 3412 vero

191 3439 441 3508 ejusdem
473 3441 688 3495 numeri
716 3439 920 3496 divisio
960 3440 1019 3494 ﬁt
1047 3441 1102 3494 in
1134 3441 1654 3514 duojquatcrnaria,
1687 3446 1816 3515 qui-

193 3529 296 3586 bus
324 3538 379 3586 et
409 3538 644 3603 quatuor
673 3532 950 3587 elementa
982 3532 1291 3606 signantur,
1349 3550 1413 3589 ex
1458 3535 1662 3606 quibus
1693 3551 1814 3591 cor-

196 3623 484 3694 ruptibiles
539 3640 746 3689 sumus,
792 3632 847 3679 et
909 3634 1149 3696 quatuor
1186 3625 1522 3696 principales
1566 3627 1812 3694 virtutes,

196 3727 336 3782 quas
358 3711 413 3766 in
429 3712 534 3767 hac
551 3713 659 3768 vita
688 3713 1046 3782 possidendo,
1070 3713 1520 3784 incorruptibiles
1540 3713 1659 3769 ﬁeri
1693 3732 1817 3787 spe-

197 3819 404 3858 ramus.
441 3804 640 3869 Quinta
669 3804 867 3860 divisio
900 3805 959 3860 ﬁt
1003 3805 1251 3874 ejusdem
1296 3807 1509 3860 numeri
1544 3823 1642 3877 per
1671 3824 1813 3878 qua-

196 3900 319 3950 tuor
345 3895 580 3962 binaria,
630 3913 738 3968 qua
769 3904 989 3951 notatur
1026 3897 1174 3969 quod
1227 3897 1468 3952 charitas
1511 3898 1578 3951 ad
1625 3914 1819 3953 omnes

193 3989 438 4056 cujusvis
493 3990 732 4045 nationis
791 3991 1047 4046 homines
1100 3993 1174 4047 sit
1221 3991 1598 4047 diﬁ‘undenda.
1658 3993 1818 4048 Sexta

194 4095 416 4152 quoque
445 4081 720 4136 divisione
752 4098 850 4152 per
897 4092 1025 4139 octo
1067 4083 1334 4139 dividitur
1368 4084 1514 4138 idem
1555 4101 1818 4140 numerus

194 4172 446 4240 unitatis,
475 4172 529 4226 in
563 4189 674 4244 quo
702 4189 865 4227 unam
893 4189 1077 4229 veram
1111 4175 1508 4230 beatitudinem
1540 4177 1814 4250 designat,

192 4272 246 4320 et
281 4271 405 4320 octo
437 4264 640 4336 quibus
677 4265 976 4336 acquiritur
1014 4265 1357 4334 affectiones,
1415 4270 1532 4339 ipsa
1571 4284 1703 4324 vero
1732 4270 1816 4324 sui

1918 3079 1998 3134 eis
2050 3078 2309 3151 indigens
2365 3077 2624 3132 universa
2671 3075 2922 3132 condidit
2970 3089 3093 3146 quae
3124 3071 3450 3136 subsistunt,
3484 3077 3539 3125 et

1915 3171 2160 3243 disponit
2189 3184 2425 3240 quaeque
2468 3167 2630 3222 nobis
2689 3165 2833 3220 bona
2874 3164 3164 3219 innumera
3203 3159 3452 3231 corporis
3483 3169 3539 3215 et

1916 3269 2112 3323 animae
2153 3267 2400 3343 largitur,
2439 3265 2786 3331 admirando,
2820 3263 3253 3334 charitatemque
3281 3259 3539 3316 fraterni-

1916 3361 2041 3416 tatis
2065 3361 2240 3432 magis
2277 3367 2331 3414 et
2362 3358 2538 3430 magis
2576 3357 2629 3411 in
2655 3356 2816 3412 nobis
2847 3354 3224 3421 accendendo,
3255 3353 3536 3408 veritatem

1916 3457 2069 3522 ﬁdei,
2121 3454 2468 3525 pudicitiam,
2505 3452 2895 3515 humilitatem,
2947 3449 3324 3514 sobrietatem,
3356 3447 3540 3502 muni-

1920 3547 2227 3610 ficentiam,
2260 3545 2612 3600 concordiam
2652 3541 3015 3615 possidendas
3045 3558 3165 3597 esse
3198 3540 3420 3595 assidue
3447 3554 3543 3593 co-

1916 3636 2172 3710 gitando;
2207 3642 2434 3706 tresque
2480 3634 2710 3687 virtutes
2750 3649 2873 3702 quae
2924 3647 3070 3686 mmc
3112 3637 3354 3693 manent,
3398 3628 3541 3682 sicut

1918 3727 2051 3781 dicit
2082 3724 2392 3795 Apostolus,
2448 3725 2501 3776 id
2550 3731 2631 3778 est
2673 3723 2858 3787 ﬁdem,
2902 3739 3078 3791 spem,
3123 3731 3178 3776 et
3217 3720 3535 3774 charitatem

1919 3826 1965 3894 (Ι
1994 3823 2116 3878 Cor.
2145 3837 2260 3884 xm,
2297 3820 2406 3887 i3),
2442 3817 2591 3872 omni
2622 3817 2756 3870 hora
2787 3814 3232 3884 complectendo,
3253 3818 3308 3866 et
3333 3827 3430 3881 per
3452 3811 3541 3880 ip-

1919 3929 2008 3968 sas
2033 3910 2396 3966 aeternitatem
2427 3905 2693 3976 consequi
2725 3902 3078 3968 conﬁdendo,
3114 3899 3540 3971 corruptibilita-

1919 4010 2140 4072 temque
2185 4013 2477 4068 corporum
2528 3992 2885 4064 temporalem
2929 3991 3370 4054 contemnendo;
3415 4005 3540 4059 pru-

1920 4091 2186 4154 dentiam,
2253 4086 2546 4155 justitiam.
2607 4081 3006 4148 fortitudinem,
3085 4079 3536 4149 temperantiam,

1921 4181 2060 4236 viam
2119 4179 2184 4233 ad
2241 4175 2711 4246 incorruptionem
2758 4171 3081 4240 judicando,
3115 4169 3440 4225 charitatem
3466 4169 3534 4222 ad

1921 4286 2114 4326 omnes
2173 4267 2523 4325 extendendo
2555 4264 2876 4320 atl'ectiones
2930 4263 3070 4329 illas,
3107 4278 3247 4333 quas
3290 4259 3541 4332 sequitur

191 4355 503 4426 quantitate
534 4355 751 4428 signum
783 4362 868 4410 est
901 4357 1203 4428 aequitatis;
1239 4359 1368 4429 quia
1402 4359 1611 4429 primus
1641 4360 1814 4415 susci-
1843 4387 1899 4455 D
1922 4361 2202 4418 beatitudo
2233 4376 2362 4415 vera
2414 4357 2802 4421 discernendo,
2860 4355 3171 4426 aequitatem
3217 4367 3405 4408 amore
3434 4351 3539 4406 im-

189 4445 272 4515 pit
301 4457 505 4498 nomen
538 4444 755 4498 numeri
791 4445 996 4516 pariter
1027 4446 1193 4516 paris.
1231 4447 1430 4501 Eadem
1465 4448 1632 4502 etiam
1664 4448 1817 4502 desi-

186 4539 322 4606 gnat
383 4529 694 4586 firmitatem
744 4532 1084 4601 stabilitatis,
1127 4535 1258 4605 quia
1313 4535 1523 4606 primus
1582 4535 1812 4591 formam

189 4622 322 4677 cubi
354 4629 584 4695 generat
630 4621 1039 4678 intellectualis.
1101 4622 1229 4678 Cum
1272 4625 1418 4678 enim
1471 4625 1672 4680 dicitur
1729 4625 1816 4681 bis

190 4713 414 4778 binalis,
447 4720 571 4768 octo
611 4719 974 4780 monstratur,
1026 4721 1079 4769 et
1111 4715 1165 4769 in
1205 4716 1389 4772 animo
1427 4718 1815 4790 cognoscentis

193 4806 301 4861 vim
355 4804 592 4870 numeri,
647 4804 822 4860 forma
875 4805 1002 4860 cubi
1048 4816 1365 4880 generatur.
1417 4809 1598 4864 Cubus
1630 4818 1810 4866 autem

192 4895 366 4972 ﬁgura
391 4903 475 4952 est
521 4897 696 4953 solida
751 4913 817 4952 ex
873 4899 1023 4953 omni
1055 4907 1208 4970 parte
1239 4902 1528 4973 aequaliter
1567 4905 1809 4974 quadra:

191 4996 246 5044 et
274 4990 402 5046 ideo
429 5006 599 5061 super
639 5007 1032 5063 quamcunque
1087 5000 1357 5059 versetur,
1409 4995 1558 5062 jacet
1611 4995 1765 5051 ﬁrma
1797 5015 1811 5052 :

192 5080 340 5136 unde
408 5080 637 5136 forsitan
683 5097 716 5135 a
755 5081 1010 5136 cubando
1068 5082 1244 5137 cubus
1299 5082 1516 5151 dicitur,
1551 5086 1622 5139 ob
1649 5103 1812 5158 quam

195 5187 348 5226 suam
380 5171 682 5228 efﬁcaciam
715 5188 812 5244 per
850 5179 974 5236 octo
1007 5173 1277 5230 stabilitas
1310 5176 1465 5230 ﬁrma
1497 5177 1812 5238 denotatur.

265 5260 354 5317 28.
402 5261 531 5315 Cum
563 5261 731 5337 igitur
777 5262 860 5316 hae
899 5279 1038 5334 quas
1080 5269 1625 5334 praemonstravimus
1657 5286 1816 5325 men-

199 5355 304 5404 tem
332 5349 706 5419 justiﬁcantes
739 5352 1130 5409 meditationes
1176 5357 1576 5410 convenienter
1605 5374 1703 5428 per
1727 5374 1823 5416 oe-

199 5445 473 5500 tonarium
499 5444 892 5517 designentur;
927 5461 1164 5516 cumque
1196 5447 1449 5502 mandata
1482 5449 1697 5504 Domini
1727 5468 1828 5522 per

201 5530 488 5588 denarium
512 5532 837 5604 ﬁgurentur,
861 5534 1083 5603 quando
1106 5535 1172 5590 ad
1197 5537 1608 5592 exsecutionem
1633 5555 1820 5595 eorum

207 5622 551 5678 excitandam
587 5623 670 5676 hm
729 5622 1074 5678 meditationi
1114 5625 1355 5696 ipsorum
1398 5629 1821 5700 permiscentur,

204 5713 355 5781 quasi
415 5712 644 5770 denario
678 5727 776 5782 per
820 5713 1162 5770 octonarium
1219 5716 1606 5787 multiplicato,
1660 5730 1819 5780 octo-

1921 4448 2171 4504 mutabili
2214 4447 2673 4518 contemplando:
2707 4444 3194 4518 intelligamusque
3241 4439 3537 4496 nobiscum

1918 4540 2351 4595 misericorditer
2399 4540 2509 4614 agi,
2543 4540 2587 4593 si
2628 4539 2706 4593 sic
2765 4537 2931 4592 vitam
2974 4551 3097 4608 quae
3139 4542 3395 4605 superest
3433 4532 3537 4586 du-

1916 4631 2094 4686 cendo
2127 4628 2492 4684 meruerimus
2523 4645 2552 4682 a
2582 4627 2958 4693 damnatione,
2991 4641 3155 4696 quam
3189 4622 3535 4694 praecedenti

1915 4719 2023 4774 vita
2077 4716 2404 4781 meruimus,
2461 4715 2704 4772 liberari.
2763 4714 2918 4769 Omni
2980 4728 3221 4784 namque
3266 4713 3400 4766 hora
3428 4727 3536 4782 qua

1914 4810 2172 4877 \iximus,
2211 4809 2365 4864 sicut
2393 4824 2562 4879 supra
2611 4806 3058 4872 monstravimus,
3085 4813 3140 4860 et
3179 4820 3278 4875 per
3315 4812 3534 4859 centum

1911 4900 2213 4976 signiﬁcari
2277 4899 2598 4954 ratiocinati
2650 4914 2866 4964 sumus,
2933 4896 3181 4968 corporis
3230 4905 3286 4950 et
3339 4894 3540 4950 mentis

1914 4993 2114 5050 ofﬁciis
2165 4993 2437 5047 instanter
2477 4997 2533 5045 et
2598 4991 2802 5046 obnixe
2857 4989 3125 5045 voluntati
3170 4987 3387 5044 Domini
3435 4987 3536 5042 ob-

1915 5091 2262 5154 temperasse
2317 5079 2727 5136 debuissemus.
2772 5079 3037 5144 Quoniam
3084 5093 3218 5134 vero
3271 5093 3381 5134 non
3436 5077 3540 5133 ob-

1917 5173 2372 5246 temperavimus,
2415 5180 2675 5227 tenemur
2699 5170 3007 5227 debitorum
3043 5171 3142 5238 rei,
3197 5185 3310 5225 non
3360 5170 3541 5226 solum

1919 5263 2048 5335 quia
2089 5261 2319 5316 fecimus
2349 5276 2472 5332 quae
2537 5275 2652 5315 non
2709 5258 3024 5327 debuimus,
3077 5259 3176 5315 sed
3207 5259 3373 5315 etiam
3413 5259 3542 5331 quia

1925 5367 2039 5407 non
2065 5350 2299 5405 fecimus
2323 5365 2444 5421 quae
2472 5349 2790 5417 debuimus,
2823 5350 3159 5406 aeternaliter
3173 5350 3466 5422 puniendi.

1992 5445 2082 5500 29.
2129 5445 2251 5499 Haec
2283 5451 2411 5498 sunt
2441 5445 2630 5500 debita
2658 5461 2783 5516 quae
2816 5445 2884 5500 de
2907 5454 3128 5500 centum
3162 5447 3316 5502 cadis
3347 5444 3453 5501 olei
3485 5449 3540 5498 et

1925 5537 2154 5592 totidem
2194 5537 2338 5592 coris
2376 5536 2540 5591 tritici
2595 5536 2929 5592 relaxamus:
2990 5538 3035 5592 si
3087 5537 3221 5610 quid
3281 5539 3536 5606 superest

1923 5631 2045 5688 vitae
2067 5631 2390 5702 temporalis
2409 5632 2564 5700 juxta
2594 5632 2996 5706 quinquaginta
3023 5633 3106 5689 vel
3146 5632 3425 5705 octoginta
3455 5629 3534 5683 si-

1920 5723 2329 5797 gniﬁcationem
2359 5731 2716 5782 monstratam
2759 5725 3158 5800 transigamus;
3207 5737 3312 5778 nec
3349 5727 3529 5776 tamen
