3938 6206
414 279 556 333 1147

1650 288 1705 341 S.
1750 287 1990 344 ODONIS
2032 290 2268 346 CAMER.
2311 293 2513 350 EPISC.

3625 318 3771 376 1H8

413 409 734 466 difﬁdamus
773 412 842 466 de
874 413 1054 480 venia,
1103 414 1189 468 vel
1228 413 1545 471 dubitemus
1591 416 1660 471 de
1713 434 2035 474 remunera—
2055 425 2103 491 Α
2137 427 2224 476 tur
2261 431 2319 478 ut
2352 432 2500 481 recte
2530 429 2706 497 possit
2733 431 2835 488 ista
2866 438 3204 506 comparatio
3235 438 3393 508 ﬁeri;
3423 447 3687 517 nunquid
3711 449 3762 503 si

413 499 584 562 tione,
608 502 651 553 si
696 501 878 556 omnis
914 503 1277 572 Operationis,
1311 504 1564 570 actionis,
1597 506 1682 560 vel
1714 507 2030 563 meditatio-

410 587 495 641 nis
528 588 928 659 inspectiones,
965 591 1109 646 sicut
1139 601 1399 662 oportere
1432 595 1871 662 monstravimus,
1917 613 2026 652 non

411 681 714 750 poterimus
747 684 1091 754 adimplere:
1128 687 1508 742 tantummodo
1539 697 1801 759 quantum
1842 690 2026 746 value-

409 772 579 826 rirnus
608 774 661 827 in
686 784 914 845 utraque
949 777 1219 844 potentia,
1255 793 1362 832 non
1395 780 1714 833 studeamus
1741 797 2019 838 exercere.

409 859 689 933 Benignus
721 870 802 916 est
843 863 990 916 enim
1027 865 1288 918 Dominus
1329 873 1516 921 noster
1562 875 1616 921 et
1663 869 2021 940 Redemptor,

407 954 501 1023 qui
553 957 667 1010 haec
716 957 894 1022 docet,
947 965 1002 1012 et
1042 959 1127 1012 cui
1187 976 1377 1014 sumus
1409 962 1672 1016 reddituri
1730 963 2018 1031 rationem,

408 1057 510 1096 nec
533 1044 838 1112 quemlibet
864 1053 1127 1115 quantum
1153 1047 1293 1102 valet
1326 1048 1619 1104 facientem
1645 1067 1742 1121 pro
1773 1068 1838 1107 eo
1870 1054 2019 1123 quod

410 1149 519 1188 non
564 1136 706 1190 valet
747 1137 1158 1206 condemnabit,
1207 1141 1292 1194 vel
1339 1140 1554 1197 auferet
1615 1145 2020 1200 remuneratio-

407 1240 554 1279 nem.
590 1227 912 1281 Relaxemus
955 1246 1106 1301 ergo,
1149 1232 1480 1300 charissimi,
1515 1235 1701 1290 debita
1743 1236 1904 1291 nobis
1945 1238 2016 1292 ob

404 1333 527 1386 quze
561 1320 823 1388 puniendi
867 1339 1075 1390 sumus,
1124 1332 1178 1379 et
1217 1327 1618 1399 quinquaginta
1649 1345 1748 1383 nos
1785 1337 1839 1384 et
1867 1338 2019 1385 octo-

400 1409 552 1481 ginta
600 1413 829 1467 Domino
889 1416 1224 1484 reddituros,
1281 1429 1340 1472 ut
1395 1421 1720 1490 poterimus,
1775 1422 2015 1477 cautioni

403 1509 606 1554 nostra:
639 1510 693 1556 et
725 1502 922 1558 litteris
954 1507 1178 1573 nostris,
1237 1517 1295 1564 ut
1338 1511 1646 1580 expositum
1695 1519 1796 1579 est,
1828 1513 2020 1568 inscri-

403 1588 624 1654 bamus;
657 1601 931 1662 quatenus
975 1595 1042 1651 ab
1087 1597 1204 1667 ipso
1254 1605 1312 1651 ut
1352 1600 1651 1668 prudentes
1701 1601 1867 1656 villici
1901 1602 2016 1657 lau-

405 1682 544 1744 dari,
579 1684 681 1738 hoc
727 1694 810 1739 est
841 1690 1120 1742 munerari
1170 1691 1468 1746 valeamus.
1505 1691 1632 1746 Cum
1677 1694 1822 1748 enim
1855 1695 2018 1750 mise-

401 1772 811 1830 ricordissimus
859 1778 1121 1833 Dominus
1180 1789 1234 1835 et
1276 1791 1582 1852 praeceptor
1619 1785 1956 1842 subdidisset
1999 1805 2011 1842 :

399 1863 467 1914 Et
501 1862 748 1917 laudavit
771 1867 1018 1921 dominus
1049 1870 1288 1923 villicum
1336 1874 1674 1940 iniquitatis,
1703 1878 1833 1942 quia
1877 1891 2018 1944 pru-

400 1955 584 2008 denter
613 1960 825 2025 egisset,
875 1976 1122 2016 securam
1164 1964 1326 2018 nobis
1357 1982 1507 2035 spem
1543 1968 1672 2021 dare
1726 1969 1898 2023 voluit
1944 1971 2012 2024 de

401 2047 865 2114 remuneratione,
899 2065 966 2104 ne
1007 2051 1390 2109 difﬁderemus
1429 2057 1496 2110 de
1536 2058 1716 2123 venia,
1751 2060 1797 2113 si
1826 2070 1879 2114 et
1909 2077 2010 2116 nos

399 2139 466 2191 ad
486 2139 713 2194 formam
745 2142 909 2198 villici
932 2147 1235 2215 prudenter
1263 2151 1541 2222 egerimus
1572 2169 1670 2222 pro
1703 2155 1874 2209 nostri
1904 2156 2009 2210 vil-

398 2226 593 2281 licatus
625 2229 815 2300 iniqua
846 2236 1234 2290 transactione.

465 2321 550 2373 30.
599 2321 819 2377 Villicus
856 2326 1003 2380 enim
1046 2327 1147 2381 iste
1189 2346 1287 2399 pro
1324 2331 1688 2402 dissipatione
1737 2335 2008 2390 bonorum

396 2411 605 2465 domini
637 2414 852 2470 villicus
884 2418 1192 2489 iniquitatis
1219 2422 1565 2477 nominatur:
1604 2425 1723 2491 sed,
1754 2426 1884 2496 quia
1910 2426 2011 2480 de-

396 2499 668 2556 bitoribus
717 2505 966 2572 ejusdem
1011 2508 1222 2564 domini
1282 2511 1368 2564 sui
1409 2512 1474 2565 ad
1523 2529 1676 2567 suam
1719 2515 2008 2569 utilitatem

397 2588 586 2643 debita
642 2593 921 2661 relaxavit,
979 2596 1047 2650 ab
1097 2599 1292 2653 eodem
1350 2600 1576 2656 domino
1620 2603 1688 2656 de
1720 2604 2010 2672 prudentia

393 2680 830 2735 commendatur.
882 2684 970 2738 Sic
1010 2685 1090 2739 sic
1120 2702 1221 2741 nos
1261 2687 1389 2742 licet
1421 2690 1476 2743 in
1531 2691 1866 2760 przeccdenti
1895 2692 2005 2746 vita

393 2768 567 2839 iniqui
624 2769 908 2839 fuerimus,
953 2776 995 2829 si
1049 2777 1118 2832 de
1177 2779 1411 2850 reliquo,
1460 2781 1602 2836 sicut
1657 2783 1863 2837 dictum
1897 2794 2002 2850 est,

394 2865 694 2932 prudenter
723 2869 1040 2938 vixerimus,
1100 2873 1168 2926 ab
1201 2875 1318 2944 ipso
1359 2875 1451 2945 qui
1495 2877 1809 2946 parabolam
1863 2878 2004 2932 hanc

391 2956 677 3022 proposuit
704 2957 881 3012 laudis
912 2964 1226 3017 mercedem
1249 2965 1615 3034 recipiemus:
1656 2983 1820 3037 quam
1853 2981 2000 3037 quo-

388 3044 532 3098 niam
570 3048 726 3102 nobis
765 3051 878 3105 vult
930 3053 1255 3110 immensam
1297 3058 1569 3123 conferre,
1613 3076 1776 3129 quam
1828 3060 2003 3114 vehe-

387 3144 598 3191 mentes
639 3139 693 3192 in
724 3143 1017 3210 prudentia
1049 3146 1150 3200 ista
1177 3147 1480 3202 debeamus
1511 3150 1768 3216 existere,
1821 3151 2001 3204 bonus
2027 3127 2074 3193 (ἶ
2104 3114 2122 3216 ξ

387 3227 581 3282 doctor
608 3231 780 3286 voluit
834 3250 933 3288 nos
988 3237 1204 3293 docere.
1250 3239 1382 3294 Cum
1435 3241 1583 3294 enim
1637 3242 1888 3296 dixisset:
1933 3244 2002 3296 Et

391 3319 633 3374 laudavit
663 3324 908 3377 dominus
931 3327 1171 3381 villicum
1199 3331 1508 3397 iniquitatis
1537 3333 1670 3400 quia
1707 3333 2003 3400 prudenter

389 3411 600 3477 egisset,
641 3413 795 3482 quasi
836 3415 1130 3472 subdendo
1160 3434 1382 3474 causam
1407 3438 1577 3491 quare
1606 3423 1674 3476 de
1709 3423 2001 3492 prudentia

391 3499 542 3553 illum
588 3500 912 3560 laudaverit:
960 3509 1098 3574 Quia
1149 3511 1254 3578 ﬁlii
1319 3515 1503 3567 sceculi
1551 3515 1714 3584 hujus
1751 3516 2001 3584 pruden-

389 3598 548 3650 tiores
575 3599 707 3665 ﬁliis
758 3602 890 3654 lucis
931 3605 990 3656 in
1020 3609 1361 3672 generatione
1398 3623 1497 3662 sua
1545 3614 1690 3675 sunt,
1743 3609 1995 3678 subjecit,

388 3686 687 3741 ostendens
735 3700 924 3760 aperte
973 3695 1121 3764 quod
1164 3711 1265 3750 nos
1323 3697 1419 3768 qui
1458 3699 1647 3754 saeculi
1687 3699 1851 3767 hujus
1904 3698 1998 3753 ﬁlii

389 3771 612 3840 fuimus,
635 3777 680 3830 si
711 3777 929 3834 laudem
963 3781 1030 3835 de
1063 3785 1358 3854 prudentia
1387 3787 1644 3842 volumus
1674 3789 1900 3854 habere,
1937 3786 2001 3841 ﬁ-

387 3861 491 3917 lios
521 3863 658 3919 lucis
690 3866 746 3920 in
787 3870 1086 3938 prudentia
1119 3873 1219 3929 ista
1258 3875 1486 3932 vincere
1525 3877 1795 3933 debemus
1843 3878 2002 3934 labo-

390 3971 527 4010 rare.

456 4044 545 4098 3'1.
586 4046 704 4102 Non
754 4049 903 4105 enim
951 4052 1043 4107 illa
1097 4055 1260 4111 nobis
1300 4057 1478 4128 placet
1534 4061 1832 4127 sententia,
1892 4079 2001 4132 qua

380 4131 608 4202 quidam
639 4148 925 4208 exponunt
945 4142 1293 4212 prudentiam
1326 4145 1567 4203 ﬁliorum
1591 4151 1779 4205 saeculi
1815 4131 1997 4221 hujus,

385 4223 442 4275 id
471 4231 554 4278 est
589 4243 754 4296 quam
794 4239 1052 4287 exercent
1089 4233 1146 4287 in
1180 4237 1415 4307 negotiis
1444 4239 1824 4309 saecularibus,
1867 4259 2001 4313 pru—

385 4316 572 4373 dentia
596 4335 704 4391 qua
734 4319 830 4376 ﬁlii
869 4324 1007 4379 lucis
1057 4326 1455 4385 beatitudinem
1502 4339 1694 4402 petunt
1736 4335 1998 4404 majorem

383 4424 527 4469 esse.
569 4411 838 4476 Quoniam
887 4418 966 4473 sic
1005 4419 1206 4476 dicitur
1233 4424 1436 4480 veritas
1464 4427 1543 4480 rei
1593 4445 1714 4499 quae
1761 4446 1870 4486 non
1911 4441 1994 4489 est
2018 4449 2075 4517 Β

380 4499 448 4555 ad
479 4516 592 4556 rem
623 4519 745 4575 quae
785 4513 870 4561 est
897 4509 1048 4578 quod
1091 4526 1212 4565 esse
1245 4527 1356 4568 non
1390 4522 1576 4584 potest
1625 4523 1994 4590 comparatio-

381 4607 506 4646 nem
535 4591 754 4664 fecisse,
781 4613 963 4669 neque
986 4601 1132 4656 enim
1158 4602 1254 4658 ﬁlii
1276 4607 1459 4661 saeculi
1489 4608 1618 4662 dum
1647 4611 1871 4683 negotia
1896 4630 2000 4670 sae-

380 4685 587 4741 cularia
615 4700 923 4760 sequuntur
976 4697 1280 4765 prudentes
1323 4700 1588 4770 existunt,
1630 4721 1770 4775 quos
1809 4708 1992 4776 potius

377 4781 650 4838 vanitates
679 4802 815 4856 quas
852 4797 1120 4860 appetunt
1159 4799 1214 4847 et
1255 4794 1537 4852 damnatio
1566 4815 1688 4869 quae
1714 4803 1987 4874 sequitur,

377 4873 671 4930 manifeste
700 4879 898 4934 stultos
924 4883 1246 4939 ostendunt.
1283 4885 1403 4940 Filii
1442 4905 1572 4944 vero
1596 4890 1732 4947 lucis
1764 4873 1989 4966 semper

377 4963 678 5032 prudentes
720 4976 869 5037 sunt,
901 4972 1028 5042 quia
1079 4971 1244 5030 bonis
1273 4976 1532 5032 ardenter
1561 4979 1778 5037 inhiant
1805 4991 1859 5038 et
1889 4963 1987 5039 in-

376 5054 580 5110 hiando
610 5073 855 5127 quaerere
877 5078 986 5118 non
1004 5071 1241 5133 cessant,
1263 5083 1386 5138 quae
1417 5085 1700 5141 nunquam
1732 5073 1984 5131 defutura

372 5157 729 5220 cognoscant.
753 5153 1092 5225 Temporalia
1118 5174 1248 5214 vero
1269 5175 1391 5231 quae
1421 5161 1489 5216 ab
1525 5162 1983 5223 hisintentionem

371 5248 634 5294 revocant
657 5258 754 5298 seu
785 5262 1039 5316 possessa
1065 5266 1162 5305 seu
1203 5267 1314 5307 non
1353 5269 1631 5324 possessa,
1677 5257 1821 5313 sicut
1851 5260 1981 5314 nul-

374 5330 482 5385 lius
513 5340 702 5388 essent
738 5339 1009 5408 utilitatis,
1041 5343 1110 5397 ab
1148 5359 1337 5400 amore
1367 5347 1566 5402 mentis
1594 5350 1877 5419 expellunt

441 5422 532 5477 32.
569 5424 809 5512 Qualiter
836 5447 970 5505 ergo
996 5433 1067 5490 de
1105 5435 1213 5490 illis
1239 5437 1422 5492 stultis
1452 5439 1520 5493 ad
1553 5441 1655 5495 bos
1681 5443 1984 5512 prudentes

370 5510 427 5565 in
451 5511 745 5580 prudentia
773 5528 950 5587 potest
970 5525 1305 5594 comparatio
1332 5524 1472 5594 ﬁeri,
1498 5529 1602 5584 nisi
1634 5510 1775 5586 forte
1789 5549 1983 5603 quem-

369 5598 530 5664 libet,
551 5600 702 5667 quod
722 5602 790 5657 de
817 5605 1054 5663 Veritate
1074 5627 1186 5666 non
1212 5621 1294 5668 est
1321 5615 1698 5687 sentiendum,
1748 5598 1987 5678 delectet

367 5705 470 5759 pro
499 5693 907 5751 consuetudine
963 5697 1226 5758 locutioni
1264 5706 1536 5761 mentiri?
1564 5709 1672 5764 Sed
1714 5714 1987 5770 conceda-

2133 528 2329 570 omnes
2350 516 2461 573 Deo
2485 520 2702 590 placere
2722 525 3011 582 studentes
3038 527 3138 583 ﬁlii
3167 531 3306 587 lucis
3338 533 3758 613 intelliguntur,

2129 619 2257 658 vera
2290 607 2493 674 poterit
2539 609 2631 664 illa
2661 616 2940 670 sententia
2975 617 3265 686 judicari?
3305 623 3456 689 Quis,
3501 607 3755 700 inquam,

2126 706 2326 746 avarus
2356 701 2409 748 et
2436 699 2822 767 temporalium
2852 703 3124 760 bonorum
3168 699 3596 779 providissimus
3620 734 3754 774 con-

2127 779 2365 849 quisitor
2406 784 2485 839 sic
2517 784 2617 841 fuit
2649 797 2843 845 cautus
2871 793 2940 846 ad
2987 810 3052 848 ea
3085 797 3527 870 multiplicanda,
3563 816 3625 861 ut
3654 807 3757 863 Pe—

2126 877 2258 938 trus,
2302 873 2502 931 Paulus
2540 885 2594 932 et
2623 879 2914 939 innumera
2949 887 3123 942 millia
3151 899 3455 963 martyrum
3486 899 3576 952 vel
3607 915 3753 955 con-

2125 962 2392 1020 fessorum
2444 971 2732 1043 utriusque
2788 991 2971 1045 sexus,
3043 991 3098 1034 et
3148 983 3425 1041 universae
3476 990 3746 1054 nationis.

2123 1054 2463 1111 conditionis
2490 1067 2545 1112 et
2573 1062 2752 1117 aetatis
2783 1065 2851 1118 ad
2907 1067 3153 1124 coelestia
3187 1078 3600 1141 promerenda?
3649 1080 3748 1144 Qui

2122 1162 2286 1215 porro
2318 1148 2416 1204 ﬁlii
2453 1153 2639 1207 saeculi
2696 1155 2925 1214 insidias
2956 1160 3269 1219 invidorum
3301 1173 3356 1221 et
3394 1169 3745 1229 adversario-

2122 1253 2239 1290 rum
2273 1238 2345 1292 ita
2377 1250 2538 1297 caute
2576 1244 2912 1314 vitaverunt,
2945 1260 3003 1304 ut
3030 1251 3117 1306 isti
3164 1257 3500 1312 tentationes
3547 1275 3747 1316 omnes

2119 1327 2408 1396 spirituum
2450 1333 2818 1406 malignorum
2849 1337 3269 1399 frustraverunt.
3316 1345 3395 1399 illi
3425 1348 3594 1415 cauti,
3634 1351 3742 1405 sci-

2121 1414 2248 1470 licet
2295 1420 2481 1473 saeculi
2527 1422 2688 1492 hujus
2739 1434 3039 1484 sectatores
3090 1432 3333 1500 plurimi,
3383 1451 3533 1506 saepe
3589 1439 3739 1494 bona

2120 1509 2444 1576 temporalia
2474 1529 2597 1582 quae
2629 1514 2794 1588 longo
2845 1524 3090 1588 tempore
3123 1522 3239 1577 suis
3281 1527 3515 1580 cautelis
3543 1531 3742 1584 acutis-

2119 1595 2276 1650 simis
2304 1611 2759 1672 aggregaverant,
2793 1613 2851 1660 ut
2879 1608 3186 1676 periculum
3215 1615 3408 1668 mortis
3438 1615 3740 1674 imminens

2119 1685 2406 1755 evitarent,
2442 1690 2826 1759 tradiderunt;
2862 1695 2914 1748 hi
2947 1704 3128 1751 autem
3149 1700 3284 1754 lucis
3308 1701 3406 1756 ﬁlii
3430 1720 3499 1758 ne
3530 1706 3603 1760 de
3634 1707 3738 1762 bo-

2120 1780 2205 1834 nis
2241 1785 2582 1852 perennibus
2614 1804 2755 1872 ‘quaa
2791 1798 3077 1860 sperantes
3110 1796 3371 1863 petebant
3424 1800 3731 1872 quidquam

2118 1870 2435 1939 perderent,
2468 1889 2526 1927 se
2558 1863 2711 1944 ipsos
2733 1877 2910 1947 ipsius
2959 1881 3150 1935 mortis
3179 1863 3738 1952 periculis-subdide-

2114 1967 2256 2014 runt.
2303 1961 2695 2019 Prudentiores
2747 1967 2915 2039 igitur
2947 1970 3055 2024 illis
3091 1971 3334 2035 fuerunt.
3379 1979 3647 2048 quoniam
3681 1993 3735 2036 et

2111 2053 2275 2108 vitam
2309 2055 2810 2128 incorruptibilem,
2853 2073 2908 2118 et
2941 2081 3047 2120 non
3100 2067 3388 2124 defectura
3417 2072 3566 2128 bona
3607 2092 3733 2146 quae

2109 2147 2443 2215 quaesieram
2495 2152 2782 2208 moriendo
2827 2167 3205 2214 servaverunt.
3263 2162 3345 2214 llli
3391 2179 3522 2218 vero
3570 2165 3734 2222 bonis

2111 2252 2209 2306 pro
2247 2255 2478 2308 quorum
2520 2243 2978 2313 multiplicatione
3018 2251 3318 2319 prudentes
3361 2255 3735 2324 putabantur,

2111 2342 2208 2397 pro
2235 2329 2359 2384 vitae
2391 2331 2769 2403 redemptione
2799 2337 3033 2406 traditis,
3063 2356 3165 2396 nec
3195 2342 3370 2412 ipsam
3396 2346 3565 2401 vitam
3601 2349 3740 2404 reti-

2113 2438 2244 2478 nere
2276 2434 2592 2494 potuerunt.

2181 2555 2270 2610 33.
2319 2557 2586 2614 Praeterea
2616 2562 2779 2616 etiam
2806 2563 2851 2617 si
2890 2580 3017 2620 vera
3071 2570 3350 2625 sententia
3403 2579 3571 2636 esset,
3627 2591 3729 2631 nec

2110 2643 2184 2697 ibi
2208 2661 2451 2718 congrue
2478 2657 2797 2719 poneretur,
2822 2669 2926 2708 nec
2947 2655 3155 2726 aliquid
3187 2658 3264 2712 ibi
3295 2659 3563 2716 doctrina:
3589 2678 3735 2733 pon-

2105 2735 2207 2789 dus
2230 2736 2473 2793 haberet.
2510 2740 2695 2797 Restat
2715 2758 2846 2816 ergo
2873 2752 2952 2812 ut,
2979 2747 3121 2801 sicut
3164 2763 3514 2820 occperamus
3545 2770 3727 2824 expo-

2105 2843 2258 2896 nere,
2295 2831 2363 2884 ad
2396 2833 2501 2888 hoc
2531 2836 2708 2904 posita
2737 2836 2971 2905 dicatur,
3004 2848 3064 2893 ut
3088 2848 3143 2895 et
3172 2857 3338 2896 causa
3366 2861 3536 2914 quare
3569 2846 3724 2902 illum

2106 2919 2173 2973 de
2216 2922 2508 2989 prudentia
2538 2924 2843 2983 laudaverit
2881 2929 3142 2985 dominus
3171 2935 3512 3002 ostendatur,
3546 2945 3600 2993 et
3657 2956 3723 2992 ex

2105 3010 2224 3080 ipsa
2251 3016 2571 3072 ostensione
2591 3034 2750 3074 mens
2777 3023 3081 3091 peccatoris
3097 3027 3350 3080 conversi
3382 3028 3450 3081 ad
3481 3029 3731 3098 pruden-

2127 3105 2257 3173 iam,
2284 3123 2407 3178 quae
2436 3108 2648 3165 laudari
2678 3121 2952 3169 mereatur
2983 3132 3015 3170 a
3046 3117 3301 3185 Domino,
3330 3122 3720 3178 succendatur.

2105 3193 2196 3247 Est
2225 3210 2358 3269 ergo
2395 3197 2518 3252 talis
2547 3202 2844 3256 sententia.
2878 3203 3088 3260 idcirco
3120 3205 3364 3261 villicum
3397 3209 3550 3264 illum
3583 3211 3733 3282 quod

2104 3289 2406 3357 prudenter
2456 3294 2634 3367 egerit
2683 3295 2943 3352 dominus
2984 3298 3077 3352 ille
3136 3299 3406 3366 laudavit;
3450 3306 3716 3375 quoniam

2103 3378 2306 3432 multos
2337 3379 2475 3434 lucis
2520 3380 2665 3436 filios
2705 3400 2829 3438 cum
2860 3387 3049 3441 saeculi
3099 3386 3246 3443 ﬁlius
3282 3400 3450 3457 esset,
3505 3393 3559 3446 in
3601 3394 3718 3462 ipsa

2110 3469 2402 3539 prudentia
2423 3475 2721 3542 superavit.
2759 3476 2908 3531 Multi
2940 3494 3178 3551 namque
3200 3481 3335 3537 lucis
3362 3481 3460 3538 ﬁlii
3496 3496 3727 3555 possent

2103 3562 2362 3627 inveniri,
2391 3565 2482 3634 qui
2514 3565 2828 3622 debitorum
2864 3568 3080 3624 illorum
3123 3572 3209 3627 vel
3242 3573 3474 3641 nollent,
3507 3578 3595 3630 vel
3630 3595 3724 3633 ne-

2102 3648 2306 3704 scirent
2337 3651 2478 3706 sicut
2505 3653 2598 3708 ille
2624 3656 2883 3711 misertus
2913 3666 2995 3714 est
3020 3660 3293 3719 misereri.
3329 3663 3449 3717 Filii
3484 3682 3726 3738 namque

2101 3737 2286 3791 saeculi
2319 3739 2483 3807 hujus
2516 3743 2903 3811 prudentiores
2930 3745 3060 3802 ﬁliis
3098 3749 3234 3804 lucis
3275 3751 3332 3805 in
3361 3737 3725 3825 generatione

2102 3844 2198 3882 sua
2233 3838 2379 3884 sunt.
2413 3832 2469 3885 Id
2499 3843 2580 3888 est
2611 3842 2740 3890 tunc
2767 3844 2978 3892 tantum
3021 3837 3119 3894 ﬁlii
3161 3843 3351 3897 saeculi
3405 3845 3574 3914 hujus
3606 3846 3725 3901 lau-

2101 3919 2218 3974 dari
2261 3931 2562 3992 merentur,
2612 3942 2736 3982 cum
2791 3927 2920 3983 ﬁliis
2951 3931 3088 3986 lucis
3140 3934 3531 4003 prudentiores
3571 3938 3725 3992 inve-

2102 4010 2357 4066 niuntur:
2389 4014 2535 4084 quod
2569 4017 2895 4072 naturaliter
2924 4019 2980 4072 in
3007 4021 3090 4074 eis
3118 4023 3320 4084 evenit.
3356 4026 3720 4095 quotiescun-

2103 4115 2210 4169 que
2237 4111 2592 4170 generantur.
2623 4105 2782 4161 Lucis
2815 4107 2999 4180 itaque
3031 4108 3128 4163 ﬁlii
3173 4110 3526 4186 intelligendi
3574 4125 3721 4182 sunt,

2102 4193 2194 4263 qui
2230 4209 2328 4263 per
2360 4200 2523 4250 totam
2551 4196 2713 4252 vitam
2744 4215 2896 4254 suam
2933 4201 3167 4255 crimina
3198 4203 3530 4273 devitantes,
3564 4218 3623 4262 ut
3655 4209 3720 4263 ad

2093 4283 2266 4340 vitam
2293 4292 2554 4339 teternam
2585 4288 2925 4355 perveniant,
2961 4288 3088 4344 ﬁdei
3131 4284 3484 4349 concorditer
3512 4296 3719 4353 vivunt.

2101 4371 2219 4425 Filii
2251 4388 2380 4428 vero
2426 4375 2616 4429 saeculi
2645 4376 2928 4444 dicuntur,
2978 4379 3073 4450 qui
3130 4382 3411 4437 mundana
3470 4385 3621 4440 lucra
3666 4395 3719 4441 et

2169 4712 2258 4766 34.
2305 4713 2362 4767 Hi
2397 4714 2527 4769 dum
2560 4726 2873 4786 sequuntur
2909 4736 2975 4775 ea
3005 4721 3060 4775 in
3096 4725 3454 4795 corruptione
3487 4735 3618 4782 sunt
3662 4738 3715 4782 et

2091 4803 2327 4858 tendunt
2356 4803 2410 4856 in
2437 4819 2547 4858 non
2576 4821 2728 4868 esse:
2771 4823 2894 4863 cum
2926 4825 3056 4865 vero
3087 4813 3286 4883 quovis
3319 4815 3486 4871 modo
3514 4831 3614 4886 per
3635 4815 3720 4870 di—

2086 4909 2269 4948 vmam
2310 4895 2538 4965 gratiam
2595 4912 2753 4951 suam
2821 4899 3235 4956 damnationem
3292 4914 3637 4977 cognoscunt
3667 4918 3719 4963 et

2087 4983 2377 5055 pmnitent,
2408 4986 2563 5057 quasi
2627 4999 2969 5061 generantur
3024 5001 3078 5048 et
3112 4995 3423 5064 procedunt
3465 4998 3533 5051 ad
3567 5014 3714 5054 esse.

2086 5078 2375 5134 Generatio
2413 5097 2654 5153 namque
2694 5091 2749 5136 et
2797 5087 3092 5156 corruptio
3137 5089 3404 5144 contrarii
3455 5099 3637 5148 motus
3666 5102 3718 5149 et

2085 5177 2213 5226 sunt
2244 5179 2298 5225 et
2339 5171 2632 5227 dicuntur:
2675 5177 2825 5230 unde
2875 5180 3257 5234 necessarium
3317 5190 3402 5238 est
3452 5191 3533 5244 ut.
3578 5187 3715 5241 sicut

2086 5258 2384 5313 carnalium
2443 5267 2724 5317 amatores
2781 5264 2910 5318 dum
2971 5266 3054 5320 eis
3108 5266 3367 5323 insistunt
3416 5271 3472 5324 in
3515 5288 3705 5328 corru-

2085 5347 2274 5419 ptione
2291 5365 2392 5402 sua
2413 5356 2564 5416 sunt,
2597 5358 2653 5406 et
2677 5351 2734 5405 in
2757 5352 2995 5408 miseriae
3019 5354 3299 5411 defectum
3326 5358 3708 5428 devolvuntur,

2088 5438 2182 5504 ita,
2216 5452 2340 5492 cum
2371 5438 2567 5494 eadem
2601 5440 2848 5496 carnalia
2897 5442 3174 5513 incipiunt
3204 5445 3381 5512 odire,
3439 5455 3495 5502 et
3537 5449 3606 5503 ab
3635 5450 3716 5504 eis

2087 5529 2368 5590 recedere.
2403 5537 2459 5586 et
2489 5531 2814 5601 paenitendo
2853 5531 2922 5586 ad
2953 5533 3264 5589 Creatorem
3294 5537 3504 5605 redire,
3538 5540 3592 5592 in
3618 5556 3716 5613 ge-

2090 5625 2374 5682 neratione
2396 5642 2496 5682 sua
2520 5627 2654 5696 sint,
2686 5635 2742 5683 et
2779 5627 2848 5682 ad
2881 5628 3248 5686 beatitudinis
3287 5644 3595 5708 augmenta
3622 5651 3712 5690 re-

2087 5721 2372 5771 vocentur.
