3938 6206
219 312 360 369 1149

1324 309 1546 365 HOMIL.
1590 310 1675 365 DE
1712 307 1971 365 VlLLlCO
2011 306 2430 373 lNlQUlTATlS.

3411 312 3553 370 1150

279 439 368 495 33.
405 440 464 493 ln
515 438 617 492 hac
669 451 802 511 ergo
855 436 1218 513 generatione
1262 452 1362 491 sua
1400 436 1699 491 existentes
1729 434 1828 489 filii
1852 439 1901 507 Α
1931 433 2145 489 instruo
2170 432 2245 491 :in
2285 433 2478 488 eadem
2512 435 2929 491 exhortatione:
2961 437 3142 491 Facite
3165 436 3312 493 vobis
3351 440 3554 494 amicos

207 532 397 588 saeculi
438 531 606 601 hujus
644 530 1035 601 prudentiores
1081 528 1210 584 ﬁliis
1251 530 1388 584 lucis
1421 535 1568 598 sunt,
1624 544 1747 583 nam
1784 527 1830 582 si

213 623 605 694 prudentiores
637 637 749 677 non
777 630 928 685 sunt,
969 621 1215 676 nondum
1258 620 1312 674 in
1344 620 1703 695 generatione
1733 635 1832 673 sua

210 722 358 769 sunt.
398 715 527 769 Cum
553 728 685 787 ergo
710 713 765 767 in
796 712 1157 786 generatione
1199 728 1298 767 sua
1326 718 1473 775 sunt,
1514 710 1831 782 prudentio-

1934 526 2002 580 de
2025 538 2333 580 mammona
2364 527 2681 595 iniquitatis
2737 527 2846 582 Hoc
2869 534 2971 594 est,
3005 543 3317 583 mammona
3348 529 3553 601 iniqui-

1934 618 2061 673 tatis
2092 635 2123 673 a
2155 617 2314 674 vobis
2363 627 2666 684 removete,
2707 627 2761 674 et
2805 620 2929 675 aliis
2965 621 3169 692 quibus
3198 623 3269 677 sit
3295 639 3554 679 necessa—

1934 707 2073 761 rium
2113 716 2359 782 erogate,
2393 708 2588 779 sicque
2623 709 2748 764 illos
2777 709 2937 765 vobis
2984 711 3212 777 amicos,
3259 711 3312 766 id
3344 722 3425 767 est
3453 712 3552 767 ad—

211 819 301 858 res
341 810 499 868 sunt;
543 803 804 873 quoniam
849 801 959 856 illis
998 802 1068 856 de
1111 817 1224 856 suae
1260 810 1385 856 Vitae
1417 799 1689 855 munditia
1715 800 1826 868 jam
1927 798 2143 866 jutores
2183 806 2509 869 praeparate,
2544 809 2604 855 ut
2643 816 2765 855 cum
2800 799 3118 855 defeceritis
3150 802 3420 871 recipiant
3458 819 3555 859 vos

210 895 447 961 securis,
481 901 535 948 et
565 893 690 949 ideo
730 893 1093 948 mediocriter
1119 891 1438 967 agentibus,
1468 892 1559 946 isti
1590 907 1621 945 a
1647 891 1831 947 sordi-
1934 886 1990 939 in
2030 895 2237 941 aeterna
2278 887 2661 955 tabernacula,
2704 888 2759 942 id
2800 895 2885 943 est
2931 905 3054 943 cum
3112 897 3291 943 vestra
3338 890 3553 960 justitia

211 983 317 1037 bus
342 998 479 1053 quas
505 983 646 1037 male
687 981 926 1037 vivendo
978 998 1009 1035 a
1049 988 1200 1051 patre
1241 982 1447 1036 mundo
1490 990 1835 1049 contraxere,
1940 992 2050 1033 non
2083 976 2248 1033 fuerit
2276 978 2501 1034 inventa
2551 979 2839 1034 sufﬁciens
2897 980 2964 1034 ad
3015 986 3251 1034 vestram
3293 980 3551 1036 salvatio-

209 1087 272 1126 se
303 1071 577 1125 mundare
606 1071 881 1134 laborant,
915 1077 970 1124 et
997 1069 1142 1126 bona
1183 1086 1307 1142 quae
1367 1070 1723 1141 perdiderant
1752 1085 1839 1124 re-
1939 1084 2089 1136 nem,
2125 1069 2180 1123 in
2211 1077 2542 1125 aeternorum
2572 1078 2755 1126 tamen
2797 1070 3277 1125 tabernaculorum
3308 1072 3443 1142 ipsis
3464 1072 3552 1127 in-

210 1178 489 1232 cuperare
522 1161 703 1216 modis
729 1160 990 1215 omnibus
1033 1161 1237 1231 quibus
1279 1166 1524 1232 possunt.
1559 1160 1619 1214 Et
1647 1160 1837 1232 utique
1940 1164 2351 1221 tercedentibus
2374 1165 2718 1236 recipiamini
2752 1165 3116 1221 mansionem.

213 1251 547 1321 prudentior
574 1259 677 1317 est,
709 1249 801 1321 qui
830 1257 885 1304 et
914 1249 1174 1304 damnum
1210 1248 1508 1303 imminens
1538 1248 1840 1319 prudenter
2009 1260 2097 1314 37,
2131 1259 2239 1315 sed
2271 1276 2340 1315 ne
2372 1261 2572 1315 erretis
2603 1261 2657 1315 in
2694 1277 2761 1317 eo
2784 1262 2931 1333 quod
2972 1260 3109 1317 dicit
3134 1262 3203 1316 de
3238 1277 3552 1318 mammona

211 1340 410 1406 evitat,
440 1346 495 1394 et
534 1338 821 1410 praemium
860 1338 1009 1410 quod
1057 1339 1311 1409 pluribus
1357 1338 1698 1410 propositum
1729 1344 1834 1404 est,
1940 1348 2247 1419 iniquitatis
2307 1350 2549 1420 putando
2581 1350 2870 1421 pecuniam
2914 1366 3013 1421 per
3055 1351 3209 1405 nefas
3261 1350 3553 1421 quodlibet

209 1434 408 1489 eodem
441 1441 565 1488 actu
598 1432 816 1489 fortiter
859 1433 1109 1504 acquirit,
1152 1432 1268 1499 illo,
1305 1432 1399 1504 qui
1448 1432 1677 1503 praemio
1708 1447 1839 1487 con-
1935 1438 2259 1508 acquisitam
2296 1439 2376 1495 sic
2402 1441 2696 1507 nominari,
2737 1440 2924 1495 sciatis
2955 1441 3023 1495 de
3053 1456 3118 1495 ea
3150 1458 3274 1513 quae
3309 1458 3407 1512 per
3439 1457 3544 1495 ne-

216 1522 508 1593 sequendo
531 1521 886 1596 singulariter
908 1521 1172 1589 intentus,
1200 1521 1418 1577 tandem
1439 1521 1834 1593 quoquomodo
1935 1524 2018 1580 fas
2059 1526 2367 1597 acquiritur
2414 1528 2622 1583 amicos
2653 1528 2965 1600 hujusmodi
2992 1545 3102 1585 non
3133 1545 3292 1601 posse
3324 1545 3549 1601 compa-

216 1610 665 1681 comprehendit.
721 1609 1034 1665 Prudentes
1067 1616 1195 1664 sunt
1218 1609 1315 1663 ﬁlii
1353 1609 1512 1676 lucis,
1569 1609 1831 1680 quoniam
1933 1615 2076 1669 rari:
2121 1615 2389 1686 scriptum
2450 1624 2533 1672 est
2586 1617 2736 1671 enim
2781 1618 2911 1688 quia
2948 1619 3015 1673 de
3061 1620 3253 1690 rapina
3300 1621 3548 1674 eleemo-

211 1702 549 1756 munditiam
577 1717 729 1756 suam
762 1701 1159 1764 custodientes,
1189 1701 1258 1755 ad
1286 1700 1453 1769 finem
1475 1700 1901 1800 beatitudinisB
1932 1722 2124 1777 synam
2160 1707 2338 1763 facere
2372 1709 2453 1763 sic
2482 1709 2593 1764 Deo
2624 1717 2838 1780 gratum
2872 1718 2976 1778 est,
3030 1720 3089 1765 ut
3118 1712 3254 1781 patri
3287 1711 3333 1765 si
3365 1710 3550 1766 carni-

214 1792 486 1857 tendunt;
550 1800 733 1846 tamen
786 1806 816 1844 a
857 1789 1108 1860 pluribus
1153 1790 1395 1845 carnalia
1450 1788 1701 1844 subsidia
1736 1788 1899 1844 08-"
1931 1793 2091 1851 ficem
2132 1796 2317 1852 videat
2339 1812 2522 1852 coram
2554 1814 2612 1851 se
2642 1797 2817 1853 lilium
2854 1800 3105 1873 jugulare
3134 1802 3316 1870 (Eccli.
3362 1818 3543 1864 xxxnv,

214 1882 459 1953 pientes,
491 1881 638 1937 bona
690 1897 790 1952 per
816 1897 938 1953 quae
970 1881 1179 1937 debent
1208 1881 1356 1936 beati
1398 1879 1514 1935 ﬁeri
1545 1881 1833 1951 pariuntur
1928 1885 2039 1951 24).
2089 1885 2199 1940 Sed
2240 1902 2556 1942 mammona
2612 1887 2922 1959 iniquitatis
2972 1890 3207 1959 pecunia
3255 1890 3418 1944 etiam
3452 1907 3549 1961 per

207 1984 265 2030 et
286 1974 444 2046 quasi
483 1973 746 2029 vendunt.
795 1974 1191 2029 Prudentiores
1221 1982 1405 2028 autem
1432 1982 1559 2028 sunt
1604 1972 1701 2026 filii
1730 1988 1830 2028 ste-

210 2066 323 2122 culi
368 2066 529 2135 hujus
569 2065 623 2119 in
655 2064 1017 2137 generatione
1075 2081 1196 2133 sua,
1230 2065 1359 2136 quia
1399 2072 1454 2120 et
1478 2082 1536 2120 se
1561 2071 1826 2137 quantum

212 2164 448 2226 possunt
490 2154 814 2221 emundant,
868 2163 923 2208 et
961 2169 992 2208 a
1044 2153 1207 2209 bonis
1255 2153 1457 2225 quibus
1513 2154 1663 2209 beari
1710 2170 1831 2209 me-

218 2252 445 2298 reantur
474 2258 586 2298 non
610 2250 849 2310 cessant,
882 2258 987 2297 nec
1033 2242 1338 2314 quidquam
1370 2242 1438 2297 ab
1467 2243 1590 2297 aliis
1632 2258 1830 2313 capere

209 2341 492 2401 curantes,
543 2349 666 2406 quae
711 2333 1001 2405 possident
1047 2334 1405 2404 pauperibus,
1460 2342 1516 2389 et
1547 2334 1829 2403 omnibus,

202 2440 353 2497 quos
402 2422 543 2479 lucis
598 2422 741 2477 filios
791 2422 1130 2477 arbitrantur
1168 2421 1411 2477 libenter
1467 2423 1825 2494 impendunt:

201 2517 385 2583 unde,
413 2515 458 2570 si
488 2514 705 2570 beatius
758 2521 842 2569 est
864 2515 994 2569 dare
1040 2530 1203 2585 quam
1253 2514 1529 2585 accipere,
1582 2514 1662 2568 illi
1699 2532 1829 2586 pru-

209 2607 502 2663 dentiores
542 2614 672 2661 sunt
710 2605 952 2674 dicendi,
993 2605 1124 2676 quia
1162 2605 1488 2676 prudentius
1535 2621 1656 2660 esse
1682 2606 1832 2676 quod

204 2702 425 2758 beatius
454 2710 537 2756 est
572 2716 758 2775 agere,
789 2716 953 2756 nemo
983 2716 1154 2755 sanus
1177 2699 1535 2755 cunctabitur
1552 2698 1825 2755 conﬁteri.

202 2793 602 2849 Prudentiores
646 2800 774 2847 sunt
804 2792 899 2846 filii
955 2792 1114 2858 lucis,
1156 2792 1418 2863 quoniam
1468 2798 1523 2846 et
1552 2791 1699 2845 bene
1739 2791 1826 2845 vi-

196 2894 337 2943 vunt
382 2897 437 2942 et
467 2902 566 2957 pro
612 2887 738 2942 aliis
768 2886 1087 2958 frequenter
1143 2886 1213 2941 ad
1242 2885 1533 2941 Dominum
1562 2884 1701 2941 fiunt
1749 2884 1830 2939 in-

202 2992 574 3048 tercessores;
607 2982 703 3037 sed
736 2982 1124 3052 prudentiores
1160 2988 1290 3036 sunt
1314 2980 1413 3035 ﬁlii
1446 2981 1629 3036 saeculi
1661 2981 1827 3049 hujus

1929 1972 2011 2028 fas
2049 1974 2319 2046 acquisita
2372 1975 2707 2043 nominatur,
2742 1977 3003 2047 quoniam
3060 1977 3189 2031 dum
3236 1978 3286 2031 ei
3314 1993 3543 2051 congre-

1931 2062 2128 2135 ganda:
2187 2062 2482 2129 insistitur,
2518 2064 2829 2120 necessario
2859 2081 3017 2119 mens
3067 2064 3136 2119 ab
3187 2065 3548 2136 inspiratione

1933 2153 2229 2219 Creatoris,
2262 2162 2319 2209 et
2352 2154 2420 2209 ab
2453 2155 2573 2224 ejus
2602 2156 2850 2220 servitio,
2893 2157 2982 2211 cui
3029 2173 3249 2226 semper
3276 2157 3550 2212 inhaerere

1931 2241 2119 2308 debet,
2179 2252 2486 2299 revocatur.
2531 2243 2665 2307 Quis
2717 2252 2900 2298 autem
2960 2259 3127 2298 sanus
3166 2243 3393 2315 negabit
3441 2244 3550 2297 ini-

1931 2351 2098 2406 quum
2129 2350 2248 2390 esse
2275 2351 2373 2405 pro
2405 2335 2754 2407 quantolibet
2785 2336 3078 2390 commodo
3110 2352 3139 2387 τι
3173 2334 3429 2389 Creatore
3461 2336 3548 2389 vel

1930 2423 2000 2477 ad
2032 2431 2373 2478 momentum
2399 2423 2727 2479 discedere?
2750 2424 2881 2478 ldeo
2912 2438 3133 2495 aequum
3164 2430 3218 2476 et
3244 2422 3468 2477 salubre
3495 2432 3551 2477 et

1933 2523 2083 2571 certa
2122 2515 2387 2586 temporis
2425 2515 2738 2585 redemptio
2792 2521 2876 2569 est
2926 2530 3025 2585 pro
3058 2513 3327 2569 Creatoris
3356 2528 3546 2569 amore

1934 2604 2063 2661 ﬁliis
2107 2607 2247 2661 lucis
2278 2591 2615 2678 pauperibus
2664 2623 2893 2680 erogare
2922 2606 3194 2678 quidquid
3239 2622 3340 2660 nos
3372 2607 3549 2676 potuit

1930 2695 2016 2750 vel
2054 2696 2124 2751 ad
2175 2697 2365 2751 horam
2414 2697 2484 2751 ab
2514 2697 2635 2766 ejus
2686 2704 2912 2768 aSpcctu
2960 2703 3015 2751 et
3067 2695 3340 2750 desiderio
3385 2710 3545 2765 sepa-

1930 2802 2070 2841 rare.
2130 2786 2192 2841 Et
2233 2795 2382 2844 certe
2444 2788 2578 2843 ratio
2605 2787 2853 2855 justitiaz,
2895 2786 3022 2842 licet
3068 2803 3167 2857 per
3211 2785 3544 2841 contrarium

1930 2879 2245 2948 expostulat
2274 2887 2333 2934 ut
2377 2894 2476 2950 pro
2498 2878 2592 2933 Dei
2630 2878 2929 2933 dilectione
2962 2884 3350 2933 contemnatur
3378 2892 3542 2932 omne

1930 2985 2029 3041 pro
2057 2985 2167 3041 quo
2195 2970 2280 3025 vel
2333 2972 2403 3026 ad
2446 2972 2633 3027 horam
2693 2970 2946 3042 posuisse
3006 2969 3160 3024 illum
3200 2968 3545 3024 conscientia

206 3073 262 3126 in
297 3071 660 3143 generatione
686 3085 804 3133 sua,
834 3068 1095 3140 quoniam
1115 3076 1305 3125 utnon
1330 3069 1657 3124 frustrentur
1691 3070 1825 3124 bea-
1855 3096 1901 3164 (π
1929 3061 2232 3130 peccatoris
2263 3062 2598 3118 recordatur.

216 3161 457 3216 titudine
500 3175 663 3231 quam
739 3158 1082 3225 desiderant,
1150 3157 1353 3213 multos
1412 3158 1617 3213 habere
1671 3174 1824 3230 quae-
1858 3148 1902 3164 ν

205 3262 340 3308 runt
387 3252 700 3320 adjutores;
759 3250 826 3304 ad
885 3265 1072 3320 quam,
1132 3257 1191 3305 ut
1241 3265 1436 3306 secure
1479 3250 1655 3305 valeat
1702 3250 1828 3322 quis

203 3341 520 3414 pervenire,
546 3341 717 3396 tutius
767 3346 853 3395 est
893 3357 925 3394 a
974 3339 1226 3410 pluribus
1250 3339 1499 3409 adjuvari
1539 3356 1702 3412 quam
1736 3340 1824 3410 ju-

194 3454 351 3493 vare.

270 3526 360 3584 36.
412 3525 477 3581 Ut
514 3530 695 3580 autem
742 3521 841 3578 ﬁlii
902 3522 1090 3579 saeculi
1136 3523 1302 3594 hujus
1347 3524 1401 3578 in
1459 3525 1821 3597 generatione

198 3634 304 3675 sua
334 3616 499 3688 positi
559 3617 664 3672 hoc
711 3614 1047 3685 adjutorium
1093 3630 1124 3668 a
1171 3613 1422 3685 pluribus
1468 3616 1689 3671 valeant
1723 3616 1821 3670 ha-

198 3711 358 3776 bere,
400 3707 675 3780 quidquid
706 3706 1049 3762 mundanum
1079 3705 1388 3776 possident,
1430 3705 1582 3760 nulla
1621 3705 1822 3760 sollici-

198 3800 396 3857 tudine
428 3799 497 3854 de
549 3799 785 3856 crastino
828 3799 1090 3867 revocati,
1131 3798 1357 3853 student
1388 3797 1592 3870 quibus
1623 3813 1823 3853 neces-

199 3890 409 3946 sarium
441 3897 497 3945 et
525 3889 753 3965 dignum
788 3907 910 3946 esse
940 3890 1174 3946 credunt
1203 3905 1453 3965 erogare.
1501 3890 1612 3945 Nec
1640 3890 1817 3945 solum

194 3983 325 4039 aliis
354 3980 482 4036 ﬁliis
503 3981 643 4038 lucis
673 3984 1066 4054 prudentiores
1108 3989 1258 4049 sunt,
1280 3982 1376 4037 sed
1409 3981 1574 4037 etiam
1608 3982 1822 4052 seipsos

193 4072 505 4130 luciﬁcatos
535 4072 591 4127 in
625 4074 986 4147 generatione
1019 4089 1140 4138 sua,
1179 4072 1248 4126 de
1288 4072 1379 4127 die
1409 4071 1467 4126 in
1507 4071 1652 4127 diem
1700 4088 1818 4126 ma-

190 4167 283 4240 gis
314 4173 370 4221 et
407 4165 586 4238 magis
615 4164 668 4218 in
698 4165 900 4219 virtute
932 4164 1235 4219 crescendo
1273 4163 1689 4219 transcendunt.
1734 4163 1822 4217 ld-

197 4260 376 4325 circo,
406 4266 469 4313 ut
515 4259 584 4313 ad
616 4259 808 4313 horum
848 4259 1210 4314 excellentem
1256 4258 1605 4330 prudentiam
1637 4258 1824 4313 horta-

193 4360 354 4408 retur
384 4349 650 4404 Dominus
678 4365 829 4416 suos,
854 4366 965 4405 non
997 4355 1291 4405 contentus
1330 4348 1584 4420 exemplo
1616 4364 1823 4420 pr0po-

1997 3152 2086 3207 38.
2121 3153 2330 3209 ldcirco
2369 3153 2551 3209 bonus
2579 3153 2823 3208 Modicus
2868 3154 3052 3209 sciens
3096 3154 3426 3209 medicinam
3460 3156 3547 3209 in-

1927 3242 2170 3301 ﬁrmitati
2221 3246 2551 3302 contrariam
2624 3244 2907 3301 efﬁcacem
2975 3246 3298 3310 curationis,
3358 3247 3539 3301 dixit:

1923 3341 2104 3394 Facite
2150 3342 2300 3396 vobis
2338 3345 2536 3397 amicos
2576 3342 2639 3397 de
2692 3358 3000 3396 mammona
3050 3344 3381 3412 iniquitatis.
3436 3341 3543 3396 Sed

1921 3429 2108 3500 quos?
2148 3431 2349 3502 Utique
2382 3432 2521 3488 lucis
2552 3431 2698 3487 filios
2740 3432 3006 3497 maxime;
3058 3433 3155 3487 sed
3189 3432 3316 3487 ideo
3368 3432 3547 3488 noluit

1921 3522 2311 3590 determinare,
2371 3526 2499 3595 quia
2551 3526 2665 3579 vult
2732 3541 2883 3592 suos,
2944 3525 3249 3580 secundum
3302 3525 3538 3596 apostoli

1922 3612 2072 3667 Pauli
2089 3613 2419 3680 doctrinam,
2436 3614 2699 3669 omnibus
2713 3615 2951 3669 maxime
2970 3615 3289 3671 domesticis
3300 3613 3430 3670 fidei
3445 3631 3545 3670 sua

1919 3702 2067 3758 bona
2106 3702 2517 3757 communicare
2565 3704 2705 3770 (Gal.
2742 3721 2813 3770 vi,
2863 3704 2969 3773 10).
3014 3704 3196 3758 Potest
3233 3711 3413 3758 autem
3460 3704 3546 3758 in-

1924 3796 2100 3869 telligi
2129 3812 2228 3867 per
2255 3797 2462 3852 amicos
2504 3796 2593 3852 hic
2623 3798 2774 3867 ipsos
2817 3796 3025 3852 fructus
3062 3796 3542 3868 eleemosynarum

1922 3886 2252 3964 significari;
2305 3888 2399 3959 qui
2440 3888 2634 3961 utique
2663 3889 2780 3944 suis
2838 3888 3138 3944 factoribus
3196 3895 3326 3943 tunc
3379 3887 3542 3944 inve-

1921 3982 2147 4038 nientur
2185 3982 2369 4050 amici,
2411 3983 2543 4054 quia
2588 3997 2686 4052 pro
2719 3981 2855 4051 ipsis
2885 3981 2952 4035 ad
2984 3980 3155 4035 Deum
3187 3980 3446 4043 orabunt,
3477 3986 3537 4035 ut

1921 4070 1990 4126 ab
2023 4071 2268 4126 externis
2312 4070 2694 4126 mansionibus
2721 4085 2830 4125 non
2865 4069 3104 4140 patiatur
3148 4084 3245 4124 eos
3274 4070 3541 4138 separari.

1924 4160 2036 4215 Hoc
2066 4160 2228 4215 nobis
2285 4160 2465 4215 innuit
2496 4158 2631 4214 illud
2678 4158 2916 4229 Spiritus
2947 4158 3119 4213 sancti
3172 4165 3541 4228 praeceptum:

1926 4255 2057 4306 Date
2093 4253 2498 4320 elemosynam,
2536 4258 2591 4305 et
2626 4250 2748 4320 ipsa
2780 4257 2900 4304 orat
2945 4265 3044 4320 pro
3073 4249 3233 4304 vobis
3261 4248 3327 4302 ad
3362 4248 3543 4304 Domi-

1923 4359 2053 4397 num
2088 4343 2234 4412 (Luc.
2268 4360 2343 4410 χι,
2403 4344 2512 4413 41).
2560 4342 2649 4397 Isti
2681 4341 2843 4396 amici
2899 4356 3026 4396 vere
3065 4356 3197 4397 suos
3226 4340 3434 4395 amicos
3486 4340 3542 4394 in

185 4445 324 4507 sito,
354 4438 603 4494 subdidit
637 4455 737 4494 sua
772 4446 1050 4511 praecepta
1079 4439 1303 4495 dicens:
1338 4444 1408 4495 Et
1455 4455 1548 4507 ego
1580 4440 1701 4494 dico
1722 4456 1818 4495 υο-
1842 4437 1900 4505 D
1926 4437 2130 4486 aeterna
2186 4431 2542 4487 tabernacula
2589 4446 2712 4484 cum
2742 4429 3048 4485 defecerint
3090 4430 3382 4501 recipient,
3413 4429 3543 4500 quia

193 4537 282 4590 bis
306 4550 320 4598 ;
351 4533 531 4586 Facite
557 4531 707 4587 vobis
737 4533 939 4586 amicos
969 4532 1036 4587 de
1056 4547 1370 4587 mammona
1397 4533 1730 4603 iniquitatis,
1771 4536 1827 4587 et

190 4633 419 4682 caetera.
476 4622 604 4676 Cum
663 4622 809 4677 enim
857 4624 964 4678 hoc
1014 4624 1297 4694 apposuit,
1366 4629 1421 4678 et
1471 4622 1819 4694 prudentiam

190 4714 438 4770 ﬁliorum
479 4712 666 4766 saeculi
718 4711 884 4780 hujus
914 4728 1078 4783 quam
1110 4711 1315 4767 habent
1369 4712 1423 4766 in
1460 4711 1818 4784 generatione

1924 4535 2047 4575 cum
2079 4520 2151 4575 ob
2181 4520 2553 4591 praecedentia
2584 4527 2812 4588 peccata
2863 4518 2988 4587 jure
3032 4517 3372 4574 damnationi
3402 4517 3538 4571 sub-

1922 4609 2092 4664 dendi
2120 4609 2249 4674 sint,
2296 4624 2485 4664 eorum
2535 4614 2885 4663 excusatores
2918 4616 2973 4663 et
3011 4624 3176 4663 causa
3217 4606 3538 4662 salvationis

1921 4699 2072 4756 ﬁent.
2107 4703 2169 4757 In
2197 4708 2401 4757 aeterna
2430 4702 2577 4757 enim
2608 4700 2963 4756 tabernacula
2996 4701 3258 4757 dicuntur
3288 4699 3413 4755 illos
3439 4715 3534 4754 re-

187 4818 290 4857 sua
313 4816 417 4856 nos
463 4798 664 4854 imitari
698 4799 883 4869 jussit,
924 4808 980 4854 et
1008 4798 1238 4854 formam
1281 4800 1401 4868 ejus
1432 4816 1503 4855 ne
1543 4798 1657 4855 falli
1687 4815 1818 4871 pos-
1917 4794 2152 4866 cepturi,
2184 4794 2313 4865 quia
2351 4810 2515 4850 causa
2554 4803 2683 4849 sunt
2735 4808 2906 4864 quare
2959 4793 3175 4849 beatam
3215 4793 3326 4848 sint
3366 4795 3534 4849 vitam

193 4911 408 4959 semus,
447 4894 503 4948 in
530 4910 594 4949 ea
625 4893 914 4964 piissimus
939 4903 1247 4966 praeceptor
1268 4902 1523 4966 patenter
1552 4896 1814 4952 ostendit.

194 4986 353 5054 Quod
374 4985 522 5041 enim
555 4984 720 5040 dixit:
777 4989 846 5041 Et
898 5002 993 5055 ego
1025 4987 1146 5040 dico
1199 4987 1376 5044 vobis:
1438 4990 1619 5043 Facite
1666 4988 1815 5044 vobis

195 5078 398 5132 amicos
449 5076 510 5128 de
562 5090 871 5131 mammona
909 5078 1244 5146 iniquitatis,
1300 5084 1355 5133 et
1405 5083 1623 5139 caetera,
1681 5077 1815 5148 quid

196 5166 349 5223 aliud
398 5165 639 5234 videtur,
669 5166 715 5221 si
749 5165 1160 5222 rationabiliter
1198 5166 1515 5231 discutitur,
1574 5183 1737 5238 quam
1773 5168 1819 5223 si

198 5257 481 5329 posuisset
553 5257 670 5313 haec
720 5257 893 5313 verba
949 5258 1249 5315 lectoribus
1301 5258 1658 5334 cognitiora?
1714 5259 1825 5315 Hoc

200 5348 487 5419 exemplar
524 5349 673 5420 quod
705 5349 774 5405 de
824 5350 1009 5407 villico
1042 5357 1097 5406 et
1128 5351 1197 5406 de
1251 5350 1548 5422 prudentia
1585 5349 1822 5407 ﬁliorum

200 5438 387 5494 saeculi
438 5436 604 5508 hujus
651 5439 939 5509 proposui,
985 5440 1054 5495 ad
1109 5440 1213 5495 hoc
1268 5439 1427 5496 vobis
1480 5440 1822 5510 propositum

202 5536 307 5596 est,
334 5536 397 5584 ut
424 5526 695 5583 studeatis
734 5528 969 5599 imitari;
1015 5538 1069 5586 et
1093 5538 1152 5587 ut
1200 5546 1312 5586 non
1356 5530 1477 5585 sitis
1501 5529 1745 5598 desides,
1771 5538 1826 5586 et

208 5618 362 5675 omni
405 5618 645 5674 careatis
693 5621 1074 5690 excusatione,
1131 5624 1250 5677 dico
1302 5622 1474 5689 vobis,
1529 5621 1585 5676 id
1629 5630 1713 5677 est
1753 5622 1824 5678 ad

206 5709 536 5767 imitandum
594 5724 693 5766 vos
736 5710 928 5768 hortor
973 5728 1098 5768 mea
1148 5713 1544 5784 praeceptione,
1595 5720 1651 5769 et
1693 5713 1827 5785 quid

207 5796 462 5857 faciendo
509 5798 859 5871 prudentiam
909 5800 1106 5858 horum
1144 5801 1409 5875 consequi
1463 5800 1688 5874 possitis
1729 5816 1828 5859 vos

1918 4885 2254 4956 possessuri;
2307 4900 2432 4955 quae
2478 4899 2575 4955 per
2618 4883 2974 4938 tabernacula
3008 4883 3136 4938 ideo
3186 4882 3532 4957 designatur,

1917 4976 2048 5048 quia
2077 4983 2133 5031 et
2179 4976 2378 5031 multas
2416 4976 2580 5029 habet
2635 4974 2974 5041 mansiones,
3025 4982 3080 5029 et
3117 4974 3369 5047 quisquis
3414 4991 3534 5031 eam

1922 5064 2248 5139 ingreditur,
2281 5065 2430 5121 velut
2456 5063 2660 5119 milites
2687 5064 2741 5119 in
2770 5062 3141 5120 tabernaculis
3169 5082 3201 5121 a
3221 5066 3408 5122 labore
3434 5064 3540 5121 mi-

1924 5159 2055 5215 litiae
2086 5158 2324 5225 diurnas,
2371 5157 2441 5212 ab
2481 5157 2633 5213 omni
2684 5155 2873 5213 labore
2916 5158 3237 5230 temporalis
3263 5160 3389 5216 vitae
3419 5160 3539 5215 sine

1925 5247 2034 5303 fine
2069 5248 2443 5323 reirigeratur.
2479 5247 2649 5312 Quam
2674 5261 2775 5302 nos
2803 5246 3136 5315 introducat,
3167 5255 3223 5304 et
3249 5265 3280 5303 a
3306 5248 3542 5305 misera-

1924 5337 2024 5392 bili
2054 5337 2244 5394 labore
2274 5337 2441 5409 hujus
2473 5336 2573 5392 viae
2603 5334 2893 5412 refrigeret
2917 5336 3011 5408 qui
3040 5336 3161 5392 haec
3188 5354 3312 5410 quae
3343 5346 3543 5394 utcun-

1927 5443 2035 5500 que
2074 5427 2428 5484 tractavimus
2459 5426 2672 5494 docuit,
2708 5433 2765 5481 et
2792 5425 2860 5482 ad
2894 5425 3219 5481 imitandum
3257 5426 3546 5501 pr0posuit

1924 5515 2088 5571 Jesus
2120 5514 2365 5571 Christus
2392 5514 2661 5571 Dominus
2711 5523 2920 5582 noster,
2971 5515 3059 5570 cui
3098 5530 3209 5572 non
3252 5515 3426 5571 solum
3455 5519 3542 5568 est

1925 5606 2124 5681 gloria,
2173 5606 2274 5661 sed
2321 5613 2377 5662 et
2403 5605 2513 5661 sibi
2552 5606 3001 5678 obtemperantes
3041 5604 3546 5677 incomparabiliter

1928 5702 2123 5758 merita
2172 5702 2618 5760 transcendendo
2658 5701 2930 5777 gloriﬁcat
2985 5703 3043 5760 in
3072 5700 3273 5757 saecula
3317 5697 3540 5755 saeculo-

1929 5809 2069 5852 rum.
2101 5793 2294 5850 Amen.
