3938 6206
399 280 527 336 1051

1626 269 1683 323 8.
1727 266 1963 325 ODONIS
2005 263 2246 320 CAMER.
2289 262 2498 318 EPlSC.

3600 262 3749 319 1152

1013 619 1169 745 Β.
1259 610 1930 743 ODONIS
2011 606 3091 736 DIPLOMATA.

395 1016 695 1085 Confirmat
718 1012 1029 1085 donationes
1083 1010 1287 1085 [actas
1314 1007 1543 1085 abbatiae
1582 1007 1826 1085 Jettensi,
1866 1019 2010 1060 nunc

607 1083 995 1152 Diligcmiensi,
1020 1080 1229 1135 ordinis
1251 1079 1796 1135 Pramonstratmzsis.

1006 1169 1184 1238 (Anno
1221 1167 1406 1236 1106)

401 1258 670 1332 [Mia.aus,
704 1260 822 1329 Opp
862 1256 1088 1332 diplom.
1110 1256 1176 1332 ΙΙ,
1205 1256 1335 1332 958,
1357 1271 1423 1332 ex
1442 1269 1574 1321 mss,
1597 1250 2008 1322 archiviicapit.

1017 1326 1389 1399 Auderlecbt.)

470 1440 530 1494 In
568 1439 792 1495 nomine
822 1446 1023 1495 sanctae
1087 1445 1143 1495 et
1181 1437 1483 1494 individuaa
1520 1435 1818 1499 Trinitatis,
1875 1433 2007 1501 Ono,

398 1535 493 1590 Dei
561 1535 738 1612 gratia
816 1534 1224 1590 Cameracensis
1292 1533 1608 1606 episcopus,
1688 1546 1879 1602 pacem
1957 1536 2014 1585 et

398 1629 629 1684 salutem
662 1629 877 1685 cunctis
907 1628 1101 1684 Christi
1131 1626 1406 1683 fidelibus.

470 1722 665 1778 Notum
698 1721 770 1777 sit
811 1720 1074 1777 omnibus
1129 1719 1323 1775 Christi
1368 1718 1626 1773 ﬁdelibus
1673 1724 1781 1772 tam
1813 1715 2014 1772 futuris

399 1833 562 1889 quam
602 1814 989 1887 praesentibus,
1022 1814 1172 1886 quod
1211 1814 1267 1868 in
1301 1812 1498 1868 diebus
1524 1811 1726 1868 nostris
1751 1811 2016 1865 instinctu

402 1915 457 1961 et
496 1908 715 1963 hortatu
757 1916 948 1965 nostro
979 1915 1146 1980 atque
1175 1905 1492 1961 Walthelmi
1524 1904 1760 1971 abbatis,
1794 1902 2018 1958 Everal-

401 1996 505 2050 dus
536 1996 858 2066 Rodulphus
906 1995 1292 2063 Tornacensis,
1343 1994 1414 2050 ob
1471 1993 1658 2048 uxoris
1702 2008 1837 2057 suae,
1893 1990 2021 2046 llel-

402 2082 604 2148 wildis,
636 2082 834 2137 animae
866 2083 1210 2151 memoriam,
1252 2079 1613 2138 concessione
1640 2088 1695 2133 et
1722 2077 2019 2133 traditione

405 2172 604 2227 Galteri
636 2170 733 2226 ﬁlii
762 2171 846 2226 sui
895 2173 1090 2228 decem
1131 2178 1186 2227 et
1216 2180 1345 2227 octo
1396 2177 1557 2225 terrae
1596 2166 1861 2223 bonarios
1891 2182 2016 2221 cum

404 2265 893 2322 domistationibus
959 2266 1027 2321 ad
1089 2266 1240 2338 ipsos
1298 2263 1727 2337 pertinentibus,
1780 2268 1835 2316 et
1891 2276 2015 2316 cum

404 2365 557 2431 prato
618 2358 783 2413 trium
827 2366 1041 2430 partum
1095 2357 1299 2433 jugeri,
1342 2356 1549 2411 liberos
1598 2355 1667 2409 ab
1712 2354 1864 2410 omni
1922 2352 2022 2407 ad-

406 2449 614 2505 vocatia
636 2450 897 2505 Ecclesize
926 2446 1159 2505 Jéttensi
1190 2457 1245 2504 et
1275 2447 1606 2504 Walthelmo
1633 2445 1818 2502 abbati
1857 2451 2022 2516 atque

409 2539 823 2595 successoribus
892 2539 1013 2608 ejus
1064 2537 1308 2605 tradidit,
1358 2538 1568 2608 absque
1612 2536 1844 2605 alicujus
1889 2549 2025 2590 con-

409 2628 761 2684 tradictione.

477 2716 754 2789 Quidquid
805 2722 989 2771 autem
1023 2715 1164 2787 juris
1217 2714 1424 2769 habent
1480 2713 1535 2768 in
1587 2713 1693 2769 hoc
1723 2709 2017 2774 beneﬁcio,

410 2811 718 2867 Waltherus
750 2811 1031 2873 sacerdos,
1085 2817 1141 2866 et
1195 2809 1346 2865 Coda
1398 2808 1562 2864 vidua
1595 2807 1849 2880 quaedam
1897 2805 2023 2861 reli-

405 2906 561 2979 giosa
592 2906 910 2978 supradicta
942 2905 1211 2962 Everardo
1245 2903 1477 2961 Rodulfo
1502 2919 1684 2960 coram
1709 2902 2027 2960 hominibus

403 2993 539 3060 suis,
571 3004 733 3050 antea
774 2994 1114 3049 tradiderant
1142 3001 1196 3048 et
1226 2992 1726 3049 exfestucaverant.

479 3084 804 3157 Quicunque
870 3084 1080 3157 aliquid
1137 3085 1333 3140 horum
1396 3082 1698 3157 infringere
1759 3098 2025 3154 praesum-

410 3180 579 3251 pscrit
601 3180 979 3235 maledictioni
1013 3189 1177 3252 atque
1197 3178 1559 3235 exsecrationi
1589 3178 1891 3249 subjaceat.
1918 3178 2025 3236 Pax

407 3271 577 3344 igitur
605 3281 661 3327 et
699 3271 1016 3326 benedictio
1055 3279 1478 3326 conservaturos
1503 3279 1798 3345 contegat;
1851 3270 2018 3326 dissi-

409 3371 633 3432 patores
659 3377 790 3417 vero
823 3360 961 3416 ultio
985 3362 1176 3416 aeterni
1203 3361 1346 3437 ignis
1372 3378 1496 3417 cum
1520 3361 1742 3418 diabolo
1769 3362 1946 3418 feriat.

478 3449 540 3504 Et
583 3449 689 3504 huc
743 3450 848 3504 hoc
912 3457 1085 3504 ratum
1141 3459 1195 3505 et
1231 3451 1617 3506 inconvulsum
1677 3459 2019 3521 permaneat.

411 3538 669 3611 Paginam
721 3540 864 3595 hanc
914 3540 1211 3597 subnotalo
1268 3540 1584 3596 testimonio
1640 3540 1808 3612 sigilli
1849 3540 2024 3596 nostri

412 3628 733 3683 auctoritate
763 3645 1058 3684 armamus.

481 3716 670 3770 Actum
730 3716 1005 3772 Cameraci
1051 3733 1197 3773 anno
1255 3717 1410 3788 1106,
1470 3717 1800 3790 praesulatus
1850 3717 2023 3773 nostri

411 3822 555 3864 anno
577 3807 777 3880 primo.

1180 3903 1246 3958 ll.

410 3995 761 4063 Privilegium
810 4011 915 4066 pro
966 3996 1188 4050 ecclesia
1252 3998 1627 4052 canonirorum
1681 3996 1736 4051 S.
1791 3996 2021 4051 Joannis

482 4087 743 4157 Baptista:
787 4090 848 4142 in
900 4089 1035 4143 urbe
1096 4089 1523 4154 Valentianensi,
1580 4103 1699 4158 quae
1759 4104 1898 4144 nunc
1947 4092 2023 4144 est

478 4179 701 4236 abbatia
725 4183 1056 4250 regularium
1080 4184 1288 4237 ordinis
1314 4182 1370 4237 S.
1404 4184 1713 4251 Augustini.

1014 4278 1186 4348 (Anno
1239 4276 1417 4347 1107)

796 4367 1054 4443 [Μιμευῇ
1084 4370 1182 4424 ubi
1201 4385 1393 4439 supra,
1429 4385 1481 4440 p.
1511 4368 1635 4424 6'75.

483 4463 792 4531 Ononnus,
835 4463 1310 4520 Cameracensium
1349 4463 1730 4535 episcopus...
1767 4462 2026 4518 Libenter

411 4553 804 4609 canonicorum
868 4553 1116 4609 ecclesia:
1174 4553 1229 4607 S.
1305 4553 1534 4609 Joannis
1594 4552 1867 4624 Baptistae,
1936 4551 2026 4608 cui

410 4642 524 4699 Deo
549 4649 795 4712 auctore,
821 4642 928 4715 ipsi
968 4642 1024 4697 in
1074 4641 1413 4699 Valentianis
1451 4641 1798 4711 deserviunt,
1836 4640 2023 4697 studui

2031 900 2082 967 Α
2109 894 2217 966 piae
2258 893 2514 966 petitioni
2549 893 2926 967 acquiescere.
2961 892 3025 947 Hi
3055 892 3203 949 enim
3243 891 3528 964 petierunt
3580 908 3616 947 a
3645 906 3737 947 me

2110 985 2281 1040 altare
2322 985 2391 1040 de
2423 983 2669 1040 Estruem
2702 983 2824 1056 (sed
2868 983 3107 1039 maxime
3159 983 3421 1059 Tiegerus
3450 997 3740 1039 concano-

2112 1074 2269 1130 uicus
2307 1090 2523 1141 eorum,
2566 1075 2661 1147 qui
2713 1074 2883 1129 altare
2916 1073 3051 1128 illud
3104 1073 3372 1144 tenuerat)
3415 1072 3662 1128 liberum
3707 1089 3741 1128 a

2114 1179 2350 1236 persona
2380 1164 2630 1220 ecclesia
2670 1162 2911 1236 praefatae
2957 1162 3142 1219 tradi:
3191 1164 3340 1236 quod
3370 1169 3427 1219 et
3467 1160 3745 1219 obtinue-

2115 1266 2263 1316 runt.

2186 1353 2414 1427 Signum
2440 1350 2679 1407 Wedrici
2707 1352 2921 1408 abbatis
2938 1351 3360 1410 Altimontensis
3388 1351 3667 1409 coenobii.

2184 1442 2241 1497 S.
2275 1440 2550 1496 Lamberti
2584 1439 2990 1511 Crispiniensis.

2183 1537 2218 1591 8
2278 1535 2462 1591 Alardi
2494 1533 2758 1590 Cellensis
2786 1534 3027 1592 abbatis.

2189 1629 2244 1683 S.
2278 1627 2507 1691 Reineri,
2528 1626 2748 1683 abbatis
2766 1627 2835 1683 de
2863 1627 3110 1685 Laetitiis.

2188 1720 2241 1776 8.
2276 1719 2458 1776 lvonis
2495 1718 2715 1774 decani.

2188 1812 2381 1867 Actum
2410 1826 2557 1868 anno
2587 1810 2885 1866 millesimo
2910 1809 3216 1867 centesimo
3243 1811 3505 1883 septimo,
3532 1828 3746 1884 praesu-

2119 1904 2259 1959 latus
2296 1917 2427 1959 vero
2453 1902 2563 1958 mei
2590 1908 2806 1975 quarto,
2837 1901 3144 1959 indictione
3181 1903 3448 1960 secunda.

2879 2006 2971 2060 Ill.

2123 2123 2417 2193 Conﬁrmat
2473 2124 2706 2178 abbatiw
2764 2123 2823 2180 S.
2870 2124 3018 2178 Petri
3071 2123 3282 2178 ordinis
3336 2122 3391 2193 S.
3459 2124 3745 2179 Benedicti

2047 2227 2097 2295 Β
2183 2188 2350 2295 infla
2387 2194 2720 2263 Gondavum,
2774 2196 2982 2251 altaria
3028 2197 3088 2250 in
3124 2210 3226 2251 sua
3273 2188 3490 2252 ditecesi
3542 2197 3751 2251 consti-

2193 2271 2332 2322 tuta.

2729 2359 2900 2427 (Anno
2945 2358 3132 2431 1108.)
3678 2422 3683 2441 Ἦ

2125 2450 2365 2527 [Mimos
2406 2451 2504 2506 ubi
2569 2466 2762 2522 supra,
2825 2458 2863 2507 t.
2932 2451 3027 2520 IlI,
3085 2468 3141 2523 p.
3200 2451 3329 2519 665,
3378 2468 3446 2508 ex
3498 2450 3745 2510 archivis

2655 2543 2894 2599 abbatiae
2923 2543 2980 2599 8.
3014 2544 3202 2616 Petri.]

2196 2632 2256 2687 In
2295 2631 2520 2688 nomine
2558 2639 2759 2689 sancta:
2800 2639 2856 2689 et
2912 2633 3215 2690 individua:
3277 2634 3580 2691 Trinitatis.
3638 2637 3747 2709 Ego

2122 2722 2260 2789 Ooo,
2288 2739 2387 2793 per
2413 2722 2511 2778 Dei
2551 2723 2964 2780 miserationem
3006 2724 3485 2782 Cameracensium
3534 2728 3752 2799 episeo-

2123 2830 2251 2886 pus,
2283 2814 2540 2871 omnibus
2569 2813 2894 2871 Christianis
2931 2815 3168 2873 salutem
3213 2823 3269 2872 et
3318 2817 3555 2892 gloriam
3604 2834 3750 2874 sem-

2123 2906 2417 2979 piternam.

2197 2995 2254 3050 Si
2308 2994 2557 3052 Salvator
2601 3004 2791 3052 noster
2829 2995 3074 3053 Christus
3125 2997 3287 3053 Jesus
3325 3006 3575 3054 sanctam
3623 2998 3741 3054 fun-

2126 3085 2277 3142 davit
2311 3084 2631 3155 Ecclesiam,
2662 3086 2815 3159 quod
2846 3094 2930 3142 est
2957 3102 3082 3142 cum
3113 3087 3278 3143 dicit:
3320 3089 3398 3143 Tu
3436 3102 3491 3143 es
3526 3090 3737 3152 Petrus,

2123 3186 2175 3237 et
2212 3198 2374 3252 super
2413 3182 2553 3238 hanc
2605 3187 2820 3254 petram
2854 3184 3132 3254 adiﬂcabo
3188 3184 3477 3241 Ecclesium
3522 3200 3737 3239 meam:

2124 3279 2255 3327 tunc
2293 3271 2362 3327 ad
2394 3272 2570 3344 ipsius
2612 3273 2928 3346 exemplum
2973 3272 3205 3329 multum
3262 3273 3517 3329 laborare
3568 3274 3740 3330 debe-

2124 3384 2267 3437 mus,
2299 3378 2361 3425 ut
2399 3369 2522 3440 ipsa
2560 3386 2662 3442 per
2700 3383 2803 3426 nos
2830 3375 3060 3437 crescat,
3091 3384 3423 3442 semperque
3452 3369 3512 3424 in
3544 3369 3743 3426 melius

2123 3463 2531 3532 augmentetur.

2196 3549 2520 3605 Audivimus
2562 3548 2748 3620 itaque
2806 3563 3003 3619 preces
3053 3547 3245 3604 domni
3297 3547 3518 3625 abbatis
3548 3549 3741 3627 Sigeri,

2046 3636 2097 3704 (ἶ.
2127 3639 2328 3711 prioris
2387 3637 2659 3706 Gozelini,
2741 3637 3046 3710 domuique
3106 3638 3369 3695 Ansboldi
3435 3640 3739 3712 praepositi,

2123 3736 2564 3800 caeterorumque
2621 3726 3023 3785 venerabilium
3092 3726 3322 3783 fratrum
3369 3728 3427 3784 in
3482 3728 3735 3785 eoenobio

2128 3823 2184 3875 Β.
2262 3821 2406 3877 Petri
2459 3819 2838 3891 apostolorum
2885 3818 3178 3891 principis,
3237 3819 3294 3875 in
3344 3819 3470 3877 loco
3528 3820 3739 3876 Blandi-

2123 3908 2305 3966 niensi
2357 3908 2740 3965 monachalem
2783 3907 2950 3985 vitam
2995 3908 3304 3981 agentium,
3347 3917 3401 3964 et
3432 3924 3535 3980 pro
3573 3910 3738 3965 salute

2122 4006 2309 4056 nostra
2363 4004 2785 4070 nostrorumque
2838 3996 3304 4068 praedecessorum
3365 3996 3561 4051 altaria
3617 4011 3729 4063 sua,

2122 4107 2244 4163 quae
2274 4107 2374 4162 per
2403 4105 2674 4162 personas
2716 4089 3001 4158 tenebant,
3031 4088 3233 4145 amodo
3271 4088 3357 4144 eis
3387 4088 3658 4145 canonice
3682 4096 3734 4143 et

2122 4179 2335 4252 absque
2378 4178 2633 4251 personis
2698 4178 2873 4234 libera
2942 4178 2999 4232 in
3056 4186 3385 4250 perpetuum
3454 4177 3733 4249 possidere

2122 4268 2500 4324 concedimus.

2193 4360 2376 4416 Altare
2405 4358 2664 4416 videlicet
2702 4357 2771 4414 de
2797 4357 3136 4414 Merlebecca
3183 4357 3257 4431 (5)
3286 4372 3413 4414 cum
3469 4358 3731 4430 appendi-

2123 4454 2213 4510 tiis
2263 4453 2399 4521 suis,
2460 4452 2674 4508 Rothen
2724 4451 2796 4524 (6)
2854 4457 2910 4506 et
2969 4449 3243 4507 Bottelaer
3297 4450 3400 4522 (7).
3446 4450 3631 4508 Altare
3666 4452 3729 4506 de

2125 4550 2375 4606 Holthem
2427 4548 2521 4620 (8).
2586 4548 2766 4603 Altare
2824 4547 2894 4602 de
2959 4547 3201 4602 Materna
3264 4545 3357 4616 (9).
3430 4546 3613 4602 altare
3665 4546 3729 4601 de

2123 4639 2312 4694 Bostut
2339 4637 2474 4709 (10),
2497 4652 2621 4693 cum
2647 4634 2970 4709 appenditio
3003 4633 3284 4691 Rosbecca
3305 4634 3434 4706 (ΙΙ).
3467 4636 3647 4692 Altare
3666 4634 3731 4690 de

454 4872 559 4953 .(5)
578 4871 979 4953 .Merlebeeclg,
999 4871 1263 4953 parochia
1305 4871 1470 4953 hodie
1508 4870 1765 4953 dioecesis
1791 4870 2020 4953 mechli-
2037 4873 2097 4942 D
2122 4869 2456 4953 submeodem
2485 4868 2782 4953 decanatu.

412 4941 644 5011 niensis,
696 4944 763 4999 ad
803 4941 1041 5000 Scaldim
1070 4943 1319 5008 ﬂuvium,
1371 4942 1476 4998 sub
1520 4943 1789 4998 decanatu
1828 4941 2022 4998 Oirde-

411 5014 738 5087 ghemensi;
769 5013 1075 5087 Toparchia
1103 5014 1325 5087 tamilire
1352 5014 1423 5087 de
1450 5013 1910 5087 TriestCandavi.

483 5086 556 5155 (6)
589 5084 1015 5152 Rothen;'alias
1043 5085 1487 5152 Schelde—Rode;
1544 5084 1709 5140 hodie
1752 5084 2022 5140 marchio-

413 5164 576 5229 natus
604 5157 967 5229 deﬂBhodes;
1017 5157 1120 5229 sub
1161 5157 1432 5229 decanatu
1472 5155 1926 5229 Oirdeghemensi
1967 5156 2024 5229 i_n

413 5226 643 5300 dioecesi
687 5228 1097 5296 Mechliniensi;
1147 5228 1280 5285 olim
1328 5226 1927 5300 appendixg'parochie
1957 5227 2026 5282 de

411 5297 789 5371 Merlebeeck;
815 5308 899 5357 ast
928 5299 1098 5359 modo
1125 5297 1385 5371 parochia
1405 5297 1688 5371 specialis.

486 5368 588 5447 (7)_
618 5370 933 5447 Bottelaer,
993 5368 1167 5447 pagus
1230 5371 1335 5428 sub
1396 5368 1664 5447 decanatu
1721 5369 2025 5447 Qirdeghe-

486 5389 559 5440 μ)
618 5389 933 5439 noueiaer,
993 5389 1167 5497 ﬁngas
1230 5389 1335 5428 sun
1396 5389 1664 5428 decanatu
1721 5389 2023 5443 Ulruegne-

412 5439 621 5505 mensi;
653 5440 803 5496 cultu
826 5459 961 5515 erga
1034 5483 1058 5515 ί.
1112 5449 1341 5499 matrem
1393 5441 1934 5515 Annamhcelebris;
1969 5440 2023 5495 in

413 5526 523 5583 quo
555 5518 608 5567 et
640 5512 934 5568 carmelitie
966 5514 1191 5570 calceati
1225 5515 1294 5570 ab
1345 5529 1492 5571 anno
1521 5512 1659 5571 1607
1690 5519 2022 5569 conventum

410 5590 720 5639 erexerant.
1940 5625 1951 5634 .

479 5656 555 5727 (8)
588 5652 865 5733 li‘olthem,
887 5654 1054 5733 hodie
1079 5655 1583 5733 _Letter-H_auth_em,
1605 5655 1677 5711 ad
1701 5655 2019 5733 distinctio-

412 5723 545 5781 nem'
570 5723 799 5779 alterius
823 5725 951 5798 pagi
986 5725 1156 5783 vicini
1208 5726 1342 5782 dicti
1376 5726 1431 5782 S.
1463 5723 2018 5796 Lievens-Hauthem,

2194 4940 2579 5013 (9)7Materna,
2619 4940 2784 5013 vulgo
2821 4938 3302 5013 Mactere,__prope
3324 4935 3731 5013 _._Alde_nardain,

2121 5011 2224 5068 sub
2248 5006 2533 5068 decanatu
2554 5006 2957 5075 Rothﬁacensi,
2980 5009 3038 5064 in
3068 5006 3299 5064 diincesi
3324 5006 3728 5064 Mechliniensi.

2122 5084 2197 5139 De
2225 5083 2591 5153 acquisitione
2621 5081 2785 5153 hujus
2812 5081 3001 5137 altaris
3033 5080 3159 5136 vide
3211 5078 3458 5150 diploma
3515 5096 3571 5152 p.
3612 5079 3729 5147 94‘,

2120 5155 2273 5227 apud
2292 5154 2551 5227 Miramm

2195 5225 2305 5297 (10)
2346 5227 2538 5298 Bostut
2575 5224 2746 5298 hodie
2775 5224 2955 5298 (tosta,
2981 5222 3146 5298 vulgo
3161 5220 3444 5298 _Boobort,
3472 5222 3728 5298 parochi:

2124 5293 2374 5367 ejusdem
2405 5296 2688 5364 dioecesis,
2714 5295 2823 5367 sub
2856 5293 3129 5367 decanafu
3160 5293 3559 5367 Rotbnacensi.

2199 5369 2244 5439 (1
2260 5369 2310 5439 1)
2328 5362 2867 5439 ,Roosbeeck,hodie
2883 5365 3160 5439 appendix
3181 5364 3343 5421 dictas
3367 5364 3649 5439 parochias
3667 5362 3730 5419 de

2126 5434 2271 5495 Bost.
2293 5434 2461 5496 'Sunt
2484 5446 2540 5494 et
2569 5438 2701 5511 alibi
2728 5434 2936 5511 plures
2958 5434 3517 5511 ejusdemunominis
3572 5449 3726 5511 paro;-

2124 5511 2286 5583 chire,
2309 5518 2476 5583 atque
2496 5506 2772 5583 imprimis
2792 5509 2915 5583 duae
2942 5506 3046 5564 sub
3072 5509 3178 5583 hoc
3202 5506 3461 5583 digncesi5
3505 5506 3617 5583 una
3635 5506 3728 5562 sub

2123 5578 2401 5638 decanatu
2446 5578 2743 5638 Thenensii
2808 5580 2981 5635 altera
3043 5580 3181 5635 alias
3224 5578 3373 5634 dicta
3423 5579 3690 5650 Bebeoque
3715 5617 3730 5643 ,

2123 5654 2226 5710 sub
2255 5654 2525 5712 decanatu
2556 5650 2875 5711 Lecuwensi
2902 5650 2960 5707 8.
2992 5650 3158 5709 Petri.
