3938 6206
217 322 362 383 1153

1686 311 2060 371 Βιριοιιιιιτιι
2071 356 2083 370 .

3410 334 3545 391 1154

216 447 551 521 Hillinghem
580 446 710 519 (12).
746 445 924 501 Altare
953 443 1025 499 de
1053 441 1309 499 Dulciaco
1339 439 1447 512 (13)
1474 454 1597 495 cum
1627 453 1835 510 appen-
1860 442 1908 510 Α
2006 454 2042 491 a
2074 439 2328 521 ﬂemiin
2366 453 2458 494 seu
2521 440 2752 521 Rg’ngoto
2774 446 2934 521 Calvo
2958 520 2961 521 ν
2988 449 3414 511 Tenemmonda:
3450 457 3546 512 do-

212 538 352 593 ditio
390 552 492 593 suo
523 537 593 592 de
638 534 850 608 Nigella
878 534 1013 603 (14).
1057 532 1165 588 Hac
1209 530 1434 603 quidem
1487 529 1831 594 conditione,

211 634 275 683 ut
301 627 477 683 abbas
500 626 587 682 vel
614 624 765 698 prior
788 622 1112 680 monasterii
1145 621 1389 693 synodos
1421 617 1834 674 Cameracensis

214 714 466 787 episcopi
491 713 789 781 custodiat,
811 712 1050 784 juraque
1081 708 1439 782 pontificalia,
1460 724 1560 780 per
1582 706 1833 781 singulos

215 824 397 864 annos
446 808 710 880 episcOpo
773 806 889 862 sive
950 804 1218 861 ministris
1282 803 1425 873 cjus,
1466 803 1676 875 absque
1722 802 1835 857 ulla

216 900 654 957 contradictione
712 898 1015 971 persolvat;
1072 897 1389 955 sacerdotes
1448 911 1578 951 vero
1643 910 1832 951 eorum

218 990 476 1046 altarium
515 990 585 1045 de
641 1005 808 1045 manu
857 989 1106 1061 episcopi
1168 988 1256 1045 vel
1309 986 1544 1056 alicujus
1594 983 1829 1040 ministri

214 1083 304 1139 sui
358 1099 541 1139 curam
601 1081 905 1137 animarum
964 1080 1276 1153 accipiant;
1353 1095 1534 1150 neque
1590 1077 1831 1149 capitula

214 1175 594 1231 archidiaconi
632 1182 726 1231 aut
754 1174 948 1230 decani
987 1174 1072 1228 sui
1110 1172 1405 1228 observare
1431 1170 1826 1226 contradicant.

288 1268 345 1322 Si
377 1268 501 1340 quis
538 1283 669 1343 ergo
698 1267 827 1323 huic
856 1274 1043 1322 nostro
1090 1265 1314 1321 decreto
1344 1264 1622 1320 contraire
1648 1269 1830 1317 tenta-

213 1361 375 1426 verit,
424 1359 595 1426 hunc,
640 1359 967 1415 auctoritate
1022 1357 1116 1413 Dei
1172 1357 1537 1427 ejusdemque
1587 1354 1823 1426 apostoli

214 1450 360 1507 Petri
409 1458 463 1507 et
502 1458 783 1515 nostra,’a
823 1465 1054 1521 corpore
1093 1455 1296 1504 sanctae
1335 1448 1525 1503 matris
1570 1445 1824 1502 Ecclesia:

216 1550 649 1615 sequestramus,
694 1550 749 1598 et
794 1558 864 1598 ne
896 1543 952 1597 in
1004 1541 1201 1597 futuris
1255 1540 1599 1612 temporibus
1638 1538 1824 1610 aliqua

216 1633 507 1689 occasione
535 1634 805 1703 deleatur,
839 1633 1012 1689 nostri
1043 1632 1209 1707 sigilli
1234 1631 1599 1703 impressione
1633 1629 1825 1685 subsio

215 1741 472 1801 gnamus.

288 1814 368 1868 Ad
397 1814 562 1883 hujus
613 1812 994 1869 auctoritatem
1046 1812 1319 1888 privilegii
1367 1810 1825 1876 confirmandam,

218 1913 388 1962 testes
414 1905 754 1961 advocantur
776 1902 987 1958 idonei.

285 1998 339 2053 S.
376 1996 645 2070 Fulgentii
667 1995 887 2051 abbatis
918 1994 1366 2069 Afﬂigemiensis.

282 2088 341 2144 S.
372 2086 638 2143 Tancredi
664 2085 878 2142 abbatis
907 2085 1092 2140 Eham.

285 2178 340 2232 S.
375 2175 669 2232 Emellardi
699 2175 918 2231 abbatis
947 2176 1016 2230 de
1048 2175 1490 2231 Gerardimonte.

286 2268 344 2323 8.
388 2266 663 2337 Rodulphi
689 2265 1079 2322 archidiaconi.

290 2359 349 2413 8.
389 2357 716 2415 Theodorici
757 2356 1155 2413 archidiaconi.

288 2449 346 2505 8.
377 2447 583 2504 Anselli
608 2446 1006 2504 archidiaconi.

290 2542 347 2597 S.
384 2541 640 2597 Everardi
667 2539 1063 2596 archidiaconi.

290 2634 346 2689 S.
384 2632 634 2690 Gonfridi
665 2632 720 2688 S.
758 2632 941 2688 Mariae
972 2632 1246 2689 canonici.

286 2724 344 2778 S.
378 2722 601 2780 Gerardi
633 2722 889 2778 similiter
912 2722 1187 2779 canonici.

284 2816 339 2870 S.
373 2812 647 2870 Lamberti
673 2811 944 2868 canonici.

283 2905 339 2960 8.
371 2903 621 2960 Mazelini
652 2902 922 2959 canonici.

286 2994 346 3049 S.
368 2992 596 3066 Segardi
627 2992 825 3047 decani
847 2991 982 3064 (15).

286 3085 341 3142 8.
375 3084 578 3140 Liberti
604 3084 930 3140 subdecani.

287 3177 346 3232 S.
378 3174 667 3231 Alberonis
698 3173 1098 3230 Rothnacensis
1130 3172 1405 3230 canonici.

290 3267 510 3322 Factum
553 3275 638 3321 est
694 3266 800 3322 hoc
848 3280 994 3321 anno
1060 3265 1357 3321 Dominicze
1429 3261 1827 3320 lncarnationis

218 3356 377 3425 1108,
425 3355 728 3412 indictione
778 3355 976 3427 prima,
1035 3354 1284 3426 praedicti
1355 3369 1484 3409 vero
1544 3352 1827 3426 pontificis

208 3464 361 3506 anno
392 3448 572 3507 tertio.
615 3449 792 3513 Salus,
830 3448 1009 3504 honor
1055 3453 1111 3502 et
1160 3446 1338 3522 gloria
1391 3446 1651 3502 omnibus
1682 3444 1828 3500 Chri-

208 3544 427 3600 stianis.

979 3630 1065 3686 IV.

210 3744 560 3814 Conﬁrmatio
583 3741 1183 3798 Tenemmondanorum
1199 3741 1576 3797 canonicorum
1600 3740 1832 3812 collegii,

286 3972 399 4044 (12)
443 3970 773 4046 Hilleghem,
804 3972 1067 4046 parochia
1105 3971 1356 4041 ejusdem
1400 3970 1682 4040 dimccsis,
1717 3971 1821 4046 sub

215 4043 486 4100 decanatu
516 4043 993 4115 Oirdeghemensi.
1486 4114 1493 4115 ί
1746 4043 1754 4052 ’

288 4116 400 4187 (13)
446 4114 998 4190 ραι-ᾳὶαοιιηιηνιιιεο
1027 4114 1535 4190 Πουᾳῃηρξινοεζιίιι
1590 4114 1820 4170 Hanno-

216 4184 348 4258 ιιίεὲξἱ
376 4186 481 4241 sub
522 4184 1193 4258 dioecesiqCaméracensi,
1225 4184 1464 4258 Otthoql
1514 4187 1625 4258 imp
1704 4201 1824 4241 eam

211 4255 561 4315 confirmavit
583 4256 710 4312 huic
738 4256 976 4313 abbatiae
1005 4258 1075 4313 ab
1106 4271 1251 4312 anno
1275 4255 1381 4311 966
1399 4256 1554 4326 juxta
1584 4255 1825 4312 Miracum

214 4338 351 4383 tom.
384 4328 405 4383 Ι
437 4343 560 4383 nae.
599 4328 725 4383 26L

214 4338 351 4386 tom.
384 4338 405 4383 Ι
437 4343 560 4386 οδε.
599 4338 725 4383 261.

436 4344 897 4472 Ἦιὲὲ-Ιῗὲἶῖγιιιεο
945 4399 1193 4472 Noielles,
1254 4398 1517 4472 parochia
1566 4397 1827 4454 dioecesis

216 4469 648 4541 Cameracensis,
680 4469 811 4525 olim
830 4469 1119 4541 appendix
1141 4470 1528 4541 praecedentis.

2005 511 2172 576 mino,
2212 511 2431 582 ejusque
2457 514 2680 582 conjuge
2718 518 2996 574 Adclwide
3014 525 3254 589 fundati.

2544 602 2722 671 (Anno
2768 605 2946 675 nos)

2249 688 2508 761 [Mirm-ws,
2537 691 2631 745 ubi
2667 707 2859 762 supra,
2894 700 2913 749 t
2969 696 3011 764 Ι,
3040 714 3094 769 p.
3122 701 3191 755 82
3219 699 3235 774 ]

2010 800 2069 855 In
2104 802 2328 858 nomine
2376 812 2579 860 sanctae
2610 813 2665 860 et
2696 806 2994 865 individua:
3021 811 3318 871 Trinitatis.
3350 817 3539 874 Amen.

2006 895 2260 951 Omnbus
2285 898 2421 969 (16),
2442 916 2541 970 per
2569 901 2799 974 gratiam
2834 903 2936 958 'Dci
2973 906 3271 980 episcopus
3303 910 3548 969 Camera-

1932 989 2135 1056 censis,
2170 1005 2266 1060 pro
2296 990 2471 1047 salute
2512 993 2710 1048 animze
2738 1012 2895 1063 meae,
2935 1015 3300 1073 meorumque
3331 1005 3545 1075 praede-

1932 1098 2236 1152 cessorum,
2288 1101 2386 1156 pro
2417 1103 2612 1159 magna
2666 1088 2919 1146 Ecclesia:
2961 1093 3275 1160 devotione,
3309 1097 3548 1155 dominae

1934 1174 2247 1239 Adelwidis,
2280 1176 2613 1231 venerabilis
2643 1181 2832 1234 uxoris
2863 1180 3099 1255 Remigii
3148 1183 3255 1253 (l7)
3288 1186 3549 1243 Tenem-

1934 1263 2221 1329 mondani,
2270 1271 2323 1319 et
2361 1265 2682 1321 omnimoda
2711 1270 3119 1338 supplicatione
3148 1275 3546 1331 canonicorum

1932 1353 2570 1422 Teneraemondensium,
2612 1371 2709 1411 eos
2758 1357 2826 1410 ab
2860 1359 3012 1413 omni
3062 1377 3321 1431 persona,
3366 1365 3548 1419 omni-

1923 1460 2030 1517 que
2062 1444 2200 1501 laica
2226 1445 2535 1508 vexatione,
2569 1448 2891 1504 auctoritate
2918 1451 3013 1505 Dei
3045 1461 3101 1507 et
3132 1464 3319 1509 nostra
3349 1471 3541 1511 eman-

1930 1534 2198 1605 cipamus,
2237 1548 2290 1590 et
2317 1536 2601 1591 canonicis
2649 1537 2767 1605 ejus
2800 1538 3060 1595 Ecclesia:
3112 1543 3436 1598 canonicam
3470 1543 3542 1597 li-

1930 1626 2195 1682 bertatem
2235 1628 2604 1703 assignamus,
2635 1630 3006 1687 concedentes
3036 1640 3095 1688 ut
3132 1634 3401 1701 decanus,
3448 1636 3543 1708 qui

1861 1720 2324 1812 Bcanonicorum
2374 1722 2580 1777 ibidem
2622 1723 2731 1779 Deo
2783 1724 3164 1780 famulantium
3198 1743 3383 1783 curam
3443 1729 3546 1784 ha-

1931 1809 2132 1875 buerit,
2183 1810 2237 1864 in
2285 1810 2539 1865 Ecclesiae
2605 1811 2985 1869 malefactores
3027 1818 3544 1872 excommunicandi

1932 1907 2255 1972 potestatem
2290 1901 2507 1957 haheat.
2551 1902 2640 1958 Sic
2694 1913 2878 1959 tamen
2925 1914 2984 1960 ut
3040 1906 3231 1961 eadem
3280 1908 3542 1972 Ecclesia,

1932 2009 2031 2066 pro
2058 1994 2329 2049 libertatis
2357 1995 2643 2063 memoria,
2696 2003 2806 2051 tres
2831 1998 3381 2055 Tcnerzemondensis
3435 2017 3549 2057 mo-

1931 2097 2074 2143 nota:
2105 2088 2315 2143 solidus
2343 2088 2547 2144 decano
2561 2090 2902 2146 Bruxeliensi
2924 2092 2990 2146 ad
3022 2110 3153 2148 usus
3183 2103 3400 2150 nostros
3421 2095 3544 2150 sin-

1930 2178 2076 2252 gulis
2103 2178 2265 2232 annis
2297 2179 2591 2249 persolvat.

2001 2267 2118 2322 Duo
2144 2268 2393 2322 ecclesiae
2420 2267 2693 2323 altariade
2716 2268 2952 2340 Opwyck
2983 2279 3037 2326 et
3065 2271 3321 2328 Lehbeke
3354 2276 3539 2330 ecclo-

1930 2358 2025 2412 siae
2053 2358 2625 2425 Tcnermmondcnsis,
2666 2370 2869 2414 sancta:
2922 2360 3133 2416 scilicet
3161 2361 3461 2431 Trinitatis,
3493 2371 3547 2421 et

1928 2447 1983 2503 8.
2030 2447 2370 2513 Christianae,
2438 2448 2792 2504 solummodo
2852 2450 2917 2503 ad
2984 2450 3220 2506 aedilicia
3277 2452 3395 2507 sive
3452 2470 3547 2510 or-

1930 2548 2191 2594 namenta
2237 2539 2491 2595 ecclesiae
2549 2539 2859 2610 retinenda,
2909 2541 3082 2597 libera
3135 2545 3401 2601 canonice
3433 2554 3546 2601 tra-

1930 2628 2080 2683 didi:
2131 2629 2185 2682 in
2239 2629 2442 2700 quibus
2491 2629 2674 2696 salvis,
2749 2630 2954 2686 nostris
3012 2632 3285 2689 reditibus
3354 2636 3543 2706 ponti-

1931 2720 2201 2789 ﬁcalibus,
2275 2722 2580 2793 presbyteri
2642 2738 2739 2793 per
2792 2723 3066 2780 decanum
3138 2735 3193 2782 et
3243 2728 3546 2785 canonicos

1930 2820 2261 2883 statuantur,
2318 2823 2370 2871 et
2404 2816 2508 2887 ipsi
2543 2817 2703 2872 nobis
2759 2818 2845 2873 vel
2910 2820 3176 2875 ministris
3227 2824 3431 2877 nostris
3476 2824 3542 2879 ad

1927 2922 2113 2963 curam
2142 2908 2553 2980 suscipiendam
2589 2918 3016 2981 priescntcntur.

2000 2998 2242 3055 Prtefata:
2282 3016 2505 3073 quoque
2562 3002 2821 3058 Ecclesia;
2872 3003 3054 3059 alodia
3108 3005 3176 3059 de
3234 3004 3444 3062 Winsia
3484 3008 3540 3064 in

1854 3093 1904 3163 C
1924 3092 2154 3163 campis,
2188 3092 2244 3148 in
2274 3093 2450 3161 silvis,
2481 3094 2535 3149 in
2570 3095 2760 3167 pratis,
2795 3095 2865 3151 de
2889 3094 3124 3152 Morsele
3154 3098 3209 3152 in
3230 3101 3460 3171 campis,
3487 3102 3542 3156 in

1924 3181 2100 3249 silvis,
2132 3182 2187 3237 in
2226 3183 2419 3254 pratis,
2460 3184 2531 3240 de
2568 3185 2946 3257 Gheverghem
2982 3186 3036 3240 in
3091 3189 3322 3258 campis,
3357 3189 3410 3243 in
3454 3190 3546 3245 sil-

1924 3272 2028 3341 vis,
2056 3272 2111 3326 in
2143 3273 2311 3344 pratis
2340 3289 2463 3328 cum
2494 3274 2647 3329 omni
2673 3274 2888 3341 justitia
2918 3281 3074 3330 teme
3105 3285 3159 3331 et
3189 3277 3361 3344 silva),
3402 3278 3543 3331 libe-

1927 3377 1984 3416 re
2016 3369 2071 3417 et
2099 3362 2313 3435 integre
2369 3362 2786 3430 conﬁrmamus;
2844 3364 2977 3433 solis
3018 3366 3300 3422 canonicis
3351 3368 3545 3423 usibus

1928 3450 2232 3521 profutura.

2005 3545 2273 3601 Praeterea
2327 3563 2671 3618 quascunque
2711 3564 2744 3602 a
2790 3548 3221 3622 quibuscunque
3268 3553 3323 3608 in
3361 3555 3541 3619 terris,

1934 3633 1990 3688 in
2021 3634 2192 3700 silvis,
2229 3634 2283 3689 in
2317 3636 2507 3705 pratis,
2539 3652 2639 3691 seu
2680 3636 2736 3690 in
2764 3637 2889 3692 aliis
2929 3641 3376 3709 possessionibus
3404 3660 3547 3714 pree-

1937 3723 2059 3778 l'atze
2088 3722 2342 3779 Ecclesiae
2372 3724 2555 3779 oblata
2612 3731 2762 3791 sunt,
2792 3724 2880 3780 vel
2926 3726 2982 3780 in
3021 3736 3303 3797 posterum
3355 3729 3539 3787 offerri

1997 3969 2471 4046 Post‘Ringotum
2501 3968 2839 4046 Cuilielmus
2884 3970 3182 4046 advocatus
3218 3972 3543 4032 Atrebatem

1924 4044 2002 4100 sis
2035 4041 2438 4120 _Beth_uni_&§__et
2500 4041 2948 4120 Teneraemundaz
3003 4044 3260 4120 dominus
3306 4046 3543 4120 ejusque

1925 4114 2125 4183 conjux
2169 4114 2442 4168 Mathildis
2496 4113 2675 4167 varias
2727 4113 2969 4170 decimas
3016 4115 3264 4170 ecclesiae
3304 4113 3544 4174 Teucra-

1926 4186 2221 4264 mondanaz
2246 4185 2627 4264 contulerunt;
2659 4184 2921 4264 illamque
2960 4186 3318 4264 donationem
3352 4198 3544 4264 rogatu

1926 4256 2202 4312 Mathildis
2245 4256 2424 4311 vidua:
2476 4255 3111 4313 contirmavitloannes
3165 4258 3236 4312 de
3280 4255 3547 4315 Bethania

1930 4327 2342 4400 Cameracensis
2385 4328 2703 4398 episcopus,
2746 4328 2912 4383 frater
2951 4328 3227 4384 Guilielmi
3268 4331 3547 4400 advocati,

1927 4407 1988 4455 ut
2014 4415 2078 4453 ex
2104 4397 2403 4469 diplomate
2422 4397 2642 4454 constat
2671 4415 2816 4455 anno
2855 4400 2983 4456 1217
3017 4401 3165 4456 dato.
3203 4401 3400 4457 Eadem
3433 4397 3550 4457 Ma;

1844 4470 2120 4539 Dthildis
2161 4486 2193 4524 a
2233 4477 2406 4525 morte
2462 4470 2642 4525 mariti
2688 4478 2802 4525 tres
2848 4470 3173 4526 sacellanias
3205 4472 3260 4526 in
3318 4474 3548 4528 totidem

290 4543 393 4615 (15)
453 4540 728 4615 Segardus
765 4540 1008 4615 decanus
1058 4540 1161 4597 iste
1193 4546 1250 4595 in
1289 4540 1430 4615 serie
1488 4542 1824 4615 decanorum
1928 4540 2287 4615 canonicatus
2314 4540 2606 4597 convertit.
2640 4540 2824 4597 Exstat
2849 4542 2919 4597 de
2940 4558 3006 4597 ea
3036 4559 3095 4598 re
3124 4544 3370 4615 diploma
3402 4560 3550 4600 anno

216 4612 657 4684 metropolitanae
685 4612 932 4669 ecclesia:
963 4612 1394 4684 Cameracensis,
1432 4628 1465 4667 a
1506 4612 1585 4667 PP
1651 4613 1829 4684 Bene-

216 4682 443 4742 dictinis
464 4684 786 4740 auctoribus
818 4684 980 4741 Novae
1010 4684 1145 4740 Call.
1180 4682 1385 4740 Christ.
1426 4683 1831 4755 praetermissus

217 4758 327 4814 fuit
355 4756 425 4811 ad
455 4772 544 4812 an.
578 4755 737 4814 1108.

289 4828 431 4884 Nota
455 4828 641 4901 etiam,
674 4826 823 4901 quod
857 4828 1102 4901 decanus
1123 4826 1288 4897 hujus
1309 4826 1560 4901 ecclesiae
1586 4841 1699 4901 non
1721 4825 1829 4881 nisi

216 4908 344 4973 post
373 4898 799 4973 archidiaconos
834 4898 1329 4973 subsignaret,_qui
1363 4899 1598 4973 proinde
1632 4900 1829 4973 locum

216 4969 651 5045 praaeminentiae
668 4969 1021 5045 obtinebant,
1037 4971 1116 5027 uti
1137 4969 1293 5027 vides
1318 4969 1504 5045 egalio
1530 4970 1831 5041 diplomate

216 5041 469 5115 ejusdem
500 5042 653 5112 anni,
685 5043 830 5115 apud
859 5043 1123 5110 Mirmum,
1156 5058 1281 5115 pag.
1313 5041 1401 5115 82.

290 5114 399 5184 (t6)
438 5115 686 5171 Odardus
713 5112 830 5170 sive
856 5115 994 5182 Odo,
1025 5131 1093 5171 ex
1119 5112 1297 5185 primo
1319 5112 1516 5168 abbate
1555 5117 1832 5185 monaste-

216 5182 386 5241 rii‘S.
406 5186 623 5241 Martini
670 5186 1051 5253 Tornacensis,
1092 5182 1268 5241 lactus
1292 5185 1589 5256 episcOpus
1643 5182 1833 5238 Came-

217 5258 487 5325 racensis,
523 5257 662 5314 obiit
683 5274 829 5314 anno
851 5259 1010 5315 1113.

294 5330 383 5405 (17
390 5335 417 5405 )_
427 5324 715 5405 Remigius
733 5331 871 5385 alias
893 5329 1179 5405 Bingotus,
1208 5332 1593 5405 _cog_nomento
1616 5324 1831 5405 Calvus,

218 5397 442 5473 collegii
480 5397 872 5457 canonicorum
918 5408 972 5457 ct
998 5397 1278 5473 'ecclesite
1306 5397 1834 5473 Teneraamundanaz

219 5468 504 5541 fundator,
550 5488 698 5528 anno
744 5473 886 5528 1106
921 5473 1105 5530 vivere
1144 5471 1338 5536 desiit;
1376 5476 1438 5525 ut
1476 5470 1531 5524 in
1582 5468 1830 5539 ejusdem

220 5543 471 5600 ecclesiae
501 5543 645 5600 libro
667 5542 973 5610 Obituario,
1000 5552 1060 5599 ut
1079 5549 1297 5609 vocant,
1329 5543 1548 5610 legitur.

291 5613 523 5688 Biennio
553 5622 678 5686 post
706 5612 1028 5688 Adelwidis,
1074 5615 1354 5688 quondam
1384 5612 1633 5688 :Remigii
1676 5626 1837 5688 uxor,

221 5702 371 5743 nunc
425 5683 613 5754 vidua,
669 5683 1141 5742 confirmationem
1182 5687 1326 5742 hanc
1379 5683 1718 5743 fundationis
1769 5683 1839 5737 ab

221 5758 438 5815 Odardo
467 5756 733 5832 episcopo
763 5757 1096 5835 impetravit.

1932 4614 2073 4671 12ιῦ
2108 4612 2322 4667 datum.

2002 4684 2119 4757 Non
2152 4684 2324 4757 multo
2360 4689 2485 4753 post
2522 4680 2687 4757 etiam
2727 4682 2847 4757 alia;
2889 4684 3232 4755 capellanize,
3264 4701 3404 4757 quas
3443 4686 3554 4741 Ma-

1930 4755 2123 4811 thildis
2163 4752 2494 4820 instituerat,
2548 4752 2604 4805 in
2644 4752 3003 4810 canonicatus
3043 4752 3328 4811 conversae
3365 4766 3492 4813 sunt
3520 4774 3554 4813 a

1934 4827 2177 4882 Robcrto
2211 4823 2346 4891 ﬁlio,
2387 4832 2452 4899 ut_
2472 4824 2745 4891 creditur;
2788 4832 2843 4881 et
2869 4826 2951 4881 sic
2970 4827 3263 4882 duodecim
3297 4830 3556 4899 praeben-

1933 4900 2034 4954 das
2084 4912 2350 4952 numerus
2387 4896 2812 4969 adauctusgest,
2865 4913 3097 4969 quarum
3150 4896 3397 4955 omnium
3434 4901 3555 4969 jus,

1931 4977 2258 5057 patronatus
2278 4966 2683 5057 Aeltucollatigoad
2714 4966 2979 5057 l'llandi'iaa
3002 4970 3259 5025 comitem
3291 4966 3553 5045 tanquam

1940 5037 2384 5097 Teneraemundze
2412 5037 2695 5111 dominum
2729 5047 2965 5111 spectat.

2005 5114 2160 5167 Anno
2217 5117 2398 5166 autem
2454 5109 2591 5165 1632
2645 5109 2788 5165 facta
2826 5118 2909 5167 est
2957 5111 3091 5168 unio
3142 5112 3259 5167 sive
3304 5114 3556 5170 conlusio

1935 5190 2302 5256 proventuum
2344 5180 2595 5256 omnium
2626 5182 3076 5256 praebendarum
3135 5184 3240 5238 sub
3297 5184 3558 5240 illustris-

1932 5252 2073 5311 simo
2141 5270 2204 5309 ac
2267 5252 2735 5309 reverendissimo
2804 5254 3011 5311 domno
3076 5255 3313 5312 Antonio
3380 5256 3558 5313 Triest

1933 5325 2376 5381 Candavensium
2397 5322 2680 5395 episcopo,
2702 5326 3087 5382 consentiente
3108 5328 3352 5398 capitulo
3403 5328 3556 5399 ipso-

1934 5414 2057 5470 que
2078 5412 2230 5470 rege.

2006 5466 2170 5524 Plura
2194 5467 2321 5522 vide
2349 5466 2495 5538 apud
2528 5466 2832 5523 Lindanum
2865 5467 2923 5524 in
2960 5469 3380 5527 Teneramunda
3412 5469 3508 5523 lib.
3538 5483 3552 5520 ι

1939 5555 2062 5609 cap.
2096 5540 2151 5607 6,
2182 5549 2239 5595 et
2269 5538 2367 5605 lib,
2392 5555 2450 5603 ιι,
2483 5554 2606 5609 cap.
2638 5540 2693 5593 2.

2050 5581 2062 5593 .
2096 5557 2151 5607 ι),
2182 5557 2239 5595 et
2270 5557 2450 5605 110,",
2483 5557 2606 5609 cap.
2638 5557 2693 5593 z.

2008 5557 2146 5683 {ﬁde
2198 5608 2585 5683 genealogiuni
2627 5610 2978 5683 dominorum
3032 5610 3462 5668 Teneramundae
3493 5607 3553 5663 in

1941 5680 2465 5755 Chronico"Belgico'
2484 5680 2554 5736 ad
2584 5696 2789 5737 annum
2825 5682 2987 5740 1248.
