3938 6206
378 304 518 363 1155

1620 286 1675 340 8.
1720 282 1963 339 ODONIS
2003 277 2240 336 CAMER.
2283 277 2486 332 EPlSC.

3601 263 3761 317 H56

384 432 698 505 contigerit,
740 426 919 483 modis
975 421 1236 478 omnibus
1285 419 1350 472 ad
1421 415 1810 471 canonicorum
1869 427 2001 466 usus
2029 415 2077 480 Α
2180 410 2236 464 8.
2269 406 2458 462 domni
2491 401 2783 458 Gualtelmi
2810 397 3074 454 Jettensis
3107 395 3327 450 abbatis

383 539 711 597 permanere
738 537 800 575 ac
823 512 1138 573 conservari
1167 508 1539 565 decernimus.
1576 507 1703 571 Quae
1735 506 1900 568 bona,
1933 518 2002 556 ne

382 591 664 668 tradentur
694 604 986 668 oblivioni,
1043 600 1214 656 nostri
1247 599 1415 672 sigilli
1478 594 1871 668 imaginatione
1919 591 2001 644 si-

379 722 638 781 gnamus;
684 714 738 758 et
779 718 846 756 ne
879 698 947 753 ab
977 696 1164 766 aliquo
1204 694 1500 756 violentur,
1543 687 1866 743 auctoritate
1911 685 2004 740 Dei

383 777 438 855 et
458 805 665 862 nostra,
688 794 792 850 sub
815 793 1166 847 anathemate
1188 783 1567 856 prohibemus.
1593 780 1762 848 Hujus
1794 777 2003 833 confir-

388 886 648 942 mationis
688 892 854 938 testes
882 889 1011 935 sunt
1036 897 1047 932 :

455 979 684 1051 Signum
719 971 988 1043 Rodolphi
1023 965 1421 1024 archidiaconi.

457 1067 511 1121 8.
546 1064 785 1120 Anselmi
817 1058 1214 1116 archidiaconi.

459 1158 512 1212 8.
550 1155 803 1212 Everardi
834 1149 1230 1207 archidiaconi.

461 1249 518 1304 S.
552 1246 765 1320 Sigardi
799 1243 1015 1299 decani.

461 1337 516 1392 S.
555 1337 678 1390 Lam
689 1333 828 1388 berti
863 1329 1189 1387 subdecani.

465 1425 520 1479 S.
557 1421 852 1486 Lamberti,
885 1421 1097 1474 Sanctae
1118 1416 1299 1471 Mariae
1327 1411 1598 1469 canonici.

468 1517 524 1571 S.
554 1514 776 1570 Gerardi
809 1511 1084 1568 canonici.

471 1609 528 1662 8.
571 1604 871 1660 Marcellini
903 1599 1176 1657 canonici.

472 1701 754 1753 Peractum
805 1699 1042 1758 esthoc,
1085 1707 1231 1745 anno
1274 1688 1574 1744 Dominicze
1618 1680 2014 1740 lncarnationis
2042 1712 2090 1779 Β

400 1788 695 1844 millesimo
723 1783 1026 1840 centesimo
1054 1787 1268 1844 octavo,
1302 1777 1606 1832 indictione
1641 1775 1835 1845 prima,
1873 1786 2012 1842 pree-

401 1879 532 1935 dicti
572 1876 818 1948 episcOpi
851 1889 995 1928 anno
1022 1872 1202 1926 tertio.

477 1971 636 2025 Salus
663 1975 718 2022 et
755 1966 928 2041 gloria
969 1963 1230 2020 omnibus
1270 1959 1610 2014 Christianis.

1180 2077 1240 2130 V.

408 2194 660 2252 Consedit
720 2192 949 2246 abbatis:
995 2188 1060 2242 de
1090 2185 1511 2251 Cortemberghe,
1552 2183 1874 2237 monialium
1931 2195 2022 2252 or-

478 2267 625 2320 dinis
681 2264 737 2319 S.
791 2262 1068 2317 Benedicti
1114 2259 1280 2327 juxta
1336 2255 1668 2327 Brumellam,
1711 2254 1917 2307 altaria
1962 2251 2026 2304 de

489 2335 886 2402 Cartembergh,
916 2325 1224 2398 Noneghem
1254 2332 1302 2382 et
1329 2325 1695 2393 Quwderebbe.

1031 2421 1208 2488 (Anno
1230 2414 1410 2486 1110.)

409 2516 626 2570 Μιιωυε
657 2515 754 2568 ubi
805 2527 992 2581 supra,
1043 2518 1082 2564 t.
1146 2509 1212 2575 Il,
1263 2524 1317 2577 p.
1380 2505 1509 2569 969,
1567 2521 1632 2559 ex
1673 2503 1879 2558 archiv.
1927 2516 2016 2554 ms

931 2601 1096 2672 capit.
1132 2595 1503 2669 Anderlecht.]

481 2698 538 2750 In
571 2694 793 2748 nomine
831 2697 1033 2745 sanctae
1066 2697 1119 2743 et
1149 2687 1449 2742 individua:
1488 2685 1785 2740 Trinitatis.
1825 2683 2019 2748 Patris,

409 2795 462 2840 et
486 2785 627 2850 Filii,
650 2790 702 2838 et
721 2779 1159 2852 Spiritussancti,
1188 2778 1323 2838 Ono,
1357 2776 1449 2831 Dei
1471 2775 1644 2849 gratia
1667 2775 2024 2829 Cameracen-

2173 505 2206 559 S
2252 501 2438 558 domni
2474 498 2686 554 Martini
2727 493 3106 551 Bornehensis
3133 490 3371 545 abbatis.

2176 602 2228 656 S.
2264 599 2481 656 Evrardi
2505 593 2902 652 archidiaconi.

2179 693 2233 747 8.
2269 689 2548 746 Gualberti
2585 685 2832 742 lslensis.

2180 784 2233 838 S.
2278 781 2565 840 Bernardi,
2607 777 2855 842 Gerardi,
2887 773 3168 840 Mozelini,
3201 769 3640 828 canonicorum.

2183 875 2239 930 S.
2277 871 2588 928 Gisleberti.

2182 965 2236 1018 S.
2270 961 2547 1018 Thitboldi
2584 956 3052 1014 Ronnacensium.

2181 1057 2371 1110 Actum
2431 1066 2576 1106 anno
2635 1046 2903 1103 incarnati
2961 1045 3121 1101 Verbi
3184 1044 3345 1110 1110,
3407 1040 3755 1112 praesulatus

2108 1160 2238 1200 vero
2269 1143 2378 1197 mei
2408 1159 2460 1208 v,
2493 1137 2796 1194 indictione
2823 1154 2903 1201 ιιι,
2938 1141 3132 1206 epacta
3161 1150 3343 1188 xxvm.

2875 1248 2962 1301 Vl.

2119 1349 2319 1404 Varias
2355 1345 2600 1400 ecclesias
2655 1343 2876 1407 liberas,
2927 1340 3148 1408 aliaque
3189 1338 3443 1408 beneﬁcia
3497 1333 3752 1388 concedit

2183 1420 2417 1474 abbatiw
2453 1417 2677 1470 Jettensi
2705 1430 2797 1468 seu
2827 1407 3204 1479 Diligeniensi,
3229 1407 3344 1463 ard.
3387 1410 3748 1462 Prasmonstr.

2720 1505 2896 1573 (Anno
2950 1501 3130 1567 me.)

2479 1596 2717 1666 [Mimos
2757 1593 2854 1647 ubi
2891 1606 3081 1661 supra,
3117 1589 3186 1653 ll,
3231 1585 3379 1657 959.]

2194 1693 2252 1746 In
2284 1688 2508 1746 nomine
2553 1695 2755 1740 sanctae
2815 1692 2870 1737 et
2921 1680 3219 1736 individua:
3271 1674 3582 1744 Trinitatis,
3644 1689 3749 1746 ego

2118 1785 2253 1850 Ono,
2287 1781 2380 1835 Dei
2399 1779 2569 1855 gratia
2593 1773 3001 1831 Cameracensis
3029 1768 3347 1840 episc0pus.

2189 1875 2387 1929 Cellam
2412 1888 2533 1943 quae
2565 1870 2667 1924 sita
2694 1875 2776 1922 est
2805 1867 2860 1920 in
2881 1865 3008 1920 villa
3035 1877 3157 1934 qua:
3187 1861 3330 1915 Jetta
3357 1866 3745 1928 nuncupatur,

2121 1969 2185 2024 ad
2246 1967 2463 2021 laudem
2507 1961 2720 2018 Domini
2764 1958 2934 2014 nostri
2965 1957 3094 2011 Jesu
3127 1953 3328 2008 Christi
3362 1952 3420 2006 in
3466 1953 3744 2006 honorem

2119 2060 2175 2113 S.
2234 2057 2415 2112 Mariae
2472 2053 2720 2128 virginis,
2770 2057 2961 2106 octavo
3019 2045 3244 2101 Kalend.
3298 2043 3576 2106 Octobris,
3640 2042 3749 2095 Deo

2123 2155 2402 2203 annuente
2421 2143 2695 2208 dedicavi,
2727 2140 3042 2208 atriumque
3074 2135 3413 2207 assignatum
3450 2129 3740 2192 benedixi,

2126 2245 2202 2304 et,
2241 2244 2298 2290 ut
2327 2235 2394 2289 ad
2436 2232 2647 2287 nullum
2693 2229 3070 2298 cujuscunque
3123 2222 3481 2282 hmreditatis,
3542 2227 3742 2290 praeter

2126 2323 2314 2383 sedem
2368 2322 2774 2380 Cameracensis
2828 2319 3084 2375 Ecclesize
3138 2315 3462 2387 reSpiceret,
3511 2312 3740 2366 liberam

2129 2417 2467 2475 conﬁrmavi.
2536 2415 2618 2481 Et,
2669 2415 2714 2468 si
2777 2427 2875 2483 pro
2924 2410 3158 2481 alicujus
3202 2407 3365 2478 culpa
3419 2404 3746 2459 inbannitur

2133 2521 2321 2577 terra,
2376 2507 2601 2563 remotis
2675 2505 2938 2560 omnibus
3005 2499 3307 2555 inbannitis
3375 2499 3495 2551 haec
3563 2502 3746 2550 cantet

2123 2604 2373 2660 Ecclesia.

2195 2701 2255 2754 Et
2285 2697 2414 2769 quia
2442 2711 2543 2750 nos
2563 2693 2811 2749 omnium
2834 2688 3262 2744 domesticorum
3297 2685 3353 2738 in
3407 2682 3740 2737 exaltatione

2123 2795 2325 2845 sanctae
2375 2784 2630 2840 Ecclesiae
2657 2777 3197 2856 promptissimorum
3253 2775 3417 2827 bonae
3473 2770 3739 2826 voluntati

407 2883 483 2936 sis
510 2879 823 2950 episcopus,
875 2874 1090 2930 cunctis
1120 2872 1316 2927 Christi
1372 2870 1628 2925 fidelibus
1658 2870 1913 2934 salutem,
1969 2868 2022 2921 in
2125 2876 2476 2951 congaudcre
2525 2873 2813 2936 debemus,
2869 2868 3030 2922 decet
3087 2880 3187 2919 nos
3224 2863 3417 2928 etiam,
3449 2861 3491 2914 si
3531 2858 3664 2930 quid
3711 2875 3740 2912 ει

413 2969 627 3024 Christo
655 2967 679 3021 J
688 2983 804 3020 esu.

2128 2972 2289 3028 nobis
2328 2967 2609 3041 petierint,
2645 2980 2755 3020 non
2783 2962 3048 3025 abnuere,
3081 2966 3141 3013 ut
3192 2970 3419 3026 semper
3449 2953 3519 3008 ad
3582 2953 3740 3007 vitam

484 3059 748 3114 Noverint
789 3065 897 3110 tam
941 3053 1108 3108 futuri
1135 3068 1297 3148 quam
1337 3055 1640 3122 praesentes
1691 3049 1840 3121 quia,
1897 3047 2026 3102 dum
2053 3081 2100 3148 Ο
2130 3060 2447 3135 proﬁciant,
2490 3064 2680 3112 ηοειιιο
2710 3053 2962 3122 exemplo
2993 3055 3296 3121 praeeunte.

413 3155 532 3208 loca
563 3148 837 3222 parochias
867 3162 1004 3200 meae
1037 3144 1440 3216 perquirerem,
1483 3157 1738 3213 quaenam
1771 3140 1874 3195 sub
1905 3141 2032 3196 reli-

411 3243 597 3316 gione,
645 3253 922 3309 quaenam,
977 3235 1082 3288 alio
1123 3232 1288 3287 modo
1346 3238 1555 3295 essent,
1615 3230 1799 3285 inveni
1848 3231 2024 3284 locum

413 3333 560 3404 apud
599 3328 992 3400 Curtemberge
1033 3325 1190 3378 ducis
1229 3322 1506 3378 Godefridi
1533 3337 1760 3376 assensu
1803 3329 1856 3376 et
1884 3321 2032 3376 auxi-

417 3425 489 3479 lio
520 3438 624 3477 nec
651 3436 760 3475 non
793 3426 849 3473 et
874 3418 1263 3472 advocatorum
1286 3413 1552 3485 Arnulphi
1581 3421 1637 3468 et
1657 3413 1882 3468 Golterii
1912 3429 2027 3467 ser-

416 3515 549 3569 vitio
593 3510 913 3567 ancillarum
947 3506 1040 3561 Dei
1078 3506 1188 3575 jam
1223 3521 1288 3559 ex
1322 3512 1477 3574 parte
1517 3504 1834 3558 decoratum
1863 3520 2027 3574 quem

418 3605 681 3677 precibus
731 3600 1246 3676 archidiaconorum
1290 3611 1539 3651 meorum
1576 3637 1590 3661 ,
1647 3603 1702 3650 et
1759 3593 1976 3649 ﬁdelem
2015 3637 2028 3660 ,

418 3697 681 3768 ampliare
711 3693 923 3758 curavi;
964 3691 1020 3744 in
1063 3706 1128 3745 eo
1179 3689 1390 3744 scilicet
1439 3687 1588 3759 quod
1635 3686 1806 3741 altare
1835 3686 1968 3740 illud
2001 3703 2031 3740 a

421 3788 626 3844 debitis
658 3783 940 3840 annuatim
975 3779 1222 3836 obsoniis
1239 3776 1900 3849 epiSCOpalibusliberum
1925 3777 2031 3831 mei

423 3875 750 3932 auctoritate
783 3872 910 3934 feci,
940 3879 996 3924 et
1028 3869 1218 3924 debita
1259 3867 1352 3920 illa
1401 3867 1456 3920 in
1487 3882 1620 3921 usus
1661 3866 1796 3919 inibi
1831 3866 1942 3920 Deo
1973 3882 2036 3921 ac

421 3979 644 4037 sanctae,
671 3968 917 4037 ejusdem
964 3963 1218 4037 genitrici
1253 3961 1431 4016 Maria
1461 3969 1764 4032 sanctoque
1789 3961 2035 4015 Amando

424 4061 802 4119 famulantium
835 4055 1158 4128 perdonavi.

495 4149 750 4208 Concessi
790 4148 954 4202 etiam
988 4145 1155 4199 altare
1185 4142 1255 4197 de
1282 4140 1590 4206 Quatrebbe
1618 4142 1780 4210 (alias
1802 4141 2035 4214 Querps)

423 4259 476 4304 et
506 4247 675 4302 altare
717 4244 785 4298 de
820 4243 1156 4313 Nethengem
1215 4237 1308 4307 (al.
1366 4237 1724 4309 Nosseghem)
1759 4237 2035 4308 praedictae

425 4337 708 4395 ecclesiae:
757 4335 931 4388 libera
961 4350 990 4387 a
1023 4332 1291 4404 personis.
1328 4331 1417 4386 Sic
1447 4339 1652 4398 tamen,
1681 4340 1740 4387 ut
1793 4347 1893 4403 per
1920 4333 2037 4387 sin-

425 4431 585 4505 gulos
608 4443 784 4484 annos
827 4426 951 4494 jura
990 4423 1328 4496 episcopalia
1368 4422 1634 4494 episcopo
1674 4431 1733 4478 et
1772 4423 2038 4479 ministris

426 4522 548 4591 ejus
578 4537 643 4574 ex
671 4517 882 4572 eisdem
910 4515 1216 4570 solvantur.

499 4609 671 4665 Statui
694 4606 996 4678 siquidem,
1027 4611 1085 4659 ut
1109 4600 1413 4674 presbyteri
1436 4601 1630 4656 horum
1662 4609 1717 4657 et
1743 4602 2044 4674 supradicti

427 4698 633 4763 altaris,
689 4695 757 4749 de
813 4710 977 4748 manu
1031 4691 1279 4763 episcopi
1320 4707 1504 4745 curam
1539 4691 1843 4746 animarum
1893 4693 2042 4746 acci-

426 4789 600 4860 piant,
651 4785 890 4857 capitula
946 4783 1318 4840 archidiaconi
1375 4789 1428 4837 et
1487 4782 1683 4838 decani
1714 4783 2041 4848 observent;

427 4880 708 4936 abbatissa
734 4877 841 4934 loci
873 4876 1024 4932 illius
1063 4877 1119 4931 in
1154 4874 1450 4930 festivitate
1501 4874 1657 4930 Lucae
1688 4875 2042 4948 evangelistae

428 4971 495 5026 ad
529 4967 802 5041 synodum
847 4965 1300 5021 Cameracensem
1332 4963 1536 5018 veniat.

498 5061 552 5115 Si
603 5060 729 5131 quis
785 5065 966 5113 autem
1015 5066 1209 5112 contra
1269 5056 1371 5110 hoc
1429 5063 1628 5109 nostrae
1683 5055 2044 5111 institutionis

428 5155 776 5226 privilegium
799 5153 987 5209 venire
1014 5151 1333 5217 tentaverit,
1361 5149 1456 5204 fiat
1493 5165 1640 5216 reus,
1683 5157 1739 5205 et
1769 5149 1984 5206 alienus
2013 5167 2044 5206 a

429 5256 728 5322 conspectu
761 5249 1000 5317 Domini,
1030 5249 1208 5304 donec
1236 5246 1551 5318 resipuerit.

501 5341 584 5406 Et,
615 5344 676 5392 ut
706 5338 809 5394 hoc
840 5337 1004 5392 ﬁxum
1035 5343 1275 5403 maneat,
1316 5334 1851 5409 subtersignatorum
1892 5338 2041 5393 testi-

432 5427 621 5484 monio
638 5426 1010 5482 corroboravi.

501 5516 556 5574 S.
582 5514 772 5571 domni
818 5513 1088 5588 Fulgentii
1120 5515 1337 5570 abbatis
1359 5513 1768 5588 Afﬂigimensis.

503 5603 560 5659 S.
598 5602 791 5659 domni
819 5600 1109 5656 Gisleberti
1134 5602 1456 5657 Ehamensis
1482 5602 1720 5658 abbatis.

504 5692 559 5751 S.
582 5689 817 5748 Raldulﬁ
849 5691 1170 5748 eorumdem
1211 5692 1465 5748 altarium
1495 5693 1889 5752 archidiaconi.

2203 3153 2312 3224 Ego
2344 3151 2528 3220 itaque
2561 3145 2884 3217 petitionem
2927 3137 3175 3195 Galtelmi
3226 3136 3445 3191 abbatis
3476 3133 3576 3188 ﬁlii
3615 3133 3741 3195 mei,

2130 3261 2293 3316 quem
2319 3239 2559 3312 propriis
2581 3237 2838 3292 manibus
2856 3231 3173 3288 consecravi
3204 3246 3312 3285 non
3340 3226 3736 3299 reprobandam

2129 3315 2414 3395 aestimavi,
2459 3325 2756 3400 quaerentis
2800 3331 2860 3379 ut
2892 3321 3263 3394 parochialem
3306 3317 3600 3372 ecclesiam
3633 3315 3741 3369 Jet-

2130 3436 2340 3482 tensem
2393 3439 2514 3479 cum
2567 3417 2898 3491 appendicio
2954 3430 3055 3470 suo
3114 3413 3472 3476 Gonshoren,
3530 3416 3585 3462 et
3636 3406 3742 3461 Mo-

2130 3534 2460 3596 sengensem
2485 3514 2776 3570 ecclesiam
2807 3519 2975 3583 atque
3020 3507 3461 3564 Humbecensem
3494 3503 3736 3557 libertate

2132 3612 2417 3666 donarem.

2203 3699 2372 3763 Quam
2391 3692 2714 3765 petitionem
2730 3690 2931 3743 bonam
2951 3686 3234 3758 judicans,
3254 3681 3500 3751 ideoque
3517 3687 3734 3750 paterae

2134 3785 2460 3850 exaudiens,
2502 3779 2792 3853 praedictas
2845 3776 3108 3832 ecclesias
3145 3774 3214 3828 ab
3269 3771 3440 3841 omnil
3468 3769 3736 3824 exactione

2137 3879 2448 3950 debilisque
2478 3873 2725 3931 obsoniis
2753 3871 2960 3925 liberas
3006 3869 3176 3934 facio;
3206 3874 3262 3922 et
3317 3867 3374 3920 in
3406 3863 3643 3919 ecclesia
3686 3861 3714 3913 S

2138 3971 2318 4026 Mariae
2343 3965 2576 4023 Jettensi
2606 3963 2868 4019 fratribus
2893 3961 3047 4015 trado

2210 4058 2418 4115 Deinde
2448 4055 2693 4128 benigne
2723 4051 2992 4115 concedo,
3038 4058 3100 4104 ut
3129 4063 3284 4103 suam
3324 4045 3654 4101 electionem
3679 4041 3738 4095 li-

2138 4151 2270 4206 bere
2302 4147 2544 4202 habeant
2567 4143 2624 4197 in
2664 4142 2866 4197 abbate
2909 4136 3329 4195 constituendo:
3387 4133 3599 4188 electus
3624 4145 3739 4185 vero

2140 4237 2794 4308 Cameracensiepisc0po
2813 4239 3202 4305 praesentetur,
3228 4227 3371 4284 utab
3403 4242 3472 4282 eo
3500 4226 3621 4280 sine
3643 4223 3737 4278 ulla

2139 4329 2578 4390 contradictione
2604 4334 2980 4381 consecretur.

2210 4423 2332 4493 lpse
2365 4432 2586 4491 quoque
2625 4415 2794 4469 abbas
2845 4413 2912 4467 ad
2939 4410 3210 4483 synodum
3236 4411 3315 4464 ire
3365 4423 3477 4463 non
3509 4415 3738 4482 cogatur,

2055 4484 2114 4552 D
2148 4484 2255 4572 nisi
2285 4484 2539 4587 sigillati-5
2570 4507 2818 4580 episcopi
2850 4504 3245 4572 litterisfuerit
3273 4503 3610 4558 admonitus.

2218 4607 2298 4662 Ad
2318 4620 2452 4660 usus
2481 4611 2662 4658 autem
2697 4598 2922 4653 fratrum
2954 4598 3011 4652 in
3051 4599 3158 4653 hoc
3189 4597 3309 4652 loco
3351 4595 3464 4650 Deo
3493 4592 3744 4648 famulan-

2146 4697 2304 4763 tium,
2359 4691 2618 4763 beatique
2687 4685 2975 4760 Augustini
3031 4686 3275 4760 regulam
3345 4681 3742 4738 observantium

2145 4786 2430 4857 Onulphus
2483 4783 2554 4837 de
2583 4780 2982 4845 Wolverthem,
3030 4779 3195 4833 homo
3254 4776 3398 4830 liber
3440 4790 3506 4829 ac
3561 4774 3745 4828 timens

2141 4885 2336 4950 Deum,
2390 4879 2650 4934 fundator
2685 4875 2952 4942 ecclesiae,
2983 4873 3054 4929 ob
3086 4871 3530 4943 redemptionem
3564 4869 3744 4923 anima)

2142 4991 2254 5031 suae
2280 4973 2699 5040 animarumque
2732 4967 2922 5022 matris
2951 4982 3066 5021 sua:
3095 4971 3236 5033 Avae,
3263 4962 3633 5036 conjugisque
3646 4974 3746 5014 sua:

2145 5063 2430 5130 Remudis,
2487 5066 2892 5134 parentumque
2945 5071 3010 5111 ac
3047 5055 3286 5110 filiorum
3346 5067 3575 5107 suorum
3623 5047 3749 5103 Wil-

2145 5153 2339 5223 helmi,
2366 5148 2618 5215 Walteri,
2646 5145 2944 5213 Lamberti,
2973 5143 3172 5216 Sigeri,
3206 5139 3549 5201 Godescalci,
3584 5138 3750 5191 Eusta-

2144 5244 2238 5310 cii,
2275 5238 2517 5302 Arnoldi,
2578 5235 2894 5306 nobilisque
2941 5231 3068 5287 ﬁliae
3125 5246 3239 5286 sum
3279 5231 3426 5295 Avaa,
3459 5243 3550 5281 xiv
3579 5224 3748 5281 allodii

2144 5335 2230 5391 sui
2267 5331 2552 5398 bonarios,
2583 5336 2637 5383 et
2665 5327 2916 5382 cambam
2943 5340 3066 5380 cum
3093 5321 3444 5394 appendiciis
3479 5320 3616 5383 suis,
3643 5331 3748 5388 qua:

2143 5426 2310 5484 solvit
2336 5423 2569 5497 singulis
2601 5420 2783 5480 annis,
2815 5436 2885 5488 x;
2917 5424 2971 5473 et
2996 5434 3049 5472 vr
3072 5415 3290 5470 modios
3313 5412 3588 5469 avenaead
3619 5424 3751 5464 men-

2144 5533 2328 5574 suram
2387 5511 2832 5578 Bruxellensem,
2908 5515 2962 5564 et
3007 5507 3274 5564 allodium
3334 5501 3639 5559 molendini
3705 5499 3751 5552 in

2150 5607 2304 5675 Jetti,
2353 5614 2412 5661 et
2456 5602 2728 5659 decimam
2774 5615 2940 5672 quam
2996 5596 3234 5652 habebat
3274 5594 3331 5648 in
3373 5591 3754 5652 Wolverthem,

2153 5697 2531 5768 allodiumque
2588 5692 2823 5748 decimae
2882 5691 2951 5745 de
3000 5686 3332 5752 Melbroeck,
3387 5685 3500 5741 Deo
3549 5693 3756 5751 suaeque
