3938 6206
190 319 331 374 115⁵7

1656 310 2045 366 DIPLOMATA.

3382 323 3520 378 1158

187 451 394 501 sanctae
432 440 690 497 Genitrici
730 439 1100 495 servientibus
1128 438 1184 493 in
1217 439 1544 510 jsupradicta
1573 439 1807 494 ecclesia
1833 445 1885 513 Α
1908 437 2136 506 beccha,
2171 438 2340 493 altare
2366 439 2435 493 de
2463 439 2829 497 Wambeccha
2859 460 2983 499 cum
3003 448 3327 517 appenditio
3359 451 3526 519 Nath,

189 536 434 593 tradidit.

189 629 531 699 {Defuncto
587 625 700 681 ﬁlio
757 640 856 680 suo
915 624 1203 679 Lamberto
1241 641 1294 679 ix
1339 631 1497 679 terrae
1549 624 1810 680 bonarios

197 722 380 778 eidem
413 720 568 774 dedit
612 716 894 781 ecclesiae;
948 733 1044 786 pro
1075 717 1258 771 anima
1288 716 1546 771 Willelmi
1577 717 1672 770 ﬁlii
1723 717 1808 771 sui

195 828 249 865 v1
276 817 436 864 terrm
464 807 728 863 bonarios
780 805 1040 870 contulit;
1083 821 1181 876 pro
1213 805 1395 860 anima
1421 805 1594 880 Sigeri
1639 805 1808 860 dede-

194 912 326 957 runt
372 900 572 956 fratres
608 898 693 953 sui
747 905 802 952 et
850 897 1075 952 domina
1107 899 1217 953 Ava
1263 913 1418 954 soror
1455 898 1700 968 ipsorum
1757 915 1810 952 Ix

193 998 355 1046 terra
404 989 668 1046 bonarios
724 994 780 1042 et
836 987 1108 1042 decimam
1159 987 1326 1042 totius
1364 987 1534 1054 villae,
1583 1003 1706 1042 cum
1760 1003 1812 1041 ix

195 1083 498 1154 manipulis
528 1080 810 1147 dividitur,
831 1079 970 1136 duos
995 1079 1309 1150 manipulos
1347 1085 1402 1134 et
1446 1081 1660 1136 tertiam
1694 1097 1815 1152 par-

198 1182 311 1231 tem
345 1174 513 1230 alneti
546 1189 715 1243 super
737 1172 1090 1227 addiderunt.

275 1263 562 1319 Eustacius
587 1279 638 1316 v1
666 1261 870 1316 solidos
896 1259 1062 1315 'dedit
1102 1260 1158 1314 in
1185 1260 1427 1316 Rochem
1461 1262 1638 1329 (vulgo
1680 1262 1817 1317 Ros-

201 1369 343 1418 sem,
410 1349 689 1423 appendix
730 1349 798 1404 de
848 1348 1267 1420 Wolverthem),
1319 1349 1544 1404 domina
1599 1352 1711 1406 Ava
1762 1359 1816 1407 et

201 1443 373 1500 frater
401 1443 521 1512 ejus
549 1442 812 1498 allodium
871 1457 948 1496 xu
991 1441 1370 1507 bonariorum,
1432 1457 1592 1498 secus
1631 1443 1813 1499 villam

203 1551 326 1607 quae
350 1533 556 1588 dicitur
584 1531 820 1597 Selloca,
861 1530 1111 1586 ecclesiae
1144 1530 1434 1612 dederunt.

279 1625 487 1680 Nostrae
516 1639 648 1679 vero
679 1622 1047 1678 dedicationis
1086 1621 1270 1678 ofﬁcio
1299 1622 1670 1679 interfuerunt
1708 1624 1816 1680 duo

1909 528 2078 583 altare
2134 528 2205 583 de
2237 529 2603 598 Lombeccha,
2647 533 2813 587 altare
2868 536 2938 590 de
2989 538 3121 608 Goy,
3206 541 3374 595 altare
3454 543 3525 597 de

1907 619 2099 682 Altres,
2128 619 2298 674 altare
2325 621 2392 674 de
2426 621 2720 688 Guislines,
2753 624 2922 679 altare
2942 628 3010 682 de
3044 629 3314 686 Luvroila.
3350 633 3529 703 llujus

1910 720 2108 768 nostra
2140 715 2518 770 concessionis
2541 725 2709 772 testes
2741 727 2872 774 sunt
2907 738 2919 774 :

1980 806 2034 859 S.
2069 806 2281 861 Rudolﬁ
2311 808 2710 866 archidiaconi.

1983 901 2036 956 S.
2064 901 2342 956 Erlebardi
2375 904 2659 974 praepositi

1984 993 2040 1048 S.
2066 993 2350 1048 Erlebardi
2392 994 2608 1050 decani.

1985 1081 2042 1136 8.
2069 1082 2364 1137 Alexandri
2394 1083 2609 1138 decani.

1986 1171 2040 1225 S.
2074 1171 2303 1245 Segardi
2344 1172 2564 1227 decani.

1987 1262 2041 1316 S.
2071 1261 2364 1317 Machelini
2397 1263 2615 1318 decani.

1989 1357 2040 1413 S.
2078 1357 2302 1413 Walteri
2334 1357 2552 1413 abbatis
2590 1358 2904 1414 Lobiensis.

1987 1445 2021 1500 8
2075 1446 2317 1502 Guidrici
2348 1447 2565 1503 abbatis
2593 1449 3026 1505 Altimontensis.

1988 1535 2262 1610 Fulgentii
2291 1537 2506 1592 abbatis
2537 1537 2948 1613 flafﬂingensis.

1988 1627 2177 1682 Actum
2243 1637 2328 1683 est
2383 1645 2528 1685 anno
2594 1631 2888 1687 millesimo
2957 1633 3263 1689 centesimo
3313 1635 3532 1690 duode-

208 1721 369 1776 liberi
407 1720 664 1775 homines
693 1718 1008 1773 Waltberus
1047 1727 1102 1773 et
1130 1719 1403 1774 Arnoldus
1441 1718 1536 1774 ﬁlii
1581 1719 1814 1790 Onnlphi
1845 1771 1892 1796 η
1919 1718 2062 1774 cimo
2107 1719 2406 1775 indictione
2437 1722 2630 1792 quinta
2671 1725 3030 1796 superscripti
3070 1740 3202 1780 vero
3251 1726 3534 1796 pontiﬁcis

212 1826 337 1864 cum
379 1824 568 1864 sorore
609 1823 802 1863 eorum
842 1807 1067 1862 domina
1101 1808 1229 1874 Ava,
1259 1809 1352 1880 qui
1385 1823 1580 1864 omnes
1610 1809 1817 1864 donum
1845 1771 1896 1839 B
1921 1823 2067 1863 anno
2098 1808 2359 1878 septimo.

225 1901 614 1972 praedictorum
646 1898 1042 1954 beneﬁciorum
1071 1907 1476 1956 renovaverunt
1500 1906 1554 1955 et
1578 1901 1733 1956 altari
1764 1901 1820 1954 in

213 2007 336 2046 mea
363 1990 656 2062 praesentia
686 1988 931 2061 legitime
971 1988 1232 2044 attitulari
1264 1988 1533 2044 fecerunt.

268 2083 348 2138 Ut
403 2089 585 2138 autem
638 2083 746 2136 hoc
804 2089 975 2136 ratum
1030 2082 1179 2137 omni
1228 2089 1475 2153 tempore
1531 2081 1817 2150 habeatur,

207 2182 374 2246 atque
400 2190 430 2228 a
464 2173 613 2228 nullo
645 2180 1046 2243 praesumptore
1092 2172 1332 2245 maligno
1362 2172 1619 2240 violetur,
1649 2188 1820 2245 quos-

210 2262 350 2317 libet
379 2262 736 2332 dissipatores
779 2262 968 2316 horum
999 2260 1396 2316 beneﬁciorum
1427 2278 1457 2316 a
1479 2262 1602 2316 sinu
1636 2262 1825 2316 matris

214 2353 471 2409 Ecclesiae
511 2361 829 2427 segregatos
849 2353 1071 2424 publice
1101 2353 1594 2421 excommunicavi,
1624 2353 1732 2408 nisi
1755 2353 1823 2408 ad

216 2445 669 2500 emendationem
700 2451 753 2500 et
782 2444 1208 2500 satisfactionem
1233 2443 1500 2498 venerint.

287 2535 477 2589 Actum
501 2541 583 2589 est
607 2534 711 2589 hoc
736 2549 882 2589 anno
911 2534 1211 2589 Dominieaa
1239 2531 1634 2588 incarnationis
1667 2530 1825 2600 1112,

215 2624 544 2694 praesulatus
583 2623 756 2678 nostri
783 2638 928 2679 anno
952 2640 1046 2689 γη,
1088 2623 1396 2694 imperante
1429 2621 1663 2677 Henrico
1692 2621 1753 2677 V.

285 2709 476 2766 Testes
504 2711 669 2780 hujus
699 2710 1135 2768 conﬁrmationis
1169 2718 1297 2767 sunt
1322 2712 1407 2766 hi:

289 2803 518 2876 Signum
548 2803 776 2858 Joannis
801 2804 1200 2860 archidiaconi.

294 2891 350 2946 S.
375 2891 583 2947 Ancelli
614 2893 1012 2949 archidiaconi.

293 2980 348 3036 8.
387 2981 663 3052 Rodulphi
704 2982 1101 3038 archidiaconi.

296 3069 350 3124 8.
383 3069 705 3125 Theoderici
746 3070 1139 3127 archidiaconi.

293 3160 349 3214 8.
387 3160 633 3216 Everaldi
664 3160 1058 3216 archidiaconi.

295 3252 351 3308 8.
396 3251 672 3308 Erlebaldi
703 3253 1094 3309 archidiaconi.

294 3347 351 3402 8.
382 3347 510 3402 Αάἓέ
541 3346 777 3402 abbatis.

296 3442 350 3496 8.
386 3441 585 3496 Reneri
625 3443 861 3498 abbatis.

297 3534 351 3588 S.
386 3532 612 3589 Goﬂ'ridi
649 3534 885 3590 abbatis.

299 3624 356 3680 S.
391 3624 611 3679 Ernaldi
643 3623 878 3680 abbatis.

299 3712 354 3766 S.
379 3712 688 3768 Mastellini.

301 3801 358 3855 8.
393 3801 588 3870 Livini,
621 3803 1048 3873 capellanorum.

301 3894 358 3950 8.
391 3895 614 3950 Roberti
642 3896 903 3953 cantoris.

302 3985 546 4041 Gerardi.

306 4077 622 4134 Herevardi.
665 4077 777 4152 Ego
798 4078 1166 4135 Gerinbaldus
1185 4079 1294 4152 legi
1315 4087 1369 4135 et
1398 4075 1713 4152 recognovi.

986 4171 1097 4225 VII.

501 4259 860 4327 Privilegz‘um
875 4275 976 4329 pro
1001 4261 1220 4316 ecclesia
1259 4261 1571 4319 Nivellerm'.

839 4352 1019 4422 (Anno
1058 4351 1244 4418 1112)

625 4441 865 4512 [Min/eus
890 4445 986 4498 ubi
1014 4460 1206 4514 supra,
1243 4444 1286 4511 ι,
1324 4441 1474 4514 676.]

305 4531 442 4599 Ono,
469 4529 564 4585 Dei
596 4531 770 4603 gratia
796 4532 1210 4588 Cameracensis
1236 4533 1559 4604 episcOpus,
1589 4529 1851 4587 omnibus

227 4627 435 4675 sanctae
463 4618 558 4674 Dei
583 4618 840 4676 Ecclesiae
878 4617 1008 4676 ﬁliis
1038 4622 1094 4676 in
1136 4628 1486 4694 perpetuum.

310 4711 420 4784 Ego
449 4711 555 4782 piae
574 4711 828 4783 petitioni
860 4712 1124 4781 Richetm,
1157 4714 1456 4769 abbatissae
1486 4713 1543 4768 8.
1569 4713 1852 4768 Gertrudis

234 4801 564 4858 Nivellensis
596 4802 869 4870 Ecclesiae,
898 4819 1172 4873 annuens,
1205 4803 1440 4859 audiens
1460 4804 1628 4859 etiam
1658 4818 1853 4874 preces

235 4891 584 4947 dominarum
649 4892 967 4948 monasterii
1033 4899 1088 4948 et
1151 4892 1567 4961 canonicorum,
1637 4891 1849 4958 altaria,

237 4999 364 5056 quae
390 4984 658 5039 hactenus
683 4983 742 5039 in
773 4984 1098 5056 episcopatu
1122 4984 1501 5040 Cameracensi
1533 5000 1631 5055 per
1660 4998 1852 5054 perso-

237 5089 340 5128 nas
370 5080 679 5141 tenuerant,
719 5074 831 5143 jam
863 5074 1090 5130 omnino
1122 5074 1332 5145 absque
1372 5074 1622 5144 personis
1678 5072 1855 5127 libera

241 5169 503 5224 Ecclesia
534 5169 712 5226 trado.

314 5261 515 5318 Altaria
555 5263 850 5326 sunthaec,
885 5263 1055 5319 altare
1093 5263 1163 5318 de
1194 5264 1392 5330 lterna,
1441 5263 1611 5318 altare
1651 5263 1718 5317 de
1747 5262 1859 5319 Ro-

240 5352 441 5411 sbecca
467 5370 590 5410 cum
639 5355 962 5427 appenditio
1003 5355 1326 5423 hainueres,
1380 5353 1548 5409 altare
1601 5353 1672 5408 de
1710 5353 1859 5409 Mer-

315 5532 427 5602 (18)
452 5531 832 5590 Wenemarus.
875 5537 1008 5591 Vide
1035 5537 1245 5592 litteras
1286 5536 1626 5593 fundationis
1661 5554 1690 5592 a
1723 5539 1851 5593 We-

241 5618 468 5730 r‘igmaro
507 5603 664 5660 factae
726 5607 822 5662 lib.
879 5624 898 5661 ῐ
963 5608 1201 5679 Diplom.
1253 5609 1482 5681 Belgic.,
1529 5625 1652 5680 cap.
1709 5611 1778 5664 45
1810 5617 1864 5665 et

317 5717 428 5818 119)
455 5747 752 5818 Bornhem,
785 5748 1146 5821 municipium
1197 5749 1417 5822 Wasiae,
1448 5752 1539 5808 ubi
1572 5752 1702 5810 olim
1743 5760 1863 5809 erat

2658 1937 2797 1993 Vlll.

1921 2045 2348 2101 Bornhez'mensz‘s
2401 2045 2636 2100 abbatia:
2659 2047 3038 2113 fundationem
3090 2063 3152 2101 ac
3211 2048 3537 2102 dotationem

1993 2150 2028 2188 α
2088 2133 2402 2189 Wenemaro
2457 2136 2746 2189 castellano
2803 2136 3080 2192 Gandensi
3128 2139 3273 2190 circa
3335 2153 3541 2191 annum

1995 2227 2136 2281 1100
2154 2228 2384 2296 factam,
2411 2228 2702 2297 approbat.

2535 2322 2710 2388 (Anno
2755 2320 2940 2390 me.)

2306 2411 2548 2483 [MIREUS
2571 2413 2669 2466 ubi
2698 2427 2892 2482 supra,
2937 2412 2978 2479 l,
3011 2411 3158 2482 371.]

2003 2517 2060 2570 ln
2101 2517 2329 2572 nomine
2377 2525 2579 2574 sanctae
2624 2525 2678 2573 et
2735 2515 3036 2572 individua:
3080 2516 3380 2578 Trinitatis,
3439 2532 3544 2592 ego

1931 2607 2064 2671 Ono,
2109 2608 2203 2662 Dei
2266 2608 2442 2684 gratia
2497 2608 2907 2663 Cameracensis
2953 2607 3269 2678 episcopus,
3331 2608 3544 2663 cunctis

1933 2699 2128 2755 Christi
2155 2699 2417 2756 ﬁdelibus
2449 2701 2703 2756 salutem.

2002 2790 2132 2845 Volo
2163 2799 2353 2846 notum
2386 2789 2504 2844 ﬁeri
2564 2799 2672 2845 tam
2709 2789 2907 2845 futuris
2951 2805 3114 2861 quam
3158 2787 3543 2859 praesentibus,

1933 2882 2081 2953 quod
2096 2881 2461 2937 Wenemarus
2483 2882 2594 2953 (18)
2627 2881 2934 2936 Gandensis
2961 2881 3314 2946 castellanos,
3344 2879 3542 2950 praevi-

1933 2970 2072 3026 dens
2102 2970 2230 3039 sibi,
2250 2980 2305 3025 et
2333 2971 2648 3037 consulens,
2669 2969 2740 3024 ob
2769 2970 3076 3025 remedium
3099 2969 3298 3023 animm
3330 2983 3465 3035 suae,
3494 2973 3549 3022 et

1935 3077 2160 3118 suorum
2218 3062 2466 3117 omnium
2523 3061 2773 3117 ﬁdelium
2827 3061 3241 3131 defunctorum,
3292 3059 3538 3132 dispergi

1857 3144 1907 3213 C
1935 3153 2238 3219 terrestria,
2270 3161 2328 3209 ut
2357 3161 2526 3210 metat
2546 3153 2812 3209 coelestia.

2004 3243 2222 3298 Terram
2256 3242 2402 3298 enim
2428 3244 2707 3313 jacentem
2749 3243 2825 3298 ita
2851 3242 3114 3313 parochia
3159 3241 3408 3307 Bucholt,
3456 3241 3546 3294 vi-

1937 3337 2090 3410 genti
2145 3353 2547 3404 mensurarum,
2589 3354 2712 3410 quae
2773 3344 2932 3392 erant
2971 3335 3258 3392 Everboldi
3312 3335 3548 3407 presby-

1941 3430 2062 3496 teri,
2110 3437 2164 3485 et
2200 3431 2617 3502 quatuordecim
2662 3430 2891 3492 admoti,
2925 3438 2982 3484 et
3024 3429 3314 3483 dimidiam
3349 3428 3549 3484 Frede-

1940 3523 2092 3587 nodi,
2125 3531 2179 3576 et
2223 3539 2532 3578 mensuram
2564 3540 2728 3578 unam
2758 3533 2812 3578 et
2862 3523 3148 3577 dimidiam
3178 3521 3452 3578 Boltronis
3501 3529 3554 3576 ct

1941 3617 2157 3671 tertiam
2191 3625 2399 3686 partem
2439 3617 2628 3672 allodii
2677 3617 2824 3688 quod
2855 3624 3083 3672 vocatur
3109 3616 3552 3682 Mulnemerholt,

1943 3709 1999 3763 in
2027 3711 2287 3780 parochia
2317 3710 2511 3764 Steens
2534 3710 2603 3763 ab
2632 3709 2782 3765 omni
2815 3709 3101 3764 exactione
3151 3708 3290 3763 laica
3322 3709 3551 3763 liberam

1947 3800 2194 3856 ecclesiae
2222 3801 2517 3856 Bornheim
2544 3801 2649 3870 (19)
2670 3801 2824 3872 cujus
2841 3801 2956 3870 ipse
2978 3799 3241 3854 fundator
3254 3805 3356 3865 est,
3380 3799 3556 3854 dedit.

1949 3888 2024 3945 Eo
2053 3897 2237 3945 tamen
2267 3899 2479 3957 tenore,
2508 3897 2567 3945 ut
2618 3892 2664 3945 si
2695 3890 2901 3962 aliquid
2944 3891 3021 3945 rei
3071 3890 3305 3956 inutilis,
3347 3889 3552 3944 ibidem

1949 3980 2222 4036 accederit
2277 3981 2622 4038 discussione
2683 3979 2931 4054 dignum,
2986 3979 3107 4050 ipse
3174 3979 3558 4041 Wenemarus.

1945 4075 2033 4128 vel
2085 4089 2218 4128 suus
2273 4080 2526 4144 posterus
2573 4089 2698 4127 cum
2752 4071 3016 4126 fratribus
3075 4073 3230 4143 quasi
3285 4070 3564 4127 confrater

1951 4181 2104 4233 suus,
2135 4180 2247 4220 non
2287 4181 2408 4220 cum
2438 4164 2708 4232 dominio,
2736 4178 2847 4219 non
2888 4179 3012 4218 cum
3046 4169 3313 4234 potestate
3343 4163 3410 4217 ad
3439 4163 3561 4217 dis-

1952 4254 2260 4311 cussionem
2327 4253 2576 4322 ejusdem
2613 4253 2730 4318 rei;
2799 4253 3083 4308 communi
3143 4258 3198 4307 et
3244 4250 3567 4306 charitativo

1952 4347 2184 4406 consilio
2215 4348 2424 4415 redeat,
2458 4356 2513 4403 et
2534 4348 2654 4416 ejus
2679 4353 2871 4422 rogatu
2901 4347 3410 4406 anathematizetur,
3441 4345 3567 4416 qui-

1878 4425 1936 4494 D
1957 4457 2176 4512 cunque
2189 4449 2536 4511 posterorum
2560 4440 2703 4495 ultra
2726 4441 2842 4495 haec
2872 4439 3180 4496 dominium
3212 4437 3300 4496 vel
3325 4438 3571 4493 exactio-

1953 4548 2080 4588 nem
2111 4531 2280 4586 ullam
2309 4531 2476 4586 fuerit
2513 4547 2682 4587 ausus
2711 4531 2914 4586 facere.

2025 4627 2136 4681 Hoc
2155 4626 2319 4680 etiam
2361 4641 2464 4700 ego
2492 4625 2607 4681 Odo
2639 4625 2938 4696 episcOpus
2961 4623 3140 4678 eidem
3174 4622 3432 4679 Ecclesiae
3465 4637 3564 4677 au-

1952 4716 2270 4781 thenticavi,
2323 4724 2378 4772 et
2415 4716 2579 4790 sigilli
2638 4716 2747 4770 mei
2812 4715 3179 4786 impressione
3231 4712 3570 4770 conﬁrmavi.

1952 4808 2149 4863 Addidi
2184 4823 2406 4879 quoque
2431 4815 2510 4874 ut,
2565 4807 2611 4861 si
2655 4807 2781 4878 quis
2816 4807 2964 4862 bona
2994 4806 3242 4874 ejusdem
3302 4803 3562 4860 Ecclesiae

1953 4896 2245 4968 diripiens,
2307 4912 2498 4968 pacem
2553 4903 2608 4952 et
2663 4896 2913 4952 instituta
2962 4896 3221 4951 Ecclesia:
3255 4893 3572 4970 infregerit,

1952 4988 2137 5064 gladio
2169 4987 2536 5043 anathematis
2566 4985 2810 5041 feriatur.
2842 4987 2896 5042 Si
2930 4987 3055 5060 quis
3084 4993 3268 5043 autem
3299 4985 3574 5055 ejusmodi

1956 5077 2247 5133 ecclesiam
2281 5077 2486 5131 intrare
2513 5076 2947 5147 praesumpserit,
2971 5075 3208 5132 ecclesia
3236 5093 3266 5130 a
3288 5074 3577 5130 Dominico

1957 5174 2138 5224 cesset
2166 5167 2373 5236 ofﬁcio,
2407 5169 2588 5224 donec
2617 5168 2832 5224 exierit.
2867 5167 2929 5222 Et
2965 5168 3011 5222 si
3043 5174 3156 5224 tota
3195 5167 3372 5239 patria
3402 5165 3579 5222 oﬂ’en-

1960 5264 2040 5319 sis
2086 5263 2394 5335 aliquorum
2471 5263 2850 5330 inbanniatur,
2935 5262 3166 5318 remotis
3215 5261 3578 5318 smeularibus

1961 5354 2119 5411 laicis
2146 5355 2390 5411 Ecclesia
2414 5370 2527 5412 non
2581 5362 2787 5424 cesset,
2817 5354 2917 5411 sed
2969 5354 3072 5410 sub
3113 5354 3339 5411 silentio
3368 5360 3574 5411 cantet.

1965 5538 2182 5594 abbatia
2211 5541 2628 5612 canonicorum,
2661 5541 3016 5612 regularium,
3051 5556 3190 5612 qua;
3225 5538 3354 5592 dein
3403 5543 3576 5612 trans-

1965 5618 2171 5684 mutata
2209 5611 2316 5684 fuit
2340 5614 2415 5684 in
2456 5602 2860 5684 monasterium
2889 5602 3432 5684 iBeneiiictinorurn,‘
3471 5602 3576 5684 9311b

1965 5681 2185 5757 abbatia
2229 5681 2610 5757 Afﬂigmiensi.
2655 5683 2810 5752 Vide,
2843 5683 2941 5739 lib.
2975 5698 3014 5739 ι.
3052 5681 3288 5750 Diplom.
3343 5675 3576 5748 Belgic.,

1967 5768 2088 5824 cap.
2108 5751 2180 5809 49
2205 5759 2262 5810 et
2286 5751 2377 5811 5οῖ
