3938 6206
421 294 560 351 1159
1430 286 1533 346 WA
1542 289 1819 347 LTERIUS
1859 291 1976 349 ΕΑΒ

2209 290 2327 349 lSlS
2366 293 2731 352 EPISCOPUS.
3619 300 3764 358 1160

421 421 533 478 Hoc
590 434 725 477 vero
796 417 1332 492 subtersignatorum
1396 418 1715 475 testimonio
1773 420 2032 477 corrobo-
2052 426 2110 495 Α
2202 422 2255 478 S.
2301 422 2521 479 Reineri
2550 423 2619 478 de
2650 422 2849 480 Sancto
2875 422 3202 496 Sepulchro.

418 514 551 569 ravi.
2209 512 2262 567 S.
2289 513 2497 569 Gofridi
2536 515 2604 569 de
2636 514 2785 571 Novo
2818 513 3071 571 Castello.

488 606 719 679 Signum
742 604 972 660 meimet
1002 604 1208 660 Odonis
1238 604 1505 676 cpisc0pi.
2208 606 2263 661 8.
2300 606 2603 678 Fregdonis
2634 606 2829 662 decani
2853 607 3105 677 ejusdem
3137 607 3343 664 altaris.

486 695 541 751 S.
573 694 781 750 Radulfi
810 695 1055 764 ejusdem
1097 693 1283 751 altaris
1312 693 1707 750 archidiaconi.
2208 694 2261 751 S.
2300 694 2527 767 Segardi
2559 696 2629 750 de
2659 695 2861 753 Helles.

489 785 542 840 8.
581 785 785 841 Anselli
817 785 1222 841 archidiaconi.
2201 784 2255 839 S.
2294 784 2501 840 Riberti
2535 785 2751 841 decani.

490 876 546 931 S.
575 875 1282 933 Thedoriciarchidiaconi.
2201 876 2257 931 S.
2283 877 2582 932 Alexandri
2611 878 2807 933 decani
2834 878 2905 933 de
2929 878 3044 934 Hal.

490 965 544 1019 S.
578 962 836 1019 Bverardi
868 965 1264 1021 archidiaconi.
2210 965 2264 1020 S.
2293 966 2554 1021 Bernardi
2587 967 2658 1022 de
2701 967 2945 1034 Waisch,
2978 974 3034 1023 et
3056 967 3305 1023 Fulcardi
3332 968 3517 1025 fratris
3545 970 3655 1026 sui.

490 1054 547 1107 S.
574 1053 846 1108 Erleboidi
881 1054 1180 1124 przepositi.
2206 1052 2256 1109 S.
2296 1053 2556 1109 Cunrardi
2585 1054 2779 1110 decani
2812 1055 2881 1111 de
2913 1055 3190 1112 Gandava.

487 1142 540 1198 8.
572 1142 795 1197 Elebodi
823 1142 1041 1197 decani.
2204 1146 2294 1200 SS.
2325 1146 2591 1202 Meinardi
2624 1147 2914 1223 Tangradi,
2947 1149 3243 1203 Gommari.

987 1233 1156 1299 Signa
1185 1234 1460 1289 abbatum.

488 1326 604 1401 Sig.
640 1324 866 1380 Gilherti
898 1324 967 1379 de
1000 1325 1207 1379 Eiham.
2204 1334 2393 1388 Actum
2436 1342 2521 1389 est
2575 1335 2679 1391 hoc
2746 1334 3022 1392 Cameraci
3076 1337 3131 1391 in
3190 1336 3423 1409 synodo,
3485 1354 3565 1392 Ill.
3625 1338 3757 1393 ldus

470 1421 541 1489 AS.
574 1422 844 1477 Snellardi
876 1422 944 1476 de
985 1420 1360 1478 Geraldmont.
1412 1472 1415 1475 ,
2130 1424 2329 1495 Martii,
2361 1443 2507 1483 anno
2538 1427 2805 1483 incarnati
2833 1428 2993 1483 Verbi
3032 1429 3191 1497 “12,
3246 1431 3579 1500 praesulatus
3623 1446 3754 1485 vero

490 1511 543 1565 S.
571 1510 824 1566 Amboldi
855 1512 925 1566 de
953 1511 1231 1567 Gandavo.
2131 1515 2239 1570 mei
2264 1533 2355 1569 vn.

937 1741 1829 1867 APPENDIX
1906 1744 2130 1869 AD
2219 1747 2375 1874 Β.
2467 1748 3237 1877 ODONEM

1671 2035 2497 2135 EXCERPTA

518 2171 603 2232 Ex
650 2171 816 2234 libro
858 2169 1210 2246 Godefridi,
1256 2173 1962 2258 Remensismagistri.
2011 2175 2134 2258 cui
2162 2174 2390 2239 titulus
2431 2202 2444 2235 :
2491 2177 2813 2258 Somnium
2843 2178 2915 2239 de
2944 2178 3145 2245 Odone
3175 2183 3633 2258 Aurelianensi.

1556 2253 1833 2324 (Manna,
1864 2256 2155 2322 Annal.,V.
2190 2257 2325 2328 App.
2362 2274 2418 2327 p.
2449 2256 2599 2327 651.)

417 2418 718 2474 Abdiderat
742 2418 978 2475 celerem
1011 2419 1092 2475 sol
1124 2434 1332 2491 pronus
1363 2420 1415 2475 in
1444 2436 1667 2493 aequora
1697 2437 1915 2477 cursum
2055 2423 2105 2491 Β
2196 2420 2467 2493 Quodque
2496 2437 2894 2493 supervacuum
2922 2424 3048 2493 jure
3076 2431 3297 2482 vocetur
3316 2441 3525 2498 opus...

1353 2732 1367 2747 .
1441 2735 1453 2747 .
1534 2734 1548 2748 .
1632 2734 1644 2748 .
1727 2737 1737 2748 .
1820 2734 1833 2748 .
1917 2736 1929 2747 ι
2012 2737 2021 2747 -
2126 2704 2868 2770 eiinsomnouisusfuerit.

635 2841 670 2865 δ’
705 2838 893 2865 hum
933 2838 1047 2865 Mum
1082 2838 1223 2865 tu“
1276 2842 1386 2865 ιη*
1423 2839 1485 2865 ΔΑ
1516 2840 1627 2865 “,M
1652 2843 1906 2865 “nun
1956 2844 2027 2865 hu
2129 2790 2380 2862 Denique
2403 2808 2491 2847 me
2523 2792 2738 2848 modico
2764 2792 3083 2865 speculatus
3116 2800 3385 2865 tempore,
3413 2795 3581 2852 sedit.

484 2838 893 2956 ngffiﬁlfdat
930 2854 1047 2907 ejus
1078 2838 1244 2905 dom’
1276 2842 1391 2895 tum
1419 2839 1485 2896 de
1510 2856 1627 2910 ejus
1646 2856 1909 2911 prosapia
1950 2858 2027 2897 8w
2202 2838 2449 2936 Etiacita
2466 2882 2641 2956 tetigit
2665 2838 2891 2954 pectora
2919 2891 3104 2940 nostra
3142 2838 3328 2940 ma‘nu.

410 2930 784 2998 prosequitur:
2128 2930 2449 3041 Αιεῖιὶζεῖίίῖ
2469 2930 3467 3045 ὄάἕῖιιῖιζέξιὶδῖί’ὶῖιζῷεζίέιξῖῖιὶκιυθ

414 3057 584 3122 Quem
625 3073 802 3131 genus
830 3073 862 3111 a
890 3056 1131 3128 proavis,
1164 3064 1219 3112 et
1243 3056 1388 3113 linea
1417 3057 1702 3131 sanguinis
1730 3058 1824 3113 alti
2199 3061 2489 3117 Proximus
2528 3063 2768 3131 assideo,
2812 3063 2885 3118 mi
2917 3063 3234 3131 Godefride,
3266 3066 3456 3133 thoro;

484 3148 672 3213 Ornat,
695 3146 763 3200 ab
796 3145 1053 3220 ingenuis
1081 3151 1193 3200 tota
1219 3146 1487 3201 trahenda
1518 3146 1668 3202 viris.
2127 3156 2233 3211 Sed
2265 3172 2368 3211 nec
2394 3162 2582 3210 vectus
2607 3171 2773 3227 equo,
2809 3173 2913 3211 nec
2942 3157 3127 3213 cerula
3166 3173 3265 3228 per
3293 3157 3430 3213 freta
3451 3157 3596 3224 velo,

413 3236 655 3301 Quorum
697 3249 783 3287 res
799 3239 1007 3305 gestas,
1041 3232 1249 3300 titulos,
1282 3250 1496 3305 pacem,
1530 3235 1753 3290 horrida
1784 3236 1949 3299 bella,
2198 3246 2310 3300 Nec
2339 3243 2577 3316 pedibus
2597 3244 2746 3313 veni,
2776 3245 3103 3300 labilibusve
3133 3245 3289 3303 rotis.

486 3324 763 3382 Flaventis
793 3324 1002 3396 Ligeris
1031 3326 1180 3380 unda
1202 3326 1367 3382 silere
1391 3328 1605 3399 nequit.
2128 3334 2263 3389 Aera
2290 3350 2390 3405 per
2418 3350 2674 3399 vacuum,
2711 3349 2981 3405 suspenso
3008 3349 3237 3405 corpore
3264 3335 3480 3406 pennis.

415 3425 568 3479 ﬂunc
588 3437 756 3493 super
777 3420 1069 3476 innumero
1092 3420 1377 3494 fregerunt
1405 3422 1625 3496 agmine
1647 3430 1844 3490 castra,
2197 3427 2235 3479 A
2263 3425 2486 3481 Genabo
2515 3424 2699 3480 Remis
2728 3441 2817 3480 me
2840 3424 2976 3480 levis
3003 3440 3135 3479 aura
3164 3424 3355 3480 tulit...

485 3517 709 3587 Sicqua
739 3513 1039 3569 fueresuis
1078 3530 1209 3570 ausa
1250 3531 1448 3571 nocere
1478 3516 1629 3572 visis.
2130 3561 2140 3571 .
2223 3557 2235 3569 .
2316 3558 2329 3571 .
2409 3558 2422 3573 .
2508 3559 2520 3571 .
2603 3558 2614 3570 .
2698 3560 2709 3572 .
2782 3556 2796 3571 .
2879 3553 2894 3569 .
2974 3556 2986 3568 .
3061 3557 3075 3571 .
3152 3556 3166 3569 .
3244 3556 3258 3570 .
3341 3556 3355 3569 .
3438 3556 3451 3571 .
3534 3559 3547 3570 .
3627 3561 3643 3573 .
3725 3557 3737 3570 .

413 3607 568 3663 Hunc
593 3621 762 3676 super
787 3602 1017 3659 hostiles
1045 3602 1215 3659 armis
1240 3613 1483 3661 stravere
1504 3612 1772 3673 catervas,
2193 3606 2367 3662 Multa
2384 3605 2541 3661 habet
2564 3605 2630 3659 de
2653 3604 2920 3660 desiderio
2943 3620 3068 3658 eum
3089 3603 3332 3671 videndi,
3354 3618 3461 3674 quo
3483 3609 3635 3659 actus
3662 3607 3741 3659 ita

483 3697 637 3752 Hunc
672 3709 841 3766 super
867 3693 1166 3749 indomitos
1200 3695 1503 3751 edomuere
1530 3696 1696 3752 viros.
2121 3700 2346 3752 venerit.

410 3792 571 3848 Ortus
591 3790 659 3846 ab
686 3789 773 3843 his
801 3787 994 3853 atavis,
1021 3794 1077 3843 et
1105 3788 1174 3842 ab
1202 3788 1286 3843 his
1305 3788 1611 3858 majoribus
1641 3789 1775 3853 Odo,
2044 3794 2094 3863 ρ
2120 3786 2208 3843 Sic
2241 3802 2372 3862 ergo
2390 3804 2476 3843 me
2497 3787 2678 3843 ventis
2703 3788 2940 3845 credens
2969 3796 3022 3845 te
3050 3796 3296 3862 prOpter,
3329 3791 3532 3859 amice,

480 3886 782 3960 Contiguus
819 3884 960 3940 cmlo
980 3885 1107 3953 jure
1145 3884 1419 3940 videndus
1445 3892 1580 3941 erat.
2193 3880 2311 3936 Non
2337 3880 2495 3935 timui
2527 3879 2727 3935 dubias
2741 3881 3016 3952 pendulus
3039 3883 3118 3939 ire
3139 3884 3275 3939 vias.

412 3980 521 4036 Sed
553 3980 683 4035 licet
711 3984 765 4033 et
788 3977 1011 4053 generis
1039 3984 1220 4032 cesset
1249 3978 1588 4033 clarissimus
1609 3978 1745 4033 ordo
2122 3968 2186 4023 Εῑ
2210 3967 2341 4039 (ἰυίᾶ
2372 3975 2556 4023 nostra
2588 3968 2686 4022 tibi
2717 3976 2844 4023 sunt
2869 3985 3090 4041 semper
3116 3971 3387 4043 opuscula
3416 3972 3597 4040 cordi,

479 4071 748 4126 Tantuset
778 4070 844 4123 ad
876 4068 1096 4123 laudem
1124 4069 1200 4123 nil
1221 4080 1486 4141 Operetur
1503 4070 1699 4134 honor,

1661 4087 1699 4134 τι,
2194 4057 2303 4112 Nec
2320 4064 2450 4112 sunt
2476 4057 2704 4113 arbitrio
2733 4057 3077 4128 projicienda
3103 4066 3216 4115 tuo.

407 4160 620 4218 Sufﬁcit
645 4158 854 4235 ingenii
885 4158 1252 4230 liquidissima
1289 4175 1429 4213 vena
1457 4158 1734 4230 profundi,
2123 4153 2414 4208 Attulimus
2444 4153 2537 4226 qui
2567 4153 2712 4208 bella
2741 4153 2889 4209 canit
2907 4154 3139 4223 Trojana
3176 4153 3453 4225 libellum,

481 4251 544 4306 Et
566 4251 714 4323 quod
755 4266 816 4305 se
838 4247 1040 4304 infudit
1070 4255 1183 4304 tota
1213 4247 1452 4303 Minerva
1480 4247 1609 4302 sibi.
2191 4243 2362 4308 Quem
2392 4248 2448 4298 tu
2471 4258 2620 4314 saepe
2651 4242 2750 4298 tibi
2774 4260 2862 4298 me
2894 4243 3125 4301 recitare
3155 4236 3358 4302 facis...

407 4340 497 4396 Sic
523 4346 673 4396 certe
702 4338 938 4394 deducta
967 4338 1102 4393 mihi
1130 4353 1232 4393 sua
1259 4337 1504 4393 carmina
1533 4338 1688 4405 tiunt,
2121 4381 2134 4395 .
2215 4380 2227 4393 .
2309 4381 2323 4394 .
2405 4379 2418 4390 .
2500 4379 2512 4392 .
2603 4378 2616 4392 .
2709 4374 2723 4390 .
2803 4377 2817 4392 .
2910 4378 2923 4392 .
3025 4381 3035 4392 .
3119 4380 3129 4392 .
3212 4378 3226 4393 .
3329 4383 3341 4396 .
3423 4382 3437 4395 .
3520 4378 3535 4394 .
3621 4385 3635 4398 .

480 4429 614 4485 Utsi
654 4428 781 4501 quis
823 4427 989 4484 docili
1013 4426 1212 4498 pollice
1236 4426 1325 4481 fila
1346 4427 1543 4494 trahat,
2188 4433 2341 4498 Orat,
2400 4436 2461 4485 ut
2499 4434 2683 4487 recitet
2736 4447 2856 4503 quae
2912 4432 2978 4487 de
3019 4431 3151 4487 bello
3197 4435 3438 4506 Trojano
3494 4442 3727 4495 carmina

407 4521 491 4577 Nil
508 4522 623 4576 illic
639 4521 784 4593 quod
812 4520 980 4577 corda
995 4528 1211 4586 oneret,
1236 4518 1385 4591 quod
1408 4526 1712 4594 praegravet
1732 4535 1942 4585 aurem,
2114 4520 2375 4575 ediderat.

405 4642 1973 4671 —_—~_—_____—...——_————————-——~—III
1978 4664 2554 4671 —~———.————_—._.——.__
2561 4643 3033 4674 m2
3038 4647 3728 4674 ..Ψ-ῃῴ
3360 4672 3394 4674 κ

407 4663 699 4671 ——~_—_

2030 4664 2501 4671 Ἥ

2503 4664 3031 4674 _———_——_—_——
3042 4664 3722 4681 ...μ’-ἠ.ίῄ

1790 4746 1947 4801 ANNO
1987 4756 2198 4801 DOMINI
2245 4757 2343 4802 MC.

1225 4851 2896 5017 WALTERIUS

875 5142 2149 5273 CABILONENSIS
2226 5145 3258 5276 EPISCOPUS.

1298 5405 1900 5495 NOTITIA
1994 5406 2812 5500 HISTORICA.

1429 5529 1625 5600 (Gallia
1649 5532 1962 5586 οΙινὶδιὶιιηα
1990 5546 2149 5598 nova,
2181 5537 2313 5585 tom.
2345 5529 2431 5600 IV,
2466 5548 2522 5602 p.
2555 5533 2707 5604 887.)

1866 5357 2243 5373 ψ

1865 5638 2229 5647 ——-—.—_—

454 5666 770 5773 Wallﬁtills
808 5688 914 5773 seu
935 5678 1243 5773 Qualterius
1279 5696 1335 5741 et
1372 5686 1647 5744 Walterus
1691 5697 1815 5760 post
1844 5694 2009 5750 diuti-
2036 5699 2284 5768 Dsensu
2325 5694 2533 5751 electus
2575 5704 2660 5753 est
2699 5696 3078 5753 Cabilonensis
3104 5699 3415 5773 episcopus
3444 5721 3541 5762 an.
3583 5702 3729 5762 1080.

381 5777 513 5821 num
570 5760 1088 5834 interPontiﬁcium,
1121 5772 1343 5828 tandem
1375 5775 1620 5831 omnium
1654 5780 1796 5837 votis
1825 5790 1879 5839 et
1924 5800 2012 5840 as-
2036 5760 2084 5768 -
2114 5787 2411 5843 Electionis
2442 5789 2706 5858 chartam,
2761 5788 2887 5862 quia
2925 5798 3038 5844 tum
3072 5760 3155 5845 ob.
3177 5760 3731 5867 antiquitatem,
