3938 6206
201 315 328 373 1161
1533 307 1752 366 NOTlTl

1966 305 2202 363 l‘ORlCA.
3382 309 3521 368 1162

201 449 269 505 ob
299 460 542 502 summas
593 441 842 498 Walterii
886 442 1100 512 laudes,
1149 458 1286 516 quas
1339 442 1607 510 continet,
1668 441 1812 496 inter
1839 453 1886 520 Α
1915 438 2071 513 nigni
2121 454 2456 496 consensum
2490 438 2765 494 obtineret
2794 452 2893 511 pro
2948 439 3223 497 electione
3279 439 3523 516 Hugonis

202 538 565 593 instrumenta
614 533 823 588 referre
881 546 1066 604 Opera:
1109 531 1342 603 pretium
1396 531 1674 598 duximus,
1724 529 1814 584 hic
1916 529 2172 587 monachi
2204 530 2260 586 in
2290 529 2586 586 Flaviniaci
2614 529 2899 586 abbatem.

204 627 472 685 nonnulla
501 624 726 681 relaturi
762 640 886 695 qua:
928 624 994 678 ad
1027 639 1275 695 praesens
1306 631 1552 679 nostrum
1591 621 1815 677 institu-
1989 624 2065 679 Ad
2084 622 2457 680 Cisterciensis
2477 623 2690 680 ordinis
2708 621 3087 678 fundationem
3111 623 3525 699 etpropagatio-

203 729 312 777 tum
343 719 581 775 maxime
620 716 934 774 conferunt.
1001 715 1299 772 Electionis
1332 731 1526 771 causas
1566 714 1647 770 sic
1676 712 1818 769 refc-
1920 736 2045 775 nem
2079 719 2375 791 plurimum
2398 717 2660 777 contulit:
2684 717 2966 774 cumenim
2985 717 3040 772 8.
3073 717 3348 774 Robertus
3371 718 3528 776 Moli-

203 820 329 868 runt
369 809 651 867 canonici:
700 829 721 858 ι
768 809 856 864 Est
886 808 1116 880 quippe,
1161 817 1222 863 ut
1262 808 1314 863 in
1356 813 1612 878 promptu
1646 804 1822 860 habe-
1920 824 2172 864 smocum
2189 807 2853 864 suisdiscessissetlocum
2873 805 3228 879 quaesiturus,
3255 807 3529 880 ubiregu-

207 908 316 968 tur,
348 899 613 976 generosi
653 897 960 954 stemmatis
981 897 1237 969 prosapia
1266 904 1444 962 ortus;
1476 894 1676 968 peritia
1708 909 1819 949 non
1921 898 2027 954 lam
2056 900 2109 954 S.
2140 899 2422 955 Benedicti
2453 899 2520 954 ad
2553 907 2828 955 extremos
2852 898 3038 970 apices
3075 897 3373 954 observare
3401 913 3531 970 pos-

202 990 366 1046 mOdO
398 1004 676 1044 sacrarum
717 987 1046 1054 litterarum.
1087 1002 1278 1042 verum
1331 993 1385 1041 ei
1415 983 1817 1040 mundanam!"
1919 1000 2063 1058 sent,
2097 991 2412 1047 Cistercium
2453 990 2676 1046 tandem
2722 989 3077 1058 invenerunt,
3121 988 3217 1045 ubi
3259 997 3314 1045 et
3339 989 3528 1044 sedem

206 1081 473 1138 industria
502 1080 684 1155 legum
713 1077 1009 1135 admodum
1053 1078 1333 1143 οιύάίιυες
1379 1077 1629 1146 ieiuniis.
1669 1073 1818 1148 vigi-
1921 1081 2090 1158 figere
2129 1083 2518 1150 decreverunt,
2551 1089 2605 1138 et
2633 1083 2796 1138 ambo
2840 1081 3064 1138 exordia
3104 1081 3252 1137 illius
3295 1081 3530 1150 ordinis,

202 1171 310 1239 liis,
334 1177 390 1226 et
419 1169 784 1232 orationibus,
813 1175 867 1224 et
895 1168 1110 1224 cunctis
1135 1167 1534 1224 misericordia:
1559 1164 1822 1236 Operibus
1927 1197 1948 1227 ι
1990 1178 2274 1233 voluntate
2324 1177 2568 1234 ραδίιοη,
2612 1177 2884 1249 episcopi,
2929 1183 2987 1232 ει
3035 1190 3309 1232 consensu
3361 1175 3530 1244 illius,

205 1259 526 1334 insignitus;
562 1258 894 1330 probissima
928 1275 1140 1314 morum
1171 1259 1462 1313 honestate
1491 1254 1759 1328 praeclaru

1984 1271 2077 1340 jus
2107 1269 2228 1341 ipse
2258 1270 2413 1326 locus
2460 1276 2577 1326 erat
2613 1268 3012 1325 monasterium
3066 1274 3388 1324 construere
3423 1283 3537 1324 cae-

205 1352 448 1408 omnium
510 1351 771 1408 virtutum
826 1357 999 1406 matre
1049 1351 1386 1407 discretione
1445 1347 1814 1420 pulcherrime
1916 1369 2118 1434 parum
2163 1362 2316 1418 1093.
2365 1386 2390 1410 ι,
2433 1362 2507 1417 Eo
2560 1361 2856 1434 completo,
2911 1360 3184 1417 [ξοβετ-ωε
3250 1357 3535 1417 communi

204 1441 514 1508 Γθάίηιίῐυεν
554 1439 976 1496 Ῐυευιθηιίεδίπιί
1005 1440 1168 1495 etiam
1209 1439 1438 1511 eloquii.
1479 1443 1533 1492 εί
1561 1434 1814 1508 apprime
1918 1450 2163 1506 omnium
2188 1449 2416 1506 fratrum
2441 1457 2568 1506 voto
2615 1451 2670 1506 in
2702 1449 2962 1506 abbatem
2993 1452 3224 1517 electus,
3275 1459 3523 1521 pastora-

205 1535 462 1589 disertus.
496 1532 766 1598 Quantum
797 1547 1020 1605 quoque
1073 1532 1328 1586 humanae
1377 1528 1646 1600 fragilitas
1684 1541 1760 1582 c01

1979 1559 2026 1596 m
2071 1540 2329 1597 baculum
2358 1542 2426 1596 ab
2467 1542 2666 1597 eodem
2712 1542 2998 1614 episcopo,
3029 1541 3336 1597 secundum
3365 1541 3534 1609 illius,

207 1621 432 1678 ditionis
448 1621 710 1686 admittit,
738 1620 890 1676 omni
919 1620 1162 1675 bonitate
1193 1628 1378 1674 manet
1405 1615 1756 1688 conspicuus.
1789 1633 1816 1665 io
1922 1633 2188 1704 temporis
2227 1634 2485 1689 usitatum
2516 1649 2726 1690 morem
2758 1633 2990 1706 accepit.
3014 1633 3123 1688 Sed
3146 1633 3280 1688 illud
3305 1649 3417 1688 non
3445 1633 3540 1689 diu

208 1716 410 1772 Eodem
440 1729 586 1770 anno
627 1712 877 1768 interfuit
907 1712 1120 1784 synodo
1150 1712 1437 1778 Meldensi,
1494 1717 1549 1766 et
1580 1709 1763 1766 subscr

1987 1726 2100 1780 :ssit
2127 1725 2212 1780 vir
2240 1733 2486 1792 sanctus,
2522 1725 2902 1782 Molismenses
2954 1726 3100 1780 enim
3143 1726 3312 1797 patris
3339 1727 3542 1782 absen-

208 1805 315 1877 Ρείι
340 1804 558 1871 litteris»
592 1802 796 1876 (ιυὶὺιιε
845 1801 1137 1857 (ἶθυῖτίάυδ
1191 1800 1527 1856 Mauritania?
1558 1816 1744 1857 Comes
1773 1805 1828 1854 θι
1852 1775 1903 1844 Β
1925 1775 2055 1868 iiam
2078 1830 2222 1886 aegre
2256 1775 2515 1878 ferentes,
2547 1829 2670 1868 eum
2704 1814 2811 1869 sibi
2865 1813 3085 1869 restitui
3131 1775 3544 1871 irnstantissimis

207 1897 326 1968 ejus
353 1909 492 1950 uxor
538 1890 754 1948 Beatrix
782 1890 1033 1946 ecclesiae
1079 1891 1132 1946 8.
1170 1889 1412 1962 Dionysii
1459 1890 1529 1944 de
1561 1889 1827 1964 Nogiomo
1929 1903 2186 1974 precibus
2229 1902 2298 1956 ab
2348 1903 2567 1958 Urbano
2624 1919 2766 1974 papa
2797 1903 3166 1974 postularunt,
3219 1919 3453 1975 quarum
3487 1905 3544 1958 in

211 1989 418 2045 donum
463 1986 921 2044 Cluniacensibus
973 2003 1004 2041 a
1049 2001 1108 2042 se
1155 1983 1358 2040 factum
1409 1981 1826 2039 confirmavere.
1931 1991 2161 2067 gratiam
2206 1990 2418 2066 [ingeni
2465 1989 2821 2063 Lugdunensi
2861 1977 3293 2062 ἐπιοιιίρρῑεοορο
3344 1998 3400 2048 ει
3436 1991 3548 2047 no-

211 2083 365 2136 Anno
399 2079 556 2146 1081,
589 2081 703 2135 Α...
747 2077 1128 2154 Augustodun.
1172 2077 1281 2132 R...
1319 2076 1549 2150 Lingon.
1593 2074 1697 2129 G...
1734 2072 1832 2127 Ca-
1934 2096 2112 2135 mana
2141 2079 2291 2135 sedis
2317 2079 2498 2152 legato
2530 2078 2882 2149 gravissimas
2912 2077 3122 2133 litteras
3148 2079 3372 2150 scripsit
3403 2094 3546 2150 pon-

214 2170 388 2225 bilon.
424 2169 530 2225 L...
559 2168 925 2233 Matiscensis,
971 2166 1220 2222 scribunt
1249 2165 1506 2221 omnibus
1534 2161 1831 2235 provinciae
1935 2171 2087 2235 mox,
2120 2171 2170 2227 vi
2204 2187 2432 2243 quarum
2465 2170 2654 2226 habito
2683 2170 2830 2240 apud
2877 2170 3091 2225 peti-am
3143 2169 3374 2225 scissam
3402 2187 3546 2226 con-

215 2259 556 2314 Turonensis
582 2257 880 2329 episcopis,
913 2255 1222 2322 abbatibus,
1255 2262 1384 2320 etc.,
1435 2253 1666 2319 litteras,
1709 2250 1832 2322 qui-
1933 2261 2088 2329 ciiio,
2147 2260 2235 2316 cui
2295 2260 2583 2315 Guaitems
2626 2260 2836 2325 ademi,
2885 2259 3184 2316 Roberium
3240 2260 3545 2317 Moiismum

218 2352 322 2407 bus
351 2351 797 2426 Andegavensem
827 2349 1107 2416 comitem,
1143 2355 1197 2403 et
1225 2347 1568 2418 episcOpum,
1611 2361 1676 2399 ac
1704 2360 1773 2398 m<

2000 2355 2326 2411 mittendum
2369 2369 2491 2410 esse
2540 2354 2792 2409 unanimi
2849 2369 3126 2410 consensu
3155 2355 3440 2411 decretum
3472 2363 3555 2410 est

219 2444 426 2499 nachos
455 2441 674 2512 Majoris
728 2440 1068 2508 Monasterii,
1125 2439 1474 2514 Lugdunum,
1507 2436 1563 2490 in
1607 2436 1700 2505 jus
1735 2451 1774 2489 vi

1996 2447 2274 2516 ιηο1099,
2316 2448 2391 2504 ita
2419 2456 2602 2503 tamen
2647 2473 2669 2495 -
2709 2457 2767 2503 ut
2798 2448 3120 2521 priusquam
3175 2448 3304 2505 illuc
3341 2448 3551 2504 rediret

218 2540 376 2601 cant;
405 2533 450 2589 si
489 2532 716 2589 obedire
747 2531 1051 2598 tenuerint,
1085 2530 1407 2602 episcopum
1439 2528 1508 2584 ab
1533 2525 1836 2598 episcopali
1938 2536 2234 2604 Robertus,
2259 2536 2577 2592 Cabilonem
2607 2536 2861 2604 veniens,
2885 2534 2941 2590 in
2963 2552 3131 2592 manu
3162 2535 3435 2608 episcopi,
3460 2536 3548 2592 cui

220 2642 276 2691 et
331 2632 659 2689 sacerdotali
713 2630 895 2688 officio
936 2629 1307 2703 suspendunt,
1349 2627 1644 2684 Fulconem
1704 2640 1836 2680 vero
1936 2627 2240 2684 secundum
2274 2626 2734 2684 consuetudinem
2764 2633 3086 2686 caeterorum
3127 2627 3387 2683 abbatum
3422 2644 3553 2701 pro-

223 2721 484 2779 comitem
519 2737 643 2778 cum
685 2719 992 2799 monachis,
1019 2718 1342 2775 auctoritate
1373 2717 1430 2772 Β.
1471 2715 1637 2783 Petri,
1671 2723 1836 2786 atque
1937 2716 2234 2772 fessionem
2297 2714 2522 2782 fecerat,
2550 2714 2970 2785 absolutionem
3015 2715 3316 2787 acciperet,
3341 2716 3549 2790 virgam

226 2811 282 2865 S.
317 2810 562 2883 Hugonis
589 2809 835 2880 primatis
859 2815 913 2864 et
942 2809 1199 2863 Romanae
1228 2805 1483 2862 Ecclesiae
1517 2803 1704 2878 legati,
1738 2819 1839 2858 ex-
1944 2819 1998 2865 et
2027 2825 2214 2864 curam
2248 2807 2483 2863 abbatiae
2513 2807 2771 2864 redderet
2796 2818 2851 2862 et
2878 2808 3010 2864 Novi
3042 2807 3358 2866 Monasterii
3395 2830 3416 2859 ι
3452 2808 3554 2880 (sic

225 2899 661 2966 communicant,
693 2914 782 2952 an.
824 2896 979 2953 1081.
1020 2897 1166 2951 Hanc
1197 2896 1438 2951 chartam
1483 2893 1702 2965 scripsit
1749 2908 1839 2946 an.
1944 2901 2120 2972 primo
2144 2906 2520 2970 nuncupatum
2550 2897 2889 2968 Cistercium)
2926 2920 2944 2945 .
2982 2897 3282 2953 monachos
3323 2896 3393 2951 ab
3417 2896 3558 2953 οδε-

234 2989 392 3058 1087,
418 2989 565 3061 apud
595 2989 924 3044 Perardum:
970 3010 994 3036 ι
1035 2989 1146 3062 Ego
1174 2987 1471 3043 Walterius
1500 2991 1701 3041 sancta?
1737 2982 1840 3038 Ca-
1945 2992 2154 3047 dientia
2183 2989 2288 3046 sibi
2312 2989 2498 3045 debita
2527 2989 2841 3044 absolveret
2883 3009 2908 3039 ι
2957 2987 3087 3052 Quae
3108 2988 3295 3044 omnia
3325 3004 3554 3045 exsecu-

231 3081 542 3136 bilonensis
596 3077 852 3135 Ecclesiae
904 3077 1126 3133 humilis
1179 3077 1496 3148 episcopus,
1553 3073 1841 3130 ecclesiam
1877 3083 2084 3168 niioni
2115 3082 2372 3138 mandata
2429 3090 2581 3147 sum,
2624 3080 2734 3136 imo
2789 3087 2843 3136 οι
2874 3079 3156 3136 Aibericus
3194 3080 3249 3135 in
3303 3080 3555 3136 abbatem

231 3175 288 3230 S.
346 3172 528 3227 Maria:
583 3171 640 3226 in
689 3169 960 3227 suburbio
1002 3169 1348 3225 Cabilonensi
1401 3169 1559 3223 silam
1600 3164 1850 3238 (Περοευὶ
1874 3151 1924 3216 CI
1947 3173 2275 3228 benedictus
2314 3170 2435 3237 fuit,
2464 3181 2525 3226 ut
2552 3176 2700 3242 patet
2729 3186 2795 3225 ex
2823 3169 3022 3225 litteris
3059 3169 3316 3224 Gualterii
3349 3169 3418 3224 ad
3449 3169 3554 3225 Ro-

235 3263 558 3332 reformare,
612 3271 668 3319 et
703 3279 825 3319 eam
865 3271 1054 3317 sancto
1110 3261 1356 3336 Benigno
1413 3258 1733 3316 Divionensi
1788 3274 1850 3314 ac
1948 3267 2167 3322 berium
2197 3266 2599 3339 Lingonensem
2622 3264 2936 3336 pmsulem,
2965 3264 3073 3319 Sed
3104 3271 3160 3320 et
3187 3264 3400 3335 primus
3431 3278 3562 3318 con-

233 3353 519 3410 Jarentoni
551 3351 738 3406 abbati
770 3350 943 3406 reddo
960 3358 1015 3406 et
1042 3350 1309 3416 concedo,
1333 3365 1460 3404 cum
1491 3347 1753 3404 omnibus
1783 3348 1849 3401 ad
1952 3357 2278 3412 ﬁrmaiionis
2323 3355 2564 3412 Cistercii
2640 3355 2989 3428 privilegium
3031 3356 3100 3410 ab
3157 3355 3400 3411 Ecclesia
3457 3355 3566 3410 Ro-

237 3458 359 3498 cam
393 3440 820 3513 Peri-mentibus:
845 3440 968 3510 iure
1001 3447 1272 3511 Perpetuo
1303 3437 1717 3509 Ροδδίάεηάδῐηο
1750 3436 1852 3490 δαὶ)
1954 3464 2116 3503 mana
2143 3447 2444 3518 postulavit
2472 3446 2789 3502 hisvcrbis:
2839 3467 2864 3498 α
2902 3446 3214 3501 Venerabili
3239 3446 3381 3501 Patri
3411 3461 3568 3518 papae

238 3534 551 3592 reverentia
608 3542 664 3588 et
701 3533 908 3588 honore
966 3530 1344 3586 Cabilonensis
1392 3529 1644 3585 Ecclesia:
1692 3534 1856 3599 atque
1957 3536 2232 3602 Pasciiaii,
2273 3536 2564 3591 Gualierus
2582 3534 2829 3589 Cabilon,
2862 3534 3118 3590 Ecclesiae
3139 3535 3570 3606 ορίεοορυειεε-

239 3641 621 3683 successorum
653 3640 920 3680 meorum.
953 3623 1006 3678 8.
1052 3621 1307 3677 Gausleni
1343 3621 1563 3688 decani,
1604 3618 1856 3675 Landrici
1957 3627 2127 3681 lutem
2167 3632 2222 3680 et
2251 3624 2492 3680 debitam
2534 3623 3005 3691 subjectionem...
3047 3623 3384 3694 Simpliciter
3429 3625 3573 3695 peti-

245 3715 526 3789 praepositi
581 3721 746 3786 atque
826 3712 1226 3778 archidiaconi,
1301 3709 1520 3766 Rodulfi
1567 3711 1855 3764 thesaura-
1960 3733 2104 3782 mus,
2139 3723 2408 3788 quatenus
2459 3713 2609 3785 quod
2642 3713 2843 3768 factum
2898 3715 3076 3769 estde
3130 3714 3393 3770 fratribus
3440 3715 3570 3781 illis,

246 3807 337 3875 rii,
376 3826 406 3857 θ
439 3812 543 3860 etc.
577 3803 706 3861 Cum
762 3800 1116 3877 Lugdunensi
1157 3800 1574 3871 archiepiscOpo
1605 3796 1795 3854 nomin

2014 3809 2055 3864 1i
2089 3807 2341 3864 arctioris
2369 3806 2496 3863 vitae
2527 3805 2822 3872 desiderio,
2863 3821 2896 3860 a
2931 3806 3270 3863 Molismensi
3304 3806 3569 3874 Ecclesia,

249 3906 339 3956 tur
395 3897 602 3953 arbiter
677 3895 890 3951 dissidii
955 3895 1100 3950 inter
1174 3891 1472 3949 canonicos
1533 3889 1864 3947 cathedralis
1963 3915 2276 3956 sauciorum
2333 3899 2577 3955 vii-orum
2629 3897 2863 3953 consilio
2929 3906 3296 3964 recesserunt,
3338 3914 3479 3971 quos
3518 3899 3575 3954 in

249 3995 307 4049 8.
352 3992 645 4059 Vincentii,
675 3999 734 4058 et
782 3991 1064 4065 regulares
1121 3990 1175 4044 S.
1220 3988 1366 4044 Petri
1418 3985 1803 4043 Matisconensi

2021 4000 2152 4049 κείω
2182 3992 2504 4064 episcopatu
2535 3990 2721 4047 divina
2751 3991 2927 4062 pietas
2964 3991 3276 4059 collocavit,
3304 4008 3335 4046 a
3373 3992 3576 4064 quibus

250 4098 352 4156 1)Γο
384 4083 511 4152 iure
541 4080 860 4153 sepuuum-
911 4078 1098 4134 “ore”
1137 4079 1303 4149 ΡΟΠὙ
1346 4093 1491 4133 ειηηο
1537 4075 1676 4131 ’1093
1721 4075 1863 4143 eius:
1965 4085 2272 4143 transmissi
2315 4083 2668 4156 praesentium
2709 4082 3013 4139 litterarum
3043 4083 3214 4153 bajuli
3245 4083 3402 4139 vobis
3445 4101 3580 4156 prte-

252 4173 528 4245 Aquensis
551 4171 979 4244 archiepiscopi,
1009 4180 1064 4226 et
1095 4169 1584 4242 GratianOpolitani
1616 4167 1807 4240 praesul

2025 4185 2157 4234 :ntes
2185 4177 2404 4243 adsunt,
2433 4192 2530 4232 vos
2551 4175 2885 4248 approbare,
2915 4176 3220 4231 etutlocus
3241 4176 3332 4232 ille
3361 4177 3580 4232 abbatia

255 4284 450 4341 opera,
504 4267 948 4341 Magalonenscm
990 4266 1314 4339 episcopum
1368 4274 1424 4320 el
1476 4263 1733 4320 corniicm
1803 4261 1870 4316 ad
1973 4271 2150 4326 libera
2180 4269 2235 4324 in
2268 4275 2594 4340 perpetuum
2624 4275 2967 4341 permaneat,
2995 4268 3144 4323 salva
3163 4277 3348 4324 tamen
3381 4276 3581 4324 nostra?

259 4359 617 4417 concordiam
680 4359 846 4415 fuisse
916 4363 1217 4415 revoCatos.
1263 4359 1420 4414 Anno
1463 4357 1598 4413 1094
1637 4355 1872 4412 concilio
1974 4377 2230 4436 per-some
2271 4376 2766 4433 succcssorumque
2831 4369 3143 4417 nostrorum
3185 4361 3453 4417 canonica
3504 4375 3586 4415 re.

263 4451 505 4509 Eduensi
534 4449 802 4518 interfuit,
834 4450 891 4504 in
929 4466 1040 4522 quo
1088 4450 1160 4506 ob
1195 4449 1506 4505 Berlradam
1536 4465 1566 4504 ει
1624 4463 1875 4504 commu-
1898 4452 2224 4547 Dverentia
2271 4451 2611 4508 auctoritatis
2661 4461 2858 4509 vestrae
2893 4451 3186 4526 privilegio
3223 4452 3585 4508 corroborare

263 4545 434 4602 nione
486 4541 750 4614 praecisus
778 4539 880 4597 fuit
929 4557 1022 4596 rex
1055 4540 1383 4596 Francorum
1415 4537 1721 4610 Philippus.
1779 4536 1946 4592 60-”
1978 4547 2315 4621 dignemini;
2349 4547 2445 4602 sed
2485 4554 2540 4603 et
2577 4547 2770 4613 abbas,
2812 4563 2975 4620 quem
3026 4547 3083 4602 in
3111 4547 3308 4603 eodem
3341 4548 3464 4604 ιοοο
3493 4561 3588 4603 ον..

263 4639 517 4697 defridus
549 4638 621 4693 de
656 4637 942 4712 Vergiaco,
993 4636 1251 4694 dominus
1299 4634 1554 4692 Donziaci
1595 4633 1650 4689 in
1680 4640 1879 4689 terram
1980 4639 2314 4706 dinavimus,
2348 4645 2402 4693 et
2428 4637 2609 4693 centeri
2640 4637 2836 4693 fratres
2873 4637 3002 4693 totis
3043 4637 3252 4694 viribus
3283 4638 3427 4695 hanc
3450 4653 3590 4695 con-

266 4740 514 4789 sanctam
559 4747 683 4786 cum
746 4728 1041 4786 Godefrido
1104 4727 1442 4785 Bullionensi
1505 4724 1872 4798 profecturus,
1983 4727 2350 4785 ﬁrmationem
2402 4726 2458 4781 in
2486 4742 2598 4782 sua:
2654 4725 2861 4799 quietis
2891 4726 3115 4782 tutelam
3155 4744 3185 4784 a
3220 4734 3400 4786 vestra
3432 4726 3593 4802 ﬂagi-

269 4843 396 4884 cum
446 4824 684 4896 pecunia
727 4823 1022 4897 indigeret,
1057 4838 1161 4878 nec
1190 4821 1258 4878 ab
1317 4821 1588 4878 avunculo
1624 4819 1878 4876 obtinere
1978 4825 2096 4876 tant
2124 4817 2350 4890 pietate.
2389 4837 2420 4868 ι

271 4926 482 4992 posset,
535 4917 656 4988 ipso
707 4915 1038 4983 mediatore,
1068 4921 1277 4986 partem
1323 4915 1560 4971 mediam
1591 4913 1882 4970 comitatus
2053 4911 2208 4965 Anno
2239 4909 2398 4977 1100,
2431 4907 2690 4964 invitatus
2719 4908 2788 4964 ad
2827 4909 3100 4981 synodum
3149 4907 3594 4964 Valentinensem

273 5010 675 5079 Cabilonensis,
707 5025 872 5083 quam
925 5007 1266 5080 possidebat,
1321 5007 1574 5064 vendidit
1618 5004 1879 5062 Walterio
1986 5005 2163 5078 inqua
2201 5019 2364 5059 causa
2394 5000 2670 5075 Norgaudi
2703 5000 2973 5057 Eduensis
3010 5001 3257 5072 episcopi
3299 4999 3595 5057 multorum

271 5102 539 5174 episcopo
563 5107 618 5157 et
647 5100 910 5172 capitula,
937 5113 1172 5172 quorum
1202 5097 1350 5154 bona
1380 5105 1509 5154 tunc
1538 5103 1695 5153 erant
1722 5112 1882 5152 Com-
1987 5101 2283 5160 criminum
2315 5097 2562 5154 accusati
2610 5098 2974 5154 examinanda
3002 5105 3140 5167 erat,
3178 5098 3374 5154 adesse
3400 5095 3597 5163 noluit,

273 5191 486 5258 munia,
529 5189 706 5262 pretio
744 5196 972 5246 centum
1039 5188 1324 5244 unciarum
1375 5187 1491 5242 auri
1533 5186 1680 5258 puri,
1731 5185 1890 5255 cuius
1991 5188 2320 5264 prohibitus,
2354 5195 2416 5244 ut
2462 5187 2770 5254 dicebatur,
2823 5203 2854 5242 a
2893 5187 3317 5260 metropolitano
3353 5201 3455 5242 suo
3492 5185 3599 5242 llu-

276 5289 569 5342 maximam
625 5293 836 5357 partem
882 5302 948 5341 ex
1015 5283 1171 5340 altari
1224 5283 1279 5338 S.
1323 5282 1594 5339 Vincentii
1647 5281 1891 5338 abstule-
1991 5298 2136 5357 gone
2168 5279 2542 5353 Lugdunensi.
2576 5279 2650 5334 Re
2693 5279 2760 5335 ad
2803 5278 3146 5335 Pictaviense
3175 5277 3470 5334 concilium
3512 5293 3604 5333 re-

279 5383 421 5433 rant.
478 5375 728 5432 Chartam
785 5376 929 5432 inter
986 5374 1353 5430 instrumenta
1403 5372 1712 5428 retulimus.
1762 5372 1894 5428 Data
1993 5372 2184 5438 missa,
2216 5369 2568 5442 Norgaudum
2601 5367 2670 5422 ad
2700 5367 2836 5423 illud
2878 5367 3272 5424 accendentem
3314 5365 3605 5423 comitatus

276 5473 496 5529 videtur
541 5489 633 5527 an.
719 5471 869 5528 t096.
934 5469 1185 5526 Interfuit
1255 5468 1589 5524 dedicationi
1645 5467 1893 5524 ecclesiae
1996 5469 2100 5531 est,
2131 5463 2332 5518 missus
2369 5459 2781 5533 aLugdunensi
2813 5459 3258 5533 archiepiscopo,
3285 5465 3343 5514 ut
3367 5455 3606 5513 accusati

279 5563 336 5618 8.
368 5561 637 5633 Stephani
695 5559 1057 5616 Nivernensis
1101 5575 1192 5613 an.
1225 5557 1364 5615 1097
1404 5565 1457 5612 et
1489 5556 1737 5613 unctioni
1797 5557 1895 5612 Be-
1998 5561 2187 5628 partes
2216 5560 2478 5620 tueretur,
2511 5551 2610 5607 sed
2642 5551 2841 5608 frustra
2890 5551 3068 5618 fuere,
3102 5567 3206 5608 nec
3232 5551 3353 5619 ejus
3382 5548 3610 5602 damna-

278 5651 426 5707 rardi
449 5649 825 5705 archidiaconi
863 5645 1248 5722 Lugdunensis
1278 5645 1336 5700 in
1368 5644 1690 5716 episc0pum
1713 5643 1898 5700 Matis-
1999 5647 2208 5702 tionem
2240 5644 2513 5716 impedire
2563 5650 2881 5715 potuerunt.
2931 5643 3134 5699 Eodem
3190 5655 3333 5696 anno
3381 5639 3612 5693 Ansanaa

281 5762 608 5812 conensem,
651 5760 716 5802 ac
743 5743 945 5800 missus
991 5749 1075 5800 est
1104 5747 1164 5798 ut
1207 5740 1520 5797 Jarentonis
1551 5740 1680 5798 abb.
1711 5739 1766 5795 8.
1796 5740 1898 5793 Be-
2005 5733 2220 5807 synodo
2245 5733 2513 5790 interfuit.
2552 5734 2624 5789 Eo
2666 5743 2935 5804 prasente
2983 5750 3107 5787 cum
3142 5733 3364 5802 Hugone
3399 5726 3615 5801 Lugdm

623 5855 922 5918 PATROL.
982 5850 1180 5916 CLX.
3129 5835 3204 5896 37
