3938 6206
384 292 521 350 1163
1455 271 1753 329 WALTERI
1797 262 2012 323 CABILC

2118 255 2261 314 NSlS
2302 250 2614 308 EPISCOPI.
3571 243 3723 300 1164

382 411 540 468 nensi
575 424 720 464 anno
775 404 912 461 1103
954 404 1102 459 idem
1152 397 1476 473 Norgaudus
1518 397 1723 451 domno
1774 391 1985 467 Hugoni
2013 392 2066 458 Α
2095 381 2408 473 Stephanus
2437 376 2646 449 fabbas:
2688 372 2985 473 lli/alterius
3034 371 3382 427 direcesanus
3414 369 3722 442 episcopus

384 498 622 557 Cluniaci
679 496 862 551 abbati
914 508 1011 564 pro
1064 463 1398 546 monasterio
1449 488 1505 541 B.
1540 463 1885 557 Magdalenae
1919 481 1988 535 de
2092 472 2308 530 consilii
2358 469 2636 533 conscius,
2664 466 2826 521 simul
2857 480 2978 520 cum
3008 479 3075 519 co
3101 463 3386 518 diceeesim
3415 479 3571 517 suam
3597 478 3725 533 per-

381 555 671 657 Quadrella
718 555 1062 641 conﬁrmavit
1100 579 1346 651 ejusdem
1399 576 1524 650 pagi
1571 555 1855 636 ecclesias,
1919 571 1989 625 de
2093 565 2372 631 lustravit;
2426 559 2665 619 occurrit
2697 558 2983 615 silvaticus
3014 557 3171 614 locus
3198 557 3265 611 ad
3315 557 3551 612 Cronam
3603 555 3720 610 ilu-

381 647 584 754 quibus
631 674 961 733 Leotbaldus
1000 647 1326 744 Digo'nensis
1370 647 1519 722 litem
1563 662 1838 719 movebat.
1886 662 1985 716 An.
2090 659 2263 727 vium,
2305 657 2493 729 ibique
2525 668 2671 710 anno
2713 649 2851 708 1113
2898 649 3161 705 fundatur
3188 648 3531 716 ccenobium,
3565 647 3723 717 ejus-

383 741 519 832 1⁵107
549 771 756 842 scripto
804 741 1103 836 diplomate
1155 759 1430 836 signiﬁcat
1481 757 1766 830 Hugonem
1811 760 1865 808 et
1894 752 1992 808 Sa-
2092 768 2202 825 que
2231 750 2465 806 ecclesia
2492 749 2545 803 in
2577 748 2844 803 honorem
2866 744 2962 799 Dei
2993 743 3279 815 genitricis
3309 742 3489 798 Mariae
3520 759 3551 797 a
3581 741 3718 796 Gal-

383 834 699 930 ticherium,
726 876 789 917 ac
819 834 1104 913 Airardum
1135 834 1327 909 fratres
1357 852 1424 905 de
1456 848 1714 915 Marchia,
1758 846 1991 918 plurima
2092 842 2258 910 terio,
2300 839 2671 913 prmsentibus
2726 837 3035 893 Joceranno
3093 834 3325 910 Lingon.
3368 834 3631 906 praesule,
3663 839 3723 887 et

383 961 530 1035 apud
582 925 848 1021 Aluaiam,
917 954 971 1008 S.
1018 948 1255 1005 Marcelli
1300 946 1560 1003 coenobio
1627 943 1985 999 concessisse.
2094 934 2400 990 Gauderico
2451 947 2516 987 ac
2568 928 2861 986 Guillelmo
2919 925 3242 992 comitibus,
3300 925 3592 981 dedicatur
3648 940 3724 978 xv

384 1016 747 1105 ﬁiibscribunt
796 1016 1080 1099 Jothaldus
1129 1038 1392 1096 decanus.
1437 1034 1824 1087 Gaucerannus
1862 1046 1991 1085 can-
2096 1024 2366 1080 Kalendas
2402 1023 2614 1079 lunias.
2648 1021 2798 1077 Novo
2822 1018 3081 1075 ccenobio
3113 1017 3348 1072 inditum
3388 1022 3473 1072 est
3506 1016 3715 1071 Firmi—

386 1147 491 1205 tor,
523 1144 628 1192 etc.
663 1131 866 1187 Eodem
905 1143 1050 1183 anno
1090 1125 1405 1182 nominatur
1456 1122 1661 1177 arbiter
1685 1136 1805 1175 cum
1846 1119 1993 1191 Lug-
2094 1119 2219 1175 tatis
2249 1134 2475 1183 nomen,
2505 1115 2653 1188 quod
2677 1125 2810 1173 tunc
2841 1112 3076 1184 primum
3109 1110 3383 1167 ﬁrmatum
3424 1117 3509 1166 est
3547 1110 3727 1166 stabi-

386 1198 621 1282 dunensi
669 1217 1091 1289 metropolitano
1151 1213 1365 1269 dissidii
1415 1212 1559 1267 inter
1609 1209 1906 1265 canonicos
1935 1208 1989 1261 S.
2096 1206 2247 1262 litum
2288 1221 2412 1262 esse
2439 1205 2673 1275 cmperit
2703 1200 3068 1257 Cisterciense
3100 1199 3432 1255 institutum.
3466 1198 3721 1254 Chartam

386 1309 682 1372 Vincentii.
732 1318 787 1366 et
850 1287 1183 1365 cathedralis
1240 1306 1298 1359 1).
1356 1304 1499 1359 Petri
1558 1299 1991 1357 Matisconensis.
2096 1295 2240 1350 hanc
2269 1294 2324 1349 in
2356 1294 2587 1367 gratiam
2622 1292 2675 1346 S.
2719 1288 2960 1345 Marcelli
2991 1288 3216 1360 scripsit
3244 1303 3392 1343 anno
3423 1287 3720 1359 sequenti:

384 1408 538 1461 Anno
593 1395 889 1458 l)6minica:
926 1397 1203 1456 Incarnat.
1239 1394 1369 1449 1111
1421 1391 1713 1447 Walterius
1747 1389 1991 1444 Cabilon.
2104 1407 2128 1438 α
2169 1386 2280 1458 Ego
2310 1386 2403 1441 Dei
2448 1384 2621 1459 gratia
2646 1380 2950 1438 Walterius
2981 1379 3226 1436 Cabilon.
3260 1379 3559 1450 episcOpus
3591 1394 3724 1450 pec-

384 1494 681 1565 episcOpus
724 1497 779 1543 et
807 1488 1031 1543 Jarcnto
1072 1480 1420 1539 Divionensis
1476 1480 1648 1533 abbas
1676 1478 1994 1533 societatem
2096 1482 2341 1529 calorum
2374 1487 2625 1527 meorum
2656 1469 2872 1525 veniam
2914 1475 2968 1523 et
2996 1467 3199 1524 divinae
3241 1466 3463 1539 pietatis
3494 1466 3724 1521 miseri-

383 1585 464 1639 sic
495 1562 640 1637 inter
688 1596 748 1634 se
778 1578 1041 1635 inierunt.
1082 1595 1103 1624 ι
1138 1579 1197 1628 ut
1234 1587 1359 1626 cum
1399 1568 1582 1625 brevis
1630 1568 1699 1623 de
1726 1565 1994 1622 canonico
2096 1569 2338 1625 cordiam
2373 1567 2725 1635 desiderans,
2772 1563 3022 1621 concedo
3077 1564 3355 1619 Deo.......
3409 1562 3479 1617 ad
3539 1562 3722 1617 locum

386 1672 738 1732 Cabilonensi
780 1668 997 1726 venerit
1027 1665 1337 1732 Divionem,
1369 1662 1457 1718 vel
1487 1662 1563 1716 de
1590 1660 1861 1716 monacho
1893 1657 1990 1712 Di-
2024 1714 2069 1732 ῃ
2095 1662 2148 1717 S,
2197 1661 2433 1717 Marcelli
2476 1660 2725 1716 Cabilon.
2758 1658 3051 1715 ecclesiam
3079 1657 3147 1713 de
3204 1657 3403 1724 Boens,
3439 1672 3565 1713 cum
3590 1672 3723 1712 om-

382 1766 634 1826 vionensi
671 1762 884 1819 venerit
914 1760 1257 1824 Cabilonum,
1290 1755 1472 1811 statim
1500 1768 1599 1825 pro
1632 1767 1699 1808 eo
1732 1749 1826 1805 ﬁat
1864 1750 1990 1821 ple-
2022 1746 2073 1782 υ
2097 1754 2259 1809 nibus
2296 1753 2365 1808 ad
2397 1769 2517 1808 eam
2551 1750 3081 1825 pertinentibus.....
3104 1749 3326 1805 Factum
3348 1756 3434 1805 est
3463 1749 3521 1802 in
3555 1746 3722 1803 Cabi-

385 1863 596 1943 qarium
614 1857 856 1915 ofﬁcium
882 1850 1368 1917 mortuorum,hoc
1394 1854 1476 1903 est
1502 1845 1690 1918 vigilia
1716 1850 1769 1899 et
1800 1844 1991 1911 missa,
2094 1843 2314 1900 lonensi
2343 1842 2561 1899 civitate
2595 1842 2651 1897 in
2690 1841 2933 1913 capitulo
2987 1840 3404 1906 canonicorum,
3447 1855 3546 1893 vm
3605 1838 3721 1894 Kal.

386 1930 440 2007 et
488 1967 555 2006 eo
604 1948 697 2003 die
747 1946 946 2000 habeat
1005 1939 1430 2013 praebendam...
1463 1937 1581 1991 Fiat
1627 1934 1890 2006 (insuper)
1936 1932 1992 1987 in
2096 1935 2313 1993 Octobr.
2344 1951 2490 1991 anno
2540 1935 2609 1989 ab
2643 1934 2916 1989 Incarnat.
2978 1933 3137 1997 HM,
3175 1953 3197 1983 ι
3233 1930 3456 2004 Synodo
3482 1930 3725 1986 Trenor—

384 2045 730 2104 hebdomada
756 2050 882 2115 post
910 2039 1251 2097 Dominieam
1305 2036 1505 2092 mediae
1545 2032 1993 2107 Quadragesimze
2095 2028 2335 2095 cbiensi,
2373 2026 2623 2083 interfuit
2672 2026 2831 2082 1115.
2880 2023 3164 2081 Concessit
3218 2023 3505 2082 canonicis
3534 2023 3724 2079 Sancti

384 2137 531 2211 apud
585 2142 849 2206 utrosque
892 2145 991 2202 pro
1040 2128 1292 2198 utrisque
1321 2123 1581 2198 generale
1639 2120 1883 2179 ofﬁcium
1943 2129 1998 2175 et
2097 2122 2361 2194 Stephani
2398 2120 2769 2187 Divionensis,
2819 2134 2967 2176 anno
3030 2119 3185 2185 1117,
3239 2126 3301 2173 ιιι
3364 2117 3609 2174 afﬁrmat
3658 2118 3720 2173 D.

387 2205 573 2289 missa.
609 2205 891 2286 Concessit
942 2228 1207 2296 praeterea
1245 2220 1506 2294 praefatus
1562 2217 1649 2274 W.
1703 2217 1999 2288 episcopus
2099 2208 2238 2278 Fiot,
2268 2209 2559 2264 ecclesiam
2592 2207 2646 2262 S.
2678 2206 2917 2274 Martini,
2950 2222 3075 2278 quae
3118 2206 3226 2261 sita
3255 2214 3340 2261 est
3377 2205 3433 2260 in
3478 2206 3603 2262 loco
3630 2206 3721 2278 qui

388 2320 641 2379 abbati].
677 2326 732 2374 et
760 2293 1018 2373 omnibus
1042 2293 1455 2369 successoribus
1483 2310 1605 2378 ejus
1632 2324 1797 2363 unam
1831 2322 2001 2363 cano-
2098 2297 2263 2373 vulgo
2294 2298 2474 2353 Arcus
2529 2302 2898 2367 nuncupatur.
2949 2293 3138 2351 Refert
3176 2300 3232 2351 et
3288 2293 3559 2349 Perardus
3601 2293 3726 2363 ejus

387 2413 623 2472 nicalem
652 2406 1006 2482 praebendam
1034 2405 1304 2477 integram
1334 2405 1389 2455 et
1417 2398 1773 2455 cottidianam
1810 2396 1865 2451 in
1912 2412 1999 2451 ec-
2098 2388 2364 2454 chartam,
2404 2386 2502 2441 sed
2533 2384 2682 2441 nulla
2720 2383 2987 2456 temporis
3030 2389 3161 2440 nota
3210 2382 3558 2457 insignitam,
3611 2398 3725 2454 qua

389 2505 558 2562 clesia
586 2503 643 2558 S.
666 2497 963 2563 Vincentii,
992 2472 1182 2567 quam"
1200 2491 1345 2547 idem
1373 2487 1546 2544 abbas
1571 2484 1846 2543 concessit
1875 2500 1997 2540 mo-
2097 2478 2296 2534 iisdem
2327 2476 2611 2534 canonicis
2638 2474 2931 2533 ecclesiam
2981 2474 3050 2529 de
3091 2472 3370 2542 Bassiaco,
3409 2489 3585 2545 quam
3611 2473 3725 2542 jam

387 2595 565 2653 nacho
603 2587 924 2647 Divionensi
951 2561 1123 2656 apud
1153 2582 1206 2635 S.
1238 2579 1461 2634 Mariam
1511 2575 1911 2643 commanenti;
1943 2580 1999 2630 et
2097 2565 2365 2622 dederant
2392 2565 2635 2622 .tcardus
2673 2571 2728 2621 et
2766 2564 3040 2620 Roclenus
3085 2561 3262 2635 ipsius
3309 2569 3725 2628 antecessores,

386 2691 449 2740 ut
482 2679 788 2738 monachus
819 2676 967 2731 idem
985 2671 1133 2744 apud
1162 2671 1219 2727 S.
1247 2667 1595 2725 Vincentium
1629 2664 1994 2737 septimanam
2095 2660 2383 2718 conﬁrmat
2404 2670 2459 2718 et
2485 2662 2556 2717 de
2573 2675 2714 2717 novo
2745 2658 3025 2730 concedit,
3050 2674 3174 2715 cum
3216 2657 3449 2715 decimis
3483 2664 3539 2713 et
3563 2656 3728 2713 obla-

387 2776 571 2842 faciat,
602 2778 656 2828 et
717 2765 1065 2825 Divionensis
1114 2762 1367 2829 ecclesia,
1414 2759 1789 2830 eleemosyna:
1833 2756 1996 2827 hujus
2095 2754 2343 2811 tionibus
2384 2770 2448 2811 ac
2488 2753 2655 2810 etiam
2691 2768 2818 2809 cum
2874 2750 3147 2807 universis
3193 2751 3531 2823 appenditiis
3584 2750 3722 2818 suis,

387 2884 573 2936 causa,
612 2859 965 2921 Cabilonensi
994 2855 1244 2914 ecclesiae
1275 2862 1330 2910 et
1359 2850 1721 2923 corporaliter
1749 2858 1805 2905 et
1833 2848 1995 2921 spiri-
2096 2848 2310 2902 servitio
2331 2852 2517 2901 tamen
2538 2842 2788 2916 synodali
2810 2841 2919 2898 sibi
2944 2849 3245 2910 reservato,
3279 2851 3389 2898 etc.
3412 2841 3535 2898 Non
3572 2840 3727 2896 vide-

386 2930 609 3019 tualiter
646 2973 744 3030 pro
766 2971 927 3027 posse
947 2950 1234 3009 servitium
1269 2946 1574 3019 impendat.
1616 2967 1632 2993 ο
2097 2943 2184 2991 tur
2210 2942 2340 2990 ante
2372 2950 2578 2990 annum
2631 2932 2772 2989 1120
2800 2937 2894 2988 aut
2932 2930 3101 2987 ﬁnem
3162 2930 3294 2988 1121
3351 2932 3503 2987 diem
3538 2938 3728 2987 extre-

458 3047 721 3105 Bernardi
746 3047 802 3102 in
834 3045 1043 3100 Novum
1071 3037 1465 3096 Monasterium
1495 3034 1764 3100 adventu,
1790 3047 1856 3087 ac
1885 3032 1997 3087 vir-
2023 3092 2067 3115 Α
2096 3044 2247 3083 mum
2284 3026 2571 3095 clausisse,
2620 3024 2898 3099 siquidem
2949 3023 3248 3093 Jotsaldus,
3301 3040 3468 3096 quem
3510 3024 3571 3080 in
3603 3023 3726 3095 epi—

388 3153 566 3203 tutum
598 3141 872 3213 exemplo,
913 3138 969 3193 in
1016 3144 1228 3193 tantum
1285 3139 1446 3188 aucta
1494 3137 1580 3185 est
1618 3126 1998 3184 Cisterciensis
2021 3100 2071 3163 G
2101 3125 2360 3191 scopatus
2398 3133 2779 3175 successorem
2821 3115 3039 3185 habuit,
3068 3132 3136 3171 ex
3173 3116 3338 3188 epist.
3386 3114 3599 3171 Callixti
3654 3115 3720 3183 ll,

389 3233 616 3299 familia,
639 3237 698 3286 ut
727 3229 798 3284 de
826 3240 971 3283 novo
991 3222 1285 3280 condendo
1312 3216 1648 3276 monasterio
1683 3214 2006 3291 cogitaverit
2104 3214 2288 3271 adhuc
2318 3215 2565 3270 decanus
2595 3220 2734 3270 erat.

396 3350 3707 3387 W

1110 3479 1524 3569 FORMA
1590 3470 2281 3564 ELECTIONIS
2348 3470 2997 3558 WALTERII.

1427 3629 1594 3701 (Gali.
1627 3627 1826 3683 Christ.
1868 3638 2021 3691 nov.,
2051 3622 2115 3677 IV
2145 3622 2429 3691 lnstrum.,
2463 3639 2519 3694 p.
2540 3621 2691 3690 231.)

465 3843 664 3896 Auctor
690 3840 890 3892 nostrae
916 3826 1335 3901 redemptionis,
1395 3821 1722 3898 Unigenitus
1753 3819 2004 3876 altissimi
2107 3824 2256 3873 store
2286 3823 2505 3889 patrum
2525 3815 2900 3884 commissam,
2940 3812 3110 3870 verbo
3137 3813 3407 3869 decorare
3446 3811 3655 3884 pariter
3676 3820 3730 3866 et

395 3930 588 3995 Patris,
608 3926 736 3994 sibi,
764 3922 1024 3978 nimirum
1056 3924 1181 3973 ante
1201 3916 1373 3972 totius
1393 3913 1493 3968 arvi
1522 3909 1881 3982 principium,
1912 3923 2008 3963 co-
2109 3908 2363 3979 exemplo
2396 3909 2749 3971 studuerunt,
2777 3914 2838 3962 ut
2866 3906 2997 3961 licet
3025 3904 3224 3960 summi
3256 3900 3534 3976 pontiﬁcii
3572 3917 3725 3957 reve-

394 3989 636 4076 reternus
673 3989 730 4069 et
772 4004 1282 4070 consubstantialis,
1343 4017 1465 4058 cum
1499 4000 1614 4069 jam
1660 3996 2006 4070 plenitudine
2108 3997 2282 4052 rendo
2306 4006 2492 4053 essent
2512 3996 2791 4052 sublimati
2823 3993 3087 4060 culmine,
3143 3991 3251 4047 sibi
3282 3999 3471 4047 tamen
3502 3989 3732 4045 subditis

395 4103 661 4177 temporis
699 4098 1049 4161 adveniente,
1091 4095 1162 4149 de
1191 4091 1453 4148 cmlorum
1477 4086 1734 4158 supernis
1760 4085 2004 4139 descen-
2107 4090 2378 4164 eligerent
2404 4089 2670 4161 prodesse
2701 4088 2885 4160 potius
2927 4102 3089 4159 quam
3120 4099 3388 4158 pmesse,
3420 4082 3732 4155 equissjma

397 4174 558 4262 deus,
604 4191 886 4248 hominem
938 4184 1216 4241 induisset
1259 4180 1316 4235 in
1349 4178 1532 4244 terris,
1567 4183 1781 4231 servata
1818 4174 1874 4228 in
1920 4188 2009 4227 as-

2114 4197 2206 4238 eos
2244 4188 2505 4255 regentes
2530 4195 2786 4248 censura,
2817 4185 2872 4236 et
2898 4178 3142 4234 discreto
3193 4175 3600 4232 moderamine.
3629 4174 3730 4228 Ve-

396 4290 616 4356 sumpto
638 4280 864 4337 homine
907 4275 1193 4344 majestate
1224 4266 1560 4334 divinitatis;
1611 4262 1847 4335 expletis
1892 4270 2007 4318 tan-

2114 4289 2231 4330 rum
2255 4274 2303 4329 si
2334 4272 2557 4346 quando
2578 4278 2768 4329 contra
2798 4286 2998 4351 pravos
3035 4268 3387 4325 subditorum
3415 4283 3608 4323 mores
3644 4280 3732 4320 ze-

397 4342 539 4439 deml
556 4377 837 4443 omnibus,
861 4342 1083 4445 quaa'de
1125 4366 1300 4439 ipsius
1328 4371 1655 4434 susceptura
1681 4356 2010 4430 temporali-

2114 4364 2198 4421 lus
2232 4342 2490 4438 exigebat
2540 4342 2892 4420 rectitudinis
2923 4342 3141 4416 'moveri
3193 4358 3287 4414 illo
3343 4356 3603 4430 quolibet
3631 4354 3735 4410 fer-

398 4483 486 4532 ter
524 4469 887 4535 humanitate,
917 4458 1247 4520 nobilissimi
1276 4457 1519 4528 antiquae
1552 4453 1691 4525 legis
1729 4464 2012 4523 ριέεοοηθε
2112 4470 2243 4514 vore
2285 4452 2680 4509 districtionis:
2724 4451 2799 4507 ita
2846 4450 2904 4505 in
2956 4447 3240 4505 mentibus
3286 4447 3511 4503 illorum
3567 4445 3735 4500 virtus

398 4564 658 4624 veridicis
727 4558 1101 4633 praedixerant
1150 4549 1454 4617 vaticiniis,
1522 4544 1774 4620 pratinus
1826 4555 2089 4633 sacro-n
2114 4543 2534 4604 custodiebatur
2562 4537 3029 4608 mansuetudinis,
3059 4553 3185 4594 cum
3226 4543 3439 4592 terrore
3468 4534 3734 4590 severita-

407 4607 658 4624 κωκυ...
727 4607 1097 4633 ,ηπ----πμ
1167 4607 1170 4608 ν
1438 4607 1452 4617 ,
1525 4607 1541 4620 _

400 4665 605 4717 δεηοιεε
633 4662 809 4713 “ams
839 4648 1095 4708 Εοοιθείῖθ
1123 4644 1294 4716 οωρίι
1321 4643 1529 4715 ubique
1551 4647 1820 4696 ῑθιτδΐυπι
1845 4635 2012 4690 i“110-
2031 4607 2091 4678 D
2117 4640 2207 4705 tis,
2240 4645 2300 4695 ut
2329 4644 2385 4693 et
2414 4636 2550 4692 iram
2583 4632 2954 4690 mansuetudo
2986 4630 3244 4687 condiret
3269 4627 3661 4694 discretionis,
3684 4634 3738 4683 et

399 4753 539 4820 vari,
570 4744 951 4806 saluberrimis
995 4738 1368 4813 apostolorum
1419 4731 1708 4799 doctrinis,
1742 4730 1854 4785 imo
1894 4743 2017 4783 ma-
2115 4729 2367 4789 eamdem
2410 4726 2920 4793 mansuetudinem,
2995 4740 3068 4780 ne
3122 4722 3263 4779 forte
3316 4720 3736 4787 dissolveretur,

399 4811 690 4922 gnitudine
715 4839 979 4895 virtutum
997 4811 1054 4889 et
1078 4828 1407 4889 excellentia
1424 4826 1730 4901 signorum,
1763 4835 1887 4894 quae
1917 4834 2018 4891 per
2117 4822 2263 4878 idem
2291 4820 2441 4875 zelus
2469 4816 2799 4873 accenderet
2843 4813 3210 4871 discretionis.
3274 4811 3383 4868 Hos
3423 4811 3598 4887 igitur
3632 4817 3736 4866 tam

399 4899 498 4994 :55
527 4934 725 4990 mirum
757 4931 814 4986 in
835 4928 1062 4984 modum
1092 4920 1428 4995 Operabatur
1457 4899 1659 4972 divinae
1679 4913 1858 4987 gratia
1888 4911 2014 4967 dis-
2118 4909 2439 4968 reverendae
2475 4907 2600 4963 vita:
2638 4906 2847 4972 Patres,
2878 4911 3140 4976 tanquam
3166 4900 3531 4958 admirabiles
3567 4899 3741 4957 coale-

400 5024 764 5102 pensationis.
799 5022 1037 5087 Quorum
1094 4991 1356 5071 videlicet
1394 5025 1586 5077 sonus,
1629 5008 1786 5077 juxta
1822 5004 2019 5063 vatici-
2119 5003 2219 5058 stis
2275 4996 2584 5071 disciplinae
2626 5011 2909 5061 censores,
2963 5009 3068 5051 nos
3120 4991 3363 5049 humiles
3410 4991 3513 5046 ﬁlii
3554 5006 3740 5047 sacro-

396 5091 582 5175 nantis
610 5111 939 5187 praesagium
990 5105 1158 5182 regis,
1196 5103 1255 5159 in
1284 5115 1507 5158 omnem
1553 5104 1751 5153 terram
1790 5102 1877 5150 est
1902 5091 2013 5148 dif-

397 5208 584 5265 fusus:
618 5203 758 5259 ﬁnes
786 5213 1007 5273 quoque
1038 5196 1188 5254 orbis
1209 5201 1367 5250 terra:
1405 5188 1577 5247 verba
1606 5201 1799 5243 eorum
1838 5199 2013 5256 pene-

395 5310 572 5358 trasse
601 5292 891 5368 proﬁtetur
915 5289 1098 5347 omnis
1144 5284 1342 5343 Christi
1374 5281 1620 5338 ﬁdelium
1676 5284 1872 5335 cretus.
1905 5275 2013 5331 Hos

394 5393 585 5462 itaque
604 5365 880 5448 summos,
917 5389 974 5436 et
1002 5380 1209 5435 electos
1256 5373 1497 5432 caelestis
1529 5376 1818 5427 senatores
1849 5365 2011 5433 aulae,

395 5498 426 5538 e
454 5453 691 5552 vestigio
730 5470 906 5527 secuti
937 5470 1185 5543 insignes
1212 5472 1456 5521 rectores
1478 5460 1760 5528 Ecclesiae,
1793 5456 1885 5529 qui
1940 5453 2011 5511 ob

392 5544 652 5629 ducatum
696 5560 834 5619 recti
874 5559 1086 5614 itineris
1123 5557 1192 5613 ad
1229 5553 1461 5626 superni
1504 5551 1771 5624 palatium
1818 5544 2012 5622 Regis,

393 5663 592 5721 merito
622 5650 799 5714 habiti
816 5655 945 5704 sunt
974 5649 1126 5722 digni
1158 5644 1481 5719 pontiﬁcum
1513 5640 1767 5715 insigniri
1797 5651 2014 5713 cogno-

394 5759 565 5814 mine.
596 5757 676 5808 lta
709 5742 965 5801 nimirum
1001 5742 1339 5813 praelibatam
1382 5737 1678 5792 Ecclesiam
1707 5735 1813 5790 sibi
1847 5749 1877 5787 a
1907 5748 2011 5804 pa-

2113 5101 2320 5152 sanctae
2358 5090 2551 5147 matris
2593 5087 2849 5145 Ecclesia:
2895 5085 3276 5142 Cabilonensis
3328 5082 3538 5140 imitari
3570 5082 3739 5155 potis-

2113 5184 2313 5241 simum
2351 5179 2658 5251 cupientes,
2700 5177 2773 5233 ob
2805 5175 2861 5231 id
2918 5174 3176 5241 maxime,
3234 5174 3500 5247 quoniam
3546 5172 3737 5229 eadem

2115 5283 2318 5334 nostrae
2343 5271 2497 5327 sedis
2543 5268 2829 5335 cathedra,
2855 5267 3184 5339 jamdudum
3239 5264 3473 5338 proprio
3524 5273 3741 5337 pastore

2113 5364 2359 5429 viduata,
2389 5360 2562 5415 multa
2593 5364 2648 5413 et
2695 5357 2990 5412 innumera
3036 5370 3067 5409 a
3121 5353 3420 5409 mundanis
3454 5351 3738 5425 potestati-

2114 5458 2221 5513 bus
2241 5453 2445 5528 patitur
2471 5450 2542 5506 ad
2561 5464 2808 5522 praesens
2838 5446 3254 5503 infestationum
3292 5445 3534 5517 probra:
3593 5460 3742 5500 com-

2115 5544 2269 5603 muni
2297 5556 2526 5599 assensu
2557 5545 2613 5596 et
2641 5538 2759 5612 pari
2788 5543 2921 5593 voto
2945 5534 3219 5611 elegimus
3243 5535 3549 5608 quemdam
3595 5533 3740 5603 ejus-

2115 5637 2243 5691 dem
2277 5629 2532 5688 Ecclesiae
2567 5626 2698 5685 olim
2756 5624 3018 5682 clericum
3071 5630 3128 5679 et
3157 5621 3622 5679 archidiaconum
3648 5633 3741 5674 no-

2116 5724 2266 5781 mine
2284 5717 2635 5785 Walterium,’
2651 5715 2717 5772 ad
2742 5714 2967 5771 culmen
2999 5710 3270 5783 pontiﬁcii
3301 5710 3552 5782 praefatae
3578 5708 3740 5775 sedis,
