3938 6206
226 344 371 402 1165

1696 350 2066 409 DIPI.OMATA
2079 393 2092 410 .

3421 359 3558 419 1166

225 466 440 523 Christo
471 467 704 523 Domino
736 467 1092 539 disponente,
1123 468 1450 542 regendum,
1488 471 1644 540 cujus
1668 473 1840 543 juris-
1870 482 1920 550 Α
1947 478 2204 535 Ecclesiae
2229 477 2588 544 Matiscensis,
2620 494 2744 534 cum
2777 479 3080 537 reverenda
3107 483 3376 540 concione
3407 483 3560 553 ejus-

227 555 460 612 dictioni
502 565 556 611 et
581 557 716 631 jugo
748 557 832 611 sui
880 554 1166 631 regiminis
1193 572 1314 624 nos,
1371 566 1732 633 nostrumque
1760 564 1843 618 lo-

222 664 348 704 cum
398 649 666 704 tradimus
724 648 1158 720 disponendum,
1200 651 1506 706 secundum
1566 669 1841 710 canonum

223 748 280 794 et
338 739 723 795 inconvulsum
777 739 946 794 totius
1004 738 1262 794 Ecclesiae
1319 741 1692 817 privilegium.
1753 745 1844 800 Est

223 833 456 906 quippe,
494 834 572 890 uti
603 834 656 889 in
688 843 946 907 promptu
980 833 1229 905 habetur,
1260 837 1515 910 generosi
1542 839 1847 894 stemmatis

225 925 488 998 prosapia
527 932 700 994 ortus,
747 924 948 997 peritia
978 941 1088 981 non
1121 926 1286 982 modo
1325 943 1602 983 sacrarum
1636 929 1847 985 littera-

226 1033 372 1084 rum,
401 1033 591 1072 verum
626 1025 679 1072 et
711 1017 1113 1072 mundanarum
1141 1017 1411 1074 industria
1441 1020 1622 1095 legum
1658 1021 1848 1077 admo-

229 1109 361 1163 dum
397 1109 668 1175 eruditus,
697 1109 951 1180 jejuniis,
992 1110 1218 1184 vigiliis,
1269 1119 1323 1165 et
1371 1113 1737 1181 orationibus,
1785 1130 1848 1169 ac

221 1202 436 1256 cunctis
494 1201 886 1257 misericordiae
944 1202 1243 1276 insignitus
1301 1203 1688 1274 probatissima
1727 1221 1849 1262 mo-

222 1308 345 1346 rum
380 1292 665 1347 honestate
724 1291 1038 1363 praeclarus,
1090 1293 1336 1348 omnium
1373 1295 1634 1352 virtutum
1677 1305 1848 1353 matre

225 1382 568 1439 discretione
613 1383 983 1454 pulcherrime
1044 1385 1331 1440 redimitus
1363 1428 1376 1452 ,
1429 1386 1848 1443 luculentissimi

222 1475 390 1530 etiam
423 1475 657 1548 eloquii,
686 1481 740 1530 et
770 1477 1020 1548 apprime
1047 1476 1306 1546 disertus,
1334 1487 1598 1550 quantum
1627 1482 1847 1552 Quoque

224 1565 482 1620 humanae
525 1564 799 1639 fragilitas
838 1566 1176 1622 conditionis
1204 1568 1462 1638 admittit,
1502 1570 1651 1626 omni
1685 1571 1846 1627 boni-

221 1660 336 1710 tate
368 1661 556 1709 manet
587 1654 944 1726 conspicuus.
977 1656 1264 1730 lgiturpro
1293 1663 1370 1712 tot
1402 1663 1455 1712 et
1484 1658 1648 1712 tantis
1680 1657 1845 1713 caele-

222 1746 390 1802 stium
423 1746 810 1801 charismatum
841 1746 1022 1814 donis,
1052 1748 1156 1802 sibi
1199 1764 1442 1820 superno
1469 1765 1700 1804 munere
1729 1749 1848 1807 col-

223 1836 370 1904 latis,
422 1837 660 1910 Spiritus
686 1839 860 1894 sancti
900 1847 1235 1910 cooperante
1291 1841 1469 1913 gratia
1498 1841 1722 1915 eligitur
1777 1843 1844 1896 ad

225 1926 446 1981 culmen
478 1926 649 1982 officii
685 1927 994 1998 pastoralis,
1048 1943 1156 1983 non
1189 1927 1366 1984 solum
1411 1945 1442 1983 a
1484 1929 1644 1984 nobis
1673 1929 1849 2001 praeli-

220 2019 363 2074 batae
393 2019 647 2074 Ecclesiae
679 2018 831 2085 filiis,
883 2035 1074 2074 verum
1111 2019 1276 2074 etiam
1321 2036 1353 2074 a
1385 2020 1617 2077 diversae
1647 2023 1842 2079 condi-

225 2107 397 2164 tionis
421 2107 580 2179 plebe
613 2107 968 2163 cohabitante
992 2107 1134 2163 intra
1160 2117 1214 2164 et
1242 2118 1395 2164 extra
1423 2117 1623 2166 nostrae
1646 2112 1849 2166 moenia

226 2199 404 2266 urbis,
464 2215 626 2272 quam
683 2200 1038 2272 prosequitur
1093 2201 1256 2255 etiam
1307 2201 1598 2258 innumera
1657 2203 1847 2276 populi

229 2286 526 2343 multitudo
567 2287 934 2357 adjacentium
991 2289 1300 2362 regionum,
1356 2291 1560 2346 diversi
1588 2309 1753 2347 sexus
1795 2299 1850 2348 et

225 2382 425 2437 aetatis.
481 2382 580 2447 Qui
642 2397 836 2438 omnes
883 2383 1088 2454 pariter
1156 2383 1367 2438 inlimis
1417 2387 1846 2456 praecordiorum

231 2473 548 2544 affectibus,
583 2482 636 2531 et
692 2475 1091 2546 multiplicibus
1130 2477 1436 2551 efflagitant
1490 2479 1654 2548 votis,
1691 2479 1852 2534 istius

228 2567 404 2623 nostri
433 2567 592 2624 electi
619 2583 933 2640 personam,
964 2569 1093 2624 Jesu
1125 2575 1405 2624 annuente
1425 2569 1680 2634 Domino,
1708 2570 1848 2625 sub-

225 2659 410 2715 limari
460 2658 633 2715 infula
672 2659 975 2732 pontificali
1009 2660 1338 2717 Cabilonicae
1384 2660 1553 2716 sedis.
1599 2661 1852 2734 Plerique

227 2745 395 2801 etiam
438 2745 703 2816 illustres,
749 2753 802 2803 et
852 2748 1188 2820 praenobiles
1242 2748 1600 2806 ecclesiarum
1633 2749 1727 2804 Dei
1761 2765 1852 2804 re-

228 2844 414 2893 ctores
443 2837 683 2893 existunt
722 2853 947 2911 quoque
993 2838 1223 2915 legitimi
1263 2838 1506 2896 fautores
1548 2839 1705 2895 istius
1752 2855 1854 2897 no-

229 2941 359 2989 strae
411 2933 722 2990 electionis.
761 2933 1030 2990 Videlicet
1075 2935 1336 2990 dominus
1369 2934 1637 2991 Gibuinus
1673 2935 1858 2991 archi-

231 3025 436 3098 praesul
463 3025 698 3081 eximius
722 3033 1084 3082 sacrosanctae
1114 3025 1391 3082 cathedrae
1423 3027 1810 3102 Lugdunensis
1837 3047 1852 3096 ;

234 3115 498 3172 dominus
514 3117 676 3173 etiam
709 3119 916 3194 Agano,
946 3118 1178 3174 antistes
1215 3119 1568 3175 venerandus
1599 3121 1851 3176 ecclesiae

237 3207 568 3275 Heduensis,
610 3225 720 3264 una
765 3224 888 3264 cum
922 3208 1244 3265 reverendis
1287 3209 1544 3275 cantibus,
1584 3217 1853 3266 utrorum-

234 3313 344 3370 que
399 3298 680 3373 regimini,
739 3299 935 3355 Christi
995 3299 1213 3356 Domini
1271 3300 1449 3374 gratia
1499 3301 1851 3372 providente,

236 3387 569 3443 commissis.
620 3387 928 3463 Religiosus
981 3389 1145 3446 etiam
1198 3390 1397 3461 praesul
1450 3391 1510 3446 D.
1556 3391 1856 3448 Landricus

1945 572 2071 629 dem
2099 572 2252 639 cleri,
2285 570 2481 626 annuit
2509 579 2564 626 et
2585 570 2730 626 favet
2759 572 3050 644 multiplici
3077 573 3284 644 favore,
3309 577 3364 632 in
3393 576 3556 632 laude

1945 665 2104 722 istius
2135 664 2416 720 canonicae
2437 672 2642 720 nostrae
2675 663 2964 720 electionis
2993 681 3224 738 sperans
3245 667 3300 723 in
3331 668 3425 724 Dei
3451 669 3557 724 mi-

1945 759 2268 825 sericordia,
2297 758 2404 812 sibi
2435 774 2658 830 suaeque
2689 751 2942 813 Ecclesiae
3001 759 3280 816 subveniri
3327 760 3380 816 in
3411 760 3559 817 cele-

1947 847 2198 903 bratione
2232 845 2359 901 talis
2408 853 2685 918 tantaque
2714 845 3098 902 ordinationis.
3146 846 3237 902 llis
3281 847 3554 918 siquidem

1947 936 2169 992 eximiis
2196 935 2308 1005 jam
2344 933 2470 989 fatis
2506 931 2887 1006 pontiﬁcibus,
2929 940 3298 990 annectuntur
3323 934 3560 990 illustres

1950 1023 2330 1081 cmnobiorum
2357 1029 2557 1094 patres,
2585 1023 2714 1078 huic
2744 1023 2992 1094 profecto
3023 1022 3283 1078 electioni
3313 1023 3453 1079 votis
3479 1021 3556 1078 fa-

1949 1122 2143 1170 ventes
2171 1113 2459 1168 omnibus:
2491 1112 2636 1168 inter
2663 1129 2804 1185 quos
2825 1111 3082 1168 nimirum
3115 1120 3289 1169 exstat
3321 1113 3559 1168 domnus

1953 1202 2105 1276 Hugo
2137 1203 2277 1257 sacri
2309 1201 2550 1257 emnobii
2592 1201 2974 1256 Cluniacensis
2999 1200 3172 1256 abbas
3201 1218 3391 1257 revera
3413 1200 3558 1256 cele-

1950 1294 2240 1360 berrimus,
2274 1293 2548 1365 simulque
2579 1293 2930 1348 venerandus
2966 1292 3070 1348 loci
3111 1293 3561 1349 Trenorchiensis

1950 1393 2130 1442 rector
2158 1387 2395 1442 domnus
2439 1387 2653 1452 Petrus,
2685 1387 2992 1460 praesidens
3041 1403 3263 1462 quoque
3321 1387 3558 1443 abbatian

1950 1474 2009 1529 Β.
2045 1474 2189 1529 Petri
2224 1474 2550 1530 Cabilonicae
2577 1475 2730 1530 urbis
2783 1476 3020 1531 domnus
3062 1477 3400 1550 ltaynardus,
3447 1493 3560 1532 una

1949 1583 2070 1623 cum
2104 1566 2424 1623 reverendis
2475 1575 2688 1639 patrum
2746 1578 3108 1640 utrorumque
3145 1569 3390 1626 locorum
3425 1583 3556 1625 con-

1947 1659 2222 1724 cionibus,
2279 1659 2383 1714 sub
2448 1659 2768 1715 monasticae
2823 1660 3081 1716 tirocinio
3136 1660 3448 1732 disciplinae
3503 1661 3559 1716 in

1949 1747 2146 1803 Christi
2183 1748 2408 1803 nomine
2448 1747 2833 1804 militantibus.
2886 1749 2985 1814 Qui
3013 1765 3207 1805 omnes
3238 1749 3425 1820 procul
3457 1749 3560 1804 du-

1952 1838 2068 1907 bio,
2093 1847 2207 1894 toto
2237 1838 2436 1893 annisu
2467 1839 2673 1894 mentis
2704 1839 2892 1894 idonei
2922 1841 3162 1894 existunt
3203 1849 3480 1907 auctores,
3508 1847 3562 1894 et

1950 1927 2181 2002 legitimi
2213 1926 2666 1983 corroboratores
2697 1927 2863 1983 totius
2900 1928 3209 1984 electionis.
3238 1929 3293 1984 8.
3346 1927 3565 1984 Gausle-

1949 2017 2005 2071 ni
2030 2015 2216 2071 matris
2248 2023 2448 2071 nostrae
2491 2017 2741 2072 ecclesrae
2791 2018 3009 2083 decani,
3062 2019 3114 2072 8.
3146 2017 3399 2072 Almarici
3433 2016 3562 2072 Lin-

1949 2106 2211 2180 gonensis
2248 2107 2350 2160 dec
2381 2149 2395 2174 ,
2454 2105 2509 2160 S.
2545 2106 2808 2162 Gotselmi
2848 2107 3168 2172 archidiac.,
3211 2107 3266 2161 S.
3323 2106 3564 2180 Hugonis

1949 2197 2253 2265 Portensis,
2288 2199 2344 2254 S.
2395 2199 2720 2273 Engilberti,
2777 2199 2833 2254 S.
2889 2199 3170 2266 Gaufredi,
3213 2200 3268 2254 S.
3313 2199 3564 2254 Landrici

1949 2290 2316 2361 archipresb.,
2348 2291 2402 2345 S.
2438 2290 2735 2358 Guillelmi,
2766 2291 2800 2346 S
2847 2291 3086 2357 Petri,S.
3121 2291 3318 2356 Caroli,
3350 2292 3389 2348 S
3434 2293 3562 2347 Der-

1948 2381 2129 2447 nardi,
2160 2381 2216 2435 S.
2265 2379 2508 2445 Roberti,
2541 2381 2596 2436 S.
2633 2380 2929 2448 Lamberti,
2963 2381 3018 2436 S.
3054 2380 3315 2452 llugonis,
3349 2381 3406 2437 S.
3460 2381 3561 2436 Le-

1952 2474 2093 2529 tardi
2125 2473 2759 2545 archipresbyterorum,
2808 2473 2863 2531 S.
2897 2473 2980 2530 W.
3014 2474 3332 2538 Vernensis,
3367 2482 3420 2531 et
3447 2492 3563 2530 ma-

1953 2566 2052 2622 t'is
2080 2565 2202 2634 ejus
2247 2565 2552 2632 Adelaidis,
2595 2565 2653 2622 S.
2681 2565 2941 2621 Valtherii
2973 2564 3282 2622 Neblensis.
3338 2567 3393 2622 S.
3435 2567 3563 2622 Dal-

1951 2656 2114 2711 masii
2146 2655 2216 2711 de
2242 2655 2491 2722 Giniaco,
2544 2654 2601 2709 S.
2645 2654 2908 2710 Bernardi
2959 2655 3029 2710 de
3061 2655 3242 2726 Porta,
3272 2657 3324 2710 S.
3365 2655 3563 2712 Gotse-

1956 2749 2134 2816 ranni,
2196 2753 2253 2802 et
2306 2747 2506 2802 ldmari
2564 2745 2746 2802 fratris
2798 2746 2937 2818 ejus,
2992 2747 3046 2803 S.
3096 2747 3337 2803 Duranui
3384 2747 3565 2803 archi-

1957 2839 2168 2912 presb.,
2204 2839 2258 2894 S.
2292 2838 2566 2907 Ademari,
2595 2839 2648 2894 S.
2683 2838 2932 2915 ltoberti,
2960 2839 3015 2894 8.
3047 2838 3273 2896 Jotsaldi
3327 2841 3456 2896 Acta
3484 2845 3568 2895 est

1958 2933 2075 2988 haec
2103 2932 2476 2989 ecclesiastica
2521 2940 2576 2989 et
2613 2933 2887 3006 generalis
2929 2933 3129 2990 electio
3181 2950 3326 2990 anno
3385 2936 3564 2989 lncar-

1959 3025 2072 3081 nati
2105 3025 2381 3100 unigeniti
2409 3026 2570 3081 Verbi
2592 3026 2730 3082 1080
2758 3025 3089 3096 praesidente
3119 3026 3304 3083 divina
3330 3027 3567 3099 disposi-

1954 3115 2105 3170 tione
2141 3114 2398 3170 Romanae
2431 3114 2548 3170 sedi
2582 3114 3049 3170 excellentissimo
3081 3131 3221 3186 papa
3259 3113 3523 3189 Gregorio
3554 3129 3568 3166 :

1953 3215 2170 3279 sceptra
2198 3222 2420 3280 quoque
2447 3207 2767 3264 moderante
2797 3205 2952 3279 regni
2984 3205 3335 3262 nobilissimo
3375 3219 3567 3280 regum

1955 3299 2246 3372 Philippo;
2279 3300 2570 3357 consulatu
2599 3299 2929 3357 Cabilonicae
2959 3299 3112 3356 urbis
3140 3306 3273 3357 tunc
3303 3297 3570 3369 temporis

1954 3401 2216 3448 manente
2239 3393 2448 3466 absque
2467 3399 2690 3450 terreno
2722 3393 2993 3465 principe.

254 3547 3576 3575 mm

876 3713 1758 3856 WALTERII
1867 3715 2950 3843 DIPLOMATA.

1072 3949 1232 4022 (Gell.
1264 3951 1464 4008 Christ.
1497 3965 1648 4019 nov.,
1680 3949 1768 4020 ιν,
1799 3951 2084 4022 lnstrum.,
2116 3968 2170 4024 p.
2200 3953 2300 4010 231
2336 3955 2516 4028 seqq.)

1733 4135 2101 4153 Ἦ

1051 4281 1091 4334 l.

265 4399 472 4456 Charta
504 4396 759 4452 Walterii
779 4396 1144 4452 Cabilonensa‘s
1170 4399 1409 4468 episcopi
1437 4397 1502 4452 de
1522 4396 1879 4466 acquisz’tione

328 4470 511 4540 partis
566 4469 854 4522 comitatus
896 4467 1269 4524 Cabitonensis
1309 4467 1361 4524 a7
1401 4469 1650 4525 Saverico
1693 4471 1880 4526 comite

330 4539 695 4597 Cabilonensi.

767 4630 942 4700 (Circa
971 4646 1178 4687 annum
1204 4629 1382 4703 1096.)

343 4745 402 4800 ln
431 4743 656 4801 nomine
684 4759 914 4800 summae
941 4752 994 4800 et
1021 4743 1322 4801 individuae
1347 4741 1653 4811 Trinitatis,
1685 4741 1877 4812 Patris,

267 4847 326 4897 et
357 4839 502 4909 Filii,
533 4847 588 4894 et
614 4836 850 4909 Spiritus
889 4837 1085 4905 sancti,
1119 4853 1300 4892 amen.
1334 4835 1599 4902 Quoniam
1627 4835 1883 4890 humanae

270 4937 486 4984 mentes
515 4926 726 4983 erroris
756 4926 842 4981 sui
871 4927 1108 5001 caligine
1141 4940 1538 4996 nonnunquam
1570 4924 1684 4979 veri
1725 4931 1885 4980 notas

270 5023 549 5089 amittunt,
580 5020 678 5076 sed
712 5029 766 5076 et
799 5020 1088 5076 hominum
1144 5020 1291 5075 dicta
1327 5019 1415 5075 vel
1465 5019 1606 5075 facta
1643 5025 1888 5074 vetustas

270 5118 341 5172 ab
369 5116 608 5169 humana
639 5113 907 5170 memoria
926 5113 1148 5169 abolere
1179 5113 1340 5176 solet,
1371 5111 1619 5183 nihilque
1643 5111 1722 5166 illi
1752 5118 1889 5168 tera-

272 5202 476 5257 tumin
517 5202 781 5258 diuturna
824 5201 1145 5275 cognitione
1202 5199 1468 5266 habetur;
1531 5199 1736 5256 idcirco
1786 5215 1890 5276 ego

276 5292 575 5348 Walterius
604 5292 986 5348 Cabilonensis
1018 5291 1274 5347 Ecclesiae
1304 5291 1599 5364 episc0pus
1649 5305 1894 5346 conven-

273 5385 506 5450 tionem,
545 5401 708 5456 quam
741 5400 845 5456 ego
879 5390 932 5440 et
970 5383 1222 5440 canonici
1271 5381 1441 5439 nostri
1473 5399 1596 5438 cum
1638 5380 1894 5438 Saverico

274 5477 623 5534 Cabilonensi
655 5476 857 5532 comite
901 5476 1216 5542 habuimus,
1248 5474 1446 5530 litteris
1487 5481 1542 5531 et
1589 5474 1892 5541 memoriae,

275 5567 538 5624 mandare
579 5566 874 5637 [mandari]
919 5565 1125 5621 curavi.
1160 5566 1354 5621 Notum
1399 5565 1469 5621 sit
1505 5563 1673 5638 igitur
1713 5565 1892 5620 omni-

276 5658 384 5713 bus
409 5663 518 5712 tam
540 5656 777 5728 posteris
803 5671 967 5726 quam
991 5653 1382 5726 praesentibus,
1416 5655 1566 5727 quia,
1608 5669 1720 5728 quo
1749 5659 1894 5709 tem-

277 5761 412 5819 pore
439 5743 730 5801 Gaufridus
760 5743 829 5800 de
879 5742 1156 5800 Dunziaco
1198 5743 1628 5816 Hierosolymam
1661 5742 1892 5802 tendere

1897 4284 1954 4353 Ι)
1979 4281 2168 4348 vellet,
2202 4286 2296 4355 qui
2344 4291 2556 4358 partem
2588 4285 2828 4341 mediam
2865 4283 3156 4341 comitatus
3211 4282 3592 4343 Cabilonensis

1981 4377 2319 4449 possidebat,
2353 4395 2518 4452 quem
2551 4393 2674 4434 cum
2728 4377 2964 4434 Widone
3020 4377 3090 4433 de
3123 4376 3348 4450 'l‘yhaera
3395 4377 3490 4449 [αι.
3521 4379 3590 4436 de

1979 4468 2160 4542 Thies]
2207 4471 2440 4542 partitus
2493 4470 2690 4537 fuerat,
2723 4477 2932 4542 partem
2987 4486 3140 4526 suam
3182 4470 3478 4526 comitatus
3506 4488 3594 4527 su-

1983 4557 2216 4631 pradicti
2249 4562 2343 4628 [αι.
2394 4559 2734 4631 supradicto]
2787 4559 2993 4614 domno
3031 4558 3288 4616 Saverico
3319 4559 3592 4618 avunculo

1981 4663 2082 4705 suo
2121 4648 2363 4704 vendere
2396 4648 2692 4720 disposuit.
2740 4647 2897 4703 Venit
2927 4647 3095 4722 igitur
3141 4647 3212 4704 ad
3241 4663 3340 4704 nos
3383 4649 3596 4705 Saveri-

1983 4753 2081 4795 cus
2119 4753 2242 4793 cum
2274 4752 2443 4794 uxore
2474 4753 2592 4805 sua,
2617 4752 2818 4812 rogans
2846 4743 2904 4792 ut
2933 4743 3142 4808 partem
3176 4737 3348 4809 ipsius
3378 4738 3595 4794 medie-

1985 4829 2134 4897 tatis,
2164 4847 2328 4903 quam
2367 4829 2608 4898 emebat,
2639 4830 2708 4884 ab
2738 4845 2800 4885 se
2823 4828 2880 4884 in
2919 4829 3080 4886 vadio
3111 4829 3510 4901 reciperemus,
3541 4839 3598 4888 et

1988 4921 2165 4992 ipsum
2199 4919 2269 4974 de
2296 4918 2534 4991 pecunia
2591 4934 2754 4990 quam
2788 4916 3059 4979 solvebat,
3095 4917 3435 4988 juvaremus.
3487 4919 3598 4975 Nos

1988 5016 2169 5066 autem
2205 5025 2270 5064 ea
2307 5008 2520 5063 inducti
2547 5023 2666 5079 spe,
2713 5008 2982 5063 ducentas
3008 5007 3199 5062 uncias
3226 5007 3346 5064 auri
3373 5009 3602 5080 purissi-

1989 5099 2087 5167 mi,
2128 5114 2358 5171 quarum
2399 5096 2632 5170 singulae
2673 5095 2833 5168 pretii
2882 5095 3247 5169 quadraginta
3295 5097 3598 5154 solidorum

1991 5189 2327 5256 fuerant,°de
2358 5196 2600 5255 moneta,
2630 5188 2788 5258 cujus
2818 5187 3000 5242 media
3032 5203 3158 5258 pars
3179 5197 3438 5260 argentea
3463 5198 3600 5256 erat,

1992 5297 2163 5354 quam
2205 5295 2306 5337 nos
2345 5278 2414 5334 de
2464 5277 2650 5334 tabula
2702 5275 2876 5332 sancti
2919 5275 3194 5332 Vincentii
3249 5279 3602 5345 corrasimus,

1993 5375 2200 5430 domno
2240 5371 2500 5428 Saverico
2539 5369 3042 5438 accomodavimus,
3088 5377 3144 5426 et
3182 5368 3424 5438 vadium,
3455 5369 3603 5444 quod

1993 5467 2156 5525 nobis
2185 5466 2474 5534 offerebat,
2514 5467 2583 5521 ab
2614 5465 2734 5537 ipso
2776 5463 3108 5536 recepimus,
3139 5481 3206 5520 ea
3236 5465 3493 5520 videlicet
3520 5479 3606 5518 ra-

1995 5559 2166 5626 tione,
2207 5564 2268 5614 ut
2315 5556 2551 5613 ecclesia
2610 5555 2782 5612 sancti
2811 5554 3084 5611 Vincentii
3140 5554 3454 5610 reddituum
3497 5559 3606 5605 tam

1987 5648 2260 5720 justorum
2289 5661 2453 5716 quam
2487 5644 2813 5716 injustorum
2863 5643 2932 5698 ad
2973 5651 3184 5715 partem
3214 5638 3457 5694 Gaufridi
3495 5637 3610 5693 sive

1992 5736 2230 5798 Saverici
2261 5735 2598 5795 successoris
2623 5735 2707 5793 sui
2743 5733 3137 5807 pertinentium
3171 5728 3526 5787 medietatem
3555 5727 3611 5784 in
