3938 6206
437 222 572 280 1167

1499 223 1827 279 WALTERH
1870 223 2337 282 CABILONENSIS
2377 226 2689 284 EPISCOPI.

3624 236 3749 293 1168

433 366 569 423 pace
609 350 892 422 possideat
913 349 1054 406 infra
1077 351 1207 407 istas
1246 351 1688 420 terminationes,
1721 368 1752 406 a
1781 351 2040 407 crucibus
2065 354 2115 425 Α
2142 353 2464 408 monasterii
2493 352 2746 408 ofﬁcinas
2766 355 3191 421 construendas,
3220 357 3289 412 ad
3319 358 3590 415 arandum
3612 376 3744 433 quo-

432 453 585 500 trans
613 445 667 500 S.
704 445 943 501 Marcelli
961 445 1142 499 villam
1176 446 1490 501 constitutis
1517 463 1693 518 usque
1731 447 1797 501 ad
1824 454 2037 518 portum

431 535 585 602 Luci,
626 535 770 591 sicut
798 535 1002 591 Falieta
1040 535 1283 607 [Talieta]
1329 537 1522 591 defluit
1576 553 1607 590 a
1654 547 1819 607 ponte
1867 537 2039 592 Diroti

430 625 656 701 [Doreti]
713 644 890 699 usque
942 627 1010 682 ad
1062 635 1287 698 pontem
1338 627 1769 700 Campiferreoli,
1816 635 1870 683 et
1899 628 2039 684 sicut

426 729 541 779 tota
573 730 719 778 terra
745 722 839 778 illa
863 724 1213 793 protenditur
1239 739 1415 795 usque
1446 724 1513 778 ad
1538 723 1838 792 Forestam,
1872 740 2035 795 quam

426 812 802 868 canonicalem
835 809 929 884 [αι.
961 810 1305 883 canonicam]
1326 810 1578 866 Vabriam
1608 818 1829 877 vocant,
1857 828 2034 884 usque

428 908 496 962 ad
538 907 829 979 praedictas
865 922 1081 973 cruces,
1130 915 1331 977 praeter
1359 914 1677 962 casamenta
1714 907 1948 962 militum
1979 914 2034 963 et

426 999 770 1056 castelletum
801 1006 965 1070 atque
996 998 1145 1069 ipsos
1177 1014 1316 1069 quos
1345 997 1514 1054 habet
1556 998 1614 1053 in
1645 999 1893 1055 dominio
1921 1015 2033 1054 ser-

423 1094 662 1160 vientes,
696 1101 750 1147 et
780 1098 982 1163 prmter
1007 1098 1263 1161 capturas
1294 1090 1432 1157 illas,
1464 1107 1601 1163 quas
1628 1091 1684 1146 in
1715 1091 1882 1146 rebus
1916 1107 2030 1148 mo-

422 1183 724 1238 nachorum
755 1180 1003 1236 ecclesiae
1036 1180 1220 1236 Sancti
1252 1181 1491 1238 Marcelli
1524 1183 1675 1252 justc
1714 1182 1801 1237 vel
1832 1182 2032 1251 injuste

421 1274 640 1329 fecerit.
678 1275 798 1345 Ipse
844 1272 1009 1329 etiam
1061 1273 1351 1330 Savericus
1402 1275 1717 1330 exactiones
1744 1290 1940 1331 omnes
1968 1292 2031 1331 ac

420 1362 858 1419 consuetudines
903 1362 1083 1433 justas
1127 1363 1213 1418 vel
1250 1363 1483 1432 injustas
1538 1380 1676 1435 quas
1714 1380 1775 1419 se
1814 1364 2032 1420 dicebat

425 1452 634 1507 habere
666 1452 722 1505 in
752 1452 881 1507 villa
910 1451 1086 1507 sancti
1131 1450 1325 1507 lsidori
1358 1460 1412 1507 et
1456 1452 1513 1505 in
1546 1453 1772 1507 Gemula
1800 1459 1853 1508 et
1882 1454 2030 1524 ipsa-

420 1558 538 1596 rum
564 1541 817 1597 villarum
851 1539 1191 1611 appenditiis
1216 1555 1281 1595 ex
1308 1545 1421 1595 toto
1436 1540 1704 1611 Werpivit
1733 1547 1787 1595 et
1811 1541 2027 1596 condo-

419 1634 592 1689 navit.
627 1634 688 1687 ln
718 1632 868 1688 curia
896 1647 1028 1687 vero
1066 1631 1157 1701 [ιιι.
1188 1631 1388 1702 tamen]
1424 1632 1608 1689 Sancti
1648 1633 1844 1688 lsidori
1880 1636 2028 1689 redi-

415 1732 533 1779 tum
565 1740 727 1780 suum
760 1722 1009 1789 retinuit,
1043 1737 1109 1776 eo
1153 1730 1313 1792 pacto
1337 1729 1397 1777 ut
1423 1722 1720 1778 canonicos
1746 1724 1834 1778 vel
1861 1724 2027 1779 rusti-

418 1832 516 1872 cos
554 1830 747 1872 eorum
782 1830 893 1869 non
924 1820 1197 1886 gravaret,
1229 1819 1283 1867 et
1305 1814 1454 1885 quod
1484 1814 1614 1869 inde
1651 1814 1885 1869 solidam
1927 1832 2026 1886 pa-

419 1924 542 1964 cem
584 1917 640 1963 et
672 1907 889 1962 ﬁrmam
921 1904 1267 1961 Cabilonensi
1299 1906 1557 1962 Ecclesiae
1599 1914 1832 1975 teneret,
1891 1924 2026 1978 prae—

412 2008 571 2056 sente
599 2001 806 2057 domno
847 1999 1172 2055 Goceranno
1217 1999 1307 2070 [ιιι.
1339 1999 1665 2070 Joceranno]
1706 2000 2024 2075 Lingonen-

412 2091 558 2146 sium
586 2091 850 2163 cpisc0po
881 2099 935 2146 et
960 2091 1192 2146 Falcone
1232 2092 1300 2146 de
1332 2091 1540 2148 Reione
1572 2090 1664 2165 [αι.
1696 2092 1933 2149 Fulcone
1953 2093 2023 2149 de

412 2181 614 2252 Reone]
658 2193 713 2237 et
750 2182 978 2254 Hugone
1010 2182 1293 2251 Bajacensi
1337 2182 1691 2257 [Baracensi],
1732 2184 2022 2240 Savericus

408 2290 467 2329 se
523 2282 715 2330 tenere
762 2291 950 2346 pacem
1007 2282 1332 2346 perpetuam
1380 2276 1588 2345 juravit
1626 2283 1681 2332 et
1742 2293 1880 2333 uxor
1923 2294 2023 2334 sua

407 2366 704 2437 quemdam
748 2366 981 2421 militem
1013 2365 1299 2422 Arbertum
1327 2366 1552 2423 nomine
1601 2384 1700 2439 pro
1730 2385 1790 2424 se
1828 2369 2018 2438 jurare

405 2459 706 2530 praecepit;
740 2464 794 2514 et
840 2466 901 2515 ut
955 2475 1061 2531 pax
1092 2459 1196 2515 ista
1235 2458 1445 2517 ﬁrmior
1473 2461 1770 2517 haberetur
1820 2462 2016 2536 viginti

403 2550 629 2607 obsides
656 2551 951 2607 Savericus
978 2551 1145 2619 misit,
1176 2567 1243 2609 eo
1271 2553 1437 2610 modo
1468 2562 1529 2609 ut
1567 2554 1613 2609 si
1644 2554 1765 2625 ipse
1804 2554 2017 2609 Saveri-

401 2655 497 2695 cus
522 2646 616 2695 aut
647 2639 882 2712 quilibet
917 2655 1143 2696 suorum
1174 2640 1384 2713 aliquid
1417 2642 1544 2696 inde
1572 2642 1881 2710 abstulerit,
1906 2643 2012 2698 nisi

399 2727 543 2784 infra
574 2728 940 2802 quadraginta
969 2728 1090 2784 dies
1120 2728 1176 2784 in
1204 2728 1409 2800 quibus
1455 2746 1577 2787 cum
1609 2746 1676 2787 eo
1724 2731 1862 2787 ratio
1912 2748 2013 2804 po-

399 2820 504 2874 sita
546 2818 710 2874 fuerit
739 2820 833 2890 [al.
857 2819 997 2875 ratio
1027 2819 1334 2891 composita
1355 2819 1563 2888 fuerit],
1602 2820 1836 2892 capitale
1878 2823 2010 2879 red-

398 2908 619 2976 diderit,
660 2908 872 2964 ambitu
917 2924 1199 2965 murorum
1255 2909 1412 2964 urbis
1461 2909 1843 2966 Cabilonensis
1898 2929 2008 2971 non

397 3006 585 3075 exibit,
630 3006 736 3061 nisi
794 3006 888 3060 illa
943 3006 1385 3080 prolongatione,
1418 3024 1582 3079 quam
1629 3007 2007 3067 Cabilonensis

393 3101 690 3172 episcopus
726 3099 814 3155 vel
855 3099 1103 3167 ejusdem
1146 3099 1393 3155 ecclesiae
1436 3100 1679 3155 decanus
1716 3117 1841 3157 cum
1880 3102 2003 3159 aliis

392 3189 610 3246 duabus
649 3189 903 3260 personis
957 3187 1171 3243 fecerit.
1220 3189 1366 3244 llanc
1408 3205 1540 3246 vero
1598 3190 1908 3261 pactionem
1955 3192 2002 3247 si

392 3282 691 3354 praedictus
712 3279 1003 3336 Savericus
1024 3288 1317 3336 exsecutus
1354 3297 1465 3338 non
1497 3282 1679 3350 fuerit,
1708 3290 2001 3356 postquam

389 3368 616 3422 obsides
642 3384 674 3422 a
701 3366 985 3424 canonicis
1003 3368 1090 3425 vel
1110 3369 1179 3423 ab
1196 3369 1462 3442 episcopo
1485 3372 1741 3427 conventi
1769 3372 1998 3443 fuerint,

388 3468 482 3515 aut
501 3460 736 3531 capitale
769 3459 910 3515 infra
932 3460 1054 3516 dies
1084 3462 1446 3535 quadraginta
1476 3464 1713 3519 reddent
1738 3471 1831 3520 aut
1853 3466 1998 3536 capti

388 3549 595 3604 tamdiu
626 3549 682 3603 in
706 3549 969 3621 prmdicta
991 3550 1126 3604 urbe
1157 3551 1479 3616 manebunt,
1511 3552 1687 3607 donec
1706 3553 1889 3608 ablata
1912 3570 1996 3608 re-

385 3646 718 3695 staurentur.
763 3639 912 3695 Hanc
942 3640 1105 3695 etiam
1139 3641 1566 3697 conventionem
1597 3642 1885 3698 Savericus
1908 3644 1997 3698 Si-

384 3750 603 3790 monem
628 3733 800 3790 ﬁlium
827 3750 984 3790 suum
1025 3752 1147 3790 cum
1172 3752 1339 3791 uxore
1369 3754 1489 3805 sua,
1521 3738 1620 3792 sed
1650 3744 1705 3793 et
1741 3739 1992 3794 Arvaeum

382 3824 555 3879 ﬁlium
578 3825 812 3880 alterum
834 3824 1059 3880 laudare
1084 3824 1244 3892 fecit;
1301 3826 1369 3881 de
1403 3826 1692 3882 obsidibus
1718 3843 1850 3883 vero
1876 3828 1992 3884 haec

380 3912 468 3968 lex
501 3914 625 3969 data
655 3920 738 3969 est
766 3920 825 3968 ut
852 3914 949 3968 ubi
980 3929 1126 3969 unus
1143 3920 1392 3969 mortuus
1419 3914 1603 3981 fuerit,
1633 3914 1838 3971 alterin
1864 3916 1989 3973 loco

378 4022 497 4078 ejus
535 4024 661 4062 mox
689 4007 1037 4081 subrogetur.
1067 4006 1295 4081 Signum
1321 4007 1665 4064 Gauceranni
1698 4009 1789 4080 [αι.
1825 4011 1988 4067 Joce-

377 4096 555 4165 randi]
589 4095 957 4170 Lingonensis
1010 4095 1258 4167 epiSCOpi
1297 4096 1352 4150 8.
1392 4096 1644 4152 Falconis
1675 4096 1745 4153 de
1776 4097 1983 4154 Reione

377 4188 434 4242 S.
472 4189 716 4263 Hugonis
746 4188 1064 4258 Bajacensis
1104 4188 1462 4259 [Baraccnsis]
1493 4188 1548 4243 S.
1590 4190 1870 4246 Humberti
1914 4192 1984 4247 de

377 4283 602 4340 Villiaco
635 4284 691 4339 S.
744 4283 1043 4339 Raimundi
1083 4282 1355 4338 Gumbadi
1409 4283 1464 4339 S.
1500 4284 1746 4358 Hugonis
1763 4284 1981 4343 Rodulﬁ

374 4377 430 4431 S.
462 4374 690 4434 Vidonis
729 4374 798 4431 de
829 4375 1012 4431 Monte
1036 4374 1306 4431 Falconis.

1145 4469 1213 4523 ll.

725 4566 941 4623 Nolitia
983 4565 1333 4633 fundationis
1363 4564 1628 4623 Cistercit'.

975 4656 1152 4727 (Anno
1193 4656 1379 4728 1098.)

437 4750 635 4808 Notum
675 4747 748 4805 sit
767 4747 1028 4805 omnibus
1052 4747 1392 4806 Christicolis
1419 4749 1789 4821 praesentibus
1817 4756 1982 4823 atque

364 4847 586 4915 futuris,
625 4846 775 4919 quod
803 4843 1105 4901 Raiualdus
1126 4844 1415 4901 Belnensis
1433 4844 1744 4902 vicecomes
1774 4852 1828 4903 et
1847 4862 1985 4905 uxor

364 4941 484 5010 ejus
516 4938 793 4994 Hodierna
833 4930 1084 5009 nomine,
1125 4944 1181 4993 et
1217 4951 1409 4993 eorum
1448 4934 1548 4991 ﬁlii
1595 4936 1769 5011 liugo,
1814 4939 1982 4995 Hum-

360 5028 573 5096 bertus,
614 5027 946 5096 Bainardus,
987 5027 1235 5103 Hagano,
1295 5043 1603 5100 eorumque
1655 5043 1812 5086 soror
1848 5029 1981 5085 Rai-

358 5117 599 5182 mundis,
633 5134 734 5191 pro
790 5131 1018 5174 suorum
1061 5125 1414 5190 peccatorum
1456 5117 1780 5175 remissione
1836 5135 1976 5177 suo-

357 5217 592 5281 rumque
622 5217 1054 5278 antecessorum,
1082 5211 1309 5268 domino
1340 5210 1579 5269 Roberto
1608 5218 1663 5268 et
1692 5211 1973 5284 fratribus,

354 5300 453 5374 qui
483 5315 606 5354 cum
635 5315 702 5356 eo
750 5300 994 5374 regulam
1027 5300 1203 5356 sancti
1250 5300 1534 5356 Benedicti
1573 5300 1778 5358 arctius
1807 5309 1974 5376 atque

351 5391 596 5460 ﬁdelius,
627 5408 793 5465 quam
825 5390 956 5447 illuc
981 5409 1160 5465 usque
1190 5399 1504 5462 tenuerant,
1544 5392 1841 5451 observare
1870 5411 1972 5452 cu-

350 5482 601 5550 piebant,
632 5478 985 5535 contulerunt
1012 5481 1081 5537 de
1110 5482 1320 5553 praedio
1341 5498 1463 5550 suo,
1488 5482 1638 5554 quod
1666 5483 1972 5556 antiquitus

351 5567 676 5622 Cistercium
715 5564 1032 5636 vocabatur,
1063 5576 1572 5643 quantumcumque
1611 5572 1750 5644 ipsis
1778 5580 1834 5630 et
1862 5589 1966 5631 eo-

352 5671 473 5711 rum
503 5654 915 5712 successoribus
955 5655 1050 5714 Dei
1099 5652 1337 5728 famulis,
1370 5663 1438 5717 ad
1487 5663 1884 5722 monasterium
1913 5672 1969 5723 et

2141 457 2269 513 que,
2302 443 2411 498 imo
2441 442 2510 497 ad
2537 458 2758 499 omnem
2792 460 2948 498 usum
2982 445 3357 501 necessarium
3378 446 3564 504 fuerit.
3602 449 3743 507 Unde

2140 532 2259 605 ipse
2284 534 2600 590 Rainaudus
2642 544 2700 591 et
2751 536 2873 607 ejus
2913 552 3050 592 uxor
3088 537 3158 592 de
3215 537 3373 607 cujus
3434 540 3743 611 patrimonii

2133 624 2254 694 jure
2294 625 2440 681 idem
2468 626 2710 683 alodium
2754 627 2859 698 ipsi
2905 636 3256 699 provenerat,
3308 646 3374 686 ac
3415 630 3514 687 ﬁlii
3565 648 3741 690 eorum

2139 718 2544 789 praenominati,
2585 720 2790 776 donum
2846 720 3100 777 fecerunt
3142 720 3450 795 legitimum
3497 724 3566 780 ad
3618 742 3745 797 opus

2135 807 2405 879 ipsorum,
2444 809 2555 865 Deo
2586 809 2882 881 imprimis,
2937 827 3003 866 ac
3048 812 3364 883 specialiter
3417 815 3741 872 beatissima:

2134 898 2231 952 Dei
2262 899 2517 972 genitrici
2561 916 2893 973 semperque
2917 900 3125 974 Virgini
3152 901 3355 972 Mariae,
3382 904 3439 958 in
3462 903 3623 974 cujus
3649 906 3739 962 ho-

2134 1007 2270 1046 nore
2317 992 2474 1049 locus
2527 993 2621 1065 qui
2655 1009 2805 1049 nunc
2854 994 3065 1049 Novum
3108 994 3499 1051 Monasterium
3532 997 3739 1066 dicitur,

2133 1094 2491 1141 consecratus
2523 1089 2651 1154 test,
2681 1086 2819 1141 situs
2875 1086 2929 1140 in
2960 1087 3234 1143 territorio
3284 1087 3498 1160 praefati
3547 1091 3740 1146 Cister-

2133 1172 2338 1229 ciensis
2377 1174 2566 1231 alodii.
2598 1176 2660 1230 Et
2680 1175 2810 1248 quia
2837 1175 3084 1245 ejusdem
3112 1175 3220 1232 loci
3246 1176 3739 1251 ecclesiam,,quam

2134 1265 2263 1321 illuc
2306 1284 2482 1340 usque
2541 1275 2811 1336 tenuerat,
2853 1284 2977 1341 qua;
3008 1268 3181 1323 divini
3230 1274 3443 1325 tantum
3474 1270 3617 1340 juris
3643 1281 3739 1339 est,

2132 1353 2303 1410 abbas
2343 1364 2396 1411 et
2425 1357 2621 1429 reliqui
2662 1357 2855 1413 fratres
2884 1357 2954 1413 de
2983 1374 3152 1412 manu
3181 1358 3375 1429 ipsius,
3416 1359 3549 1431 quia
3574 1359 3739 1417 laicus

2132 1451 2266 1511 erat,
2323 1445 2605 1517 suscipere
2658 1446 2889 1501 minime
2928 1446 3201 1501 duxerunt
3232 1446 3485 1520 dignum,
3539 1448 3737 1505 dimisit

2130 1553 2274 1604 eam,
2306 1545 2468 1610 atque
2500 1538 2568 1593 ab
2600 1539 2921 1595 omnimoda
2961 1539 3083 1608 ejus
3114 1539 3346 1595 ulterius
3385 1543 3735 1612 possessione

2130 1630 2477 1700 renuntians,
2502 1631 2781 1703 prmdictis
2808 1631 3066 1688 fratribus
3094 1632 3161 1687 ad
3190 1632 3287 1688 Dei
3314 1633 3598 1690 servitium
3651 1636 3739 1692 de-

2128 1722 2371 1795 reliquit.
2405 1724 2479 1780 De
2510 1725 2734 1780 residuo
2765 1740 2988 1798 quoque
3022 1725 3197 1797 ipsius
3235 1734 3416 1791 terrae,
3472 1728 3625 1799 quod
3653 1728 3739 1783 di-

2124 1818 2213 1867 cto
2244 1812 2512 1869 Rainaldo
2545 1814 2752 1885 placuit
2778 1814 3041 1883 retinere,
3065 1814 3326 1871 fecitOdo
3357 1815 3468 1870 dux
3488 1816 3738 1890 Burgun-

2125 1904 2229 1960 diae
2264 1906 2331 1960 ad
2358 1906 2505 1962 illius
2528 1907 2947 1964 concessionem
2980 1916 3036 1963 et
3064 1907 3282 1963 libitum
3313 1908 3478 1964 talem
3515 1926 3640 1965 cum
3670 1927 3734 1967 eo

2125 2000 2610 2055 commutationem
2651 2006 2706 2055 et
2736 2006 2957 2071 pactum
2995 2001 3063 2054 ad
3094 2015 3235 2072 Opus
3264 2001 3591 2057 eorumdem
3621 2018 3737 2059 mo-

2126 2089 2451 2158 nachorum,
2502 2099 2562 2145 ut
2590 2089 2802 2146 scilicet
2840 2105 2941 2162 pro
2994 2097 3139 2145 terra
3168 2090 3262 2146 illa
3308 2091 3545 2165 singulis
3581 2092 3737 2147 annis

2127 2178 2183 2234 in
2211 2187 2409 2237 'castro
2457 2181 2713 2237 Belnensi
2753 2181 2963 2238 solidos
3008 2197 3075 2235 xx
3123 2182 3430 2250 susciperet
3477 2188 3588 2237 tam
3619 2182 3735 2254 ipse

2126 2286 2290 2342 quam
2325 2280 2379 2326 et
2417 2271 2593 2343 ipsius
2622 2278 2747 2343 post
2775 2288 2900 2327 eum
2932 2271 3207 2328 haeredes.
3240 2272 3614 2345 Proptereain
3644 2290 3734 2330 ea-

2120 2363 2246 2417 dem
2278 2363 2614 2419 cambitione
2646 2365 2922 2421 concessit
2968 2365 3020 2420 ei
3059 2381 3124 2420 ac
3153 2363 3284 2419 ﬁliis
3328 2365 3443 2419 suis
3470 2365 3596 2437 ipse
3626 2366 3731 2421 dux

2118 2462 2626 2528 quantumcumque
2647 2456 2929 2512 vinearum
2970 2456 3025 2511 in
3057 2472 3201 2531 pago
3220 2456 3479 2513 Belnensi
3504 2469 3735 2530 possent

2117 2548 2363 2620 plantare
2391 2555 2446 2604 et
2466 2548 2648 2604 colere
2674 2548 2729 2603 in
2768 2547 2993 2620 propria
3029 2548 3454 2605 dominicatura.
3485 2548 3733 2608 letinuit

2114 2643 2297 2691 autem
2330 2636 2477 2691 idem
2504 2635 2805 2692 Rainaldus
2850 2637 2990 2693 duos
3020 2653 3212 2694 servos
3253 2637 3506 2707 ejusdem
3537 2639 3729 2706 alodii.

2110 2728 2511 2786 Theodoricum
2565 2738 2733 2803 atque
2774 2731 3089 2801 Martinum,
3138 2739 3194 2788 et
3242 2733 3498 2789 ancillam
3530 2751 3730 2808 quam-

2110 2822 2234 2878 dam
2283 2824 2558 2880 Osannam
2586 2825 2832 2896 nomine,
2864 2827 2932 2881 de
2960 2833 3107 2882 terra
3136 2842 3357 2901 quoque
3385 2828 3508 2900 ipsa
3545 2845 3728 2901 quan-

2107 2923 2222 2971 tum
2257 2916 2339 2972 eis
2363 2916 2418 2972 in
2436 2918 2833 2990 propriosusus
2857 2919 2926 2974 ad
2954 2919 3251 2976 colendum
3277 2918 3540 2977 sufﬁciat.
3570 2921 3723 2977 Illam

2062 3074 2080 3096 η
2107 3015 2287 3062 autem
2320 3014 2520 3063 terram
2548 3010 2928 3067 tantummodo
2967 3011 3224 3068 excolent
3262 3012 3574 3084 quamipse
3614 3013 3725 3069 dux

2033 3075 2082 3142 C
2105 3115 2169 3156 ac
2193 3101 2519 3173 smpefactus
2548 3102 2868 3172 Rainaldus,
2900 3105 3131 3178 ejusque
3162 3122 3320 3173 uxor,
3343 3106 3389 3161 si
3417 3106 3620 3163 adesse
3633 3124 3723 3166 vo-

2104 3191 2286 3259 luerit,
2318 3193 2557 3250 domnus
2590 3212 2812 3268 quoque
2851 3198 3020 3254 abbas
3056 3198 3194 3270 ipsis
3220 3196 3476 3255 divident
3502 3210 3561 3257 et
3584 3201 3722 3257 assi-

2101 3282 2369 3355 gnabunt,
2410 3284 2466 3338 in
2516 3291 2668 3355 parte
2720 3287 2932 3343 scilicet
2990 3295 3203 3344 remota
3236 3306 3266 3344 a
3318 3291 3722 3347 monachorum

2101 3371 2329 3427 cultura.
2387 3372 2583 3430 Postea
2627 3390 2751 3430 cum
2820 3376 3170 3433 dedicaretur
3255 3378 3516 3434 ecclesia.
3582 3381 3719 3439 Novi

2098 3459 2413 3517 Monasterii
2447 3463 2557 3518 dux
2607 3464 2726 3535 ipse
2758 3472 2813 3521 et
2866 3465 3170 3521 Rainaldus
3216 3482 3341 3522 cum
3370 3483 3547 3524 uxore
3598 3486 3720 3539 sua,

2098 3550 2229 3605 inde
2260 3552 2457 3606 iterum
2479 3553 2685 3608 donum
2712 3552 2962 3609 fecerunt
2983 3554 3039 3609 in
3060 3562 3363 3627 conspectu
3381 3558 3572 3615 multis
3597 3559 3719 3631 ple-

2095 3641 2181 3696 bis
2209 3658 2330 3714 quae
2360 3643 2570 3712 aderat,
2618 3645 2673 3699 in
2732 3662 2898 3702 manu
2950 3646 3162 3703 domini
3207 3647 3438 3705 Walteri
3499 3649 3721 3709 Cabilo-

2095 3732 2284 3787 nensis
2341 3733 2587 3806 episcopi
2632 3735 2701 3790 ad
2758 3753 2916 3793 usum
2967 3738 3408 3810 supradictorum
3458 3740 3715 3811 fratrum,

2092 3830 2365 3891 quatenus
2390 3822 2497 3894 ipsi
2535 3823 2637 3879 sub
2667 3826 2936 3881 tutamine
2959 3828 3045 3882 sui
3073 3826 3355 3899 pontiﬁcis
3384 3847 3418 3886 a
3467 3834 3719 3903 potentia

2091 3909 2270 3966 laicali
2302 3920 2357 3967 et
2406 3913 2558 3968 omni
2588 3915 2822 3987 strepitu
2854 3917 3103 3972 saeculari
3145 3918 3329 3988 liberi,
3360 3922 3590 3980 servitio
3632 3924 3714 3979 sui

2093 4002 2364 4061 Creatoris
2394 4006 2637 4078 quietius
2687 4016 2965 4067 vacarent.
3019 4011 3141 4083 Ipse
3173 4028 3305 4069 vero
3361 4014 3475 4071 dux
3505 4023 3617 4072 tam
3659 4019 3715 4072 in

2092 4111 2319 4155 nemore
2346 4099 2571 4172 praefato
2596 4100 2853 4159 coenobio
2882 4102 3223 4174 [conjuncto,
3257 4122 3425 4178 quam
3459 4109 3516 4164 in
3556 4111 3710 4167 omni

2087 4194 2517 4265 circumquaque
2548 4193 2951 4251 dominicatura
2980 4212 3083 4252 sua
3121 4198 3408 4255 usuarium
3438 4202 3709 4273 plenissi-

2086 4300 2236 4340 mum
2268 4281 2475 4337 eisdem
2509 4282 2770 4339 fratribus
2807 4284 3080 4341 attribuit.
3112 4286 3249 4343 Huic
3283 4294 3710 4349 commutationi

2012 4374 2476 4459 Dsuprascriptze
2506 4382 2562 4430 et
2590 4374 2738 4432 dono
2769 4375 3022 4433 interfuit
3044 4377 3199 4453 Hugo
3238 4378 3392 4438 ﬁlius
3422 4383 3581 4441 ducis
3612 4386 3707 4459 qui

2088 4476 2144 4524 et
2165 4467 2311 4523 idem
2339 4467 2632 4535 concessit,
2677 4467 2773 4523 sed
2804 4474 2860 4524 et
2911 4467 3080 4525 frater
3125 4471 3247 4540 ejus
3298 4472 3572 4532 Henricus
3602 4478 3707 4534 hoc

2087 4560 2236 4617 idem
2276 4566 2468 4631 postea
2498 4560 2793 4617 concessit.
2832 4560 3141 4619 Adfuerunt
3169 4564 3335 4621 etiam
3359 4572 3537 4624 testes
3564 4568 3707 4624 infra

2085 4652 2407 4724 subscripti,
2457 4651 2611 4727 Hugo
2651 4650 2722 4707 de
2767 4651 2950 4710 Monte
2980 4653 3037 4709 S.
3066 4654 3362 4724 Johannis,
3406 4660 3578 4717 Gualo
3634 4660 3706 4715 de

2082 4748 2281 4816 Salvia,
2306 4746 2583 4821 Seguinus
2608 4748 2678 4804 de
2708 4748 2874 4805 Belna
2911 4758 2966 4807 et
3006 4748 3154 4807 ﬁlius
3182 4752 3304 4823 ejus
3333 4752 3515 4831 Hugo,
3547 4755 3706 4832 Hugo

2083 4837 2154 4894 de
2174 4836 2462 4906 Granceio,
2492 4843 2598 4894 etc.

2844 4928 2937 4985 ΠΙ.

2076 5039 2294 5095 Littera:
2334 5037 2583 5096 Gualten‘
2608 5040 2847 5111 episcopi
2884 5038 3256 5099 Cabilonensis
3293 5044 3369 5099 ad
3408 5045 3703 5103 110me

2147 5112 2552 5185 Lingonensem
2586 5113 2914 5185 episcopum,
2973 5112 3040 5185 de
3101 5114 3417 5185 recipiendo
3471 5120 3703 5175 Boberto

2147 5183 2337 5258 abbate
2373 5180 2644 5253 quondam
2676 5180 2896 5239 Cisterc.
2928 5184 3004 5239 ad
3037 5201 3192 5242 suum
3210 5180 3376 5258 prius
3402 5191 3699 5246 canobiunl

2145 5254 2484 5310 Molismense
2520 5258 2830 5310 reuertente.

2693 5366 2867 5436 (Anno
2901 5366 3081 5424 1099.)

2143 5473 2512 5542 Dilectissimo
2540 5473 2692 5531 fratri
2719 5482 2774 5533 et
2801 5476 3133 5550 coepiscopo
3164 5477 3420 5539 Roasn'ro
3450 5481 3692 5559 Lingon.

2070 5569 2358 5641 episcopo,
2392 5568 2712 5625 Guamsnus
2744 5568 2999 5625 Ecclesiae
3032 5569 3424 5631 Cabilonensis
3471 5592 3693 5643 servus,

2067 5664 2324 5722 salutem.
2350 5662 2548 5720 Notum
2580 5662 2652 5719 sit
2678 5661 2839 5721 vobis
2867 5661 3086 5720 fratrem
3113 5664 3546 5734 Robertnm,cni
3584 5668 3692 5724 ab-
