3938 6206
260 345 402 400 1169

252 583 384 624 vum
442 562 828 621 Monasterium
882 560 1104 628 dicitur,
1161 560 1635 625 commiseramus,
1687 576 1717 614 a
1749 573 1876 629 pro-

255 657 503 714 fessione
538 672 701 729 quam
725 653 1344 710 CabilonensiEcclesiae
1373 652 1520 716 fecit,
1555 660 1609 708 et
1634 653 1702 708 ab
1729 651 1873 707 obe-

254 753 468 808 dientia
529 768 695 823 quam
759 749 923 805 nobis
977 749 1246 820 promisit,
1303 748 1608 804 secundum
1663 745 1874 803 domini

256 840 661 912 archiepiscopi
718 839 963 913 llugonis
1017 837 1422 905 definitionem,
1467 854 1499 892 a
1554 838 1714 893 nobis
1754 852 1876 892 esse

258 935 597 990 absolutum.
631 934 750 1004 Ipse
779 939 958 987 autem
999 933 1301 989 monachos
1342 932 1482 998 illos,
1508 931 1602 1003 qui
1637 931 1692 985 in
1725 947 1873 1002 prie-

260 1027 372 1082 fato
436 1028 585 1082 Novo
637 1025 965 1081 Monasterio
1015 1041 1303 1080 remanere
1356 1024 1738 1091 decreverunt,
1805 1024 1873 1079 ab

260 1119 603 1184 obedientia,
637 1135 799 1190 quam
849 1117 954 1172 sibi
986 1117 1374 1187 promiserant,
1425 1125 1478 1171 et
1509 1115 1874 1188 professione,

256 1207 516 1274 absolvit,
565 1213 619 1261 et
681 1206 888 1261 liberos
953 1205 1182 1260 dimisit.
1248 1205 1404 1260 lllum
1452 1205 1619 1278 igitur
1675 1206 1874 1262 amodo

258 1296 567 1368 suscipere,
610 1303 664 1350 et
697 1293 1002 1352 honorifice
1043 1302 1275 1350 tractare
1305 1310 1374 1349 ne
1413 1294 1737 1349 vereamini.
1771 1295 1874 1350 Va-

259 1389 394 1444 lete.

1024 1458 1110 1512 1V.

259 1558 480 1611 Littera:
506 1557 742 1628 ejusdem
785 1555 1028 1611 Gualteri
1087 1555 1160 1628 ad
1207 1555 1517 1609 Paschalem
1549 1570 1749 1624 papam
1777 1571 1877 1626 pro

760 1628 1082 1681 monasterio
1113 1627 1376 1682 Cisterct'i.

870 1735 1046 1804 (Auno
1097 1733 1273 1805 1100.)

333 1851 643 1907 Venerabili
673 1851 817 1905 Patri
847 1866 1003 1922 papae
1030 1850 1311 1916 PASCI-IALI,
1346 1850 1660 1906 GUALTERUS
1690 1852 1880 1908 Eccle-

257 1946 354 2000 size
388 1944 631 2000 Cabilon.
677 1959 890 2008 servus,
926 1942 1162 1997 salutem
1211 1951 1264 1997 et
1301 1943 1543 1997 debitam
1575 1943 1878 2014 subjectio-

258 2054 412 2092 nem.
441 2037 594 2092 Sicut
623 2036 884 2091 sanctitas
907 2041 1109 2103 vestra,
1141 2042 1248 2090 etc.
1283 2037 1419 2092 Vide
1449 2039 1506 2090 in
1537 2037 1788 2091 Paschali
1803 2039 1871 2093 II.

1039 2147 1096 2202 V.

264 2261 567 2318 Walterius
598 2261 756 2328 episc.
793 2259 1015 2314 Gabiton
1075 2261 1124 2312 et
1160 2260 1378 2312 Jarento
1409 2260 1748 2314 Divionensis
1776 2262 1874 2314 ab-

334 2334 428 2386 bas
463 2333 648 2385 ineunt
700 2333 1003 2384 societatem
1042 2332 1181 2384 inter
1235 2345 1290 2385 se
1338 2335 1386 2385 et
1440 2334 1875 2399 congregationes

330 2404 439 2458 sibi
475 2404 798 2458 commissas.

893 2492 1049 2546 Anno
1088 2491 1247 2545 1111.

871 2490 1049 2562 (Anno
1088 2491 1270 2561 1111.)

334 2586 394 2641 ln
425 2583 648 2639 nomine
680 2581 876 2637 Christi
908 2598 1032 2637 cum
1083 2581 1268 2638 omnia
1291 2581 1438 2637 bona
1490 2580 1737 2636 ﬁdelium
1773 2596 1874 2652 per

255 2681 524 2738 unitatem
553 2678 702 2747 fidei,
724 2678 1005 2734 vinculum
1032 2678 1332 2746 charitatis,
1365 2678 1680 2733 communia
1701 2693 1873 2753 gene-

255 2774 446 2829 raliter
477 2772 805 2842 habeantur,
847 2771 993 2825 inter
1019 2770 1311 2846 religiosos
1361 2778 1545 2825 tamen
1574 2785 1696 2826 mos
1725 2769 1870 2824 anti-

255 2879 400 2935 quus
425 2860 684 2927 obtinuit,
714 2867 772 2914 ut
798 2859 1026 2932 speciali
1057 2859 1320 2914 societate
1351 2859 1457 2914 sibi
1487 2859 1721 2915 invicem
1759 2858 1866 2916 foe-

255 2952 543 3017 derentur,
600 2955 874 3020 quatenus
915 2953 1064 3004 tanto
1099 2947 1204 3002 sibi
1239 2954 1559 3004 alterutrum
1618 2949 1872 3006 devotius

257 3051 315 3099 et
334 3044 390 3098 in
421 3042 538 3097 suis
569 3041 854 3114 prosperis
883 3041 1289 3114 congaudeant,
1318 3047 1372 3096 et
1394 3041 1449 3095 in
1473 3041 1717 3096 adversis
1742 3057 1876 3097 con-

1750 333 2138 391 DlPLOMATA.

254 474 462 530 batiam
504 471 653 527 illam
688 470 746 525 in
797 476 987 526 nostro
1020 468 1338 540 episcOpatu
1396 467 1579 535 sitam,
1613 483 1735 540 quae
1767 465 1872 521 No-
1898 469 1951 537 Α

3445 323 3586 380 1170

2743 461 2826 516 Vl.

1983 557 2184 613 Charta
2230 557 2460 613 Valterii
2499 555 2741 612 Cabilon.
2770 556 2958 622 episc.,
2985 567 3095 622 qua
3124 552 3178 608 S.
3205 552 3457 607 Marcello
3489 548 3585 604 dat

2485 627 2756 681 ecclesiam
2795 625 2859 680 de
2888 627 3072 679 Boens.

2047 739 2312 796 Omnibus
2351 739 2406 793 in
2452 738 2664 793 unitate
2706 736 2836 791 fidei
2877 735 3210 802 viventibus,
3270 732 3583 804 Christique

1976 831 2413 888 misericordiam
2449 828 2910 901 pmstolantibus,
2975 833 3029 881 et
3059 824 3210 880 verbi
3247 825 3342 879 Dei
3380 824 3582 895 pabulo

1975 923 2177 977 mentis
2231 936 2344 976 sua:
2377 935 2576 975 arcana
2629 917 2924 983 alentibus,
2956 930 3137 970 sermo
3194 914 3408 968 intonat
3445 913 3588 966 divi-

1977 1029 2102 1082 nus,
2122 1011 2270 1084 quod
2293 1011 2365 1065 ita
2380 1008 2720 1081 dispensatio
2736 1005 3122 1077 Redemptoris
3137 1003 3586 1076 quibuscumque

1977 1104 2215 1160 consulit
2244 1102 2470 1169 ditibus,
2529 1109 2590 1155 ut
2627 1115 2692 1153 ex
2728 1097 2968 1169 propriis
3000 1097 3193 1164 rebus,
3228 1111 3364 1168 quas
3410 1103 3589 1151 trans-

1975 1197 2135 1254 itorie
2150 1196 2458 1267 possident,
2477 1191 2908 1264 centuplicatum
2927 1191 3146 1245 valeant
3166 1188 3461 1260 adquirere
3486 1185 3587 1240 foe-

1976 1303 2102 1354 nus,
2133 1286 2180 1340 si
2237 1284 2402 1340 modo
2435 1283 2644 1338 eisdem
2675 1282 2818 1336 bene
2872 1280 3080 1336 utendo
3137 1279 3322 1343 rebus,
3369 1285 3423 1333 et
3467 1292 3586 1348 quae

1976 1380 2185 1434 habent
2214 1379 2472 1434 studeant
2497 1390 2727 1450 erogare
2747 1373 3106 1445 pauperibus,
3140 1380 3194 1428 et
3214 1371 3496 1444 quoniam,
3531 1378 3590 1423 ut

1977 1476 2053 1529 ait
2085 1473 2396 1545 Apostolus,
2431 1488 2536 1526 non
2575 1471 2826 1525 habe-mus
2856 1469 2942 1523 hic
2980 1471 3277 1522 manentem
3317 1468 3588 1520 civitatem

1980 1569 2160 1641 (Hebr.
2191 1585 2309 1634 xm,
2332 1565 2439 1634 14),
2465 1565 2695 1636 diesque
2729 1562 2899 1618 nostri
2918 1571 3177 1634 tanquam
3210 1560 3401 1615 umbra
3434 1573 3585 1629 prae-

1981 1661 2186 1715 teriens
2215 1657 2462 1730 quotidie
2494 1654 2849 1720 evanescunt,
2899 1663 2954 1708 et
2990 1668 3128 1708 voce
3178 1650 3437 1707 Veritatis
3467 1651 3588 1704 luce

1899 1747 1950 1815 B
1978 1750 2179 1806 clarius
2206 1756 2419 1804 constat
2446 1764 2667 1803 omnem
2706 1746 2984 1814 arborem,
3028 1760 3149 1815 quae
3176 1759 3286 1798 non
3315 1741 3445 1797 facit
3475 1740 3590 1796 fru-

1981 1849 2127 1895 ctum
2192 1839 2420 1905 bonum,
2465 1837 2643 1892 excidi
2693 1842 2746 1890 et
2803 1835 2858 1889 in
2915 1835 3098 1909 ignem
3147 1831 3286 1886 mitti
3332 1836 3589 1901 oportere

1981 1935 2197 2003 (Matth.
2239 1951 2331 1998 vn,
2367 1933 2474 2001 19),
2507 1931 2744 1986 maxime
2789 1945 2891 1984 nos
2935 1928 3028 2000 qui
3063 1943 3175 1998 prae
3205 1925 3419 1981 cmteris
3449 1940 3590 1996 pree-

1978 2030 2072 2086 lati
2106 2031 2376 2095 videmur,
2409 2035 2469 2084 ut
2507 2029 2635 2082 dum
2665 2027 2721 2081 in
2761 2027 2868 2080 hoc
2887 2038 3118 2094 corpore
3148 2038 3339 2077 sumus
3378 2020 3588 2092 aliquid

1976 2138 2040 2177 ex
2075 2122 2160 2176 his
2192 2137 2316 2193 quae
2347 2121 2415 2175 ad
2447 2120 2544 2175 Dei
2597 2119 2803 2174 cultum
2833 2115 3130 2189 pertinent,
3179 2130 3245 2170 eo
3291 2113 3586 2183 adjuvante

1975 2230 2291 2285 operemur,
2339 2222 2610 2284 quatenus
2640 2211 2698 2265 in
2738 2208 2922 2265 futuro
2961 2217 3181 2263 aeternae
3209 2205 3588 2261 retributionis

1975 2303 2274 2374 participes
2327 2302 2561 2357 existere
2617 2314 2947 2354 mereamur.
2981 2298 3326 2368 Quapropter
3355 2311 3458 2368 ego
3490 2295 3585 2350 Dei

1974 2395 2150 2470 gratia
2185 2394 2478 2449 Walterius
2507 2391 2953 2448 Cabilonensium
2985 2391 3301 2460 episcOpus,
3333 2398 3586 2459 peccato-

1973 2503 2093 2540 rum
2125 2501 2371 2542 meorum
2402 2483 2622 2540 veniam
2662 2488 2718 2538 et
2755 2482 2957 2537 divina:
2992 2479 3182 2555 gratiae
3229 2478 3449 2550 pietatis
3479 2479 3583 2532 mi-

1972 2578 2284 2634 sericordiae
2325 2577 2590 2648 consequi
2641 2575 2985 2643 desiderans,
3042 2575 3188 2630 dono
3243 2579 3298 2628 et
3340 2574 3585 2629 concedo

1975 2672 2084 2728 Deo
2110 2677 2164 2726 et
2192 2670 2398 2726 sanctis
2427 2668 2693 2740 apostolis
2724 2668 2844 2737 ejus
2864 2667 3023 2723 Petro
3041 2674 3094 2723 et
3117 2667 3280 2722 Paulo
3307 2667 3376 2720 ad
3407 2667 3587 2722 locum

1972 2763 2024 2817 S.
2060 2761 2298 2816 Marcelli
2347 2760 2600 2831 martyris
2651 2759 3054 2826 Cabilonensis,
3099 2758 3186 2813 cui
3219 2763 3416 2828 praeest
3447 2757 3589 2812 dom

1975 2875 2079 2913 nus
2133 2859 2284 2930 [iugo
2313 2863 2681 2932 cognomento
2723 2854 2942 2910 Beraldi
2991 2853 3296 2910 monachus
3341 2853 3396 2908 S.
3440 2843 3590 2908 Petri

1977 2949 2370 3016 Cluniacensis,
2433 2950 2504 3004 ad
2557 2949 2714 3018 cujus
2766 2947 3177 3002 ordinationem
3231 2945 3380 3000 idem
3434 2943 3589 3000 locus

1975 3051 2227 3114 spectare
2266 3041 2507 3106 videtur,
2559 3035 2913 3094 et’fratribus
2967 3037 3023 3092 in
3079 3038 3275 3094 eodem
3315 3037 3436 3092 loco
3475 3038 3588 3092 Deo

257 3133 506 3197 doleant,
538 3137 743 3203 quanto
775 3147 834 3184 se
863 3131 1104 3186 strictius
1138 3131 1425 3207 colligatos
1459 3132 1741 3187 charitatis
1771 3131 1874 3187 fos-
1901 3125 1950 3196 C.
1972 3130 2365 3197 servientibus,
2414 3128 2705 3184 ecclesiam
2735 3128 2805 3182 de
2860 3127 3041 3183 Boens
3071 3143 3194 3182 cum
3228 3126 3488 3182 omnibus
3519 3125 3586 3180 ad

257 3222 392 3276 dere
425 3236 539 3275 non
565 3220 841 3294 ignorant.
871 3219 1217 3291 Quapropter
1254 3221 1604 3276 notificamus
1635 3237 1875 3291 praesen-

258 3311 409 3368 tibus
449 3317 503 3366 et
533 3310 753 3378 futuris,
795 3327 958 3382 quam
985 3311 1213 3382 speciali
1253 3310 1618 3366 familiaritate
1650 3311 1866 3367 Cabilo-

255 3403 450 3459 nensis
471 3411 525 3458 et
541 3402 888 3458 Divionensis
911 3401 1152 3458 Ecclesia
1174 3418 1295 3457 sese
1323 3411 1513 3457 mutuo
1540 3402 1872 3477 colligarint,

253 3505 316 3552 ut
355 3495 520 3565 hujus
550 3494 864 3551 dilectionis
911 3493 1112 3561 foedus,
1146 3494 1295 3565 quod
1351 3493 1730 3549 Cabilonensis
1783 3495 1876 3549 Ec-

250 3586 422 3642 clesia
455 3602 580 3642 cum
611 3584 931 3642 Divionensi
961 3601 1086 3640 cum
1115 3600 1314 3658 magna
1335 3584 1628 3638 devotione
1652 3583 1798 3651 iniit,
1822 3590 1874 3639 et

247 3680 400 3754 quod
428 3679 778 3736 Divionensis
817 3695 849 3734 a
877 3678 1225 3734 Cabilonensi
1266 3695 1390 3733 cum
1439 3695 1638 3751 magna
1667 3679 1871 3750 gratia-

249 3786 374 3825 rum
439 3769 656 3826 actione
695 3767 997 3839 acceperit,
1041 3767 1192 3822 nulla
1253 3765 1552 3821 oblivionis
1606 3773 1877 3822 vetustate

253 3863 405 3936 apud
454 3869 705 3934 posteros
760 3862 1030 3930 deleatur,
1082 3862 1232 3918 nulla
1280 3877 1522 3933 unquam
1582 3861 1877 3917 discordia:

251 3952 521 4009 scissione
565 3957 874 4024 rumpatur.
922 3952 1080 4008 Anno
1128 3951 1319 4023 itaque
1348 3951 1502 4006 Dom.
1543 3951 1878 4007 lncarnatio-

255 4046 343 4101 nis
373 4046 505 4099 1111
544 4045 800 4100 dominus
830 4043 1122 4099 Walterius
1153 4043 1530 4099 Cabilonensis
1559 4044 1876 4114 episcopus,

256 4145 312 4194 et
339 4139 578 4193 domnus
615 4139 838 4194 Jareuto
869 4136 1218 4193 Divionensis
1245 4136 1434 4202 abbas,
1464 4137 1628 4191 talem
1659 4137 1800 4190 inter
1819 4153 1878 4191 se

255 4241 312 4290 et
357 4233 822 4307 congregationes
857 4233 964 4288 sibi
995 4219 1331 4288 commissas
1363 4233 1682 4288 societatem
1727 4231 1874 4286 inie-

254 4331 403 4389 runt,
433 4331 489 4379 et
530 4340 651 4379 cum
689 4326 864 4379 brevis
897 4325 966 4378 de
996 4325 1262 4380 canonico
1322 4323 1677 4380 Cabilonensi
1708 4342 1877 4382 vene-

255 4413 328 4468 rit
366 4411 673 4477 Divionem,
731 4413 817 4467 vel
869 4412 937 4467 de
984 4412 1256 4468 monacho
1283 4412 1600 4468 Divionensi
1656 4412 1871 4466 venerit

1975 3237 2094 3276 eam
2153 3218 2582 3291 pertinentibus,
2638 3217 2898 3273 videlicet
2942 3218 3121 3284 terris,
3170 3217 3360 3288 pratis,
3413 3216 3584 3282 silvis,

1974 3310 2152 3382 aquis,
2187 3325 2251 3364 ea
2296 3308 2613 3364 conditione
2652 3313 2711 3361 ut
2748 3307 2856 3378 ipsi
2883 3307 2939 3360 in
2963 3311 3293 3378 perpetuum
3325 3307 3586 3372 habeant,

1975 3409 2202 3457 teneant
2234 3407 2289 3455 et
2316 3400 2660 3472 possideant,
2695 3415 2758 3454 ac
2792 3413 2890 3470 pro
2937 3398 3099 3454 nobis
3131 3399 3330 3454 Christi
3360 3406 3589 3455 exorent

1974 3494 2354 3549 clementiam:
2389 3499 2443 3547 et
2473 3493 2604 3564 quia
2633 3492 2826 3546 eadem
2859 3491 3095 3546 ecclesia
3115 3493 3400 3562 pertinens
3430 3499 3592 3547 estet

1973 3586 2224 3655 subjecta
2257 3585 2503 3640 ecclesiae
2537 3583 2723 3638 Sancti
2771 3583 3044 3638 Vincentii
3094 3583 3499 3644 Cabilonensis.
3531 3591 3592 3639 ut

1976 3681 2284 3747 videbatur,
2317 3696 2371 3732 in
2413 3678 2653 3748 capitulo
2693 3679 2938 3752 generali
2972 3679 3094 3749 ipso
3135 3678 3226 3733 die
3251 3679 3591 3735 inventionis

1977 3769 2151 3825 sancti
2188 3768 2463 3824 Vincentii
2490 3784 2620 3822 cum
2671 3767 2903 3822 consilio
2933 3773 2986 3822 et
3020 3767 3302 3822 voluntate
3359 3769 3592 3823 canoni-

1978 3879 2166 3920 corum
2214 3861 2461 3932 ejusdem
2493 3859 2764 3927 ecclesiae,
2807 3859 3017 3914 domini
3058 3859 3317 3915 videlicet
3357 3860 3588 3915 Jotsaldi

1981 3957 2196 4024 decani,
2229 3954 2473 4029 llugonis
2502 3953 2765 4020 cantoris,
2794 3953 3018 4008 Ansidei
3050 3953 3446 4021 archidiaconi,
3479 3955 3592 4009 Hu-

1980 4048 2140 4118 gonis
2165 4045 2232 4100 de
2264 4045 2508 4111 miliaco,
2544 4043 2788 4099 Rotberti
2830 4045 2897 4098 de
2933 4043 3258 4111 Mirmanda,
3300 4045 3589 4100 Raimondi

1979 4141 2048 4194 de
2090 4139 2367 4204 Bussiaco,
2400 4137 2678 4207 Rodulphi
2716 4137 2950 4210 Siguini,
3005 4136 3268 4207 Stephani
3306 4137 3472 4191 Bruni
3505 4154 3592 4192 ar-

1979 4231 2398 4304 chipresbyteri,
2445 4238 2499 4286 et
2553 4238 2878 4286 caaterorum
2920 4231 3013 4301 qui
3051 4229 3367 4293 adfuerunt.
3418 4231 3592 4302 majo-

1982 4343 2098 4380 rum
2139 4325 2254 4381 sive
2294 4325 2593 4390 minorum,
2649 4324 2754 4380 hoc
2804 4324 3011 4379 donum
3065 4323 3263 4379 factum
3306 4330 3387 4378 est
3427 4331 3591 4395 atque

1970 4414 2352 4471 confirmatum
2375 4416 2523 4471 dono
2557 4415 2663 4470 mei
2691 4414 2883 4469 annuli
2909 4415 2964 4468 in
2993 4431 3160 4470 manu
3180 4416 3426 4485 praedicti
3444 4417 3593 4486 prio-

255 4503 598 4571 Cabilonem,
646 4504 828 4559 statim
867 4520 966 4577 pro
1007 4520 1073 4560 eo
1124 4503 1217 4560 fiat
1266 4504 1574 4576 plenarium
1629 4496 1948 4565 officiumD
1977 4505 2069 4558 ris.
2113 4495 2380 4570 Quoniam
2414 4503 2579 4576 igitur
2607 4520 2636 4556 a
2686 4503 2954 4558 memoria
2995 4503 3102 4558 cito
3159 4502 3383 4563 labitur.
3443 4504 3592 4575 quod

255 4604 629 4666 mortuorum;
684 4599 790 4654 hoc
821 4605 906 4654 est
935 4599 1124 4671 vigilia
1159 4606 1213 4654 et
1243 4599 1434 4667 missa,
1469 4607 1524 4654 et
1554 4614 1621 4654 eo
1672 4600 1762 4654 die
1792 4600 1884 4662 ha_

253 4693 381 4748 beat
422 4691 798 4764 praebendam.
833 4691 1038 4746 Praeter
1090 4692 1210 4746 haac
1249 4691 1414 4746 etiam
1465 4697 1725 4748 statutum
1772 4698 1877 4769 est,

252 4791 314 4839 ut
362 4783 418 4837 in
465 4782 816 4839 hebdomada
845 4790 971 4855 post
1000 4783 1340 4839 Dominicam
1389 4785 1588 4839 mediae
1622 4784 1868 4849 Quadra-

251 4873 480 4949 gesima“:
529 4873 622 4928 fiat
653 4873 799 4944 apud
839 4881 1104 4945 utrosque
1154 4889 1255 4944 pro
1310 4873 1559 4946 utrisque
1606 4876 1867 4949 generale

254 4962 498 5019 officium
523 4970 576 5018 et
604 4962 796 5017 missa.
826 4961 1107 5018 Concessit
1139 4969 1401 5032 praeterea
1434 4961 1689 5033 praefatus
1710 4962 1866 5018 dom-

253 5072 360 5110 nus
389 5055 526 5111 Wal.
561 5055 861 5126 episcopus
892 5055 1100 5110 domno
1141 5053 1323 5109 abbati
1363 5054 1469 5109 Jar.
1506 5063 1561 5110 et
1608 5054 1868 5110 omnibus

256 5145 680 5202 successoribus
710 5147 850 5215 ejus,
894 5161 1060 5200 unam
1100 5145 1478 5201 canonicalem
1510 5145 1864 5216 praebendam

255 5240 526 5314 integram
549 5247 604 5294 et
624 5239 1004 5311 quotidianam
1036 5237 1093 5293 in
1129 5238 1369 5294 ecclesia
1389 5237 1562 5293 sancti
1594 5238 1864 5294 Vincentii

256 5349 421 5405 quam
479 5331 624 5386 idem
678 5333 918 5388 domnus
969 5331 1144 5387 abbas
1179 5330 1456 5388 concessit
1486 5331 1756 5387 monacho
1782 5330 1868 5384 Di-

254 5425 510 5482 vionensi
547 5425 694 5498 apud
742 5435 987 5480 sanctam
1018 5425 1241 5480 Mariam
1280 5425 1674 5491 commanenti,
1733 5433 1788 5479 et
1813 5432 1874 5481 ut

257 5516 566 5572 monachus
633 5515 777 5570 idem
813 5515 958 5585 apud
1014 5525 1265 5571 sanctum
1321 5514 1668 5569 Vincentium
1709 5517 1874 5586 septi-

259 5621 478 5660 manam
532 5605 714 5672 faciat,
757 5612 812 5659 et
841 5603 1189 5660 Divionensis
1220 5604 1456 5660 ecclesia
1507 5605 1873 5676 elcemosynaz

255 5698 420 5767 hujus
450 5713 636 5765 causa,
671 5697 1023 5753 Cabilonensi
1055 5699 1308 5754 ecclesiae
1342 5705 1395 5753 et
1435 5697 1797 5770 corporaliter
1821 5705 1874 5754 et

255 5787 621 5858 Spiritualitcr
645 5801 744 5859 pro
786 5801 946 5860 posse
976 5787 1261 5844 servitium
1292 5787 1602 5860 impendat.

1988 4612 2098 4652 non
2129 4595 2240 4651 cito
2265 4595 2550 4665 scripturae
2579 4593 2827 4661 traditur,
2868 4594 2935 4649 ad
2976 4593 3382 4670 munimentum
3417 4597 3592 4665 possi-

1985 4687 2255 4752 dentium,
2315 4695 2615 4758 contraque
2679 4686 2945 4758 quaarelas
3007 4687 3394 4756 invidentium,
3451 4689 3593 4745 hanc

1983 4782 2228 4836 chartam
2267 4777 2385 4834 fieri
2417 4778 2691 4833 voluimus
2731 4787 2895 4851 atque
2944 4779 3347 4847 mandavimus,
3375 4789 3594 4836 nostra-

1969 4887 2075 4943 que
2115 4868 2436 4924 auctoritate
2486 4869 2980 4924 corroboravimus.
3027 4869 3250 4924 Factum
3303 4877 3387 4925 est
3427 4870 3593 4945 igitur

1969 4962 2073 5016 hoc
2103 4959 2309 5014 donum
2341 4957 2398 5012 in
2432 4957 2781 5013 Cabilonensi
2813 4958 3031 5013 civitate
3068 4957 3125 5011 in
3150 4958 3389 5030 capitulo
3417 4975 3590 5016 cano-

1970 5052 2220 5107 nieorum
2251 5066 2447 5105 mense
2477 5050 2785 5121 Septembri
2819 5068 2871 5104 1x
2911 5050 3026 5104 Kal.
3058 5049 3174 5107 Oct.
3207 5066 3355 5107 anno
3387 5053 3455 5108 ab
3501 5055 3592 5107 ln-

1969 5161 2120 5200 carn.
2154 5143 2309 5198 Dom.
2367 5143 2504 5197 HM
2531 5150 2727 5214 epacta
2755 5159 2914 5211 xxm,
2957 5142 3235 5199 Ludovico
3268 5159 3395 5219 rege
3432 5145 3594 5201 Fran.

1969 5256 2157 5298 corum
2189 5245 2458 5312 regnante
2472 5281 2484 5295 .

2721 5329 2840 5384 VlI.

1977 5415 2196 5479 Donum
2220 5421 2424 5479 Galtm‘
2451 5423 2687 5496 episcopi
2725 5422 2969 5496 Gabilon.
3002 5423 3100 5478 sub
3134 5425 3286 5479 Petro
3322 5427 3590 5480 Firmita-

2626 5494 2698 5548 tis
2728 5494 2934 5548 abbate.

2047 5607 2245 5663 Notum
2280 5605 2350 5661 sit
2377 5606 2638 5662 omnibus
2678 5607 2828 5679 quod
2859 5607 3097 5663 domnus
3128 5605 3403 5662 Galterius
3438 5605 3598 5660 Cabi-

1977 5696 2224 5752 lonensis
2253 5695 2570 5766 episcopus,
2607 5711 2898 5751 successor
2954 5694 3141 5750 domni
3190 5693 3418 5748 Jotsaldi
3451 5710 3594 5763 pra:-

1975 5788 2097 5844 fatze
2122 5788 2357 5844 civitatis
2382 5787 2652 5859 episcopi,
2679 5795 2803 5859 post
2821 5787 3102 5842 decessum
3129 5783 3315 5839 domni
3341 5783 3591 5852 Jotsaldi,
