3938 6206
415 282 551 338 1179

1414 275 1697 331 llADULFl
1736 271 2047 329 TORTABII
2087 269 2379 328 MONACHI
2421 272 2717 329 FLORIAC.

3614 279 3755 334 1180

407 415 606 480 maria,
661 413 836 467 altera
863 411 1189 467 secundaria
1239 410 1351 465 diei
1381 412 1572 479 potest.
1621 408 1898 464 Primaria
1951 421 2019 460 ea:
2042 405 2266 478 Aleum
2297 406 2355 461 in
2383 407 2620 463 ecclesia
2669 409 2846 464 Beatae
2889 408 3090 475 Mariae,
3141 425 3265 482 quae
3286 410 3402 479 jam
3444 425 3551 482 per
3574 411 3750 467 bien-

407 506 709 570 Adelberto,
742 505 1073 569 Adrevaldo,
1103 503 1156 559 S.
1189 503 1369 559 Odone
1397 503 1607 567 abbate,
1630 502 1860 571 aliisque
1888 515 2019 569 pro-

406 596 608 662 fertur,
647 597 908 649 nimirum
957 594 1244 648 tumulatio
1298 592 1354 648 S.
1388 591 1661 648 Benedicti
1698 592 1757 644 in
1796 590 2023 644 basilica

405 683 616 739 Sancta:
638 685 828 738 Mariw
860 684 947 737 die
983 698 1035 738 ιν
1088 681 1385 737 Decembris
1432 679 1600 745 facta.
1643 680 1851 747 Quippe
1900 692 2019 732 cum

406 776 463 831 S.
494 775 765 830 Benedicti
803 789 994 844 corpus
1039 789 1106 828 ea:
1143 778 1316 828 monte
1359 772 1551 827 Casino
1605 771 1931 825 translatum
1960 771 2020 823 in

404 872 794 924 monasterium
822 870 1172 934 Floriacense,
1205 868 1293 921 die
1323 884 1359 921 ιι
1388 867 1523 921 Julii
1551 868 1609 920 in
1638 866 1935 920 oratorium
1958 864 2015 919 S.

408 959 559 1013 Petri
575 958 874 1028 depositum
901 960 1123 1025 fuisset;
1168 959 1224 1011 in
1252 972 1309 1011 eo
1363 957 1559 1010 tandiu
1594 956 1814 1021 mansit,
1853 954 2021 1009 donec

407 1064 559 1103 sacro
595 1051 809 1119 corpori
845 1063 1086 1115 congrua
1105 1047 1251 1101 sedes
1282 1048 1342 1100 in
1369 1047 1587 1100 ecclesia
1607 1047 1665 1101 S.
1705 1046 1895 1100 Maria:
1916 1059 2022 1114 pa-

407 1145 641 1208 raretur,
680 1142 777 1195 ubi
805 1141 1021 1195 tandem
1067 1140 1383 1194 collocatum
1418 1140 1591 1206 fuisse
1616 1138 1795 1209 pridie
1841 1138 2023 1193 Nonas

410 1231 730 1287 Decembris
754 1235 946 1287 narrat
971 1232 1290 1287 Adelbertus
1320 1232 1631 1295 monachus,
1656 1235 1703 1284 et
1733 1232 2020 1285 Aimoinus

404 1330 529 1397 post
557 1342 676 1380 eum
704 1328 768 1380 in
792 1326 969 1381 libello
995 1329 1067 1381 De
1083 1327 1431 1380 translatione
1452 1326 1509 1381 S.
1542 1325 1836 1380 Benedicti.
1856 1326 2023 1379 Porro

410 1419 790 1475 tumulationis
822 1435 914 1474 seu
952 1419 1322 1490 depositionis
1357 1421 1414 1475 S.
1449 1419 1720 1474 Benedicti
1747 1419 1895 1473 dicta
1916 1419 2028 1472 haec

409 1513 543 1580 dies,
570 1514 639 1567 ab
668 1528 724 1568 eo
746 1518 977 1582 tempore
1006 1513 1268 1567 celebrata
1293 1516 1367 1566 est
1398 1516 1511 1566 tum
1545 1513 1796 1577 Floriaci,
1830 1516 1941 1566 tum
1968 1514 2027 1566 in

410 1604 685 1673 plerisque
728 1604 922 1660 Gallice
949 1605 1312 1668 monasteriis,
1346 1608 1403 1658 ut
1430 1608 1617 1658 auctor
1644 1607 1723 1658 est
1751 1604 2024 1660 Adreval-

409 1691 510 1745 dus
540 1694 597 1744 in
624 1692 763 1745 libro
800 1696 873 1746 De
901 1693 1203 1757 miraculis,
1229 1708 1350 1762 cap.
1388 1692 1492 1747 ἓξὲξ
1527 1692 1787 1747 Solemne
1828 1692 2023 1747 festum

413 1780 787 1851 impendebat,
814 1784 1011 1852 inquit,
1047 1780 1220 1835 sancti
1252 1780 1585 1836 confessoris
1616 1780 1811 1835 Christi
1846 1782 2025 1835 Bene-

410 1870 562 1936 dicti,
593 1870 740 1941 quod
776 1886 842 1925 ex
868 1871 1037 1926 veteri
1079 1871 1482 1927 consuetudine
1512 1873 1809 1943 quotannis
1843 1872 2024 1943 pridie

411 1966 684 2019 Nonarum
714 1966 1093 2021 Decembrium
1122 1967 1321 2041 agitur,
1372 1982 1483 2039 quo
1532 1977 1839 2023 conventus
1886 1967 2026 2023 mul-

411 2064 589 2111 torum
615 2058 944 2128 populorum
996 2059 1068 2113 ob
1118 2060 1251 2114 tanti
1301 2060 1621 2116 memoriam
1672 2061 1846 2115 Patris
1895 2076 2030 2116 con-

411 2150 584 2203 ﬂuere
616 2150 950 2204 monasterio
978 2150 1138 2205 solet.
1197 2154 1265 2206 Et
1310 2157 1529 2207 sanctus
1575 2153 1728 2208 Oddo
1758 2154 1924 2208 abbas
1970 2155 2033 2207 in

411 2253 648 2291 sermone
695 2238 761 2291 de
808 2243 994 2293 sancto
1048 2240 1326 2294 Benedicto
1364 2242 1482 2307 agit
1535 2241 1603 2295 de
1643 2248 1834 2296 sancta
1884 2241 2033 2295 illius

410 2327 789 2393 translatione,
821 2344 1042 2384 necnon
1073 2336 1128 2383 et
1148 2331 1536 2397 tumulatione,
1565 2348 1690 2402 qua:
1725 2335 1802 2387 sic
1830 2332 2035 2387 divini-

414 2428 499 2472 tus
525 2435 645 2473 esse
676 2419 963 2491 disposita,
997 2422 1167 2475 multa
1197 2421 1482 2497 signorum
1513 2431 1641 2478 sunt
1671 2424 2027 2480 documenta.

410 2515 473 2568 In
499 2514 783 2569 Chartario
814 2516 1222 2582 Patriciacensi,
1255 2518 1404 2587 quod
1427 2520 1726 2587 Stephanus
1756 2519 2026 2576 Gerardus

413 2603 471 2654 in
492 2602 803 2657 Collectione
821 2610 1278 2659 monumentorum
1299 2608 1629 2673 Burgundia:
1647 2609 1837 2676 edidit,
1860 2610 2027 2679 hujus

409 2694 539 2758 festi
574 2696 638 2761 ﬁt
665 2697 857 2749 mentio
895 2697 953 2749 in
997 2696 1202 2751 chartis
1231 2698 1323 2762 29,
1364 2698 1433 2753 3‘2
1462 2704 1513 2753 et
1542 2700 1632 2765 34,
1664 2701 1756 2755 ubi
1798 2707 2027 2756 vocatur

413 2780 577 2836 missa
592 2782 765 2837 sancti
799 2783 1080 2840 Benedicti
1111 2801 1234 2856 quae
1256 2793 1338 2840 est
1367 2788 1422 2841 in
1456 2804 1646 2843 mense
1674 2790 2015 2846 Decembrio.

409 2872 599 2936 Missa,
634 2872 693 2925 id
727 2877 804 2927 est
838 2874 1057 2940 festum,
1089 2875 1233 2943 quod
1262 2878 1316 2928 in
1363 2881 1584 2932 vetustis
1616 2881 2020 2948 Martyrologiis

409 2975 577 3029 quam
603 2961 787 3016 multis
812 2963 1133 3031 inscriptum
1170 2966 1459 3032 reperitur.
1489 2967 1552 3021 In
1590 2967 1890 3023 Corbeiensi
1914 2971 2021 3023 Ka-

413 3055 656 3110 lendaria
693 3059 895 3127 scripto
935 3059 1004 3111 ab
1054 3062 1213 3113 annis
1256 3062 1595 3128 octingentis,
1642 3065 1789 3133 quod
1857 3066 2021 3120 Libro

414 3146 688 3201 Pastorali
723 3149 780 3203 S.
843 3149 1092 3216 Gregorii
1129 3153 1505 3219 praemittitur,
1566 3155 1797 3209 habetur
1845 3156 2022 3226 pridie

411 3235 592 3291 Nonas
619 3237 936 3294 Decembris
973 3240 1248 3310 depositio
1282 3243 1560 3299 Benedicti
1591 3244 1825 3302 abbatis.
1858 3251 2025 3303 Deni-

413 3346 516 3400 que
551 3332 764 3397 vigebat
822 3334 996 3387 adhuc
1036 3334 1416 3391 tumulationis
1466 3339 1781 3394 vocabulum
1835 3343 2024 3397 stmulo

412 3421 744 3489 duodecimo,
799 3428 859 3479 ut
894 3430 1103 3481 constat
1155 3443 1219 3481 ea:
1251 3428 1462 3497 Rodulﬁ
1514 3431 1753 3485 Tortarii
1781 3433 1919 3487 libro
1950 3437 2024 3489 De

412 3518 692 3573 miraculis
719 3522 895 3575 sancti
920 3523 1207 3590 Benedicti,
1258 3539 1377 3594 cap.
1410 3525 1477 3580 33
1506 3529 1562 3581 in
1600 3528 1706 3583 haec
1752 3532 1930 3583 verba.
1964 3532 2023 3585 ln

414 3608 589 3663 Patris
625 3610 792 3685 igitur
829 3614 1194 3670 tumulatione
1250 3633 1373 3687 quae
1404 3617 1461 3671 in
1520 3619 1719 3675 diebus
1752 3621 2021 3679 Dominici

415 3697 696 3753 Adventus
730 3716 828 3771 per
874 3717 1070 3758 omnes
1108 3705 1308 3760 Gallias
1363 3709 1644 3763 annuatim
1688 3726 1809 3765 cum
1867 3727 2023 3767 reve-

415 3789 590 3844 rentia
632 3792 919 3859 excolitur,
954 3795 1171 3862 mulier,
1205 3802 1302 3853 etc.
1336 3801 1424 3853 Ec
1454 3801 1648 3869 quibus
1677 3807 2030 3873 perspicuum

419 3886 497 3934 est
550 3884 731 3950 qualis
780 3886 955 3952 fuerit
1010 3887 1173 3957 hujus
1224 3890 1549 3946 celebritatis
1589 3894 1865 3950 institutio
1911 3899 2031 3967 pri-

418 3988 617 4027 maria.

492 4066 543 4119 3.
596 4066 987 4125 Secundariam
1036 4073 1201 4138 refert
1255 4074 1563 4129 Diedericus
1628 4079 2027 4145 Ilersfeldensis

419 4154 722 4211 Germanice
771 4160 1081 4225 monachus,
1121 4163 1305 4230 quiin
1333 4164 1662 4220 Floriacensi
1702 4172 2029 4225 monasterio

418 4247 517 4301 sub
543 4249 764 4303 initium
801 4252 984 4306 seaculi
1008 4268 1059 4305 χι
1090 4254 1187 4306 diu
1231 4262 1610 4325 rommoratus,
1648 4264 1770 4328 post
1798 4263 2032 4317 reditum

419 4337 478 4389 in
500 4338 741 4404 patriam
770 4340 1131 4407 interrogatus
1161 4342 1462 4411 aliquando
1486 4361 1521 4399 a
1547 4348 1820 4403 Richardo
1848 4351 2034 4404 Amer-

2051 1738 2098 1805 Β

2122 495 2272 550 nium
2303 496 2387 550 sui
2418 498 2688 552 manseris
2713 498 3004 569 praesentia
3029 509 3301 556 caruerat.
3337 501 3488 557 Unde
3537 506 3749 557 statue-

2119 593 2249 643 runt
2266 590 2522 660 episcopi,
2554 593 2650 659 qui
2681 592 2763 645 rei
2782 593 3349 659 gestaiinterfaerunt,
3382 597 3444 648 ut
3470 593 3746 665 quoniam

2121 679 2315 735 relatio
2354 686 2411 736 et
2438 680 2610 737 illatio
2633 682 2830 737 eodem
2861 682 2952 738 die
2982 698 3128 739 anno
3158 683 3409 740 revoluto
3438 684 3604 740 factae
3624 684 3753 739 fue-

2119 774 2241 823 rant
2281 770 2567 825 annuatim
2597 770 2750 826 omni
2788 778 3039 843 tempore
3077 771 3246 829 futuri
3286 773 3388 828 aevi
3418 773 3757 830 solemniter

2120 856 2316 912 eodem
2347 856 2438 913 die
2470 875 2568 929 per
2593 867 2761 915 totam
2792 859 3021 915 Galliam
3050 861 3445 919 celebraretur.
3500 863 3761 933 Denique

2120 966 2177 1004 in
2223 951 2401 1006 eodem
2458 951 2594 1007 libro
2633 952 2778 1008 idem
2824 956 3014 1007 auctor
3053 952 3232 1008 tradit
3291 953 3752 1009 Carolomannum

2122 1039 2302 1110 (quem
2333 1041 2667 1110 Sigebertum
2714 1057 2816 1112 per
2868 1057 3102 1098 errorem
3130 1043 3400 1114 nominat)
3438 1048 3567 1114 post
3609 1046 3753 1100 hanc

2120 1134 2432 1188 relationem
2476 1136 2703 1189 missum
2741 1150 2851 1190 esse
2898 1137 2953 1190 in
2997 1135 3224 1201 Gallias,
3280 1136 3355 1190 ad
3387 1137 3751 1208 repetendum

2121 1236 2313 1293 corpus
2365 1224 2420 1279 S.
2460 1224 2752 1290 Benedicti,
2793 1225 2938 1295 quod
2971 1226 3078 1281 Deo
3106 1232 3441 1296 repugnante
3481 1227 3752 1293 infectum

2123 1322 2215 1375 sit.
2256 1319 2375 1375 Ηοτο
2416 1322 2759 1376 Diedericus:
2797 1322 2954 1391 cujus
2995 1321 3155 1390 fidem
3209 1324 3401 1377 hacin
3435 1339 3494 1377 re
3537 1324 3753 1378 elevant

2126 1416 2266 1471 Socii
2292 1417 2645 1472 Bollandiani
2671 1419 2729 1470 in
2771 1432 2867 1472 suo
2896 1417 3110 1483 Martio,
3143 1419 3239 1472 ubi
3288 1434 3352 1472 ea
3387 1433 3511 1488 quae
3533 1418 3603 1473 de
3649 1419 3750 1474 hac

2125 1507 2369 1562 illatione
2387 1507 2700 1562 aDierlerico
2724 1510 3056 1575 referuntur,
3078 1513 3569 1578 praetermiserunt,
3593 1510 3747 1582 quia,

2127 1602 2402 1670 inquiunt,
2445 1599 2560 1654 fere
2592 1601 2974 1655 commentitia
3010 1607 3159 1668 sunt,
3203 1608 3257 1656 et
3288 1601 3436 1672 apud
3473 1601 3750 1657 Joannem

2129 1693 2379 1748 Boscium
2424 1694 2531 1766 legi
2574 1699 2824 1764 possunt,
2881 1696 3118 1749 contenti
3144 1695 3382 1764 simplici
3415 1698 3755 1766 expositione

2124 1791 2324 1856 gemini
2361 1790 2617 1843 miraculi
2648 1789 2714 1844 de
2745 1790 2916 1857 glacie
2953 1790 3052 1844 sub
3104 1805 3329 1860 corpore
3368 1793 3551 1846 sancti
3577 1793 3752 1847 Bene-

2126 1881 2261 1935 dicti
2288 1882 2429 1935 ultro
2471 1882 2669 1947 soluta,
2726 1888 2777 1935 et
2817 1882 2883 1936 de
2930 1882 3213 1937 arboribus
3258 1884 3667 1953 erumpentibus
3696 1886 3754 1938 in

2126 1977 2297 2043 ﬂores.
2336 1971 2492 2038 Quod
2542 1976 2720 2026 tamen
2762 1976 3054 2042 utrumque
3109 1972 3221 2027 sibi
3261 1981 3585 2044 suspectum
3647 1989 3755 2028 esse

2128 2065 2373 2129 fatentur
2412 2063 2471 2115 in
2501 2062 2944 2116 adnotationibus
2980 2061 3053 2115 ad
3088 2062 3395 2117 Adrevaldi
3450 2063 3657 2118 librum
3691 2067 3759 2120 De

2129 2150 2407 2205 miraculis
2446 2152 2623 2205 sancti
2652 2150 2947 2217 Benedicti,
2978 2165 3127 2205 num.
3160 2150 3250 2206 19.

2202 2244 2255 2298 4.
2295 2246 2495 2299 Verum
2539 2244 2825 2313 aequiorem
2864 2246 2947 2311 (ut
2975 2258 3196 2314 sperare
3237 2243 3378 2308 licet;
3426 2248 3756 2301 sententiam

2130 2333 2268 2399 feret
2293 2333 2532 2402 prudens
2559 2332 2737 2399 lector,
2792 2334 2844 2387 si
2879 2333 3172 2388 attenderit
3203 2349 3311 2389 non
3342 2335 3517 2389 solum
3565 2336 3756 2391 Diade-

2128 2430 2299 2482 ricum
2322 2428 2463 2482 hanc
2489 2428 2754 2482 illationis
2780 2428 3067 2483 historiam
3104 2430 3300 2485 litteris
3327 2429 3641 2501 mandasse,
3667 2432 3758 2487 sed

2127 2519 2288 2571 etiam
2326 2518 2622 2583 Rodulfum
2640 2519 2973 2585 Tortarium,
3000 2522 3216 2573 Petrum
3241 2519 3488 2574 abbatem
3521 2521 3753 2577 Clunia-

2127 2623 2348 2673 censem,
2396 2608 2766 2663 Venerabilem
2811 2607 3038 2675 dictum,
3092 2608 3570 2679 chronographum
3619 2613 3751 2666 Flo-

2125 2706 2417 2758 riarensem
2446 2703 2595 2772 apud
2622 2703 2909 2759 Ghesnium
2940 2704 3100 2759 initio
3120 2704 3503 2759 historicorum
3547 2707 3751 2763 North-

2119 2809 2460 2860 mannorum,
2480 2793 2723 2864 aliosque
2744 2793 2938 2849 multos
2966 2794 3144 2848 eodem
3174 2808 3401 2863 prorsus
3418 2794 3584 2850 modo
3612 2800 3758 2850 retu~

2121 2894 2263 2947 lisse.
2297 2889 2567 2955 Rodulfus
2600 2891 2879 2943 Tortarius
2922 2890 3288 2945 Cluniacensis
3319 2891 3622 2945 monachus
3654 2891 3750 2946 sub

2121 2983 2337 3036 initium
2377 2979 2560 3034 swculi
2587 2995 2661 3032 xu
2706 2980 2847 3033 inter
2873 2979 2987 3033 alia
3015 2982 3233 3035 matrice
3278 2980 3528 3036 reddidit
3556 2984 3748 3038 Histo-

2122 3071 2263 3124 riam
2292 3069 2667 3123 translationis
2698 3069 2938 3138 corporis
2962 3068 3017 3124 S.
3035 3069 3312 3125 Benedicti
3335 3071 3395 3124 in
3426 3070 3752 3140 Galliam,et

2122 3164 2378 3217 miraculi
2394 3163 2656 3230 poematis
2685 3162 2775 3215 sui
2796 3161 2905 3216 haec
2924 3160 3082 3216 addit
3110 3178 3124 3215 :

2195 3250 2320 3306 Post
2350 3249 2611 3304 tumulata
2638 3249 2761 3320 pius
2799 3264 2922 3320 qua:
2952 3250 3122 3323 gessit
3153 3250 3400 3307 membra
3449 3260 3742 3326 patronus,

2268 3345 2393 3399 llzec
2420 3344 2585 3399 simul
2616 3345 2720 3399 hac
2749 3361 2858 3399 una
2897 3359 3143 3420 congero
3173 3346 3458 3421 paginula.

2196 3433 2459 3489 Astrictus
2488 3434 2666 3508 glacie
2697 3434 2855 3506 Liger
2885 3434 3084 3503 amnis,
3120 3442 3369 3507 tempore
3402 3436 3624 3494 brumae

2268 3528 2477 3582 Praebet
2508 3527 2611 3582 iter
2637 3534 2829 3583 sancto
2862 3528 3049 3584 nobile
3078 3528 3328 3603 legifero.

2198 3621 2493 3692 lmponunt
2523 3620 2648 3675 navi
2674 3620 2794 3674 sine
2820 3621 3031 3694 remige
3062 3621 3310 3677 membra
3350 3624 3631 3699 magistri,

2265 3709 2587 3781 Oppositum
2620 3709 2826 3764 ﬂumen
2848 3724 2957 3782 quo
2974 3717 3124 3765 secat
3141 3717 3196 3766 et
3224 3709 3459 3787 glaciem

2203 3799 2376 3855 Floret
2410 3798 2704 3866 Floriacus,
2747 3798 2863 3854 visu
2901 3799 3229 3871 spectabile,
3259 3801 3439 3869 vicus,

2274 3894 2445 3949 Patris
2466 3894 2534 3949 ad
2576 3894 2883 3961 introitum,
2910 3894 3001 3949 lux
3023 3902 3140 3951 erat
3170 3894 3458 3968 effugium.

2205 3990 2342 4045 Hinc
2370 3989 2609 4061 sumpsit
2639 4004 2863 4057 nomen,
2897 3990 3059 4059 cujus
3094 3989 3199 4046 fuit
3236 3998 3366 4047 ante
3397 4008 3670 4051 vocamen

2270 4082 2448 4136 Aurea
2479 4080 2660 4146 Vallis,
2690 4095 2758 4136 eo
2786 4080 2935 4152 quod
2955 4080 3029 4135 sit
3058 4081 3277 4152 opimus
3300 4082 3495 4138 humo.

2129 4177 2315 4228 Petrus
2347 4172 2709 4237 Venerabilis,
2757 4173 2819 4226 in
2870 4172 3068 4242 hymno
3095 4173 3162 4227 de
3189 4174 3553 4229 translatione
3581 4178 3747 4230 sancti

2132 4268 2420 4334 Benedicti,
2449 4267 2605 4337 cujus
2635 4268 2832 4336 hymni
2855 4269 2918 4336 ﬁt
2953 4270 3148 4322 mentio
3181 4270 3239 4322 in
3270 4269 3366 4323 lib.
3412 4285 3488 4335 IV,
3521 4271 3741 4341 epistola

2133 4360 2225 4425 30,
2263 4362 2534 4428 geminum
2571 4360 2665 4414 hoc
2707 4360 2972 4414 illationis
3012 4361 3337 4415 miraculum
3397 4368 3745 4432 repraesentat

419 4426 635 4483 bacensi
677 4429 870 4484 abbate
925 4447 1177 4502 quamam
1224 4449 1388 4489 causa
1444 4436 1640 4492 existat
1697 4439 1849 4495 illius
1882 4426 2220 4506 festi-Ditis
2246 4426 2490 4505 versibus
2527 4465 2539 4501 :

420 4518 607 4574 vitatis
661 4520 964 4576 beatissimi
1037 4523 1209 4579 Patris
1262 4528 1657 4584 monachorum
1725 4531 2030 4597 Benedicti,

420 4630 544 4685 quae
588 4616 734 4686 apud
785 4616 987 4672 Gallias
1034 4620 1314 4691 praecipue
1362 4624 1676 4680 celebratur
1730 4625 1786 4679 in
1833 4626 2033 4683 diebus

420 4708 690 4765 Dominici
741 4711 1019 4768 Adventus
1069 4714 1172 4768 sub
1234 4717 1458 4772 nomine
1497 4718 1781 4784 illationis,
1839 4722 2032 4777 condi-

419 4798 499 4853 dit
522 4815 586 4853 ea
613 4799 679 4853 de
706 4815 763 4855 re
814 4800 1072 4865 libellum,
1129 4804 1186 4857 in
1238 4820 1340 4874 quo
1385 4806 1561 4861 tradit
1607 4823 1826 4863 causam
1868 4809 2032 4880 hujus

420 4893 775 4947 solemnitatis
832 4907 941 4948 esse
984 4894 1292 4950 relationem
1344 4901 1583 4968 corporis
1648 4903 1825 4955 sancti
1876 4903 2033 4956 Bene-

421 4983 556 5037 dicti
595 4984 802 5050 factam
851 4999 921 5039 ea:
976 4986 1109 5040 urbe
1148 4988 1562 5055 Aurelianensi;
1608 4994 1729 5061 post
1765 4992 1970 5048 cladem
1996 5009 2032 5047 a

420 5073 811 5129 Northmannis
838 5075 1053 5131 illatam
1080 5080 1403 5133 monasterio
1438 5080 1795 5149 Floriacensi,
1834 5099 1945 5153 qua
1971 5084 2035 5139 in

418 5169 677 5223 relatione
721 5171 932 5238 Ligeris
972 5172 1143 5241 glacie
1192 5179 1467 5230 concretus
1502 5176 1814 5233 naviculam
1858 5182 2035 5235 sacris

420 5261 666 5330 reliquiis
711 5267 959 5318 onustam
997 5265 1175 5320 soluta
1222 5267 1396 5335 glacie
1438 5282 1548 5338 per
1592 5269 1850 5326 adversus
1893 5271 2036 5326 alvei

421 5367 593 5422 aquas
627 5353 932 5411 Florian
969 5361 1256 5421 revenerit.
1307 5363 1355 5415 et
1403 5362 1621 5417 arbores
1666 5364 1947 5432 eruperint
1974 5365 2037 5418 in

418 5448 596 5514 ﬂores,
627 5447 773 5503 unde
814 5464 1007 5505 nomen
1037 5452 1146 5508 loco
1184 5455 1479 5510 Floriacus.
1525 5457 1626 5511 His
1655 5457 1813 5512 addit
1849 5472 2037 5513 sacras

422 5539 599 5591 sancti
634 5537 911 5592 Benedicti
945 5541 1205 5610 reliquias
1233 5559 1291 5598 eo
1319 5544 1408 5599 die
1437 5545 1494 5599 in
1535 5545 1719 5602 Sancti
1756 5547 1896 5603 Petri
1916 5562 2033 5603 mo-

426 5627 689 5690 nasterio,
732 5626 794 5680 id
814 5632 898 5681 est'
917 5630 1154 5699 ecclesia,
1181 5638 1445 5703 repositas
1472 5639 1664 5705 fuisse,
1692 5645 1743 5694 et
1785 5643 2037 5695 anniver-

426 5715 573 5768 sario
611 5715 701 5768 die
728 5719 990 5783 sequentis
1018 5722 1153 5773 anni
1174 5723 1359 5778 illatas
1405 5724 1461 5779 in
1490 5727 1773 5798 preprium
1814 5744 2039 5787 manso-

2345 4545 2509 4598 Navis
2533 4559 2632 4614 per
2656 4542 2886 4598 ﬂuvium
2915 4549 3009 4597 nat
3037 4544 3161 4598 sine
3190 4544 3429 4616 remige.

2346 4636 2591 4691 Mirando
2612 4634 2842 4710 glaciem
2872 4635 3113 4691 dissecat
3139 4636 3373 4707 impetu,

2345 4730 2527 4786 Sancti
2572 4731 2818 4786 membra
2849 4729 3033 4786 ferens
3062 4731 3225 4786 obvia
3244 4730 3464 4787 ﬂumini

2419 4821 2602 4876 Undas
2622 4828 2767 4876 retro
2798 4821 3136 4876 reverberat.

2345 4911 2610 4967 Eductum
2643 4910 2809 4965 ﬂuvio
2838 4911 3019 4966 sensit
3044 4916 3104 4965 ut
3131 4910 3306 4976 arida,

2347 5001 2463 5057 Non
2481 5014 2681 5057 curans
2716 5000 2887 5077 gelidi
2926 5000 3131 5073 frigora
3151 4999 3439 5071 temporis,

2348 5089 2521 5143 Vestit
2550 5096 2747 5145 cuncta
2776 5089 2934 5145 novis
2972 5088 3098 5146 ilico
3135 5087 3369 5144 ﬂoribus

2418 5176 2621 5232 Mutata
2650 5176 2788 5233 facie
2818 5177 2941 5234 soli.

2139 5270 2368 5325 Tantum
2390 5270 2591 5335 virum,
2620 5268 2706 5322 uti
2732 5271 2783 5321 et
2812 5268 3148 5334 Tortarium,
3176 5266 3294 5322 sola
3332 5266 3631 5334 Diederiei,
3662 5269 3746 5323 ho-

2133 5363 2297 5418 minis
2331 5362 2597 5430 emlranei,
2637 5362 2965 5415 auctoritate
2995 5360 3279 5416 inductum
3318 5359 3432 5415 hac
3470 5363 3746 5432 scripsisse

2134 5472 2242 5512 non
2273 5460 2431 5526 puto,
2461 5454 2557 5511 sed
2583 5456 2813 5510 certiora
2840 5457 3207 5521 monumenta,
3237 5469 3356 5525 quas
3383 5454 3547 5511 nobis
3567 5454 3744 5517 latent,

2135 5544 2199 5601 ob
2253 5545 2430 5601 oculos
2469 5544 2738 5600 habuisse.
2789 5543 2992 5598 Forsan
3048 5544 3143 5598 illo
3192 5544 3254 5597 in
3291 5543 3436 5598 libro
3488 5559 3648 5615 quem
3675 5543 3742 5597 De

2135 5635 2376 5690 adventu
2410 5633 2585 5690 sancti
2620 5633 2905 5689 Benedicti
2926 5633 3108 5689 beatus
3127 5633 3241 5690 Odo
3268 5636 3559 5705 scripsisse
3574 5636 3747 5706 perhi-

2138 5718 2312 5797 betur,
2359 5728 2479 5799 ejus
2507 5729 2590 5784 rei
2623 5729 2822 5783 mentio
2858 5732 2994 5783 erat.
3052 5726 3206 5784 Certe
3258 5728 3556 5784 Ainwinus
3594 5728 3746 5783 initio
