3938 6206
170 308 304 365 1181
1347 312 1688 369 MIRACULA
1728 314 1800 368 SA

1903 312 1954 368 l‘l
1993 311 2365 367 BENEDICTI.
3365 314 3512 373 1182

160 438 288 494 libri
326 454 363 492 ιι
394 441 465 493 De
495 438 800 506 miraculis,
834 441 1065 495 innuero
1084 441 1299 497 videtur
1326 442 1564 499 Floriaco
1590 457 1788 498 nomen
1810 444 1866 513 Α
1889 447 2019 496 sunt
2047 456 2117 496 ea:
2140 442 2408 496 miraculo
2441 444 2661 509 florum,
2700 446 2837 513 quod
2870 454 3268 514 commemorat,
3314 462 3513 503 nomen

163 530 439 589 accessisse
489 548 558 589 ea:
611 535 876 589 miraculo
928 537 1146 601 florum.
1199 536 1532 603 Favorabili,
1586 540 1784 608 inquit,
1889 533 2127 588 Floriaco
2168 535 2463 601 accessisse,
2492 549 2557 589 ac
2585 535 3060 605 Carolomannum,
3101 554 3259 607 quem
3287 540 3396 595 alio
3421 554 3511 595 er-

164 639 422 694 supernaa
458 623 798 698 dignationis
830 626 1124 700 praesagio,
1166 628 1352 684 hocin
1393 644 1504 700 quo
1542 630 1652 685 Deo
1679 646 1785 685 au-
1887 641 2007 681 rore
2044 627 2375 696 Sigebertlt'm
2405 627 2659 696 αρρειιαι.
2698 635 2815 696 Post
2860 631 3062 684 οιαάϐνη
3108 634 3509 689 Νονυιτηαηηο-

164 721 320 772 ctore
378 714 711 771 famulemur
763 717 1098 782 cmnobium,
1156 727 1218 774 ut
1284 720 1561 776 Floriacus
1618 737 1789 778 voca-
1888 730 2015 769 rum
2044 717 2104 769 in
2145 715 2346 770 Gallias
2376 716 2690 785 advenisse),
2733 717 2979 772 sublestate
3004 720 3217 774 videtur
3269 725 3505 777 auctori-

166 811 342 871 retur,
396 803 633 876 accepit,
680 804 774 877 qui
835 805 1032 877 priscis
1086 807 1430 878 temporibus
1463 823 1573 864 non
1622 807 1792 863 dissi-
1891 807 2036 860 tatis.
2062 811 2235 875 Neque
2261 809 2409 861 enim
2455 807 2791 863 Diedericum
2818 811 2991 877 magis
3019 810 3305 865 callentem
3336 814 3512 879 fuisse

172 898 326 953 milis
370 899 562 973 gratiae
596 899 959 972 praerogativa
996 900 1164 955 Vallis
1185 901 1569 958 nominabatur
1595 903 1785 957 Aurea.
1889 912 2073 952 rerum
2112 898 2533 953 Floriacensium
2581 914 2748 968 quam
2801 901 3144 966 Aimoinum,
3204 904 3298 970 qui
3346 902 3511 970 paulo

164 993 288 1043 Hac
313 989 474 1043 verba
502 991 721 1044 omnino
756 997 1054 1045 consonant
1090 991 1349 1046 Diederici
1371 991 1542 1046 verbis
1566 997 1618 1046 et
1658 997 1782 1045 Tor-
1883 996 2013 1044 ante
2037 1005 2163 1044 eum
2188 990 2470 1045 scribebat.
2514 993 2794 1046 Aimoinus
2830 992 3093 1061 siquidem
3123 992 3283 1047 libros
3314 995 3392 1047 De
3409 996 3514 1047 mi-

163 1083 333 1147 tarii;
366 1083 461 1151 qui
485 1081 590 1136 duo
614 1081 874 1151 praedicta
909 1083 1179 1137 miracula
1200 1086 1445 1152 proxime
1465 1090 1581 1153 post
1612 1087 1783 1139 Πέδιοο
1884 1078 2083 1133 racutis
2106 1080 2285 1132 sancti
2308 1079 2578 1133 Benedicti
2594 1082 2807 1148 scripsit
2825 1095 2970 1134 anno
2993 1081 3275 1135 millesimo
3293 1083 3510 1150 quinto;

162 1176 310 1227 riam
355 1175 730 1229 translationis
757 1174 975 1244 subjicit
1021 1175 1185 1244 (quod
1219 1179 1387 1231 etiam
1428 1178 1563 1244 facit
1597 1178 1785 1232 Petrus
1885 1169 2185 1224 Diedericus
2227 1184 2350 1225 vero
2393 1171 2640 1225 libellum
2675 1176 2747 1225 De
2776 1172 3017 1227 illatione
3043 1175 3386 1242 nuncupavit
3422 1177 3517 1228 Ri-

172 1263 516 1332 l’enerobilis)
554 1279 653 1333 per
676 1266 1143 1333 anticipationem,
1174 1279 1284 1319 non
1326 1265 1464 1334 quod
1499 1280 1562 1319 ea
1599 1269 1788 1320 statim
1885 1261 2081 1316 chardo
2103 1262 2480 1317 Amerbacensi
2497 1262 2700 1329 abbati,
2731 1266 2826 1332 qui
2852 1278 3000 1318 anno
3024 1265 3314 1319 millesimo
3345 1269 3515 1335 trige-

163 1368 199 1405 a
230 1353 588 1408 translatione
611 1354 763 1418 facta
791 1354 960 1419 fuisse
990 1354 1293 1418 crediderit,
1357 1357 1441 1409 uti
1487 1357 1660 1410 visum
1711 1362 1789 1410 est
1887 1356 2020 1408 simo
2043 1368 2184 1408 nono
2208 1356 2321 1407 vita
2350 1355 2575 1420 functus
2603 1360 2700 1421 est,
2730 1360 2961 1410 testante
2988 1360 3223 1412 Browero
3252 1359 3315 1412 in
3344 1360 3504 1412 Anti-

165 1446 323 1500 sociis
348 1444 734 1509 Bollandianis,
765 1444 857 1499 sed
883 1447 1013 1513 quia
1070 1452 1184 1499 tam
1208 1448 1421 1515 insigne
1462 1447 1794 1502 miraculum
1890 1448 2164 1515 quitatum
2190 1446 2538 1501 Fuldensium
2583 1462 2700 1516 cap.
2733 1444 2828 1502 20.

171 1538 553 1592 translationis
574 1539 886 1592 narrationi
912 1540 1347 1594 continuandum
1363 1545 1502 1606 erat,
1526 1546 1663 1594 uteac
1686 1555 1795 1596 uno
1961 1532 2014 1587 9-
2070 1538 2341 1588 Postrema
2389 1535 2686 1601 difﬁcultas
2722 1536 2957 1605 ρνοεαῑίι
3011 1552 3080 1591 ϐω
3123 1544 3355 1607 tempore
3409 1553 3514 1608 quo

174 1630 292 1683 alia
322 1629 593 1683 miracula
622 1630 1060 1698 intelligeremus.
1892 1630 2003 1682 huic
2019 1628 2272 1683 accidisse
2305 1629 2585 1697 dicuntur,
2631 1633 2896 1685 nimirum
2941 1638 3057 1700 post
3105 1634 3423 1688 incendium
3461 1640 3514 1690 et

240 1718 294 1771 ὅ.
359 1720 593 1785 Denique
654 1719 964 1773 Aurelianis
1025 1719 1286 1774 hactenus
1339 1728 1515 1775 exstat
1574 1723 1793 1777 ecclesia
1823 1764 1866 1791 η
1891 1717 2241 1786 direptionem
2279 1718 2625 1773 Floriacensis
2675 1724 2995 1775 monasterii
3044 1736 3141 1791 per
3182 1724 3511 1780 Northman-

241 1764 294 1771 ν.
359 1764 587 1785 --.ητη
654 1764 961 1773 "Tum-.-
1025 1764 1284 1774 .-.ηηηην
1340 1764 1515 1775 ww--.
1574 1764 1793 1777 νυνων...
1892 1764 2238 1786 η--ντ--ν.---.-
2279 1764 2622 1773 ---ηπυηη
2678 1764 2993 1775 ..-νηηπηη
3044 1764 3123 1791 μυ.
3182 1764 3490 1780 ..ω

167 1809 363 1867 Sancti
389 1810 676 1876 Benedicti,
706 1826 825 1879 quae
848 1812 998 1867 modo
1022 1813 1328 1881 parmeialis
1365 1820 1461 1880 est,
1490 1813 1559 1869 de
1591 1813 1788 1870 Reditu
1818 1764 1869 1832 Β
1890 1824 2004 1865 nos.
2038 1810 2192 1879 Apud
2232 1810 2415 1879 probos
2443 1816 2686 1866 auctores
2734 1815 2971 1867 unicum
3001 1815 3166 1884 hujus
3209 1816 3437 1871 cienobii
3462 1818 3511 1872 te

164 1904 327 1971 vulgo
366 1901 656 1972 appellata,
695 1902 758 1957 ob
795 1903 955 1972 hujus
1007 1905 1145 1967 facti
1196 1908 1535 1972 memoriam,
1570 1910 1633 1960 ut
1683 1908 1791 1973 fert
1890 1905 2039 1970 gitur
2087 1902 2399 1956 incendium
2450 1903 2664 1968 factum
2726 1918 2822 1972 per
2885 1906 3296 1972 Northmannos,
3363 1922 3512 1963 anno

164 2000 367 2053 civium
393 2000 688 2068 persuasio,
741 2000 958 2052 tametsi
973 2001 1099 2067 jam
1135 2004 1263 2054 ante
1291 2000 1590 2055 illationem
1619 2017 1651 2055 α
1687 2004 1789 2056 Me-
1891 1996 2087 2049 Christi
2104 1997 2431 2061 sexagesimo
2455 1997 2644 2063 quinto
2675 2010 2845 2065 supra
2871 2000 3399 2066 octingentesimum,
3451 2000 3515 2055 de

171 2092 310 2147 done
334 2090 528 2145 abbate
552 2090 823 2155 aedificata
854 2092 1059 2158 fuerat,
1088 2092 1181 2146 sed
1219 2094 1411 2159 forsan
1446 2099 1559 2162 post
1587 2094 1792 2149 cladem
1890 2099 1993 2154 quo
2023 2084 2350 2139 Adrevaldus
2403 2087 2464 2139 in
2519 2084 2653 2140 libro
2701 2089 2771 2140 De
2809 2088 3090 2141 miraculis
3138 2093 3315 2142 sancti
3352 2092 3515 2144 Bene-

175 2183 666 2238 Northmannorum
719 2182 779 2234 in
832 2184 1151 2236 memoriam
1205 2184 1464 2238 illationis
1519 2187 1786 2239 restituta.
1890 2180 2040 2245 dicti,
2069 2195 2183 2247 cap.
2226 2177 2322 2245 54,
2375 2181 2612 2235 Annales
2667 2184 2995 2247 Bertiniani,
3035 2188 3088 2235 et
3145 2182 3300 2237 breve
3351 2184 3515 2239 Chro-

177 2272 442 2326 Itlationis
469 2276 652 2325 tamen
669 2271 989 2326 vocabulum
1013 2288 1140 2326 raro
1161 2276 1440 2329 invenitur
1466 2277 1527 2328 in
1547 2277 1793 2344 antiquis

1903 2271 2072 2335 nicon,
2135 2269 2271 2337 quod
2321 2268 2557 2324 Andreas
2598 2270 2853 2324 Chesnius
2901 2271 3249 2339 scriptoribus
3327 2274 3517 2327 North-

177 2364 565 2432 Martyrologiis
592 2370 646 2418 et
695 2365 1062 2419 ecclesiasticis
1092 2366 1263 2432 libris,
1302 2381 1369 2421 eo:
1392 2366 1585 2435 quibus
1616 2382 1792 2421 unum
1893 2358 2162 2411 mannicis
2189 2359 2467 2424 praemisit-
2500 2359 2665 2426 A'om‘
2689 2372 2749 2412 eo
2782 2374 2928 2413 anno
2975 2374 3087 2413 non
3110 2366 3188 2413 est
3219 2362 3373 2426 facta
3396 2361 3517 2414 illa-

172 2455 381 2524 reperio
409 2454 843 2523 Martyrologium
881 2453 1114 2508 abbatiaz
1157 2457 1191 2507 S
1241 2457 1424 2509 Mariae
1451 2460 1522 2510 De
1551 2455 1792 2525 quadra-

1903 2448 1985 2512 lio,
2018 2452 2136 2500 tum
2186 2448 2316 2514 quia
2353 2448 2468 2513 ejus
2506 2449 2586 2501 rei
2621 2451 2952 2503 meminisset
3004 2449 3357 2513 Adrevaldus,
3418 2452 3517 2518 qui

168 2556 329 2623 ginta
364 2553 597 2607 dicecesis
636 2551 1027 2617 Narbonensis;
1082 2553 1144 2605 in
1173 2564 1276 2619 quo
1324 2554 1504 2604 noster
1538 2548 1793 2603 Claudius

1903 2537 2096 2605 aliquot
2113 2538 2274 2589 annis
2310 2542 2571 2605 superstes
2598 2537 2777 2590 multa
2804 2540 3019 2605 scripsit
3046 2538 3125 2619 de_
3147 2544 3336 2593 sancto
3357 2542 3517 2593 Bene-

164 2644 546 2711 Stephanotius
575 2643 688 2696 haec
715 2642 876 2711 legit:
937 2639 1083 2696 Prid.
1135 2639 1273 2695 Ncn.
1310 2636 1569 2693 Decemb.
1620 2637 1794 2691 Aure-

164 2735 354 2801 lianis,
388 2734 441 2789 in
477 2734 598 2790 loco
623 2734 718 2807 qui
748 2743 975 2790 vocatur
1006 2733 1306 2799 Floriacus,
1344 2732 1515 2788 illatio
1548 2730 1795 2802 corporis

166 2826 225 2880 S.
269 2824 552 2880 Benedicti
581 2824 799 2880 abbatis
830 2830 884 2879 et
923 2822 1205 2879 monachi.
1238 2829 1343 2879 Hoc
1377 2837 1500 2878 vero
1535 2826 1791 2892 Martyro-

172 2920 377 2988 legium
403 2918 503 2973 sub
533 2933 747 2973 annum
777 2916 918 2973 1110
944 2924 1236 2972 exaratum
1251 2923 1348 2972 est.

245 3007 300 3060 6.
349 3011 471 3061 Jam
522 3008 871 3076 expendenda
915 3012 1044 3062 sunt
1091 3009 1373 3062 rationum
1412 3010 1790 3073 monumenta,

1892 2630 2049 2696 dicto,
2077 2644 2195 2699 quae
2220 2635 2335 2698 post
2386 2629 2521 2683 illud
2574 2636 2783 2698 tempus
2835 2609 3156 2684 acciderunt
3227 2637 3345 2685 tum
3382 2633 3514 2700 quia

1892 2727 2072 2779 sancti
2098 2725 2364 2780 Benedicti
2391 2739 2602 2794 corpus,
2635 2738 2747 2779 non
2774 2725 3090 2778 Aurelianos
3119 2730 3238 2779 tum
3275 2726 3515 2780 delatum

1892 2824 1990 2884 est,
2018 2818 2108 2873 sed
2138 2816 2240 2871 hac
2268 2822 2321 2871 et
2349 2814 2491 2879 illac,
2520 2822 2685 2885 prout
2712 2817 2960 2884 fugiendi
2987 2819 3271 2872 necessitas
3308 2818 3510 2886 impel-

1893 2906 2053 2961 lebat.
2092 2906 2289 2960 Deinde
2344 2920 2523 2974 regem
2581 2910 2933 2970 Francorum,
2996 2909 3153 2975 cujus
3197 2908 3515 2975 principatu

1893 3003 2115 3070 contigit
2169 3001 2360 3066 illatio,
2428 2998 2913 3066 Carolomannum,
2961 3001 3207 3055 Ludovici
3240 2998 3392 3052 Balbi
3444 2999 3516 3063 ﬁ-

168 3100 368 3170 quibus
421 3101 554 3155 moti
582 3105 701 3154 tum
753 3102 883 3155 socii
909 3100 1273 3168 Bollandiant,
1333 3105 1452 3154 tum
1481 3100 1597 3166 alii,
1653 3100 1796 3152 hanc
1821 3148 1863 3170 η
1895 3094 2052 3159 lium,
2107 3096 2239 3148 satis
2297 3094 2542 3163 designat
2598 3093 2939 3159 Diedericus;
2998 3093 3268 3158 Carolum,
3326 3107 3516 3159 cogno-

170 3193 436 3248 itlationis
466 3192 775 3257 Historiam,
805 3198 966 3260 prout
1000 3208 1034 3246 a
1066 3191 1329 3247 Diederico
1374 3191 1638 3257 descripta
1677 3191 1794 3258 pri-
1818 3186 1866 3213 υ
1892 3194 2074 3242 mento
2113 3186 2441 3256 Simplicem,
2471 3188 2905 3255 chronographus
2939 3200 3242 3255 anonymus
3283 3186 3515 3251 inferius

168 3296 331 3336 mum
359 3286 455 3347 est,
488 3282 547 3335 in
571 3280 799 3335 dubium
839 3287 1182 3347 revocarunt,
1240 3283 1408 3349 iisque
1446 3281 1792 3347 satisfacien-
1893 3278 2236 3333 exhibendus.
2278 3283 2466 3332 Verum
2495 3292 2558 3332 ea
2587 3293 2669 3332 res
2695 3293 2805 3332 non.
2828 3279 3054 3346 fugisset
3084 3278 3388 3331 Adelerium
3412 3280 3516 3330 Ca-

166 3374 307 3428 dum
320 3386 418 3441 pro
439 3370 650 3425 modulo
670 3377 869 3431 nostro,
893 3377 1164 3439 quantum
1181 3372 1634 3425 sinuntveritatis
1659 3370 1793 3436 leges
1896 3369 2200 3423 rolomanni
2255 3373 2487 3436 tempore
2525 3367 2868 3431 scribentem,
2917 3369 2966 3420 si
3008 3372 3273 3435 regnante
3301 3367 3517 3420 Carolo-

168 3472 224 3521 et
277 3465 570 3532 religionis,
613 3478 731 3543 quae
770 3465 1019 3531 praecipit
1052 3464 1238 3517 omnia
1273 3462 1520 3531 probare,
1551 3467 1603 3516 et
1647 3462 1799 3516 omni
1894 3471 2100 3510 manno
2129 3458 2471 3524 contigisset;
2518 3459 2567 3509 si
2586 3457 2769 3510 Carolo
2813 3455 3068 3524 Simptice
3095 3470 3234 3524 rege,
3264 3470 3387 3509 eam
3438 3470 3517 3509 re-

167 3556 410 3624 poscenti
436 3554 700 3607 rationem
726 3552 957 3607 reddere.
1896 3549 2131 3602 sciuisset
2160 3547 2469 3612 Aimoinus,
2513 3549 2608 3614 qui
2632 3562 2742 3601 non
2787 3549 2989 3614 integro
3037 3547 3233 3601 saeculo
3259 3563 3294 3600 a
3332 3547 3516 3601 Carolo

244 3641 302 3698 7.
361 3645 544 3698 Prima
602 3642 891 3697 dubitandi
926 3643 1068 3695 ratio
1103 3640 1230 3695 duci
1263 3646 1431 3710 potest
1466 3654 1536 3694 ea;
1586 3639 1798 3694 silentio
1896 3642 2107 3697 aberat.

166 3733 587 3787 domesticorum
611 3737 901 3787 auctorum
932 3731 1195 3785 Diederico
1220 3732 1581 3799 superiorum,
1609 3742 1800 3797 nempe
1976 3734 2055 3787 10.
2108 3738 2369 3787 Praeterea
2406 3733 2514 3786 dici
2553 3746 2662 3786 non
2696 3737 2864 3801 potest
2889 3733 3119 3798 corporis
3148 3729 3202 3785 S.
3250 3731 3518 3785 Benedicti

172 3824 483 3892 Adrevaldi,
522 3822 781 3889 Adelerii,
805 3828 856 3877 et
875 3823 1149 3889 Aimoini;
1184 3822 1280 3890 qui
1297 3835 1424 3875 cum
1450 3833 1533 3873 res
1562 3818 1632 3872 ad
1662 3832 1795 3872 san-

1903 3828 2210 3882 retationem
2234 3831 2350 3893 post
2406 3824 2708 3877 absolutam
2757 3825 2985 3878 Adelerii
3029 3826 3372 3891 scriptionem
3397 3836 3517 3876 eve-

173 3922 329 3971 ctum
375 3915 722 3970 Benedictum
750 3917 1063 3980 attinentes,
1109 3919 1162 3968 et
1190 3913 1461 3968 miracula
1486 3926 1582 3980 per
1617 3912 1797 3979 ipsum
1894 3917 2057 3979 nisse,
2089 3919 2208 3967 tum
2234 3914 2361 3981 quia
2405 3914 2464 3966 in
2519 3912 2614 3964 illa
2650 3912 3147 3965 Northmmnorum
3195 3910 3511 3977 direptione,

174 4011 331 4077 facta
355 4007 533 4060 dedita
547 4020 707 4072 opera
743 4007 1076 4074 scripserint,
1113 4019 1258 4058 unus
1280 4007 1397 4073 post
1440 4003 1633 4069 alium,
1674 4002 1796 4055 nul-
1895 4019 2060 4074 quam
2078 4002 2325 4056 describit
2353 4000 2645 4065 Adelerius,
2686 4000 2827 4052 nulli
2870 4000 3225 4053 Fioriacenses
3262 4000 3517 4053 monachi

175 4103 265 4155 tus
287 4105 470 4153 tamen
486 4112 670 4152 eorum
692 4099 1020 4151 mentionem
1045 4098 1177 4163 facit
1198 4096 1476 4160 itlationis,
1500 4095 1797 4149 duorumve
1894 4098 2017 4152 caesi
2068 4097 2348 4160 dicuntur,
2400 4106 2549 4147 secus
2595 4094 2656 4144 in
2695 4091 2949 4144 Diederici
3005 4093 3345 4152 narratione,
3397 4096 3517 4144 tum

174 4186 594 4252 miraculorum,
650 4201 770 4255 qua:
820 4186 1119 4240 Diedericus
1169 4190 1568 4239 commemorat.
1617 4188 1678 4238 Et
1732 4191 1795 4239 ut
1894 4190 2022 4258 quia
2048 4187 2404 4240 Floriacenses
2449 4189 2567 4237 tum
2595 4184 2971 4249 confugerint,
3020 4197 3131 4236 non
3179 4183 3513 4248 Aurelianos,

174 4282 278 4337 illa
300 4282 478 4335 videre
494 4282 794 4349 nequiverit
815 4280 1172 4344 Adrevaldus,
1200 4281 1386 4347 forsan
1406 4285 1654 4335 mortuus
1678 4285 1808 4334 ante
1904 4294 2024 4348 quae
2051 4277 2176 4331 urbs
2207 4283 2325 4330 tum
2360 4281 2519 4344 capta
2549 4274 2718 4340 fuisse
2768 4274 2981 4327 videtur
3008 4286 3076 4327 ea:
3122 4272 3379 4333 Adelcrio,
3429 4269 3520 4323 sed

173 4373 235 4428 id
266 4377 494 4438 tempus,
520 4384 621 4439 quo
650 4371 762 4424 hiec
780 4376 927 4438 gesta
954 4375 1113 4432 sunt;
1144 4384 1209 4424 ea
1234 4370 1587 4424 nihilominus
1617 4372 1806 4426 vidisse
1903 4372 1972 4427 ad
2028 4369 2299 4441 praedium
2357 4367 2778 4423 Matriniacensc
2824 4369 2950 4436 pagi
3007 4366 3368 4426 Wastinensis,
3416 4378 3520 4432 quo

176 4467 359 4539 potuit
384 4464 687 4532 Adelerius,
715 4470 895 4533 utpote
919 4468 1013 4534 qui
1030 4466 1231 4531 referat
1259 4480 1596 4533 congressum
1627 4470 1801 4535 [Iugo-

1902 4479 2085 4520 secum
2113 4460 2355 4532 pretiosa
2407 4475 2641 4531 quaeque
2671 4463 3154 4529 comportaverant,
3207 4473 3274 4511 ac
3300 4456 3522 4525 proinde

178 4561 270 4613 nis
299 4555 508 4610 abbatis
562 4562 615 4611 et
658 4555 894 4612 Girboldi
926 4556 1395 4611 Antissiodorensis
1425 4558 1632 4611 comitis
1672 4573 1798 4612 cum
1826 4542 1878 4610 D
1899 4573 2088 4627 corpus
2136 4542 2191 4611 S.
2253 4555 2537 4610 Benedicti.
2596 4554 2740 4616 Quod
2792 4555 2890 4607 etsi
2938 4553 3230 4621 aliquando
3280 4551 3523 4619 perfugii

182 4651 569 4707 Nortlmtannis
608 4649 671 4705 ob
727 4650 935 4716 factam
991 4649 1337 4705 Flm'iacensis
1380 4653 1695 4705 monasterii
1720 4652 1803 4705 di-

180 4746 500 4813 reptionem,
541 4744 635 4811 qui
663 4739 957 4795 Girboldus
1008 4755 1118 4795 non
1165 4743 1307 4796 alius
1358 4743 1526 4808 fuisse
1570 4742 1801 4809 videtur,

180 4849 350 4904 quam
389 4832 649 4887 Gisloll'ns
684 4846 875 4897 comes,
919 4834 1075 4886 istius
1123 4836 1440 4888 monasterii
1492 4835 1801 4901 advocatus,

181 4926 245 4978 in
273 4922 528 4977 Diederici
553 4923 873 4976 narratione
893 4927 1244 4987 memoratus,
1276 4924 1370 4990 qui
1390 4923 1609 4978 hortatu
1627 4925 1807 4978 sancti

185 5015 456 5070 Benedicti
485 5017 546 5069 in
571 5012 774 5070 samnis
800 5016 1113 5084 apparentis
1158 5014 1561 5069 Nortlimannos
1591 5017 1803 5070 insecu-

184 5114 270 5163 tus
318 5109 409 5174 sit,
462 5108 774 5175 viceritque.
835 5112 971 5160 Nam
998 5106 1184 5161 eadem
1229 5107 1375 5174 apud
1420 5106 1726 5161 Adeterium
1752 5114 1804 5161 et

185 5198 514 5253 Diedericnm
585 5196 889 5265 singulares
948 5203 1107 5259 notas,
1145 5197 1323 5251 visum
1374 5197 1576 5252 scilicet
1622 5199 1807 5252 comiti

176 5291 457 5360 pugnanti
472 5294 729 5344 sanctum
746 5289 1092 5344 Benedictum
1109 5291 1405 5345 monastico
1433 5289 1621 5345 habitu
1646 5289 1802 5344 indu-

183 5385 325 5448 tum,
370 5381 465 5449 qui
513 5379 824 5434 dimicantis
865 5393 1064 5448 equum
1092 5393 1265 5434 manu
1307 5378 1546 5444 duxerit,
1587 5379 1803 5449 aliaque

180 5488 357 5528 manu
394 5473 655 5543 plurimos
678 5474 913 5528 hostium
935 5474 1201 5530 occiderit.

257 5562 313 5616 8.
346 5568 460 5619 Non
488 5563 729 5617 multum
763 5563 1039 5617 dissimilis
1086 5564 1401 5632 argumenti
1427 5567 1506 5618 est
1532 5563 1669 5632 quod
1697 5578 1799 5618 ur-

181 5659 309 5724 gent
345 5667 415 5709 ex
441 5654 557 5723 ipsa
605 5651 863 5707 Diederici
907 5654 1217 5721 scriptione,
1257 5667 1378 5722 qua:
1405 5667 1533 5707 cum
1567 5656 1803 5709 auctoris

183 5748 254 5803 sit
287 5745 610 5816 posterioris,
667 5748 716 5799 et
766 5743 1024 5815 pleraque
1075 5744 1221 5811 falsa
1266 5746 1543 5801 contineat
1594 5746 1801 5816 (qualia

1903 4667 2070 4707 causa
2108 4649 2348 4703 delatum
2383 4650 2455 4703 sit
2498 4648 2833 4712 Aurelianos,
2875 4661 2985 4699 non
3013 4651 3198 4698 tamen
3226 4644 3523 4712 repositum

1904 4747 2116 4802 videtur
2138 4747 2197 4798 in
2226 4744 2442 4798 ecclesia
2471 4745 2520 4795 S.
2576 4742 2838 4806 Anniani,
2871 4747 2931 4793 ut
2961 4739 3145 4793 scribit
3195 4738 3518 4802 Diederieus,

1904 4850 2022 4907 qua’.
2050 4841 2180 4888 tunc
2200 4839 2357 4887 extra
2391 4844 2573 4884 muros
2602 4834 2756 4894 erat;
2783 4829 2872 4883 sed
2901 4830 3076 4897 potius
3106 4829 3167 4880 in
3184 4826 3412 4880 aedicula
3431 4840 3524 4879 sa-

1904 4947 2019 4997 cra,
2060 4944 2226 4999 quam
2258 4927 2403 4982 Medo
2432 4926 2595 4979 abbas
2650 4927 2709 4978 in
2753 4925 2933 4978 sancti
2978 4922 3244 4977 Benedicti
3270 4925 3523 4977 honorem

1905 5026 2305 5085 construxerat,
2338 5025 2399 5073 ut
2428 5019 2635 5072 dictum
2665 5022 2760 5071 est.
2796 5021 2931 5070 Nam
2973 5029 3030 5069 eo
3078 5020 3195 5068 tum
3237 5016 3526 5083 confugere

1903 5113 2047 5168 soliti
2071 5116 2228 5165 erant
2267 5109 2641 5171 Floriacenses,
2692 5110 2821 5160 teste
2845 5103 3136 5158 Adrevaldo
3187 5104 3249 5157 in
3274 5101 3409 5156 libro
3457 5104 3528 5155 De

1903 5204 2186 5260 miraculis
2208 5203 2261 5255 S.
2280 5199 2567 5264 Benedicti,
2596 5213 2717 5266 cap.
2746 5194 2839 5253 2t.

1976 5293 2032 5348 11
2093 5292 2326 5359 Denique
2355 5294 2414 5342 ut
2464 5302 2524 5343 eo
2574 5292 2805 5355 tempore
2834 5287 3165 5342 Floriacense
3217 5282 3523 5340 crenobium

1900 5382 2216 5440 violaverint
2243 5377 2616 5441 Nortbmanni,
2648 5380 2868 5428 tantum
2891 5374 3039 5429 abest
3067 5377 3130 5427 ut
3169 5372 3310 5427 Rolto
3340 5384 3525 5427 eorum

1898 5474 2014 5529 dua:
2054 5476 2170 5540 post
2196 5473 2470 5523 vastatam
2511 5468 2663 5535 longe
2704 5464 3078 5534 Burgundiam
3131 5463 3524 5519 monasterium

1904 5561 1958 5616 S.
1991 5558 2273 5615 Benedicti
2303 5554 2684 5612 contaminare
2709 5552 2971 5620 noluerit,
2997 5567 3101 5608 nec
3119 5548 3351 5622 praedari
3375 5546 3521 5601 illam

1903 5653 2264 5727 provinciam,
2335 5652 2666 5705 Floriacense
2734 5648 2976 5703 videlicet
3038 5646 3232 5711 solum,
3293 5644 3524 5712 propter

1903 5747 2152 5805 sanctum
2201 5737 2559 5795 Benedictum
2625 5735 2960 5807 permiserit,
3007 5739 3068 5788 ut
3113 5730 3261 5785 Dudo
3300 5727 3521 5794 Quinti.
