3938 6206
400 259 541 316 1183
1423 256 1707 313 RABULFI
1744 256 2059 313 TORTARII
2098 255 2387 313 MONACHI
2426 257 2723 314 FLORIAC.

3612 263 3772 321 1186

396 386 599 438 nianus
625 385 859 441 decanus
894 386 1080 441 scribit
1108 389 1168 440 in
1200 386 1294 440 lib.
1324 400 1384 447 ιι,
1416 388 1508 439 cui
1547 384 1882 439 Wuillelmus
1919 387 2019 438 Ce—
2044 384 2098 453 Α
2121 381 2250 435 dicit
2279 382 2552 438 Adelerius
2597 398 2786 453 corpus
2814 385 2995 438 sancti
3040 383 3312 439 Benedicti
3347 387 3774 441 Hatriniacum

394 476 697 531 meticensis
736 479 1032 532 monachus
1076 476 1292 531 totidem
1337 475 1508 530 verbis
1569 476 1909 544 suffragatur
1961 474 2024 530 in
2127 472 2386 539 delatum,
2439 479 2539 528 aut
2576 473 2996 528 Aurelianorum
3045 473 3235 528 urbem
3290 490 3322 528 a
3353 477 3773 532 Narthmannis

398 562 493 622 lib.
528 584 590 635 ιι,
620 584 739 641 cap.
785 569 855 625 44
927 574 991 624 Et
1030 571 1143 625 hac
1193 575 1324 624 sunt
1344 582 1629 638 praecipua
1678 582 1799 637 quae
1833 570 2024 621 contra
2126 572 2243 621 tum
2271 571 2490 636 captam
2529 568 2715 633 fuisse,
2756 565 2845 621 sed
2874 571 3093 620 tantum
3123 565 3367 637 pretiosa
3403 581 3659 639 quaeque
3695 568 3768 621 ad

396 658 655 713 Diederici
676 662 981 728 scriptionis
1007 662 1388 715 auctoritatem
1417 659 1605 727 afferri
1651 663 1878 725 possunt
1900 672 2016 712 mo-
2123 655 2386 725 praédiuir
2434 654 2854 710 latriniacense
2897 656 3112 711 devecta
3150 662 3203 711 et
3240 658 3659 713 Northmannos
3702 663 3769 713 in

398 756 603 817 menta,
633 767 770 821 quat,
799 755 899 807 etsi
924 767 1033 807 non
1055 753 1192 807 levia
1221 766 1329 806 esse
1358 751 1732 816 concedamus,
1759 765 1870 804 non
1899 753 2015 819 ejus
2116 765 2238 807 eam
2276 751 2463 805 urbem
2498 752 2780 806 devenisse.
2822 752 2935 806 Imo
2963 753 3131 805 etiam
3175 753 3225 805 si
3262 752 3398 806 illud
3446 758 3769 822 utrumque

402 847 586 896 tamen
631 848 762 897 sunt
811 842 1010 897 roboris
1061 848 1123 896 ut
1189 844 1576 896 incunctanter
1634 838 2017 894 commentitia
2114 847 2330 913 diceret,
2357 861 2468 901 non
2499 852 2682 901 tamen
2716 846 2996 915 impediret
3023 847 3313 915 quominus
3336 846 3589 916 reliquiae
3619 861 3768 901 sau-

400 933 603 986 censcri
626 931 850 986 debeant
878 947 942 987 ea
970 948 1089 1002 quae
1116 932 1178 987 ob
1209 935 1320 1002 ipso
1346 934 1683 998 referuntur.
2115 942 2213 990 σιω
2245 938 2562 991 Matriniaco
2586 939 2646 989 in
2670 935 2859 989 urbem
2909 936 3332 991 Aurelianorum
3379 937 3630 1003 fuissent
3658 935 3769 989 ad-

474 1019 557 1073 12.
605 1023 786 1077 Prima
850 1026 997 1078 enim
1046 1024 1306 1078 Diederici
1354 1037 1505 1078 error
1558 1026 1619 1077 in
1683 1023 2016 1092 assignanda
2116 1034 2295 1093 vectat,
2347 1028 2512 1082 donec
2546 1027 2883 1082 Floriacense
2918 1026 3217 1083 cienobium
3267 1027 3632 1096 aliquatenus
3675 1029 3771 1080 in-

403 1124 589 1176 causa,
642 1125 756 1179 qua
814 1112 1041 1166 Floriaci
1091 1113 1509 1182 appellationem
1570 1113 1842 1178 indiderit,
1918 1116 2018 1165 aut
2116 1124 2482 1173 stam-aretur.

402 1202 587 1256 nullus
615 1208 712 1269 est,
744 1208 842 1257 aut
872 1211 1011 1259 certe
1039 1205 1297 1260 levissimi
1336 1207 1611 1260 momenti.
1661 1210 1795 1259 Nam
1843 1209 1895 1258 et
1924 1205 2018 1257 Ai-
2192 1207 2278 1261 14.
2312 1212 2395 1261 Ea:
2422 1209 2502 1262 his
2536 1223 2694 1277 porro
2738 1210 2901 1275 facile
2929 1209 3281 1277 intelligimus
3310 1223 3412 1264 cur
3438 1208 3616 1275 Ralla,
3646 1224 3763 1261 va-

406 1297 615 1349 moinus
654 1300 715 1350 in
739 1298 926 1352 eadem
947 1302 1153 1353 versari
1171 1299 1686 1361 videtursententia,
1714 1304 1766 1351 et
1794 1299 2020 1366 scripto-
2118 1309 2265 1358 stata
2314 1304 2438 1357 dein
2485 1303 2825 1371 Burgundio,
2864 1307 3192 1359 monasterio
3244 1310 3297 1358 et
3352 1319 3487 1372 agro
3546 1304 3765 1358 Floria-

400 1386 549 1441 ribus
576 1388 854 1454 familiare
880 1394 957 1442 est
985 1390 1277 1458 aliquando
1305 1390 1433 1443 data
1456 1392 1730 1443 occasione
1754 1387 1936 1442 ludere
1963 1389 2023 1440 in
2121 1395 2266 1447 censi
2295 1396 2584 1462 temperari
2601 1396 2829 1463 jusserit
2856 1400 3070 1463 propter
3096 1398 3352 1449 sanctum
3372 1393 3763 1460 Benedictum,

400 1478 536 1531 serio
562 1483 901 1544 argumento.
937 1482 1060 1533 Esto
1112 1493 1233 1533 vero
1283 1479 1581 1534 Diedericus
1612 1478 1784 1545 falsus
1836 1479 1907 1532 sit
1958 1480 2020 1529 in
2116 1499 2274 1553 quem
2308 1484 2372 1538 ob
2386 1484 2657 1538 miracula
2683 1486 2743 1537 in
2766 1483 3004 1539 Girboldi
3034 1485 3279 1549 victoria,
3306 1488 3357 1536 et
3394 1484 3457 1536 in
3484 1485 3612 1551 ejus
3640 1497 3767 1537 cor-

403 1567 729 1636 designando
786 1574 1036 1639 tempore,
1076 1584 1180 1639 quo
1222 1571 1642 1623 Carolomannus
1699 1570 1759 1622 in
1787 1568 2020 1623 Calliam
2115 1578 2256 1645 ρονίε
2285 1576 2544 1630 relatione
2563 1581 2787 1644 patrata
2812 1578 3074 1630 reveritus
3111 1581 3208 1629 est.
3242 1579 3324 1629 En
3353 1576 3501 1629 locus
3544 1577 3767 1644 integer

405 1659 645 1724 accessit,
692 1664 751 1711 at
789 1659 844 1713 id
878 1674 991 1713 non
1036 1660 1275 1729 impedit,
1305 1675 1405 1729 quo
1442 1662 1623 1713 minus
1652 1662 1711 1712 in
1739 1660 1856 1727 ipsa
1879 1673 2013 1711 nar-

2142 1668 2345 1720 ludanis
2382 1667 2573 1720 decani
2593 1669 2941 1730 Quintiniani
2962 1682 3030 1721 ea:
3056 1666 3192 1721 libra
3219 1666 3473 1733 secundo,
3512 1672 3572 1721 et
3614 1666 3763 1721 Wil-

406 1754 635 1807 rationis
661 1754 969 1808 substantia
992 1757 1273 1809 veritatem
1310 1760 1586 1809 assecutus
1625 1756 1713 1808 sit.
1746 1757 1894 1807 Certe
1917 1767 2012 1806 va-
2042 1753 2091 1771 "
2115 1756 2260 1810 lelmi
2306 1757 2677 1809 Cemeticensis
2707 1755 2921 1811 totidem
2967 1755 3138 1810 verbis
3178 1755 3233 1809 id
3261 1755 3554 1810 tradentis.
3598 1753 3764 1810 Bello

409 1847 616 1899 rioram
628 1848 951 1915 scriptorum
976 1850 1071 1916 qui
1096 1850 1275 1902 sancti
1306 1848 1573 1901 Benedicti
1598 1846 1867 1901 miracula
1897 1860 2018 1900 con-
2118 1854 2318 1920 putans
2333 1864 2415 1915 se,
2448 1855 2675 1919 propter
2700 1846 3053 1902 securitatem
3071 1862 3237 1919 quam
3257 1846 3434 1913 dedit,
3464 1862 3498 1901 a
3525 1846 3763 1903 Francis

406 1945 685 2007 sequenter
720 1942 941 2008 posteris
992 1941 1351 2007 mandarunt,
1380 1941 1657 1995 silentium
1683 1955 1795 1994 non
1824 1942 1901 1993 ita
1924 1938 2017 1992 de-
2118 1940 2281 1995 vilem
2312 1940 2661 2002 aestimatum,
2696 1938 2951 1994 ferociter
2978 1944 3034 1994 et
3069 1938 3375 1993 crudeliter
3403 1938 3762 1994 devastando

410 2034 701 2085 oratorium
743 2038 820 2086 est
850 2039 911 2086 ut
949 2047 1017 2087 ea:
1041 2048 1097 2088 eo
1134 2049 1302 2087 causa
1345 2048 1448 2088 sua
1492 2033 1791 2087 Diedericus
1833 2030 2021 2085 cadere
2120 2033 2434 2104 provincias
2459 2034 2627 2105 coapit
2654 2032 2859 2089 laniare
2883 2040 2937 2089 et
2954 2033 3206 2108 afﬂigere
3235 2040 3402 2106 atque
3426 2033 3630 2089 delere
3659 2050 3759 2106 po-

409 2123 611 2177 debeat.
633 2129 766 2178 Nam
787 2132 1147 2195 praeterquam
1186 2126 1323 2195 quod
1352 2126 1420 2180 ab
1448 2126 1625 2195 aliqua
1661 2126 1769 2179 alio
1804 2130 2022 2178 auclore
2123 2124 2334 2197 pulum.
2367 2125 2461 2180 Sui
2491 2131 2672 2181 autem
2705 2126 2758 2180 in
2784 2126 3155 2199 Burgundiam
3188 2133 3512 2201 pergentes,
3535 2142 3761 2198 perque

412 2220 655 2287 antiquo,
704 2222 798 2287 qui
835 2220 1113 2285 exciderit,
1152 2224 1354 2290 scripta
1408 2222 1596 2287 forsan
1634 2225 1708 2273 est
1763 2218 2022 2272 illationis
2120 2215 2316 2270 Jonam
2370 2215 2425 2269 in
2456 2215 2716 2289 Sigonam
2755 2215 3102 2289 navigantes,
3161 2222 3450 2287 terrasque
3483 2216 3760 2271 amnibus

414 2308 657 2376 historia,
684 2310 780 2364 hoc
802 2311 871 2363 ad
888 2325 1005 2365 rem
1032 2317 1275 2365 nostram
1291 2314 1532 2365 maxime
1550 2312 1705 2377 facit,
1749 2309 1888 2378 quod
1926 2322 2023 2363 ne-
2122 2306 2320 2361 afﬁnes
2351 2322 2525 2379 usque
2565 2306 2777 2363 Clarum
2829 2307 3066 2362 Montem
3098 2307 3347 2380 undique
3380 2322 3551 2364 secus
3595 2308 3762 2363 deva-

414 2412 515 2466 que
537 2402 721 2454 omnia
757 2403 938 2455 sancti
965 2402 1233 2456 Benedicti
1251 2403 1519 2456 miracula
1546 2417 1665 2470 qua:
1685 2400 1854 2470 perid
1885 2404 2021 2453 tem-
2122 2403 2350 2461 stantes,
2394 2396 2631 2452 Senonis
2667 2397 3006 2469 provinciam
3040 2397 3382 2464 invaserunt,
3424 2405 3600 2469 atque
3632 2414 3761 2453 cun-

407 2502 511 2556 pus
538 2489 870 2554 acciderunt,
891 2494 1092 2559 scripta
1120 2506 1247 2557 esse,
1276 2506 1448 2560 neque
1472 2493 1781 2545 Aimoinum
1811 2503 1875 2543 ea
1904 2502 2024 2557 quae
2124 2494 2212 2541 cta
2252 2485 2656 2558 depopulantes
2706 2485 2777 2541 ad
2827 2492 3082 2543 sanctum
3140 2485 3504 2542 Benedictum
3555 2495 3761 2542 contra

2128 2575 2416 2632 Rollonem
2441 2583 2789 2633 revenerunt.
2826 2577 3033 2633 Videas
3055 2582 3239 2632 autem
3271 2576 3433 2632 Rollo
3474 2586 3760 2633 monaste-

2125 2668 2267 2723 rium
2297 2668 2482 2724 Sancti
2515 2669 2817 2738 Benedicti,
2851 2669 2985 2725 illud
3010 2668 3386 2725 contaminare
3418 2670 3628 2737 noluit,
3660 2685 3761 2725 nec

2129 2758 2360 2829 prtedari
2391 2757 2541 2812 illam
2573 2758 2911 2830 provinciam
2955 2766 3183 2831 prOpter
3211 2766 3467 2813 sanctum
3506 2759 3757 2815 Benedi-

415 2852 744 2909 miraculum
795 2855 863 2909 ab
910 2858 1033 2912 aliis
1080 2858 1427 2927 scriptoribus
1483 2860 1739 2912 omissum
1793 2855 2032 2925 (tametsi
2128 2858 2275 2906 ctum
2325 2850 2594 2921 permisit.
2634 2854 2900 2907 Nimirum
2950 2854 3135 2907 animo
3175 2854 3367 2919 ferocis
3396 2853 3643 2908 hominis
3672 2855 3757 2908 in-

416 2942 624 3010 aliquid
667 2944 842 2998 simile
884 2946 1131 3011 referunt
1180 2947 1507 3001 Adrevaldus
1560 2949 1622 3000 in
1674 2961 1793 3015 cap.
1850 2942 1947 3011 22,
1978 2948 2029 2997 et
2074 3010 2103 3015 Α
2120 2947 2266 3013 jecta
2293 2958 2404 2997 non
2430 2945 2622 3010 fuisset
2666 2943 2871 3012 religio,
2917 2945 3029 2998 nisi
3060 2957 3130 2998 ea:
3177 2943 3445 2999 similibus
3473 2945 3754 3014 prodigiis,

419 3036 734 3105 Adelerius,)
764 3043 815 3091 et
841 3010 1041 3093 librum
1068 3038 1142 3093 De
1173 3039 1422 3094 Adventu
1453 3037 1700 3110 corporis
1728 3010 1905 3093 sancti
1931 3010 2033 3091 VBe-
2059 3010 2247 3105 cquae
2284 3036 2582 3091 Diedericus
2619 3010 2805 3103 refert,
2865 3041 2917 3091 et
2957 3035 3020 3091 ab
3056 3035 3301 3091 eamdem
3342 3010 3490 3103 forte
3530 3010 3755 3091 causam

421 3128 649 3193 nedicti,
671 3145 829 3199 quem
850 3138 1072 3187 sanctus
1100 3132 1203 3187 Odo
1232 3135 1290 3187 in
1310 3133 1690 3187 Aurelianensi
1710 3133 2033 3186 monasterio
2134 3128 2479 3183 Theodericus
2523 3142 2693 3183 comes
2757 3130 3125 3183 Patriciacum
3163 3129 3498 3183 monasterio
3551 3130 3757 3184 Floria-

420 3219 753 3287 descripszsse
779 3221 977 3286 fertur,
1035 3221 1102 3274 ab
1130 3224 1376 3278 Aimoino
1423 3224 1754 3288 ignoratum.
1794 3220 1872 3273 Ad
1919 3220 2033 3272 hwc
2129 3223 2276 3274 censi
2298 3236 2333 3275 a
2362 3235 2418 3275 se
2447 3220 2784 3276 abstractum
2801 3223 3042 3275 restituit
3060 3235 3186 3276 cum
3212 3234 3412 3289 magno
3436 3223 3755 3289 paenitentis

423 3311 715 3365 Aimoinus
750 3314 858 3380 ipse
899 3314 1109 3379 fatetur
1162 3316 1222 3367 in
1260 3313 1392 3368 libro
1409 3315 1581 3382 prima
1614 3317 1684 3367 De
1724 3312 2025 3377 miraculis,
2128 3315 2302 3367 animi
2350 3313 2566 3381 indicio,
2617 3319 2682 3367 ut
2718 3314 2916 3380 legitur
2950 3316 3012 3368 in
3047 3315 3412 3368 instrumento
3469 3314 3757 3369 undecimo

423 3413 542 3467 cap.
574 3398 631 3465 4,
670 3401 942 3456 miracula
979 3418 1099 3471 qua:
1142 3404 1330 3458 adonis
1377 3402 1585 3457 abbatis
1624 3408 1853 3472 tempore
1882 3406 2030 3469 gesta
2127 3404 2399 3457 Chartarii
2421 3405 2853 3470 Patriciacensis,
2893 3403 3018 3458 dato
3047 3416 3239 3456 mense
3276 3399 3449 3471 Aprili
3482 3416 3637 3456 anno
3657 3401 3756 3455 de—

421 3497 572 3559 sunt,
604 3491 882 3566 incognita
924 3510 1147 3549 manere
1198 3495 1391 3565 partim
1445 3494 1792 3566 antiquitate,
1830 3492 2029 3564 partim
2129 3494 2429 3550 functionis
2489 3492 2835 3549 Carlomanni
2883 3493 3048 3568 regis,
3111 3492 3519 3547 lncarnationis
3568 3491 3749 3547 Domi-

424 3584 752 3656 scriptorum
780 3587 1116 3661 negligentia
1141 3588 1406 3644 oblivioni
1443 3589 1657 3655 tradita,
1685 3594 1887 3658 quanto
1910 3602 2033 3641 ma-
2133 3583 2273 3638 uicae
2303 3596 2450 3638 anno
2470 3582 2594 3638 885.
2626 3588 2762 3639 Nam
2785 3597 2845 3639 eo
2869 3596 3019 3638 anno
3044 3581 3296 3639 currebat
3327 3597 3518 3638 annus
3544 3585 3748 3652 primus

414 2578 478 2632 de
506 2580 632 2647 ipsis
659 2581 717 2633 in
746 2580 952 2635 litteras
978 2582 1151 2635 relata
1187 2586 1339 2647 sunt,
1378 2583 1561 2635 omnia
1599 2580 1781 2647 legisse
1815 2582 2026 2632 constat

413 2684 481 2723 ea:
507 2670 633 2725 libri
662 2686 718 2725 ιιι
745 2672 809 2725 de
833 2674 946 2727 Vita
973 2677 1152 2728 sancti
1178 2675 1388 2740 Odonis,
1419 2689 1537 2742 cap.
1598 2672 1685 2739 15,
1734 2671 1828 2726 ubi
1857 2674 2026 2725 Joan-

415 2772 511 2813 nes
545 2763 839 2817 monachus
860 2771 1238 2819 commemorat
1263 2765 1528 2833 quoddam
1550 2766 1729 2818 sancti
1759 2762 2027 2817 Benedicti

424 3679 505 3747 gis
528 3693 589 3732 ea
614 3695 733 3749 qua:
755 3696 853 3752 per
880 3683 1371 3738 turbulentissimas
1392 3684 1511 3738 illas
1538 3685 2033 3738 Narthmannorum

429 3772 761 3837 tempestates
798 3772 949 3837 facta
976 3777 1125 3840 sunt,
1165 3775 1281 3842 ejus
1336 3774 1590 3827 notitiam
1616 3773 1805 3840 fugere
1836 3775 2031 3840 potue-

428 3862 601 3916 runt?

499 3953 587 4011 13.
622 3956 794 4011 Paulo
830 3960 1015 4013 minus
1042 3959 1205 4026 facile
1246 3963 1321 4013 est
1374 3959 1573 4013 solvere
1598 3956 1736 4027 quod
1783 3956 2039 4025 objicitur

428 4044 493 4098 de
520 4050 751 4115 tempore
774 4062 878 4115 quo
905 4049 1017 4102 haec
1043 4049 1303 4103 illationis
1338 4049 1561 4102 historia
1590 4064 1625 4102 a
1661 4047 1925 4101 Diederica
1950 4059 2038 4100 re-

430 4133 545 4188 lata
586 4136 838 4190 accidisse
881 4137 1077 4203 fertur.
1129 4142 1265 4191 Nam
1324 4138 1477 4191 aliud
1521 4138 1747 4205 fortasse
1802 4137 2040 4191 Flariaoo

431 4231 743 4285 incendium
768 4246 863 4302 per
888 4233 1282 4287 Northmannos
1309 4233 1528 4287 illatum
1565 4238 1642 4287 est
1682 4237 1882 4302 praeter
1906 4231 2042 4286 illud

430 4321 499 4375 ab
526 4322 818 4377 Adrevaldo
840 4324 1067 4393 aliisque
1101 4330 1596 4392 commemoratum,
1647 4325 1785 4395 quod
1807 4326 2042 4380 illationi

430 4416 615 4484 aptari
642 4418 848 4485 nequit.
1049 4418 1307 4472 Diederici
1327 4382 1607 4473 sententia:
1891 4420 2039 4485 favet
2059 4382 2114 4451 D

432 4504 702 4560 Adelerius
730 4508 792 4561 in
815 4520 874 4562 eo
900 4506 1309 4576 quodmagnam
1329 4510 1445 4577 ejus
1472 4508 1808 4563 narrationis
1831 4513 2045 4577 partem

432 4605 814 4655 commemorat
865 4599 1201 4656 describenda
1247 4603 1601 4670 irruptionem
1648 4602 2040 4656 Northmanno-

433 4706 562 4745 rum
605 4691 930 4759 Floriacum,
1007 4697 1057 4746 et
1114 4692 1344 4748 Girboldi
1389 4694 1674 4747 victoriam
1722 4698 1913 4748 contra
1958 4705 2041 4747 eos

431 4778 568 4835 duce
591 4785 780 4835 sancto
807 4780 1086 4837 Benedicto
1126 4788 1457 4851 reportatum
1483 4781 1583 4836 sub
1622 4797 1787 4850 regno
1830 4782 2042 4837 Carolo-

432 4876 647 4930 manni.
667 4880 838 4946 Neque
854 4876 1027 4931 obstat
1040 4877 1178 4946 quod
1200 4878 1472 4933 Adelerius
1496 4879 1715 4932 reticuit
1732 4878 2043 4933 incendium

433 4967 675 5035 ctenobii,
705 4975 757 5024 et
776 4970 972 5025 aedem
987 4969 1347 5039 quorumdam
1372 4969 1779 5036 monachorum,
1806 4970 2048 5039 nihilque

434 5058 498 5113 de
525 5059 785 5129 illatione,
825 5075 991 5131 quam
1024 5067 1207 5132 postea
1234 5062 1443 5129 factam
1479 5062 1560 5114 ait
1607 5060 1928 5125 Diedericus,
1961 5060 2048 5114 lit-

438 5150 564 5203 teris
600 5152 953 5220 consignavit.
1006 5153 1209 5207 Desinit
1241 5151 1504 5222 siquidem
1546 5150 1776 5205 Adelerii
1827 5150 1961 5205 liber
1987 5152 2049 5205 in

438 5246 672 5311 Huganis
699 5251 751 5300 et
795 5245 1033 5303 Gribaldi
1070 5249 1297 5303 victoria
1341 5247 1405 5301 de
1452 5246 1857 5312 Northmannis,
1902 5251 2048 5316 past-

437 5345 606 5400 quam
648 5334 797 5400 facta
843 5342 922 5391 est
960 5337 1151 5392 relatio
1190 5338 1420 5406 corporis
1481 5338 1535 5388 S.
1582 5335 1887 5399 Benedicti;
1945 5349 2048 5404 quo

442 5430 675 5495 tempore
688 5429 960 5484 Adeterius
986 5427 1271 5496 scribendi,
1299 5444 1365 5484 ac
1390 5430 1617 5497 fortasse
1641 5428 1855 5482 vivendi
1881 5428 2048 5492 ﬁnem

431 5521 557 5585 jam
579 5519 799 5583 fecerat.
821 5520 1017 5573 Deinde
1032 5525 1159 5587 quot
1182 5521 1485 5589 singulares
1520 5520 1780 5589 ejusmodi
1807 5523 2046 5574 circum-

2133 3693 2168 3730 a
2203 3681 2373 3730 morte
2403 3677 2802 3743 Carolomanni,
2851 3678 2946 3745 qui
2981 3689 3130 3731 anno
3186 3675 3384 3730 Christi
3414 3675 3745 3745 praecedente

2133 3769 2355 3847 abierat.
2406 3772 2477 3823 Eo
2535 3770 2647 3838 ipsa
2699 3782 2848 3823 anno
2907 3768 3155 3823 inducias
3209 3772 3402 3836 pactus
3450 3773 3577 3822 erat
3633 3783 3744 3823 cum

2137 3863 2536 3922 Northmannis,
2591 3867 2654 3916 ut
2690 3862 2915 3930 legimus
2960 3863 3022 3916 in
3056 3859 3362 3915 Annalibus
3389 3864 3743 3928 Bertinianis;

2135 3968 2327 4024 nempe
2341 3959 2457 4023 post
2482 3955 2885 4023 impressionem
2911 3953 2980 4007 ab
3007 3955 3084 4008 eis
3111 3954 3342 4021 factam,
3381 3968 3556 4023 quam
3590 3954 3733 4009 Adde

2136 4047 2252 4099 rius
2280 4042 2547 4097 describit.
2581 4043 2815 4111 Denique
2832 4056 2979 4096 anno
3004 4040 3117 4096 885
3142 4043 3419 4097 Adventus
3445 4045 3627 4112 prima
3650 4044 3747 4096 dies

2138 4131 2406 4188 incidebat
2434 4134 2495 4185 in
2531 4131 2791 4186 Kalendas
2831 4130 3164 4198 Decembris;
3203 4146 3322 4202 qua:
3375 4134 3570 4188 omnia
3619 4139 3745 4187 recte

2136 4241 2263 4285 eum
2288 4228 2544 4283 Diederici
2568 4229 2887 4283 narratione
2912 4228 3259 4283 conveniunt.

2210 4320 2299 4374 15.
2330 4323 2412 4373 Eo:
2429 4318 2622 4389 quibus
2648 4324 2797 4389 patet
2819 4319 3078 4374 Diederici
3093 4322 3445 4387 sententiam,
3476 4320 3743 4375 scribentis

2140 4412 2438 4465 illationem
2462 4414 2726 4477 regnante
2743 4409 3133 4464 Carolomanna
3156 4409 3434 4476 accidisse,
3465 4410 3739 4479 preferen-

2140 4501 2270 4555 dam
2309 4513 2417 4555 esse
2457 4500 2775 4554 auctoritati
2801 4500 3061 4567 anonymi
3094 4499 3492 4567 chronographi
3517 4513 3637 4553 eam
3670 4514 3743 4553 re-

2140 4591 2380 4645 vocantis
2417 4588 2489 4642 ad
2552 4593 2757 4656 tempus
2808 4588 2986 4642 Caroli
3033 4586 3297 4656 Simplicis
3357 4590 3475 4656 ejus
3528 4589 3708 4655 fratris
3726 4631 3740 4653 ,

2139 4696 2329 4751 nempe
2350 4681 2421 4735 ad
2434 4695 2649 4734 annum
2671 4682 2887 4735 circiter
2913 4679 3551 4748 undenongentesimum,
3596 4681 3741 4749 paulo

2136 4777 2254 4841 post
2284 4770 2606 4825 obsidionem
2632 4772 3042 4824 Carnutensem.
3080 4773 3147 4822 In
3164 4770 3266 4822 hac
3290 4773 3478 4822 autem
3505 4770 3745 4838 anonymi

2141 4863 2388 4930 opinione
2413 4859 2698 4914 dicendum
2724 4863 2855 4913 esset
2898 4858 3167 4912 Rationem
3203 4859 3518 4926 praecepisse
3544 4859 3738 4927 quidem

2143 4960 2255 5013 suis
2298 4963 2360 5011 ut
2395 4958 2719 5011 monasterio
2773 4958 2955 5010 sancti
3000 4955 3271 5010 Benedicti
3302 4961 3625 5024 parcerent;
3670 4955 3743 5011 sed

2146 5055 2330 5104 tamen
2366 5053 2557 5103 contra
2594 5050 2709 5117 ejus
2735 5047 3066 5102 mandatum
3109 5045 3458 5116 pabulatores
3484 5052 3541 5100 et
3577 5061 3742 5103 excur-

2143 5150 2282 5193 sores
2335 5135 2593 5205 quosdam
2619 5134 2755 5190 illud
2807 5134 3109 5205 diripuisse.
3161 5137 3227 5187 In
3281 5148 3346 5188 ea
3375 5138 3647 5196 sententia
3678 5140 3741 5203 (ut

2144 5247 2334 5287 verum
2352 5230 2552 5301 fatear)
2582 5229 2639 5284 id
2674 5230 3012 5286 commodum
3059 5231 3342 5284 invenitur
3364 5229 3506 5298 quod
3548 5230 3741 5285 Carolus

2143 5324 2381 5393 Simplex
2409 5338 2557 5378 anno
2607 5324 3010 5392 nongentesimo
3035 5327 3281 5377 versatus
3316 5325 3398 5376 est
3423 5322 3666 5389 Flor-iaci,
3691 5326 3739 5375 ut

2146 5421 2356 5472 constat
2402 5430 2471 5470 ex
2517 5415 2807 5484 diplomate
2835 5416 3090 5469 Uticensis
3131 5416 3456 5468 monasterii
3490 5415 3737 5469 canonicis

2149 5511 2304 5580 (nam
2332 5510 2408 5565 ibi
2442 5517 2576 5566 tunc
2601 5510 2853 5566 canonici
2874 5506 3155 5577 degebant)
3183 5520 3429 5562 concessa
3451 5524 3550 5578 pro
3576 5507 3739 5573 conﬁr-

439 5607 674 5659 stantias
699 5609 760 5658 in
790 5605 1005 5672 prolixa
1026 5610 1345 5662 narratione
1381 5609 1622 5664 videmus
1650 5612 1711 5663 in
1745 5609 1854 5664 dies
1877 5611 2054 5664 omitti
2150 5607 2390 5659 motione
2405 5604 2734 5673 priediorum
2760 5616 3003 5658 suorum.
3021 5603 3107 5655 Sic
3128 5602 3278 5655 enim
3296 5600 3737 5671 desinitdiploma.

443 5702 478 5741 a
501 5690 779 5745 manliis
804 5692 1087 5757 historicis,
1107 5705 1226 5758 quia
1253 5693 1322 5747 ab
1345 5694 1467 5749 aliis
1490 5697 1809 5761 referuntur
1829 5696 1857 5750 ‘7
1882 5703 2053 5767 Neque
2152 5698 2342 5753 Datum
2382 5695 2563 5769 pridie
2617 5694 2732 5750 Kal.
2774 5693 3065 5762 Novemb.,
3105 5690 3300 5749 indict.
3347 5708 3431 5760 ιιι,
3476 5707 3617 5749 anno
3642 5708 3737 5759 mi,
