3938 6206
184 293 330 350 1185

1347 288 1686 349 MIRACULA
1725 289 1955 351 SANCTI
1993 293 2362 356 BENEDICTI.

3370 322 3507 381 1186

175 418 592 493 redintegrante
616 432 701 484 ιιι,
747 420 1019 491 regnante
1067 416 1270 522 domui)
1303 415 1494 473 Carolo
1520 417 1797 492 gloriosis-
1821 430 1873 500 Α
1899 423 2245 479 Floriacensis
2278 424 2487 479 abbatis
2514 431 2767 486 exstincti
2808 447 2954 490 anno
2981 437 3263 495 millesimo
3291 448 3503 522 quarto,

175 511 320 567 simo
378 526 528 583 rege.
590 508 781 564 Actum
832 508 1168 564 monasterio
1227 508 1280 564 S.
1321 509 1635 580 Benedicti.
1684 510 1798 577 Quo

174 604 332 658 modo
384 601 619 671 diploma
657 600 805 655 istud
840 601 1059 656 redierit
1110 602 1170 655 in
1217 616 1418 656 manus
1476 604 1798 657 Uticensi-um

176 692 591 758 monachorum,
623 690 791 746 obiter
827 690 1083 746 discimus
1112 705 1179 745 ex
1218 692 1392 758 titulo,
1424 692 1518 760 qui
1541 692 1798 761 prie/imus

174 786 411 841 habetur
467 788 527 840 in
574 785 751 841 codice
786 801 889 841 ms.
935 785 1187 841 Formam
1239 784 1567 858 subscripta:
1618 785 1796 843 Caroli

174 877 329 951 regis
356 877 561 933 charta:
593 876 908 933 Rodbertus
957 876 1231 933 Uticensis
1268 877 1590 934 monasterii
1631 877 1802 933 abbas

174 967 489 1023 Aurelianis
521 968 748 1037 invenit,
780 975 835 1024 et
864 968 1041 1040 ipsius
1061 969 1222 1038 jussu
1255 968 1575 1025 Goscelinus
1604 984 1802 1026 mona-

176 1056 319 1111 chus
345 1055 583 1128 scriptor
620 1058 879 1132 egregius
908 1056 1165 1113 celeriter
1202 1058 1563 1130 transcripsit,
1608 1065 1682 1126 et,
1727 1058 1796 1113 ad

175 1146 429 1203 notitiam
459 1147 820 1204 intimandam
859 1157 1079 1220 quantae
1120 1148 1278 1205 fama:
1322 1150 1516 1206 beatus
1544 1149 1798 1206 Ebrulfus

174 1239 326 1310 apud
358 1239 544 1296 Gallos
572 1241 880 1314 antiquitus
918 1242 1100 1311 fuerit,
1134 1243 1482 1299 Uticensibus
1511 1243 1798 1299 monachis

177 1339 434 1405 tempore
482 1334 723 1407 Philippi
776 1338 923 1411 regis
972 1338 1301 1395 Francorum
1343 1338 1510 1395 misit.
1543 1344 1695 1409 Ergo,
1736 1345 1800 1394 ut

180 1428 319 1495 dixi,
348 1429 619 1499 probabile
637 1438 717 1487 est
740 1435 991 1490 Carolum
1022 1441 1140 1490 tum
1168 1438 1446 1492 accessisse
1474 1436 1797 1502 Floriacum,

182 1517 484 1574 adductum
519 1522 776 1590 religione
799 1523 918 1592 loci,
942 1531 994 1579 et
1017 1528 1518 1581 commemoratione
1542 1527 1797 1591 victoriw,

181 1624 352 1678 quam
387 1612 639 1679 Gistol/us
675 1628 857 1669 recens
899 1616 963 1669 de
986 1618 1367 1672 Northmannis
1397 1618 1602 1673 cwlitus
1653 1620 1803 1671 retu-

1898 519 1960 583 ut
1990 515 2049 567 in
2081 514 2171 570 lib.
2206 531 2265 583 ιι,
2293 531 2408 585 cap.
2447 517 2499 585 Ι,
2530 520 2743 588 legitur.
2778 526 3057 583 Aimoinus
3108 529 3353 585 habitum
3384 514 3506 589 mo;

1900 605 2123 661 nasticae
2148 606 2435 683 religionis
2481 615 2710 683 suscepit
2746 614 2816 668 ab
2860 620 3162 677 Amalberto
3199 623 3409 693 abbate,
3441 640 3510 681 ex

1900 698 1993 752 lib.
2028 715 2064 764 ι,
2104 715 2223 769 cap.
2258 701 2345 769 l8,
2375 703 2618 774 idemque
2640 709 2855 777 scripsit
2885 717 3120 778 quatuor
3145 714 3302 770 libros
3332 719 3509 773 Histo-

1899 794 1994 847 riae
2031 797 2385 865 Francorum,
2411 799 2593 867 quales
2622 802 2682 854 in
2708 807 2846 858 tome
2867 802 2938 857 ΙΙΙ
2964 806 3176 861 Chesnii
3192 809 3320 863 editi
3342 818 3505 878 sunt;

1899 899 2027 954 quos
2076 889 2243 943 etiam
2282 891 2545 946 Gauzlino
2598 893 2783 948 abbati
2823 898 2947 965 jam
2998 898 3137 953 dicto
3195 896 3507 966 dedicavit;

1898 977 2112 1044 scripsit
2143 980 2310 1032 etiam
2333 993 2523 1048 poema
2551 982 2613 1036 de
2639 984 2997 1040 translatione
3030 992 3083 1041 et
3123 1002 3423 1045 sermonem
3449 992 3514 1046 de

1894 1073 2079 1123 sancto
2117 1070 2278 1124 Patre
2306 1073 2600 1141 Benedicto,
2631 1075 2833 1129 librum
2880 1079 2955 1131 De
3003 1078 3130 1134 Vita
3182 1084 3363 1135 sancti
3409 1083 3515 1137 Ab-

1896 1153 2045 1209 bonis
2087 1156 2326 1225 Abbatis,
2365 1166 2417 1214 et
2452 1161 2653 1216 librum
2679 1167 2750 1218 De
2772 1168 2930 1232 gestis
2960 1166 3221 1223 abbatum
3243 1177 3516 1226 monaste-

1896 1250 1969 1302 rii
2010 1251 2118 1315 sui,
2158 1252 2253 1319 qui
2289 1235 2638 1309 non‘exstat.
2691 1257 3005 1313 Aimoinum
3055 1260 3247 1315 nobilis
3297 1267 3506 1330 generis

1897 1344 2236 1410 Aquitanum
2264 1346 2434 1411 fuisse
2460 1354 2611 1417 patet
2637 1363 2707 1403 ea:
2748 1350 2885 1405 Vitae
2913 1353 2964 1404 S.
3003 1352 3234 1409 Abbonis
3264 1370 3382 1424 cap.
3418 1355 3506 1411 48.

1970 1430 2059 1485 20.
2107 1435 2407 1490 Diedericus
2456 1452 2550 1492 seu
2604 1438 2963 1507 Theodericus,
3020 1439 3399 1509 Hersfeldensis
3451 1447 3514 1499 in

1902 1526 2149 1595 Toringia
2176 1531 2491 1597 monachus,
2521 1531 2700 1586 eodem
2734 1534 2848 1599 fere
2887 1540 3118 1604 tempore
3167 1540 3238 1591 De
3274 1539 3517 1595 illatione

1898 1620 2256 1688 reliquiarum
2282 1627 2462 1679 sancti
2501 1625 2773 1682 Benedicti
2821 1628 3060 1684 libellum
3100 1632 3335 1687 condidit
3390 1635 3512 1689 hor-

180 1695 340 1751 lerat.
374 1703 497 1755 Haec
540 1704 673 1756 satis
702 1702 767 1757 de
819 1708 928 1758 tota
969 1705 1066 1759 illa
1107 1707 1502 1772 controversia;
1543 1719 1696 1760 nunc
1732 1704 1802 1758 ad
1826 1779 1867 1785 _
1904 1714 2024 1763 tatu
2068 1712 2320 1767 Richardi
2346 1713 2553 1769 abbatis
2591 1717 3014 1785 Amerbacensis,
3062 1722 3123 1774 in
3158 1722 3312 1776 editis
3360 1737 3511 1778 men-

180 1786 294 1841 alia
322 1791 648 1846 veniendum
670 1797 766 1847 est.
958 1864 1005 1918 Π

263 1973 352 2030 16.
400 1976 603 2028 Praeter
673 1981 916 2031 auctores
959 1978 1054 2045 qui
1088 1977 1261 2031 vitam
1302 1978 1483 2032 sancti
1534 1976 1804 2031 Benedicti

184 2072 381 2128 litteris
418 2068 783 2134 mandarunt,
827 2072 1011 2141 plures
1039 2073 1210 2126 etiam
1238 2075 1355 2142 ejus
1383 2072 1654 2127 miracula
1673 2087 1801 2142 pro-

186 2165 432 2220 tulerunt
459 2164 521 2215 in
545 2162 738 2229 lucem,
769 2178 1008 2219 maxime
1035 2164 1319 2219 Gallicani.
1366 2166 1580 2219 Primus
1620 2166 1798 2219 Histo-

182 2256 332 2308 riam
372 2250 744 2305 translationis
771 2253 832 2306 in
861 2250 1114 2319 Galliam,
1136 2258 1187 2307 et
1214 2252 1487 2307 miracula
1515 2258 1633 2306 tum
1651 2253 1803 2320 facta

185 2341 403 2410 scripsit
431 2339 769 2407 Adalbertus,
809 2341 1161 2397 Floriacensis
1205 2343 1521 2409 monachus,
1577 2344 1805 2396 testante

184 2433 408 2500 Rodulfo
441 2435 676 2489 Tortario
723 2435 784 2487 in
812 2435 1057 2488 carmine
1109 2433 1173 2488 de
1211 2433 1394 2488 eadem
1426 2433 1800 2501 translatione,

182 2540 353 2600 quam
379 2527 458 2580 sic
485 2526 768 2582 exorditur
785 2545 803 2580 :

329 2614 507 2674 Patris
534 2613 856 2670 Adalbertus
891 2613 1187 2670 translatos
1218 2613 1416 2670 edocet
1443 2620 1595 2669 artus

403 2704 660 2772 Quasdam
686 2709 843 2778 gesta
874 2702 1017 2774 style
1043 2702 1346 2772 subjiciens
1368 2702 1546 2758 nitido

1825 1779 1876 1848 Β
1902 1797 2022 1853 dese
2050 1800 2451 1869 Marbeacensis,
2480 1805 2574 1872 qui
2610 1819 2756 1860 anno
2803 1803 2948 1861 4029
2978 1779 3093 1862 vita
3136 1811 3362 1875 functus
3412 1817 3510 1878 est,

1899 1899 2118 1948 auctore
2141 1895 2381 1950 Browero
2419 1898 2479 1949 in
2522 1899 2927 1967 Antiquitatum
2956 1901 3304 1957 Fuldensium
3328 1904 3421 1957 lib.
3473 1919 3511 1969 ι,

1899 1999 2015 2054 cap.
2047 1982 2142 2053 20,
2172 1986 2345 2041 dictus
2398 1988 2857 2058 Amerbachensis,
2906 1993 3036 2060 quia
3079 1993 3326 2049 condidit
3384 2009 3513 2050 mo-

1899 2076 2674 2149 nasteriumAmerbachensc,
2697 2081 2918 2152 quodin
2944 2082 3262 2140 Franconias
3291 2100 3515 2142 recessu

1902 2182 2014 2223 non
2041 2169 2230 2239 procul
2258 2186 2290 2224 a
2318 2169 2498 2227 Μωηο
2542 2179 2733 2229 sancto
2768 2174 3053 2246 Simplicio
3094 2175 3314 2245 dicavit,
3344 2181 3519 2248 inquit

1902 2260 2195 2315 Browerus.
2238 2262 2500 2317 Diederico
2531 2266 2848 2320 Trithemius
2882 2280 3163 2335 perperam
3204 2268 3396 2322 tribuit
3424 2270 3519 2322 li—

1904 2348 2065 2404 brum
2101 2350 2374 2406 Adalberti
2426 2356 2496 2407 De
2547 2354 2902 2409 translatione
2936 2358 3116 2410 sancti
3143 2357 3435 2425 Benedicti,
3466 2364 3519 2413 et

1903 2441 2163 2497 illationis
2204 2445 2495 2499 Historiam
2559 2460 2685 2501 cum
2745 2448 2861 2501 Vita
2940 2448 2992 2501 S.
3056 2448 3329 2503 Benedicti
3379 2462 3515 2504 con-

1905 2534 2108 2602 fundit.

1977 2624 2068 2679 21.
2108 2626 2374 2681 Diederico
2412 2642 2548 2697 pene
2608 2629 2830 2698 aequalis
2882 2631 2993 2697 fuit
3034 2631 3272 2687 Andreas
3311 2632 3522 2688 Floria-

1907 2716 2077 2770 censis
2123 2716 2440 2783 monachus,
2488 2719 2583 2785 qui
2609 2719 2846 2772 Aimoini
2880 2718 3032 2774 libris
3084 2735 3265 2775 unum
3319 2722 3518 2791 adjecit

185 2801 512 2856 Existimavz
550 2793 843 2864 aliquando
899 2792 1260 2848 Adalbertum
1316 2808 1427 2847 non
1479 2792 1654 2847 alium
1702 2806 1811 2847 esse

1917 2805 1970 2861 rle
2016 2808 2297 2862 miraculis
2341 2810 2521 2864 sancti
2559 2810 2853 2878 Benedicti,
2907 2826 2942 2864 a
2997 2811 3221 2879 Rodulfo
3282 2817 3520 2871 Tortario

183 2904 356 2959 quam
376 2883 756 2948 Adrevaldum,
782 2881 976 2936 ductus
1016 2886 1136 2936 tum
1156 2882 1454 2937 testimonio
1476 2882 1714 2935 Aimoini
1743 2882 1804 2934 in

1917 2901 2124 2954 metrice
2148 2900 2437 2969 redditum,
2468 2904 2625 2971 cujus
2654 2902 2888 2958 Andreas
2920 2902 3053 2959 liber
3079 2905 3338 2960 hactenus
3366 2908 3517 2963 latet.

184 2983 401 3053 prologo
426 2975 711 3033 miraculo:
728 2990 844 3042 um,
871 2974 967 3030 ubi
990 2976 1104 3029 ait:
1145 2972 1510 3030 Adrevaldum
1542 2979 1596 3028 et
1624 2980 1806 3029 trans-

1977 2986 2065 3041 22.
2120 2988 2378 3056 Rodulfus
2413 3004 2554 3057 vero,
2604 2996 2947 3060 cognomento
3004 2995 3295 3061 Tortarius,
3336 2996 3523 3050 itidem

185 3069 414 3127 lationis
438 3067 579 3124 sacri
611 3063 862 3137 corporis
889 3064 1164 3133 ordinem,
1195 3071 1251 3120 et
1288 3065 1444 3139 signa
1474 3080 1574 3135 per
1603 3063 1803 3119 Gallias
1829 3088 1879 3159 Ο
1906 3082 2271 3148 ηονίαεεηδέε,
2319 3088 2521 3151 pram-
2556 3084 2703 3138 hunc
2738 3083 2958 3151 librum,
3011 3086 3178 3139 etiam
3230 3088 3405 3141 auum
3452 3092 3524 3143 De

189 3174 347 3243 gesta
388 3163 722 3231 inseruisse;
770 3169 889 3218 tum
937 3162 1190 3232 Sigiberti
1243 3168 1294 3217 et
1333 3162 1609 3217 Trithemii
1652 3174 1802 3215 asse-

1917 3172 2186 3227 miraculis
2213 3174 2391 3227 sancti
2416 3172 2688 3231 Benedicti
2711 3188 2870 3241 prosa
2900 3178 2952 3227 et
2977 3178 3148 3229 metro
3174 3174 3356 3229 edidit.
3387 3180 3521 3232 Pro-

187 3263 434 3318 rentium
473 3258 800 3313 binominem
858 3257 1027 3324 fuisse
1071 3255 1449 3321 Adrevaldum,
1502 3255 1597 3324 qui
1641 3255 1809 3309 etiam

187 3354 368 3409 dictus
389 3349 731 3405 Adalbertus.
766 3352 958 3404 Verum
1001 3352 1064 3403 ut
1091 3347 1318 3403 diversos
1357 3347 1525 3415 fuisse
1549 3348 1806 3413 sentiam,

180 3443 473 3516 persuadet
508 3456 595 3497 me
630 3441 772 3496 locus
800 3441 1045 3495 Chronici
1086 3440 1436 3494 Floriacensis
1480 3439 1628 3508 apud
1651 3439 1809 3492 Ches-

181 3536 350 3589 nium
374 3534 434 3586 in
466 3536 603 3585 tome
648 3532 726 3582 III
768 3529 1012 3583 Historia:
1058 3529 1410 3593 Francorum,
1448 3541 1575 3595 pag.
1606 3523 1719 3580 555
1748 3527 1809 3579 in

188 3624 306 3677 haec
332 3619 530 3676 verba:
586 3617 741 3672 Anno
795 3615 900 3671 853
938 3613 1265 3670 Adalbertus
1318 3614 1479 3669 bonae
1527 3612 1809 3670 memoriae

189 3710 498 3767 monachus
527 3724 580 3763 χι
607 3706 834 3761 Kalend.
866 3704 1089 3761 Ianuar.
1122 3704 1283 3773 obiit,
1339 3705 1476 3776 quod
1502 3706 1620 3760 sine
1651 3703 1811 3758 dubio

191 3806 259 3859 de
313 3803 598 3858 Adalberto
643 3799 1017 3854 translationis
1067 3800 1325 3867 scriptore
1381 3796 1811 3865 intelligendum,

196 3900 384 3969 aptari
418 3898 606 3966 nequit
631 3894 939 3962 Adrevaldo,
980 3896 1076 3963 qui
1122 3895 1292 3948 serius
1332 3894 1508 3948 vitam
1539 3891 1817 3962 produxit.

282 3987 376 4043 17.
402 3988 732 4044 Adrevaldus
768 3986 1029 4056 siquidem
1053 3985 1256 4041 librum
1279 3988 1351 4040 De
1371 3984 1652 4038 miraculis
1680 3997 1819 4037 san—

209 4087 285 4142 cti
314 4083 584 4139 Benedicti
608 4080 863 4149 condidit,
897 4096 1023 4136 cum
1075 4080 1436 4136 Northmanni
1476 4081 1601 4148 jam
1623 4076 1822 4132 Gallias

206 4178 545 4233 attrivissent
592 4188 693 4245 per
742 4171 971 4246 triginta
1019 4171 1195 4227 ferme
1251 4185 1517 4226 annorum
1560 4167 1820 4241 spatium,

206 4284 278 4326 ea:
302 4283 421 4337 cap.
459 4264 555 4332 55,
587 4265 658 4319 ad
680 4264 903 4334 proinde
930 4266 1145 4320 circiter
1170 4277 1384 4318 annum
1412 4263 1609 4318 Christi
1649 4262 1824 4316 octin-

1905 3266 2117 3320 saicum
2141 3266 2259 3320 sine
2283 3267 2520 3320 auctoris
2547 3266 2767 3320 nomine
2796 3267 2933 3335 typis
2968 3266 3211 3335 vulgavit
3231 3270 3468 3323 Joannes
3488 3283 3523 3324 ιι

1908 3360 2064 3412 Bosco
2100 3359 2161 3411 in
2185 3356 2505 3413 Bibliotheca
2535 3358 2877 3426 Floriacensi,
2911 3358 3003 3414 sed
3047 3372 3243 3414 nomen
3281 3366 3524 3416 auctoris

1908 3449 2285 3502 indicaverunt
2324 3446 2466 3503 Socii
2524 3448 2884 3514 Bollandiani,
2933 3451 3028 3518 qui
3083 3450 3247 3520 hujus
3285 3454 3526 3507 auctoris

1906 3545 1960 3594 et
1983 3540 2217 3593 aliorum
2240 3539 2405 3606 plura
2444 3542 2700 3608 opuscula
2728 3541 2984 3595 viderunt
3014 3545 3187 3596 Romte
3235 3544 3293 3597 in
3324 3545 3528 3612 regina:

1907 3628 2109 3681 Suecia:
2146 3625 2486 3693 Bibliotheca,
2524 3643 2643 3696 quae
2677 3643 2882 3696 magna
2922 3643 2992 3683 ex
3025 3635 3183 3698 parte
3217 3637 3431 3686 constat
3457 3633 3525 3685 li-

1910 3718 2022 3774 bris
2057 3720 2454 3787 manuscriptis
2491 3719 2828 3775 Bibliothecae
2855 3719 3226 3776 Floriacensis.
3256 3722 3530 3783 Scribebat

1917 3820 2107 3869 auctor
2149 3815 2249 3868 iste
2276 3816 2433 3869 initio
2456 3815 2640 3870 sweuli
2673 3815 2989 3884 duodecimi,
3029 3830 3219 3886 nempe
3242 3822 3358 3886 post
3385 3831 3531 3872 mor-

1920 3912 2028 3962 tem
2053 3906 2364 3961 Joscerandi
2395 3906 2603 3962 abbatis
2626 3913 2676 3962 et
2704 3907 3017 3962 incendium
3041 3910 3372 3965 Floriacense
3391 3912 3532 3965 anni

1924 3991 2088 4060 4095,
2107 3995 2199 4048 cui
2218 3993 2470 4060 interfuit
2498 4008 2567 4049 ex
2588 4010 2707 4064 cap.
2740 3992 2834 4051 27.

1990 4080 2080 4138 23.
2121 4085 2228 4145 Quo
2270 4087 2500 4152 tempore
2551 4085 2829 4153 scripserit
2882 4084 3129 4141 Giraldus
3182 4085 3536 4140 Floriacensis

1920 4177 2089 4233 etiam
2111 4176 2389 4244 canobita,
2419 4178 2513 4247 qui
2544 4192 2731 4248 poema
2754 4178 2819 4233 de
2848 4180 3204 4235 translatione
3227 4183 3404 4235 sancti
3439 4182 3536 4235 Be-

1922 4265 2125 4320 nedicti
2160 4267 2452 4335 composuit
2479 4270 2530 4320 et
2574 4265 2727 4320 aliud
2779 4268 2839 4321 in
2866 4268 3119 4323 honorem
3143 4270 3333 4323 sancti
3366 4270 3538 4323 Bene-

205 4360 567 4432 gentesimum
601 4358 1055 4426 septuagesimum
1083 4359 1359 4427 quintum,
1388 4361 1441 4411 et
1491 4358 1553 4410 in
1604 4370 1724 4424 cap.
1750 4351 1824 4409 28
1922 4355 2072 4423 dicti,
2110 4357 2353 4412 nondum
2378 4359 2504 4413 scio.
2549 4362 2839 4429 Utrumque
2863 4361 3031 4429 primi
3074 4359 3378 4414 indicavere
3404 4358 3542 4414 Socii

210 4455 444 4508 testatur
469 4463 526 4505 se
556 4454 694 4517 tum,
720 4463 846 4504 cum
888 4448 1179 4505 Ludovicus
1217 4451 1491 4518 Augustus
1514 4450 1823 4518 imperaret,
1852 4432 2283 4514 DBollandiani,
2312 4447 2465 4503 editis
2492 4453 2712 4504 tantum
2739 4449 2988 4517 exordiis,
3026 4451 3195 4519 primi
3230 4449 3446 4519 quidem
3474 4451 3538 4503 in

211 4539 507 4615 puerulum
564 4539 750 4606 fuisse.
782 4538 1062 4594 Adalberti
1088 4544 1139 4594 et
1174 4537 1460 4594 Adrtvaldi
1486 4537 1645 4594 libros
1668 4540 1833 4595 retuli

210 4637 274 4691 in
290 4632 492 4689 Saecula
522 4648 583 4701 ιι,
614 4647 742 4688 cum
769 4632 1010 4688 Adelerii
1033 4633 1341 4703 appendice.

283 4720 375 4778 18.
426 4721 701 4777 Adelerius
735 4736 879 4790 vero,
913 4722 1267 4779 Floriacensis
1322 4722 1508 4778 itidem
1532 4723 1830 4778 monachus

212 4814 325 4871 duo
357 4819 570 4870 tantum
601 4812 842 4885 capitula
872 4814 1006 4870 libro
1033 4813 1318 4870 Adrevaldi
1344 4813 1566 4883 adjecit,
1601 4820 1831 4871 testante

210 4908 461 4963 Aimoino
498 4909 561 4962 in
611 4908 826 4977 prologo
868 4920 986 4975 suo,
1017 4922 1137 4977 qua:
1187 4907 1430 4977 capitula
1464 4908 1719 4964 desinunt
1773 4910 1833 4963 in

213 5004 389 5076 morte
432 4998 679 5054 Ludovici
717 4997 891 5065 Balbi,
925 5000 1021 5068 qui
1055 4997 1144 5053 vix
1191 4997 1410 5054 duobus
1446 4998 1609 5054 annis
1659 5013 1831 5073 regno

212 5091 426 5165 potitus
470 5097 574 5159 est,
621 5093 800 5162 inquit
833 5093 941 5161 ille,
974 5098 1221 5150 mortuus
1259 5107 1406 5149 anno
1443 5091 1574 5147 879.
1612 5097 1696 5149 Ex
1730 5108 1833 5163 quo

214 5184 542 5253 intelligitur
556 5184 917 5242 Adrevaldum
939 5188 1107 5257 paulo
1149 5191 1280 5242 ante
1327 5186 1578 5243 Carolum
1605 5186 1831 5240 Calvum

213 5278 511 5346 decessisse,
535 5283 588 5334 et
624 5278 930 5336 Adelerium
967 5281 1078 5337 hinc
1124 5282 1395 5351 scripsisse
1437 5284 1701 5348 regnante
1727 5282 1831 5334 Ca-

214 5367 554 5424 rolomanno.

286 5456 376 5511 19.
409 5458 722 5527 Aimoinus,
753 5459 1103 5518 Floriacensis
1129 5463 1318 5532 utique
1361 5461 1680 5528 monachus,
1702 5473 1830 5517 con-

217 5549 458 5603 tinuavit
512 5551 805 5605 Historiam
857 5553 1251 5607 miraculorum
1303 5552 1483 5606 sancti
1534 5551 1829 5619 Benedicti,

213 5636 370 5691 editis
426 5637 631 5693 duobus
678 5638 851 5706 libris,
908 5655 1036 5708 quos
1098 5641 1361 5696 Gauzlino
1397 5640 1583 5696 abbati
1630 5640 1833 5697 Floria-

214 5730 364 5783 censi
387 5734 746 5799 muncupavit
773 5744 921 5789 anno
942 5735 1188 5800 proximo
1208 5735 1324 5802 post
1344 5738 1569 5791 mortem
1604 5732 1833 5792 Abbonis

1928 4535 2076 4590 hunc
2103 4534 2322 4590 modum
2350 4551 2364 4589 :

2001 4626 2489 4701 Longobardorum
2540 4644 2680 4703 gens
2741 4627 2913 4701 impia
2977 4643 3103 4684 cum
3165 4625 3531 4700 reproborum

2072 4717 2321 4775 Perﬁdiaa
2340 4720 2588 4776 tenebris
2625 4719 2796 4777 nollet
2823 4720 3021 4777 abesse
3057 4719 3195 4788 suis,
3226 4726 3327 4776 etc.

2001 4816 2234 4872 Alterius
2270 4830 2393 4873 vero
2418 4820 2497 4873 sic
2522 4835 2539 4871 :

2002 4911 2062 4966 In
2092 4909 2316 4966 laudem
2348 4926 2496 4967 nunc
2527 4916 2641 4967 tota
2666 4909 2788 4966 dies
2817 4909 3151 4982 expenditur
3183 4909 3283 4967 ista

2073 5004 2343 5061 Ccnlorum
2374 5004 2559 5079 Regis,
2591 5010 2665 5068 et,
2700 5003 3019 5071 Benedicte,
3052 5004 3154 5059 tui.

2000 5093 2143 5150 Mota
2172 5093 2326 5150 fuere
2349 5094 2470 5150 loco
2493 5092 2625 5161 justi
2659 5093 2749 5165 pia
2768 5092 3016 5148 membra
3046 5092 3352 5165 prophetae,

2073 5185 2207 5241 Ossa
2236 5184 2411 5239 Patris
2436 5183 2664 5256 proprio
2685 5188 2833 5239 mota
2862 5181 3016 5238 fuere
3045 5182 3187 5239 loco.

1997 5278 2088 5334 24.
2119 5283 2321 5334 Praeter
2346 5279 2436 5334 hos
2458 5277 2813 5333 Floriacenses
2840 5278 3148 5345 monachos,
3178 5276 3359 5332 Italici
3379 5277 3548 5332 etiam

1926 5372 2199 5427 miracula
2265 5373 2448 5426 Casini
2513 5388 2548 5427 a
2603 5376 2792 5426 sancto
2828 5374 2988 5425 Patre
3030 5369 3173 5425 edita
3218 5369 3544 5437 prodidere;

1928 5479 2054 5536 quos
2090 5467 2234 5520 inter
2257 5467 2564 5535 (reccipuus
2592 5469 2667 5519 est
2704 5464 3001 5519 Desiderius
3027 5462 3211 5529 abbas,
3236 5468 3417 5532 postea
3444 5464 3548 5515 Ro-

1928 5570 2128 5610 manus
2177 5556 2446 5624 ponti/ex,
2504 5557 2675 5610 Victor
2727 5555 2915 5609 tertius
2941 5553 3266 5623 appellatus.
3304 5555 3352 5604 Is
3399 5563 3545 5616 qua-

1933 5648 2055 5700 tuor
2080 5643 2239 5698 libros
2279 5647 2361 5700 De.
2389 5643 2668 5698 miraculis
2704 5644 2889 5697 Casini
2924 5646 2974 5695 et
3030 5640 3151 5694 aliis
3202 5638 3376 5692 Italiae
3411 5635 3538 5690 locis

1928 5737 2161 5803 patratis
2185 5736 2493 5802 composuit.
2524 5747 2592 5788 ex
2615 5732 2805 5800 quibus
2827 5736 2930 5785 tres
2951 5735 3170 5785 tantum
3188 5728 3428 5781 exstant.
