3938 6206
402 270 541 327 “87

1409 261 1703 321 RADULFI
1733 256 2044 318 TORTARII
2084 253 2378 316 MONACHl
2420 254 2719 314 FLORIAC.

3607 250 3763 313 U88

458 397 547 452 25.
609 397 707 451 His
763 392 1010 450 omnibus
1052 392 1315 448 accedunt
1358 393 1451 447 Leo
1508 395 1873 459 Marsicanus,
1940 406 2006 445 ea:
2037 389 2082 458 Α
2110 385 2390 450 triciacus,
2420 386 2603 454 inquit
2631 382 2949 448 Aimoinus,
2982 366 3187 437 dicitur
3210 380 3344 437 villa
3373 381 3432 438 in
3460 383 3765 456 Augusto-

389 487 646 542 monacho
704 486 987 541 Casinensi
1022 483 1322 539 cardinalis
1372 481 1651 549 Ostiensis,
1719 485 1768 535 et
1820 483 2008 535 Petrus

392 581 674 644 diaconus,
707 593 811 648 quo
841 580 896 632 in
953 577 1214 647 Chronico
1253 576 1535 633 Gasinensi
1574 575 1737 644 plura
1764 575 2009 641 referunt

393 679 572 732 sancti
608 675 887 731 Benedicti
914 674 1206 741 miracula,
1235 674 1407 743 plura
1432 673 1560 725 item
1590 675 1776 726 Petrus
1812 671 1869 724 in
1898 671 2008 724 Hi-

396 768 568 821 storia
597 765 920 819 inventionis
951 765 1189 833 corporis
1214 764 1391 818 sancti
1418 760 1688 816 Benedicti
1722 762 1785 815 in
1813 761 2012 815 Martio

395 854 756 909 Bollandiano
776 854 941 908 edita.

466 944 556 1000 26.
608 948 695 1000 Em
721 946 802 1000 his
828 945 1073 999 omnibus
1112 947 1344 1013 quatuor
1383 946 1592 996 tantum
1629 940 1793 1007 selegi
1833 941 2011 994 aucto-

399 1052 506 1101 res,
532 1038 765 1105 exceptis
794 1034 1112 1099 Adalberto,
1146 1032 1444 1087 Adrevaldo
1480 1036 1530 1085 et
1562 1031 1839 1091 Adelerio.
1880 1045 2016 1099 quo-

402 1147 522 1185 rum
547 1128 801 1198 opuscula
827 1132 1047 1181 emstant
1071 1129 1131 1180 in
1158 1126 1359 1182 Saecula
1391 1127 1439 1180 ll
1462 1140 1583 1179 cum
1605 1126 1855 1180 Aimoini
1884 1140 2018 1194 poe-

403 1224 544 1274 mate
582 1219 646 1271 dc
688 1217 1061 1271 translatione.
1115 1215 1308 1281 Selegi,
1360 1215 1601 1283 inquam,
1661 1212 2016 1277 Diedericum,

405 1308 731 1371 Aimoinum,
764 1304 1065 1371 Rodulfum
1114 1304 1419 1357 Tortarium
1462 1300 1559 1371 (l),
1600 1305 1650 1355 et
1684 1300 2020 1355 Desiderium

406 1412 497 1451 seu
544 1397 827 1451 Victorem.
864 1394 1149 1448 ,Diederici
1197 1394 1433 1462 priorem
1482 1392 1755 1445 duntaxat
1813 1393 2022 1459 partem

409 1485 563 1539 edere
602 1487 779 1539 visum
809 1491 904 1549 cst,
955 1482 1156 1551 rejecta
1183 1481 1438 1547 secunda,
1472 1495 1596 1550 quae
1631 1483 1709 1534 est
1746 1479 1811 1533 de
1835 1479 2025 1548 repeti-

409 1579 550 1633 tione
606 1579 841 1647 rorporis
906 1578 1082 1631 sancti
1135 1575 1412 1631 Benedicti
1436 1590 1535 1644 per
1589 1573 2023 1635 Carolomanum,

2112 480 2347 537 dunensi
2388 479 2666 536 territorio
2706 475 2951 551 regionis
3010 477 3345 551 Burgundiae
3401 479 3536 534 sita.
3604 479 3767 534 Hanc

2112 572 2470 638 Ecchardus,
2564 585 2751 625 comes
2827 568 3286 644 Burgundionum
3381 569 3762 635 ditissimus,

2110 673 2301 721 sancto
2342 661 2644 719 Benedicto
2676 669 2734 717 et
2780 659 3040 716 fratribus
3080 660 3449 718 Floriacensis
3493 660 3765 717 cmnobii

2113 750 2183 806 ad
2201 752 2595 823 stipendiarios
2627 752 2893 825 quosdam
2926 761 3180 825 sumptus
3202 754 3450 831 benigna
3480 752 3762 828 largitate

2113 841 2369 896 contulit.
2399 842 2514 908 Quo
2554 842 2818 899 defuncto
2843 859 2907 899 ac
2947 842 3001 897 in
3027 843 3363 900 Floriacensi
3396 841 3765 901 monasterio

2112 934 2268 1006 juxta
2297 936 2587 992 ecclesiam
2620 937 2835 993 Sanctae
2866 936 3047 993 Maria:
3073 938 3312 1009 sepulto,
3345 938 3403 994 in
3434 945 3770 994 memorata

2118 1029 2470 1098 possessione
2509 1029 2705 1086 fratres
2742 1029 3144 1086 habitationem
3176 1031 3283 1086 sibi
3312 1037 3678 1087 statuerunt:
3712 1029 3771 1084 in

2118 1141 2226 1196 qua
2257 1125 2420 1180 etiam
2449 1125 2646 1182 delatis
2684 1143 2714 1182 a
2744 1125 2991 1182 Floriaco
3032 1125 3085 1182 S.
3129 1126 3303 1182 Patris
3331 1125 3636 1183 Benedicti
3681 1139 3779 1179 re-

2118 1214 2327 1288 liquiis,
2359 1217 2597 1273 ecclesia
2634 1218 2689 1273 in
2717 1218 2929 1274 honore
2960 1217 3056 1272 Dei
3083 1233 3150 1273 ac
3196 1217 3463 1274 Gloriosa:
3508 1216 3773 1292 Virginis

2120 1307 2299 1363 Maria:
2321 1308 2602 1382 simulque
2632 1310 2842 1385 egregii
2878 1308 3055 1380 ipsius
3076 1308 3410 1366 confessoris
3423 1315 3768 1365 constructa

2123 1407 2252 1466 est,
2315 1416 2480 1472 quam
2556 1401 2842 1456 basilicam
2902 1400 3151 1456 Christus
3215 1401 3488 1456 Dominus
3535 1398 3772 1455 meritis

2124 1494 2329 1543 sanctae
2368 1505 2481 1545 suae
2514 1489 2828 1557 Genitricis,
2887 1505 2991 1545 nec
3039 1504 3150 1546 non
3186 1488 3373 1545 dilecti
3423 1488 3632 1544 famuli
3678 1488 3767 1543 sui

2125 1577 2407 1634 Benedicti
2449 1580 2756 1651 saepissime
2787 1578 3066 1634 miraculis
3097 1578 3369 1634 illustrem
3401 1578 3690 1635 reddidit.

409 1686 574 1769 quam
596 1674 721 1769 post
746 1670 1048 1769 illationem
1078 1668 1341 1769 accidisse
1357 1668 1559 1769 supino
1582 1682 1788 1769 errore.
1812 1665 2020 1769 scribit.
2051 1700 2103 1769 B
2193 1668 2285 1724 29.
2324 1670 2454 1736 Quis
2481 1672 2653 1739 fuerit
2690 1673 2792 1727 iste
2846 1671 3120 1727 Eccardus
3159 1686 3345 1732 comes.
3402 1684 3580 1742 quove
3621 1675 3759 1725 tem-

407 1764 654 1817 Aimoini
682 1762 890 1816 duobus
912 1762 1068 1815 libris
1094 1760 1323 1829 subjicio
1354 1760 1552 1814 librum
1577 1759 1790 1827 Rodulﬁ
1831 1760 2029 1813 Torta-
2052 1759 2100 1769 ”
2122 1775 2255 1834 pore
2293 1762 2537 1827 floruerit
2583 1762 2732 1817 docet
2767 1776 2864 1817 nos
2918 1764 3189 1830 egregium
3240 1763 3600 1832 antiquitatis
3633 1777 3760 1815 mo—

405 1855 503 1919 rii,
552 1868 768 1907 nomine
806 1853 1079 1918 Anonymi
1141 1867 1176 1905 a
1225 1852 1429 1905 Joanne
1479 1851 1663 1904 Boscio
1719 1850 2024 1916 vulgatum,

406 1943 623 1995 omissis
646 1941 851 1995 duobus
899 1936 1054 1993 libris
1110 1940 1348 1993 metricis
1386 1938 1621 2007 ejusdem
1667 1938 1926 1998 Tortarii,
1969 1938 2025 1989 in

408 2049 637 2104 quorum
685 2035 869 2102 primo
910 2032 1143 2087 Andreae
1196 2031 1449 2086 monachi
1500 2031 1741 2085 libellum
1787 2030 2026 2085 versibus

407 2125 608 2191 reddit,
639 2126 699 2177 in
739 2123 976 2178 secundo
1004 2123 1166 2188 hunc,
1206 2137 1362 2191 quem
1400 2122 1487 2176 hic
1524 2121 1764 2187 exhibeo,
1797 2122 2029 2176 Andreas

408 2214 661 2268 monachi
698 2213 1023 2282 opusculum
1054 2212 1204 2267 istud
1244 2213 1540 2266 intercidit.
1586 2214 1825 2267 Tortarii
1860 2213 2030 2266 versio

406 2305 631 2359 metrica
654 2306 834 2357 exstat
862 2305 923 2356 in
949 2304 1148 2357 Martio
1181 2301 1562 2369 Bollandiano,
1604 2302 1698 2356 sed
1728 2306 1839 2357 tam
1866 2301 2029 2357 emilis

411 2402 459 2453 et
481 2397 679 2467 jejuna
700 2402 756 2451 ut
778 2402 980 2466 praeter
999 2396 1176 2451 nudas
1198 2398 1546 2465 inﬁrmorum
1566 2400 1870 2454 curationes
1890 2396 2032 2451 nihil

412 2492 527 2559 fere
582 2489 927 2543 emolumenti
955 2504 1022 2542 ea:
1052 2504 1114 2542 ea
1144 2489 1266 2543 elici
1290 2503 1439 2556 posse
1482 2487 1754 2543 videatur.
1787 2490 1857 2543 Et
1900 2503 2030 2558 poe-

411 2579 574 2634 matii
600 2577 888 2632 exordium
912 2593 926 2630 :

488 2665 618 2730 Quae
648 2665 747 2720 tibi
787 2664 858 2719 de
898 2665 1070 2739 gestis
1121 2664 1411 2736 scripsisse
1458 2665 1734 2737 stupenda
1789 2665 2034 2737 paternis

567 2757 772 2813 Dicitur
808 2756 1075 2823 Andreas,
1104 2755 1284 2811 ﬁstula
1314 2763 1511 2822 nostra.
1527 2764 1702 2813 notat.

488 2853 555 2908 At
578 2852 834 2907 Lemovix
854 2852 1094 2924 populus
1123 2851 1355 2907 feriente
1384 2851 1495 2908 Deo
1527 2859 1803 2924 pateretur

563 2941 753 3013 Ignem
783 2940 914 2995 dum
946 2956 1187 3007 sacrum,
1220 2940 1315 2996 dat
1339 2941 1448 2996 sibi
1480 2942 1768 2997 consilium

491 3029 666 3085 Patris
689 3029 975 3102 relliquias
992 3031 1116 3086 urbi
1148 3038 1366 3106 gestare
1396 3033 1687 3088 verendas.
1766 3038 1779 3048 '

564 3119 718 3184 Quod
742 3129 1031 3191 postquam
1060 3117 1212 3185 fecit,
1244 3121 1416 3192 pestis
1448 3121 1637 3192 iniqua
1670 3123 1831 3193 perit.

428 3206 686 3274 Quaedam
714 3209 830 3262 alia
866 3209 1101 3275 inferius
1131 3209 1254 3262 inde
1280 3209 1550 3263 adducam
1581 3210 1646 3264 de
1681 3211 1813 3266 cella
1840 3214 2037 3270 Barci-

421 3302 669 3356 nonensi.
709 3299 1004 3367 Rodulfum
1040 3300 1464 3369 subsequuntur,
1496 3304 1593 3371 qui
1612 3304 1917 3373 pracedere
1942 3306 2038 3361 de-

425 3394 675 3461 buerant,
709 3396 974 3449 Desidcrii
1001 3408 1095 3450 seu
1131 3397 1365 3451 Victoris
1408 3397 1638 3466 dialogi,
1673 3402 1735 3454 ut
1786 3403 2041 3456 continua

429 3488 565 3543 serie
588 3486 858 3541 miracula
899 3488 954 3540 in
1002 3488 1206 3555 Gallia,
1240 3492 1349 3543 tam
1376 3489 1492 3544 alia
1519 3491 1577 3545 in
1606 3491 1772 3546 Italia
1796 3494 1950 3561 facta
1976 3494 2041 3549 ob

425 3579 600 3634 oculos
646 3594 985 3649 poneremus.
1032 3581 1305 3636 Desiderii
1366 3582 1610 3651 dialogos
1662 3599 1730 3639 ea:
1780 3586 2043 3643 Vaticano

426 3670 606 3726 codice
631 3686 731 3726 ms.
761 3673 903 3727 eruit
947 3674 1178 3729 Joannes
1230 3675 1482 3743 Baptista
1519 3677 1727 3742 Marus,
1766 3678 2042 3735 Romanus

428 3762 742 3828 canonicus,
778 3764 865 3816 vir
911 3778 1041 3817 sane
1066 3763 1132 3818 de
1157 3763 1436 3834 republica
1475 3764 1752 3819 litteraria
1787 3770 1837 3820 et
1885 3769 2045 3823 Bene-

432 3849 641 3904 dictina
671 3849 798 3904 bene
820 3852 1065 3918 meritus,
1088 3865 1279 3922 eosque
1308 3852 1607 3907 illustravit
1642 3854 1864 3909 eruditis
1878 3858 2044 3923 notis,

2123 1858 2457 1919 numentum,
2502 1850 2853 1906 Chartarium
2884 1851 3089 1906 scilicet
3130 1851 3550 1915 Patriciacense,
3604 1849 3760 1920 quod

2123 1960 2300 2015 nuper
2325 1944 2470 2013 typis
2500 1940 2781 2008 vulgatum
2806 1941 2882 1994 est
2908 1937 3063 2009 apud
3089 1938 3422 2009 Stephanum
3451 1938 3764 1992 Perardum

2127 2038 2186 2091 in
2211 2036 2511 2090 collectione
2537 2037 2773 2086 veterum
2801 2033 3280 2086 instrumentorum
3306 2029 3384 2084 ad
3412 2028 3761 2098 Burgundii:

2132 2128 2428 2183 Historiam
2445 2126 2851 2195 pertinentium.
2885 2124 3214 2181 Chartaceus
3238 2124 3341 2177 iste
3376 2121 3551 2177 codex
3582 2121 3766 2191 diplo-

2128 2225 2280 2276 mata
2309 2220 2540 2287 triginta
2558 2232 2748 2274 novem
2779 2218 3035 2283 continet,
3061 2217 3122 2270 in
3148 2229 3375 2285 quorum
3394 2215 3585 2285 primo
3619 2214 3763 2281 legi-

2131 2314 2224 2364 tur
2252 2309 2474 2363 donatio
2513 2305 2719 2377 prazdii
2754 2305 3031 2361 Patriciae
3095 2303 3164 2358 ab
3194 2301 3479 2359 Heccardo
3500 2303 3665 2369 facta
3701 2301 3766 2356 ad

2131 2398 2453 2472 confugium
2484 2414 2651 2469 supra
2680 2396 2959 2452 dictorum
2999 2393 3405 2467 monachorum
3456 2394 3769 2449 Flmiacen-

2132 2494 2304 2559 sium;
2336 2491 2433 2546 ubi
2476 2489 2722 2546 notanda
2749 2488 2859 2543 hac
2882 2488 3079 2543 verba:
3136 2485 3248 2558 Ego
3278 2484 3559 2541 Eccardus
3612 2486 3761 2542 dono

2134 2580 2232 2636 Dei
2261 2595 2469 2649 comes,
2501 2585 2556 2634 et
2585 2578 2787 2648 conjux
2816 2592 2941 2632 mea
2969 2574 3272 2638 Richeldis,
3301 2581 3577 2646 paventes
3609 2575 3759 2631 diem

2134 2678 2393 2730 extrema:
2448 2669 2776 2736 vocationis,
2823 2685 2895 2724 ne
2935 2665 3144 2741 gravati
3195 2664 3342 2722 mole
3369 2667 3764 2738 peccaminum

2133 2765 2256 2822 sine
2287 2762 2469 2820 fructu
2496 2762 2633 2819 boni
2665 2759 2854 2834 Operis
2908 2759 3134 2816 steriles
3172 2757 3558 2827 inveniamur,
3591 2759 3767 2816 dona-

2134 2877 2259 2917 mus
2310 2875 2414 2932 pro
2468 2857 2666 2913 animae
2709 2862 2911 2911 nostra
2952 2852 3203 2910 remedio
3232 2859 3400 2925 atque
3429 2852 3488 2908 in
3524 2853 3770 2909 eleemo—

2134 2966 2272 3022 syna
2306 2944 2694 3004 Childebranni
2744 2942 3013 3019 genitoris
3045 2942 3155 2997 mei
3194 2948 3249 2997 et
3297 2941 3595 3015 genitricis
3628 2957 3760 2998 mete

2065 3043 2115 3113 ς,
2139 3039 2441 3105 Donnauae,
2471 3052 2576 3092 nec
2604 3050 2717 3091 non
2745 3033 2995 3109 germani
3028 3031 3209 3089 fratris
3248 3032 3359 3087 mei
3394 3031 3754 3100 Theoderici,

2137 3136 2193 3184 et
2255 3142 2487 3183 uxorum
2528 3139 2775 3180 mearum
2828 3121 3170 3198 Albegundis
3222 3126 3391 3193 atque
3451 3120 3758 3188 Rieheldis,

2138 3216 2517 3289 donatumque
2538 3216 2595 3271 in
2624 3221 2960 3288 perpetuum
2988 3229 3112 3269 esse
3138 3212 3395 3269 volumus
3424 3228 3519 3268 res
3541 3221 3756 3270 nostras

2140 3308 2208 3363 ad
2232 3305 2629 3363 monasterium
2663 3304 2878 3359 Sanctae
2905 3302 3090 3358 Mariae
3114 3309 3172 3357 et
3200 3300 3387 3357 Sancti
3409 3300 3559 3358 Petri
3593 3311 3756 3376 atque

2139 3398 2322 3455 Sancti
2385 3395 2671 3453 Benedicti
2724 3394 3089 3452 Floriacensis
3138 3393 3266 3448 libri
3310 3392 3403 3465 [an
3457 3393 3618 3466 loci],
3668 3394 3756 3451 ubi

2142 3490 2263 3564 ipse
2291 3498 2517 3546 sanctus
2548 3486 2880 3544 Benedictus
2906 3485 3096 3542 debito
3126 3485 3365 3559 quiescit
3405 3485 3648 3554 honore,
3672 3485 3751 3542 vel

2141 3585 2239 3642 ubi
2264 3599 2504 3657 praeesse
2525 3582 2881 3659 cognoscitur
2904 3580 2990 3638 vir
3013 3578 3355 3636 venerabilis
3382 3578 3564 3635 abbas
3584 3579 3755 3637 Teod-

2142 3673 2335 3730 bertus
2371 3688 2483 3729 una
2526 3687 2650 3728 cum
2690 3670 2933 3742 plurima
2973 3667 3137 3726 turba
3198 3667 3609 3724 monachorum
3663 3667 3759 3723 ibi-

2145 3762 2272 3819 dem
2322 3760 2556 3818 Domino
2588 3758 3009 3827 famulantium;
3051 3771 3175 3830 qua:
3218 3755 3326 3811 sita
3365 3762 3499 3812 sunt
3542 3756 3598 3811 in
3627 3771 3756 3832 pago

2145 3853 2644 3931 Augustodunense
2673 3859 2839 3925 atque
2893 3851 2951 3906 in
2991 3864 3137 3925 pago
3178 3847 3617 3917 Matisconense,
3665 3863 3748 3904 seu

432 3960 569 4016 quas
599 3947 730 4016 quia
767 3948 1047 4016 proposito
1084 3950 1266 4001 nostro
1304 3947 1712 4003 accommodatae
1749 3953 1891 4018 sunt,
1928 3952 2048 4019 fere
2147 3945 2206 4000 in
2237 3943 2627 4011 Cabilonense,
2660 3941 2715 3997 id
2745 3946 2830 3997 est
2856 3939 2914 3995 in
2951 3938 3081 3997 villa
3108 3953 3233 4013 quae
3260 3936 3472 3994 dicitur
3502 3937 3753 3994 Patricia-

429 4037 647 4102 integra
667 4033 741 4088 ad
756 4034 976 4090 verbum
1003 4035 1253 4089 exhibere
1279 4039 1455 4092 visum
1484 4041 1578 4093 est.
1602 4037 1909 4095 Desidcrius
1933 4043 2048 4097 ini-
2151 4051 2269 4103 cus,
2301 4051 2425 4091 cum
2456 4032 2692 4090 ecclesia
2720 4032 2777 4088 in
2806 4032 3017 4088 honore
3036 4029 3215 4087 sancti
3231 4030 3377 4087 Petri
3408 4039 3643 4094 sacrata.
3669 4035 3754 4085 etc.

433 4124 508 4179 tio
528 4123 735 4190 dialogi
755 4125 1038 4193 promittit
1061 4128 1300 4194 quatuor
1327 4125 1493 4180 libros
1523 4128 1597 4180 De
1631 4128 1911 4183 miraculis
1933 4134 2046 4187 tum
2149 4128 2283 4184 Data
2320 4127 2380 4183 in
2410 4142 2604 4182 mense
2630 4124 2893 4182 Januario
2923 4139 3070 4181 anno
3099 4122 3276 4197 primo
3306 4121 3534 4194 imperii
3562 4122 3755 4180 domini

430 4232 530 4288 per
552 4221 798 4272 sanctum
819 4217 1183 4286 Benedictum,
1209 4233 1328 4273 cum
1340 4234 1442 4289 per
1466 4219 1602 4274 alios
1621 4224 1830 4276 sanctos
1852 4227 2040 4280 mami-
2149 4217 2326 4274 Caroli
2374 4216 2637 4290 junioris,
2692 4232 2880 4287 nempe
2934 4216 3088 4272 Calvi
3152 4214 3359 4272 Christi
3402 4215 3611 4269 scilicet
3662 4214 3754 4269 876

432 4326 516 4366 me
550 4312 669 4381 ejus
699 4311 997 4381 discipulos
1022 4314 1278 4382 patratis,
1312 4327 1539 4382 quorum
1567 4314 1673 4368 duo
1700 4317 1908 4384 priores
1931 4320 2044 4372 mi-
2145 4315 2381 4370 ineunte.
2419 4314 2620 4370 Villam
2645 4312 2786 4369 hanc
2819 4328 2939 4369 cum
2966 4311 3362 4383 appendicibus
3399 4327 3437 4367 a
3490 4311 3748 4366 Ludovico

435 4401 629 4455 racula
661 4400 867 4465 Casini,
898 4400 1000 4454 alii
1028 4400 1134 4455 duo
1158 4401 1425 4456 miracula
1465 4404 1525 4456 in
1562 4403 1690 4457 aliis
1718 4404 1893 4459 Italiae
1920 4406 2049 4462 locis
2072 4414 2132 4484 D
2151 4402 2399 4471 Augusto
2426 4401 2570 4458 dono
2593 4405 2871 4473 acceperat
2893 4401 3169 4457 Eccardus
3192 4401 3391 4456 litteris
3422 4399 3574 4455 datis
3597 4399 3755 4456 Picta-

436 4489 595 4556 facta
620 4491 1045 4559 repraesentant;
1085 4489 1178 4543 sed
1223 4490 1335 4543 sive
1374 4492 1423 4543 is
1466 4505 1575 4545 non
1606 4492 1892 4560 perfecerit
1918 4509 2049 4563 opus
2150 4494 2234 4551 vis
2260 4510 2312 4549 ιν
2334 4493 2430 4549 Kal
2469 4492 2735 4561 Januarii,
2769 4508 2916 4550 anno
2939 4491 3156 4565 imperii
3187 4492 3461 4566 vigesimo
3513 4492 3756 4565 septimo,

433 4596 613 4650 suum,
653 4583 764 4637 sive
808 4585 1079 4649 integrum
1135 4597 1244 4636 non
1290 4582 1486 4637 reddat
1521 4584 1689 4638 eodem
1735 4585 2050 4653 Vaticanus,

436 4677 536 4745 qui
574 4674 701 4728 olim
727 4674 843 4740 fuit
873 4673 1215 4728 Bibliotheca?
1244 4673 1573 4741 Casinensis,
1596 4676 1724 4745 ﬁnis
1752 4678 1902 4731 tertii
1921 4677 2057 4731 libri

436 4771 487 4824 et
515 4771 656 4824 totus
678 4769 907 4837 quartus
932 4766 1009 4821 ad
1030 4782 1126 4822 nos
1154 4768 1376 4822 minime
1397 4771 1660 4838 pervenit.

1201 4854 1293 4909 lll.
1328 4870 1341 4875 ‘

512 4944 605 5001 27.
634 4947 842 5002 Prester
894 4946 1152 5002 Casinum
1202 4949 1251 5001 et
1301 4945 1622 5011 Floriacum,
1662 4962 1784 5016 qua:
1812 4946 1928 5002 loca
1970 4950 2064 5004 in-

438 5039 776 5108 signioribus
801 5040 1103 5109 prmsentim
1129 5052 1242 5093 sua:
1284 5039 1503 5093 indiciis
1544 5038 1818 5094 decoravit
1844 5045 2062 5096 sanctus

442 5129 631 5197 Pater,
657 5132 719 5184 in
762 5130 1017 5200 subjectis
1060 5130 1217 5186 libris
1245 5130 1584 5185 celebrantur
1609 5131 1724 5185 alia
1772 5131 1900 5198 duo,
1931 5132 2066 5187 cella

440 5221 646 5276 scilicet
697 5223 1064 5279 Patriacensis
1116 5227 1167 5278 et
1221 5224 1656 5291 Barcinonensis,
1696 5223 1794 5279 ubi
1841 5229 2064 5281 sanctus

436 5313 759 5368 Benedictus
790 5315 1077 5371 miraculis
1106 5318 1325 5371 claruit.

509 5404 597 5459 28.
628 5408 701 5460 De
732 5407 1045 5463 Patriciaco
1094 5412 1268 5476 agunt
1315 5408 1595 5463 Aimoinus
1622 5409 1681 5462 in
1710 5408 1806 5465 lib.
1841 5424 1900 5477 ιι,
1940 5423 2062 5479 cap.

442 5491 510 5546 15
552 5497 602 5548 et
629 5492 993 5575 sequentibus.
1030 5497 1315 5550 Tortarius
1353 5498 1415 5551 in
1444 5510 1565 5565 cap.
1597 5496 1667 5552 39
1704 5501 1753 5552 et
1779 5497 1927 5553 aliis.
1960 5496 2063 5551 Pa-

2153 4584 2459 4642 indictione
2478 4585 2663 4654 tertia,
2689 4586 2750 4641 id
2785 4590 2863 4642 est
2890 4586 2987 4641 sub
3015 4588 3177 4656 ﬁnem
3214 4587 3355 4641 anni
3381 4585 3513 4642 839.

2225 4677 2314 4733 30.
2368 4680 2459 4735 Ea:
2506 4678 2592 4733 his
2628 4678 2895 4733 nonnulla
2943 4677 3205 4732 discimus
3241 4676 3529 4732 observata
3585 4677 3755 4746 digna,

2150 4770 2413 4839 primum,
2465 4767 2704 4824 Eccardi
2754 4769 2961 4823 comitis
3009 4781 3175 4836 genus
3237 4782 3305 4822 ea:
3345 4772 3513 4838 patre
3566 4768 3759 4826 Childs-

2160 4861 2392 4928 branno,
2423 4860 2717 4929 Nibelungi
2752 4861 2958 4934 comitis
2987 4859 3070 4929 (ut
3091 4863 3243 4931 puto)
3264 4859 3400 4930 ﬁlio,
3432 4864 3485 4915 et
3520 4876 3591 4916 ea:
3612 4864 3761 4916 matre

2160 4955 2430 5009 Donnana
2445 4968 2643 5008 umores
2671 4952 3055 5021 Albegundem,
3087 4967 3161 5007 an
3183 4952 3588 5021 Aldegundem,
3612 4958 3659 5009 et
3683 4954 3759 5009 Ri-

2163 5043 2415 5107 childem,
2453 5042 2835 5098 Thcodoricum
2861 5044 3111 5110 fratrem.
3145 5045 3234 5098 Ea:
3262 5041 3505 5112 ejusdem
3550 5041 3760 5099 Eccardi

2163 5136 2500 5200 testamento,
2530 5148 2650 5203 quis
2678 5131 2872 5187 charta
2896 5131 3089 5187 ordine
3125 5133 3322 5201 quinta
3367 5136 3469 5199 est,
3527 5131 3759 5187 discissa

2163 5224 2275 5294 ipsi
2300 5237 2617 5290 germanam
2637 5221 2813 5289 fuisse
2847 5220 3107 5276 Adanam
3143 5220 3467 5276 monacham
3501 5222 3565 5275 in
3591 5219 3759 5275 Afrano

2164 5326 2257 5368 seu
2294 5310 2529 5368 Afarano
2566 5312 2912 5374 monasterio,
2970 5312 3060 5366 cui
3106 5315 3217 5366 tum
3251 5311 3529 5382 prafecta
3570 5314 3758 5368 Bertra~

2165 5403 2315 5458 dana
2383 5401 2535 5469 Quod
2569 5416 2679 5457 non
2705 5399 2862 5456 aliud
2895 5415 3006 5455 esse
3031 5400 3248 5455 videtur
3299 5416 3472 5471 quam
3527 5409 3758 5457 monaste-

2165 5498 2310 5552 rium
2339 5496 2552 5552 Sanctae
2578 5497 2734 5552 Fara:
2763 5496 2823 5550 in
2845 5497 3029 5550 tractu
3057 5496 3297 5566 Briegio.
3329 5496 3395 5552 In
3424 5496 3604 5553 eodem
3628 5498 3758 5551 testo-

517 5668 590 5737 (l)
633 5667 745 5722 Nos
803 5668 1028 5724 nonnisi
1087 5671 1302 5727 Rodulﬁ
1373 5674 1601 5728 Tortarii
1660 5690 1801 5747 Opus
1856 5678 2073 5734 damus.
2115 5675 2266 5734 Alios
2298 5676 2411 5747 jam
2434 5674 2733 5735 edidimus.
