3938 6206
177 312 320 368 H89

1328 295 1669 357 MIRACULA
1706 294 1939 352 SANCTI
1981 294 2353 351 BENEDICTI.

3371 302 3510 358 1190

176 441 351 495 mento
382 433 787 500 Gerberganam
813 431 1023 498 neptem
1050 442 1209 483 suam
1234 430 1407 492 vocat,
1434 427 1519 480 uti
1546 430 1595 479 et
1622 426 1683 479 in
1702 438 1791 478 se-
1819 427 1873 495 Α
1897 422 1958 478 In
1988 439 2095 494 qua
2118 430 2294 478 turma
2317 422 2429 476 Deo
2453 421 2748 478 famulatur
2770 424 2964 481 sedula
2984 426 3224 496 Christo,

178 530 467 603 quentibus
531 525 750 591 litteris,
802 524 867 578 in
904 522 1096 592 quibus
1145 520 1503 577 Guiniterium
1556 523 1798 588 nepotem

178 638 339 678 suum
397 617 674 689 appellat;
718 613 873 683 cujus
904 612 1193 667 Guiniterii
1228 625 1320 665 seu
1364 609 1587 664 Winiter
1602 611 1643 661 ii
1680 608 1800 662 dum

181 712 385 766 charta:
423 709 675 775 leguntur
700 704 889 758 ordine
942 699 1012 756 20
1042 705 1090 756 et
1138 700 1229 754 26.
1261 702 1397 768 Lege
1446 700 1664 755 chartas
1710 696 1795 761 l3,

183 802 255 856 44
284 806 335 856 et
362 800 431 854 15
469 812 568 869 pro
592 796 888 862 Nivelongo
918 794 1126 858 comite,
1155 808 1310 861 quem
1333 795 1467 861 puto
1496 805 1603 845 esse
1633 788 1799 858 hujus

184 890 416 947 Eccardi
444 902 628 942 avum.
682 886 948 940 Discimus
995 884 1119 936 item
1175 895 1245 935 ea:
1282 882 1468 952 prima
1503 880 1719 946 charta,
1749 882 1800 932 et

182 984 349 1037 etiam
390 995 457 1034 ea:
511 976 768 1041 secunda,
818 973 1204 1029 Theodbertum
1248 972 1494 1026 abbatem
1521 975 1641 1040 post
1667 973 1801 1025 Ber-

183 1074 419 1128 nardum
458 1068 789 1125 Floriacensi
841 1065 1159 1119 monasterio
1196 1063 1485 1133 praefuisse
1515 1061 1637 1130 jam
1682 1059 1801 1113 inde

183 1163 373 1216 saltem
398 1160 467 1214 ab
495 1172 635 1212 anno
663 1156 789 1222 876,
829 1153 1177 1223 eamdemque
1211 1167 1340 1217 esse,
1387 1154 1484 1220 qui
1519 1152 1629 1205 loco
1653 1164 1801 1220 prce-

184 1251 398 1307 sidebat
444 1262 587 1302 anno
616 1245 721 1301 885
746 1260 813 1298 ea:
849 1244 1044 1298 charta
1086 1241 1172 1295 11.
1205 1241 1485 1297 Gibertum
1528 1239 1803 1295 Teodberti

185 1345 358 1401 locum
384 1355 669 1411 occupasse
697 1354 840 1394 anno
862 1337 968 1392 890
989 1339 1194 1392 constat
1217 1350 1285 1389 ea:
1305 1334 1499 1388 charta
1517 1332 1608 1387 27.
1643 1336 1809 1389 Lam-

190 1438 400 1492 berlum
425 1450 549 1490 vero
575 1447 716 1487 anno
743 1430 845 1485 907
882 1445 950 1484 ea:
987 1429 1079 1483 29.
1121 1431 1195 1483 De
1222 1430 1330 1481 situ
1360 1428 1661 1481 Patriciaci
1697 1443 1808 1481 am-

189 1530 341 1600 plius
370 1528 585 1582 dicetur
602 1524 676 1579 ad
709 1523 950 1579 Torlarii
964 1536 1084 1590 cap.
1108 1520 1197 1575 46.

266 1616 356 1672 31.
411 1615 563 1669 Alius
619 1614 765 1668 locus
809 1610 1083 1667 Benedicti
1122 1608 1403 1664 miraculis
1444 1607 1667 1663 celebris
1693 1607 1809 1673 fuit

193 1706 331 1761 cella
367 1704 615 1775 quaedam
650 1704 774 1770 agri
801 1700 1215 1757 Barcinonensis
1236 1704 1421 1753 sancto
1444 1698 1599 1751 Patri
1625 1711 1804 1762 sacra,

2005 514 2218 570 Gaudet
2245 512 2501 585 praesidio
2541 520 2676 581 tuta,
2713 525 2961 585 patrone,
2992 527 3088 576 tuo

1899 606 2015 661 lluc
2044 611 2298 659 oraturus
2321 602 2593 658 successit
2625 603 2782 658 miles
2811 606 3045 675 amicus,

2007 694 2165 748 Extra
2195 692 2440 748 dimissis
2464 692 2644 748 donec
2670 693 2849 749 abiret
2874 697 3056 768 equis.

1900 785 2005 841 Fur
2043 786 2188 857 rapit
2217 786 2319 841 hos
2346 784 2526 853 avide,
2568 786 2753 842 vicino
2786 790 3050 861 mergitur
3079 806 3261 848 amne.

2005 875 2242 930 Perdere
2272 890 2412 945 quos
2441 874 2639 935 timuit.
2672 876 2831 931 miles
2852 893 3027 949 equos
3060 881 3256 952 recipit

1901 971 2176 1027 Classibus
2213 972 2426 1027 advecti
2458 981 2754 1044 properant
2780 975 2911 1030 illuc
2934 977 3191 1048 Agareni,

2005 1062 2285 1125 Quatenus
2307 1059 2433 1135 igne
2462 1068 2727 1128 crement,
2757 1063 2921 1118 rebus
2950 1072 3004 1119 et
3035 1066 3365 1137 exspolient.

1902 1152 2150 1207 Fundere
2172 1152 2297 1206 vina
2336 1152 2550 1218 volunt,
2575 1152 2783 1226 glacies
2811 1155 2965 1226 quasi
3007 1156 3143 1211 dura
3188 1159 3470 1233 rigescunt
3501 1178 3514 1215 :

2011 1246 2157 1320 Ignis
2183 1254 2236 1299 et
2267 1243 2502 1312 injectus
2530 1252 2726 1315 sponte
2755 1262 2855 1302 sua
2885 1248 3136 1305 moritur.

1906 1334 2123 1391 Judicat
2150 1337 2250 1391 hos
2275 1336 2487 1397 molles.
2505 1343 2560 1391 et
2591 1338 2756 1393 mittit
2784 1354 2877 1393 rex
2904 1340 3194 1398 truciores.

2016 1428 2237 1484 Miratur
2274 1445 2444 1499 quare
2477 1428 2572 1484 fiat
2599 1436 2655 1485 et
2685 1430 2773 1485 his
2803 1431 3011 1488 simile.

1909 1518 2057 1574 Unus
2078 1518 2172 1590 qui
2199 1534 2407 1574 sacram
2449 1519 2702 1575 demoliri
2735 1522 2888 1592 cupit
2913 1539 3087 1590 aram,

2015 1608 2184 1663 Ictum
2218 1608 2346 1663 dum
2370 1607 2551 1675 librat,
2584 1625 2645 1664 se
2675 1608 2925 1666 feriendo
2954 1620 3133 1667 necat.

193 1756 909 1867 deiquavin‘appen'dicead
924 1791 1215 1859 Rodulfum
1248 1791 1576 1856 Torlarium,
1609 1756 1809 1843 memo;
1831 1758 1882 1827 Β
2129 1756 2708 1867 ίῗιᾲιξξξξηίλξξῗξέδίίιῖη
2737 1759 2932 1813 itinere
2952 1760 3276 1867 ffnius‘dic‘.
3297 1779 3356 1867 _a
3387 1764 3523 1867 Pa"

191 1890 354 1941 ratur
373 1884 443 1939 ab
470 1886 588 1953 ipse
624 1882 866 1936 Tortario
894 1883 952 1935 in
973 1880 1105 1935 libri
1133 1878 1368 1934 Andreae
1394 1877 1651 1933 monachi
1686 1892 1804 1930 ver-

194 1980 347 2034 sione
374 1977 596 2031 metrica
631 1974 717 2029 his
753 1972 1028 2028 versibus:

194 2092 288 2146 Est
316 2087 707 2159 domusampla
728 2086 870 2143 Patri
901 2087 1005 2142 sita
1034 2100 1180 2161 pago
1211 2085 1622 2152 Barcinonensi,

304 2181 462 2254 Saepe
487 2186 714 2236 vocatus
732 2178 828 2234 ubi
861 2179 1019 2251 plura
1044 2177 1319 2249 stupenda
1349 2175 1499 2233 facit.

1907 1849 2093 1901 einone
2130 1847 2336 1902 distare
2382 1848 2589 1903 dicitur
2645 1851 2702 1904 in
2747 1850 3047 1920 appendice
3076 1852 3151 1906 ad
3184 1855 3516 1919 Tortarium,

1911 1935 2008 1989 ubi
2034 1936 2273 2005 primum
2301 1936 2451 1989 istud
2476 1937 2801 1992 miraculum
2828 1941 3111 1996 recitatur.

1984 2081 2073 2135 32.
2113 2083 2234 2135 Jam
2278 2086 2483 2152 tempus
2536 2088 2614 2137 est
2665 2083 2973 2139 adducendi
3002 2087 3271 2141 Diederici
3321 2103 3526 2142 narra-

1913 2179 2129 2243 tionem,
2157 2192 2278 2247 qua:
2314 2179 2371 2232 in
2398 2192 2499 2232 ms.
2533 2179 2712 2232 codice
2730 2180 2871 2232 hunc
2902 2180 3117 2234 titulum
3138 2182 3380 2249 prae/ert.

610 2468 1470 2607 MIBACULA
1570 2464 2148 2602 SANCTI
2250 2467 3135 2604 BENEDICTI

1341 2679 1641 2738 AUCTORE
1681 2680 1985 2740 RADULFO
2025 2682 2384 2741 TORTARIO.

201 2963 328 3020 CAP.
362 2963 404 3017 1.
435 2993 507 3003 -
559 2960 672 3019 Odo
701 2975 784 3038 res
823 2959 885 3038 β.
937 2958 1214 3038 Benedicti
1266 2960 1490 3038 rapiens
1518 2963 1567 3015 et
1611 2976 1817 3017 cereum
1839 2964 1889 3035 (ζ
1918 2962 2163 3020 candela:
2191 2964 2565 3032 haberentur;
2590 2966 2679 3022 cui
2704 2982 2828 3022 cum
2854 2980 3181 3038 responsum
3216 2973 3364 3022 esset
3393 2965 3533 3021 nihil

610 3032 941 3103 paschalem,
973 3032 1114 3085 male
1150 3033 1397 3087 moritur.

278 3149 428 3223 Rege
466 3146 798 3203 Francorum
864 3145 1098 3202 Henrico
1154 3144 1392 3202 feliciter
1454 3154 1672 3220 sceptra
1726 3155 1818 3204 te-

202 3245 396 3305 nente,
436 3237 667 3309 ejusque
719 3252 983 3310 germano
1026 3235 1330 3312 [Rotberto]
1382 3238 1641 3295 ducatum
1684 3239 1821 3295 Bur-

201 3328 429 3403 gundia:
486 3334 771 3398 utcunque
828 3325 1274 3395 administrante,
1349 3326 1517 3383 frater
1575 3329 1819 3401 ipsorum

202 3418 323 3474 Odo
342 3418 591 3490 privatus
619 3416 883 3491 degebat,
912 3417 1120 3472 nullius
1138 3418 1426 3491 dignitatis
1451 3419 1669 3493 fastigio
1690 3421 1824 3475 sub-

200 3511 447 3567 limatus.
491 3508 611 3574 Qui,
674 3508 940 3581 quoniam
988 3524 1100 3564 non
1155 3508 1395 3565 habebat
1444 3511 1689 3582 prepria,
1729 3511 1821 3566 in-

201 3605 396 3661 hiabat
441 3603 734 3675 subripere
763 3603 966 3671 aliena,
996 3602 1207 3675 rapinis
1238 3610 1292 3659 et
1318 3604 1828 3676 depraedationibus

203 3713 432 3770 Operam
463 3696 825 3768 impendens.
868 3695 1026 3751 Unde
1064 3694 1265 3751 factum
1318 3701 1401 3751 est
1457 3696 1551 3751 die
1589 3697 1826 3768 quadam

204 3794 271 3843 ut
325 3784 509 3841 valida
568 3801 734 3841 manu
810 3783 1047 3839 militum
1107 3784 1359 3853 collecta,
1426 3783 1828 3840 Soliacensium

1923 3067 2062 3108 cera:
2093 3053 2205 3109 illic
2257 3054 2450 3110 haberi
2480 3065 2678 3127 praeter
2710 3056 3022 3127 paschalem
3071 3071 3314 3123 cereum,
3345 3054 3401 3109 in
3428 3056 3532 3111 ho-

1924 3157 2114 3198 norem
2145 3143 2407 3200 videlicet
2445 3145 2746 3201 Dominica:
2794 3145 3256 3211 Resurrectionis,
3292 3162 3327 3223 _a
3366 3159 3535 3215 paro-

1922 3236 2197 3291 chialibus
2223 3238 2457 3294 solemni
2491 3238 2733 3294 oblatum
2757 3254 2930 3305 more,
2956 3238 3116 3307 jubet
3144 3254 3267 3294 eum
3302 3252 3538 3309 prepere

1922 3326 2125 3394 afferri,
2153 3337 2208 3385 et
2238 3330 2440 3385 exinde
2470 3329 2732 3385 candelas
2753 3328 2981 3401 copiose
3019 3328 3383 3401 suppeditari,
3428 3343 3539 3384 non

1921 3417 2129 3473 veritus
2167 3418 2425 3486 injuriam
2478 3418 2796 3486 Salvatoris,
2862 3418 2951 3473 cui
2998 3416 3340 3474 sanctiﬁcata
3386 3424 3543 3473 erant

1926 3529 2122 3569 cereus
2139 3522 2195 3570 et
2223 3515 2477 3571 ecclesia.
2504 3515 2746 3571 Proinde
2769 3516 2898 3571 vino
2917 3515 3262 3587 diversisque
3288 3513 3541 3570 ciborum

1926 3601 2152 3660 ferculis
2180 3618 2305 3658 cum
2333 3603 2449 3659 suis
2468 3610 2723 3659 accurate
2748 3603 3009 3668 refectus,
3051 3619 3219 3659 sanus
3249 3610 3303 3659 et
3326 3602 3545 3659 incolu-

1926 3692 2053 3754 mis.
2088 3698 2216 3763 post
2257 3706 2477 3748 morose
2506 3699 2810 3763 protractas
2861 3693 2916 3747 in
2960 3709 3164 3747 vanum
3225 3707 3543 3748 sermonum

1927 3782 2165 3855 vigilias,
2200 3781 2498 3837 dormitum
2528 3783 2707 3849 vadit;
2751 3789 2805 3838 et
2834 3782 2963 3838 dum
2996 3782 3102 3838 levi
3128 3798 3351 3854 sopore,
3384 3781 3550 3854 quie-

208 3883 401 3953 (Sully
486 3898 661 3954 prope
747 3880 1090 3953 Floriacum)
1164 3881 1382 3955 sibique
1445 3882 1831 3957 contiguorum
1932 3890 2096 3930 scens
2121 3874 2337 3946 aliquas
2389 3873 2567 3931 noctis
2598 3874 2982 3945 pertransisset
3030 3875 3214 3943 horas,
3254 3874 3433 3930 subita
3465 3874 3553 3929 in-

214 3987 381 4046 agros
406 3969 787 4042 depraedatum
819 3970 943 4027 iret.
973 3970 1105 4025 lnde
1140 3977 1424 4027 revertens
1449 3978 1685 4027 onustus
1713 3988 1839 4043 spo-
1934 3963 2344 4019 commoditatis
2382 3964 2637 4039 angustia
2691 3962 3069 4034 perturbatus,
3117 3964 3377 4020 inclamat
3422 3978 3555 4019 suos

212 4063 309 4119 liis
326 4069 381 4118 et
413 4061 617 4133 praeda,
650 4061 885 4134 contigit
926 4068 987 4117 ut
1017 4061 1182 4118 etiam
1213 4062 1580 4133 quorumdam
1625 4079 1834 4135 paupe-
1938 4054 2143 4127 quibus
2181 4055 2719 4111 circumsistentibus
2749 4055 2956 4112 indicat
2990 4072 3051 4111 se
3089 4053 3373 4112 mortifera
3399 4054 3552 4109 inva-

216 4174 336 4214 rum
386 4156 564 4212 Patris
594 4154 881 4211 Benedicti
931 4171 1020 4212 res
1067 4156 1321 4228 cepisset.
1377 4157 1666 4214 Divertens
1704 4174 1836 4215 vero
1936 4146 2186 4204 leludine
2217 4147 2474 4204 detineri.
2513 4150 2701 4221 Itaque
2742 4164 2843 4220 per
2872 4148 3148 4221 reliquum
3201 4147 3323 4218 ejus
3356 4145 3553 4215 noctis,

215 4249 276 4304 in
308 4246 588 4320 quoddam
634 4262 726 4301 rus
746 4245 997 4314 ejusdem
1028 4247 1223 4314 Patris,
1264 4248 1644 4305 Garminiacus
1694 4249 1839 4319 (Ger.
1938 4239 2130 4294 eadem
2165 4240 2584 4315 ingravescente
2640 4239 2916 4305 molestia,
2974 4239 3027 4293 in
3064 4253 3132 4294 eo
3172 4236 3295 4293 loco
3334 4236 3561 4291 mansit.

214 4334 737 4407 migny)vocabulo,
769 4335 1117 4391 mansionem
1164 4335 1467 4392 violentam
1501 4337 1708 4393 ibidem
1741 4332 1915 4402 ac-D
1941 4331 2100 4387 Facto
2158 4341 2337 4387 autem
2381 4348 2544 4387 mane
2601 4346 3006 4406 recognoscens
3054 4327 3348 4385 manifeste
3390 4326 3558 4381 Patris

218 4431 390 4504 cepit,
423 4429 937 4487 contradicentibus
974 4429 1083 4485 sibi
1110 4430 1359 4500 ejusdem
1405 4432 1550 4487 ruris
1578 4431 1836 4488 ofﬁciali-
1941 4420 2224 4477 Benedic“
2269 4437 2377 4486 P03.
2409 4422 2692 4477 neminem
2738 4422 2989 4494 ίῐαδῐηνίε
3018 4434 3290 4495 εξοιιοτοεο
3331 4432 3565 4475 οοηθτθ·

220 4525 351 4590 bus,
388 4528 448 4578 et
482 4520 853 4577 referentibus
882 4537 1046 4593 quam
1095 4537 1287 4578 severe
1324 4521 1686 4579 ulcisceretur
1712 4522 1840 4579 Om-
1937 4521 2052 4570 lum
2101 4511 2376 4586 sanguine
2423 4511 2650 4583 impune
2689 4519 2961 4568 temerare
3016 4527 3206 4584 P0538;
3236 4525 3347 4581 (1υο
3386 4506 3558 4564 valuit

222 4613 491 4685 nipotens
519 4610 819 4667 violatores
850 4609 1000 4665 illius
1030 4608 1160 4678 loci,
1202 4610 1415 4686 meritis
1468 4612 1646 4667 Patris
1676 4612 1850 4668 Bene-
1951 4602 2137 4667 mode.
2178 4618 2380 4675 equum
2421 4604 2732 4659 ascendens
2771 4604 3020 4670 recessit.
3049 4610 3105 4659 el
3124 4602 3323 4658 eodem
3352 4599 3566 4656 invale-

222 4706 380 4763 dicti.
416 4704 516 4769 Qui
547 4702 966 4774 ﬂoccipendens
1006 4719 1198 4759 eorum
1220 4703 1388 4773 dicta,
1423 4704 1854 4777 praecepitcirea

224 4800 546 4868 ecclesiam,
572 4799 630 4854 in
659 4798 870 4854 honore
902 4796 1201 4854 Salvatoris
1229 4799 1423 4855 mundi
1461 4799 1668 4856 ibidem
1697 4800 1852 4857 dica-

225 4900 361 4957 tam,
402 4891 629 4964 rapinas
658 4890 869 4946 includi
907 4907 1237 4963 pauperum.
1287 4890 1573 4964 Siquidem
1604 4892 1849 4949 habebat

226 4979 423 5037 eadem
457 4978 695 5037 ecclesia
717 4979 1097 5036 cmmeterium
1119 4978 1245 5037 valli
1272 4980 1582 5036 munimine
1612 4982 1858 5038 circum-

228 5071 441 5127 datum.
475 5069 641 5126 Porro
671 5068 892 5125 famulis
913 5071 1027 5140 jam
1060 5071 1191 5128 dicti
1212 5071 1387 5127 Patris
1407 5071 1476 5127 ab
1497 5088 1565 5128 eo
1585 5072 1690 5128 sibi
1720 5072 1855 5128 sub-

231 5166 391 5231 repta
421 5158 805 5230 repetentibus
842 5158 1028 5215 animo
1066 5158 1391 5215 obﬁrmatus
1440 5160 1580 5216 nihil
1621 5160 1855 5217 reddere

230 5246 408 5304 voluit
447 5246 689 5318 penitus,
721 5246 951 5318 insuper
975 5247 1343 5303 comminatus
1368 5255 1452 5304 est
1479 5264 1577 5304 eos
1605 5249 1858 5304 verberi-

230 5335 341 5391 bus
361 5341 421 5391 ut
444 5341 689 5392 tacerent
718 5334 1077 5404 afficiendos;
1112 5344 1229 5391 erat
1258 5336 1405 5391 enim
1438 5335 1624 5392 nimiae
1654 5335 1858 5392 feroci-

235 5423 363 5480 tatis
404 5429 460 5479 et
507 5423 860 5480 extollentim.
895 5424 1067 5499 Igitur
1106 5425 1405 5497 praeparari
1436 5425 1679 5497 amplum
1727 5425 1856 5495 sibi,

235 5514 489 5587 suisque,
521 5515 591 5572 de
617 5513 786 5571 rebus
807 5532 1113 5587 pauperum
1138 5516 1300 5586 jubet
1324 5516 1657 5573 convivium.
1693 5515 1858 5573 Cum-

238 5625 349 5682 que
378 5609 597 5665 deesset
625 5623 752 5663 cera
782 5607 931 5664 unde
954 5608 1226 5665 deberent
1255 5608 1373 5665 fieri
1399 5608 1693 5665 luminaria
1722 5625 1861 5683 epu-

236 5698 433 5757 laturis
464 5698 800 5769 necessaria,
829 5698 1136 5778 interrogat
1164 5706 1348 5757 utrum
1399 5699 1454 5756 in
1485 5699 1722 5758 ecclesia
1765 5701 1858 5758 illa

1950 4698 2140 4747 scente
2181 4691 2376 4747 morbo
2407 4691 2551 4746 diem
2576 4691 2827 4747 ultimum
2872 4692 3088 4759 clausit,
3111 4689 3401 4762 probabile
3435 4687 3569 4743 satis

1952 4780 2129 4837 factus
2176 4789 2586 4855 argumentum,
2635 4780 2937 4838 veridicam
2994 4780 3143 4835 illam
3186 4796 3309 4835 esse
3338 4787 3566 4835 senten-

1954 4874 2105 4940 tiam,
2138 4890 2249 4946 qua
2278 4873 2481 4928 dicitur
2511 4888 2622 4929 non
2649 4888 2769 4929 esse
2796 4888 3155 4945 personarum
3184 4871 3567 4944 acceptionem

1953 4962 2100 5035 apud
2140 4963 2310 5018 Deum
2345 4963 2513 5033 (Rom.
2551 4979 2608 5018 ll.
2653 4963 2761 5033 ll).

2026 5057 2151 5113 CAP.
2198 5058 2264 5113 ll.
2302 5087 2373 5097 —
2444 5058 2657 5114 Villicus
2694 5058 2991 5128 negligens.
3032 5058 3282 5114 Ecclesia:
3316 5056 3567 5127 neglecta

1949 5166 2131 5222 pana.
2163 5148 2376 5205 Exstitit
2394 5149 2646 5218 ejusdem
2672 5149 2864 5221 prmdii
2888 5149 3127 5217 villicus,
3144 5148 3372 5205 nomine
3387 5146 3573 5204 Vivia-

1956 5255 2083 5306 nus,
2117 5239 2198 5294 vir
2222 5237 2474 5294 moribus
2501 5237 2790 5307 barbarus,
2823 5248 3048 5310 aspectu
3075 5246 3279 5295 torvus.
3314 5237 3451 5293 lluic
3470 5254 3574 5294 su-

1956 5328 2183 5401 prafatae
2214 5327 2488 5396 ecclesiae,
2522 5327 2666 5383 sicut
2701 5336 2757 5384 et
2783 5327 3120 5399 reliquarum
3152 5327 3327 5399 ipsius
3353 5342 3578 5399 posses-

1956 5421 2132 5479 sionis
2152 5423 2453 5486 actionum,
2516 5438 2645 5478 cura
2678 5422 2971 5479 commissa
3006 5422 3203 5479 fuerat.
3237 5422 3336 5489 Qui
3368 5438 3573 5493 super-

1956 5534 2260 5576 vacaneum
2318 5517 2531 5574 ducens
2589 5519 2645 5573 in
2701 5518 2901 5575 talibus
2961 5526 3181 5590 tempus
3238 5514 3577 5587 expendere,

1958 5609 2166 5683 quippe
2193 5609 2290 5683 qui
2347 5608 2649 5685 ignoraret,
2682 5611 2872 5683 quanti
2909 5609 3167 5666 habenda
3216 5608 3349 5674 sint,
3382 5610 3578 5660 custo-

1959 5702 2106 5758 diam
2145 5707 2459 5760 sanctorum
2511 5701 2619 5758 sibi
2675 5702 2986 5777 delegatam
3044 5700 3286 5758 locorum
3346 5693 3575 5753 omnino
