3938 6206
399 283 532 341 1191
1400 266 1683 324 RADULFI
1720 261 2029 324 TORTARll

2133 260 2365 322 DNACHl
2404 258 2707 322 FLORIAC.
3587 259 3741 319 1192

400 408 741 485 postposuit,
795 405 972 479 magis
1003 403 1298 461 intendens
1326 417 1572 458 annuum
1603 402 1824 475 exigere
1863 418 2014 474 quaa-
2041 405 2242 474 Avero
2288 399 2615 464 Gaufredus,
2671 404 3040 474 cOgnomento
3067 397 3260 466 Rufus,
3291 397 3608 472 cupiditate
3641 399 3735 454 in-

399 515 545 561 stum
581 503 650 558 de
681 500 787 556 sibi
829 498 1180 555 subditorum
1224 495 1388 551 rebus
1412 511 1734 567 pauperum.
1779 494 2009 550 Oratorii
2112 493 2372 566 stigante,
2403 493 2488 547 bis
2515 491 2678 547 binos
2705 491 2876 547 boves
2902 491 2997 564 qui
3041 490 3111 545 ad
3155 491 3462 547 excolenda
3511 491 3740 547 novalia

398 613 527 672 ergo
561 594 812 667 ejusdem
845 591 1086 646 ambitus
1112 589 1231 658 ejus
1279 587 1488 641 incuria
1528 586 1836 661 neglectus,
1887 587 2012 640 nul-
2111 585 2180 639 ad
2203 584 2412 641 reditus
2433 584 2655 639 fratrum
2683 581 3021 654 pertinentia
3052 581 3107 636 in
3138 581 3332 638 eadem
3367 582 3739 654 possessione

397 686 502 742 lius
551 684 677 740 valli
732 680 1085 736 muniebatur
1122 676 1282 732 obice
1350 675 1649 730 alteriusve
1689 675 2010 743 obstaculi;
2113 677 2318 733 addicti
2361 675 2600 743 fuerant,
2661 674 2931 745 rapaciter
2979 673 3243 730 abstulit:
3302 675 3630 731 admonitus
3681 685 3744 728 ut

397 777 495 832 sed
529 774 742 829 foribus
775 769 1032 826 reseratis
1068 767 1290 839 patebat
1337 765 1589 831 canibus,
1622 765 1805 836 porcis
1831 773 1885 820 et
1914 781 2014 820 cu-
2113 786 2208 826 eos
2230 770 2508 836 redderet,
2550 767 2871 824 nullomodo
2901 767 3198 840 acquievit.
3225 768 3459 839 Insuper
3479 767 3738 823 multase

393 869 598 940 jusque
647 862 873 939 generis
929 858 1282 916 animalibus-
1340 857 1465 912 Εΐδι
1518 863 1700 912 autem
1755 857 2015 912 ViVianus
2116 863 2391 918 illaturum
2423 861 2654 917 adversa
2684 861 2826 916 Patri
2865 860 3164 916 Benedicto
3191 859 3616 927 famulantibus,
3651 860 3743 915 in-

400 956 576 1012 cultor
606 952 803 1009 fertilis
849 949 966 1025 agri
997 948 1289 1003 abundans
1317 946 1539 1017 opibus,
1571 946 1727 1001 dives
1756 946 1974 1017 pecoris
2000 962 2012 1000 :

401 1055 456 1101 et
504 1042 766 1116 quoniam
824 1047 940 1095 erat
987 1037 1243 1092 assiduus
1299 1042 1546 1102 venator,
1591 1035 1773 1091 alebat
1815 1051 2015 1090 cauum

402 1153 646 1212 gregem,
683 1135 750 1189 ad
790 1131 1091 1203 capiendas
1115 1129 1365 1184 modicas
1392 1145 1487 1183 seu
1517 1144 1744 1201 magnas
1771 1127 2022 1183 diversa-

403 1248 584 1288 sarum
618 1229 927 1300 specierum
963 1225 1106 1281 feras
1136 1239 1410 1298 sagacem.
1465 1222 1675 1278 Accidit
1714 1222 1898 1293 itaque
1932 1221 2020 1275 die

405 1320 640 1394 quadam
669 1333 837 1372 unum
889 1315 958 1369 de
999 1313 1252 1379 canibus,
1307 1311 1437 1382 quia
1479 1309 1700 1381 patebat
1735 1310 2023 1382 ingressus

405 1412 628 1468 nomine
659 1410 989 1473 obsistente,
1028 1406 1260 1460 intrasse
1287 1404 1399 1473 jam
1439 1403 1642 1458 dictum
1676 1401 1862 1456 Sancti
1903 1401 2023 1455 Sal-

406 1501 608 1558 valoris
653 1498 951 1556 oratorium
987 1537 1002 1563 ,
1062 1510 1228 1566 quem
1283 1493 1569 1549 consecuti
1614 1497 1744 1546 sunt
1792 1505 1858 1544 ex
1903 1489 2024 1544 aliis

404 1593 594 1665 aliqui.
631 1593 796 1647 Porro
827 1589 921 1661 qui
964 1587 1173 1658 primus
1198 1586 1484 1659 ingressus
1534 1582 1732 1644 fuerat,
1762 1581 2023 1653 quoniam

2117 951 2444 1007 terminatus
2471 956 2572 1005 est.
2605 949 2760 1016 Nam,
2794 949 2924 1005 dum
2961 965 3063 1021 per
3108 948 3294 1005 villam
3342 949 3606 1019 ejusdem
3645 949 3745 1004 Pa-

2122 1043 2219 1098 tris
2247 1043 2522 1098 Bulliacus
2549 1048 2796 1098 vocatam
2837 1041 2942 1096 iter
2983 1039 3209 1109 faceret,
3255 1050 3563 1097 convocato
3598 1041 3746 1096 Gau-

2120 1132 2258 1186 terio
2284 1131 2534 1200 ejusdem
2564 1129 2706 1184 villa:
2730 1130 2955 1199 Majore,
2987 1129 3130 1185 inter
3159 1136 3354 1185 catera
3387 1130 3589 1184 insana
3616 1145 3744 1201 quas

2121 1219 2331 1275 furioso
2363 1219 2592 1292 protulit
2621 1234 2737 1286 ore,
2787 1225 3130 1274 contestatus
3181 1226 3264 1274 est
3304 1219 3559 1291 quandiu
3595 1219 3750 1274 advi-

2120 1319 2296 1379 veret,
2329 1318 2576 1368 sanctum
2595 1310 2952 1366 Benedictum
2986 1326 3176 1382 pacem
3210 1327 3332 1366 cum
3351 1326 3420 1367 eo
3452 1327 3747 1382 nunquam

2125 1401 2462 1457 habiturum.
2497 1400 2590 1456 Cui
2644 1399 2790 1454 idem
2825 1399 3132 1466 Gaulerius,
3189 1399 3274 1455 vir
3303 1399 3620 1467 modestus,
3653 1400 3747 1454 tali

2125 1493 2411 1566 respondit
2449 1491 2734 1547 affamine:
2777 1491 3097 1558 Multorum,
3147 1489 3428 1562 inquiens,
3477 1490 3752 1561 ejusmodi

2123 1602 2299 1642 minas
2327 1586 2570 1656 perpessi
2606 1598 2810 1646 sumus,
2845 1587 2893 1636 et
2921 1582 2992 1636 ab
3041 1581 3288 1637 omnibus
3313 1581 3399 1636 his
3429 1583 3643 1652 eripuit
3664 1597 3758 1636 nos

408 1691 622 1760 lampas
653 1687 707 1740 in
747 1701 855 1757 quo
890 1683 998 1739 olei
1045 1682 1226 1753 liquor
1259 1681 1326 1735 ad
1367 1677 1689 1752 etfugandas
1728 1685 2026 1732 nocturnas
2056 1736 2101 1760 η
2126 1681 2378 1733 Dominus
2412 1693 2511 1747 per
2553 1680 2803 1730 meritum
2849 1675 3183 1729 sanctissimi
3218 1673 3496 1729 Benedicti
3543 1674 3755 1727 domini

411 1736 621 1760 ....-.,._-
752 1736 848 1757 γ-
1105 1736 1122 1753 ,
1479 1736 1513 1752 υ
2412 1736 2432 1747 .

409 1785 556 1840 illius
583 1781 723 1837 sacri
751 1779 858 1836 loci
890 1777 1149 1833 tenebras
1192 1775 1406 1830 infusus
1438 1773 1770 1839 habebatur,
1804 1771 2027 1841 propior
2055 1736 2104 1804 B
2126 1777 2324 1839 nostri;
2347 1787 2497 1827 nemo
2528 1775 2703 1826 tamen
2721 1785 2898 1825 eorum
2929 1771 3026 1839 qui
3053 1769 3190 1822 talia
3215 1769 3457 1822 inaniter
3483 1767 3750 1821 adversus

413 1877 728 1947 pavimento
763 1870 1134 1941 dependebat,
1190 1867 1330 1922 saltu
1372 1865 1598 1920 adnisus
1649 1880 1767 1918 eam
1802 1863 2024 1932 dejccit,
2126 1879 2243 1918 eum
2267 1863 2611 1934 protulerunt
2637 1863 2821 1928 verba,
2851 1862 3065 1930 impune
3093 1874 3155 1913 ea
3191 1858 3481 1930 protulisse
3529 1857 3748 1912 diutius

415 1946 469 2023 et
499 1966 608 2022 olei
650 1965 955 2036 liquamcn,
997 1960 1144 2032 quod
1201 1959 1269 2013 de
1329 1957 1448 2028 ipsa
1497 1955 1717 2011 effracta
1771 1955 2025 2024 lampade
2128 1955 2338 2008 Iactatus
2368 1957 2464 2007 est.
2496 1951 2737 2006 Necdum
2788 1949 2910 2004 dies
2967 1958 3192 2005 octavus
3224 1946 3589 2019 praeterierat,
3631 1950 3753 2016 post

419 2058 656 2114 effusum
689 2065 826 2120 erat,
869 2053 1060 2127 lingua
1090 2050 1300 2105 lambit.
1344 2050 1468 2103 Erat
1511 2062 1642 2103 vero
1684 2046 1771 2100 hic
1800 2045 2025 2100 domino

417 2163 517 2202 suo
565 2144 724 2200 valde
771 2158 966 2207 carus;
1001 2139 1264 2212 quoniam
1303 2153 1369 2192 ex
1427 2136 1522 2192 illo
1562 2143 1678 2190 erat
1707 2150 1901 2189 canum
1932 2149 2030 2206 ge-

422 2251 576 2302 nere,
602 2233 696 2305 qui
728 2232 798 2302 ιρι
821 2246 946 2286 ores
974 2233 1343 2299 assequuntur
1371 2225 1660 2280 velocitate
1681 2223 1903 2294 pedum.
1928 2224 2031 2276 Ac-

417 2335 644 2383 currunt
683 2331 738 2379 et
798 2322 915 2389 alii,
967 2320 1255 2391 cupientes
1293 2317 1459 2387 hujus
1503 2315 1676 2370 edulii
1735 2313 2031 2386 participes

417 2416 559 2471 fieri.
611 2413 721 2466 Nec
751 2426 925 2478 mora,
967 2409 1058 2480 qui
1092 2409 1275 2464 oleum
1314 2405 1682 2471 lambuerant,
1717 2404 1774 2458 in
1819 2403 2027 2457 rabiem

412 2511 732 2564 vertuntur:
753 2501 1073 2575 egressique
1089 2499 1157 2553 ab
1172 2497 1434 2564 oratorio,
1447 2495 1700 2551 mirabile
1713 2493 1883 2550 dictu!
1909 2493 2030 2547 aliis

414 2599 687 2658 commisti
716 2597 970 2658 canibus.
1005 2593 1099 2666 qui
1135 2592 1272 2649 forte
1300 2592 1357 2646 in
1384 2591 1548 2648 domo
1574 2589 1661 2644 vel
1688 2589 1873 2660 platea
1897 2587 2029 2643 sub-

413 2695 686 2758 stiterant,
715 2705 911 2746 omnes
940 2687 1163 2742 rabidos
1194 2685 1462 2751 efficiunt,
1511 2691 1565 2738 et
1594 2681 1863 2755 gregatim
1896 2697 2031 2752 qua-

414 2797 743 2857 quaversum
792 2780 1186 2842 discurrentes,
1219 2777 1532 2846 cuicunque
1570 2773 1870 2830 obviabant
1907 2771 2032 2826 ani-

416 2876 568 2942 mali,
603 2873 738 2928 illud
767 2888 864 2927 ore
895 2869 1185 2936 dilaniare,
1206 2868 1488 2941 unguibus
1511 2866 1827 2936 discerpere
1848 2870 2030 2918 atten-

418 2969 626 3025 tabant.
659 2965 770 3020 Nec
808 2971 892 3018 est
922 2963 1048 3016 data
1077 2960 1299 3033 requies
1348 2960 1415 3014 ab
1444 2973 1636 3014 eorum
1672 2955 2027 3011 infestatione

2133 2058 2294 2114 quam
2317 2041 2487 2097 boves
2513 2048 2790 2112 rapuerat,
2839 2045 2896 2094 et
2922 2053 3049 2094 ecce
3076 2055 3108 2092 a
3144 2037 3387 2109 quodam
3413 2051 3518 2092 suo
3551 2034 3749 2088 inimi-

2129 2148 2216 2199 co,
2247 2131 2334 2186 cui
2363 2131 2552 2185 itidem
2585 2128 2915 2201 quamplura
2962 2127 3220 2182 intulerat
3251 2125 3475 2192 damna,
3502 2125 3750 2179 circnm-

2129 2228 2347 2286 vcntus,
2403 2217 2702 2293 gladioque
2752 2216 3044 2272 confossus
3095 2214 3325 2280 interiit,
3371 2214 3522 2268 Patri
3580 2213 3756 2267 Bene-

2129 2310 2278 2366 dicto
2327 2307 2724 2365 famulantibus
2763 2305 2817 2358 in
2864 2303 3013 2359 nullo
3072 2302 3141 2358 de
3179 2302 3395 2374 reliquo
3441 2300 3756 2357 calumnia-

2131 2411 2246 2460 tus:
2304 2404 2471 2473 Impii
2520 2402 2683 2467 enim,
2741 2404 2801 2453 ut
2847 2397 2924 2452 ait
2977 2395 3261 2464 Salomon,
3302 2395 3367 2450 de
3433 2400 3587 2450 terra
3640 2410 3759 2466 per.

2129 2498 2342 2566 dentur,
2372 2499 2422 2550 et
2451 2495 2550 2564 qui
2578 2493 2762 2560 inique
2786 2492 2977 2557 agunt,
3009 2489 3332 2557 auferentur
3373 2503 3442 2542 ea:
3477 2502 3544 2543 ea
3572 2489 3754 2556 (Prov.

2131 2607 2194 2656 ιι,
2223 2588 2339 2658 22).

2205 2679 2331 2734 Cap.
2351 2678 2410 2732 V.
2442 2707 2512 2717 ——
2538 2678 2788 2744 Hugonis
2805 2675 3015 2729 abbatis
3033 2688 3176 2744 pavo
3197 2672 3539 2728 debilitatus.
3563 2673 3756 2730 Cereus

2133 2769 2207 2825 ad
2230 2770 2460 2840 pavonis
2498 2781 2801 2822 mensuram
2832 2765 3032 2832 factus.
3078 2761 3232 2833 Hugo
3264 2761 3435 2815 abbas
3473 2760 3553 2832 (Ξ)
3599 2761 3757 2832 Ῑιιςρο

2129 2858 2271 2913 niles
2295 2857 2476 2912 adhuc
2506 2871 2677 2929 agens
2706 2869 2904 2922 annos,
2937 2853 3066 2907 dum
3099 2849 3429 2924 magniﬁcus
3456 2850 3635 2906 vellet
3667 2851 3763 2905 ha-

2129 2947 2271 3012 beri,
2320 2945 2491 3001 multa
2523 2944 2847 3014 juveniliter
2879 2941 3076 3018 gessit:
3118 2949 3174 2996 et
3202 2940 3466 3013 quoniam
3521 2956 3592 2994 ex
3625 2955 3758 3011 prte-

418 3081 515 3136 per
533 3060 824 3117 circuitum
854 3057 961 3114 vici
993 3056 1140 3111 illius
1184 3054 1584 3121 habitantibus,
1619 3053 1799 3108 donec
1831 3066 2027 3106 omnes
2057 3111 2102 3136 n
2127 3042 2273 3098 clara
2299 3041 2629 3096 Francorum
2672 3039 2925 3110 lampade
2955 3037 3226 3112 originem
3268 3035 3550 3104 trahebat,
3579 3036 3752 3111 dege-

417 3154 816 3211 suﬂ‘ocarentur
853 3149 1004 3205 vario
1031 3164 1236 3223 genere
1267 3145 1544 3202 mortium.

490 3242 616 3296 (In.
667 3241 760 3294 Ill.
790 3269 858 3279 —
902 3238 1036 3293 Alia
1083 3252 1266 3306 paena.
1326 3234 1615 3289 Monachus
1659 3234 1720 3286 in
1748 3232 2024 3286 extremis.

423 3333 724 3404 Corripitur
770 3345 902 3404 ergo
931 3328 1192 3383 Vivianus
1230 3326 1299 3381 ab
1346 3325 1541 3379 amicis
1570 3340 1667 3379 seu
1706 3339 1740 3377 a
1787 3323 2026 3394 quibus-

2055 3111 2104 3181 C
2127 3147 2314 3186 nerem
2342 3146 2402 3184 se
2454 3128 2790 3192 autumabat,
2845 3127 2900 3181 ni
2942 3143 3006 3181 ea
3035 3111 3251 3197 gereret
3290 3139 3528 3196 quorum
3561 3124 3756 3180 multi-

2129 3221 2293 3277 moda
2329 3218 2530 3291 Opinio
2581 3233 2744 3274 aures
2798 3216 2951 3292 vulgi
3008 3215 3353 3287 percelleret.
3399 3213 3561 3269 Unde
3617 3215 3759 3270 inter

2130 3320 2330 3368 caetera
2358 3311 2475 3366 suis
2495 3309 2758 3382 praecepit
2785 3308 3101 3376 clientibus,
3127 3315 3186 3362 ut
3209 3307 3265 3361 in
3292 3305 3580 3378 suprafato
3603 3321 3754 3379 agro,

419 3443 642 3498 cunque
680 3441 875 3480 sanum
902 3421 1251 3494 sapientibus
1278 3420 1409 3476 viris
1452 3418 1670 3484 vicinis,
1705 3434 1774 3473 ne
1813 3434 2026 3472 sacrum
2131 3401 2474 3458 Germiniaco
2518 3399 2752 3466 δοίιίοεῐν
2787 3397 3019 3453 millium
3070 3412 3260 3453 eorum
3313 3395 3498 3451 ενίυῐη
3531 3411 3753 3470 agmen.

420 3492 604 3576 locum
635 3492 1051 3588 vilipendat,iut
1078 3513 1341 3568 ambitum
1375 3511 1500 3580 ejus
1524 3509 1767 3577 claudat,
1795 3517 1856 3565 ut
1903 3509 2030 3563 ani-
2133 3514 2257 3570 quae
2290 3513 2538 3569 pavones
2569 3495 2946 3562 nominantur.
2977 3492 3084 3548 sibi
3117 3499 3506 3567 aggregarent.
3541 3492 3643 3556 Qui
3673 3492 3749 3547 sui

421 3613 587 3670 malia
626 3627 725 3667 sua
752 3609 820 3665 ab
864 3609 1114 3685 ingressu
1149 3607 1295 3662 illius
1333 3611 1536 3661 arceat.
1569 3603 1675 3659 Sed
1716 3603 2034 3657 nullatenus
2135 3589 2342 3645 domini
2375 3589 2827 3660 obtemperantes
2853 3585 3151 3653 mandatis,
3176 3585 3616 3656 circumquaque
3649 3584 3756 3638 dis-

422 3722 611 3763 aurem
636 3720 757 3760 sese
788 3702 1130 3759 monentium
1162 3700 1324 3756 dictis
1372 3695 1816 3761 accommodans,
1849 3693 2033 3749 incur-
2136 3691 2395 3740 currunt:
2438 3699 2535 3739 eos
2590 3683 2685 3754 qui
2718 3681 2967 3754 ejusdem
3021 3679 3243 3755 generis
3289 3679 3612 3734 nutriebant
3657 3679 3750 3734 ali-

421 3801 493 3856 rit
527 3799 676 3855 aliud
704 3796 881 3865 majus
909 3795 1322 3850 detrimentum.
1367 3791 1618 3863 Denique
1651 3805 1772 3844 cum
1805 3787 2036 3842 haberet
2135 3786 2237 3842 tes,
2272 3779 2500 3846 adeunt,
2544 3783 2599 3833 et
2649 3782 2759 3831 tam
2799 3775 3062 3847 precibus
3092 3790 3254 3846 quam
3310 3773 3662 3839 muneribus,
3701 3772 3748 3826 in

422 3888 832 3947 multitudinem
857 3900 1148 3957 porcorum
1179 3885 1357 3954 (erant
1387 3881 1534 3936 enim
1576 3879 1690 3935 fere
1718 3885 1913 3952 quater
1953 3877 2032 3932 vi-
2135 3868 2288 3924 brevi
2340 3868 2556 3939 c0piam
2612 3882 2801 3921 earum
2840 3872 3232 3936 assequuntur,
3277 3878 3585 3934 curamque
3641 3863 3748 3916 illa.

424 3980 589 4048 ceni),
618 3955 968 4048 nequaquam
999 3973 1081 4028 eis
1107 3972 1375 4027 adhibere
1406 3969 1712 4025 custodiam
1737 3966 1927 4029 voluit,
1963 3982 2031 4020 ne
2137 3978 2252 4016 rum
2302 3959 2507 4015 fetibus
2559 3958 2973 4029 impendentes,
3025 3955 3237 4012 domini
3275 3955 3359 4009 sui
3411 3955 3747 4025 applaudunt

424 4069 679 4144 superius
717 4073 1080 4123 memoratum
1136 4063 1410 4119 intrarent
1449 4077 1686 4116 sacrum.
1723 4060 1891 4133 Igitur
1923 4074 2034 4112 una
2132 4051 2292 4106 votis.
2327 4047 2536 4104 Accidit
2568 4052 2749 4101 autem
2792 4045 3052 4116 quadam,
3085 4050 3146 4099 ut
3169 4043 3398 4108 assolet,
3429 4043 3544 4106 die,
3586 4058 3746 4096 unum

425 4163 642 4217 dierum
674 4157 854 4229 illapsi
897 4155 1066 4228 aliqui
1096 4171 1160 4210 ex
1205 4154 1286 4210 eis
1317 4153 1491 4224 ipsius
1529 4151 1834 4224 penetralia
1866 4149 2030 4218 sacri,
2133 4156 2196 4195 ΘΧ
2228 4139 2475 4194 maribus
2500 4137 2804 4209 solivagum
2837 4135 3116 4190 ίηοθάοΐϐ-
3147 4133 3247 4200 Ωιιί
3277 4133 3406 4188 dum
3449 4134 3559 4188 huc
3589 4143 3744 4204 atque

423 4257 712 4308 vertuntur
761 4223 818 4302 in
862 4223 1094 4311 furiam;
1134 4243 1591 4320 egredientesque
1631 4242 1700 4297 ab
1757 4240 1872 4304 illo,
1933 4239 2030 4295 ιοιὶ
2131 4231 2260 4285 illuc
2288 4234 2634 4320 pervagatur,
2667 4225 2956 4281 ecclesiam
2985 4224 3170 4280 Sancti
3210 4223 3541 4290 Salvatoris,
3596 4223 3744 4291 cujus

425 4356 528 4396 suo
559 4335 991 4411 obviantgrcgi.
1024 4318 1280 4389 Protinus
1322 4349 1454 4406 ergo
1486 4347 1680 4388 omnes
1708 4346 1860 4397 sues,
1892 4329 2034 4384 sicut
2133 4337 2301 4393 supra
2361 4318 2743 4386 meminimUS,
2817 4318 3102 4390 ingressus
3164 4323 3269 4384 cst,
3349 4331 3449 4387 per
3518 4330 3744 4386 eamque

424 4449 592 4492 canes
612 4429 891 4502 superius,
920 4406 976 4482 in
1015 4426 1286 4482 insaniam
1314 4432 1621 4490 vertuntur,
1653 4426 1727 4479 ita
1757 4433 1816 4479 ut
1848 4421 2034 4478 nullus
2053 4430 2110 4500 D
2137 4413 2500 4470 deambulans
2529 4411 2712 4466 subito
2739 4410 2841 4466 alis
2867 4409 3126 4480 expansis
3153 4407 3309 4463 altari
3343 4407 3616 4463 subvolat.
3648 4406 3745 4461 Cu-

425 4539 636 4588 eorum,
667 4499 898 4576 ulterius
925 4515 993 4572 ad
1018 4521 1336 4572 consuetam
1371 4514 1570 4570 domus
1602 4513 1816 4570 Viviani
1857 4499 2062 4568 redieo’
2131 4508 2223 4578 jus
2251 4513 2312 4561 ut
2351 4504 2694 4577 crepidinem
2735 4502 2939 4576 attigit,
2971 4517 3098 4557 mox
3138 4500 3460 4556 debilitatus
3501 4499 3744 4556 cruribus

425 4620 535 4676 rint
560 4617 792 4689 Iharam.
840 4613 1070 4668 Videres
1117 4627 1213 4667 eos
1270 4609 1473 4682 passim
1523 4615 1805 4684 vagantes,
1861 4607 2033 4662 hianti
2136 4604 2191 4654 et
2232 4594 2707 4664 immobilisjuxta
2745 4592 2916 4648 altare
2948 4591 3168 4647 mansit.
3200 4590 3422 4663 Aliquot
3465 4590 3620 4646 horis
3648 4590 3741 4645 dc-

425 4728 543 4780 ore,
575 4726 640 4765 ea
669 4707 888 4763 feritate
919 4722 1027 4778 qua
1057 4704 1192 4760 illud
1223 4702 1427 4760 animal
1458 4702 1598 4758 furia
1623 4699 2036 4758 invectum-fer-

426 4809 535 4868 tur,
567 4796 891 4854 bacchando
923 4795 1252 4862 discurrere,
1306 4801 1360 4848 et
1393 4790 1763 4866 quodcunque
1813 4789 2036 4846 obvium

425 4889 715 4946 immundo
773 4903 870 4944 ore
926 4885 1198 4957 polluere,
1243 4881 1482 4954 pedibus
1529 4881 1875 4948 conculcare,
1935 4896 2038 4935 nec

426 4981 494 5036 ab
526 4979 619 5035 illa
645 4978 796 5034 rabie
827 4982 1130 5042 cessarunt,
1164 4974 1343 5029 donec
1366 4971 1551 5028 cuncti
1581 4971 1747 5027 variis
1771 4970 2041 5026 mortibus

427 5069 604 5126 necati
644 5077 792 5124 sunt.
835 5065 1123 5121 Pensanda
1166 5069 1251 5149 est
1292 5061 1696 5134 Omnipotentis
1735 5059 1934 5117 invicta
1981 5061 2038 5116 in

428 5163 744 5234 huiusmodi
775 5169 1210 5234 transgressores
1239 5156 1524 5229 patientia,
1557 5172 1679 5228 quae
1706 5171 1802 5212 eos
1829 5155 1898 5210 ad
1925 5171 2042 5226 poe-

429 5253 717 5308 nitentiam
747 5251 1054 5317 adducens,
1087 5249 1156 5303 de
1194 5247 1546 5303 facultatibus
1575 5247 1842 5317 ipsorum,
1872 5261 2036 5318 quam

429 5340 500 5397 de
532 5341 666 5412 ipsis
702 5339 971 5395 ultionem
1000 5338 1227 5394 mavult.
1289 5337 1384 5391 Hic
1428 5335 1635 5392 etenim
1690 5336 2037 5407 postmodum

432 5429 641 5486 exstitit
667 5428 992 5495 monachus,
1025 5428 1154 5482 licet
1190 5428 1244 5482 in
1267 5425 1548 5482 extremis.

500 5523 624 5577 Cap.
652 5521 737 5575 IV.
765 5549 836 5558 —
865 5525 973 5575 Fur
999 5524 1184 5575 sancto
1215 5519 1455 5589 injurias
1495 5519 1594 5574 dat
1615 5533 1825 5589 pwnas.
1859 5518 2044 5575 Enim—

2135 4685 2311 4742 cursis
2365 4683 2588 4756 quidam
2643 4682 2932 4738 ecclesiam
2967 4681 3236 4736 intrantes
3288 4679 3585 4735 inveniunt
3627 4695 3742 4735 cum

2137 4779 2281 4835 circa
2327 4794 2476 4833 aram
2535 4793 2594 4832 se
2650 4776 3010 4842 volutantem,
3070 4784 3464 4847 assumptoque
3520 4791 3611 4843 eo,
3675 4775 3746 4830 eis

2139 4873 2343 4946 quibus
2373 4887 2563 4927 earum
2595 4870 2786 4926 alitum
2831 4869 3152 4927 alendarum
3185 4885 3314 4926 cura
3344 4869 3602 4942 delegata
3631 4869 3744 4925 fue-

2142 4972 2242 5033 rat,
2277 4965 2579 5039 resignant.
2623 4960 2724 5026 Qui
2769 4962 3160 5033 suscipientes,
3224 4962 3454 5017 domino
3511 4977 3614 5018 suo
3643 4977 3745 5017 sua

2141 5058 2288 5113 alitis
2336 5056 2700 5113 infortunium
2767 5054 3094 5124 referentes,
3167 5053 3406 5127 qualiter
3460 5054 3748 5129 contigerit

2139 5147 2413 5220 aperiunt.
2457 5147 2521 5202 At
2551 5143 2643 5200 ille
2671 5142 2778 5200 fide
2817 5143 3036 5216 plenus,
3059 5144 3219 5213 jubet
3248 5142 3369 5199 fieri
3400 5153 3663 5216 stupcum
3694 5142 3749 5198 fi-

2139 5243 2252 5299 lum
2284 5244 2352 5298 ad
2388 5257 2704 5298 mensuram
2733 5240 2986 5312 pavonis,
3027 5240 3096 5295 ab
3121 5238 3471 5295 extremitate
3503 5239 3748 5295 videlicet

2138 5336 2300 5394 rostri
2327 5336 2477 5392 illius
2499 5350 2678 5407 usque
2715 5333 2785 5388 ad
2814 5342 3118 5388 extremum
3151 5329 3366 5400 caudae,
3398 5347 3642 5404 ceraque
3671 5333 3746 5386 in-

2139 5429 2310 5497 volvi,
2343 5438 2398 5484 et
2455 5442 2749 5483 accensum
2797 5425 2954 5481 altari
3007 5432 3134 5481 ante
3164 5423 3310 5496 quod
3354 5424 3620 5480 debilitas
3646 5425 3748 5496 ipsa

2143 5520 2477 5596 contigerat,
2509 5516 2776 5590 praeponi.
2812 5514 2912 5580 Qui
2947 5516 3106 5588 jussa
3143 5513 3521 5585 complentes,
3565 5513 3746 5570 factum

507 5694 595 5762 (2)
631 5691 791 5763 llugo
809 5689 980 5746 abbas
999 5691 1226 5761 ponitur
1247 5707 1395 5748 anno
1417 5692 1557 5747 1044
1580 5691 1636 5746 in
1667 5691 1839 5748 Gallia
1874 5691 2212 5761 Christiana;
2244 5692 2315 5747 de
2355 5705 2422 5748 eo
2453 5705 2640 5746 rursus
2673 5687 2813 5744 infra
2843 5703 3004 5759 capp.
3036 5687 3095 5741 11
3133 5693 3185 5740 et
3211 5684 3301 5742 36.
