3938 6206
246 280 391 335 1193

1414 280 1750 337 MIRACULA
1791 282 2019 337 SANCTI
2060 282 2425 337 BENEDICTI.

3435 286 3571 345 1194

241 417 295 463 et
320 421 619 462 accensum
650 406 912 477 lychnum
943 412 1070 463 ante
1111 422 1258 462 aram
1290 412 1566 473 statuunt;
1619 408 1858 464 necdum
1886 413 1937 481 Α
1960 409 2131 465 hastae
2162 424 2323 480 quam
2364 406 2620 481 gestabat
2642 407 2863 482 longius
2904 413 3030 464 ante
3067 424 3127 463 se
3174 414 3434 479 proteusa
3463 417 3571 465 ter-

239 502 604 565 cousumptus
636 495 869 566 lychnus
894 502 1030 557 erat,
1076 502 1131 549 et
1162 495 1278 551 avis
1327 496 1540 570 integre
1572 496 1857 567 pristinam

240 587 454 658 recepit
481 586 828 658 sospitatem.
877 587 1014 641 Ecce
1068 588 1202 658 quid
1235 588 1499 643 meruerit
1528 588 1696 644 fides:
1738 589 1867 644 licet

242 678 394 733 enim
422 678 572 734 dicat
599 680 874 750 psalmus:
904 679 1168 745 Quoniam
1197 681 1557 748 multiplicata
1594 687 1671 736 est
1697 684 1862 736 mise-

246 774 500 829 ricordia
553 779 669 841 tua,
724 777 884 840 Deus,
952 773 1189 828 homines
1246 778 1468 830 salvans
1521 781 1571 830 et
1615 776 1867 845 jumenta

242 866 413 937 (Psal.
445 883 604 931 xxxv,
637 868 714 937 7),
752 876 805 921 et
855 866 914 919 Β.
947 866 1314 941 Augustinus:
1361 888 1385 919 ‹‹
1438 868 1538 930 Qui
1592 868 1764 923 salvat
1791 873 1864 933 te,

243 961 419 1017 salvat
449 969 503 1016 et
532 961 793 1037 gallinam
828 968 999 1027 tuam,
1036 981 1062 1012 ι)
1101 969 1303 1025 tamen,
1339 968 1397 1015 ut
1436 962 1729 1031 Apostolus
1768 962 1864 1026 ait,

242 1057 453 1112 scimus
485 1072 596 1111 non
617 1072 737 1110 esse
770 1057 881 1110 Deo
913 1071 1098 1110 curam
1131 1056 1200 1111 de
1228 1055 1544 1125 hnjnsmodi
1570 1056 1864 1112 irrationa-

246 1146 482 1212 bilitate,
519 1145 622 1200 nisi
648 1153 914 1216 quantum
948 1144 1157 1216 expetit
1186 1161 1319 1199 usus
1345 1152 1399 1200 et
1444 1145 1743 1200 necessitas
1779 1161 1868 1200 ra-

246 1238 469 1294 tionalis
499 1246 765 1292 creatura:
799 1239 844 1303 (Ι
867 1239 986 1294 Cor.
1021 1254 1097 1303 rx,
1120 1238 1194 1306 9).

319 1325 446 1380 CAP.
482 1327 568 1382 Vl.
603 1357 668 1366 —
691 1327 1005 1381 Advocatus
1034 1326 1212 1381 malus
1247 1327 1498 1397 punitur.
1544 1327 1602 1380 in
1637 1325 1861 1381 territo-

247 1419 329 1475 rio
362 1419 620 1475 Portiano
651 1425 733 1473 est
758 1418 981 1489 quidem
1006 1434 1139 1492 ager
1158 1418 1341 1473 Arvini
1371 1417 1550 1472 Curtis
1579 1418 1688 1487 (2⁵)
1709 1432 1868 1472 voca-

246 1508 401 1575 bulo,
441 1508 510 1563 ab
545 1509 649 1563 hoc
688 1508 1009 1564 monasticae
1068 1507 1353 1583 religionis
1392 1506 1709 1562 institutore
1770 1522 1867 1576 per

246 1597 413 1672 longa
449 1604 697 1666 tempora
737 1611 1045 1667 possessus,
1088 1595 1246 1664 cujus
1298 1594 1413 1667 agri
1442 1595 1742 1649 advocatus
1783 1593 1870 1647 di-

246 1684 479 1741 cebatur
506 1685 829 1739 Adelardus.
866 1683 963 1738 Hic
991 1699 1115 1737 eum
1149 1683 1312 1737 tutari
1344 1689 1398 1737 et
1430 1681 1729 1737 defendere
1760 1680 1864 1734 sibi

247 1774 458 1828 credita
483 1774 794 1841 debuisset,
841 1773 1017 1844 magis
1058 1772 1177 1842 ipse
1224 1772 1581 1842 pessumdare
1619 1779 1674 1825 et
1714 1770 1870 1824 dete-

247 1881 370 1920 rere
429 1864 647 1930 institit,
688 1879 852 1934 quam
906 1864 975 1917 ab
1027 1861 1260 1917 aliorum
1312 1860 1573 1915 violentia
1628 1859 1865 1930 eripere.

247 1957 400 2013 Totis
451 1955 722 2027 siquidem
778 1956 834 2009 in
892 1970 976 2009 res
1025 1953 1383 2009 ruricolarum
1427 1952 1646 2007 inhians
1696 1951 1869 2007 fauci-

250 2052 379 2116 bus,
453 2064 553 2119 per
626 2046 707 2101 fas
772 2053 827 2101 et
904 2046 1062 2101 nefas
1117 2046 1225 2100 illis
1295 2062 1393 2101 sua
1453 2045 1759 2112 auferebat,
1815 2052 1870 2100 et

246 2140 488 2216 propriis
538 2138 886 2209 mancipabat
931 2137 1152 2205 usibus,-
1193 2154 1296 2193 nec
1346 2143 1531 2193 tamen
1570 2138 1626 2191 id
1684 2136 1861 2193 solum

242 2231 370 2296 sibi,
425 2231 472 2285 si
539 2246 730 2287 eorum
788 2248 876 2287 res
960 2231 1247 2302 diriperet,
1303 2229 1652 2298 sufficiebat;
1711 2230 1866 2285 insu-

241 2342 345 2396 per
397 2324 717 2381 verberibus
755 2326 943 2381 multis
990 2324 1288 2380 afficiebat.
1346 2321 1603 2379 Crebrius
1644 2339 1775 2381 vero
1834 2340 1864 2380 a

240 2420 501 2475 fratribus
522 2419 615 2490 qui
638 2419 818 2474 eidem
851 2418 1061 2490 praedio
1087 2416 1330 2488 praefecti
1359 2416 1595 2480 fuerant,
1624 2416 1871 2472 admoni-

242 2514 335 2563 tus
364 2523 577 2562 cessare
606 2508 812 2562 debere
838 2523 869 2561 a
896 2513 1045 2561 tanta
1077 2506 1442 2579 malignitate,
1477 2506 1776 2561 emendare
1807 2523 1866 2562 se

244 2602 465 2665 noluit;
492 2602 589 2656 sed
621 2602 805 2673 potius
830 2601 886 2656 in
907 2602 1173 2670 majorem
1208 2601 1471 2657 saevitiam
1505 2601 1724 2656 exarsit.
1759 2602 1866 2656 De-

241 2696 415 2767 nique
454 2696 670 2751 cuidam
713 2696 1051 2751 muliercula:
1110 2694 1319 2766 aliquid
1356 2694 1677 2763 abstulerat,
1734 2711 1862 2765 quae

240 2800 474 2840 currens
501 2786 567 2839 ad
602 2785 917 2848 ecclesiam,
955 2784 1299 2857 sublatisque
1331 2784 1535 2857 quibus
1564 2783 1859 2854 operieba-

239 2884 334 2933 tur
364 2876 548 2943 lineis,
602 2877 772 2931 altare
815 2876 1131 2932 diutissime
1172 2876 1358 2948 ﬂagris
1407 2876 1606 2932 cecidit
1636 2876 1735 2948 (3),
1784 2876 1864 2931 in-

237 2984 476 3039 crepans
511 2969 668 3040 quasi
721 2975 1050 3038 praesentem
1103 2968 1316 3024 Patrem
1358 2968 1716 3023 Benedictum
1769 2968 1857 3024 his

234 3056 456 3113 verbis:
488 3057 765 3112 Benedicta
791 3059 1171 3124 vetustissime,
1191 3044 1697 3128 pigen'lethargicc,
1725 3059 1862 3129 quid
1885 3094 1934 3163 Ο

235 3151 361 3218 agis
382 3151 410 3202 ?
436 3153 496 3203 ut
522 3150 659 3218 quid
683 3150 946 3204 dormitas
969 3153 997 3204 ?
1036 3152 1169 3220 quid
1225 3155 1342 3205 tuos
1374 3153 1543 3205 tantis
1586 3151 1861 3220 subjacere

236 3256 417 3295 servos
444 3243 789 3310 impropcm'is
819 3240 1001 3297 sinis?
1032 3242 1331 3307 Quemdam
1359 3242 1547 3310 etiam,
1582 3249 1642 3298 ut
1674 3242 1862 3314 plures

236 3332 513 3398 omittam,
554 3330 820 3387 rusticum
880 3332 1065 3387 multa:
1114 3332 1481 3403 simplicitatis
1533 3334 1734 3399 virum,
1767 3349 1864 3391 no-

245 3425 397 3480 mine
427 3424 747 3490 Arnaldum,
779 3425 1018 3480 stimulis
1056 3425 1317 3496 nequitiae
1351 3426 1680 3499 exagitatus,
1731 3426 1861 3481 dum

239 3519 479 3591 quadam
508 3518 598 3573 die
620 3534 810 3593 agrum
842 3527 1144 3586 exerceret,
1180 3518 1513 3589 improvisus
1538 3519 1862 3586 adveniens,

240 3617 466 3682 arrepto
505 3610 730 3665 stimulo
762 3626 871 3683 quo
905 3610 997 3665 ille
1017 3626 1148 3666 suos
1180 3609 1501 3665 stimulabat
1523 3610 1707 3682 juges,
1741 3617 1865 3665 tan-

243 3698 317 3754 tis
338 3697 523 3754 aﬂecit
550 3699 898 3766 verberibus,
930 3706 992 3755 ut
1017 3698 1342 3755 semivivum
1375 3699 1738 3770 relinqueret.
1756 3699 1867 3754 Nec

242 3789 443 3845 ductus
466 3790 1217 3861 paenitentia,satisfactione
1248 3789 1432 3861 aliqua
1457 3805 1582 3845 eum
1614 3789 1869 3861 aliquan-

243 3879 318 3933 do
346 3878 522 3933 voluit
552 3879 788 3949 placare.
846 3879 944 3944 Qui
978 3887 1162 3935 autem
1194 3879 1426 3935 verbera
1466 3895 1661 3950 passus
1693 3878 1871 3935 fuerat

245 3967 317 4022 ab
343 3965 730 4037 omnipotente
760 3968 990 4024 Domino
1019 3968 1288 4024 ultionem
1319 3967 1387 4022 de
1419 3966 1540 4038 ipso
1567 3966 1867 4040 ﬂagitabat,

247 4060 554 4131 implorans
584 4076 755 4131 super
797 4060 904 4115 hoc
941 4060 1210 4116 auxilium
1240 4058 1528 4116 Benedicti
1568 4058 1654 4113 sui
1690 4058 1871 4114 domi-

247 4148 328 4203 ni.
371 4148 480 4204 Nec
515 4150 611 4205 diu
663 4157 969 4206 remoratus
1002 4151 1285 4218 Dominus,
1328 4150 1422 4221 qui
1471 4165 1773 4221 pauperem
1803 4149 1870 4203 li—

246 4240 407 4295 beret
436 4256 466 4294 a
505 4247 753 4311 potente,
802 4241 1061 4297 retribuit
1088 4241 1261 4313 impio
1284 4240 1440 4309 juxta
1470 4257 1624 4296 suam
1671 4240 1872 4311 impie-

248 4338 448 4398 tatem;
482 4348 723 4403 namque
758 4349 870 4389 uaa
898 4334 1112 4389 dierum
1144 4332 1377 4388 audiens
1406 4348 1538 4389 suos
1563 4333 1632 4388 ad
1665 4333 1867 4401 locum,

1964 512 2147 568 ratque
2178 496 2386 562 innixa,
2441 495 2645 550 ferrum
2677 496 2924 568 ejusdem
2982 497 3151 553 hastas
3185 514 3379 555 versus
3407 514 3569 553 suum

1965 588 2242 643 incautius
2271 587 2488 643 reduxit
2516 592 2727 662 guttur,
2747 602 3004 659 equoque
3032 590 3120 643 cui
3162 589 3439 647 insidebat
3466 589 3575 645 cal-

1966 678 2187 732 caribus
2216 676 2461 741 incitato,
2500 676 2631 731 dum
2660 677 2833 731 rivum
2865 677 3102 732 transire
3117 679 3301 753 gestit,
3326 680 3569 736 lanceam

1968 766 2022 820 in
2064 782 2224 821 suum
2266 772 2476 839 guttur,
2508 764 2792 832 demersit,
2847 780 3084 837 moxque
3129 767 3395 823 exanimis
3438 768 3575 824 effe-

1966 862 2105 922 ctus,
2134 856 2417 911 sociorum
2444 854 2700 911 manibus
2729 854 2797 910 ad
2827 855 3051 926 propria
3075 862 3403 927 reportatur,
3436 859 3572 913 nulli

1967 951 2232 1023 deinceps
2262 952 2590 1007 famulorum
2646 952 2818 1007 Patris
2856 952 3139 1009 Benedicti
3170 954 3405 1011 verbera
3434 956 3576 1011 irro-

1965 1048 2210 1114 gaturus.

2040 1130 2162 1186 CAP.
2196 1131 2307 1186 Vll.
2340 1162 2410 1173 —
2456 1134 2570 1187 Fur
2593 1133 2855 1202 perjurus
2884 1137 3179 1204 correptus.
3221 1135 3371 1190 Alter
3412 1136 3576 1192 etiam

1966 1219 2255 1275 Rainerius
2310 1228 2680 1293 nuncupatus,
2740 1222 2831 1295 qui
2887 1238 3031 1277 unus
3069 1230 3186 1278 erat
3216 1239 3282 1280 ex
3330 1225 3577 1295 ejusdem

1969 1314 2337 1385 possessionis
2370 1315 2743 1384 exactoribus,
2804 1324 2858 1372 et
2913 1317 3059 1388 ipse,
3112 1322 3171 1372 ut
3209 1318 3286 1373 rei
3326 1318 3582 1389 probavit

1968 1410 2218 1472 eventus,
2265 1422 2395 1479 erga
2454 1405 2687 1462 famulos
2749 1406 2925 1477 ipsius
2975 1408 3365 1464 monachorum
3425 1409 3582 1465 ducis

1967 1500 2174 1554 exstitit
2214 1500 2542 1556 malitiosus.
2577 1501 2679 1565 Qui
2709 1502 2839 1556 dum
2893 1503 3067 1559 multa
3095 1520 3255 1560 secus
3291 1521 3456 1577 quam
3489 1506 3583 1561 de-

1971 1587 2164 1644 buerat
2190 1597 2399 1662 ageret,
2434 1589 2782 1661 frequentius
2810 1589 2947 1647 falsa
2974 1592 3230 1649 innoxios
3257 1595 3580 1666 opprimens

1970 1677 2265 1744 calumnia,
2296 1685 2350 1733 et
2400 1694 2590 1735 eorum
2638 1678 2784 1735 bona
2836 1680 3027 1752 iniqua
3065 1682 3333 1755 diripiens
3361 1684 3581 1739 violen-

1972 1770 2068 1836 tia,
2093 1771 2379 1839 cujusdam
2413 1771 2590 1826 vidua':
2613 1788 2785 1828 unum
2805 1790 2973 1845 quem
2988 1774 3168 1831 solum
3200 1775 3441 1832 habebat
3456 1777 3580 1832 abs-

1971 1861 2092 1917 tulit
2137 1878 2385 1933 porcum.
2445 1865 2749 1938 Repetente
2789 1866 2956 1922 vidua
3002 1884 3180 1934 suem,
3218 1879 3274 1925 et
3331 1885 3456 1924 cum
3499 1868 3580 1924 1a-

1968 1952 2170 2023 crymis
2199 1952 2570 2025 precibusque
2627 1955 2995 2029 gemebundis
3020 1958 3346 2028 suppliciter
3382 1966 3443 2014 ut
3474 1958 3579 2013 sibi

1969 2041 2038 2096 ab
2075 2058 2142 2097 eo
2184 2042 2511 2098 redderetur
2551 2044 2758 2115 saepius
2796 2045 3104 2118 ﬂagitante,
3144 2047 3465 2102 nullatenus
3494 2063 3581 2102 ac-

1966 2134 2257 2207 quiescere
2288 2135 2479 2192 voluit.
2515 2135 2629 2201 Qua
2667 2136 2735 2192 de
2774 2153 2939 2193 causa
2968 2139 3166 2194 dolens
3208 2139 3302 2194 illa
3332 2140 3580 2195 assiduas

1965 2224 2021 2280 in
2050 2225 2232 2296 ipsum
2263 2227 2644 2283 devotationes
2671 2228 2988 2301 aggerebat.
3020 2229 3115 2283 Die
3155 2244 3287 2303 ergo
3334 2230 3577 2301 quodam

1966 2330 2096 2371 casu
2126 2315 2323 2371 accidit
2353 2316 2603 2371 eamdem
2654 2316 2874 2371 viduam
2907 2332 2973 2371 ex
3017 2317 3318 2388 improviso
3359 2318 3574 2391 ingredi

1970 2407 2218 2473 domum,
2242 2406 2299 2461 in
2330 2424 2439 2479 qua
2468 2424 2591 2463 cum
2623 2408 2958 2480 quibusdam
2988 2409 3112 2464 aliis
3140 2410 3422 2481 prendens
3452 2411 3580 2466 Bai—

1970 2495 2159 2551 nerius
2205 2496 2580 2551 recumbebat.
2643 2497 2796 2564 Qure,
2851 2514 2976 2553 cum
3044 2498 3218 2570 ipsam
3272 2499 3580 2556 recordatio

1967 2589 2156 2644 amissi
2204 2589 2421 2659 pecoris
2458 2590 2608 2662 gravi
2653 2597 2946 2663 torqueret
2974 2607 3233 2661 maerore,
3276 2593 3464 2664 coepit,
3511 2594 3581 2648 si—

1965 2685 2058 2733 cut
2086 2677 2337 2733 crebrius
2365 2679 2602 2745 solebat,
2647 2687 2708 2735 ut
2739 2696 2874 2735 suus
2904 2680 3008 2735 sibi
3043 2681 3425 2738 restitueretur
3480 2699 3578 2738 ex-

1964 2786 2194 2842 poscere
2227 2786 2448 2842 porcus.
2483 2771 2581 2827 lllo
2620 2788 2753 2828 vero
2797 2773 3078 2829 aestimans
3104 2773 3182 2828 nil
3221 2774 3326 2829 sibi
3352 2774 3577 2831 officere

1963 2861 2114 2932 quod
2135 2860 2379 2916 dicturus
2413 2868 2548 2927 erat,
2580 2861 2800 2918 incauta
2830 2864 3059 2935 protulit
3084 2865 3394 2921 temeritate
3423 2867 3578 2937 quod

1964 2952 2316 3023 postmodum
2356 2953 2617 3024 paenituit
2667 2954 2890 3023 dixisse,
2958 2962 3156 3026 putans
3213 2956 3427 3013 Patrem
3464 2959 3577 3013 Be-

1963 3042 2244 3098 nedictum
2272 3043 2410 3097 nihil
2440 3043 2665 3110 ducere,
2700 3059 2758 3099 se
2795 3044 2921 3116 quis
2951 3061 2983 3101 a
3022 3061 3083 3101 se
3117 3045 3221 3101 sibi
3255 3048 3581 3118 promissam

1963 3134 2127 3191 fidem
2183 3136 2411 3208 prolatis
2451 3135 2725 3192 incautius
2762 3136 2947 3192 verbis
2985 3153 3154 3193 ausus
3190 3137 3357 3194 fuerit
3402 3145 3581 3195 teme-

1962 3247 2102 3286 rare.
2146 3231 2249 3287 Per
2277 3239 2703 3299 sacramentum,
2744 3231 2842 3299 ait,
2900 3232 3050 3303 quod
3098 3240 3288 3289 sancto
3320 3232 3426 3289 feci
3477 3235 3579 3291 Be-

1964 3324 2208 3392 nedicto,
2235 3341 2517 3397 nunquam
2560 3331 2712 3380 tuum
2754 3323 2910 3398 attigi
2963 3340 3219 3396 porcum.
3262 3326 3414 3381 ldem
3442 3342 3577 3382 vero

1965 3413 2276 3480 Rainerius,
2307 3422 2369 3469 ut
2398 3414 2517 3485 ipse
2549 3413 2712 3469 viculi
2764 3415 3168 3485 adipisceretur
3204 3417 3577 3484 exactionem,

1965 3518 2033 3558 ex
2059 3518 2214 3558 more
2238 3502 2344 3558 loci
2370 3503 2735 3571 jurejurando
2775 3504 2849 3575 (4)
2873 3507 3225 3574 promiserat,
3254 3523 3325 3562 ne
3358 3507 3578 3579 aliquid

1968 3594 2232 3664 injustum
2281 3593 2336 3647 in
2379 3593 2613 3649 famulos
2656 3594 2913 3664 superius
2961 3596 3093 3651 dicti
3139 3597 3314 3653 Patris
3358 3599 3585 3655 molire-

1969 3688 2075 3737 tur.
2126 3681 2294 3755 lgitur
2329 3688 2618 3752 postquam
2650 3681 2844 3737 falsum
2886 3684 3190 3754 pejerando
3228 3687 3455 3756 protulit
3486 3689 3583 3756 ju-

1969 3780 2300 3840 ramentum,
2351 3774 2430 3828 ira
2469 3780 2799 3842 commotus,
2840 3776 3076 3832 cultrum
3128 3793 3292 3848 quem
3332 3777 3468 3834 forte
3502 3786 3586 3836 te-

1971 3865 2139 3921 nebat
2175 3864 2393 3932 manus,
2416 3880 2586 3936 super
2615 3882 2861 3921 mensam
2883 3867 3039 3938 jecit.
3076 3868 3177 3931 Qui
3206 3885 3238 3923 a
3277 3884 3475 3925 mensa
3498 3888 3585 3928 re-

1970 3958 2462 4027 siliens,mucrone
2500 3975 2718 4015 sursum
2749 3977 2932 4029 verso,
2986 3963 3207 4018 oculum
3237 3963 3441 4035 perjuri
3482 3982 3588 4036 pu-

1971 4052 2149 4125 pugit,
2184 4060 2239 4109 et
2268 4069 2395 4108 eum
2446 4059 2717 4125 perpetua
2741 4055 2986 4110 caecitate
3017 4056 3314 4114 damnavit.
3346 4058 3588 4114 Tandem

1972 4143 2281 4215 improbus,
2310 4150 2669 4216 posteaquam
2708 4144 2979 4201 intellexit
3015 4146 3203 4202 divino
3226 4146 3440 4216 judicio
3474 4165 3588 4206 uno

1970 4252 2031 4292 se
2061 4236 2332 4307 privatum
2367 4236 2597 4303 lumine,
2631 4236 2912 4309 professus
2939 4245 3026 4293 est
3072 4238 3225 4310 prius
3251 4240 3593 4297 mendaciter

1972 4329 2211 4384 locutum
2241 4327 2434 4394 fuisse,
2468 4328 2822 4399 perpendens
2860 4328 3149 4384 viduarum
3181 4330 3450 4402 lacrymas
3487 4348 3590 4387 ne-

248 4419 351 4476 ubi
406 4429 543 4486 erat,
572 4436 871 4493 properare
919 4423 1128 4489 hostes,
1180 4438 1385 4493 equum
1416 4423 1747 4489 ascendens,
1788 4439 1873 4477 ar-
1893 4419 1951 4489 D
1977 4433 2252 4489 quaquam
2284 4418 2652 4489 spernendas,
2682 4434 2805 4491 quae
2835 4435 2867 4473 a
2893 4418 3113 4473 maxilla
3148 4420 3216 4474 ad
3256 4427 3454 4477 terram
3494 4422 3594 4478 de-

251 4514 360 4569 mis
389 4522 672 4585 protectus
727 4516 954 4571 obviare
993 4516 1104 4571 illis
1133 4516 1376 4572 festinat.
1412 4518 1451 4571 Α
1479 4516 1684 4588 quibus
1715 4516 1874 4592 fuga-

250 4614 362 4674 tus,
396 4606 526 4661 dum
566 4613 826 4678 prOperat
862 4606 990 4679 equi
1030 4608 1171 4669 saltu
1215 4606 1486 4663 volocitcr
1532 4613 1873 4661 transmeare

255 4698 553 4770 quemdam
604 4697 909 4766 ﬂuviolum,
960 4698 1056 4771 qui
1123 4699 1293 4756 Minio
1343 4706 1590 4769 vocatur,
1641 4697 1872 4770 cuspide

327 4898 441 4972 (2*),
463 4899 895 4972 Hervini-Curtis
910 4916 1076 4972 supra
1098 4900 1154 4955 in
1186 4899 1422 4972 Aimoini
1454 4899 1555 4954 lib.
1589 4917 1628 4966 ι,
1660 4914 1760 4970 cap
1782 4898 1874 4963 i7,

255 4971 352 5046 qui
395 4971 550 5025 vicus
581 4971 712 5046 mihi
733 4972 967 5046 videtur
981 4971 1120 5046 esse
1150 4971 1480 5046 Hernicourt
1508 4972 1671 5046 vulgo
1702 4972 1880 5046 dictus

261 5042 317 5115 in
350 5058 502 5115 pago
518 5043 681 5097 castri
732 5043 993 5107 Portiani,
1021 5044 1111 5099 siti
1142 5043 1212 5098 ad
1240 5042 1484 5115 Axonam
1531 5042 1757 5115 ﬂuvium
1789 5043 1877 5096 in-

261 5112 736 5185 fra'llegitestum,
776 5116 941 5177 Rctel,
986 5115 1041 5169 in
1085 5113 1400 5185 Campania.
1449 5115 1522 5169 Eo
1568 5113 1672 5168 loci
1705 5120 1879 5168 exstat

261 5184 537 5257 prioratus
562 5201 592 5239 a
621 5186 864 5242 Floriaco
893 5187 1159 5241 hactenus
1182 5184 1455 5257 pendens,
1482 5184 1738 5240 dioecesis
1767 5185 1879 5239 Re-

263 5255 493 5313 mensis.
528 5255 582 5309 in
624 5257 788 5313 editis
817 5258 959 5312 male
992 5255 1417 5314 Bellovacensis.

339 5328 417 5404 (β)
444 5326 681 5383 lleccine
716 5335 797 5404 est
819 5329 1170 5404 religioisic
1208 5328 1462 5404 ferebant
1496 5326 1882 5404 illatempora,

305 5397 468 5472 uibus
503 5400 846 5472 temporibus
875 5397 1089 5472 siquid
1122 5418 1150 5455 a
1178 5399 1373 5472 quavis
1404 5397 1640 5472 ecclesia
1668 5406 1882 5472 raptum

264 5414 468 5522 gamus
503 5414 846 5470 temporibus
875 5418 922 5455 sr
956 5414 1089 5472 quid
1122 5418 1150 5455 a
1178 5416 1373 5472 quavrs
1404 5414 1640 5454 ecetesra
1668 5414 1882 5467 raptum

270 5468 480 5541 uisset,
522 5470 711 5541 altaria
742 5472 1045 5537 nudabant,
1088 5471 1394 5527 induebant
1431 5469 1648 5541 ciliciis.
1692 5468 1886 5541 ﬂagel-

267 5538 480 5602 labant,
514 5540 733 5614 aliaque
755 5542 809 5596 id
840 5558 1018 5614 genus
1050 5543 1344 5612 patrabant
1371 5559 1386 5607 ;
1429 5540 1576 5614 quod
1610 5538 1802 5614 postea
1830 5540 1885 5593 in

267 5625 476 5666 morem
520 5610 756 5679 transiit,
805 5610 985 5668 sieubi
1035 5610 1389 5669 interdictum
1448 5610 1885 5667 ecclesiasticum

273 5680 647 5739 indicebatur.
670 5683 967 5741 Mauricius
989 5683 1445 5757 Rothomagensis
1466 5681 1774 5739 antistesob
1793 5696 1885 5738 oc-

608 5810 907 5875 PATROL.
962 5810 1160 5875 CLX.

1973 4506 2269 4574 scendunt,
2324 4513 2380 4561 et
2436 4506 2702 4583 Dominus
2742 4507 3093 4580 omnipotens
3152 4515 3445 4580 susceptor
3507 4520 3594 4567 est

1973 4617 2162 4659 earum
2173 4642 2185 4656 .

2046 4692 2173 4749 CAP.
2202 4693 2338 4749 VIII.
2370 4724 2441 4735 —
2479 4695 2631 4764 Ignis
2659 4710 2811 4751 sacer
2838 4698 3143 4753 restinctus.
3192 4696 3592 4767 Amplectenda

1978 4901 2177 4970 cupata
2198 4894 2346 4970 bona
2366 4894 2613 4970 ecclesiae
2653 4894 3114 4970 Rothomagensis
3127 4898 3399 4970 praecepit
3427 4903 3594 4955 totam

1979 4966 2268 5048 dioecesim
2324 4966 2621 5048 interdicto
2650 4966 3052 5048 supponi,'folh_
3083 4966 3269 5048 idun
3309 4966 3505 5048 omnes
3545 4981 3599 5028 et

1981 5039 2228 5113 singulas
2254 5037 2720 5113 licatteUVirgiuis,
2763 5037 2873 5093 imo
2904 5047 2960 5094 et
2998 5037 3199 5113 Christi
3236 5041 3454 5097 Domini
3486 5043 3601 5099 ina-

2021 5110 2138 5166 inés
2184 5110 2239 5164 in
2269 5116 2379 5165 tota
2409 5110 2639 5165 dimcesi
2671 5126 2772 5165 sua
2800 5124 2966 5180 super
3009 5112 3325 5167 cathedram
3359 5122 3454 5169 aut
3485 5115 3596 5171 sel-

2021 5128 2138 5166 tnes
2184 5128 2239 5164 in
2269 5128 2379 5165 rora
2409 5128 2639 5165 urceeesr
2671 5128 2772 5165 sua
2800 5128 2966 5180 super
3009 5128 3325 5167 catueuram
3359 5128 3454 5169 aut
3485 5128 3596 5171 set-

1981 5128 2089 5239 ?am
2132 5181 2371 5263 aliquam
2413 5182 2640 5263 deponi,
2671 5181 2959 5263 spinisque
2994 5182 3348 5263 circumdari.
3384 5180 3599 5263 Qua__d_c

1984 5271 2043 5329 re
2073 5259 2247 5329 exstat
2266 5254 2387 5329 ejus
2410 5252 2644 5329 epistola
2668 5252 2724 5307 in
2748 5252 3029 5329 Spicilegii
3047 5261 3204 5329 _tomo
3232 5256 3307 5329 ll,
3325 5273 3450 5329 pag.
3474 5259 3600 5313 521.

1986 5327 2155 5382 Porro
2195 5326 2301 5380 hoc
2340 5324 2688 5401 interdictum
2729 5324 3601 5401 anno‘1‘233contigisseicon-

1986 5402 2184 5481 statex
2212 5412 2337 5469 pag.
2369 5396 2493 5452 821.
2532 5397 2696 5481 Paulo
2728 5404 2853 5481 post
2883 5396 3180 5481 Gregorius
3208 5396 3356 5481 papa
3410 5400 3451 5453 X
3490 5417 3601 5481 nsu-

1988 5467 2318 5541 stulit‘hunc
2360 5483 2595 5541 rnorem,
2637 5474 2697 5522 ut
2734 5468 2951 5523 ostendi
2983 5467 3053 5523 ad
3086 5467 3464 5541 prmfationem
3487 5470 3605 5524 Sae-

1988 5538 2095 5594 culi
2130 5538 2197 5600 ll,
2225 5553 2379 5592 num.
2413 5540 2502 5593 48.

2063 5608 2409 5682 Mitior-mam
2436 5609 2737 5682 juramenti
2769 5611 2918 5682 quod
2956 5611 3294 5680 praestabant
3318 5609 3602 5674 advocati;

1989 5678 2124 5755 lege
2139 5680 2196 5736 in
2230 5678 2338 5737 fine
2378 5678 2714 5751 praefationis
2741 5678 2932 5752 primae
2957 5678 3163 5738 Saeculi
3194 5682 3282 5737 llI.

3116 5806 3196 5869 38
