3938 6206
403 290 543 344 1195

1411 288 1693 344 RADULFI
1734 287 2049 342 TOBTABII
2092 286 2379 343 MONACHI
2423 289 2717 344 FLOBIAC.

3600 295 3746 348 H96

402 429 457 475 et
476 419 627 475 omni
659 418 963 472 excolenda
993 424 1078 472 cst
1104 416 1288 473 favore
1317 416 1406 487 pia
1438 417 1719 471 miseratio
1748 416 2012 485 Omnipo-
2037 417 2093 486 Α
2118 416 2229 477 nia.
2258 422 2312 471 et
2338 416 2518 469 Matris
2550 415 2830 484 injuriam,
2872 422 2928 471 et
2954 432 3107 471 suam
3137 416 3286 471 diem
3318 433 3518 472 severe
3559 418 3745 474 vindi'

403 512 589 575 tentis,
614 510 708 581 qui
731 509 875 579 quod
905 510 1110 575 diligit,
1132 511 1380 577 corripit,
1432 508 1669 575 ﬂagellat
1699 512 1874 561 autem
1902 522 2015 561 om-

400 618 517 654 nem
539 602 712 670 ﬁlium
741 615 897 669 quem
926 600 1117 667 recipit
1150 600 1327 663 (Prov.
1356 614 1435 662 ιιι,
1472 597 1573 650 12ι.
1611 597 1855 665 Denique
1889 612 2013 664 per-

404 690 571 744 mittit
627 690 964 745 diversarum
1021 688 1245 757 spiritus
1298 686 1673 739 intirmitatum
1742 685 2013 739 dominari

405 782 683 836 interdum
725 779 1069 851 corporibus.
1088 778 1309 844 nostris,
1333 787 1392 831 ut
1430 778 1620 831 saltem
1656 777 1876 847 proprio
1917 777 2015 830 ad-

404 874 599 929 moniti
633 873 1007 937 incommodo,
1041 871 1396 926 recordemur
1426 870 1715 925 clementis
1746 871 1865 938 ejus
1892 870 2012 926 lon-

404 966 769 1041 ganimitatis.
811 964 911 1028 Qui
942 964 986 1018 si
1029 971 1139 1018 tota
1174 963 1372 1016 mentis
1412 963 1721 1017 intentione
1760 963 1878 1030 ejus
1906 963 2012 1017 be-

408 1057 757 1130 nignitatem,
790 1070 886 1125 pro
919 1054 1113 1107 eadem
1144 1053 1594 1107 incommoditate
1628 1053 2013 1123 imploraveri-

409 1165 550 1215 mus,
584 1148 687 1202 nisi
731 1155 1028 1220 augmento
1079 1153 1277 1199 nostra:
1306 1146 1503 1200 obesse
1536 1145 1852 1216 pneviderit
1888 1145 2017 1199 ani—

406 1254 528 1304 ma},
560 1237 775 1292 facilem
808 1235 1141 1308 singultibus
1170 1236 1373 1289 nostris
1406 1236 1558 1290 dabit
1592 1236 1798 1289 aditum
1833 1237 1899 1289 ad
1936 1252 2014 1289 se.

407 1332 614 1387 Gaudet
640 1332 848 1404 quippe
884 1331 952 1385 de
982 1331 1146 1385 totius
1176 1331 1473 1386 creationis
1501 1348 1613 1385 sure
1640 1332 1835 1385 salute.
1863 1332 2016 1395 Quod

405 1422 449 1474 si
480 1422 673 1486 etiam,
711 1421 865 1489 juxta
914 1421 1062 1492 quod
1099 1420 1361 1490 scriptum
1393 1428 1494 1487 est,
1528 1420 1596 1474 ad
1641 1421 1762 1491 ejus
1794 1428 2013 1475 sancto-

407 1531 523 1569 rum
557 1515 797 1586 aliquem
846 1521 1238 1569 convertantur
1284 1515 1420 1581 (Job.
1462 1530 1516 1577 v,
1568 1513 1642 1583 1),
1696 1529 1882 1568 vocem
1929 1513 2012 1567 sui

407 1603 582 1658 fidelis
600 1603 880 1666 exaudiet,
910 1610 1126 1658 nostras
1148 1619 1339 1672 preces
1369 1603 1474 1656 sibi
1498 1602 1803 1674 allegantis.
1845 1602 2014 1665 Quam

407 1704 645 1749 nostram
676 1694 1031 1749 assertionem
1073 1693 1384 1764 approbant
1423 1691 1653 1747 mirifica
1688 1708 1877 1763 opera,
1920 1709 2019 1761 per

407 1788 620 1843 Patrem
670 1789 1026 1844 Benedictum
1060 1788 1263 1858 saepius
1319 1788 1481 1843 nobis
1507 1795 1727 1842 ostensa
1789 1787 2017 1852 Quidam

407 1882 608 1935 etenim
651 1880 732 1934 vir
761 1897 827 1935 ex
876 1880 1094 1935 famulis
1132 1881 1385 1949 ejusdem
1418 1880 1611 1945 Patris,
1663 1880 2020 1933 Archembal-

407 1971 511 2024 dus
541 1971 801 2034 nomime,
833 1969 1328 2024 fraterllildruardi
1348 1969 1514 2024 villici
1545 1970 1612 2024 de
1634 1970 1793 2024 Braio
1815 1969 2018 2038 (BI-ay),

408 2078 528 2133 qua:
562 2069 645 2117 est
676 2062 819 2116 haud
851 2067 1258 2117 contemnenda
1302 2062 1474 2131 ipsius
1503 2062 1661 2116 ducis
1707 2061 2020 2116 monasticze

407 2154 648 2209 cohortis
698 2154 999 2224 possessio,
1044 2154 1173 2225 igne
1225 2153 1657 2208 consumebatur
1694 2170 1870 2209 sacro.
1929 2155 2022 2209 llic

408 2244 622 2297 delatus
665 2260 694 2297 a
724 2242 851 2298 villa
880 2243 948 2297 ad
985 2242 1132 2297 illius
1162 2242 1531 2297 sacratissima
1574 2243 1846 2309 membra,
1888 2260 2023 2298 con-

408 2331 578 2387 tinuis
602 2331 902 2405 gemitibus
932 2331 1241 2386 Conditoris
1288 2332 1531 2386 omnium
1564 2347 1727 2401 opem
1772 2349 1869 2402 per
1894 2349 2019 2386 me-

409 2422 570 2477 ritum
602 2421 690 2476 sui
722 2421 934 2476 domini
963 2420 1071 2475 sibi
1111 2421 1414 2491 implorans
1452 2421 1733 2492 Opitulari,
1777 2423 2024 2478 velocius

405 2530 569 2584 quam
614 2513 887 2585 sperabat,
940 2521 1210 2584 ex0ptatze
1276 2514 1560 2568 restitutus
1609 2521 1692 2568 est
1747 2515 2018 2585 sospitati.

405 2607 592 2676 Sepito
620 2621 857 2676 namque
889 2604 1170 2668 inccndio,
1195 2604 1289 2676 qui
1335 2605 1519 2676 [quod]
1547 2605 1657 2674 jam
1687 2605 2018 2660 anteriorem

407 2697 564 2768 pedis
590 2697 711 2766 ejus
761 2706 1181 2768 consumpserat
1233 2705 1466 2767 partem,
1534 2699 1796 2753 remeavit
1848 2714 2022 2753 ovans

405 2791 471 2843 ad
506 2789 745 2861 prapria,
798 2788 1064 2844 Salvatori
1113 2789 1226 2845 Deo
1266 2790 1464 2844 devota
1505 2807 1731 2861 precum
1780 2790 2019 2846 fundens

406 2882 690 2950 libamina,
734 2889 788 2937 et
833 2898 992 2936 suum
1028 2889 1343 2951 patronum,
1392 2883 1549 2951 cujus
1596 2884 1809 2938 meritis
1869 2884 2019 2940 salu-

406 2979 513 3027 tem
536 2981 931 3043 promeruerat,
959 2972 1175 3045 magnis
1193 2971 1463 3027 extollens
1484 2972 1742 3028 laudibus

2116 506 2279 570 cavit,
2310 505 2671 570 Dominicam,
2708 521 2912 575 nempe
2939 521 3062 559 cum
3097 505 3245 560 diem
3276 512 3488 561 tantum
3518 508 3742 579 gemina

2115 597 2382 671 religione
2423 612 2637 651 sacrum
2670 596 2979 669 irreligiosa
3012 597 3217 651 mulier
3260 605 3583 664 temeraret,
3628 615 3742 653 ma-

2116 687 2280 740 nibus
2306 698 2600 742 retrorsum
2635 686 2772 740 actis
2812 686 3152 757 omninoque
3186 686 3515 755 debilitatis,
3549 704 3742 759 exper-

2114 784 2167 832 ta
2197 786 2281 834 est
2309 780 2360 832 in
2388 780 2571 849 seipsa
2602 795 2709 850 qua
2745 787 2875 833 sunt
2905 778 3061 851 digni
3106 794 3272 849 paena
3308 795 3594 835 sacrorum
3619 780 3740 835 vio-

2114 867 2315 922 latores
2365 869 2601 923 dierum.
2664 868 2792 923 Cum
2876 870 3119 925 torsione
3200 886 3423 943 quoque
3472 887 3738 926 manuum

2116 956 2260 1010 aliud
2280 958 2487 1029 grande
2506 959 2813 1029 patiebatur
2835 966 3204 1028 tormentum;
3228 960 3505 1015 sentiebat
3527 961 3738 1031 quippe

2116 1050 2525 1107 intolerabilem
2585 1068 2615 1107 a
2680 1053 2980 1123 digitorum
3038 1054 3456 1124 intercapedine
3513 1070 3739 1111 suorum

2117 1146 2267 1201 exire
2293 1145 2567 1199 ardorem.
2612 1143 2855 1216 Cumque
2898 1145 3185 1201 immensis
3243 1146 3585 1201 cruciaretur
3614 1164 3744 1215 sup-

2120 1237 2323 1309 pliciis,
2377 1237 2681 1291 vicinarum
2722 1237 2941 1291 hortatu
2998 1239 3289 1293 mulierum
3334 1240 3737 1295 monasterium

2122 1334 2369 1405 ingressa
2414 1338 2535 1402 post
2555 1332 2704 1387 diem
2745 1332 3000 1399 alterum,
3041 1349 3224 1389 coram
3266 1335 3440 1390 altare
3490 1335 3587 1389 Dei
3642 1334 3743 1388 Ge-

2120 1422 2331 1476 nitricis
2347 1421 2540 1486 astitit,
2574 1421 2751 1490 ipsam
2795 1420 3016 1490 pietatis
3048 1431 3279 1478 matrem
3316 1423 3603 1479 continuis
3633 1422 3735 1477 fle-

2116 1512 2298 1567 biliter
2349 1511 2647 1567 obsecrans
2684 1511 3040 1584 singultibus,
3096 1521 3154 1567 ut
3208 1514 3294 1568 sui
3347 1513 3737 1576 misereretur,

2117 1601 2437 1673 frequenter
2473 1603 2664 1673 utique
2688 1609 2744 1656 et
2792 1602 3002 1656 Patrem
3056 1603 3320 1659 invocans
3350 1605 3737 1664 Benedictum,

2121 1703 2181 1748 ut
2214 1709 2311 1763 pro
2336 1710 2394 1747 se
2427 1693 2814 1748 intercederet.
2845 1694 3114 1749 Transitis
3133 1711 3267 1769 ergo
3288 1695 3502 1766 aliquot
3528 1696 3744 1750 diurnis

2122 1785 2289 1851 horis,
2333 1785 2589 1840 manibus
2620 1787 2688 1840 ad
2720 1787 3015 1857 pristinum
3046 1788 3290 1842 reductis
3319 1795 3520 1842 statum
3565 1795 3621 1841 et
3650 1804 3743 1842 so-

2124 1875 2235 1945 pito
2270 1876 2546 1939 incendio,
2605 1877 2809 1949 gratias
2860 1877 2976 1950 agit
3014 1878 3262 1932 omnium
3302 1878 3577 1933 conditori
3640 1879 3745 1932 Deo

2120 1971 2485 2043 gloriosreque
2514 1987 2734 2041 semper
2762 1971 2961 2045 virgini
2993 1972 3195 2040 Mariae,
3219 1972 3544 2027 nullatenus
3574 1971 3744 2027 oblita

2120 2061 2515 2114 monachorum
2546 2060 2878 2133 legislatoris
2912 2060 3215 2115 Benedicti.

2194 2150 2319 2206 CAP.
2353 2152 2439 2205 Xl.
2489 2182 2559 2191 —
2589 2154 2873 2208 Servorum
2912 2155 3262 2221 antiquorum
3290 2152 3555 2207 conditio.
3589 2151 3745 2205 Servi

2121 2242 2280 2308 fuga.
2308 2242 2583 2296 Contentio
2632 2240 2697 2294 de
2733 2255 2883 2294 servo
2924 2241 3098 2294 duello
3134 2241 3310 2308 ﬁnita.
3373 2241 3555 2293 Παειιί
3584 2243 3746 2294 ritus.

2123 2331 2458 2386 Memoratus
2488 2330 2661 2385 abbas
2694 2330 2846 2405 Hugo
2877 2331 3169 2401 quemdam
3211 2329 3389 2384 virum
3433 2330 3503 2385 de
3544 2329 3749 2384 familia

2125 2420 2297 2475 Patris
2330 2421 2633 2483 Benedicti,
2665 2421 2891 2475 nomine
2925 2419 3239 2486 Letardum,
3270 2418 3563 2474 Tescelino
3610 2435 3748 2473 con-

2122 2518 2364 2563 cesserat
2394 2509 2709 2564 Petverensi
2728 2510 2811 2579 (de
2836 2510 3171 2579 Pithivt'ers),
3205 2516 3265 2564 ut
3293 2516 3400 2563 tam
3438 2509 3560 2579 ipse
3583 2525 3745 2580 quam

2123 2601 2191 2654 ab
2220 2617 2287 2656 eo
2329 2602 2601 2675 progeniti
2654 2608 2926 2672 perpetuo
2986 2600 3093 2671 ipsi
3148 2601 3556 2655 famularentur
3583 2600 3748 2655 obse-

2121 2690 2253 2762 quio
2308 2690 2517 2746 servili.
2576 2690 2675 2755 Qui
2735 2689 2909 2745 factus
2958 2689 3219 2744 dominus
3272 2689 3442 2754 illius,
3495 2689 3745 2744 obtinuit

2123 2796 2249 2834 eum
2314 2796 2423 2837 non
2504 2780 2700 2851 paucis
2781 2779 3001 2835 diebus.
3091 2778 3481 2850 lnterpellatus
3564 2787 3747 2834 autem

2121 2871 2267 2926 idem
2316 2873 2399 2928 vir
2435 2872 2639 2927 nobilis
2694 2878 2820 2943 post
2867 2872 3093 2945 longum
3153 2880 3372 2942 tempus
3425 2887 3457 2925 a
3507 2871 3746 2942 quodam

2119 2980 2344 3019 suorum
2416 2963 2691 3031 militum,
2750 2965 3027 3037 lngranno
3087 2961 3359 3028 nomine,
3427 2970 3492 3016 ut
3550 2978 3750 3033 supra-

478 3063 599 3119 CAP.
646 3064 827 3164 [XL—
850 3065 1053 3162 Simile.
1095 3064 1269 3162 .Alter.
1288 3080 1510 3164 quoque
1537 3065 1730 3164 egi-dem
1757 3066 2019 3164 ‘(jetenujg
2047 3097 2097 3164 Ο
2120 3053 2327 3107 dictum
2358 3068 2575 3107 servum
2607 3051 2656 3106 ei
2676 3052 2804 3164 jLure
2829 3049 3086 3164 bears-ficii
3117 3050 3618 3164 donaretianari‘uit.
3653 3050 3749 3104 In-

402 3150 877 3219 incommoditate,
914 3151 1140 3223 juvenis
1179 3153 1426 3223 quidam,
1469 3154 1539 3207 de
1582 3153 2018 3226 Transligcranis
2047 3139 2363 3218 “gratillus
2402 3157 2621 3213 quoque
2650 3142 2868 3209 οῧίθυει
2912 3139 3026 3196 ﬁlio
3065 3156 3166 3195 ⁵υο
3199 3140 3522 3195 Ῐδθῐηδειτάο
3568 3140 3744 3210 ipsum

406 3247 672 3317 partibus,
722 3262 754 3299 a
806 3253 976 3300 matre
1024 3244 1082 3298 in
1138 3244 1294 3300 asino
1346 3245 1653 3300 Floriacum
1703 3246 2014 3314 devehitur,

405 3335 499 3408 qui
546 3334 909 3409 vigilantioris
958 3332 1090 3387 fidei
1144 3348 1210 3387 ex
1265 3334 1371 3388 hoc
1405 3334 1667 3403 probatur
1716 3335 2013 3403 exstitisse,

405 3426 664 3499 quoniam
710 3440 834 3480 mox
891 3431 951 3480 ut
978 3424 1237 3496 cognovit
1264 3441 1322 3479 se
1375 3424 1624 3480 comburi
1675 3442 1830 3482 sacro
1862 3444 2014 3499 igne,

403 3514 544 3570 nihil
574 3514 865 3587 pigritatus
882 3514 1042 3585 petiit
1073 3520 1298 3569 matrem
1328 3522 1386 3568 ut
1411 3514 1714 3569 Floriacum
1744 3515 2011 3585 deporta-

403 3614 574 3669 retur,
610 3604 814 3658 habere
845 3619 902 3658 se
949 3602 1137 3667 fidem,
1171 3620 1270 3673 per
1318 3603 1574 3657 meritum
1606 3604 1777 3659 Patris
1829 3606 2013 3659 Bene-

401 3699 616 3768 dictiab
641 3698 1025 3768 omnipotente
1045 3698 1279 3753 Domino
1296 3699 1479 3754 valere
1509 3699 1726 3754 salvari.
1757 3700 1869 3754 Nec
1888 3716 2011 3755 eum

402 3790 598 3846 fefellit
650 3789 942 3844 laudabilis
971 3806 1086 3845 suae
1122 3788 1253 3844 ﬁdei
1311 3791 1549 3846 devotio.
1599 3792 1850 3863 Denique
1889 3799 2015 3846 ante

402 3898 548 3936 aram
592 3881 848 3956 gloriosae
894 3881 989 3936 Dei
1017 3881 1308 3936 Genitricis
1361 3883 1579 3945 allatus,
1632 3883 1844 3954 absque
1876 3884 2016 3937 dila-

400 3972 552 4027 tione
596 3988 695 4043 per
730 3972 957 4045 gratiam
999 3973 1246 4040 ejusdem
1305 3989 1527 4044 semper
1557 3974 1798 4047 Virginis
1845 3975 2015 4030 meri-

402 4070 629 4132 tumque
676 4060 751 4131 pii
780 4060 974 4127 Patris,
1030 4060 1260 4131 integrae
1285 4071 1438 4129 juxta
1468 4079 1623 4116 suam
1655 4062 1819 4117 fidem
1862 4064 2016 4119 resti-

405 4157 550 4204 tutus
572 4159 653 4205 est
680 4150 955 4220 sospitati.
1005 4149 1373 4205 Laatabundus
1405 4150 1590 4222 itaque
1616 4168 1739 4207 cum
1768 4152 2015 4222 jucunda

402 4245 568 4301 rediit
597 4252 791 4309 matre,
825 4260 948 4316 qua:
980 4261 1104 4299 eum
1146 4260 1405 4313 moerens,
1445 4254 1650 4302 etcum
1691 4248 1845 4321 gravi
1887 4264 2015 4319 per-

401 4343 589 4391 secuta
626 4335 804 4390 fuerat
833 4350 1088 4390 moerere.

474 4426 595 4481 CAP.
660 4427 720 4480 X.
752 4456 821 4465 —
873 4427 1017 4481 Festi
1050 4427 1315 4481 violatria:
1342 4431 1570 4496 punita;
1624 4434 1872 4484 sanatur.
1917 4430 2014 4485 Fe-

401 4527 545 4576 stum
571 4518 917 4592 Purgationis
955 4533 1178 4589 semper
1227 4518 1459 4592 virginis
1508 4520 1686 4576 Mariae
1723 4522 1817 4577 Dei
1850 4522 2013 4597 geni-

405 4609 574 4677 tricis,
602 4625 727 4681 quae
778 4607 1071 4679 purissima
1118 4615 1173 4663 et
1225 4609 1536 4666 castissima
1587 4628 1756 4682 super
1788 4627 2008 4668 omnem

403 4702 699 4757 humanam
727 4698 1021 4769 puritatem
1053 4704 1108 4753 et
1145 4699 1525 4755 castimoniam
1559 4718 1781 4772 semper
1832 4702 2008 4758 exsti-

403 4794 486 4859 tit,
544 4790 949 4855 celebrabatur,
1016 4800 1249 4863 eratque
1309 4791 1428 4847 dies
1482 4792 1800 4848 Dominicus
1854 4797 2012 4860 (anno

405 4884 580 4941 1046,.
631 4881 894 4945 Quaedam
953 4895 1085 4954 ergo
1153 4881 1373 4946 mulier,
1423 4882 1706 4938 'l‘escelina
1741 4884 2011 4940 vocabulo

401 4970 585 5026 incola
613 4970 718 5026 vici
750 4968 1135 5035 Floriacensis,
1175 4984 1402 5039 operam
1451 4970 1814 5041 impendebat
1844 4972 2018 5027 laniti-

401 5062 508 5117 cio.
544 5062 669 5117 Haec
695 5062 1164 5130 advesperacente
1189 5059 1301 5129 jam
1338 5060 1451 5128 die,
1484 5068 1745 5132 reputans
1772 5070 1886 5117 tum
1918 5079 2016 5119 ce-

400 5152 709 5209 lebritatem
733 5154 907 5227 ipsam
930 5156 1266 5228 quamdicm
1290 5154 1633 5211 Dominicum
1658 5155 2013 5227 praeteriisse,

401 5249 457 5297 et
485 5242 699 5313 aliquas
740 5244 916 5315 ipsius
955 5244 1067 5300 diei
1108 5244 1307 5300 lucrari
1347 5244 1583 5315 cupiens
1622 5244 1886 5312 morulas,
1922 5261 2018 5302 ac-

401 5333 551 5404 cepit
583 5333 785 5401 colum,
818 5334 1110 5406 lanamque
1149 5351 1319 5407 super
1372 5351 1474 5390 sua
1510 5333 1789 5390 subtiliter
1829 5341 2017 5390 exten-

400 5425 539 5480 dens
568 5440 749 5498 genua
780 5439 900 5479 cum
932 5425 1158 5483 roriﬂuo
1184 5426 1518 5498 sputamine,
1549 5426 1800 5481 eamdem
1829 5427 2009 5483 colum

398 5516 640 5570 tenuiter
660 5515 779 5584 ipsa
805 5515 933 5570 lana
965 5518 1132 5587 ccepit
1179 5517 1482 5575 involvere.
1528 5516 1763 5573 Cavebat
1803 5527 2007 5581 tamen,

401 5623 471 5662 ne
492 5624 604 5661 sua).
635 5616 927 5662 cernerent
970 5610 1101 5679 quid
1129 5618 1318 5686 ageret
1347 5613 1561 5667 vicinae.
1614 5614 1720 5667 Sed
1777 5613 2012 5669 Redem-

402 5700 526 5763 ptor
553 5694 771 5763 mundi,
799 5694 961 5762 cujus
1003 5696 1177 5752 oculis
1223 5699 1372 5755 nuda
1414 5707 1470 5756 et
1498 5707 1686 5771 aperta
1723 5711 1857 5760 sunt
1880 5719 2011 5759 om-

2120 3237 2515 3308 possidendum
2558 3236 2800 3307 reliquit.
2833 3236 3031 3291 Genuit
3062 3244 3247 3291 autem
3271 3235 3535 3307 praefatus
3562 3236 3746 3292 Letar—

2116 3332 2220 3387 dus
2250 3331 2443 3399 filium,
2477 3332 2703 3386 nomine
2757 3330 3104 3386 Rotbertum:
3147 3346 3317 3402 quem
3368 3332 3743 3395 lsembardus,

2118 3429 2307 3491 utputa
2337 3421 2616 3492 prOprium
2649 3419 3027 3486 vernaculum,
3061 3420 3118 3473 in
3145 3435 3245 3474 sua
3282 3420 3422 3474 aluit
3451 3427 3507 3474 et
3545 3421 3743 3475 educa-

2115 3512 2194 3569 vit
2246 3512 2432 3567 domo.
2475 3511 2766 3566 Rotbertus
2819 3526 2948 3565 vero
3008 3509 3182 3565 factus
3229 3510 3661 3583 grandiusculus
3717 3528 3746 3566 a

2114 3604 2230 3659 suis
2285 3603 2641 3674 comperiens
2692 3602 3059 3676 genitoribus,
3115 3617 3174 3656 se
3204 3602 3275 3656 de
3315 3601 3526 3656 familia
3575 3602 3747 3656 Patris

2116 3706 2362 3753 exortum
2399 3697 2701 3760 Benedicti,
2734 3696 2832 3751 sed
2864 3696 2934 3750 ab
2950 3694 3155 3750 abbate
3177 3696 3524 3765 supradicto,
3552 3705 3614 3750 ut
3634 3696 3738 3749 vile

2116 3787 2437 3841 distractum
2457 3785 2816 3856 mancipium,
2841 3783 3097 3851 indoluit,
3133 3798 3239 3838 nec
3255 3783 3467 3839 diutius
3499 3784 3740 3839 dolorem

2114 3884 2197 3937 sui
2229 3881 2400 3936 animi
2432 3881 2656 3937 oculere
2681 3880 2869 3936 valuit.
2897 3880 3057 3935 Facta
3084 3879 3256 3954 igitur
3282 3878 3435 3951 fuga,
3470 3880 3542 3934 ab
3571 3881 3740 3935 lsem-

2115 3974 2274 4028 bardi
2307 3973 2606 4045 praeseutia
2658 3988 2718 4027 se
2747 3971 3036 4028 subtraxit.
3083 3971 3255 4035 Quem
3289 3971 3521 4044 longum
3583 3975 3742 4028 latere

2116 4082 2225 4121 non
2252 4066 2464 4131 valens,
2498 4064 2567 4118 ab
2593 4064 2797 4119 eodem
2849 4064 3074 4119 domum
3106 4063 3388 4128 reductus,
3425 4080 3624 4133 pinnas
3649 4065 3742 4118 luit

2115 4172 2252 4228 quas
2278 4152 2423 4210 solet
2459 4154 2760 4230 fugitivus;
2809 4154 3040 4224 insuper
3069 4162 3419 4210 sacramento
3461 4155 3533 4209 ab
3566 4171 3632 4210 eo
3663 4164 3742 4209 est

2115 4250 2397 4315 astrictus,
2429 4265 2499 4304 ne
2529 4248 2812 4304 servitutis
2833 4250 3027 4323 jugum
3048 4248 3121 4303 de
3141 4249 3359 4320 reliquo
3384 4249 3532 4305 ferre
3559 4250 3741 4304 detre-

2113 4346 2302 4395 ctaret.
2337 4338 2459 4406 Qui,
2495 4338 2757 4409 quoniam
2782 4337 3174 4393 adolescentiae
3208 4347 3464 4410 tempora
3502 4341 3732 4395 necdum

2035 4464 2086 4532 D
2113 4437 2442 4497 excesserat,
2496 4430 2566 4484 ad
2615 4446 2860 4501 praesens
2895 4429 3068 4497 siluit,
3100 4430 3284 4485 donec
3335 4438 3500 4487 aetate
3544 4447 3735 4503 proce—

2113 4524 2281 4578 dente
2310 4522 2454 4575 vires
2483 4521 2791 4596 colligeret,
2845 4522 3049 4593 quibus
3105 4537 3207 4577 suo
3257 4521 3467 4591 injuste
3510 4524 3732 4579 domino

2115 4615 2369 4669 resistere
2399 4611 2623 4668 valeret.
2682 4612 2972 4682 Postquam
3031 4628 3166 4688 ergo
3196 4628 3371 4688 genas
3432 4614 3586 4669 illius
3639 4614 3733 4669 flos

2114 4700 2371 4755 vesticrat
2393 4700 2723 4768 juventutis,
2757 4700 2960 4771 elapsis
2995 4701 3384 4757 adolescentiae
3418 4702 3610 4758 lustris
3636 4702 3732 4756 ab-

2115 4792 2297 4846 batem
2331 4791 2559 4862 expetiit
2588 4791 2938 4847 Guillelmum
2972 4793 3127 4858 (Vid.
3159 4809 3261 4863 cap
3317 4792 3439 4861 25),
3474 4795 3571 4865 qui
3615 4803 3737 4849 tunc

2117 4884 2384 4954 temporis
2416 4894 2647 4954 praeerat
2678 4884 3158 4949 Floriacensibus;
3191 4885 3339 4956 apud
3370 4902 3543 4957 quem
3576 4901 3737 4960 ango-

2117 4995 2231 5034 rem
2261 4979 2346 5033 sui
2375 4980 2557 5035 cordis
2583 4995 2707 5034 cum
2748 4980 2929 5034 anxiis
2958 4980 3254 5049 deponens
3290 4982 3574 5052 suSpiriis,
3604 4997 3733 5036 con-

2115 5069 2364 5142 queritur
2401 5070 2471 5124 de
2501 5069 2769 5139 injustitia
2797 5070 2901 5125 sibi
2941 5070 3174 5141 suisque
3212 5070 3382 5125 illata.
3418 5072 3735 5127 Guillelmus

2119 5157 2305 5229 itaque
2328 5173 2452 5213 cum
2486 5164 2633 5213 esset
2662 5158 2746 5213 vir
2765 5164 3046 5225 strenuus,
3071 5165 3126 5212 et
3156 5173 3313 5213 suam
3340 5159 3733 5229 rempublicam

2115 5265 2337 5321 semper
2386 5256 2743 5320 augmentare
2800 5255 2915 5305 toto
2966 5249 3256 5304 anhelaret
3305 5249 3615 5315 desiderio,
3657 5264 3733 5303 rc-

2115 5340 2412 5412 sponditse
2434 5340 2583 5396 illius
2600 5356 2968 5396 aerumnarum
3000 5340 3253 5395 misereri
3272 5340 3440 5407 velle,
3454 5344 3731 5411 justasque

2114 5429 2368 5502 querelas
2394 5429 2570 5500 ipsius
2601 5428 2731 5484 viris
2762 5427 3132 5499 prudentibus
3162 5427 3342 5499 palam
3380 5429 3590 5497 facere,
3619 5437 3671 5484 et
3691 5428 3731 5480 si

2112 5538 2224 5594 quo
2248 5531 2408 5593 pacto
2428 5522 2658 5588 valeret,
2684 5522 3006 5593 praesidium
3030 5520 3108 5575 illi
3132 5537 3260 5576 sese
3283 5520 3426 5578 fore.
3449 5522 3727 5593 Comperto

2113 5614 2281 5688 igitur
2310 5614 2662 5668 lsembardus
2693 5614 3039 5679 Rotbertum,
3075 5628 3239 5684 quem
3269 5629 3435 5668 suum
3464 5614 3729 5687 Opinaba-

2112 5714 2203 5764 tur
2231 5723 2450 5763 servum
2471 5722 2594 5763 esse
2632 5714 2984 5777 perpetuum,
3004 5704 3071 5761 ad
3104 5705 3355 5776 priorum
3386 5707 3730 5765 dominorum
