3938 6206
231 318 369 373 1197
1394 318 1730 374 MIRACULA
1772 319 1786 372 ε

2043 321 2408 379 BENEDICTI.
3424 331 3564 388 1198

232 443 551 517 confugisse
602 442 839 514 asylum,
870 442 1094 497 mandat
1123 443 1305 498 abbati
1328 446 1634 511 nominato,
1657 447 1843 502 utsibi
1870 453 1922 519 Α
1949 448 2135 521 aliquo
2195 458 2353 521 pacto
2389 453 2695 510 distrahere
2733 459 3078 515 vernaculos.
3148 460 3377 516 Videant
3426 459 3565 528 sibi,

231 538 521 611 pr0prium
557 536 809 592 restituat
835 536 1196 607 mancipium,
1229 536 1474 609 alioquin
1498 538 1760 609 deinceps
1785 555 1847 594 se
1947 544 2040 616 qui
2084 543 2337 611 famulos,
2388 562 2607 611 census,
2651 549 2876 619 praedia,
2904 553 3109 607 sanctis
3138 552 3275 608 locis
3304 552 3567 608 attributa

232 632 355 701 ejus
394 631 635 687 futurum
677 630 981 685 inimicum.
1027 630 1126 694 Qui
1156 631 1339 686 missis
1370 633 1437 687 ad
1469 648 1595 687 eum
1626 633 1721 704 qui
1750 650 1850 687 sua
1948 637 2020 693 ob
2040 637 2230 691 Iaudes
2253 637 2622 708 omnipotenti
2650 638 2879 695 Domino
2906 642 3323 712 persolvendas,
3354 642 3566 699 nefarie

234 720 510 775 referrent
552 720 742 786 verba,
775 719 1057 774 mandavit
1107 735 1233 774 eum
1277 722 1497 791 quidem
1540 738 1704 793 quem
1763 722 1789 775 i:

2008 731 2288 787 stribuunt
2306 732 2479 798 laicis,
2504 749 2603 787 seu
2631 732 3014 806 cujuscunque
3043 737 3264 803 generis
3291 737 3563 806 personis.

232 812 379 881 juste
422 813 729 882 repetebat,
769 811 1121 866 vernaculum
1181 812 1354 867 Patris
1393 814 1672 868 Benedicti
1732 813 1847 869 fore
2019 820 2281 875 CAP.X”.
2305 824 2791 879 —Translationis
2809 826 3164 881 S.Benedt'cti
3181 829 3401 894 festum.
3431 828 3566 897 Ejus

238 902 427 976 [esse].
449 920 508 958 50
531 919 662 958 νοτο
692 903 883 958 “ncne
913 903 1123 958 diutius
1144 904 1323 974 ἱμευτη
1357 906 1849 975 PossediSSC-Qua-
1947 913 2178 967 violator
2206 917 2528 982 castigatur.
2580 917 2711 970 Volo
2756 918 2902 983 facto
2940 931 3089 971 noxa
3119 919 3365 973 remissa.
3408 919 3567 973 Misc-

230 1005 458 1069 pr0pter
483 998 528 1052 si
562 998 630 1052 de
671 1006 868 1053 caetero
900 997 1050 1051 illum
1087 998 1291 1085 habere
1324 1000 1489 1053 vellet
1519 1015 1758 1065 servum,
1793 1000 1845 1054 in
1949 1024 2068 1062 rum
2092 1025 2269 1081 genus
2296 1010 2584 1065 hominum
2619 1026 2789 1085 pagos
2815 1011 3299 1086 incolentiumjvix
3328 1031 3569 1087 unquam

227 1090 321 1159 ius
354 1088 542 1143 venire
569 1105 691 1143 esse
723 1104 970 1143 necesse-
1006 1089 1212 1152 Qnibus
1244 1090 1592 1144 lsembardus
1621 1090 1846 1159 audiliS,
1950 1099 2056 1154 levi
2083 1100 2218 1169 jugo
2245 1099 2441 1156 Christi
2472 1101 2705 1157 ferream
2738 1104 3007 1159 cervicem
3040 1105 3366 1161 submittere
3400 1124 3575 1178 appe-

229 1181 380 1250 nPUd
410 1197 467 1235 se
499 1180 815 1234 deliberans
841 1181 1100 1252 quoniam
1142 1181 1328 1235 abbati
1362 1182 1562 1249 ininSle
1591 1183 1844 1238 Γθείεῐθΐο
1949 1194 2011 1249 tit
2031 1211 2184 1249 suam
2208 1213 2221 1249 :
2249 1195 2345 1249 sed
2388 1196 2625 1267 qualiter
2655 1197 2802 1254 ferox
2836 1206 3025 1254 taurus
3072 1200 3359 1255 indomitae
3403 1200 3569 1258 fronti

232 1287 338 1325 nec
372 1271 472 1336 tas,
501 1287 606 1325 nec
630 1286 789 1341 posse
822 1271 1078 1335 habebat,
1115 1271 1538 1327 determinatum
1567 1271 1787 1325 mandat

2020 1284 2184 1341 imum
2206 1287 2630 1356 praesentisccns
2663 1288 3118 1365 imponizjugum,
3151 1291 3389 1348 stimulis
3420 1303 3575 1349 actus

234 1367 403 1426 diem.
443 1367 496 1419 in
528 1381 637 1437 quo
680 1366 797 1420 haec
829 1366 1202 1421 controversia
1256 1367 1399 1422 inter
1427 1382 1525 1422 eos
1570 1363 1840 1421 ﬁniretur.
1952 1375 2279 1441 recalcitrat,
2320 1378 2504 1433 sulcos
2542 1394 2714 1451 agens
2772 1363 3060 1452 obliquos;
3104 1387 3186 1438 sic
3224 1384 3360 1439 illud
3399 1401 3577 1458 genus

234 1459 330 1513 Die
361 1466 543 1514 autem
573 1464 795 1525 statuto,
838 1457 1091 1528 plurimis
1131 1459 1401 1514 nobilium
1463 1466 1519 1514 et
1566 1459 1848 1531 sagacium
1954 1464 2237 1519 hominum
2289 1482 2510 1536 semper
2547 1483 2715 1523 sacrae
2749 1470 2993 1525 renitens
3031 1471 3310 1547 religioni,
3354 1457 3442 1529 vix
3476 1475 3576 1529 ali-

235 1551 372 1606 viris
402 1550 470 1605 ab
499 1550 759 1605 alterutra
797 1559 951 1621 parte
984 1551 1318 1625 aggregatis,
1371 1550 1466 1606 diu
1500 1552 1852 1622 multumque
1956 1553 2178 1624 quando
2208 1554 2349 1608 viam
2393 1556 2739 1612 rectitudinis
2780 1560 3036 1616 incedere
3081 1563 3376 1619 consentit.
3422 1564 3577 1619 Unde

232 1654 491 1693 sermone
520 1638 835 1692 altercatum
867 1645 982 1703 cst;
1017 1638 1113 1691 sed
1154 1638 1383 1693 minime
1436 1638 1554 1710 ipsa
1584 1637 1858 1693 calumnia
1959 1646 2180 1718 quidam
2216 1649 2470 1713 rusticus,
2535 1649 2664 1704 dum
2707 1653 2995 1708 sacerdote
3034 1671 3101 1710 ex
3157 1671 3311 1711 more
3362 1672 3579 1727 praeco-

233 1730 431 1785 eodem
474 1728 564 1781 die
601 1728 771 1781 tinem
803 1728 1037 1798 accepit
1065 1728 1304 1781 Tandem
1346 1744 1477 1783 vero
1516 1727 1671 1782 mulli
1706 1726 1856 1797 ρνίιιε
1886 1775 1935 1842 Β
1961 1744 2128 1792 nante
2156 1739 2403 1793 audisset
2444 1739 2718 1794 celebrem
2763 1741 3169 1799 solemnitatem
3204 1726 3581 1801 translationis

239 1818 444 1842 Α-...,.ιῖι.
487 1816 882 1842 ΑΑ-...,ι..ιῖη..1ἶη
958 1817 1328 1842 ..ιιζημιζιιι-ιιενκ
1374 1826 1449 1842 ,ει-ι
1499 1816 1640 1842 εκιλ...
1677 1831 1818 1842 nn...“
1962 1829 1996 1842 η
2039 1838 2048 1842 _
2088 1829 2099 1839 ο
2196 1830 2232 1842 ν,
2369 1830 2401 1842 ι.
2446 1831 2479 1842 -.
2733 1832 2765 1842 ,ο
2840 1833 2849 1842 .
3347 1837 3358 1842 -
3560 1837 3574 1842 -

235 1818 448 1873 exactis
484 1816 907 1881 conventiculis,
956 1817 1330 1885 adjudicatum
1371 1826 1455 1872 est
1499 1816 1642 1871 idem
1677 1831 1853 1889 nego-
1886 1816 1935 1842 ν
1961 1829 2132 1883 pan-is
2196 1830 2479 1885 Benedicti
2535 1832 2873 1896 “nuntiari,
2917 1850 3039 1905 quae
3094 1837 3391 1906 quotannis
3432 1837 3579 1907 apud

232 1913 392 1977 tium,
424 1911 812 1967 monomachia
834 1912 908 1981 (ὅ)
937 1911 1222 1965 terminari
1255 1912 1483 1966 debere.
1518 1913 1648 1966 Dato
1686 1910 1858 1980 igitur
1962 1916 2821 1989 plurimusjcelebriterrecolitur
2842 1921 2897 1975 in
2922 1938 3111 1977 mense
3133 1924 3278 1980 Julio
3302 1925 3580 1992 nationes,

233 2001 324 2056 die
354 2001 689 2072 Singnlnrcm
720 1999 946 2088 ineundi
983 2016 1245 2070 Pugnam.
1278 2000 1334 2053 in
1368 1999 1857 2088 condictumnon-
1962 2009 2372 2080 parvipendens
2426 2011 2673 2081 ejusdem
2707 2020 3041 2084 praeceptum
3100 2016 3428 2083 sacerdotis,
3486 2017 3585 2088 qui

234 2089 467 2144 veniunt
498 2088 701 2153 locum,
730 2087 989 2143 Videlicet
1025 2088 1118 2158 (ἰαί
1156 2088 1526 2158 repetebalur.
1561 2094 1615 2142 οι
1646 2087 1861 2141 ΑίΓίουδ
1956 2100 2196 2168 jusserat
2247 2115 2443 2156 omnes
2503 2117 2634 2157 suos
2699 2104 3092 2174 parrochiales.
3151 2122 3272 2161 esse
3330 2087 3581 2171 feriatos,

237 2178 460 2250 quidam
495 2178 740 2242 nomine,
791 2192 954 2247 quem
1001 2176 1353 2231 lsembardus
1412 2193 1514 2233 suo
1581 2177 1792 2233 obtulet

2027 2192 2152 2247 ltuit
2184 2207 2251 2247 eo
2291 2192 2382 2247 die
2434 2194 2783 2265 agriculturae
2817 2210 3042 2266 operam
3097 2196 3250 2254 dare.
3296 2192 3582 2252 Habitabat

238 2272 383 2336 loco,
410 2269 565 2325 fortis
600 2270 816 2336 robore,
865 2269 1021 2324 miles
1058 2268 1262 2325 officio.
1308 2270 1433 2325 Erat
1470 2279 1649 2325 autem
1711 2272 1857 2327 idem
1961 2290 2142 2337 autem
2176 2283 2322 2337 idem
2353 2283 2406 2337 in
2434 2284 2613 2359 agello
2653 2286 2891 2356 quodam
2924 2286 3097 2342 patris
3126 2288 3461 2359 :Benedicu,
3492 2288 3582 2342 νί-

235 2369 445 2417 statura
489 2377 785 2432 procerus;
850 2360 1146 2415 Rotbertus
1223 2377 1351 2416 vero
1424 2362 1679 2432 pusillus.
1734 2364 1790 2427 Qt

2028 2376 2117 2430 iilo
2147 2376 2316 2430 dicto.
2349 2376 2596 2431 Diluculo
2639 2376 2804 2450 igitur
2831 2393 3085 2453 surgens,
3132 2379 3329 2435 vicinis
3366 2380 3583 2436 cunctis

239 2452 493 2526 quamvis
520 2469 708 2508 secum
750 2452 1099 2523 confligentis
1132 2453 1531 2524 corpulentiam
1567 2462 1863 2522 metueret,
1966 2466 2035 2519 ab
2061 2481 2229 2535 Opere
2254 2482 2515 2522 manuum
2542 2467 2886 2531 vacantibus“
2924 2452 3043 2541 {pse
3070 2470 3220 2526 solus
3244 2471 3453 2543 junctis
3473 2472 3581 2527 bo-

239 2549 482 2603 habebat
517 2554 721 2613 tamen,
755 2546 831 2601 uti
858 2554 1047 2617 postea
1080 2548 1286 2613 retulit,
1324 2548 1580 2604 fiduciam
1620 2550 1675 2603 in
1704 2550 1863 2605 Patre
1966 2561 2069 2615 bus
2097 2560 2151 2615 in
2184 2577 2372 2635 agrum
2404 2577 2566 2633 quem
2598 2578 2856 2618 exercere
2890 2564 3172 2635 cupiebat,
3214 2565 3412 2631 tendit,
3457 2581 3582 2621 eum

244 2637 546 2692 Benedicto
574 2652 675 2691 suo
698 2636 822 2707 jure
849 2636 1099 2703 domino,
1125 2644 1181 2691 et
1211 2637 1315 2691 sibi
1348 2638 1546 2694 infesto
1575 2639 1693 2695 viro
1720 2640 1867 2695 hunc
1968 2670 2133 2727 quem
2157 2653 2275 2725 ipse
2303 2654 2355 2708 ίη
2381 2654 2566 2710 hieme
2599 2656 2959 2726 proscidcrat,
2992 2656 3232 2730 gliscens
3261 2657 3587 2714 rescindere

186 2758 206 2775 -
247 2732 557 2786 inculcabat
586 2747 926 2786 sermonem:
973 2733 1095 2789 Non
1122 2748 1216 2800 ego
1266 2739 1436 2788 tecum
1487 2734 1716 2801 decerto,
1773 2736 1867 2790 sed
1969 2758 2245 2815 campum,
2278 2750 2468 2799 uttam
2510 2744 2715 2801 aestatis
2755 2746 2935 2803 calore
2962 2764 3125 2820 quam
3180 2747 3376 2803 hiemis
3403 2748 3587 2820 rigore

246 2825 496 2879 dominus
524 2838 671 2877 meus
698 2824 856 2893 cujus
886 2840 965 2877 me
986 2840 1205 2879 servum
1223 2828 1494 2895 proﬁteor,
1527 2828 1801 2881 Benedicti

2033 2845 2253 2904 ιοοειιιε,
2288 2844 2342 2892 et
2393 2838 2660 2893 sementis
2698 2845 2948 2910 tempore
2976 2839 3197 2895 dentata
3233 2846 3381 2895 crate
3410 2839 3588 2914 glebis

249 2913 393 2987 Ergo
424 2911 518 2983 (ιυί
562 2911 712 2965 illum
748 2912 1047 2983 ίῖηβοιθδθι
1068 2912 1300 2981 “Ficus.
1334 2922 1394 2969 ιιι
1418 2915 1587 2970 moris
1617 2922 1722 2981 est.
1753 2915 1868 2987 ρι’ἰ·
1971 2924 2169 2985 attritis
2200 2924 2254 2978 in
2284 2924 2564 2996 pulverem
2589 2926 2862 2993 redactus,
2891 2928 3102 2983 semine
3131 2934 3390 3000 suscepto
3416 2911 3589 2982 abun-

249 3019 372 3059 mOS
410 3004 549 3058 ictus
577 3002 794 3057 ἱηιοτδίι
826 3002 882 3055 in
913 3018 1061 3057 cnm-
1097 3002 1242 3067 QUOS
1268 3003 1357 3057 me
1403 3005 1580 3075 (milia
1612 3005 1704 3059 Dei
1737 3021 1869 3075 PPO-
1973 3017 2284 3072 dantiorem
2317 3017 2513 3072 diebus
2544 3019 2740 3074 messis
2768 3035 2868 3076 suo
2910 3020 3107 3076 cultori
3141 3020 3433 3076 exhiberet
3470 3019 3589 3074 fru-

247 3102 429 3152 tectus
481 3100 798 3150 constanter
839 3094 1142 3161 sustinens,
1198 3096 1503 3164 permansit
1552 3098 1778 3159 illazsus,
1816 3105 1871 3153 et
1898 3138 1947 3206 Ο
1974 3124 2121 3185 gem,
2148 3109 2283 3163 Dum
2316 3124 2448 3180 ergo
2479 3110 2725 3181 cupitum
2760 3116 3050 3186 perageret
3078 3125 3383 3182 opus,ecce
3421 3109 3592 3165 astitit

254 3191 527 3245 alternum
567 3188 764 3243 verber
791 3203 890 3243 suo
938 3189 1076 3244 hosti
1112 3196 1334 3243 tentans
1367 3190 1636 3259 incutere,
1673 3192 1871 3247 virtute
1900 3188 1947 3206 υ
1978 3199 2028 3253 ei
2047 3199 2271 3271 quidam
2300 3199 2353 3253 in
2381 3199 2661 3254 schemate
2689 3200 3018 3263 monachali,
3038 3200 3131 3272 qui
3155 3207 3417 3271 utrasque
3442 3198 3597 3253 illius

255 3278 448 3333 Ρειῑνίεη
478 3277 636 3345 cuius
665 3291 872 3331 nomen
906 3276 1177 3332 retinebat
1209 3285 1412 3345 mente,
1448 3295 1671 3334 mnnn'n
1702 3279 1879 3351 ἱρείας»
1978 3308 2174 3347 manus
2201 3298 2420 3355 tenens,
2449 3291 2667 3347 bifurco
2689 3306 2799 3363 quo
2822 3298 3061 3347 aratrum
3096 3292 3317 3367 tegitur,
3342 3300 3451 3347 tam
3481 3290 3595 3347 for-

258 3370 541 3433 (Ῐιιοῐίιυιθν
583 3368 838 3423 bncnlam
860 3369 935 3438 (6)
969 3367 1147 3438 οῙΥΡθί
1173 3384 1282 3440 quo
1304 3386 1436 3424 θυαε
1466 3370 1756 3445 legebatur
1781 3372 1881 3425 διί-
1981 3380 2107 3436 titer
2132 3380 2383 3454 astringit
2421 3379 2595 3455 ligno,
2625 3386 2686 3435 ut
2736 3381 3063 3452 sanguinem
3098 3397 3200 3453 per
3235 3396 3432 3436 omnes
3473 3380 3596 3449 ejus

259 3460 560 3525 versarius,
601 3459 817 3514 fortiter
871 3460 1124 3530 perculit.
1168 3461 1299 3525 Quae
1339 3462 1620 3517 claviculis
1678 3463 1882 3534 quibus
1981 3488 2198 3544 ungues
2252 3471 2501 3537 eliceret,
2558 3479 2613 3526 et,
2660 3473 2898 3528 rusticus
2949 3474 3094 3528 idem
3145 3473 3333 3546 aliquo
3375 3488 3601 3544 prorsus

265 3557 427 3614 affixa
448 3558 759 3622 tenebatur,
801 3556 1025 3623 avulsis,
1081 3557 1300 3630 longius
1331 3559 1586 3624 resilivit,
1643 3575 1882 3631 moxque
1988 3573 2146 3633 pacto
2178 3579 2273 3617 eas
2322 3563 2588 3617 divellere
2628 3564 2697 3617 ab
2728 3565 2921 3619 eodem
2984 3566 3238 3637 nequiret
3276 3567 3446 3639 ligno.
3485 3566 3599 3632 Quo

265 3667 462 3705 manus
515 3649 810 3704 adversarii
867 3650 1014 3704 nuda
1056 3650 1310 3720 apparuit
1382 3651 1595 3721 Quippe
1638 3650 1885 3707 foramen
1989 3656 2152 3723 facto,
2177 3657 2270 3728 qui
2296 3663 2628 3727 apparuerat
2653 3659 2979 3727 monachus,
3002 3675 3349 3732 nequaquam
3375 3661 3607 3716 ulterius

268 3740 324 3794 in
343 3739 534 3810 clypeo
564 3736 764 3802 fuerat,
793 3737 938 3809 quod
963 3738 1163 3792 bucula
1186 3740 1532 3811 protegebat,
1561 3740 1782 3794 deintus
1809 3755 1892 3795 se-
1989 3746 2092 3800 sibi
2120 3752 2203 3800 est
2246 3745 2415 3800 visus.
2461 3746 2578 3812 Ille,
2611 3745 2819 3817 pariter
2874 3746 3066 3802 dolore
3108 3748 3279 3803 nimio
3333 3749 3527 3804 anxius
3554 3756 3608 3804 et

273 3826 536 3897 mipedali
567 3825 728 3880 afﬁxa
760 3825 931 3900 ligno,
960 3841 1069 3896 quo
1103 3842 1268 3880 manu
1288 3834 1522 3895 retento,
1555 3844 1773 3901 gravem
1800 3830 1892 3884 ille
1998 3833 2197 3889 rubore
2226 3832 2509 3901 confusus,
2543 3832 2828 3887 haesitabat
2866 3833 2997 3905 quid
3028 3842 3234 3909 ageret.
3269 3834 3611 3891 Concurren-

273 3917 519 3973 Rotbcrti
552 3917 902 3973 adversarius
929 3915 1142 3973 facilius
1172 3926 1413 3974 verteret
1453 3919 1729 3991 clypeum.
1767 3920 1893 3976 Rot-
1996 3925 2146 3979 tibus
2173 3939 2303 3978 vero
2331 3921 2666 3994 quibusque,
2700 3929 2755 3976 et
2782 3928 2933 3977 tanto
2950 3922 3304 3994 stupentibus
3331 3923 3608 3998 prodigio,

273 4011 468 4065 bertus
508 4025 743 4064 cernens
780 4025 1004 4063 manum
1049 4026 1238 4065 secum
1298 4010 1614 4066 dimicantis
1668 4011 1895 4077 nudam,
1998 4020 2372 4088 cognoverant
2401 4012 2546 4067 enim
2571 4027 2668 4082 per
2688 4010 2985 4066 bubulcum
3036 4011 3129 4083 qui
3150 4010 3614 4068 eﬂ‘renatoanimo

278 4102 390 4157 ictu
422 4102 657 4171 repetito
707 4107 820 4156 toto
849 4102 1142 4157 conamine
1184 4119 1304 4158 eam
1361 4103 1654 4174 percussit.
1690 4104 1755 4158 At
1804 4104 1898 4159 ille
2003 4107 2085 4163 cis
2121 4107 2488 4171 intimaverat,
2521 4104 2731 4178 detegit
2769 4105 2901 4175 quid
2933 4104 3149 4171 viderit,
3189 4103 3483 4159 manifeste
3529 4105 3615 4159 vi-

281 4196 493 4251 doloris
538 4195 854 4265 impatiens,
907 4196 1160 4267 clypeum
1223 4198 1463 4253 remisit:
1518 4207 1571 4253 et
1639 4199 1900 4270 quoniam
2005 4200 2267 4257 dentibus
2302 4197 2438 4270 quid
2470 4196 2576 4251 sibi
2599 4195 3282 4267 acciderit.Conjectantes
3312 4196 3495 4267 itaque
3520 4197 3616 4267 qui

286 4303 452 4343 manu
483 4285 770 4340 debilitata
801 4302 910 4357 qua
950 4294 1211 4361 tegumen
1257 4290 1503 4362 regebat,
1536 4306 1644 4361 qua
1676 4296 1790 4345 arte
1844 4306 1906 4345 se
2006 4293 2356 4345 accurrerant
2383 4302 2450 4341 cx
2478 4285 2926 4351 circumstantiis,
2967 4300 3032 4339 ex
3064 4285 3320 4341 monachi
3357 4285 3619 4340 videlicet

286 4386 527 4453 tegeret,
564 4394 675 4433 non
696 4379 961 4446 habebat;
995 4381 1215 4436 assiduo
1245 4382 1488 4437 Rotberti
1518 4382 1749 4437 verbere
1779 4382 1906 4437 fati-
2009 4386 2257 4436 oromatc
2280 4374 2437 4450 [viso]
2467 4384 2521 4429 et
2552 4375 2660 4430 diei
2702 4373 2825 4429 festi
2862 4374 3038 4446 ipsius
3076 4374 3398 4441 violatione,
3426 4389 3621 4429 mona-

288 4476 471 4541 gatus,
522 4470 723 4525 victum
769 4486 829 4525 se
887 4472 1209 4542 proclamat.
1267 4473 1477 4529 Dehinc
1511 4481 1822 4529 exarmatus
1877 4490 1909 4529 a
1928 4504 1985 4573 Β
2010 4470 2237 4525 chorum
2269 4467 2466 4522 ducem
2499 4466 2642 4520 hanc
2671 4464 2937 4519 ultionem
2966 4464 3034 4519 de
3068 4470 3464 4535 praesumptore
3486 4464 3620 4517 tanti

288 4557 521 4625 victore,
578 4573 704 4612 cum
754 4558 1095 4622 lsembardo,
1150 4576 1250 4630 pro
1305 4577 1416 4632 quo
1473 4561 1904 4635 ignominiosum
1928 4554 1981 4573 ν
2011 4558 2269 4615 facinoris
2294 4563 2559 4628 patrasse,
2595 4556 2902 4622 hortantur,
2934 4563 3207 4626 quatenus
3229 4563 3414 4610 votum
3439 4554 3620 4610 eidem

291 4659 572 4710 certamen
632 4650 852 4714 inierat,
903 4648 1164 4705 confusus
1220 4653 1385 4708 rediit
1421 4653 1489 4707 ad
1535 4654 1778 4725 prepria,
1841 4655 1910 4709 de
2012 4654 2153 4709 Patri
2209 4652 2390 4715 faciat,
2436 4666 2495 4705 se
2558 4648 2937 4705 solemnitates
2986 4648 3153 4714 illius,
3214 4666 3324 4722 quo
3360 4649 3628 4705 advixcrit

296 4745 514 4817 reliquo
574 4744 718 4798 haud
760 4742 981 4811 dubius,
1039 4744 1249 4800 Patrem
1304 4746 1659 4802 Benedictum
1701 4764 1913 4820 nequa-
2013 4751 2287 4813 tempore,
2320 4755 2600 4811 nunquam
2634 4744 3051 4804 temeraturum,
3084 4739 3479 4795 monasterium
3507 4740 3628 4809 ejus

297 4852 464 4911 quam
497 4835 613 4890 suis
670 4834 859 4891 defore
891 4835 947 4889 in
993 4835 1240 4891 adversis
1294 4835 1480 4892 rebus.
1526 4838 1649 4894 ilaac
1685 4838 1914 4895 victoria
2015 4835 2340 4910 petiturum,
2374 4830 2868 4905 pmnitentiamque
2894 4830 3323 4887 tanticommissi
3356 4838 3625 4887 acturum.

298 4929 440 4984 facta
498 4935 581 4983 cst
639 4927 1079 4983 Floriacensibus
1135 4944 1246 4985 non
1314 4929 1530 4986 modica
1581 4931 1911 4999 exsultatio;
2015 4928 2258 4984 Vovente
2290 4926 2409 4980 haec
2436 4923 2552 4988 illo,
2584 4928 2639 4977 ct
2666 4920 2924 4977 omnibus
2959 4936 3099 4992 quos
3130 4927 3295 4976 tantae
3325 4922 3401 4976 rei
3435 4929 3631 4993 stupor

299 5021 553 5076 hostibus
582 5036 713 5076 vero
746 5019 982 5075 maxima
1010 5019 1287 5078 confusio.
1321 5021 1489 5078 Porro
1521 5023 1918 5080 demonstravit
2018 5024 2333 5093 inexpertus
2361 5023 2672 5085 attraxerat,
2712 5015 3002 5071 Dominum
3051 5016 3489 5087 omnipotentem
3530 5034 3629 5089 pro

302 5115 463 5171 Pater
513 5121 735 5171 sanctus
792 5117 849 5170 in
893 5115 1000 5171 hoc
1052 5114 1197 5172 facto
1245 5117 1524 5172 neminem
1564 5133 1696 5173 suos
1753 5132 1917 5190 posse
2016 5132 2083 5173 eo
2111 5112 2490 5179 exorantibus,
2522 5111 2850 5181 Patremque
2879 5108 3239 5165 Benedictum
3292 5109 3631 5183 lacrymabili

381 5280 453 5351 (ὅ)
512 5277 743 5352 Yigebat
790 5280 971 5335 adhuc
1014 5280 1218 5337 saeculo
1272 5297 1326 5335 χι
1365 5281 1610 5337 duellum
1644 5283 1700 5337 in
1741 5282 1924 5337 causis
2025 5283 2415 5352 homines,tatn
2439 5277 2632 5331 liberos
2663 5277 3117 5352 quam_seruos,_t'n
3137 5276 3382 5352 omnibus
3411 5276 3636 5352 negotiis

308 5345 728 5426 monachorum,
757 5356 817 5426 ut
846 5358 999 5422 patet
1020 5359 1131 5426 tum
1165 5369 1232 5408 ex
1260 5354 1365 5426 hoc
1395 5354 1536 5426 loco,
1568 5360 1684 5426 tum
1715 5370 1779 5408 ex
1802 5353 1926 5426 aliis
2026 5354 2247 5408 liberam
2278 5351 2512 5426 habeant
2539 5347 2866 5426 testiﬁcandi
2889 5351 2938 5402 et
2969 5347 3207 5426 baltei-udi
3237 5349 3532 5426 licentiam.
3579 5345 3635 5426 Id

319 5421 590 5495 pluribus.
616 5416 1138 5495 Quaedamexempla
1154 5416 1631 5495 profertAndreas
1659 5424 1927 5480 Chesnius
2029 5431 2219 5495 postea
2242 5420 2524 5493 prohibuit
2546 5416 2841 5495 Gregorius
2874 5434 3015 5489 papa
3055 5419 3119 5472 1X
3163 5419 3357 5474 litteris
3391 5416 3533 5473 datis
3567 5416 3636 5469 ad

309 5490 364 5568 in
415 5493 572 5568 notis
599 5493 679 5568 ad
733 5490 1122 5568 bibliothecam
1157 5490 1617 5568 'Cluuiacensem;
1673 5497 1925 5568 quaedam
2026 5490 2282 5568 abbatem
2310 5501 2364 5568 et
2401 5490 2704 5568 monachos
2736 5490 3100 5568 lj‘ossatenses.

315 5564 448 5636 item
486 5563 753 5636 Acherius
777 5572 964 5636 noster
994 5566 1048 5619 in
1071 5567 1217 5621 notis
1247 5568 1314 5621 ad
1346 5554 1926 5623 Guibcrtu'mflttemoo
2100 5567 2175 5636 (6)
2233 5564 2406 5636 Umbo
2447 5563 2659 5636 clypei,
2705 5563 2799 5617 ubi
2843 5576 3037 5636 manus
3071 5560 3420 5636 _insere_nda,
3473 5554 3638 5636 vulgo

309 5635 490 5690 rabile
521 5640 603 5689 est
630 5634 771 5688 hanc
801 5634 856 5688 in
888 5651 999 5689 rem
1028 5637 1271 5703 diploma
1301 5637 1556 5694 Ludovici
1591 5639 1728 5694 sexti
1762 5638 1928 5693 Fran-
2028 5625 2223 5701 boucle,
2256 5635 2405 5690 unde
2435 5625 2874 5690 Gall'ice’nomen
2905 5631 3083 5703 clypei
3126 5632 3375 5695 bouclicr,
3406 5642 3470 5681 ex
3508 5625 3639 5680 Bol-

314 5722 508 5761 corum
528 5705 696 5772 regis,
719 5704 1239 5763 Theobaldoabbati
1260 5707 1567 5765 Fossatensi
1599 5725 1925 5767 concessum
2028 5707 2290 5763 landiana
2330 5705 2641 5762 notatione.

323 5793 474 5834 anno
509 5777 667 5845 1H8,
713 5783 773 5833 ut
800 5777 941 5833 servi
974 5779 1095 5848 ejus
1123 5779 1445 5836 monasterii
1472 5782 1730 5841 adversus
1752 5795 1928 5839 omnes
