3938 6206
414 281 552 337 1199

1422 275 1702 330 RADULFI
1744 274 2056 329 TORTARII
2098 272 2388 328 MONACHI
2433 273 2727 327 FLORIAC.

3610 282 3754 339 1200

408 422 544 463 voce
576 405 827 462 crebrius
860 403 1308 468 inclamantibus,
1331 410 1389 458 ut
1411 403 1615 458 misero
1647 403 2021 465 misereretur,
2052 414 2097 481 Α
2127 402 2273 472 quod
2317 401 2538 471 preprie
2574 402 2679 455 dici
2722 402 3311 460 valeatmisericordize
3341 421 3504 477 opus,
3540 408 3750 463 referse

411 496 663 550 relaxata:
694 501 823 548 sunt
852 509 1049 547 manus
1082 492 1253 559 illius,
1285 499 1339 546 et
1368 492 1537 562 coepit
1574 500 1751 545 astare
1787 492 2015 553 solutus,

411 584 502 655 qui
535 589 659 637 ante
686 582 967 653 paululum
1001 579 1369 635 invisibilibus
1400 579 1530 634 leris
1555 579 1847 633 tenebatur
1867 578 2021 633 astri-

409 683 548 732 ctus.
580 674 854 730 lndicibili
887 688 1018 746 ergo
1045 672 1379 726 exhilaratus
1410 672 1633 743 gaudio,
1655 678 1836 724 votum
1870 670 2016 741 quod

410 770 635 833 fecerat,
686 763 986 819 efﬁcaciter
1013 762 1241 831 implere
1273 760 1500 814 studuit.
1534 760 1663 812 Nam
1712 759 2016 813 Floriacum

408 858 663 922 tendens,
696 853 1048 925 praesentavit
1079 869 1137 906 se
1168 851 1353 904 abbati
1406 850 1642 905 Rainere
1693 852 1788 920 (7),
1843 850 2022 904 fratri-

410 950 625 1019 busque
657 947 712 1000 in
744 946 834 999 die
866 950 1056 1000 octava
1088 942 1335 1011 ejusdem
1368 940 1512 1007 festi,
1546 940 1675 994 dum
1710 940 2020 994 celebrare-

409 1047 496 1094 tur
537 1038 723 1103 missa,
757 1033 1005 1089 referens
1027 1048 1187 1103 quam
1220 1028 1509 1105 magniﬁca
1530 1030 1582 1083 in
1606 1046 1664 1083 se
1691 1030 2021 1084 ostendisset

409 1130 671 1187 Dominus
701 1126 1054 1197 omnipotens
1080 1123 1353 1197 magnalia
1385 1139 1485 1195 per
1512 1122 1595 1177 sui
1629 1121 1811 1175 ﬁdelis
1840 1122 2018 1175 Bene-

406 1223 537 1279 dicti
584 1221 797 1276 merita.
841 1220 905 1273 At
933 1218 1010 1272 illi
1044 1232 1242 1292 magna
1264 1214 1631 1286 tripudiantes
1661 1214 1872 1280 laetitia,
1904 1220 2018 1270 tota

405 1318 589 1375 cordis
641 1313 900 1371 instantia
938 1311 1198 1367 Salvatori
1251 1311 1444 1365 laudes
1483 1310 1845 1381 proclamant,
1895 1326 2013 1363 ma-

404 1429 572 1488 gnum
622 1411 835 1466 Patrem
877 1408 1092 1481 magnis
1130 1407 1459 1463 extollentes
1492 1405 1808 1476 prmceniis,
1850 1406 2012 1477 eique

405 1504 460 1557 in
490 1517 601 1573 quo
623 1505 827 1555 tantum
881 1505 1163 1553 ostensum
1194 1494 1372 1550 fuerat
1402 1495 1749 1562 miraculum,
1773 1494 2012 1548 salubri-

403 1596 509 1650 bus
530 1598 777 1649 correcte
796 1589 1119 1646 verberibus
1145 1587 1427 1643 licentiam
1452 1587 1761 1641 tribuentes
1793 1586 2009 1659 regredi

405 1688 469 1741 ad
495 1684 749 1757 propria:
783 1688 1115 1756 cegneverat
1141 1680 1312 1746 enim,
1344 1695 1693 1751 nequaquam
1726 1679 1808 1732 sui
1832 1694 2013 1732 sacer-

404 1780 549 1835 dotis
585 1776 900 1849 spernenda
944 1774 1049 1829 sibi
1099 1773 1329 1839 monita,
1373 1772 1634 1844 quoniam
1692 1772 1761 1826 de
1815 1771 2013 1825 talibus

403 1869 535 1924 dicit
564 1868 840 1923 Salvator:
875 1866 982 1931 Qui
1011 1880 1102 1918 vos
1130 1865 1356 1933 spernit,
1414 1878 1496 1917 me
1545 1863 1776 1931 spernit,
1817 1864 1865 1914 ct
1917 1862 2013 1930 qui

401 1975 491 2015 eos
518 1958 694 2021 audit,
721 1972 803 2010 mc
840 1956 999 2009 audit
1025 1954 1170 2021 (Luc.
1209 1953 1398 2023 11,16).

475 2050 601 2103 (pr.
636 2048 775 2102 Xlll.
807 2076 876 2085 ——
912 2046 1104 2100 Mulier
1143 2048 1417 2099 contracta
1464 2044 1715 2110 erigitur.
1763 2043 1818 2095 In
1853 2041 2010 2096 terri-

403 2139 543 2195 torio
584 2134 906 2191 Trecassino
955 2133 1232 2204 quoddam
1284 2131 1517 2185 habetur
1554 2130 1818 2201 praedium
1873 2130 2017 2197 juris

403 2228 652 2296 ejusdem
684 2226 856 2280 Patris
886 2239 1055 2294 super
1083 2222 1393 2291 Sequanam
1428 2221 1676 2287 fluvium,
1710 2221 1779 2275 ob
1821 2227 2013 2275 erato-

405 2322 545 2377 rium
588 2319 644 2373 in
704 2318 853 2372 illius
908 2317 1116 2372 honore
1174 2313 1311 2369 inibi
1354 2320 1725 2370 constructum
1782 2314 2016 2369 Sanctus

399 2411 731 2467 Benedictus
759 2423 929 2479 super
953 2405 1263 2477 Sequanam
1295 2411 1670 2475 nuncupatum
1720 2404 1886 2460 Porro
1919 2404 2014 2459 ha-

400 2504 613 2561 bitabat
643 2501 696 2556 in
726 2516 792 2556 eo
812 2499 1038 2565 mulier,
1058 2496 1227 2552 Maria
1252 2497 1499 2566 nomine,
1531 2512 1653 2568 quae
1675 2495 1890 2551 diutino
1917 2496 2011 2550 de-

402 2599 553 2648 tenta
583 2592 846 2663 languore
890 2587 1051 2659 Spina
1088 2586 1236 2642 dorsi
1272 2591 1573 2651 contracta,
1603 2583 1798 2639 effecta
1836 2583 2011 2639 fuerat

397 2699 583 2750 curva,
615 2682 689 2737 ita
727 2686 786 2734 ut
813 2680 964 2734 nullo
996 2686 1157 2749 pacto
1188 2692 1318 2732 suos
1346 2692 1539 2731 versus
1559 2676 1758 2731 coelum
1792 2676 2009 2749 erigere

396 2775 605 2832 valeret
631 2772 833 2827 vultus.
867 2771 989 2825 Haec
1016 2770 1277 2841 indigena
1309 2768 1483 2840 ipsius
1504 2768 1721 2839 praedii,
1750 2768 1817 2822 de
1849 2766 2008 2822 fami-

398 2865 470 2920 lia
508 2860 758 2932 ejusdem
802 2859 974 2913 Patris
1004 2858 1278 2931 originem
1314 2858 1580 2913 trahebat.
1612 2857 1791 2912 Multis
1822 2858 2005 2929 itaque

397 2959 450 3012 in
481 2956 674 3011 eadem
705 2952 966 3008 curvitate
1008 2950 1314 3022 permensis
1348 2950 1557 3016 lustris,
1618 2952 2006 3022 desperaverat

390 3046 500 3116 jam
532 3044 599 3099 de
651 3058 750 3097 sua
792 3041 989 3107 salute,
1034 3056 1382 3112 nequaquam
1432 3026 1643 3095 audens
1665 3040 1904 3112 epinari,
1946 3057 2005 3096 se

394 3133 627 3191 ulterius
656 3146 821 3204 posse
859 3129 1093 3201 subrigi.
1135 3129 1378 3194 Quadam
1409 3145 1538 3202 ergo
1570 3130 1657 3185 die
1697 3131 2004 3199 Dominica,

394 3225 523 3280 dum
558 3224 612 3278 in
666 3223 861 3279 eodem
893 3219 1133 3276 oratorio
1164 3227 1349 3273 astans
1392 3235 1515 3274 cum
1566 3222 1783 3275 caeteris
1820 3222 2002 3277 missae

392 3315 823 3372 celebrationem
840 3311 1478 3385 audiret,legereturque
1501 3312 1877 3383 Evangelium,
1902 3330 2001 3369 no-

393 3405 480 3459 dis
503 3404 677 3475 spina:
722 3402 816 3474 qui
852 3401 947 3455 diu
975 3400 1044 3455 de
1076 3416 1176 3455 suo
1207 3398 1557 3455 desciverant
1588 3402 1707 3457 loco
1760 3402 1816 3456 in
1855 3404 2001 3458 anti-

390 3509 558 3566 quum
591 3489 965 3547 remeantibus
1003 3494 1229 3555 statum,
1255 3488 1419 3544 dorso
1450 3488 1507 3543 in
1537 3490 1847 3545 breviorem
1878 3506 2000 3547 mo-

391 3574 521 3641 dum
552 3590 806 3650 retracto,
859 3590 1164 3653 ventreque
1194 3580 1289 3651 qui
1350 3597 1449 3651 per
1505 3581 1739 3637 multum
1782 3589 2000 3655 tempus

388 3674 723 3732 contractior
750 3672 949 3739 fuerat,
990 3672 1046 3728 in
1077 3671 1296 3746 longius
1324 3670 1562 3741 spatium
1594 3678 1846 3741 extenso,
1888 3688 2001 3729 cec-

390 3770 471 3842 pit
503 3767 686 3823 subito
716 3772 859 3820 stare
890 3770 1094 3831 erecta,
1126 3779 1247 3835 quae
1287 3780 1383 3836 per
1409 3763 1572 3836 longa
1605 3764 1717 3833 jam
1751 3771 2001 3836 tempera

390 3861 767 3918 ambulaverat
798 3873 993 3930 prona.
1052 3858 1351 3929 Stupentes
1395 3872 1590 3913 omnes
1628 3857 1721 3928 qui
1755 3858 2004 3927 aderant,

389 3953 598 4024 quique
629 3966 748 4005 eam
781 3948 850 4003 ab
887 3946 1117 4002 infantia
1141 3955 1428 4013 noverant,
1463 3954 1518 4001 et
1558 3945 1736 4016 ipsius
1766 3945 2002 4001 inﬁrmi-

389 4045 520 4100 tatis
572 4040 781 4099 conscii
845 4039 1086 4106 fuerant,
1128 4045 1235 4094 tam
1288 4039 1628 4108 insperatum
1672 4039 2002 4110 remedium,

2037 1724 2088 1792 B

2124 490 2354 564 dignum
2405 491 2682 556 duximus,
2716 498 2823 547 tam
2859 509 2958 563 pro
2984 493 3071 547 sui
3129 493 3422 567 dignitate,
3446 512 3614 568 quam
3649 513 3750 568 pro

2121 596 2363 652 congrue
2390 582 2659 637 sumenda
2690 582 2997 639 imitatione
3023 583 3191 639 simili
3206 585 3353 654 jure,
3376 586 3422 641 si
3442 587 3748 660 aliquando

2123 668 2289 723 fuerit
2328 687 2594 725 necesse:
2638 678 2691 726 et
2739 678 2798 725 ut
2838 672 3041 726 clarius
3081 673 3289 744 liqueat
3329 675 3422 747 pia
3460 676 3745 733 miseratio

2124 759 2294 814 Patris
2328 763 2629 826 Benedicti,
2664 780 2826 835 quam
2860 765 3193 835 propensius
3219 766 3494 837 impendit
3518 769 3624 836 eis,
3649 770 3744 841 qui

2124 849 2226 904 levi
2270 851 2470 906 Christi
2498 853 2634 925 jugo
2676 869 2775 908 sua
2814 853 3056 910 subdere
3085 855 3349 912 festinant
3387 859 3552 921 cella,
3598 860 3745 915 illius

2123 940 2400 1010 provocati
2434 941 2769 1013 magisterio.
2806 942 3035 1006 Quidam
3085 960 3218 1021 ergo
3269 955 3474 1003 nostrae
3502 965 3745 1022 congre-

2120 1031 2357 1101 gationis
2385 1033 2689 1088 monachus
2737 1034 3077 1091 llumbaldus
3112 1037 3423 1107 dicebatur,
3455 1042 3549 1113 qui
3580 1047 3744 1097 aetate

2119 1126 2355 1194 juvenis,
2381 1127 2509 1182 dum
2539 1128 2593 1182 in
2613 1128 2728 1183 suis
2754 1127 2971 1184 actibus
2998 1140 3259 1188 strenuus
3281 1134 3583 1201 videretur,
3610 1153 3747 1208 qua-

2120 1217 2372 1272 rumdam
2415 1220 2826 1289 possessionum
2867 1220 3197 1276 Fleriaeensi
3239 1223 3360 1279 loco
3388 1225 3738 1281 subditarum

2117 1306 2349 1377 adeptus
2378 1314 2460 1363 est
2488 1308 2736 1364 tutelam.
2773 1309 3187 1366 Almeri-Curtis
3225 1312 3506 1382 videlicet,
3550 1332 3616 1372 ac
3647 1334 3743 1372 ea-

2117 1415 2232 1453 rum
2267 1417 2388 1471 quae
2418 1401 2466 1455 ei
2500 1402 2789 1471 subjacent
2835 1401 3046 1466 Quibus
3076 1419 3196 1459 cum
3224 1405 3342 1461 fere
3371 1408 3534 1463 annis
3562 1411 3738 1466 tribus

2115 1492 2467 1562 perdurasset
2490 1495 2818 1565 praepositus
2848 1496 2941 1565 (8),
2962 1496 3236 1568 disposuit
3257 1499 3557 1571 aliquando
3579 1519 3735 1559 more

2113 1580 2276 1636 solito
2301 1581 2605 1637 Floriacum
2628 1583 2890 1651 revisere,
2915 1585 3160 1656 gestiens
3189 1602 3374 1656 nosse,
3397 1597 3586 1645 utrum
3610 1609 3734 1649 om-

2115 1674 2202 1728 nia
2224 1675 2371 1745 apud
2394 1691 2522 1731 suos
2554 1676 2812 1731 concives
2841 1686 3138 1751 agerentur
3164 1695 3452 1751 prospere.
3482 1682 3731 1755 C(eptum

2116 1764 2296 1835 itaque
2329 1767 2432 1820 iter
2459 1782 2651 1840 agens,
2684 1766 2915 1839 contigit
2957 1766 3136 1838 ipsum
3171 1768 3227 1823 in
3257 1770 3346 1825 via
3372 1774 3619 1846 graviter
3649 1777 3733 1831 in-

2114 1852 2316 1908 ﬁrmari
2342 1870 2358 1922 ;
2390 1855 2487 1909 sed
2516 1854 2831 1910 nullatenus
2861 1856 3130 1911 molestiae
3166 1858 3395 1927 cedens,
3426 1860 3556 1917 licet
3586 1881 3730 1935 quo-

2114 1942 2245 1997 tidie
2294 1943 2528 2018 languor
2576 1946 3005 2018 ingravesceret,
3065 1949 3287 2003 tandem
3340 1952 3729 2021 moribundus,

2113 2030 2287 2086 nimie
2317 2032 2481 2087 taedio
2514 2032 2740 2104 fatigata
2779 2032 3024 2088 Fleriaco
3055 2035 3141 2089 sui
3190 2052 3419 2109 compos
3467 2041 3730 2100 desiderii

2118 2121 2579 2179 intulitmembra.
2610 2123 2711 2178 Ubi
2735 2124 2864 2178 dum
2897 2126 3093 2182 morbo
3125 2128 3423 2186 confractis
3440 2133 3658 2191 viribus
3680 2137 3733 2191 in

2114 2218 2256 2273 lecte
2287 2218 2669 2286 deeumberet,
2712 2219 2963 2276 visitatus
2987 2237 3019 2275 a
3050 2221 3330 2293 fratribus,
3380 2227 3732 2299 admonetur,

2114 2317 2391 2381 quatenus
2419 2311 2501 2365 sui
2542 2328 2755 2367 memor
2784 2311 2841 2365 in
2874 2314 3157 2383 extremis,
3184 2316 3368 2373 abbati
3405 2336 3507 2376 seu
3535 2324 3623 2377 cui
3657 2324 3730 2378 li-

2116 2400 2271 2455 beret
2318 2401 2596 2456 senierum
2657 2401 2880 2473 prepria
2936 2402 3294 2460 conﬁteretur
3337 2419 3589 2480 peccata.
3632 2413 3731 2478 Qui

2113 2495 2390 2550 cervinam
2420 2495 2706 2551 mmulatus
2734 2512 2947 2564 vocem,
2979 2500 3149 2572 cmpit
3170 2504 3496 2573 promittere
3530 2507 3587 2561 in
3616 2524 3734 2564 cra-

2111 2588 2316 2643 stinum
2344 2604 2402 2642 se
2426 2589 2575 2659 quod
2599 2590 2929 2647 monebatur
2947 2578 3215 2651 acturum.
3250 2596 3415 2652 Miror
3441 2598 3731 2667 nimirum,

2112 2690 2234 2745 qua}
2266 2675 2470 2732 oblivio
2502 2677 2647 2732 illius
2694 2678 2975 2738 insederat
3002 2684 3197 2751 menti,
3229 2701 3351 2740 cum
3398 2686 3451 2741 id
3486 2690 3728 2745 maxime

2111 2765 2354 2820 studium
2405 2767 2557 2821 omni
2616 2767 2731 2824 fere
2789 2769 2989 2826 debeat
3037 2770 3366 2841 Christiano,
3415 2781 3725 2847 prtesertim

2109 2863 2404 2929 monacho,
2442 2861 2485 2916 si
2514 2865 2845 2933 peccaverit,
2870 2867 3016 2937 quod
3057 2868 3357 2925 humanum
3378 2878 3485 2938 est,
3528 2880 3591 2928 ut
3615 2880 3724 2929 sta-

2109 2952 2206 3006 tim
2220 2961 2400 3007 currat
2428 2952 2497 3006 ad
2528 2953 2822 3021 medelam,
2856 2954 3171 3013 conﬁtendo
3191 2960 3406 3015 scilicet
3434 2964 3720 3033 preprium

2109 3044 2273 3099 alicui
2301 3044 2563 3119 religiose
2596 3047 2973 3102 commissum.
3012 3050 3162 3114 Quod
3204 3051 3249 3105 si
3289 3051 3455 3107 etiam
3483 3070 3517 3108 a
3555 3056 3730 3110 noxiis

2107 3134 2433 3190 criminibus
2464 3135 2869 3207 Omnipotentis
2909 3154 3138 3194 munere
3184 3140 3452 3197 immunis
3476 3144 3727 3211 habetur,

2108 3226 2433 3280 humilitatis
2461 3234 2643 3281 tamen
2677 3235 2762 3282 est
2802 3228 3072 3296 custodia,
3108 3246 3262 3285 reum
3306 3247 3434 3288 sese
3477 3235 3727 3302 credere,

2106 3321 2162 3369 et
2187 3314 2436 3369 conﬁteri
2469 3316 2619 3370 omni
2654 3317 2786 3372 hora
2814 3318 2970 3387 juxta
3001 3317 3141 3393 legis
3170 3335 3284 3375 suae
3314 3322 3533 3377 sancita
3581 3326 3725 3393 (Reg.

2105 3402 2158 3457 S.
2187 3403 2395 3457 Bened.
2426 3419 2548 3474 cap.
2584 3404 2672 3475 4):
2708 3411 2838 3460 tunc
2868 3422 2997 3462 vero
3042 3409 3342 3481 praecipue,
3370 3426 3496 3466 cum
3537 3413 3725 3483 pulsa-

2105 3499 2192 3547 tur
2230 3493 2315 3548 vel
2344 3492 2563 3548 modica
2590 3494 2864 3563 molestia,
2897 3503 3173 3568 quatenus
3211 3514 3438 3570 semper
3466 3500 3541 3556 de
3569 3518 3629 3556 se
3650 3519 3728 3557 se-

2102 3582 2287 3637 curior
2312 3581 2529 3637 existat.
2564 3583 2613 3636 ls
2649 3597 2804 3655 ergo,
2836 3582 2907 3639 de
2954 3601 3063 3657 quo
3106 3586 3293 3643 dicere
3349 3604 3719 3661 cmperamus,

2102 3678 2359 3747 aegrotus,
2388 3687 2420 3725 a
2466 3671 2583 3726 suis
2612 3672 2776 3727 etiam
2810 3673 3019 3729 intimis
3071 3675 3270 3732 iterum
3304 3684 3473 3750 atque
3527 3680 3715 3735 iterum

2101 3761 2169 3816 de
2215 3761 2412 3816 eodem
2457 3759 2706 3831 pulsatus
2743 3762 2965 3826 amicis,
3004 3779 3125 3819 cras
3159 3780 3385 3838 semper
3413 3767 3716 3824 differendo

2107 3851 2252 3906 sicut
2305 3858 2359 3906 et
2386 3849 2602 3905 caeteris
2633 3851 3006 3922 promittebat.
3046 3852 3236 3926 Neque
3266 3855 3458 3928 aliquo
3490 3859 3560 3913 ab
3608 3858 3716 3929 ipso

2107 3942 2284 4013 potuit
2335 3942 2653 4014 extorqueri
2700 3952 2881 4014 pacto,
2915 3943 3282 4002 confessionis
3331 3952 3586 4007 remedia
3621 3953 3715 4008 sibi

2104 4033 2244 4089 velle
2267 4032 2556 4088 adhibere.
2594 4034 2704 4090 Hoc
2734 4035 2926 4090 tandiu
2967 4037 3279 4109 respondit,
3318 4040 3502 4098 donec
3530 4045 3717 4099 amissa

389 4136 600 4208 palmas
644 4131 712 4186 ad
742 4129 942 4186 cmlum
984 4127 1238 4193 tendunt,
1272 4142 1549 4181 summum
1604 4125 1861 4196 opiﬁcem
1903 4144 2002 4198 per
2095 4140 2227 4181 voce
2271 4125 2521 4197 protinus
2569 4125 2721 4198 loqui
2762 4127 2991 4182 destitit.
3054 4127 3473 4201 Comperientes
3526 4135 3718 4191 deinde

387 4234 635 4285 sanctum
667 4223 1025 4280 Benedictum
1058 4221 1369 4287 laudantes,
1400 4220 1494 4291 qui
1541 4237 1696 4275 suum
1731 4222 1993 4276 auxilium
2089 4230 2287 4296 fratres
2318 4220 2501 4292 ipsum
2527 4221 2895 4292 obmutuisse,
2930 4225 3269 4295 consternati
3301 4227 3516 4298 animo,
3567 4231 3717 4304 igua-

387 4320 507 4388 ejus
532 4315 859 4388 impendere
888 4313 1148 4385 dignatur
1164 4309 1601 4368 veneratoribus.
1622 4310 1813 4365 Mulier
1841 4311 2004 4367 dem-
2104 4314 2299 4370 rabant
2319 4330 2428 4386 quo
2443 4331 2503 4369 se
2532 4321 2829 4381 verterent,
2866 4323 3183 4373 metuentes
3206 4317 3392 4375 fratris
3421 4321 3575 4377 illius
3589 4339 3715 4379 ωη-

388 4423 495 4480 que
525 4406 620 4461 illa
642 4403 813 4459 multa
837 4402 999 4457 laude
1047 4400 1301 4455 meritum
1334 4399 1585 4468 ejusdem
1617 4399 1874 4455 attollens
1901 4401 2003 4455 Pa-
2025 4391 2084 4461 D
2105 4402 2392 4458 scientiam
2436 4403 2669 4472 alicujus
2707 4402 2930 4459 maximi
2982 4403 3247 4461 facinoris
3281 4409 3502 4465 macula
3544 4412 3712 4483 pellu-

387 4501 511 4569 tris,
563 4499 620 4553 in
656 4512 723 4552 ea
772 4511 935 4567 quam
986 4499 1293 4563 receperat,
1340 4490 1579 4547 sanitate
1630 4493 2003 4563 perseveravit
2101 4494 2406 4567 tam,quod
2441 4511 2547 4550 nec
2577 4494 2634 4549 in
2661 4496 2923 4551 extremis
2945 4513 3110 4553 ausus
3136 4496 3305 4554 fuerit
3346 4502 3712 4559 manifestare.

387 4608 565 4666 usque
604 4588 673 4645 ad
711 4602 827 4644 sum
857 4585 1149 4642 terminum
1181 4583 1329 4640 vitae.
2101 4586 2240 4642 Mota
2264 4600 2395 4660 ergo
2450 4584 2505 4638 in
2536 4585 2777 4656 capitulo
2815 4586 3144 4657 quaestione,
3186 4588 3320 4659 quid
3371 4591 3459 4663 agi
3490 4592 3710 4648 deberet

459 4683 588 4738 (ΞΜ).
616 4679 747 4735 XIV.
789 4710 859 4720 —
888 4678 1144 4734 Monacho
1174 4676 1383 4747 loquela
1436 4676 1655 4732 reddita
1694 4678 1768 4732 ad
1796 4680 1998 4747 confes-
2102 4691 2273 4746 super
2302 4675 2404 4730 hac
2451 4690 2530 4742 re,
2563 4673 2988 4730 formidantibus
3017 4675 3280 4731 omnibus
3328 4678 3401 4733 de
3445 4678 3627 4736 fratris
3654 4682 3713 4737 il-

384 4780 604 4832 st’encm.
637 4774 922 4843 Praepositi
957 4773 1217 4840 ofﬁcium.
1271 4768 1563 4836 Confessio,
1592 4772 1755 4825 etiam
1803 4774 1997 4826 venia-
2101 4771 2211 4825 lius
2235 4770 2435 4839 salute,
2468 4785 2612 4825 unus
2637 4784 2828 4825 eorum
2869 4770 3103 4826 nomine
3130 4771 3476 4830 Gauzbertus
3515 4778 3608 4847 (9),
3640 4779 3715 4833 vir

383 4866 533 4920 lium.
563 4862 922 4930 Coufessienis
971 4860 1160 4915 dilata
1176 4876 1355 4932 pama.
1398 4862 1670 4932 Optimum
1693 4865 1997 4919 consilium.
2102 4861 2410 4931 timoratus,
2438 4860 2535 4933 qui
2585 4861 2750 4916 etiam
2794 4861 3010 4918 abbatis
3045 4861 3229 4921 efﬁcio
3256 4863 3485 4921 functus
3524 4866 3712 4936 fuerat,

388 4955 684 5010 Viaticum.
717 4951 843 5007 Cum
873 4950 983 5006 sint
1014 4950 1227 5021 reliqua
1275 4966 1398 5022 quae
1428 4951 1723 5006 scribimus
1777 4952 2001 5007 miseri-
2102 4954 2199 5009 sed
2232 4954 2336 5009 sibi
2366 4952 2742 5022 subjecterum
2796 4968 2980 5009 mores
3030 4970 3387 5028 nequaquam
3421 4944 3712 5015 emendare

382 5047 585 5103 cordite
610 5060 800 5117 Opera,
860 5060 959 5116 per
988 5044 1199 5099 Patrem
1252 5042 1608 5099 Benedictum
1642 5043 1710 5099 ab
1742 5045 1999 5116 omnipe-
2098 5046 2305 5115 valens,
2348 5045 2675 5102 renuntians
2716 5045 2928 5100 nomini
2968 5047 3118 5118 quod
3162 5047 3443 5105 incassum
3472 5052 3709 5120 tenebat,

381 5140 534 5194 tente
557 5136 789 5193 Domino
818 5134 1253 5193 misericorditer
1282 5135 1555 5208 impensa,
1600 5152 1771 5191 unum
1812 5143 1996 5193 tamen
2099 5136 2403 5193 Floriacum
2442 5150 2631 5191 amore
2655 5135 2830 5190 Patris
2854 5135 3140 5193 Benedicti
3172 5139 3508 5209 expetierat,
3541 5142 3708 5197 taliter

2166 5296 2236 5367 (9)
2268 5296 2604 5352 Gaurbertus
2631 5295 2687 5351 in
2711 5295 2899 5365 editis,
2917 5298 3207 5355 mendose.
3246 5299 3296 5353 Is
3318 5297 3495 5355 abbas
3524 5299 3702 5363 fuerat,

2094 5368 2150 5423 ni
2192 5368 2371 5436 fallor,
2413 5368 2798 5440 Ferrariensis,
2828 5369 2987 5440 cujus
3033 5369 3242 5426 mentio
3284 5371 3342 5425 in
3377 5371 3500 5426 Vita
3542 5373 3700 5427 sancti

2095 5440 2293 5513 Aldrici
2333 5439 2580 5513 episcopi
2636 5439 3000 5513 Senenensis,
3047 5458 3236 5513 supra.
3292 5443 3349 5496 ω
3398 5444 3446 5497 si
3504 5444 3576 5498 ita
3612 5449 3699 5505 est,

2091 5512 2256 5594 longe
2280 5511 2710 5594 extra‘ordine‘m
2743 5512 2955 5594 positus
2986 5521 3070 5569 est
3097 5511 3153 5567 in
3181 5513 3371 5594 editis,
3404 5515 3499 5594 ubi
3529 5521 3699 5569 sextus

2091 5583 2342 5656 decimus
2357 5583 2612 5656 habetur.
2629 5584 2919 5656 _$ane_cjus
2939 5590 3188 5656 tempore
3208 5585 3450 5641 maxime
3481 5586 3694 5641 laxatam

2092 5653 2261 5729 fuisse
2279 5654 2584 5729 regularem
2608 5653 3159 5729 disciplinam,patet
3184 5671 3252 5711 ex
3282 5658 3551 5729 praedicta
3575 5657 3695 5713 Vita.

2091 5725 2245 5791 Quod
2275 5725 2408 5782 satis
2428 5725 2687 5782 convenit
2715 5726 2772 5781 in
2806 5725 2956 5783 hunc
2986 5725 3190 5786 locum.

368 5308 404 5371 '_
441 5293 521 5371 _(7)
540 5291 811 5348 Rainerus
831 5293 1002 5350 abbas
1020 5293 1365 5371 coronatieni
1387 5293 1628 5366 Philippi
1653 5295 1800 5371 regis
1822 5296 1991 5353 inter-

379 5362 546 5420 fuisse
576 5372 913 5420 memeratur
942 5382 1088 5421 anno
1122 5366 1274 5422 1059.

447 5438 519 5507 (8)
556 5434 931 5512 Praepositum
970 5438 1243 5512 siquidem
1292 5437 1503 5512 eopﬁne
1540 5438 1806 5512 instituta)
1837 5448 1989 5508 sunt,

375 5509 791 5582 utprmpesitus
815 5523 923 5562 uno
953 5509 1236 5582 autaltere
1258 5510 1410 5582 socio
1440 5510 1692 5566 adhibito
1720 5513 1987 5582 praedium

375 5576 601 5648 aliquod
634 5585 975 5648 procuraret,
997 5578 1077 5632 uti
1105 5579 1243 5634 alias
1274 5581 1571 5637 dicendum
1602 5576 1848 5648 uberius,
1881 5585 1990 5641 Deo

378 5642 797 5727 danteJ'nterim
823 5646 941 5725 lege
964 5642 1211 5727 Brew_eri
1248 5652 1446 5708 librum
1477 5653 1713 5724 primum
1742 5642 1991 5727 Antiqui-

379 5717 549 5768 tatum
581 5710 934 5771 Fuldensium
961 5731 1084 5787 cap.
1117 5718 1169 5772 7.

3817 5800 3819 5883 l
