3938 6206
354 273 491 330 1203

1368 270 1647 329 RADULFI
1689 270 1995 326 TORTARII
2037 270 2329 326 MONACHI
2372 268 2671 327 FLORIAC.

3545 268 3695 324 12οι

354 413 452 451 sua
490 396 675 452 domo.
721 395 842 450 Erat
901 401 1083 449 autem
1144 396 1261 465 ipsa
1315 394 1512 450 domus
1560 396 1742 466 lignea
1780 397 1965 461 turris,
1996 401 2042 468 Α
2072 397 2362 452 ecclesiam
2395 397 2448 451 in
2472 398 2666 452 eodem
2699 397 2822 453 loco
2849 403 3219 453 constructam
3250 397 3574 471 confugium
3612 398 3698 453 fe-

356 486 565 556 quippe
610 485 692 540 vir
722 492 921 555 potens
966 493 1099 546 erat,
1158 499 1223 538 ex
1282 483 1650 539 nobilioribus
1691 485 1968 558 indigenis

356 575 606 643 ejusdem
645 574 807 629 castri
862 574 1021 641 cujus
1074 573 1249 629 fuerat
1299 581 1353 628 et
1415 574 1718 629 Albericus.
1784 574 1969 629 Turris

357 682 487 737 ergo
518 666 611 720 illa
633 666 686 719 in
711 665 1093 741 superioribus
1118 666 1233 720 suis
1274 666 1539 720 solarium
1571 667 1676 732 (t4)
1711 666 1967 730 habebat,

358 755 453 808 ubi
484 754 629 809 idem
664 754 939 827 Seguinus
961 770 1083 809 cum
1134 770 1233 808 sua
1263 754 1520 807 manebat
1547 753 1774 818 familia,
1807 755 1978 809 collo-

358 846 654 917 quebatur,
728 846 1142 911 convivabatur,
1197 855 1251 899 et
1322 846 1575 899 noctibus
1631 845 1973 915 quiescebat.

360 935 530 990 Porro
585 934 642 987 in
683 934 801 1002 ejus
834 933 1193 988 inferioribus
1232 933 1539 989 habebatur
1577 934 1858 989 cellarium
1891 936 1975 988 di-

361 1025 507 1081 versi
532 1026 754 1098 generis
800 1026 1042 1080 retinens
1071 1026 1390 1095 apothecas,
1450 1026 1516 1079 ad
1563 1026 1880 1095 recipienda
1917 1034 1971 1081 et

362 1121 743 1175 conservanda
772 1119 997 1173 humani
1040 1120 1217 1175 victus
1252 1120 1565 1175 necessaria
1597 1121 1842 1175 idoneas.
1873 1122 1971 1177 So-

364 1209 481 1263 larii
514 1224 640 1263 vero
689 1208 1088 1279 pavimentum,
1142 1219 1203 1263 ut
1250 1209 1419 1264 moris
1471 1220 1574 1274 est,
1624 1217 1970 1281 compactum

363 1308 480 1351 erat
511 1296 830 1351 dolatilibus
873 1296 1191 1365 trabcculis,
1223 1314 1346 1369 qua:
1385 1315 1576 1368 parum
1608 1298 1831 1369 quidem
1886 1300 1975 1354 ha-

364 1388 568 1441 bebant
618 1387 1016 1457 spissitudinis,
1093 1389 1193 1443 sed
1250 1389 1591 1461 aliquantum
1645 1390 1972 1457 latitudinis,

366 1474 660 1545 plurimum
691 1482 872 1529 autem
916 1476 1300 1550 longitudinis.
1353 1479 1600 1550 Denique
1630 1479 1686 1533 in
1732 1480 1836 1535 hoc
1880 1496 1971 1535 so-

365 1568 501 1621 lario
524 1567 617 1638 qui
653 1566 805 1620 missi
838 1566 1075 1635 fuerant,
1108 1570 1427 1639 praedictum
1448 1570 1622 1625 virum
1655 1572 1967 1641 reperiunt;

365 1658 609 1729 quicum
643 1659 1061 1728 convenientes,
1093 1677 1214 1731 quae
1248 1662 1492 1733 injuncta
1523 1662 1737 1717 fuerant
1766 1664 1970 1718 mitiori

2069 487 2225 541 cerit.
2286 486 2516 560 Fugitivi
2573 486 2840 557 denique,
2904 486 3222 553 homicida»,
3264 495 3321 540 ct
3371 486 3699 558 quicunque

2068 575 2251 646 aliqua
2280 575 2387 630 alia
2404 582 2589 630 reatus
2627 576 2713 630 sui
2750 575 3026 630 anxietate
3067 583 3301 650 cogente
3333 576 3398 629 ad
3429 577 3692 631 eumdem

2071 662 2425 735 confugerint
2457 665 2657 729 locum,
2680 663 2955 717 immunes
2972 664 3236 729 existunt,
3269 663 3521 735 Quandiu
3553 663 3697 718 infra

2078 756 2379 812 coemctcrii
2406 756 2671 810 terminos
2701 756 2834 810 sedc
2855 756 3249 812 continuerint.
3282 757 3454 811 Nemo
3485 757 3697 828 aliquid

2077 848 2266 915 furari,
2315 864 2411 903 seu
2442 848 2682 920 aliquam
2727 847 2973 903 fraudem
3019 850 3087 903 de
3125 848 3370 920 qualibet
3416 865 3473 903 re
3530 848 3697 903 alicui

2079 937 2256 991 facere
2288 937 2341 990 in
2374 935 2567 991 eodem
2596 936 2762 991 audet
2793 938 2952 993 atrio.
2997 937 3237 1012 Contigit
3273 953 3407 1010 ergo
3435 938 3527 992 die
3558 955 3698 1009 qua-

2077 1026 2223 1091 dam,
2263 1032 2555 1080 venatores
2584 1025 2837 1079 Adelardi
2878 1027 3164 1097 cujusdam
3198 1027 3404 1082 nobilis
3447 1027 3574 1093 viri,
3608 1028 3702 1081 ad-

2073 1117 2251 1172 vocati
2281 1116 2540 1171 videlicet
2572 1116 2718 1170 illius
2748 1118 2963 1188 prwdii,
2994 1127 3195 1172 venatu
3238 1119 3561 1183 redeuntes,
3587 1118 3698 1172 fes-

2075 1223 2167 1263 sos
2207 1206 2411 1260 ibidem
2457 1221 2581 1260 cum
2641 1205 2755 1260 suis
2808 1206 3081 1261 resedisse
3119 1206 3377 1262 canibus.
3448 1206 3699 1278 Cumque

2078 1313 2188 1351 non
2220 1295 2491 1350 haberent
2522 1296 2670 1349 unde
2701 1296 2816 1350 suis
2835 1302 3050 1367 pastum
3080 1297 3316 1352 canibus
3345 1297 3700 1364 exbibcrent,

2077 1388 2480 1461 querimoniam
2522 1403 2676 1442 suam
2736 1388 2803 1442 ad
2845 1388 2992 1443 Isaac
3038 1388 3334 1459 quemdam
3367 1389 3699 1460 prudentem

2078 1480 2320 1535 referunt
2354 1481 2550 1547 virum,
2585 1496 2748 1551 quem
2778 1480 2975 1535 fratres
3017 1481 3389 1536 Floriaccnses
3421 1481 3528 1551 ipsi
3563 1497 3703 1551 prte-

2073 1575 2318 1629 feccrant
2378 1574 2742 1645 possessioni.
2796 1575 2895 1639 Qui
2954 1575 3083 1629 dum
3143 1590 3201 1629 se
3257 1575 3515 1649 ignorare
3571 1574 3703 1646 quid

2073 1682 2235 1739 agere
2270 1664 2540 1731 valerent,
2576 1665 2974 1735 respondisset,
3024 1665 3282 1735 inquiunt
3340 1664 3441 1730 illi,
3494 1665 3565 1718 de
3595 1680 3701 1717 an-

364 1762 619 1802 sermonc
662 1748 712 1801 ei
752 1757 1041 1818 coeperunt
1092 1765 1401 1804 recensere.
1457 1752 1520 1805 At
1576 1750 1668 1805 ille
1724 1752 1809 1806 his
1849 1768 1971 1822 qum
2004 1731 2050 1796 Β
2076 1731 2219 1808 nona
2259 1754 2434 1807 Patris
2476 1753 2782 1817 Benedicti,
2825 1768 2947 1823 quae
2981 1752 3035 1806 in
3073 1752 3270 1807 eodem
3318 1752 3708 1806 reservabatur

367 1839 792 1905 mandabantur,
816 1840 1044 1895 minimc
1065 1841 1318 1908 intendit,
1345 1842 1443 1895 sed
1475 1840 1736 1898 efferatus
1765 1844 1976 1910 animo,

367 1946 464 1986 ore
498 1931 787 2000 respondit
813 1930 1136 1998 furibundo,
1192 1932 1451 2004 inquiens
1479 1948 1603 1987 cum
1638 1933 1980 1988 terribilibus

361 2018 691 2089 juramentis
729 2018 868 2073 velle
892 2035 952 2073 se
1006 2019 1264 2087 injecisse
1294 2022 1628 2077 monasterio
1653 2021 1837 2076 Sancti
1870 2022 1978 2075 Bc-

371 2106 578 2161 nedicti
618 2113 885 2161 tantarum
947 2108 1140 2164 virium
1201 2109 1409 2184 ignem,
1468 2110 1562 2181 qui
1619 2118 1796 2165 turres
1864 2111 1985 2178 ejus

370 2195 720 2251 combureret
749 2204 803 2251 ct
846 2214 1096 2269 quasque
1123 2198 1173 2253 ei
1220 2199 1508 2273 contiguas
1538 2200 1688 2254 aedes
1719 2200 1986 2269 depasce-

374 2293 543 2341 retur.
576 2285 700 2341 Haec
750 2286 1080 2357 loquebatur
1116 2294 1266 2342 stans
1321 2288 1376 2342 in
1416 2305 1631 2344 summo
1673 2290 1837 2343 unius
1869 2297 1983 2344 tra-

373 2378 602 2443 beculze,
667 2378 891 2449 quibus,
937 2386 995 2433 ut
1054 2379 1312 2449 diximus,
1363 2381 1549 2436 solarii
1608 2382 1982 2452 pavimentum

374 2474 645 2530 consistit.
702 2474 833 2538 Quae
872 2475 960 2530 vix
1000 2483 1271 2531 venenato
1328 2482 1648 2530 cvomuerat
1686 2490 1802 2538 ore,
1857 2490 1980 2528 cum

377 2566 691 2632 trabcculae,
718 2568 804 2619 cui
833 2565 1070 2636 pedibus
1092 2564 1400 2631 insistebat,
1422 2572 1587 2634 caput
1618 2564 1747 2629 ruit,
1773 2563 1988 2618 sublata

376 2660 432 2714 in
465 2660 634 2713 altum
660 2659 831 2713 altera
860 2657 981 2725 ejus
1008 2656 1387 2711 extremitate:
1423 2655 1517 2711 ille
1548 2671 1678 2711 vero
1728 2656 1985 2710 deorsum

376 2756 556 2826 capite
581 2768 865 2815 corruens,
914 2752 1005 2808 tali
1046 2752 1232 2822 lapsus
1270 2758 1354 2806 est
1410 2767 1541 2806 casu
1574 2759 1632 2806 ut
1673 2761 1841 2823 caput
1870 2752 1991 2819 ejus

376 2850 520 2904 inter
549 2849 686 2902 duas
715 2862 868 2901 arcas
910 2860 1033 2916 qua:
1063 2844 1119 2897 in
1149 2844 1372 2899 cellario
1420 2843 1586 2915 (quod
1636 2843 1869 2898 subesse
1899 2860 1991 2899 so-

377 2944 512 2999 lario
543 2943 800 3011 diximus)
847 2947 1024 3005 erant,
1067 2938 1392 3011 inﬁgeretur
1423 2938 1595 2993 instar
1643 2939 1806 2993 cunei
1837 2939 1989 3012 ligno

379 3037 624 3110 impacti,
654 3036 870 3107 reliquo
909 3047 1139 3102 corpore
1178 3048 1350 3102 super
1381 3048 1544 3085 unam
1603 3048 1790 3108 earum
1831 3048 1988 3086 arca-

378 3148 497 3186 rum
533 3130 758 3198 rejecto.
802 3126 962 3180 Facto
1019 3124 1281 3189 clamore,
1315 3122 1503 3177 famuli
1545 3123 1744 3177 domus
1786 3124 1838 3177 in
1871 3124 1988 3177 cel-

375 3219 574 3273 larium
604 3222 800 3280 ruunt;
832 3213 1115 3284 reperiunt
1143 3219 1325 3267 autem
1354 3213 1636 3267 dominum
1661 3228 1818 3266 suum
1852 3229 1989 3267 con-

377 3310 563 3365 fractis
600 3306 908 3363 cervicibus
941 3305 1180 3359 animam
1222 3304 1527 3359 exhalasse.
1585 3305 1754 3368 Quem
1796 3320 1991 3376 repor-

378 3410 557 3457 tantes
612 3400 680 3454 ad
712 3398 1019 3469 superiora,
1053 3412 1150 3468 pro
1182 3397 1304 3468 ejus
1345 3405 1518 3451 morte
1565 3396 1745 3451 subita
1770 3397 1992 3451 amaris.

380 3492 548 3546 simas
602 3488 909 3543 fundebant
958 3486 1245 3557 lacrymas.
1304 3486 1415 3540 Hoc
1461 3485 1607 3540 exitu
1653 3486 1990 3540 obstructum

381 3587 465 3635 cst
510 3596 573 3636 os
609 3578 888 3650 loquentis
936 3577 1127 3648 iniqua
1180 3578 1348 3642 (Psal.
1398 3593 1525 3641 Lxu,
1565 3577 1672 3642 12',
1732 3584 1994 3631 renovata

382 3678 465 3724 est
492 3670 545 3724 in
577 3671 680 3725 hoc
719 3667 929 3739 perfido
959 3668 1183 3738 antiqua
1213 3667 1462 3735 ejusdem
1505 3667 1679 3722 Patris
1728 3668 1991 3738 potentia,

382 3766 513 3820 dum
541 3771 831 3819 corruente
872 3761 1149 3818 Florentio
1192 3768 1304 3816 tota
1333 3762 1530 3816 domus
1561 3760 1768 3816 fabrica
1796 3763 1995 3818 mansit

384 3861 575 3926 illaesa,
604 3864 804 3929 praeter
832 3856 1119 3918 solarium,
1167 3854 1255 3908 cui
1296 3854 1442 3909 idem
1497 3853 1807 3909 Florentius
1859 3854 1992 3909 insi-

382 3957 561 4013 stebat
591 3955 780 4023 (Gneo.
818 3952 914 4006 lib.
962 3953 1174 4020 ltjDial.
1226 3966 1274 4005 c.
1316 3950 1388 4017 8).
1445 3950 1533 4004 Sic
1563 3959 1617 4004 et
1663 3950 1767 4005 isto
1798 3957 1991 4005 ruente

382 4054 497 4102 tota
537 4045 704 4100 turris
763 4043 971 4098 fabrica
1011 4041 1314 4112 permansit
1355 4041 1591 4114 integra,
1641 4042 1758 4096 sola
1812 4042 1993 4097 trabe-

382 4142 524 4205 cula,
555 4140 642 4197 cui
667 4137 1032 4210 superstabat,
1067 4137 1278 4191 ruinam
1311 4151 1489 4207 passa.

452 4232 576 4287 CAP.
619 4229 775 4284 XVII.
816 4256 859 4267 —
933 4229 990 4283 S.
1015 4227 1291 4281 Benedecti
1332 4228 1615 4280 caemeterii
1650 4228 1989 4281 immunitas.

380 4324 628 4378 Annonae
654 4321 830 4388 rapta:
870 4331 1046 4386 poma.
1097 4314 1186 4368 Est
1243 4313 1520 4385 quoddam
1566 4314 1891 4384 praediolum
1934 4314 1990 4367 in

2015 3079 2063 3145 C

2079 1843 2222 1907 loco,
2268 1858 2439 1896 unum
2493 1841 2788 1895 sextarium
2847 1857 2906 1895 se
2971 1849 3424 1911 praesumpturos,
3474 1846 3537 1894 ut
3578 1839 3707 1894 inde

2082 1932 2240 1985 cibus
2292 1936 2694 2001 praepararetur
2742 1928 2998 1985 canibus.
3043 1930 3105 1983 At
3148 1929 3240 1984 ille
3281 1928 3448 1984 infert
3492 1946 3711 2000 nequa-

2085 2042 2248 2097 quam
2312 2025 2540 2096 impune
2572 2024 2627 2077 id
2659 2040 2756 2079 eos
2796 2040 2961 2095 posse
3001 2023 3302 2095 perficere;
3359 2040 3521 2078 suum
3571 2040 3703 2078 vero

2086 2117 2404 2171 nullatenus
2439 2133 2607 2187 super
2639 2117 2739 2170 hac
2770 2116 3082 2172 temeritate
3111 2117 3315 2171 habere
3342 2132 3702 2181 consensum,

2088 2205 2280 2260 timere
2321 2221 2390 2259 ne
2432 2220 2594 2275 pcena
2650 2204 2778 2258 huic
2818 2206 3235 2276 praesumptioni
3278 2222 3402 2261 mox
3447 2206 3702 2262 adfutura

2086 2295 2141 2348 in
2171 2310 2251 2360 se,
2282 2294 2327 2347 si
2358 2293 2656 2358 accideret,
2690 2292 3050 2347 relaberctur.
3076 2294 3179 2359 Illi,
3213 2310 3336 2365 quae
3367 2294 3701 2350 dicebantur

2085 2396 2183 2453 pro
2211 2381 2385 2436 nihilo
2406 2381 2695 2443 ducentes,
2726 2390 2785 2434 ut
2812 2381 2997 2436 animo
3027 2390 3427 2452 conceperant,
3458 2398 3696 2437 annonae

2085 2481 2350 2546 quantum
2381 2473 2488 2527 sibi
2542 2472 2832 2527 videbatur
2869 2471 3147 2538 auferunt,
3185 2474 3369 2528 attritu
3426 2475 3699 2529 molarum

2091 2567 2143 2620 in
2212 2566 2445 2620 farinam
2501 2565 2781 2638 redigunt,
2841 2566 2955 2619 suis
2995 2564 3197 2621 exinde
3253 2573 3469 2636 pastum
3505 2565 3706 2620 belluis

2088 2655 2407 2712 conficiunt.
2466 2656 2612 2721 Quos
2666 2656 2866 2712 talibus
2908 2665 3124 2712 saturos
3176 2656 3477 2723 alimentis,
3534 2658 3711 2711 immi-

2092 2754 2260 2800 nente
2316 2753 2499 2811 nocte,
2550 2762 2658 2799 uua
2714 2745 3004 2801 includunt
3056 2745 3410 2802 domuncula.
3453 2746 3706 2801 Diluculo

2091 2847 2273 2892 autem
2324 2837 2393 2892 de
2441 2838 2557 2892 suis
2595 2837 2877 2892 cubilibus
2916 2847 3238 2910 exsurgunt,
3288 2838 3509 2892 solitam
3546 2855 3712 2893 vena-

2092 2929 2228 2983 tioni
2260 2945 2484 3000 operam
2516 2929 2647 2983 dare
2677 2929 2989 3000 cupientes,
3045 2929 3428 3000 adeuntesque
3469 2931 3706 2985 cubicu-

2091 3024 2222 3089 lum,
2257 3022 2312 3075 in
2342 3036 2451 3092 quo
2488 3036 2617 3076 suos
2648 3021 2988 3076 recluserant
3016 3037 3204 3085 canes,
3231 3022 3462 3092 januam
3495 3023 3580 3076 eis
3609 3040 3705 3092 pa-

2092 3117 2388 3180 tefaciunt;
2424 3122 2477 3171 et
2515 3116 2984 3187 introspicientes,
3038 3116 3230 3170 vident
3262 3132 3359 3171 cos
3388 3117 3502 3171 vita
3554 3117 3704 3172 defe-

2092 3213 2256 3279 cisse,
2285 3212 2421 3267 alios
2449 3212 2765 3282 pavimento
2794 3218 2908 3267 toto
2933 3218 3235 3281 prostratos
3257 3226 3514 3282 corpore,
3549 3229 3711 3283 quos-

2096 3310 2218 3363 dam
2261 3308 2581 3378 resupinato
2635 3323 2731 3362 ore
2780 3314 3024 3362 mortuos
3059 3307 3268 3375 jacere,
3327 3306 3470 3361 alios
3511 3308 3701 3378 parieti

2095 3401 2294 3455 domus
2332 3399 2703 3454 anterioribus
2741 3399 2986 3473 vestigiis
3025 3398 3318 3461 inhtercre,
3363 3399 3608 3454 reductis
3628 3417 3708 3454 ca-

2096 3489 2304 3560 pitibus
2343 3489 2398 3542 in
2432 3498 2584 3562 terga
2643 3488 2794 3551 Quod
2848 3495 3160 3555 cernentes,
3202 3489 3444 3544 clamore
3500 3490 3707 3544 sublato

2095 3577 2323 3633 foemora
2373 3593 2473 3631 sua
2520 3576 2715 3647 palmis
2767 3576 2860 3630 alii
2916 3576 3193 3646 quatiunt,
3250 3577 3343 3631 alii
3410 3578 3708 3649 eomplexis

2097 3666 2353 3721 manibus
2383 3666 2626 3721 sonitum
2662 3666 2927 3739 grandem
2963 3682 3087 3719 cum
3119 3681 3254 3721 voce
3294 3666 3531 3738 querula
3558 3668 3706 3721 emit-

2094 3762 2237 3819 tunt;
2270 3755 2538 3810 timebant
2562 3754 2708 3809 enim
2742 3770 2936 3825 poenas
2967 3770 2996 3808 a
3022 3754 3248 3809 domino
3276 3771 3378 3809 suo
3408 3772 3510 3826 pro
3539 3756 3700 3810 amis-

2093 3850 2250 3904 sione
2281 3865 2478 3904 canum
2505 3849 2652 3919 justc
2681 3847 2785 3901 sibi
2813 3846 3154 3921 irrogandas.
3190 3846 3291 3901 Diu
3320 3863 3457 3920 ergo
3478 3848 3701 3919 stupidzc

2093 3940 2443 3996 admirationi
2498 3939 2729 3996 vocibus
2776 3939 3090 4011 questuosis
3145 3938 3446 4007 immorati,
3490 3941 3701 3994 tandem

2095 4034 2380 4098 recedunt,
2413 4032 2641 4088 domino
2684 4046 2784 4087 suo
2817 4029 3181 4095 infortunium
3216 4032 3366 4102 quod
3388 4032 3499 4086 sibi
3563 4032 3702 4087 acci-

2094 4128 2271 4189 derat,
2304 4131 2360 4178 et
2400 4138 2563 4194 quam
2594 4136 2820 4176 severus
2859 4120 3007 4176 ultor
3065 4120 3224 4176 Pater
3263 4121 3601 4177 Benedictus
3655 4122 3703 4175 in

2093 4234 2190 4274 eos
2220 4218 2503 4272 exstiterat
2534 4213 2780 4270 relaturi.
3238 4250 3250 4259 .

2164 4310 2288 4365 CAP.
2320 4309 2481 4363 XVIII
2537 4339 2606 4347 —
2630 4307 2819 4363 Simile
2864 4306 2931 4361 de
2964 4309 3140 4376 prato.
3176 4305 3294 4359 Alio
3328 4322 3555 4378 quoque
3577 4314 3705 4361 tem-

379 4413 671 4472 Leomansi
712 4428 877 4485 pago,
935 4410 1082 4482 quod
1130 4416 1356 4465 vocatur
1402 4409 1625 4465 Alsonia
1662 4411 1795 4481 (15),
1856 4406 2074 4473 Patr”)
2102 4415 2257 4471 pore,
2299 4398 2427 4453 dum
2458 4397 2660 4453 milites
2713 4403 2943 4467 propter
2979 4394 3236 4450 eumdem
3286 4397 3529 4451 viculum
3584 4399 3706 4451 hora

380 4507 677 4563 Benedicto
703 4522 734 4560 a
781 4504 1069 4559 Leotberto
1098 4501 1215 4556 viro
1255 4502 1428 4572 probo
1467 4501 1598 4557 olim
1639 4500 1993 4566 attributum;

378 4601 477 4656 ubi
525 4605 732 4655 tantam
789 4594 1174 4650 miraculorum
1231 4593 1593 4666 frequentiam
1636 4594 1780 4648 idem
1844 4593 1999 4647 Pater

381 4709 482 4765 per
508 4691 741 4764 gratiam
772 4687 877 4744 sibi
909 4703 941 4742 a
971 4687 1083 4743 Deo
1134 4685 1383 4761 largitam
1416 4684 1675 4750 ostendit,
1709 4691 1771 4738 ut
1803 4698 1999 4738 omnes

380 4783 557 4856 ipsius
579 4779 821 4836 nationis
849 4777 1105 4833 homines
1142 4775 1397 4830 eumdem
1426 4774 1606 4828 locum
1640 4773 1876 4827 maxima
1899 4773 2000 4826 de-

380 4871 621 4929 votionis
647 4866 1005 4924 veneratione
1054 4864 1322 4919 excolant.
1370 4862 1619 4934 Denique
1670 4860 1849 4916 crucis
1903 4861 1999 4916 ali-

380 4967 646 5034 quantum
694 4958 942 5013 excelsas
972 4970 1071 5027 per
1102 4969 1295 5028 gyrum
1327 4951 1628 5008 coemeterii
1671 4958 1994 5021 posuerunt,

382 5069 520 5127 quas
571 5066 735 5107 nemo
778 5065 939 5104 suum
981 5061 1322 5120 persequens
1384 5059 1690 5109 tnumcum,
1743 5058 1996 5113 quamvxs

383 5145 588 5202 exitiali
619 5145 740 5215 ejus
772 5142 902 5200 odio
923 5142 1202 5211 detentus,
1241 5137 1547 5213 transgredi
1587 5137 1808 5204 audeat,
1849 5135 1898 5190 si
1926 5136 1994 5190 ad

456 5356 563 5426 (14)
605 5352 869 5426 Superius
905 5353 1167 5427 conclave
1198 5347 1761 5427 signiﬁcarinomine
1799 5345 1987 5427 solarii

382 5419 658 5484 sexcentis
684 5419 983 5498 'exemplis
1031 5419 1278 5498 constat.“
1325 5421 1618 5498 Egregium
1655 5419 1906 5498 habetpr
1934 5419 1988 5498 in

384 5500 686 5569 diplomate
727 5488 1119 5569 Guntchramni
1154 5496 1298 5569 regis
1338 5488 1442 5569 piro
1455 5488 1780 5569 conditione
1806 5488 1984 5569 Cabi-

382 5561 630 5624 Ionensis
669 5565 985 5621 monasterii
1009 5564 1190 5619 Sancti
1214 5561 1489 5631 Marcelli,
1523 5563 1618 5619 ubi
1660 5561 1993 5632 praecipitur,

384 5645 446 5692 ut
496 5639 757 5690 solarium
804 5650 922 5687 cum
961 5637 1235 5690 caminata
1271 5637 1356 5690 illi
1384 5636 1451 5690 de
1501 5636 1787 5703 Gergeiaco
1841 5637 1890 5688 et
1931 5632 1997 5688 de

389 5707 607 5760 Alciato
634 5706 870 5770 faciant.

2092 4489 2346 4560 jentandi
2389 4488 2492 4542 iter
2532 4496 2848 4558 carperent,
2890 4486 3230 4540 divertcrunt
3282 4485 3445 4551 illuc;
3474 4487 3707 4558 dumque

2096 4579 2187 4635 alii
2221 4579 2376 4635 cibos
2413 4586 2470 4633 et
2500 4592 2737 4649 quaeque
2769 4574 3162 4631 commessuris
3194 4581 3467 4645 apparent
3492 4575 3706 4641 idonea,

2098 4688 2243 4727 unus
2267 4688 2458 4727 eorum
2491 4686 2590 4726 suo
2630 4669 2810 4740 inquit
2861 4668 3174 4743 armigero:
3248 4667 3383 4732 Cur,
3445 4670 3709 4723 hominum

2096 4765 2444 4829 inertissima,
2481 4765 2635 4815 tanta
2663 4763 2712 4814 te
2740 4761 3012 4829 oppressit
3036 4759 3263 4824 ignavia
3301 4760 3361 4810 ut
3392 4758 3589 4827 aliqua
3614 4772 3709 4810 non

2096 4854 2469 4909 subministras
2499 4851 2605 4905 tuis
2635 4851 2786 4919 equis
2803 4848 3031 4918 pabula,
3063 4846 3317 4917 quandiu
3344 4851 3708 4915 procurentur

2097 4947 2402 5017 epuiaturis
2432 4941 2773 4998 necessaria?
2802 4943 2865 4995 At
2897 4940 2993 4994 ille
3024 4954 3084 4992 se
3116 4937 3335 4992 nescire
3384 4937 3526 4991 dicit
3555 4954 3586 4991 a
3612 4950 3711 5007 quo

2096 5038 2398 5110 quidquam
2418 5034 2531 5089 feni
2559 5033 2642 5088 vel
2672 5030 2952 5101 palearum
2984 5026 3287 5098 deposcere
3319 5026 3518 5097 possit.
3550 5026 3709 5091 Vade,

2097 5130 2297 5204 inquit,
2335 5132 2397 5183 in
2427 5131 2651 5198 pratum
2694 5124 2753 5181 S.
2797 5122 3090 5187 Benedicti,
3140 5118 3285 5189 quod
3334 5119 3459 5173 huic
3506 5119 3709 5189 adjacet

2163 5342 2273 5410 (15)
2305 5336 2549 5403 Alsonia,
2567 5339 2809 5410 liusson,
2844 5331 3004 5410 vicus
3036 5338 3120 5385 est
3140 5324 3706 5410 ditecesisSenonicae

2090 5415 2147 5471 in
2166 5396 2443 5469 ‘decanatu
2476 5396 2887 5479 S.'Florentini,
2919 5404 3077 5479 cujus
3102 5396 3704 5479 viciecclesia‘pendct

2095 5469 2491 5541 amonasterio
2532 5469 2887 5551 Floriacensi.
2932 5469 3060 5529 Istic
3111 5470 3349 5551 proinde
3387 5469 3708 5551 statuendus

2097 5563 2180 5612 est
2206 5571 2378 5629 pagus
2393 5553 2725 5629 Leomunsis,
2744 5549 2789 5604 si
2824 5548 2912 5603 hic
2942 5561 3052 5601 non
3080 5541 3284 5600 erravit
3306 5541 3704 5615 typographus,

2100 5625 2306 5684 rectius
2339 5625 2651 5680 Leomensis.
