3938 6206
262 290 405 346 1205

1422 295 1763 352 MIRACULA
1802 297 2033 353 SANCTI
2077 300 2446 359 BENEDICTI.

3458 307 3479 360 1
3489 305 3596 362 206

250 418 414 481 vitae,
455 423 507 471 et
544 417 754 472 collecto
780 416 957 472 herba:
982 421 1147 485 fasce,
1173 435 1330 489 quem
1361 423 1506 476 solus
1527 426 1705 478 valeas
1746 426 1878 480 collo
1907 431 1949 495 Α
1977 426 2153 491 jorem
2186 426 2508 500 ingrediens
2537 427 2846 495 ecclesiam,
2892 430 2948 484 in
2996 447 3104 502 qua
3143 432 3392 503 ejusdem
3423 432 3597 488 Patris

253 509 379 574 equi
407 510 696 575 imponere,
729 507 898 573 defer,
939 514 989 560 et
1020 511 1127 563 tuis
1155 524 1357 577 appone
1392 513 1740 566 animalibus.
1781 514 1875 568 Ille

254 596 549 667 praeceptis
579 597 788 652 domini
821 598 905 652 sui
935 615 1157 669 parens,
1204 606 1449 656 mutuata
1497 601 1635 657 falce
1669 620 1699 657 a
1731 620 1875 675 quo-

257 688 385 742 dam
410 689 466 742 in
493 678 708 760 pratum
738 690 937 756 evolat,
974 690 1200 746 herbam
1236 693 1363 748 totis
1397 694 1610 749 viribus
1641 704 1875 763 resecat,

258 782 319 831 ut
341 778 672 848 quantocius
707 778 976 848 repedare
1000 779 1202 847 valeat,
1246 797 1315 836 ne
1356 784 1629 839 sociorum
1660 786 1881 840 defrau-

258 864 423 920 detur
447 865 647 936 epulis.
682 867 900 922 Interea
949 867 1080 922 dum
1106 868 1197 924 ille
1226 869 1416 926 illicito
1442 872 1672 928 instaret
1700 875 1879 944 operi,

256 956 395 1014 vidit
420 973 543 1011 eum
569 957 796 1028 quidam
815 959 885 1013 de
916 960 1275 1033 pagensibus,
1310 969 1365 1016 et
1384 978 1681 1017 accurrens
1707 965 1874 1030 otius,

256 1049 533 1103 nuntiavit
575 1049 838 1120 praedicto
869 1051 1021 1105 Isaac
1057 1052 1201 1106 villae
1232 1053 1555 1123 praeposito:
1589 1062 1706 1109 erat
1729 1056 1875 1109 enim

257 1150 474 1210 pratum
510 1141 645 1195 illud
682 1143 1004 1216 contiguum
1029 1143 1218 1198 domui
1250 1146 1394 1213 ejus.
1428 1146 1664 1201 lntuitus
1694 1155 1875 1201 autem

257 1236 411 1290 Isaac
454 1235 789 1310 armigerum
823 1237 958 1292 falce
995 1254 1221 1312 gramen
1279 1239 1417 1309 prati
1458 1240 1875 1309 prmcidentem,

256 1344 289 1381 a
338 1327 503 1398 longe
542 1329 831 1383 excelsiori
883 1328 1143 1384 inclamat
1200 1346 1363 1386 voce:
1423 1334 1689 1399 Quisnam
1722 1350 1795 1400 es,
1850 1351 1879 1389 ο

260 1423 414 1476 homo
444 1422 674 1488 nefarie,
706 1425 801 1491 qui
837 1429 1026 1477 contra
1073 1425 1161 1491 fas
1187 1430 1473 1480 temerator
1514 1430 1784 1496 ingressus
1825 1443 1876 1482 es

258 1515 443 1566 sancti
469 1518 693 1580 pratum
721 1515 997 1569 Benedicti
1022 1516 1047 1568 ?
1083 1517 1342 1583 egredere,
1372 1520 1611 1586 pestifer,
1651 1521 1878 1573 velocius

258 1608 535 1661 nedivina
574 1609 709 1662 ultio
736 1608 961 1664 celerius
992 1616 1043 1665 te
1064 1611 1351 1680 disperdat.
1389 1612 1482 1667 Ille
1502 1619 1682 1667 autem
1713 1629 1879 1668 voces

262 1704 633 1750 contemnens
654 1699 953 1763 monentis,
984 1699 1037 1752 in
1058 1700 1174 1754 haec
1198 1701 1404 1755 lucrida
1421 1702 1875 1772 prorupitverha:

260 1785 523 1851 Sanctus,
554 1785 651 1850 ait,
682 1788 1004 1843 Benedictus
1043 1791 1146 1843 hac
1180 1792 1295 1843 vice
1320 1792 1416 1844 hoc
1439 1793 1710 1847 modicum
1744 1793 1881 1846 mihi

253 1873 552 1941 indulgebit
588 1876 827 1940 facinus.
891 1875 954 1929 Et
1002 1874 1148 1932 facto
1175 1876 1362 1932 herbae
1398 1878 1676 1947 t'asciculo,
1715 1895 1876 1938 suum

254 1961 486 2032 repetiit
526 1963 854 2035 hospitium,
890 1965 1007 2019 suis
1033 1966 1367 2021 animalibus
1396 1968 1663 2023 exhibens
1703 1969 1880 2040 pabu-

256 2053 394 2107 lum.
431 2053 643 2109 Deinde
683 2054 916 2110 festinus
948 2073 1252 2128 properans
1292 2059 1358 2113 ad
1391 2060 1640 2127 domum,
1672 2061 1766 2115 ubi
1790 2061 1876 2116 sui

257 2145 696 2201 convivabantur
742 2148 994 2215 comites,
1028 2156 1081 2204 et
1110 2149 1230 2220 ipse
1260 2153 1580 2207 convivatus
1628 2158 1712 2207 est
1751 2170 1873 2208 cum

258 2237 363 2293 eis.
396 2235 745 2308 Consumptis
775 2240 958 2311 itaque
990 2241 1226 2312 dapibus
1273 2241 1538 2315 finitoque
1572 2244 1874 2314 jentaculo,

260 2326 548 2396 proprium
572 2328 958 2400 unusquisque
984 2332 1369 2386 conscendens
1389 2349 1613 2403 equum,
1647 2335 1875 2389 tendere

259 2414 525 2469 festinant
552 2432 662 2487 quo
708 2417 1118 2488 disposuerant.
1164 2419 1524 2492 Contemptor
1562 2429 1744 2477 autem
1776 2424 1878 2477 Be-

258 2503 467 2557 nedicti
502 2504 675 2559 Patris
708 2514 1018 2576 postremus
1048 2509 1296 2563 omnium
1331 2510 1400 2565 de
1422 2510 1550 2565 villa
1574 2511 1873 2584 egreditur,

252 2596 423 2650 credo
454 2596 855 2667 aliquantulum
879 2600 1067 2655 herbae
1101 2602 1645 2673 supert’uisse,quam
1675 2609 1875 2658 utsuus

255 2698 613 2743 consumeret
670 2705 849 2761 equus
877 2693 1260 2762 exspectabat:
1299 2700 1354 2748 et
1404 2695 1520 2764 ipse
1559 2694 1780 2749 demum
1815 2701 1875 2750 ut

251 2776 373 2831 suis
411 2778 839 2852 conjungeretur
883 2781 1071 2846 sociis,
1115 2783 1207 2852 qui
1258 2782 1601 2855 longiuscule
1635 2784 1746 2854 jam
1785 2783 1876 2838 ab-

255 2877 438 2936 erant,
472 2885 616 2941 equo
639 2870 948 2926 calcaribus
975 2874 1217 2929 admisso
1236 2889 1332 2928 eos
1366 2874 1585 2946 insequi
1615 2883 1871 2941 conatur;

255 2962 355 3016 sed
382 2972 675 3033 antequam
708 2964 778 3018 de
809 2965 935 3019 villa
969 2965 1160 3033 exiret,
1193 2983 1368 3037 equus
1399 2982 1649 3037 praeceps
1685 2968 1737 3021 in
1772 2979 1873 3022 ter-

1979 513 2345 569 sacratissima
2374 516 2732 585 requiescunt
2761 533 2907 585 ossa,
2945 520 3141 574 devota
3175 536 3396 589 precum
3450 521 3593 577 liba-

1978 602 2127 656 mina
2157 612 2284 657 ante
2314 603 2559 676 singulas
2588 604 2974 674 perlustrando
3005 623 3127 661 aras
3159 608 3269 663 Deo
3303 608 3593 665 offerebat.

1981 693 2317 748 Perveniens
2364 701 2545 750 autem
2603 694 2672 751 ad
2717 712 2864 750 aram
2922 698 3060 765 (16")
3120 699 3215 752 Dei
3281 699 3594 769 Genitricis,

1983 801 2106 856 quae
2139 801 2282 856 pone
2313 803 2372 842 se
2403 787 2643 842 habebat
2680 788 2850 843 altare
2881 789 3085 859 saepius
3134 792 3460 846 nominandi
3490 793 3596 847 Pa—

1983 880 2100 942 tris,
2160 881 2439 951 protensis
2481 882 2537 935 in
2600 882 2801 937 caelum
2850 883 3105 938 manibus
3155 885 3591 956 omnipotentem

1982 974 2273 1030 Dominum
2327 976 2655 1048 precabatur
2709 978 2991 1045 attentius,
3068 993 3166 1033 sua
3197 978 3303 1033 sibi
3362 978 3592 1034 relaxari

1980 1072 2189 1139 debita,
2223 1073 2317 1127 Dei
2354 1072 2685 1128 Genitricem
2718 1090 2840 1130 cum
2884 1075 3082 1130 eodem
3130 1076 3288 1131 Patre
3328 1075 3594 1148 frequen-

1981 1162 2383 1216 tiusinvocans.
2420 1162 2483 1215 Et
2509 1162 2637 1216 dum
2670 1163 2920 1218 intentus
2941 1164 3123 1218 eidem
3157 1173 3307 1220 esset
3335 1166 3593 1234 orationi,

1978 1248 2162 1304 subito
2187 1258 2348 1320 rupto
2372 1250 2526 1305 clavo
2558 1266 2669 1321 quo
2699 1251 2939 1306 ferreum
2969 1254 3452 1325 constringebatur
3472 1254 3597 1308 vin-

1979 1339 2182 1402 culum,
2218 1339 2420 1393 ferrum
2452 1339 2504 1393 in
2534 1341 2904 1410 pavimentum
2941 1343 3066 1398 dato
3097 1344 3311 1415 crepitu
3338 1345 3592 1399 resilivit.

1980 1427 2153 1481 Atille
2206 1427 2442 1482 solutum
2475 1445 2535 1482 se
2575 1445 2829 1495 cernens,
2891 1437 2943 1486 et
2991 1432 3042 1485 in
3081 1433 3275 1487 eadem
3318 1433 3594 1488 solutione

1980 1516 2182 1570 visibili
2230 1517 2613 1587 peccaminum
2648 1518 2945 1574 invisibilia
2983 1521 3207 1575 vincula
3239 1521 3476 1576 relaxata
3516 1522 3597 1575 in-

1980 1610 2256 1683 telligens,
2307 1611 2642 1666 exhilaratus
2689 1613 2898 1684 Oppido
2958 1614 3227 1669 indicibili
3275 1616 3595 1686 tripudiavit

1979 1702 2202 1776 gaudio,
2238 1702 2552 1773 prolamans
2592 1705 2959 1775 omnipotenti
3007 1706 3236 1762 Domino
3286 1708 3497 1771 laudes,
3531 1724 3595 1763 ac

1982 1792 2073 1845 Dei
2107 1792 2373 1847 Cenitrici
2398 1791 2651 1864 Patrique
2682 1793 2984 1849 Benedicto
3016 1794 3335 1850 innumeras
3356 1796 3594 1851 reddens

1978 1883 2275 1955 gratiarum
2309 1884 2572 1939 actiones.

2051 1974 2155 2029 CAP
2238 1975 2343 2029 XX.
2402 2005 2470 2016 —-
2523 1980 2692 2031 Pestis
2752 1980 2975 2031 remissa
3022 1979 3211 2032 delatis
3246 1980 3483 2048 reliquiis
3537 1982 3587 2033 S.

1978 2069 2175 2133 Mauri,
2212 2068 2434 2136 pedibus
2468 2069 2649 2122 nudis.
2698 2068 2960 2141 Exigente
3000 2069 3146 2123 mole
3187 2069 3589 2138 peccaminum,

1978 2160 2490 2232 aceiditaliquando
2522 2161 2982 2217 ferventissimam
3010 2180 3111 2233 per
3132 2164 3343 2235 aliquot
3372 2179 3593 2219 menses

1977 2255 2285 2308 continuari
2327 2250 2858 2320 siccitatem,sidere
2903 2255 3035 2311 solis
3065 2272 3165 2311 suo
3205 2256 3416 2311 fervore
3471 2272 3591 2311 om-

1977 2343 2068 2397 nia
2095 2344 2276 2397 acrius
2303 2344 2467 2399 solito
2491 2352 2803 2414 perurente.
2838 2346 2991 2400 Unde
3020 2346 3253 2419 contigit
3279 2346 3591 2401 Floriacen-

1977 2451 2067 2488 ses
2097 2435 2334 2508 graviter
2373 2435 2568 2508 afﬂigi,
2604 2436 2900 2491 durissima
2949 2454 3048 2507 per
3085 2437 3423 2509 aliquantum
3460 2448 3591 2493 tem-

1978 2525 2128 2594 poris
2176 2525 2230 2578 in
2265 2525 2519 2579 homines
2549 2526 2885 2580 desaeviente
2931 2526 3269 2597 pestilentia.
3328 2526 3590 2582 Cerneres

1976 2618 2170 2672 domos
2226 2633 2424 2671 vacuas
2463 2627 2732 2687 pereunte
2789 2619 2971 2673 subito
3012 2618 3410 2690 patrefamilias
3462 2636 3587 2674 cum

1975 2705 2132 2776 prole
2159 2711 2213 2759 et
2241 2711 2354 2759 tota
2375 2705 2661 2768 clientela;
2693 2707 3073 2776 promptuaria
3102 2708 3231 2763 vino
3268 2708 3590 2763 redundan-

1976 2793 2070 2856 tia,
2110 2808 2266 2847 arcas
2317 2793 2500 2848 tritico
2534 2794 2753 2848 videres
2793 2794 3050 2860 refertas;
3093 2805 3148 2849 et
3187 2810 3299 2850 non
3330 2806 3448 2852 erat
3486 2797 3581 2868 qui

1974 2887 2244 2961 attingere
2291 2888 2541 2956 auderet,
2582 2889 2961 2943 arescentibus
3014 2889 3335 2945 hominibus
3375 2907 3487 2962 prae
3516 2892 3590 2946 ti-

1974 2994 2126 3034 more
2166 2979 2260 3051 qui
2292 2987 2688 3050 supervenerat
2726 2981 3024 3036 universis.
3064 2980 3281 3053 Quippe
3310 2999 3435 3037 eum
3466 2998 3587 3037 cum

258 3074 373 3112 ram
415 3058 641 3123 cadens.
682 3059 871 3114 0011153
908 3061 1145 3127 COPVice,
1199 3071 1447 3117 morluus
1486 3062 1608 3118 ruit.
1668 3064 1866 3134 Eques,
1896 3101 1942 3164 (π
1970 3087 2079 3142 quo
2108 3072 2272 3127 modo
2302 3072 2639 3143 loquebaris,
2678 3088 2801 3127 mox
2831 3074 3108 3144 aspiceres
3139 3074 3224 3128 vel
3256 3074 3477 3128 audires
3505 3074 3591 3127 iii-

256 3149 352 3220 (ιιιί
385 3148 436 3202 ei
467 3149 763 3215 insidebat,
806 3156 860 3204 et
899 3150 1019 3222 ipse
1051 3151 1283 3216 labitur;
1323 3152 1715 3224 confracloque
1768 3145 2185 3219 fw-“ioriisse
2234 3164 2483 3219 inaudito
2534 3165 2683 3220 necis
2754 3181 2981 3238 genere.
3042 3166 3330 3220 Sentiebat
3390 3166 3590 3236 aliquis

252 3254 429 3306 more,
460 3242 528 3292 ab
559 3239 747 3306 humo,
778 3240 885 3294 ηίδί
913 3241 1143 3296 aliorum
1187 3243 1331 3296 υὶῐιὶε
1361 3242 1700 3308 sublevatus,
1746 3260 1871 3297 8111·-
1968 3272 2092 3311 sese
2128 3257 2297 3330 pungi
2327 3257 2508 3311 subita
2535 3257 2853 3326 punctione,
2887 3257 2972 3312 vel
3004 3257 3059 3311 in
3103 3257 3370 3323 humeris,
3411 3258 3496 3311 vel
3530 3258 3585 3312 in

250 3346 384 3402 gere
414 3331 682 3401 nequivit.
734 3330 1103 3387 Concurrente
1163 3333 1322 3388 turba
1377 3334 1445 3387 ad
1479 3343 1584 3388 tam
1630 3334 1866 3389 subitam

1979 3349 2229 3415 brachiis,
2267 3365 2365 3404 seu
2389 3349 2620 3417 femore,
2645 3356 2890 3421 pectore,
2940 3355 3168 3413 ventre;
3224 3356 3279 3404 et
3309 3350 3591 3421 extemplo

252 3421 424 3476 divini
457 3421 726 3476 examinis
754 3422 1076 3489 vindictam,
1105 3430 1161 3478 et
1207 3425 1328 3493 ipse
1362 3425 1513 3479 Isaac
1563 3425 1757 3490 adfuit,
1795 3425 1871 3478 in-

252 3530 491 3584 crepans
532 3514 798 3569 miserum
830 3515 914 3569 his
953 3515 1168 3570 verbis:
1208 3523 1390 3570 Nonne
1456 3517 1553 3570 tibi
1604 3519 1874 3583 dixeram,

254 3606 603 3673 miserabilis,
634 3610 696 3662 B.
726 3608 1071 3662 Benedictum
1097 3622 1225 3662 suas
1271 3610 1505 3676 injurias
1534 3623 1877 3677 nequaquam

252 3704 349 3756 diu
397 3703 668 3756 dimittere
724 3704 933 3757 inultas
958 3703 984 3755 ?
1037 3702 1145 3767 sed,
1194 3705 1325 3770 quia
1376 3704 1513 3756 mihi
1547 3703 1758 3757 credere
1789 3717 1879 3757 re—

255 3800 447 3864 nuisti,
478 3813 596 3853 ecce
620 3800 870 3853 contritis
894 3797 1150 3851 membris
1180 3802 1330 3867 jaces
1359 3798 1592 3851 inutilis.

328 3887 451 3942 Car.
486 3889 619 3943 XIX.
654 3920 721 3929 ——
753 3892 1017 3944 Pamitens
1056 3890 1200 3956 ferro
1228 3890 1587 3953 'constrictus,
1628 3889 1859 3945 Floriaci

251 3978 499 4032 solvitur.
536 3977 765 4042 Quidam
799 3994 899 4049 pro
931 3977 1189 4032 admissis
1229 3993 1257 4031 a
1298 3992 1357 4031 se
1383 3976 1728 4040 criminibus,
1757 3991 1875 4030 me-

255 4076 419 4122 tuens
448 4068 593 4123 diem
635 4070 862 4124 extremi
889 4069 1178 4133 examinis,
1220 4076 1280 4124 ut
1316 4067 1515 4123 summi
1543 4066 1747 4135 judicis
1772 4066 1874 4121 sibi

251 4164 462 4210 metum
484 4156 744 4227 placaret,
766 4173 864 4210 sua
882 4156 1027 4211 ferro
1056 4158 1163 4227 (16)
1196 4156 1354 4229 ligari
1378 4156 1588 4211 fecerat
1614 4155 1872 4210 brachia:

252 4255 308 4301 et
338 4247 745 4317 quamplurima
779 4264 1080 4320 peragrans
1109 4255 1378 4302 terrarum
1411 4251 1607 4318 spatia.
1654 4254 1872 4302 sancto-

255 4351 373 4388 rum
429 4333 657 4404 expetiit
717 4334 838 4389 loca
891 4336 1212 4401 multorum,
1280 4336 1582 4407 gemitibus
1638 4350 1872 4390 exorans

1978 3444 2031 3498 in
2052 3451 2250 3498 terram
2292 3459 2577 3509 corruens,
2612 3444 2973 3499 moriebatur.
3025 3444 3149 3498 Haec
3189 3443 3591 3499 intemerabilis

1977 3535 2096 3589 lues
2127 3535 2337 3604 aliquot
2384 3535 2686 3588 menstruis
2726 3535 3045 3589 recursibus
3103 3534 3404 3591 Floriacum
3446 3536 3594 3591 obti-

1982 3629 2195 3677 nuerat.
2225 3622 2593 3677 Decrevcrunt
2624 3621 2807 3692 itaque
2840 3629 2947 3677 tam
2978 3622 3172 3678 fratres
3203 3642 3364 3696 quam
3398 3633 3595 3680 cuncta

1981 3711 2228 3779 ejusdem
2284 3710 2386 3764 loci
2455 3709 2638 3781 plebs,
2703 3725 2857 3765 sacra
2922 3712 3273 3766 celeberrimi
3339 3714 3593 3784 martyris

1980 3799 2148 3855 Mauri
2182 3798 2428 3853 membra
2453 3815 2575 3854 cum
2614 3798 2821 3853 litaniis
2860 3799 3343 3870 proccssionaliter
3370 3802 3588 3859 deferre

1975 3890 2041 3944 ad
2083 3895 2308 3943 matrem
2344 3888 2519 3958 ipsius
2545 3887 2703 3959 burgi
2746 3889 3055 3951 ecclesiam,
3099 3906 3222 3960 quae.
3271 3890 3327 3944 in
3380 3892 3589 3948 honore

1977 3978 2134 4034 testis
2166 3978 2360 4033 Christi
2393 3977 2704 4032 Sebastiani
2746 3977 2927 4032 eidem
2990 3976 3056 4033 Ci
3073 3978 3202 4033 risto
3242 3979 3421 4035 dicata
3451 3984 3599 4047 erat;

1977 4068 2324 4126 confidentes
2371 4069 2706 4124 Salvatorem
2771 4069 2981 4124 meritis
3035 4070 3122 4124 sui
3175 4069 3376 4137 fidelis,
3433 4072 3589 4140 cujus

1978 4159 2228 4231 reliquias
2261 4160 2704 4229 deportarentur,
2761 4158 3129 4229 precibusque
3188 4158 3359 4213 Patris
3413 4160 3587 4214 Bene-

1972 4252 2102 4307 dicti
2130 4251 2424 4320 placatum,
2456 4250 2737 4321 plebisum
2768 4250 3135 4305 miscrturum.
3172 4250 3434 4306 Condicto
3454 4267 3585 4325 ergo

1973 4343 2083 4408 die,
2109 4342 2471 4397 discalce‘atus
2498 4343 2690 4413 pedes,
2715 4342 2969 4412 lacrymis
2992 4343 3271 4412 perfusus,
3295 4349 3401 4397 tam
3430 4359 3588 4398 sacer

252 4432 483 4498 crebris,
519 4449 641 4504 quae
672 4433 847 4504 ipsius
887 4434 1296 4508 redarguebant
1334 4434 1754 4501 conscientiam,
1784 4432 1949 4500 de-D
1975 4438 2111 4492 ordo
2143 4453 2305 4509 quam
2350 4437 2604 4508 populus,
2664 4453 2786 4492 cum
2834 4437 3074 4507 parvulis
3117 4444 3171 4492 et
3234 4437 3583 4504 mulieribus,

253 4524 352 4579 leri
394 4524 626 4580 scelera.
661 4525 824 4581 Porro
853 4527 958 4581 hoc
989 4541 1086 4596 per
1122 4526 1333 4597 aliquot
1370 4526 1663 4600 vigilanter
1689 4527 1867 4581 conti-

253 4632 435 4673 nuans
480 4632 736 4672 recursus
797 4633 1037 4684 annuos,
1086 4619 1214 4673 licet
1288 4617 1531 4673 ﬁdeliter
1585 4618 1865 4686 astipulari

252 4713 474 4777 debeat,
521 4728 752 4783 quorum
798 4713 1097 4768 memorias
1135 4714 1423 4769 beatorum
1475 4713 1707 4777 adierat,
1773 4729 1870 4768 eos

253 4806 695 4877 Omnipotentem
754 4822 855 4878 pro
911 4807 1257 4862 absolutione
1318 4807 1622 4863 facinorum
1695 4806 1869 4877 ipsius

255 4915 539 4963 exorasse,
573 4904 757 4954 tamen
813 4899 1020 4955 nullius
1052 4899 1397 4954 manifestam
1426 4915 1588 4970 Opem
1639 4915 1870 4970 persen-

249 4988 387 5044 sisse
414 4987 726 5043 videbatur.
765 4989 887 5044 Huic
925 4989 1130 5044 etenim
1162 4989 1309 5042 illius
1337 4989 1585 5043 exstabat
1620 4987 1777 5051 fides,
1811 4995 1870 5043 ut

252 5083 543 5149 postquam
576 5094 605 5132 a
633 5077 726 5148 pio
754 5078 943 5145 judice
986 5078 1106 5145 ejus
1135 5077 1513 5131 remitteretur
1558 5084 1864 5147 peccatum,

251 5181 376 5220 mox
406 5166 838 5237 subsequeretur
891 5166 1094 5222 solutio
1133 5165 1487 5220 brachiorum
1564 5166 1700 5221 Dum
1738 5181 1870 5237 ergo

249 5258 686 5328 circumquaque
720 5257 1001 5324 discurrit,
1035 5257 1209 5311 Patris
1234 5256 1520 5312 Benedicti
1548 5254 1868 5330 suffragium

248 5348 355 5403 sibi
394 5348 532 5404 utile
572 5347 689 5405 fore
721 5349 1029 5417 confidens,
1062 5348 1368 5405 Floriacum
1400 5348 1612 5422 attigit:
1669 5356 1724 5402 et
1753 5365 1871 5403 ma-

324 5559 435 5626 (16)
461 5558 619 5631 Plura
647 5560 920 5628 ejusmodi
952 5560 1292 5631 pcenitentia:
1313 5560 1585 5631 exempla,
1615 5574 1739 5630 quae
1764 5559 1872 5631 ad—

254 5633 364 5703 huc
391 5630 596 5685 saaculo
641 5648 692 5703 xi
733 5630 973 5703 vigebat,
994 5631 1245 5703 ividimus
1284 5633 1338 5685 in
1373 5630 1698 5702 praefatione
1750 5630 1871 5703 Sie-

256 5702 365 5758 culi
398 5703 442 5756 ll
475 5718 624 5757 num.
661 5702 750 5769 41,
779 5702 833 5757 et
864 5703 918 5757 in
950 5702 1046 5757 lib.
1083 5718 1140 5756 iu
1170 5703 1245 5756 De
1283 5702 1461 5758 Gestis
1497 5704 1550 5758 S.
1585 5702 1878 5770 Conwojo—

1967 4529 2115 4584 beati
2144 4529 2391 4601 martyris
2419 4530 2666 4583 membra
2693 4528 2911 4583 duobus
2941 4546 3005 4585 ex
3037 4530 3183 4585 clero
3216 4546 3314 4601 pro
3341 4545 3579 4585 consue-

1969 4623 2162 4677 tudine
2194 4622 2249 4676 in
2281 4623 2529 4676 humeris
2557 4621 2924 4695 gestantibus,
2948 4638 3069 4677 cum
3103 4622 3419 4677 litaniarum
3446 4639 3585 4694 sup-

1972 4713 2272 4783 plicatione
2301 4712 2367 4766 ad
2390 4711 2759 4782 supradictam
2784 4712 3115 4781 perveniunt
3143 4711 3455 4771 ecclesiam.
3484 4711 3582 4766 ubi

1970 4807 2162 4879 quanti
2215 4804 2425 4876 profusi
2467 4804 2706 4878 gemitus
2733 4820 2795 4857 ex
2838 4803 3048 4857 intimis
3073 4804 3322 4859 cordium
3355 4803 3580 4864 fuerint,

1970 4906 2190 4972 quantae
2222 4900 2474 4969 laerymae
2504 4896 2711 4959 effusae,
2746 4903 2948 4968 quanta
2986 4914 3209 4968 precum
3253 4903 3379 4952 vota
3410 4898 3586 4952 omni-

1969 4990 2184 5061 potenti
2217 4990 2329 5042 Deo
2368 4988 2572 5053 oblata,
2617 4987 2845 5041 nimium
2900 4986 3126 5041 difﬁcile
3166 4993 3248 5041 est
3297 4987 3581 5058 prosequi.

1976 5079 2199 5150 Expleta
2225 5093 2359 5151 ergo
2405 5093 2470 5131 cx
2499 5092 2654 5132 more
2702 5076 2990 5130 missarum
3052 5076 3446 5143 celebratione,
3489 5092 3582 5132 re-

1973 5168 2144 5223 deunt
2174 5167 2409 5238 quisque
2449 5167 2513 5220 ad
2569 5181 2690 5229 sua,
2746 5166 3130 5235 praestolantes
3187 5163 3588 5236 omnipotentis

1972 5257 2066 5311 Dei
2126 5256 2447 5310 immensam
2485 5253 2855 5319 clementiam,
2919 5268 3041 5323 quae
3097 5268 3205 5308 non
3255 5252 3348 5307 diu
3389 5252 3585 5309 abfuit.

1972 5347 2220 5418 Namque
2277 5360 2401 5400 mox
2465 5344 2613 5399 sicco
2680 5342 2900 5398 excluso
2967 5342 3252 5413 Aquilone,
3328 5341 3589 5397 humidus

1976 5558 2063 5613 nis
2093 5558 2308 5612 abbatis
2335 5574 2521 5628 supra.

2049 5630 2197 5699 (16*)
2239 5622 2419 5683 Altare
2475 5627 2796 5683 matutinale
2844 5632 3060 5699 vocant,
3111 5624 3257 5695 quod
3318 5622 3585 5675 hactenus

1979 5717 2122 5772 pone
2156 5701 2326 5755 altare
2348 5701 2521 5755 sancti
2555 5698 3063 5754 Benedictivisitur.
