3938 6206
378 265 515 321 1207

1314 264 1593 320 RADULFI
1632 266 1940 322 TORTARII
1982 268 2277 325 MONACHI
2322 270 2613 325 FLORIAC.

3593 278 3737 337 i208

379 394 575 447 Auster
604 390 778 445 libero
811 390 990 444 volatu
1015 389 1290 445 Floriacos
1319 390 1559 460 perflans
1590 407 1834 464 campos,
1868 408 1994 449 om-
2020 398 2074 465 Α
2098 394 2383 450 Benedicti
2415 395 2650 465 meritis,
2694 396 2765 451 de
2793 398 3181 454 cruentissima
3214 407 3369 470 peste
3416 403 3729 474 superiori-

380 487 470 541 nia
504 485 747 541 roritlnis
797 484 1135 539 humectavit
1185 485 1404 555 pennis,
1461 501 1585 556 quae
1631 487 1763 541 solis
1817 487 1998 542 fervor

380 577 533 632 arida
579 576 916 641 reddiderat,
964 576 1114 648 largo
1155 576 1332 631 imbre
1365 577 1601 651 irrigans
1657 579 1792 634 sola.
1862 580 1992 635 Cor-

378 686 512 741 pora
538 686 761 742 quoque
792 686 916 725 cum
943 668 1253 736 hominum,
1298 687 1462 742 quam
1492 671 1826 743 reliquorum
1867 674 1990 728 ani-

379 760 647 826 malium,
708 770 862 831 grato
925 760 1178 814 relevans
1230 766 1707 830 temperamento,
1766 776 1988 817 omnem

381 868 603 923 prorsus
643 853 697 907 in
752 852 832 907 eis
888 853 1146 907 exstinxit
1183 852 1457 909 ardorem.
1514 852 1769 908 Cessante
1803 854 1989 925 itaque

381 940 745 995 immoderato
772 941 905 995 solis
937 942 1169 1005 fervore,
1212 941 1445 995 cessavit
1475 949 1530 995 et
1564 942 1736 1012 pestis
1776 942 1987 1007 invisa;

380 1046 483 1085 nec
514 1030 776 1099 deinceps
818 1036 1015 1099 przeter
1052 1035 1374 1084 consuetum
1427 1045 1658 1097 morem,
1700 1031 1751 1085 in
1793 1032 1989 1087 eodem

379 1119 581 1189 aliquis
621 1118 739 1173 loco
780 1132 847 1172 eo
900 1126 1145 1187 tempore
1178 1117 1335 1172 obiit.
1390 1117 1578 1184 Porro,
1608 1119 1701 1191 qui
1760 1136 1788 1173 a
1843 1126 1991 1175 tanta

380 1207 594 1263 liberati
642 1207 855 1261 fuerant
891 1206 1069 1273 clade,
1100 1206 1228 1262 totis
1283 1208 1601 1276 praecordiis
1628 1209 1991 1279 omnipotenti

380 1300 609 1355 Domino
666 1299 880 1353 debitas
930 1299 1250 1370 persolvunt
1282 1299 1495 1365 laudes,
1551 1300 1712 1355 beato
1770 1302 1989 1372 martyri

378 1393 563 1447 Mauro
579 1392 835 1464 Patrique
862 1392 1163 1448 Benedicto
1190 1390 1416 1447 meritas
1441 1399 1669 1464 agentes
1695 1394 1989 1463 gratiarum

376 1491 641 1545 actiones.

450 1582 574 1637 CAP.
611 1582 741 1637 XXI.
771 1613 838 1622 —
868 1582 1079 1649 Simile,
1108 1584 1388 1637 Feretrum
1423 1586 1548 1638 vino
1578 1584 1765 1638 totum.
1799 1582 1991 1638 Paucis

378 1674 577 1729 diebus
610 1674 892 1742 revolutis,
924 1675 1116 1729 eadem
1150 1674 1412 1745 pestifera
1459 1675 1578 1729 lues
1610 1675 1806 1729 invasit
1834 1675 1988 1730 inco-

377 1765 458 1819 las
488 1764 670 1831 castri,
703 1765 852 1835 quod
882 1764 1251 1819 Gordonicum
1289 1771 1534 1831 vocatur,
1567 1764 1623 1818 in
1652 1781 1793 1839 pago
1830 1765 1983 1819 Bitu-

378 1854 492 1908 rico
521 1853 706 1908 situm.
763 1853 886 1907 Sole
920 1853 1159 1924 denique
1206 1853 1351 1907 vires
1386 1853 1546 1909 solito
1577 1854 1816 1923 majores
1862 1870 1986 1909 exe-

377 1952 555 2011 rente,
597 1950 748 1999 tanto
788 1943 982 1999 ardore
1042 1943 1301 1997 Gallicam
1358 1944 1639 2015 regionem
1682 1946 1898 2011 torruit,
1932 1952 1991 1999 ut

380 2032 559 2087 fontes
587 2033 680 2103 qui
713 2038 826 2087 toto
858 2047 1004 2102 pene
1044 2031 1309 2086 hactenus
1328 2047 1442 2086 aevo
1465 2031 1753 2101 ﬂuxerant,
1777 2033 1987 2101 siccati,

380 2136 726 2193 nequaquam
767 2127 1091 2175 consuetum
1148 2120 1263 2174 suis
1296 2128 1485 2190 potum
1540 2123 1790 2192 przeberc
1836 2123 1988 2177 sufti-

380 2222 569 2269 cerent
598 2213 818 2269 accolis.
839 2212 1023 2267 Tellus
1042 2228 1174 2268 vero
1197 2213 1400 2269 hiulcis
1427 2215 1627 2285 passim
1660 2213 1787 2269 ﬁssa
1813 2215 1987 2284 rimis,

380 2303 659 2375 pandebat
690 2303 872 2357 hiatus
902 2302 1271 2358 creberrimos
1299 2311 1355 2358 et
1385 2304 1551 2361 solito
1582 2304 1987 2375 profundiores.

379 2395 617 2450 Proinde
644 2410 832 2449 amnes
888 2393 1145 2466 largiflui,
1197 2394 1292 2465 qui
1332 2394 1503 2450 instar
1552 2395 1734 2466 abyssi
1780 2413 1992 2470 magna:

378 2482 681 2539 oneriferas
746 2490 963 2538 vectare
1015 2494 1415 2539 consueverant
1460 2501 1649 2553 naves,
1708 2486 1993 2542 exsiccatis

378 2577 571 2643 alveis,
594 2577 795 2632 amisso
823 2576 1023 2649 navigii
1053 2593 1177 2643 usu,
1211 2576 1497 2632 transitum
1533 2578 1816 2634 duodenni
1852 2596 1990 2649 pra:-

379 2670 585 2725 bebant
615 2684 811 2741 puero,
844 2670 888 2723 si
920 2669 1291 2724 necessarium
1314 2670 1455 2726 foret
1477 2671 1713 2741 pedibus
1732 2672 1983 2727 transire.

379 2764 525 2831 Quid
556 2764 626 2819 de
666 2772 943 2835 pratorum
985 2771 1226 2819 retexam
1256 2765 1569 2832 exustionc,
1613 2782 1735 2837 qua:
1788 2766 1988 2822 viroris

379 2855 599 2921 decere,
633 2855 836 2909 arstatis
875 2864 1124 2926 temporc
1180 2854 1372 2909 vestiri
1409 2854 1587 2909 solent
1616 2854 1985 2929 graminibus,

378 2948 619 3017 speciem
647 2948 847 3018 lapidis
885 2947 1221 3021 smaragdini
1259 2947 1671 3015 simulantibus,
1700 2964 1822 3019 qua:
1852 2955 1986 3003 testu

2098 484 2203 540 bus
2229 486 2389 541 annis
2425 486 2803 543 Floriacenses
2833 487 3107 546 liberavit.
3136 489 3378 549 Consilio
3417 510 3554 569 ergo
3585 496 3727 552 inito

2095 574 2402 629 decernunt
2441 576 2743 645 prudentes
2784 576 3087 632 Floriacum
3139 579 3383 652 dirigere
3413 582 3586 643 viros.
3622 585 3719 654 qui

2093 678 2419 718 communes
2442 664 2631 735 populi
2664 680 2858 735 preces
2884 665 3141 722 fratribus
3167 666 3490 724 intimarent
3518 670 3723 726 Floria-

2090 751 2368 819 censibus,
2403 758 2676 822 quatenus
2699 752 3035 809 Christicolm
3066 753 3354 826 suffragari
3388 771 3499 812 non
3542 757 3715 812 ditl'e-

2090 853 2211 901 rant
2240 847 2383 917 plebi
2417 847 2682 921 gregatim
2725 848 3005 918 percunti,
3041 849 3333 920 deportato
3373 865 3611 920 corpore
3649 853 3718 906 ad

2093 953 2189 991 eos
2213 937 2324 1006 jam
2354 937 2485 992 dicti
2514 937 2767 1008 martyris
2787 952 2913 993 cum
2945 938 3224 995 Benedicti
3248 938 3421 994 Patris
3442 940 3719 1012 reliquiis.

2093 1026 2453 1081 Venientibus
2484 1042 2614 1100 ergo
2644 1026 2950 1082 Floriacum
2991 1027 3207 1100 legatis,
3250 1034 3306 1083 et
3334 1046 3451 1083 rem
3485 1046 3587 1099 pro
3609 1047 3721 1101 qua

2092 1126 2358 1174 venerant
2414 1136 2478 1175 ex
2519 1120 2715 1177 ordine
2754 1122 3199 1192 propalantibus,
3231 1122 3430 1177 durum
3486 1123 3716 1194 quidem

2094 1207 2351 1263 fratribus
2401 1209 2692 1265 videbatur
2754 1210 3058 1282 gloriosum
3111 1218 3407 1281 martyrem
3463 1211 3720 1267 Floriaco

2093 1298 2405 1365 extrahere,
2431 1308 2486 1353 et
2514 1298 2600 1353 vel
2632 1298 2850 1353 modico
2880 1305 3148 1352 terrarum
3179 1297 3249 1352 ab
3281 1314 3347 1354 eo
3376 1299 3568 1355 divelli
3592 1317 3721 1371 spa-

2095 1389 2190 1455 tio,
2224 1406 2345 1445 cum
2380 1396 2503 1460 post
2529 1389 2939 1445 sanctissimum
2982 1390 3196 1445 Patrem
3238 1390 3294 1444 in
3328 1391 3448 1461 ipso
3475 1393 3720 1447 maxima

2092 1493 2221 1548 spes
2262 1478 2475 1533 illorum
2507 1478 2612 1532 sita
2644 1477 2807 1533 foret.
2833 1478 3030 1532 Durius
3059 1485 3245 1534 tamen
3272 1480 3595 1553 quibusque
3625 1498 3717 1536 sa-

2091 1572 2261 1627 nioris
2289 1572 2506 1627 consilii
2538 1572 2713 1628 visum
2744 1582 2850 1635 est,
2890 1573 2935 1627 si
2971 1579 3172 1628 tantam
3202 1573 3442 1645 plebem,
3470 1591 3715 1645 pra-ser-

2091 1664 2186 1718 tim
2243 1665 2417 1720 Patris
2456 1666 2736 1720 Benedicti
2794 1665 3156 1732 dilectricem,
3203 1667 3385 1737 perire
3443 1669 3719 1737 sinerent,

2092 1757 2326 1811 maxime
2364 1772 2487 1812 cum
2520 1764 2732 1811 certum
2791 1756 3065 1812 haberent
3106 1758 3363 1813 celeriter
3423 1760 3503 1814 illi
3557 1776 3720 1831 posse

2091 1844 2400 1912 subveniri,
2432 1851 2486 1900 et
2517 1844 2655 1899 fides
2686 1845 2993 1915 petentium
3019 1845 3124 1902 hoc
3150 1847 3299 1916 apud
3330 1862 3390 1901 se
3424 1848 3717 1904 retineret.

2092 1937 2387 2007 Assumpto
2423 1936 2590 2007 igitur
2620 1937 2841 2008 quidam
2877 1936 3261 2009 religiosorum
3294 1939 3528 1994 fratrum
3567 1940 3716 1995 cele-

2094 2028 2334 2083 berrimo
2366 2038 2601 2099 martyre
2631 2044 2754 2083 cum
2786 2029 3174 2084 sacratissimis
3205 2030 3381 2085 Patris
3422 2031 3714 2088 Benedicti

2095 2120 2437 2193 pignoribus,
2474 2122 2709 2176 honesto
2738 2122 3005 2176 comitum
3049 2129 3156 2177 tam
3184 2122 3517 2178 clericorum
3550 2141 3715 2195 quam

2091 2210 2353 2265 laicorum
2385 2210 2568 2264 vallati
2600 2211 2841 2283 agmine,
2882 2219 2940 2265 ut
2971 2217 3179 2265 tantum
3225 2211 3466 2267 decebat
3506 2223 3719 2285 marty-

2092 2317 2230 2367 rem,
2290 2301 2357 2354 ad
2398 2300 2730 2355 destinatum
2782 2302 3112 2371 perveniunt
3169 2303 3371 2358 locum.
3416 2304 3715 2375 Comperto

2094 2393 2533 2447 Gordenicenses
2584 2392 2653 2447 ad
2687 2408 2827 2463 quos
2875 2392 3177 2448 tendebant
3212 2410 3404 2449 eorum
3445 2396 3717 2461 adventu,

2092 2480 2310 2536 obviam
2363 2488 2529 2535 ruunt
2568 2481 2750 2535 omnis
2793 2497 2956 2535 sexus
2997 2482 3289 2553 omnisque
3326 2490 3492 2549 tetas;
3553 2500 3718 2539 senes

2090 2568 2195 2641 iam
2230 2571 2517 2642 decrepiti,
2540 2572 2763 2627 incurva
2793 2572 2990 2628 baculo
3018 2573 3435 2629 substentantes
3460 2576 3717 2631 membra

2091 2663 2306 2734 pueruli
2340 2664 2524 2728 etiam,
2560 2678 2699 2733 quos
2730 2663 2893 2719 modo
2938 2672 3071 2718 aetas
3095 2664 3164 2719 ad
3202 2664 3714 2736 frequentationem

2089 2752 2301 2806 habiles
2333 2751 2671 2817 reddiderat,
2695 2750 2899 2822 quibus
2920 2758 3171 2821 poterant
3209 2753 3415 2818 verbis,
3451 2754 3525 2808 ad
3555 2770 3716 2809 accc-

2089 2844 2377 2898 lerandum
2418 2843 2521 2897 sibi
2551 2843 2810 2914 opitulari
2855 2843 3142 2915 rogabant.
3186 2846 3528 2900 Immensum
3561 2863 3711 2902 nam-

2088 2952 2196 3007 que
2228 2935 2491 3009 gaudium
2534 2950 2723 2990 eorum
2753 2935 3000 3005 replebat
3040 2936 3228 3002 corda,
3275 2938 3546 3009 quoniam
3586 2956 3718 3010 quas

379 3036 512 3092 solis
558 3037 740 3092 διιιοίιτι
779 3037 858 3091 sic
906 3043 1183 3104 τινυοιςειηι,
1242 3037 1398 3108 quasi
1458 3053 1740 3108 numquam
1781 3037 1989 3109 aliquid
2018 3033 2203 3111 Ctoto
2236 3025 2437 3078 mentis
2491 3024 2769 3079 desiderio
2809 3024 2998 3079 videre
3044 3032 3466 3096 exeptaverant,
3503 3027 3706 3083 beatis-

379 3124 626 3181 humoris
656 3125 1017 3181 habuissent?
1048 3125 1215 3181 Porro
1234 3131 1311 3181 tot
1332 3133 1386 3181 et
1405 3132 1583 3181 tantas
1610 3133 1809 3181 nostra:
1836 3127 1983 3180 zetati

376 3214 690 3285 inexpertos
742 3231 1017 3270 aerumnas
1087 3216 1452 3271 comitabatur
1512 3217 1793 3271 mortifera
1842 3218 1979 3281 lues,

376 3322 498 3376 quae
521 3306 885 3360 humanorum
902 3321 1193 3375 corporum
1214 3306 1532 3361 innumeras
1544 3308 1795 3379 quotidie
1819 3309 1986 3364 dabat

374 3405 605 3471 strages,
636 3414 757 3468 quae
789 3397 910 3452 lues
934 3396 1169 3451 maxime
1196 3398 1404 3453 incolas
1430 3415 1595 3469 supra
1626 3398 1720 3453 fati
1748 3400 1986 3472 angebat

376 3490 562 3556 castri,
615 3506 737 3544 cum
770 3488 997 3560 reliqua:
1044 3489 1229 3544 clades
1268 3506 1413 3561 pene
1442 3492 1537 3546 toti
1570 3492 1987 3547 dominarentur

374 3580 580 3635 Gallico
604 3579 743 3635 orbi.
779 3578 924 3632 Nihil
955 3578 1009 3632 in
1044 3595 1109 3634 eo
1150 3580 1450 3651 apparebat
1476 3590 1674 3650 castro,
1703 3582 1806 3636 nisi
1835 3598 1985 3637 mor-

375 3674 443 3728 tis
466 3673 674 3746 imago;
711 3672 895 3727 omnia
924 3672 1280 3742 plenaluctus
1325 3674 1487 3743 plena
1518 3674 1792 3740 maeroris,
1821 3674 1983 3744 plena

373 3762 599 3817 doloris.
651 3761 929 3832 Nusquam
984 3760 1146 3827 risus,
1224 3778 1494 3834 nusquam
1546 3764 1728 3818 cordis
1773 3764 1979 3833 laetitia,

372 3870 641 3925 nusquam
669 3852 853 3908 vultus
893 3852 1166 3919 hilaritas;
1220 3870 1416 3908 omnes
1446 3855 1740 3910 submissis
1782 3856 1837 3910 in
1873 3862 1981 3911 ter-

371 3964 483 4002 ram
544 3947 941 4021 gradiebantur
994 3948 1192 4002 oculis.
1245 3948 1364 4003 Non
1417 3949 1488 4002 ibi
1548 3950 1982 4005 exaudiebantur

369 4056 533 4096 voces
564 4039 971 4104 exsultantium,
1009 4055 1117 4095 non
1166 4039 1459 4095 mulierum
1496 4040 1695 4095 tinnuli
1750 4058 1978 4097 concre-

369 4135 574 4207 pabant
611 4142 807 4190 cantus
838 4134 1036 4190 choros
1072 4135 1418 4190 ducentium.
1477 4136 1635 4191 Nulla
1676 4136 1731 4190 in
1785 4137 1981 4208 plateis

366 4225 546 4296 plebis
575 4223 923 4295 frequentia:
967 4231 1022 4279 et
1049 4224 1247 4279 mirum
1291 4226 1437 4296 quod
1468 4225 1526 4280 in
1554 4232 1663 4281 tam
1704 4228 1976 4298 populoso

365 4317 573 4388 oppido
629 4315 718 4371 vix
774 4331 894 4369 rara
937 4320 1029 4370 aut
1068 4315 1240 4384 nulla,
1292 4323 1444 4372 metu
1501 4316 1695 4372 mortis
1745 4326 1977 4373 cunctos

364 4418 743 4481 percurrente,
797 4408 1019 4464 videres
1082 4409 1488 4465 conventicula.
1556 4411 1732 4466 Decor
1777 4410 1978 4466 mulie-

362 4519 505 4571 rum,
546 4517 845 4573 puerorum
877 4500 1123 4565 lascivia,
1140 4500 1407 4570 juvenum
1442 4502 1768 4572 petulantia,
1793 4503 1979 4558 varius

361 4595 597 4651 vestium
633 4600 860 4650 ornatus
898 4594 953 4648 in
992 4594 1173 4663 pullos
1218 4601 1586 4650 commutatus
1634 4592 1809 4650 fuerat
1840 4596 1978 4649 ami-

358 4696 497 4745 ctus.
533 4688 643 4743 Nec
703 4686 1017 4742 immerito:
1067 4686 1153 4741 vix
1200 4686 1348 4741 enim
1389 4687 1570 4759 aliqua
1627 4686 1889 4741 immunis
1945 4704 1976 4743 a

359 4778 629 4834 cadavere
689 4776 826 4831 inibi
885 4775 1267 4847 reperiebatur
1314 4776 1531 4832 domus.
1578 4776 1789 4847 Quippe
1847 4793 1970 4832 cum

356 4890 468 4947 quo
521 4872 732 4945 aliquid
776 4872 1052 4928 tractabas
1107 4871 1274 4928 modo
1315 4872 1479 4927 homo
1518 4879 1642 4943 post
1685 4871 1968 4943 Paululum

355 4963 524 5021 ﬁebat
568 4963 822 5019 cadaver.
853 4962 1119 5019 Moriente
1163 4962 1382 5034 aliquo;
1433 4979 1683 5035 quazrere
1730 4963 1972 5019 solemus

353 5057 715 5128 vespillones,
772 5057 869 5129 qui
924 5055 1190 5112 defuncto
1243 5062 1542 5127 procurent
1580 5055 1966 5127 sepulturam;

356 5146 434 5202 ibi
495 5161 624 5202 vero
666 5152 963 5218 antequam
1013 5145 1250 5201 sciretur
1306 5144 1401 5216 qui
1464 5144 1520 5199 in
1596 5145 1679 5200 eis
1765 5145 1967 5201 mortui

354 5239 485 5311 poni
539 5237 827 5305 deberent,
872 5238 1292 5311 quamplurima:
1322 5237 1391 5293 ab
1446 5237 1599 5293 illius
1630 5237 1799 5294 officii
1863 5238 1966 5292 mi-

352 5328 540 5384 nistris
569 5324 777 5382 ﬁebant
803 5326 982 5395 fossae,
1015 5326 1182 5383 certis
1220 5327 1539 5382 nullatenus
1585 5327 1841 5383 mercede
1879 5328 1964 5383 sui

347 5417 555 5475 laboris
584 5429 643 5469 se
674 5429 837 5485 posse
886 5414 1148 5471 fraudari.
1197 5415 1291 5471 llis
1319 5423 1376 5472 et
1412 5415 1776 5488 amplioribus
1805 5416 1968 5488 eppi-

349 5511 479 5565 dani
525 5509 640 5577 jam
690 5505 820 5561 dicti
870 5508 1031 5562 castri
1070 5509 1331 5563 coarctati
1389 5508 1571 5576 malis,
1624 5510 1846 5564 tandem
1876 5525 1967 5564 re-

349 5597 450 5652 diit
480 5595 550 5651 ad
581 5593 903 5648 memoriam
923 5585 1543 5668 qualiter'omnipotens
1574 5598 1838 5654 Dominus
1868 5614 1968 5670 per

352 5686 573 5741 beatum
628 5688 917 5750 martyrem
990 5684 1259 5754 Maurum,
1342 5690 1733 5747 comitantibus
1791 5691 1965 5748 Patris

2086 3114 2210 3168 simi
2261 3114 2520 3169 videlicet
2563 3112 2728 3167 Mauri
2795 3111 3145 3183 aspiciebant
3185 3114 3473 3185 reliquias,
3530 3116 3710 3170 securi

2077 3205 2190 3273 jam
2224 3203 2291 3258 de
2335 3220 2433 3257 sua
2474 3218 2571 3273 per
2600 3218 2726 3257 eum
2749 3201 2925 3256 salute
2958 3217 3125 3273 quem
3156 3203 3306 3272 apud
3353 3204 3711 3275 omnipoten-

2085 3306 2195 3353 tem
2227 3298 2517 3353 Dominum
2571 3304 2779 3351 tantum
2831 3296 3123 3351 audierant
3168 3311 3355 3367 posse.
3406 3296 3712 3352 Occurrunt

2085 3387 2249 3441 etiam
2280 3403 2403 3441 cum
2446 3384 2685 3440 maxime
2714 3384 2954 3454 tripudio
2987 3384 3170 3440 Sancti
3213 3384 3392 3456 Satyri
3425 3387 3702 3454 canonici,

2085 3482 2224 3537 albis
2257 3481 2435 3535 induti
2455 3479 2725 3543 vestibus,
2757 3479 3115 3550 superamieti
3140 3477 3473 3535 holoscricis
3498 3480 3706 3551 cappis,

2085 3573 2364 3640 crucibus,
2397 3572 2575 3627 cereis
2599 3571 3003 3643 thuribulisque
3036 3571 3394 3642 thymiamate
3426 3587 3700 3641 vaporan-

2086 3666 2233 3721 tibus
2264 3665 2586 3736 praemissis.
2628 3664 2927 3718 Deducitur
2972 3663 3331 3717 beatissimus
3371 3669 3582 3733 martyr
3609 3663 3704 3717 hac

2082 3755 2273 3825 pepuli
2330 3753 2640 3825 frequentia
2692 3769 2868 3824 usque
2908 3752 2976 3806 ad
3013 3752 3177 3807 castri
3216 3752 3531 3823 superiora,
3563 3752 3702 3823 quod

2081 3848 2243 3902 situm
2272 3853 2375 3911 est,
2406 3851 2465 3900 ut
2492 3845 2743 3900 recolunt
2775 3844 2869 3916 qui
2893 3844 3173 3909 viderunt,
3205 3852 3262 3898 ut
3299 3845 3566 3915 praerupti
3598 3844 3702 3900 col-

2081 3939 2150 3995 lis
2200 3936 2523 3993 eminentia.
2583 3936 2858 4008 Expositis
2911 3950 3045 4008 ergo
3076 3935 3133 3990 in
3184 3934 3420 4006 planitie
3452 3936 3698 4004 ejusdem

2081 4031 2271 4104 eppidi
2289 4030 2470 4101 cupis,
2505 4029 2757 4084 defertur
2775 4028 2961 4083 vinum
2990 4028 3240 4083 certatim
3272 4027 3328 4081 in
3344 4028 3634 4099 amphoris
3652 4034 3701 4084 ct

2080 4128 2202 4183 aliis
2220 4126 2363 4181 vasis
2390 4124 2734 4195 deportando
2759 4124 2890 4179 vino
2912 4123 3137 4194 aptatis,
3169 4130 3225 4179 et
3243 4123 3501 4179 funditur
3521 4125 3578 4179 in
3604 4125 3697 4190 eis,

2077 4225 2351 4291 quatenus
2389 4216 2502 4272 loto
2556 4214 2758 4271 feretro
2813 4230 2923 4286 quo
2957 4214 3105 4269 beati
3160 4215 3417 4285 martyris
3446 4217 3694 4271 contine-

2077 4311 2276 4366 bantur
2303 4308 2576 4375 membra,
2617 4324 2683 4363 ex
2726 4306 2818 4362 illa
2850 4306 3078 4378 potione
3105 4308 3269 4378 (saint
3297 4308 3523 4376 vinage)
3545 4308 3694 4380 quasi

2078 4403 2147 4458 de
2187 4401 2322 4473 ipsis
2364 4400 2535 4456 sacris
2592 4399 2816 4455 condita
2865 4398 3152 4464 membris,
3217 4398 3367 4453 velut
3398 4399 3468 4453 de
3511 4399 3692 4454 confe-

2079 4493 2264 4548 ctione
2296 4490 2479 4561 aliqua
2527 4487 2843 4543 medicinali
2868 4503 3065 4543 omnes
3096 4494 3443 4557 poterentur.
3478 4488 3696 4543 Videres

2080 4582 2335 4636 nimirum
2412 4577 2732 4634 catervatim
2813 4576 3095 4632 conﬂuere
3171 4576 3446 4633 universa:
3525 4579 3692 4632 aetatis

2076 4692 2289 4743 sexum,
2322 4674 2536 4730 deferre
2569 4673 2815 4744 cyathos,
2848 4672 3107 4743 scyphos,
3140 4681 3404 4738 crateras,
3436 4678 3493 4726 et
3525 4673 3694 4741 cujus-

2076 4788 2182 4845 que
2220 4769 2443 4844 generis
2480 4768 2701 4825 vascula
2725 4767 2796 4822 ad
2834 4765 3251 4836 suscipiendum
3294 4774 3488 4837 potum
3570 4768 3692 4822 Sus-

2073 4869 2234 4935 cepto
2264 4877 2396 4935 ergo
2428 4861 2484 4916 in
2511 4876 2612 4916 suo
2645 4859 2883 4931 quisque
2924 4858 3097 4914 calice
3129 4857 3279 4914 illius
3310 4859 3692 4914 medicaminis

2074 4958 2664 5025 haustu,nequaquam
2689 4950 2922 5023 aliquid,
2964 4958 3029 5005 ut
3057 4949 3200 5005 ﬁerit
3238 4950 3466 5017 assolet,
3493 4950 3689 5006 exinde

2070 5045 2221 5101 domi
2253 5041 2629 5099 residentibus
2667 5039 3018 5111 deportabat,
3059 5038 3386 5110 priusquam
3415 5038 3693 5096 sufﬁcien-

2072 5144 2155 5190 ter
2187 5132 2527 5197 reficerctur,
2551 5137 2808 5185 metuens
2823 5127 2869 5182 si
2889 5127 2976 5183 vel
3011 5126 3229 5182 modica
3258 5135 3557 5199 postquam
3575 5145 3690 5184 sus-

2067 5229 2310 5295 ceperat,
2341 5220 2556 5277 morula
2589 5217 2984 5284 intercederet,
3018 5232 3090 5271 ne
3120 5215 3307 5271 subita
3354 5217 3479 5273 lues
3508 5234 3568 5273 se
3606 5232 3688 5288 pe-

2066 5316 2321 5380 rimeret;
2382 5311 2588 5368 etenim
2648 5310 2743 5383 qui
2803 5307 3043 5380 amplius
3120 5323 3187 5363 ex
3235 5308 3443 5365 eodem
3499 5316 3681 5380 potum

2066 5409 2286 5466 haurire
2313 5414 2531 5479 poterat
2566 5404 2910 5476 ampliorem,
2957 5402 3193 5458 salutem
3257 5418 3383 5458 sese
3425 5403 3687 5475 promeri-

2068 5514 2250 5561 turum
2300 5502 2573 5574 sperabat.
2632 5498 2841 5555 Refecti
2876 5498 3044 5573 igitur
3100 5513 3168 5553 eo
3228 5496 3436 5552 affatim
3475 5512 3683 5562 omnes,

2068 5602 2348 5675 (caeterum
2382 5597 2525 5654 idem
2559 5602 2797 5653 castrum
2824 5610 2935 5665 prae
2966 5593 3170 5649 ceteris
3186 5593 3318 5649 vino
3348 5594 3684 5659 abundat,ct

2066 5690 2330 5766 gaudium
2360 5693 2475 5744 erat
2514 5685 2715 5757 cuique
2746 5683 2840 5757 qui
2874 5682 3009 5739 illud
3044 5681 3295 5754 praebere
3321 5683 3544 5741 valebat
3572 5682 3679 5752 (ro-
