3938 6206
238 276 384 344 1209

1411 280 1747 338 MIRACULA
1786 283 2014 339 SANCTI
2054 284 2419 341 BENEDIC’I‘L

3438 291 3579 351 1210

228 413 366 481 gant
396 408 602 465 obnixe
629 423 740 480 quo
797 409 991 466 beatus
1029 417 1235 483 martyr
1259 428 1356 483 per
1384 413 1535 471 vicos
1565 423 1621 471 et
1642 416 1856 486 plateas
1881 422 1932 490 Α
1959 419 2307 486 vocabulum,
2356 420 2613 490 q1t0nl.l‘n
2676 429 2760 477 est
2799 422 3130 490 barbarum;
3183 431 3389 493 tamen,
3432 425 3579 482 sicut

231 498 484 565 ejusdem
519 498 945 557 circumieratur
962 502 1178 572 oppidi,
1210 509 1269 559 ut
1294 503 1557 574 pestifera
1586 507 1708 563 lues
1735 509 1858 578 ejus

229 593 583 664 praesentiam
617 593 859 667 fugiens,
900 612 931 650 a
970 597 1184 651 cunctis
1228 597 1400 668 ipsius
1433 599 1733 669 pelleretur
1759 616 1862 655 an-

231 684 398 757 gulis.
439 685 550 741 Hoc
575 684 724 741 facto
752 686 921 757 coepit
978 688 1257 759 extemplo
1286 696 1482 745 ventus
1544 691 1654 745 leni
1687 691 1861 763 spira-

238 773 392 828 mine
415 791 596 830 acrem
622 776 679 830 in
708 777 885 831 nubes
905 792 1131 851 cogere,
1158 779 1324 849 polus
1355 780 1558 835 deinde
1579 780 1866 851 obscurari

235 862 513 920 densitate
546 864 799 922 nubium.
834 868 945 923 Nec
997 885 1173 937 mora,
1206 876 1265 924 ut
1293 871 1435 926 solet
1465 871 1519 924 in
1569 872 1737 943 Aprili
1768 872 1864 927 dc-

231 956 502 1012 seendere
527 958 709 1029 pluvia
739 959 844 1014 levi
869 977 1129 1016 aurarum
1162 963 1432 1029 susurrio,
1467 963 1644 1018 imber
1672 964 1864 1038 gratis-

235 1049 413 1103 simus
443 1049 661 1119 placido
699 1050 854 1121 lapsu
889 1070 1014 1108 sese
1046 1052 1247 1109 infudit
1278 1053 1519 1110 sitientis
1560 1054 1772 1110 telluris
1797 1055 1853 1110 in

231 1137 530 1209 gremium,
556 1139 842 1209 depellens
864 1143 1143 1209 nocivum,
1176 1144 1270 1215 qui
1305 1144 1401 1199 diu
1434 1144 1654 1218 lugubri
1683 1145 1856 1201 domi-

230 1236 396 1283 natus
422 1228 632 1282 mundo
674 1229 869 1297 fuerat,
910 1232 1044 1287 solis
1099 1233 1375 1288 ardorem.
1421 1233 1587 1289 Porro
1626 1234 1855 1305 expulsa

230 1332 360 1372 mox
400 1317 587 1371 clades
627 1316 717 1371 illa
772 1320 1076 1387 mortifera,
1138 1336 1263 1392 quae
1303 1321 1504 1377 multas
1543 1322 1854 1378 mortalium

228 1413 443 1479 strages
483 1406 589 1461 illis
622 1407 674 1460 in
717 1408 852 1462 locis
911 1410 1198 1480 inexperto
1259 1409 1510 1465 ediderat
1541 1426 1715 1478 more,
1765 1411 1855 1467 lu-

229 1505 439 1554 strante
464 1498 601 1554 fines
634 1500 758 1556 illos
787 1502 949 1558 beato
980 1510 1239 1574 martyre,
1267 1506 1543 1560 neminem
1572 1505 1854 1562 hominum

233 1590 373 1645 inibi
406 1591 625 1648 insueto
655 1593 921 1665 deinceps
950 1596 1116 1651 modo
1146 1612 1279 1650 ausa
1306 1604 1391 1651 est
1424 1598 1715 1670 attingere.
1755 1599 1861 1653 De-

232 1680 404 1751 nique
427 1681 567 1735 eruti
591 1682 659 1736 ab
688 1682 914 1738 immani
948 1685 1217 1755 periculo,
1248 1700 1360 1740 non
1399 1686 1560 1740 estin
1602 1695 1860 1757 promptu

231 1772 420 1829 dicere
477 1785 684 1847 quanto
744 1778 1131 1847 tripudiabant
1193 1780 1417 1851 gaudio,
1480 1781 1859 1852 persolventes

231 1866 454 1921 laudum
500 1868 712 1923 cantica
744 1869 1112 1940 omnipotenti
1152 1871 1406 1938 Domino,
1435 1873 1528 1944 qui
1564 1890 1665 1944 per
1693 1890 1855 1929 suum

229 1957 613 2014 fidelissimum
654 1968 850 2015 testem
877 1978 908 2015 a
938 1962 1136 2018 subitas
1184 1964 1377 2019 mortis
1407 1964 1729 2020 discrimine
1760 1966 1853 2020 di-

225 2057 427 2123 gnatus
457 2059 538 2106 est
569 2067 664 2106 eos
694 2052 932 2123 eripere.
967 2053 1151 2108 Nostri
1173 2048 1543 2109 nihilominus
1574 2055 1855 2128 legislato-

229 2138 307 2192 ris
344 2155 531 2194 amore
562 2139 822 2207 devincti,
858 2142 978 2209 ejus
1010 2143 1265 2197 meritum
1312 2143 1571 2197 sublimis
1601 2145 1856 2201 attollunt

233 2231 511 2301 praeconio
542 2232 713 2300 vocis,
741 2234 836 2304 qui
870 2240 1078 2289 tantum
1112 2234 1318 2290 habere
1350 2236 1616 2291 meruerit
1656 2243 1851 2293 contu-

232 2324 540 2394 bernalem,
574 2341 675 2396 per
703 2342 888 2397 quem,
920 2327 1095 2399 ipsius
1134 2328 1308 2383 Patris
1332 2329 1540 2397 junctis
1569 2331 1849 2401 precibus,

232 2412 619 2469 imminentem
642 2416 919 2470 evaserint
947 2422 1200 2471 mortem.
1227 2418 1461 2473 Proinde
1492 2428 1700 2491 quanta
1728 2420 1845 2476 fue-

231 2505 344 2560 rint
378 2522 668 2562 munerum
701 2507 954 2575 donaria,
1013 2509 1192 2581 quivis
1245 2512 1594 2582 perpendere
1647 2521 1849 2585 potest,

230 2598 365 2652 dum
394 2598 778 2670 unusquisque
807 2600 1087 2671 praecipua
1112 2617 1236 2672 quae
1259 2602 1447 2667 habet,
1475 2602 1672 2659 oﬁ'erre
1696 2604 1855 2661 festi-

222 2692 338 2751 nat,
369 2702 439 2740 ne
488 2685 632 2741 alius
680 2703 741 2742 se
781 2688 1033 2744 devotior
1089 2698 1370 2761 appareat.
1424 2692 1713 2765 Siquidem
1752 2709 1853 2764 per

219 2777 462 2832 triduum
523 2778 779 2834 detinent
827 2796 985 2834 suum
1025 2781 1371 2837 salutiferum
1433 2784 1729 2855 hospitem,
1790 2792 1849 2841 ut

219 2868 490 2924 certiores
518 2869 643 2925 facti
673 2871 741 2925 de
770 2886 1032 2927 concessa
1059 2872 1258 2940 salute,
1289 2874 1439 2929 nulla
1459 2874 1572 2946 jam
1605 2875 1844 2932 formido

220 2960 398 3031 ipsius
424 2961 597 3032 pestis
651 2963 703 3017 in
736 2978 929 3019 eorum
962 2964 1235 3020 resideret
1274 2973 1484 3022 mente.
1547 2969 1607 3022 In
1648 2975 1845 3040 quarto

226 3058 451 3112 demum
483 3059 575 3113 die
625 3075 749 3115 cum
798 3060 1019 3131 hymnis
1043 3068 1097 3116 et
1134 3063 1366 3118 canticis
1389 3068 1559 3133 :tanto
1610 3072 1848 3137 martyre

231 3146 418 3221 dignis
448 3147 569 3216 ejus
602 3154 1006 3221 persequuntur
1052 3149 1312 3205 feretrum
1355 3167 1454 3221 per
1492 3151 1710 3227 longius
1746 3153 1849 3209 vim

227 3243 472 3313 spatium
500 3242 992 3317 valedicentcsque
1016 3245 1093 3299 illi
1112 3246 1177 3299 ad
1201 3247 1567 3317 propriasunt
1589 3249 1845 3321 regressi.

227 3334 444 3391 Fratres
472 3335 663 3407 itaque
691 3335 998 3392 Floriaeum
1039 3338 1395 3409 repedantes,
1437 3345 1663 3395 narrant
1701 3340 1848 3395 resi-

223 3422 350 3477 duis
372 3440 493 3495 quae
515 3422 709 3480 fecerit
738 3425 1014 3496 magnalia
1046 3426 1312 3481 Dominus
1333 3428 1688 3499 omnipotens
1711 3427 1851 3485 fide-

224 3513 360 3567 lium
422 3530 647 3569 suorum
731 3514 962 3570 meritis.
1051 3515 1150 3581 Qui
1216 3516 1607 3588 gratulabundi
1659 3519 1852 3574 laudes

229 3604 430 3664 exinde
492 3603 738 3660 referunt
784 3604 1031 3660 omnium
1080 3605 1345 3673 Creatori,
1404 3606 1551 3662 beati
1601 3609 1852 3679 martyris

226 3695 512 3766 Patrisque
551 3693 635 3748 sui
685 3693 945 3765 precibus
986 3710 1109 3750 sese
1157 3695 1619 3751 commendantes
1671 3702 1851 3751 atten-

226 3786 358 3841 tius.

299 3878 425 3933 CAP.
481 3876 641 3931 XXII.
697 3907 764 3918 -—
811 3881 863 3932 S.
918 3881 1095 3934 Mauri
1142 3878 1387 3946 brachia,
1435 3879 1548 3934 ubi.
1595 3882 1852 3949 Perjurus

224 3971 473 4039 punitus.
519 3971 907 4023 Juramentum
942 3983 1103 4038 super
1134 3969 1407 4037 reliquias.
1451 3968 1594 4023 Nulli
1644 3968 1842 4025 videa-

1960 507 2259 579 profertur,
2314 509 2564 575 barbare,
2636 510 3043 579 adnotavimus,
3102 522 3329 569 vocatur
3388 514 3575 587 itaque

1960 599 2191 652 Pontons
2267 596 2321 650 in
2362 596 2591 669 regione
2646 598 2824 668 posita
2864 599 3203 656 Guasconias.
3252 602 3391 671 Ergo
3430 603 3578 673 apud

1964 686 2184 740 Diacum
2217 685 2442 757 quidam
2472 685 2722 754 ejusdem
2747 686 2850 741 loci
2883 687 3186 743 habebatur
3218 689 3455 754 villicus,
3478 706 3582 746 no-

1970 774 2117 828 mine
2148 773 2477 841 Joscclinus,
2524 774 2619 845 qui
2665 774 2794 829 dum
2853 777 2909 829 in
2968 776 3152 831 multis
3200 777 3359 832 aliter
3416 795 3579 850 quam

1966 868 2257 939 Oportebat
2287 875 2494 942 ageret,
2527 870 2845 924 extricando
2878 885 3102 925 suorum
3137 887 3361 926 censum
3399 872 3582 927 domi-

1965 973 2180 1021 norum,
2200 957 2516 1029 usurpando
2532 974 2628 1028 per
2648 956 2894 1012 fraudem
2910 959 3118 1013 reditus
3138 976 3418 1034 agrorum,
3441 963 3579 1017 sub-

1961 1043 2214 1115 ripiendo
2269 1045 2415 1100 bona
2456 1047 2781 1101 rusticorum
2831 1048 2934 1101 sibi
2975 1048 3420 1117 commissorum,
3460 1060 3583 1121 post

1958 1133 2221 1204 plurimas
2258 1134 2692 1209 objurgationes,
2743 1135 2948 1207 quibus
2980 1146 3039 1192 ut
3078 1154 3139 1192 se
3171 1155 3201 1193 a
3226 1139 3345 1194 suis
3396 1141 3582 1210 pravis

1962 1223 2262 1297 corrigeret
2314 1222 2531 1278 actibus
2586 1224 2975 1293 commonitus,
3028 1226 3156 1298 quia
3227 1243 3580 1300 nequaquam

1956 1315 2282 1370 emendatus
2329 1322 2430 1381 est,
2475 1332 2506 1370 a
2559 1315 2816 1372 Rainerio
2863 1316 2983 1387 ejus
3039 1318 3412 1388 possessionis
3445 1327 3576 1375 tunc

1959 1411 2277 1481 praeposito,
2294 1409 2643 1480 postmodum
2659 1410 2889 1478 abbate,
2906 1413 3267 1483 quarumdam
3291 1429 3578 1469 causarum

1958 1498 2229 1553 rationem
2276 1498 2507 1553 reddere
2539 1498 2754 1571 cogitur
2786 1499 3096 1554 infideliter
3127 1517 3157 1555 a
3183 1517 3243 1555 se
3271 1508 3574 1576 gestarum.

1962 1590 2260 1646 Judiciario
2300 1589 2505 1645 deinde
2532 1606 2686 1646 more
2716 1590 2977 1646 ventilata
3006 1608 3195 1648 earum
3219 1609 3402 1647 rerum
3433 1610 3580 1665 quaa-

1960 1680 2161 1746 stione,
2188 1678 2477 1734 deﬁnitum
2511 1688 2593 1734 est
2616 1695 2742 1734 eum
2774 1678 2979 1734 debere
3003 1680 3323 1748 juramento
3355 1681 3462 1736 sibi
3485 1682 3581 1738 ob-

1955 1772 2390 1840 jectaret‘ellere,
2424 1773 2555 1843 quia
2587 1771 2939 1829 inficiabatur
2954 1774 3141 1828 omnia
3173 1774 3265 1828 illa
3290 1774 3360 1829 de
3378 1775 3581 1847 quibus

1956 1867 2371 1923 criminabatur.
2433 1867 2749 1939 Respondet
2778 1867 2869 1923 ille
2908 1884 2967 1923 se
3007 1868 3260 1924 alacriter
3298 1870 3580 1939 jusjuran-

1956 1959 2085 2013 dum
2118 1958 2406 2014 facturum.
2438 1958 2549 2014 Nec
2580 1969 2821 2015 moratus
2851 1959 3060 2015 diutius
3080 1960 3192 2029 jam
3227 1960 3405 2016 dictus
3433 1978 3579 2032 prae-

1956 2051 2188 2121 positus,
2239 2051 2398 2119 jubet
2453 2051 2635 2107 afferri
2694 2067 2877 2108 coram
2941 2053 3201 2124 superius
3241 2061 3579 2109 memoratas

1954 2137 2100 2193 beati
2132 2139 2391 2210 martyris
2445 2141 2726 2212 reliquias.
2776 2143 2840 2196 At
2870 2141 3203 2197 miserabilis
3243 2142 3577 2210 Joscelinus,

1951 2229 2198 2302 quamvis
2214 2247 2340 2284 eum
2376 2246 2476 2285 sua
2507 2232 2945 2301 reprehenderet
2977 2232 3343 2300 conscientia,
3379 2233 3571 2288 formi-

1953 2322 2084 2376 dine
2136 2322 2421 2393 prazpositi
2479 2323 2565 2377 sui
2621 2324 3017 2394 compellente,
3078 2325 3361 2395 prazsumit
3403 2327 3576 2381 sacris

1952 2413 2277 2487 pignoribus
2313 2422 2521 2469 temere
2552 2429 2772 2468 manum
2806 2414 3117 2484 imponere.
3182 2415 3409 2471 Peracto
3444 2432 3573 2473 vero

1954 2512 2318 2574 sacramento,
2351 2506 2493 2561 sicut
2520 2506 2859 2562 dictaverunt
2892 2506 2984 2578 qui
3017 2506 3149 2562 illud
3195 2506 3313 2562 fieri
3355 2508 3577 2577 adjudi-

1954 2607 2234 2664 caverant,
2268 2597 2555 2669 improbus
2578 2598 2855 2669 pejerator
2887 2598 3000 2667 jam
3034 2615 3280 2669 securus,
3313 2602 3575 2672 quoniam

1954 2692 2102 2749 illico
2139 2694 2375 2748 minime
2404 2693 2586 2764 ipsum
2628 2693 2939 2763 perculerat
2980 2693 3169 2748 divina
3214 2694 3377 2763 ultio,
3415 2696 3574 2751 hilari

1951 2787 2124 2853 vultu,
2174 2786 2503 2858 procacibus
2552 2785 2759 2852 verbis,
2801 2802 2965 2857 quam
3015 2786 3280 2857 prolixam
3330 2788 3571 2845 habebat

1951 2877 2120 2932 barba
2143 2884 2329 2934 mento
2357 2884 2521 2933 tenus
2551 2877 2983 2949 comprehensa:
3019 2882 3120 2934 l‘er
3147 2881 3313 2941 hanc,
3368 2880 3568 2952 inquit,

1950 2967 2176 3021 barbam
2188 2968 2519 3035 salvum/cci
2537 2974 2962 3023 sacramentum.
2997 2967 3113 3032 Quo
3137 2968 3309 3035 dicto,
3333 2976 3444 3026 tota
3460 2972 3573 3026 vel-

1950 3060 2029 3114 uti
2088 3075 2209 3114 eam
2277 3059 2780 3130 comprehenderat
2838 3076 3059 3115 manum
3129 3067 3423 3130 prosecuta
3494 3072 3577 3117 est

1951 3146 2122 3203 barba
2170 3148 2383 3220 reliquo
2423 3163 2533 3220 quo
2588 3148 2724 3204 vixit
2792 3154 3062 3219 tempore,
3104 3156 3291 3205 mento
3351 3151 3574 3220 penitus

1953 3244 2345 3308 perseverante
2365 3237 2421 3292 in
2451 3237 2640 3293 barbae
2664 3237 3000 3309 privatione.
3027 3237 3374 3294 Manifestatu
3412 3238 3580 3311 igitur

1952 3332 2072 3388 luce
2103 3332 2305 3388 clarius
2344 3332 2466 3402 ejus
2506 3329 2858 3398 inﬁdelitate,
2903 3330 3052 3400 justo
3100 3331 3314 3401 judicio
3371 3332 3571 3387 amissa

1950 3420 2552 3487 villicatione,ulterius
2575 3436 2678 3476 nec
2699 3421 2838 3490 ipse,
2864 3436 2970 3476 nec
2998 3421 3223 3476 soboles
3249 3421 3371 3490 ejus
3395 3422 3577 3492 potuit

1951 3509 2219 3575 villicare,
2280 3515 2535 3578 expertus
2591 3508 2813 3564 beatum
2870 3517 3168 3580 martyrem
3220 3511 3563 3567 admirandae

1951 3599 2167 3654 virtutis
2198 3598 2335 3665 fore,
2364 3613 2529 3669 quem
2570 3599 2721 3669 prius
2736 3599 2924 3654 debita
2944 3616 3295 3673 nequaquam
3321 3618 3556 3658 venera-

1952 3693 2039 3743 tus
2080 3687 2257 3742 fuerat
2281 3686 2606 3741 reverentia.

2025 3781 2151 3836 Car.
2193 3782 2374 3837 XXIII.
2408 3812 2473 3821 —
2503 3782 2744 3837 Ecclesioa
2770 3784 2998 3838 violator
3022 3787 3275 3853 punitur.
3322 3788 3564 3841 Pictones

1952 3873 2201 3928 audaces.
2234 3871 2505 3926 Praeterea
2522 3871 2722 3927 comite
2753 3872 2863 3942 (17)
2892 3872 3297 3928 Pictavensium
3326 3872 3382 3927 in
3402 3888 3570 3944 expe-

1951 3967 2219 4023 ditionem
2250 3963 2799 4035 Hierosolymitanam
2831 3965 3002 4020 multa
3033 3973 3368 4023 armatorum
3400 3969 3571 4023 millia

226 4068 317 4117 tur
377 4073 695 4121 onerosum,
765 4060 813 4114 si
868 4059 980 4116 duo
1026 4060 1418 4115 subnectamus
1455 4060 1715 4132 capitula,
1774 4063 1843 4118 ad
1944 4056 2205 4124 ducente,
2262 4069 2398 4111 uxor
2444 4055 2618 4125 ipsius
2673 4070 2861 4110 curam
2907 4056 3108 4130 agebat
3152 4057 3561 4127 provinciarum

227 4154 449 4210 laudem
485 4153 651 4221 hujus
695 4154 984 4223 praesentis
1027 4154 1361 4210 sanctissimi
1406 4154 1665 4227 martyris
1698 4155 1844 4211 refe—

224 4254 416 4302 rentes
444 4244 603 4310 mira,
636 4260 758 4316 quae
779 4261 877 4316 per
903 4262 1030 4301 eum
1069 4247 1426 4318 omnipotens
1454 4248 1721 4304 Dominus
1751 4265 1845 4306 os-

225 4340 457 4394 tendere
487 4337 746 4409 dignatus
783 4343 866 4392 est
905 4353 1075 4408 opera
1106 4338 1161 4392 in
1202 4338 1418 4393 duabus
1463 4339 1686 4415 longius
1713 4358 1746 4397 a
1787 4358 1848 4398 se

1945 4145 2199 4217 potestati
2235 4159 2347 4199 suae
2400 4144 2767 4199 subditarum.
2829 4144 2980 4200 Unde
3039 4144 3246 4201 factum
3286 4152 3388 4214 est,
3432 4146 3563 4200 dum

1950 4236 2311 4292 Guasconiam
2371 4241 2709 4307 peragraret,
2770 4243 2831 4291 ut
2905 4242 3240 4293 transmeata
3296 4236 3572 4292 Garumna

1949 4329 2090 4386 lines
2130 4331 2380 4399 ejusdem
2430 4327 2672 4403 regionis
2725 4329 2997 4402 attigeret,
3033 4329 3087 4383 in
3127 4329 3329 4401 quibus
3353 4329 3567 4401 positus

226 4428 454 4485 remotis
479 4427 820 4502 regionibus,
844 4428 901 4482 in
931 4429 1136 4501 quibus
1173 4429 1293 4501 ejus
1321 4431 1692 4487 sacratissima
1720 4449 1848 4490 con-

1954 4426 2035 4475 est
2088 4420 2243 4476 locus
2292 4418 2546 4490 superius
2572 4424 2926 4483 memoratus,
2959 4420 3191 4475 Pontons
3231 4419 3331 4486 (18,
3362 4417 3561 4473 videli-

227 4524 475 4578 tinentur
515 4520 765 4592 pignora.
828 4520 985 4575 Prius
1043 4527 1228 4576 tamen
1280 4523 1676 4594 compendiose
1716 4526 1848 4582 inti-

223 4613 486 4670 mandum
518 4604 645 4667 'rem
692 4612 1092 4686 ignorantibus.
1147 4612 1417 4678 Quoniam
1477 4615 1608 4671 dum
1669 4616 1848 4689 ipsius

224 4705 569 4762 honoranda;
595 4703 901 4760 Floriacum
922 4704 1198 4761 translatae
1226 4704 1410 4762 forent
1433 4707 1703 4781 reliquiae,
1736 4708 1848 4764 fra-

223 4810 337 4858 tres
382 4801 758 4857 Floriacenses
797 4800 907 4855 duo
944 4799 1283 4856 venerabilia
1330 4802 1452 4870 ejus
1489 4802 1843 4859 brachiorum

222 4908 349 4947 ossa
380 4891 434 4945 in
489 4891 704 4945 duabus
746 4889 832 4945 sui
859 4890 999 4959 juris
1031 4890 1479 4961 possessionibus
1509 4900 1840 4964 posuerunt,

1953 4520 2058 4578 cet,
2101 4511 2157 4565 in
2198 4526 2338 4583 pago
2370 4510 2645 4578 Ausiensi,
2676 4525 2843 4581 super
2882 4508 3089 4564 ﬂumen
3123 4509 3440 4578 Adurcium,
3482 4510 3568 4564 di-

1951 4607 2086 4663 tioni
2114 4605 2540 4661 Floriacensium
2576 4604 2802 4661 fratrum
2831 4605 3109 4673 subditus,
3161 4605 3278 4673 ubi,
3332 4611 3393 4660 ut
3424 4604 3564 4659 dixi-

1949 4717 2091 4768 mus,
2112 4700 2224 4769 jam
2247 4697 2377 4754 dicti
2405 4699 2753 4754 celeberrimi
2784 4698 3037 4771 martyris
3065 4699 3314 4771 reliquiae
3349 4699 3563 4756 baben-

1946 4800 2052 4849 tur.
2086 4791 2357 4847 lnvitante
2394 4790 2561 4864 igitur
2601 4790 2818 4846 itineris
2874 4791 3225 4860 necessitate,
3281 4781 3564 4848 comitissa

1945 4885 2180 4941 militum
2210 4883 2407 4939 vallata
2445 4883 2718 4957 phalange
2750 4883 3054 4954 hospitium
3087 4882 3296 4938 ibidem
3326 4884 3557 4955 accepit.

220 4985 287 5040 ad
322 4984 628 5039 subsidium
666 4983 929 5039 videlicet
966 4990 1021 5039 et
1065 4984 1291 5039 tutelam
1337 5001 1546 5051 earum,
1606 5003 1836 5059 quarum

1954 4978 2235 5048 Comperto
2277 4991 2409 5050 ergo
2441 4982 2570 5031 ante
2626 4974 2866 5031 triduum
2902 4975 3249 5032 Pictavorum
3297 4976 3559 5043 adventu,

220 5074 393 5129 altera
420 5073 615 5129 Diacus
636 5074 763 5142 (Die)
796 5078 1166 5143 nuncupatur,
1196 5073 1253 5127 in
1286 5073 1533 5143 partibus
1558 5075 1663 5130 sita
1701 5075 1838 5130 Bur-

220 5162 471 5238 gundim,
502 5162 779 5218 territorio
817 5161 1079 5217 videlicet
1115 5162 1547 5231 Tornodorensi,
1584 5163 1834 5231 alterius,

218 5252 352 5307 licet
381 5251 562 5306 minus
585 5264 939 5323 consequens
964 5251 1021 5306 in
1043 5250 1250 5321 scripto
1290 5250 1540 5307 adnotari
1569 5250 1836 5307 habeatur

292 5436 425 5507 (17).
458 5436 667 5506 Nempe
694 5435 985 5493 Guillelmo
1012 5437 1131 5507 ejus
1153 5436 1399 5493 nominis
1451 5445 1669 5503 octavo,
1715 5436 1842 5492 aliis

221 5523 392 5574 nono,
442 5507 536 5578 qui
585 5507 639 5561 in
684 5507 806 5562 loca
836 5515 1024 5564 sancta
1074 5508 1352 5578 profectus
1400 5515 1484 5564 est
1528 5524 1674 5563 anno
1704 5507 1831 5564 1101

220 5596 283 5633 cu
285 5579 379 5650 jus
407 5580 666 5650 vexillum
688 5580 950 5646 feruntur
974 5583 1200 5648 triginta
1214 5581 1391 5635 millia
1406 5587 1747 5637 armatorum
1766 5595 1840 5635 se-

216 5649 365 5715 cuta,
390 5656 529 5705 teste
553 5649 811 5704 0rderico
842 5650 1001 5704 Vitali
1027 5651 1079 5704 in
1101 5651 1461 5706 Historiaelih.
1486 5669 1538 5706 x.
1559 5651 1834 5707 Guillelmi

220 5738 354 5778 uxor
403 5720 657 5794 Philippa
708 5720 1000 5786 Mathildis,
1076 5730 1136 5780 ut
1213 5729 1472 5782 notarunt
1520 5723 1665 5781 Socii
1715 5722 1837 5782 Bol-

1941 5068 2135 5125 incolze
2162 5082 2352 5123 eorum
2372 5067 2640 5133 locorum,
2673 5074 2823 5122 metu
2856 5067 3126 5138 ipsorum,
3160 5066 3421 5139 quoniam
3460 5068 3561 5125 do-

1940 5157 2299 5214 minationem
2319 5171 2509 5212 eorum
2531 5156 2690 5211 valde
2722 5171 2946 5212 exesam
2976 5156 3207 5222 habent,
3248 5156 3434 5213 omnia
3463 5174 3562 5212 sua

1937 5265 2062 5322 quae
2081 5247 2139 5303 in
2167 5246 2457 5303 ecclesiam
2487 5245 2678 5302 inferri
2707 5245 2928 5313 licebat,
2952 5245 3252 5315 advehunt,
3280 5253 3336 5302 et
3363 5246 3422 5302 in
3440 5263 3562 5304 ora-

1945 5436 2715 5584 Ϋᾶῗῗὲῗὲὗῖιὶερ-δᾳξηζ-Μααν
2759 5504 3115 5584 deuPontons,
3148 5503 3244 5584 qui
3288 5502 3563 5582 prioratus

1944 5579 2000 5634 in
2023 5575 2188 5633 libris
2218 5575 2386 5632 editis
2416 5575 2618 5630 dicitur
2644 5590 2768 5630 esse
2798 5575 3056 5647 diogcesis
3077 5575 3432 5647 Aginnensis,
3451 5587 3557 5647 _re-

1938 5650 2081 5706 ctius
2112 5649 2200 5704 hic
2233 5647 2574 5714 Ausciensis,
2605 5648 2829 5710 d’Auch,
2861 5641 3152 5718 siquidcnf
3187 5644 3327 5698 situs
3355 5641 3561 5697 dicitur

1934 5736 2097 5793 super
2126 5724 2335 5789 ﬂumen
2361 5720 2679 5787 Adurcium,
2709 5717 3003 5774 vernacula
3037 5717 3272 5771 l’Adour.
