3938 6206
389 271 514 325 12H

1397 260 1685 317 RAllULFl
1724 258 2039 315 TORTARII
2080 259 2371 315 MONACHI
2413 260 2709 317 FLORIAC.

3588 267 3735 323 1212

383 400 522 455 torio
577 398 825 468 ejusdem
869 395 1237 468 possessionis
1276 400 1603 466 congerunt,
1653 391 1886 446 vestium
1918 390 2001 444 di-
2029 395 2074 462 Α
2104 398 2219 458 est;
2273 392 2556 463 Philippus
2585 399 2766 449 autem
2814 401 2968 465 patre
3016 396 3280 455 defuncto
3331 400 3503 456 totius
3562 408 3735 475 regni

382 508 567 546 versas
594 490 829 561 species,
860 489 1143 549 alimenta,
1186 493 1239 540 et
1270 493 1469 540 caetera
1509 483 1765 537 humanis
1803 482 1997 536 usibus

383 586 736 641 accommoda
817 582 1081 653 HOSltiiali
1125 582 1311 652 itaque
1368 579 1570 633 Pictavi
1609 578 1839 632 audiunt
1870 592 1997 648 pro-

380 678 646 731 vinciales
670 677 854 732 omnia
884 692 1004 739 sua,
1038 682 1097 729 ut
1126 674 1333 727 dictum
1368 681 1471 735 est,
1508 672 1557 725 in
1592 670 1825 724 ecclesia
1853 685 1994 724 con-

374 769 599 835 jecisse,
632 767 848 821 caeteris
895 767 1168 837 (quamvis
1218 766 1285 819 sit
1316 779 1561 834 princeps
1614 762 1805 815 eadem
1849 760 1998 816 natio

381 858 448 912 ad
482 857 735 911 audenda
768 872 999 927 qua)un
1028 855 1237 923 illicita)
1258 869 1471 907 sacrum
1498 860 1676 905 tamen
1702 850 2001 905 formidan-

383 952 813 1007 tibustemerare
844 950 1049 1013 locum,
1082 966 1224 1003 unus
1254 964 1442 1003 eorum
1461 946 1721 1000 audacior
1747 945 1998 1015 reliquis,

382 1059 752 1115 prorumpens
786 1042 839 1095 in
880 1041 1192 1103 ecclesiam,
1220 1056 1438 1094 saccum
1471 1037 1742 1092 frumento
1774 1037 1996 1106 plenum

385 1134 634 1187 humeris
663 1133 956 1202 imponens
983 1131 1117 1197 suis,
1143 1138 1373 1184 onustus
1392 1128 1685 1199 sacrilegio
1717 1127 1997 1197 proprium

388 1224 674 1295 repedavit
714 1225 778 1277 ad
827 1222 1148 1293 hOSpitium,
1179 1237 1525 1293 nequaquam
1573 1220 1666 1274 diu
1707 1236 1875 1289 super
1908 1219 1998 1273 tali

384 1315 669 1387 gavisurus
721 1312 883 1367 facto.
931 1313 1179 1382 Denique
1231 1326 1355 1365 mox
1395 1318 1455 1363 ut
1522 1324 1636 1363 sum
1689 1307 2002 1362 metationis

388 1405 650 1477 [hospitii]
714 1404 886 1458 subiit
941 1404 1195 1471 limitem,
1272 1409 1557 1472 cmperunt
1610 1401 1793 1455 omnia
1854 1401 2002 1454 illius

385 1498 653 1553 membra,
699 1513 848 1549 more
881 1512 1068 1550 eorum
1111 1496 1204 1567 qui
1239 1503 1509 1565 quartano
1535 1494 1784 1547 laborant
1810 1494 1999 1563 typho,

387 1592 643 1645 tremere.
695 1585 978 1659 frigusque
1026 1585 1375 1639 intolerabile
1416 1600 1516 1654 per
1553 1589 1724 1637 totum
1767 1582 1890 1647 ejus
1940 1599 2001 1636 se

2104 481 2430 537 Francorum
2461 483 2837 555 gubernacula
2864 486 3123 541 obtinuit.
3149 488 3449 559 Septennis
3478 492 3589 559 (19)
3620 509 3725 547 au-

2100 582 2205 628 tem
2230 584 2367 640 erat,
2400 576 2621 647 quando
2654 582 2809 646 pater
2847 577 3167 650 defungitur
3218 579 3333 644 Qua
3372 582 3442 637 de
3472 600 3533 637 re
3561 586 3725 640 sorti-

2099 673 2188 721 tus
2217 674 2302 721 est
2326 667 2549 722 tutelam
2578 668 2727 723 illius
2756 670 2836 723 vir
2856 670 3260 727 illustrissimus
3280 674 3585 731 Balduinus
3609 678 3722 739 (ln-

2099 758 2324 812 sulanus
2350 759 2574 814 nomine
2608 761 2668 829 V)
2728 761 3146 817 Flandrensium
3179 772 3389 820 comes.
3425 768 3527 831 Qui
3590 784 3725 839 pru-

2100 854 2428 909 dentissime
2471 856 2622 929 regni
2650 857 3044 913 administrans
3084 861 3327 933 negotia,
3361 862 3544 917 donec
3576 864 3725 919 idem

2104 942 2387 1014 Philippus
2442 945 2824 1017 intelligibiles
2855 948 3151 1023 attingeret
3203 965 3399 1017 annos,
3461 958 3725 1022 tyrannos

2102 1050 2201 1103 per
2222 1041 2387 1088 totam
2418 1034 2755 1105 pullulantes
2797 1036 3076 1091 Franciam
3116 1045 3224 1092 tam
3281 1040 3530 1096 consiliis
3560 1059 3725 1113 quam

2101 1125 2269 1179 armis
2309 1126 2645 1195 perdomuit,
2678 1137 2731 1181 et
2764 1144 2956 1198 pacem
3007 1130 3299 1184 maximam
3356 1134 3535 1186 teneri
3571 1133 3722 1188 fecit.

2102 1219 2339 1275 Proinde
2359 1220 2614 1292 Philippo
2641 1223 2751 1293 jam
2782 1223 2986 1290 juvene
3009 1224 3175 1288 facto,
3210 1226 3483 1301 integrum
3515 1229 3726 1300 absque

2102 1312 2267 1365 unius
2312 1312 2474 1367 viculi
2531 1313 2920 1369 imminutione
2961 1331 3191 1388 regnum
3221 1318 3481 1385 restituit,
3515 1327 3571 1373 et
3607 1320 3725 1390 ipse

2102 1418 2210 1458 non
2245 1404 2415 1459 multo
2449 1415 2570 1475 post
2604 1404 2827 1460 vivendi
2869 1405 3033 1460 ﬁnem
3068 1406 3213 1461 fecit.
3260 1407 3551 1479 Philippus
3595 1425 3727 1465 vero

2103 1496 2155 1550 in
2176 1497 2370 1567 primis
2410 1498 2578 1551 multa
2602 1505 2827 1553 strenue
2858 1500 3027 1569 gessit
3057 1500 3237 1564 annis,
3270 1500 3368 1555 sed
3393 1508 3556 1555 aetate
3588 1518 3722 1572 pro-

2102 1587 2354 1653 cedente,
2390 1588 2531 1640 mole
2556 1588 2738 1642 carnis
2757 1596 3102 1661 aggravatus,
3135 1590 3464 1660 ampliorem
3495 1606 3723 1661 operam

388 1677 716 1746 dispergens
761 1692 981 1747 corpus.
1026 1676 1240 1751 glaciali
1294 1676 1504 1748 rigores
1570 1690 1762 1729 omnes
1821 1674 1997 1744 ipsius
2030 1716 2075 1782 Β
2098 1677 2225 1731 cibo
2251 1676 2480 1730 indulsit
2510 1684 2561 1730 et
2601 1693 2799 1732 somno
2833 1694 2994 1749 quam
3030 1678 3196 1733 rebus
3227 1679 3464 1735 bellicis.
3502 1680 3600 1734 Hic
3630 1681 3726 1734 du-

908 1764 1064 1782 n_,,
1417 1762 1655 1782 ,εμμμ
1720 1761 1822 1782 ,με
1912 1761 1991 1782 ___.
2134 1766 2337 1782 .
2430 1766 2499 1782 ,...
2687 1766 2781 1782 ,.
2894 1767 2927 1782 τ.
3001 1768 3032 1782 ..
3194 1767 3204 1776 .
3389 1768 3452 1782 ..
3602 1768 3612 1778 .

382 1765 630 1818 astrinxit
687 1771 852 1818 artus.
908 1764 1075 1819 Porro
1141 1764 1342 1819 accolze
1409 1762 1659 1829 ejusdem
1720 1761 1849 1825 loci,
1902 1761 1995 1832 qui

382 1861 583 1915 certius
607 1866 871 1914 noverant
901 1876 996 1913 cur
1018 1859 1123 1913 sibi
1156 1859 1477 1929 contigisset
1506 1864 1612 1912 tam
1637 1857 1815 1911 subita
1841 1857 1996 1911 vale-

382 1949 534 2016 tudo,
567 1949 791 2016 (conscii
827 1948 972 2001 enim
1010 1948 1218 2018 Optime
1247 1947 1468 2001 fuerunt
1496 1963 1817 2019 magnarum
1852 1947 1995 2000 beati

383 2042 639 2112 martyris
679 2041 961 2111 virtutum)
995 2042 1281 2094 hortantur
1318 2041 1602 2103 miserum,
1643 2046 1701 2093 ut
1754 2039 1902 2110 quod
1932 2040 2000 2093 ab

380 2129 617 2183 ecclesia
668 2129 943 2183 violenter
979 2128 1315 2182 abstraxerat
1373 2128 1609 2181 triticum
1660 2127 1990 2181 restitueret.

384 2219 536 2282 Quod
572 2217 893 2282 monebant,
925 2218 1040 2271 fieri
1064 2234 1205 2288 {egre
1234 2217 1661 2288 impetrant,sed
1684 2216 1997 2271 nullalcnus

386 2305 582 2360 beatus
612 2313 819 2375 martyr
857 2305 977 2374 ejus
1007 2305 1174 2359 invita
1204 2304 1449 2374 placatur
1475 2304 1820 2374 pmnitentia.
1858 2305 1996 2375 Ergo

389 2398 623 2453 Pictavis
650 2413 772 2451 cum
806 2414 905 2451 sua
934 2398 1159 2452 domina
1185 2397 1238 2451 in
1271 2397 1510 2451 crastino
1539 2413 1568 2450 a
1600 2397 1721 2452 loco
1754 2396 1848 2450 illo
1875 2412 1997 2451 sese

393 2486 867 2557 promoveutibus,
907 2486 1076 2541 miser
1106 2487 1198 2541 ille
1250 2487 1454 2541 ibidem
1507 2486 1769 2541 remorari
1802 2486 1997 2541 formi—

390 2578 546 2644 dans,
580 2593 689 2649 quo
717 2579 889 2634 valuit
918 2579 1083 2634 modo
1113 2595 1234 2632 cum
1268 2579 1350 2632 eis
1383 2578 1745 2649 progreditur.
1794 2579 1850 2632 ln
1879 2594 2001 2648 pro-

393 2686 550 2725 cessu
582 2679 764 2725 autem
785 2671 908 2738 viae,
941 2672 1070 2726 dum
1094 2687 1216 2725 cum
1245 2671 1409 2725 sociis
1434 2671 1702 2745 graditur,
1738 2672 1996 2741 paulatim

385 2764 718 2819 formidabili
760 2766 984 2820 indutus
1026 2765 1261 2829 insania,
1321 2765 1489 2834 cmpit
1535 2781 1633 2819 sua
1702 2766 1995 2821 insatiabili

385 2872 566 2911 morsu
611 2872 761 2911 more
793 2856 991 2911 canino
1022 2856 1291 2911 dilaniare
1313 2857 1555 2910 brachia.
1590 2857 1687 2921 Qui
1720 2873 1851 2912 vero
1870 2875 1992 2913 eum

382 2961 739 3015 compescere
764 2946 1045 3010 volebant,
1071 2961 1418 3017 nequaquam
1448 2944 1701 3001 sufficere
1715 2948 1992 3003 valebant.

2099 1766 2179 1819 cis
2210 1767 2389 1821 Frisia:
2428 1766 2591 1820 ﬁliam
2636 1766 2861 1821 nomine
2894 1767 3145 1820 Bertham
3192 1767 3248 1820 in
3295 1768 3715 1822 matrimonium

2100 1856 2331 1926 accepit,
2375 1872 2497 1927 quze
2542 1856 2591 1910 ei
2638 1856 2832 1927 genuit
2874 1855 3227 1911 Ludovicum.
3288 1856 3724 1912 Rebellaverunt

2100 1950 2279 1997 autem
2307 1952 2500 1999 contra
2525 1962 2650 1999 eum
2684 1946 2907 2016 quidam
2926 1946 3254 2001 Francorum
3281 1961 3569 2015 proceres,
3589 1947 3718 2017 Opi-

2102 2034 2201 2086 bus
2239 2041 2293 2087 et
2322 2034 2534 2088 viribus
2587 2034 2864 2089 Guillclmi
2908 2037 3053 2109 regis
3092 2038 3387 2109 Anglorum
3431 2037 3721 2101 ﬁdentes;

2100 2139 2163 2176 ex
2197 2124 2400 2194 quibus
2430 2124 2581 2195 llugo
2610 2125 2680 2179 de
2710 2126 2935 2181 Puleolo
2964 2128 3228 2183 adversus
3258 2144 3382 2182 eum
3417 2146 3571 2183 arma
3598 2146 3722 2185 cor-

2098 2214 2284 2284 ripuit,
2318 2215 2504 2284 plures
2534 2215 2641 2269 sibi
2687 2217 2967 2271 asciscens
3013 2218 3387 2273 auxiliatores.
3435 2218 3549 2273 Rex
3588 2236 3719 2275 vero

2099 2313 2217 2375 ejus
2232 2312 2515 2365 audaciam
2544 2328 2893 2383 compescere
2917 2314 3169 2384 cupiens,
3194 2313 3573 2386 undequaque
3607 2316 3719 2369 mi-

2101 2404 2257 2459 litum
2302 2405 2575 2460 contrahit
2607 2421 2849 2459 manum.
2895 2407 3042 2460 Inter
3078 2409 3323 2479 reliquos
3362 2407 3532 2463 etiam
3566 2408 3721 2462 auxi-

2101 2494 2283 2557 liares,
2315 2495 2615 2550 exercitum
2639 2497 2707 2551 de
2742 2497 3058 2572 Burgundia
3088 2499 3387 2553 adventare
3411 2499 3593 2566 jubet.
3626 2500 3723 2565 Qui

2102 2591 2330 2652 accepto
2352 2584 2631 2651 mandato,
2680 2585 2733 2638 in
2760 2585 3038 2640 Franciam
3075 2594 3395 2657 properant,
3435 2588 3549 2641 dux
3569 2588 3724 2641 vide-

2103 2679 2232 2731 licet
2264 2679 2509 2749 ejusdem
2543 2680 2871 2751 Burgundize
2913 2680 3048 2747 Odo,
3083 2682 3507 2736 Nivcrnensium
3541 2698 3723 2738 comes

2098 2772 2448 2840 Guillclmus,
2482 2775 3051 2830 Antissiodorensium
3104 2777 3352 2847 pontifex
3392 2778 3718 2839 Gaufredus,

2098 2876 2153 2924 et
2175 2869 2265 2923 alii
2289 2870 2666 2940 quamplures,
2688 2886 2827 2942 quos
2848 2878 3094 2926 retexere
3125 2872 3452 2947 perlongum
3490 2875 3678 2944 putavi
3697 2904 3716 2914 ο

2100 2978 2238 3016 mus.
2273 2963 2334 3017 lli
2358 2972 2595 3033 coeptum
2631 2964 2735 3018 iter
2758 2973 3071 3035 carpentes,
3103 2966 3190 3019 via
3211 2966 3456 3021 dictante
3490 2968 3547 3021 in
3583 2983 3715 3039 quo-

384 3038 774 3093 Pcrseverante
808 3039 900 3093 illo
954 3038 1009 3092 in
1045 3045 1193 3093 tanta
1231 3039 1496 3103 amentia,
1535 3047 1756 3094 ventum
1807 3048 1889 3095 est
1928 3043 1994 3095 ad
2021 3062 2070 3130 Ο
2099 3053 2222 3107 dam
2253 3054 2462 3124 praedio
2503 3054 2674 3109 Patris
2716 3056 3018 3122 Benedicti,
3080 3058 3301 3112 Everam
3349 3059 3454 3123 (20)
3500 3038 3712 3126 vocato,

384 3132 609 3187 fluvium
660 3133 991 3204 quemdam;
1034 3133 1516 3187 transvadantibus
1554 3134 1789 3202 caeteris,
1834 3136 1999 3190 miser

385 3224 477 3278 ille
516 3240 612 3278 sua
642 3230 839 3294 sponte
897 3224 949 3277 in
992 3223 1218 3278 ﬂuvium
1247 3240 1369 3278 sese
1422 3225 1795 3295 praecipitans,
1842 3228 2000 3298 aquis

383 3314 681 3369 suffocatus
712 3315 895 3385 periit,
920 3316 1215 3369 maximum
1256 3317 1370 3369 suis
1413 3316 1697 3370 sodalibus
1725 3318 2001 3374 incutiens

384 3412 649 3458 terrorem
683 3413 736 3456 et
767 3404 836 3457 de
871 3404 1086 3474 reliquo
1121 3404 1413 3471 cautelam,
1440 3422 1508 3459 ne
1541 3422 1821 3461 sacrorum
1854 3408 1997 3462 ulte-

384 3494 501 3549 rius
520 3495 818 3551 violatores
849 3497 1084 3550 existere
1113 3505 1507 3567 przesumerent
1538 3499 1804 3553 locorum.
1838 3500 1998 3555 Plura

388 3586 612 3657 quidem
649 3594 825 3655 erant,
859 3604 983 3659 qua:
1025 3589 1093 3643 de
1145 3590 1248 3644 hoc
1280 3590 1736 3660 prmstantissimo
1764 3598 1997 3663 martyre

388 3684 495 3739 dici
551 3693 820 3755 poterant.
869 3685 975 3740 Sed
1026 3702 1095 3740 ne
1139 3686 1339 3758 aliquis
1382 3687 1613 3743 obvians
1667 3689 1995 3745 calumniam

389 3774 551 3828 nobis
581 3774 713 3829 velit
743 3781 1089 3845 praestruere,
1123 3776 1316 3830 dicens
1344 3792 1445 3833 nos
1472 3785 1717 3833 nostrum
1746 3780 2002 3850 proposi-

387 3870 500 3918 tum
531 3862 856 3929 excessisse,
915 3864 1173 3934 quoniam
1216 3865 1345 3919 dum
1382 3866 1675 3922 debuimus
1702 3869 1873 3924 Patris
1899 3870 2001 3924 Be-

386 3954 594 4009 nedicti
624 3955 760 4009 mira
788 3954 993 4009 referre
1014 3972 1203 4025 opera,
1237 3957 1381 4012 beati
1428 3957 1607 4013 Mauri
1638 3959 1823 4032 aliqua
1852 3967 1999 4015 retu-

387 4046 549 4101 limus
587 4054 766 4119 gesta,
801 4053 1141 4102 revertamur
1179 4048 1244 4102 ad
1295 4049 1552 4119 superius
1598 4052 1819 4118 omissa,
1868 4053 1999 4108 licet

387 4154 496 4193 non
526 4137 846 4213 ignoremus
873 4156 1062 4194 eorum
1087 4156 1208 4212 quae
1240 4140 1404 4196 beato
1435 4143 1791 4217 singulariter
1822 4147 1995 4201 ascri-

386 4227 597 4297 psimus
625 4225 831 4294 Mauro,
858 4228 1219 4299 Benedictum
1264 4230 1472 4286 Patrem
1518 4233 1790 4289 exstitisse
1824 4236 1995 4305 parti-

383 4322 587 4391 cipem,
618 4323 826 4394 quippe
852 4324 945 4394 qui
976 4324 1027 4377 in
1051 4325 1243 4379 eadem
1277 4326 1625 4397 requiescant
1651 4329 1910 4394 ecclesia,
1941 4337 1996 4385 et

2102 3144 2456 3198 melationem
2491 3153 2844 3215 acceperunt.
2876 3146 2941 3200 Ut
2969 3163 3099 3201 vero
3123 3147 3290 3202 moris
3310 3148 3612 3221 agrestium
3637 3157 3715 3203 est

2103 3234 2156 3289 in
2204 3236 2443 3291 adventu
2503 3237 2738 3292 militum
2781 3237 3102 3305 formidare,
3154 3246 3527 3310 perstrepere,
3580 3257 3710 3312 qua-

2100 3340 2428 3395 quaversum
2483 3325 2692 3397 fugere,
2726 3342 2822 3381 sua
2884 3327 2936 3380 in
2980 3327 3114 3382 locis
3167 3329 3466 3383 lutioribus
3514 3346 3713 3385 recon-

2101 3416 2252 3481 dere,
2307 3417 2540 3472 maxime
2594 3418 2648 3472 in
2689 3425 2841 3473 tanto
2881 3421 3110 3489 strepitu
3152 3421 3339 3475 rustici
3393 3438 3563 3492 supra
3604 3440 3712 3476 me-

2099 3506 2292 3560 morati
2328 3507 2450 3580 pagi
2480 3508 2664 3562 omnia
2690 3524 2787 3563 sua
2816 3510 2882 3563 ad
2921 3511 3206 3565 ecclesiam
3242 3514 3581 3579 convehunt,
3609 3523 3710 3568 tam

2100 3609 2377 3648 annonam
2424 3612 2587 3666 quam
2645 3598 3044 3667 sepellectilcm
3074 3601 3298 3655 variam.
3356 3602 3525 3657 Porro
3572 3604 3711 3656 miii-

2101 3690 2212 3737 tum
2247 3684 2567 3755 phalanges,
2599 3694 2886 3758 postquam
2941 3688 3083 3743 fessa
3129 3690 3316 3744 labore
3355 3691 3457 3744 via:
3487 3708 3711 3763 corpora

2101 3771 2336 3842 dapibus
2368 3775 2699 3841 rclevarunt,
2740 3776 2947 3831 cibaria
2994 3779 3111 3833 suis
3143 3780 3487 3849 procuratori
3536 3783 3704 3852 equis.

2099 3862 2448 3932 comperiunt
2480 3864 2744 3920 ruricolas
2771 3883 2924 3920 suam
2954 3875 3119 3923 totam
3144 3884 3421 3924 annonam
3454 3871 3509 3925 in
3541 3873 3709 3925 cccle-

2098 3954 2178 4009 sia
2208 3957 2509 4013 abdidisse.
2547 3960 2700 4015 Unde
2722 3962 2923 4017 animis
2952 3963 3153 4031 dejecti
3182 3965 3429 4021 referunt
3449 3968 3517 4021 ad
3569 3967 3708 4038 prin-

2097 4049 2251 4120 cipes
2292 4051 2571 4105 exercitus
2594 4068 2711 4107 rem
2742 4068 2963 4107 omnem
2995 4070 3060 4108 ex
3091 4055 3307 4121 ordine,
3367 4059 3576 4113 rustico
3605 4058 3704 4112 sci-

2096 4140 2225 4195 licet
2254 4157 2409 4211 spem
2440 4142 2523 4195 sui
2550 4142 2725 4198 victus
2752 4144 2817 4197 ad
2851 4144 3107 4199 tutiorem
3145 4154 3383 4215 portum,
3415 4149 3697 4203 ecclesiam

2095 4231 2242 4300 dico,
2268 4232 2588 4299 contulisse,
2613 4250 2717 4289 nec
2742 4234 2848 4288 sibi
2875 4235 3096 4305 penitus
3127 4236 3266 4291 velle
3289 4238 3424 4293 dare
3449 4251 3543 4295 aut
3570 4256 3702 4295 ven-

2096 4319 2230 4376 dere
2247 4322 2508 4377 alimenta
2536 4323 2652 4377 suis
2684 4324 2952 4378 vehiculis
2987 4326 3323 4379 necessaria.
3356 4330 3422 4382 At
3453 4328 3534 4382 illi
3571 4345 3701 4384 con-

383 4411 574 4465 eadem
616 4411 735 4466 loca
772 4412 1118 4483 susceperint
1147 4414 1396 4480 tutanda,
1428 4416 1640 4471 eaedem
1682 4419 1996 4487 possessio-
2015 4438 2072 4507 D
2098 4411 2208 4466 silii
2234 4419 2500 4481 extorres,
2536 4414 2669 4485 quid
2704 4423 2869 4489 agant
2895 4415 3170 4488 ignorant.
3189 4416 3380 4488 Neque
3411 4419 3561 4473 enim
3590 4435 3707 4473 san-

386 4516 505 4566 nes,
532 4500 585 4554 in
609 4500 810 4572 quibus
847 4501 1065 4556 beatum
1097 4511 1390 4575 martyrem
1418 4504 1584 4560 relata
1614 4505 1854 4561 diximus
1896 4524 1990 4579 pa-

385 4598 553 4645 trassc
594 4591 878 4656 miracula,
913 4592 1014 4662 ipsi
1063 4592 1309 4648 Floriaco
1341 4603 1468 4650 sunt
1494 4595 1776 4667 subjectae.
1830 4597 1996 4669 Cujus

385 4679 489 4734 loci
549 4680 722 4735 factus
763 4687 846 4735 est
879 4688 1114 4753 uterque
1155 4689 1417 4752 patronus
1460 4685 1844 4756 omnipotente
1887 4688 1992 4742 Do-

389 4768 541 4824 mino
563 4769 855 4844 largiente.

456 4861 579 4917 CAP.
612 4863 788 4917 XXIV.
822 4888 889 4903 ~—
928 4867 1196 4919 Historica
1275 4867 1518 4921 Ecclesia
1555 4868 1834 4923 violatores
1885 4872 1990 4923 mi-

384 4955 502 5008 lites
526 4959 728 5023 puniti.
792 4955 1001 5029 Regina
1052 4956 1312 5011 Mathilde
1358 4965 1533 5012 metas
1569 4958 1790 5013 vivendi
1834 4974 1995 5015 exce-

384 5048 572 5114 dente,
608 5066 699 5105 rex
728 5050 982 5105 Ainricus
1003 5053 1057 5105 in
1089 5051 1406 5125 conjugium
1456 5052 1564 5107 sibi
1595 5053 1791 5107 ascivit
1830 5054 1996 5109 tiliam

385 5138 534 5208 regis
582 5141 852 5205 (Ladislail
888 5143 1207 5210 Bassorum,
1240 5144 1466 5200 nomine
1505 5149 1735 5199 Annam.
1789 5146 1913 5201 Htec
1949 5152 2001 5206 ei

385 5228 603 5297 peperit
633 5232 921 5296 tresﬁlios,
956 5232 1294 5304 Philippum,
1313 5234 1655 5302 Rotbertum,
1680 5234 1991 5307 Hugonem;

384 5330 617 5387 quorum
670 5320 963 5376 Rotbertus
1007 5322 1187 5377 adhuc
1226 5323 1493 5393 puerulus
1541 5322 1804 5389 decessit;
1841 5324 1994 5398 Hugo

383 5408 698 5466 comitatum
778 5414 1130 5483 postmodum
1186 5414 1686 5470 Virimandeusium
1762 5416 1996 5487 adeptus

454 5564 729 5645 (19_)Ergo_
780 5568 1068 5645 Philippus
1116 5581 1277 5645 natus
1326 5583 1409 5631 est
1454 5591 1600 5631 anno
1658 5576 1824 5645 1053;
1866 5594 1991 5633 nam

389 5634 803 5707 Henricusejus
834 5634 990 5707 pater
1010 5641 1246 5697 decessit
1271 5661 1415 5701 anno
1449 5647 1602 5702 1040.

461 5702 568 5767 (20)
614 5702 802 5772 Evera,
834 5702 1012 5763 'Yérre
1054 5712 1103 5765 le
1132 5715 1387 5781 Chatcau,
1446 5716 1703 5773 dioecesis
1750 5720 1994 5775 Aurelia-

2096 4508 2305 4555 ctorum
2348 4501 2644 4556 violatores
2674 4501 2921 4557 locorum
2961 4501 3080 4557 fieri
3111 4504 3326 4569 volunt,
3360 4521 3461 4559 seu
3508 4523 3705 4577 praesu-

2096 4598 2269 4643 munt.
2329 4589 2632 4661 EpiscOpus
2661 4590 2867 4663 itaque,
2923 4592 3016 4663 qui
3074 4593 3287 4648 cautior
3327 4596 3546 4650 caeteris
3592 4612 3704 4651 esse

2095 4680 2383 4746 debuerat,
2413 4681 2647 4750 juvenili
2683 4689 2839 4737 actus
2860 4683 3194 4751 temeritate,
3223 4687 3446 4741 scurrili
3480 4688 3707 4743 interro-

2094 4778 2186 4843 gat
2213 4784 2471 4825 sermone
2502 4776 2683 4824 utrum
2700 4786 2820 4826 eam
2853 4786 3135 4828 annonam
3161 4774 3420 4830 homines
3462 4776 3517 4830 in
3541 4776 3707 4831 eccle-

2094 4862 2231 4916 siam
2262 4861 2641 4917 contulissent.
2672 4861 2766 4917 Cui
2789 4879 2911 4917 cum
2936 4878 3259 4935 responsum
3294 4878 3479 4921 esset:
3519 4872 3708 4923 Etiam.

2100 4954 2293 5022 Igitur,
2326 4952 2526 5024 inquit,
2554 4957 2794 5011 homines
2838 4956 3178 5012 abstraham.
3210 4958 3378 5012 lubet
3411 4975 3549 5030 ergo
3579 4976 3705 5031 prte-

2101 5049 2257 5113 petes
2286 5041 2390 5111 (21)
2419 5042 2520 5110 ire,
2552 5049 2606 5096 et
2634 5052 2899 5113 quantum
2951 5045 3145 5100 hordei
3199 5048 3507 5103 necessitas
3547 5065 3706 5120 expe-

2101 5133 2272 5197 tebat,
2306 5134 2421 5189 suis
2462 5134 2711 5205 praebere
2737 5137 2914 5207 equis.
2946 5137 3281 5208 Pr0peratur
3300 5141 3368 5193 ad
3400 5141 3705 5205 ecclesiam,

2094 5228 2367 5284 violenter
2392 5229 2660 5284 hordeum
2684 5232 2754 5284 ab
2766 5246 2832 5285 ea
2849 5231 3201 5287 abstrahitur.
3229 5232 3500 5289 Pabulum
3519 5236 3704 5290 exinde

2094 5325 2255 5396 equis
2274 5325 2742 5381 subministratur.
2778 5328 2837 5382 ln
2860 5328 3121 5397 crastino,
3146 5344 3258 5400 quo
3283 5340 3575 5401 coeperant
3594 5339 3704 5387 ten-

2096 5418 2253 5485 dunt,
2281 5418 2419 5472 nihil
2450 5434 2607 5475 noxae
2638 5435 2698 5473 se
2729 5420 3069 5476 contraxisse
3108 5422 3406 5479 credentes
3436 5428 3583 5495 apud
3609 5425 3700 5479 Pa-

2096 5579 2307 5645 nensis,
2338 5580 2431 5635 ubi
2466 5580 2739 5651 prioratus
2770 5580 3017 5636 Floriaco
3046 5580 3350 5650 subjectus.

2169 5651 2281 5721 (21)
2321 5651 2412 5725 Sic
2435 5652 2581 5723 apud
2615 5652 3004 5725 Bollandianos
3062 5652 3290 5725 Boscius
3332 5654 3500 5709 habet
3530 5669 3698 5725 perpe-

2100 5729 2237 5789 tuos,
2264 5723 2414 5794 quod
2454 5721 2654 5779 nomen
2681 5721 2849 5780 ofﬁcii
2870 5722 3123 5779 militaris
3153 5740 3278 5779 esse
3310 5721 3546 5795 putavit.
