3938 6206
233 307 378 366 1213

1394 303 1727 359 MIRACULA
1767 302 2003 358 SANCTI
2059 299 2425 357 BENEDICTI.

3432 294 3568 351 12M

230 442 367 491 trem
395 432 751 488 Benedictum
770 447 868 503 pro
898 431 1400 489 infractioneillius
1425 433 1529 488 loci
1553 439 1608 486 et
1639 432 1845 503 injuria
1874 439 1918 503 Α
1950 431 2236 487 confestim
2293 437 2538 484 emortua
2596 427 2751 483 febre
2798 444 2965 483 sanus
3010 427 3211 483 evadit.
3254 426 3406 492 Quod
3452 425 3560 484 fre-

226 526 343 582 suis
374 526 544 580 illata.
581 524 870 579 Enimvero
903 541 1034 598 rege
1075 542 1198 581 eum
1241 525 1468 596 reliquis
1498 524 1730 579 militum
1765 524 1847 579 le-

230 616 504 692 gionibus
553 617 619 671 ad
649 616 936 672 Puteolum
972 616 1286 683 festinante,
1318 624 1373 671 et
1420 616 1523 687 ipsi
1565 616 1614 670 ei
1646 632 1847 671 oecur-

230 714 381 761 runt.
404 706 585 760 Castra
618 713 896 760 metantur
924 711 1034 759 tam
1069 706 1171 777 ipsi
1191 722 1353 777 quam
1386 722 1477 760 rex
1501 705 1645 759 circa
1671 704 1846 774 ipsum

235 803 501 850 castrum.
524 794 763 849 Obsesso
792 795 977 864 itaque
1009 800 1207 860 castro,
1237 800 1361 865 post
1387 793 1609 847 crebras
1633 808 1856 865 aggreso

233 883 447 943 siones,
472 882 684 954 aliquot
715 882 912 936 diebus
944 881 1278 951 ibidemjam
1320 882 1578 953 peractis,
1609 881 1699 935 die
1721 897 1859 952 qua-

227 973 359 1027 dam
390 973 465 1027 illi
501 973 595 1043 qui
628 972 826 1027 inclusi
856 972 1210 1039 videbantur,
1245 973 1398 1043 Hugo
1428 972 1688 1028 videlicet
1730 989 1851 1027 cum

231 1065 372 1130 suis,
421 1064 624 1134 apertis
658 1064 828 1134 portis
869 1064 1148 1135 improvisi
1188 1065 1388 1120 adsunt
1440 1066 1851 1130 obsidentibus,

233 1153 541 1226 omnigeno
583 1152 694 1207 bell
737 1169 851 1206 rum
895 1153 1130 1207 tumultu
1186 1161 1564 1223 personantes,
1618 1153 1856 1210 cornici-

226 1247 396 1302 nibus
436 1245 600 1301 etiam
632 1244 891 1300 horriﬁco
924 1245 1088 1300 boatu
1121 1246 1605 1316 concrepantibus.
1667 1247 1855 1300 Exter-

225 1338 318 1393 riti
378 1337 471 1409 qui
524 1338 578 1391 in
636 1336 829 1391 castris
880 1341 1035 1390 erant
1083 1337 1268 1392 subita
1324 1338 1561 1393 hostium
1602 1338 1852 1403 audacia,

223 1430 461 1485 credunt
494 1428 664 1483 totius
710 1428 948 1483 Franeim
982 1428 1216 1483 militum
1274 1431 1532 1485 cohortes
1564 1437 1728 1485 noctu
1761 1446 1857 1484 ca-

228 1527 404 1575 strum
443 1518 589 1573 idem
632 1518 889 1581 intrasse,
939 1527 993 1571 et
1032 1518 1237 1573 idcirco
1281 1518 1561 1591 Hugonem
1605 1518 1671 1573 ad
1713 1518 1848 1573 tanti

229 1627 426 1665 ausum
462 1608 722 1664 facinoris
750 1608 1085 1678 prorupisse.
1127 1607 1265 1671 Quid
1301 1609 1453 1679 plura
1476 1609 1503 1662 ?
1545 1620 1697 1683 terga
1726 1627 1849 1665 ver-

238 1706 383 1764 tunt,
410 1697 553 1771 fugas
596 1696 853 1767 praesidio
879 1712 1000 1750 sese
1040 1698 1470 1762 committentes,
1508 1699 1845 1753 diversarum

228 1789 543 1858 specierum
577 1786 814 1841 tentoria
846 1786 995 1840 varia
1023 1788 1353 1857 supellectili
1389 1790 1551 1860 plena
1594 1791 1848 1861 linquen-

230 1888 337 1941 tes,
372 1887 427 1933 et
466 1885 662 1933 caetera
696 1894 820 1948 quae
861 1879 928 1933 ad
983 1886 1183 1933 tantam
1220 1880 1629 1951 expeditionem
1655 1898 1851 1938 neces-

223 1971 369 2026 saria
429 1977 819 2025 convexerant.
890 1970 1084 2025 Hostes
1149 1987 1246 2025 eos
1303 1971 1494 2045 fugere
1534 1982 1846 2041 cernentes,

228 2065 381 2138 quod
433 2080 785 2135 nequaquam
828 2073 1010 2119 mente
1051 2070 1214 2119 antea
1245 2067 1540 2137 concipere
1583 2085 1849 2138 praesum-

224 2162 470 2226 pserant,
496 2160 606 2207 uta
631 2153 820 2223 paucis
844 2160 993 2207 tanta
1020 2153 1313 2209 multitudo
1338 2154 1637 2227 fugaretur,
1668 2158 1849 2213 aerius

227 2249 615 2319 insequuntur.
677 2246 828 2317 Capti
879 2254 1008 2301 sunt
1073 2248 1239 2320 igitur
1268 2249 1325 2303 in
1354 2249 1447 2303 illa
1476 2250 1602 2323 fuga
1651 2268 1847 2321 quam-

233 2341 458 2413 plurimi
492 2339 712 2395 nobiles
751 2339 875 2406 viri,
908 2340 1144 2395 maxime
1189 2342 1464 2397 exercitus
1496 2343 1844 2414 Burgundiaz,

228 2429 324 2502 qui
350 2429 561 2483 Patrem
594 2427 952 2482 Benedictum
984 2428 1233 2496 injuriari
1266 2429 1382 2483 ausi
1425 2429 1661 2496 fuerant,
1703 2432 1849 2486 dire-

230 2526 418 2590 ptores
448 2518 620 2589 ipsius
667 2517 968 2572 existentes
1017 2517 1410 2588 possessionis.
1460 2519 1710 2591 Denique
1733 2520 1845 2590 epi-

228 2624 433 2679 sc0pus
464 2607 557 2678 qui
613 2607 751 2662 alios
790 2621 1047 2661 sermone
1091 2606 1338 2660 illusorie
1381 2606 1592 2677 prolato
1633 2607 1845 2664 nefarie

220 2716 389 2775 agere
432 2698 743 2770 impulerat,
805 2715 926 2753 cum
992 2707 1146 2769 patre
1187 2699 1606 2754 Nivernensium
1644 2701 1843 2755 comite

216 2799 441 2861 captus,
474 2796 695 2843 coactus
725 2796 809 2843 est
834 2789 1080 2858 seipsum
1118 2804 1229 2843 non
1261 2790 1494 2845 modicae
1524 2790 1841 2859 quantitatis

218 2878 454 2950 pecunia
487 2878 790 2944 redimere;
824 2894 852 2931 a
886 2895 991 2949 qua
1023 2878 1245 2933 demum
1278 2885 1503 2949 captura
1527 2886 1839 2949 exemptus,

222 2969 527 3025 Floriacum
582 2977 802 3040 petens,
844 2967 1046 3023 fatetur
1074 2984 1133 3023 se
1173 2969 1339 3023 stulte
1375 2969 1580 3042 egisse,
1612 2976 1666 3023 et
1715 2986 1840 3039 quae

219 3059 330 3114 sibi
361 3058 703 3125 acciderant,
725 3058 873 3126 juste
903 3057 1237 3132 contigisse;
1270 3057 1487 3112 veniam
1514 3057 1668 3128 petit,
1707 3072 1840 3128 pro-

223 3156 485 3205 meretur.
522 3148 581 3201 1n
609 3163 672 3201 ea
704 3146 829 3217 fuga
855 3148 1189 3216 completum
1216 3146 1438 3201 videres
1465 3146 1614 3217 quod
1644 3146 1699 3200 in
1730 3145 1841 3201 ﬁne

220 3236 631 3295 Deuteronomii
690 3236 892 3309 legitur
930 3236 985 3289 in
1027 3235 1537 3306 imprecationibus,
1578 3252 1717 3307 quas
1756 3236 1841 3290 vir

220 3328 316 3383 Dei
356 3328 568 3397 Moyses
609 3325 813 3397 populo
846 3325 1030 3379 lsraeli
1062 3324 1397 3395 imprecatus
1442 3335 1547 3393 est,
1577 3325 1622 3380 si
1651 3342 1681 3379 a
1710 3325 1834 3398 lege

219 3416 315 3471 Dei
340 3416 425 3470 sui
449 3414 749 3486 aliquando
781 3414 1094 3468 recederet:
1126 3416 1229 3467 Per
1257 3430 1450 3481 unam,
1482 3414 1662 3485 inquit
1684 3417 1833 3468 viam

216 3512 502 3581 egredieris
562 3515 751 3563 contra
805 3510 973 3563 hostes
1031 3514 1168 3575 tuos,
1217 3514 1268 3561 et
1304 3523 1401 3577 per
1434 3515 1633 3578 septem
1668 3511 1844 3577 fugitis

219 3610 390 3675 (Deut.
422 3621 610 3670 xxvm,
646 3605 759 3669 25);
794 3611 848 3658 et
889 3603 946 3657 in
1008 3602 1279 3658 Levitico:
1331 3607 1584 3673 Fugietis,
1624 3608 1843 3659 nemine

216 3707 570 3773 persequente
602 3699 787 3770 (Leuit.
822 3716 968 3768 xxw,
996 3700 1110 3770 17).

292 3796 417 3849 CAP.
469 3794 620 3848 XXV.
648 3825 720 3833 —
758 3797 812 3850 S.
854 3796 1124 3851 Benedicti
1168 3797 1411 3865 reliquae
1433 3797 1495 3850 in
1519 3796 1690 3850 aliam
1726 3797 1839 3851 the-

219 3907 343 3947 cam
371 3892 564 3944 itlataz.
601 3891 776 3944 Theca:
797 3891 1083 3958 particula:
1131 3893 1284 3959 aegris
1312 3890 1568 3945 salubres.
1606 3889 1838 3945 Basilica

223 4002 449 4057 semper
481 3984 717 4059 virginis
747 3983 929 4039 Mariae
951 3984 1045 4039 Dei
1071 3985 1376 4058 genitricis,
1412 3985 1463 4039 in
1498 4000 1605 4057 qua
1637 3985 1839 4041 Beatus

225 4082 384 4147 Pater
418 4076 752 4132 Benedictus
782 4091 1014 4146 corpore
1040 4077 1300 4148 quiescit,
1318 4077 1509 4148 partim
1543 4084 1835 4145 vetustate,

222 4171 420 4243 partim
462 4167 721 4222 incendio
761 4167 1044 4234 demolita,
1094 4168 1269 4223 visum
1313 4175 1398 4223 est
1452 4167 1638 4222 abbati
1685 4168 1835 4223 Guil-

222 4262 392 4316 lelmo
452 4257 585 4327 (22),
620 4256 902 4310 adnitente
934 4256 1165 4311 Odilone
1206 4257 1323 4312 viro
1376 4256 1549 4327 probo
1584 4256 1832 4325 ejusdem

223 4347 472 4404 basilicae
496 4345 722 4411 acdituo,
747 4351 905 4399 vetus
934 4344 1214 4410 demoliri,
1246 4351 1300 4399 et
1331 4360 1531 4399 novum
1563 4359 1705 4415 opus
1735 4361 1834 4415 pro

222 4447 407 4495 vetere
432 4436 747 4490 instaurare.
777 4436 890 4500 Qua
917 4436 986 4491 de
1021 4442 1267 4491 reactum
1302 4442 1407 4502 est,
1436 4444 1495 4490 ut
1517 4436 1833 4491 veneranda

222 4525 477 4599 ejusdem
493 4522 666 4577 Patris
687 4523 950 4589 membra,
974 4539 1095 4595 qua:
1125 4524 1181 4578 in
1208 4540 1334 4579 arca
1365 4524 1548 4597 lignea
1564 4534 1721 4579 erant
1744 4542 1830 4580 re-

221 4615 682 4680 condita,scrinio
713 4630 869 4670 teneo
900 4631 964 4670 ea
985 4615 1479 4671 obdurabililatem
1508 4616 1839 4672 intrinsecus

221 4708 528 4771 ambiente,
562 4719 787 4759 necesse
834 4703 978 4758 foret
1008 4704 1075 4758 de
1106 4706 1299 4760 eadem
1334 4723 1461 4761 arca
1493 4707 1834 4775 abstrahere,

221 4814 277 4859 et
330 4801 468 4857 alias
507 4799 614 4854 alio
646 4798 701 4852 in
735 4797 930 4854 locello
969 4798 1173 4853 locare.
1208 4800 1281 4854 De
1321 4800 1477 4872 cujus
1519 4817 1659 4855 arere
1700 4800 1832 4855 reli-

216 4899 366 4973 quiis
421 4897 590 4950 multa
623 4894 872 4949 remedia
932 4900 1257 4964 praestantur
1287 4895 1524 4950 inﬁrmis
1579 4896 1830 4965 ejusdem

217 4988 393 5044 Patris
424 4984 652 5049 meritis,
685 4984 842 5052 cujus
866 4982 1206 5037 venerabilia
1237 4999 1359 5040 ossa
1385 4984 1637 5040 ambivit.
1665 4986 1833 5041 Deni-

218 5097 329 5153 que
359 5078 679 5151 quicunque
712 5074 1164 5140 febricitantium,
1198 5076 1313 5129 sive
1336 5077 1697 5147 quotidianis,
1729 5096 1827 5137 seu

219 5168 492 5235 tertianis,
515 5167 602 5221 vel
620 5164 902 5238 quartanis
918 5164 1177 5219 detentus
1199 5165 1366 5220 fuerit
1397 5167 1596 5237 typhis,
1618 5169 1662 5223 si
1687 5185 1831 5242 aqua

215 5268 310 5316 aut
332 5274 459 5316 vmo
505 5257 696 5314 laverit
725 5257 965 5328 aliquam
998 5257 1320 5328 particulam
1351 5258 1623 5330 lignorum
1653 5260 1831 5331 ipsius

215 5365 374 5410 arcae.
417 5354 472 5403 et
499 5347 750 5403 eamdem
775 5346 1059 5417 potionem
1088 5345 1199 5403 ﬁde
1225 5347 1533 5419 epitulante
1565 5350 1828 5418 hauserit,

286 5531 395 5601 (22)
427 5526 959 5601 Guillelmusgabbas
989 5528 1211 5597 ponitur
1235 5529 1398 5584 annis
1430 5529 1564 5586 1062
1594 5539 1650 5586 et
1687 5530 1830 5588 1075

213 5604 269 5658 in
292 5596 487 5657 fusiori
528 5597 699 5652 Gallia
721 5596 1043 5653 Christiana.

285 5673 393 5745 (23)
427 5671 671 5745 \_’era_nus
716 5668 902 5745 nullus
930 5677 1015 5745 est
1043 5671 1119 5745 in,
1148 5671 1384 5745 vulgatis
1423 5673 1701 5729 indicibus
1728 5674 1828 5729 ab-

210 5739 397 5800 batum
431 5739 880 5805 Floriacensium,
907 5741 999 5812 qui
1030 5739 1275 5814 quidem'
1295 5744 1542 5801 Veranus
1572 5760 1686 5808 non
1727 5745 1825 5802 ab-

1872 1741 1921 1809 Β

1949 521 2214 594 quentius
2241 520 2599 591 probavimus
2630 518 3012 589 experimento
3042 518 3355 588 multiplici.
3378 518 3567 573 Plures

1951 617 2113 672 etiam
2146 617 2218 671 de
2252 616 2387 688 ipsis
2426 614 2631 686 quibus
2668 621 2948 683 compacta
2999 613 3175 668 fuerat
3212 629 3337 668 arca
3367 613 3459 668 illa
3498 614 3566 667 li-

1958 708 2102 783 gnis,
2133 709 2468 763 diversarum
2501 706 2753 761 homines
2782 704 3070 775 regionum
3096 704 3162 758 ad
3197 704 3419 774 propria
3449 705 3567 760 loca

1958 796 2127 870 gratia
2162 812 2273 850 suae
2326 794 2520 849 salutis
2551 794 2899 851 detulerunt:
2952 791 3043 862 qui
3097 792 3443 861 postmodum
3486 800 3568 848 at-

1960 885 2138 940 testati
2170 892 2297 939 sunt
2335 891 2525 939 contra
2580 882 2852 936 variorum
2908 896 3112 953 genera
3154 881 3470 935 morborum
3504 898 3568 936 ea

1959 977 2231 1048 profuisse
2265 976 2517 1031 multum.
2561 974 2849 1028 Enimvero
2890 989 2992 1027 nos
3032 972 3265 1043 plurima
3306 988 3429 1043 quae
3473 989 3568 1043 per

1956 1086 2018 1123 ea
2058 1074 2281 1123 ostensa
2331 1073 2479 1133 sunt,
2527 1066 2844 1120 omittentes
2872 1064 3049 1138 signa,
3082 1080 3253 1118 unum
3309 1064 3570 1118 duntaxat

1954 1165 2287 1222 retexamus,
2320 1156 2476 1223 cujus
2501 1153 2833 1209 documento
2862 1153 3030 1207 multa
3063 1152 3306 1221 potuisse
3342 1151 3459 1206 ﬁeri
3490 1153 3569 1207 si-

1953 1252 2102 1306 milia
2134 1250 2570 1307 manifestemus.
2615 1249 2858 1303 Veranus
2888 1248 3019 1315 (‘23),
3045 1247 3135 1318 qui
3167 1263 3265 1317 per
3282 1247 3566 1317 aliquanta

1954 1355 2222 1394 annorum
2257 1338 2527 1393 curricula
2568 1336 2816 1411 regimen
2846 1335 3086 1390 obtinuit
3110 1334 3562 1401 Floriacensium,

1956 1428 2239 1499 quartanis
2266 1426 2444 1480 valide
2476 1442 2573 1497 per
2599 1440 2820 1480 menses
2850 1423 2966 1478 fere
2994 1431 3074 1479 ter
3102 1423 3263 1479 binos
3285 1423 3564 1478 adureba-

1953 1528 2038 1574 tur
2063 1518 2330 1581 febribus,
2369 1518 2462 1589 qui
2506 1517 2868 1587 plurimorum
2917 1515 3254 1569 medicorum
3290 1515 3371 1586 (ut
3402 1524 3564 1586 puta-

1952 1609 2063 1679 bat)
2090 1609 2400 1674 doctorum,
2432 1606 2536 1660 sibi
2571 1606 2903 1676 prepensius
2934 1620 3117 1658 curam
3150 1605 3445 1670 adhibens,
3478 1605 3565 1658 ni-

1950 1700 2026 1754 hil
2050 1699 2307 1771 profecit;
2343 1704 2550 1753 tantum
2570 1698 2809 1769 aliquam
2840 1697 3088 1767 pecuniae
3117 1697 3479 1767 quantitatem
3508 1697 3561 1750 in

1952 1788 2339 1860 comparandis
2370 1786 2850 1853 medicaminibus,
2891 1794 3153 1840 eteorum
3191 1786 3431 1856 praimiis
3470 1786 3563 1857 qui

1952 1878 2150 1933 frustra
2188 1879 2273 1933 vel
2305 1878 2582 1933 modicum
2632 1893 2744 1932 suae
2796 1877 2928 1931 artis
2986 1877 3272 1947 suscipere
3318 1876 3561 1931 laborem

1954 1980 2212 2039 renuunt,
2235 1972 2514 2043 expendit.
2549 1972 2668 2043 Ipse
2700 1987 2944 2043 quoque,
2995 1971 3255 2041 quoniam
3279 1970 3566 2039 jaetitabat

1953 2066 2350 2138 aliquantulam
2382 2066 2766 2121 medicaminis
2791 2082 2851 2120 se
2874 2065 3081 2119 habere
3104 2066 3436 2131 notitiolam,
3470 2080 3567 2134 per

1953 2174 2010 2213 se
2039 2160 2091 2213 in
2123 2174 2181 2213 se
2212 2159 2382 2213 multa
2413 2158 2661 2224 tentavit,
2691 2158 2785 2213 sed
2820 2157 2893 2211 nil
2926 2157 3031 2211 sibi
3068 2157 3287 2228 profuit.
3324 2157 3566 2211 Destitu-

1949 2256 2036 2304 tus
2066 2249 2252 2321 itaque
2292 2250 2442 2304 omni
2483 2250 2706 2315 auxilio,
2759 2256 2815 2304 et
2843 2255 3050 2303 attenta
3092 2249 3385 2303 medicinae
3418 2249 3564 2304 frau-

1949 2342 2109 2397 datus
2140 2358 2260 2413 Spe,
2282 2343 2600 2397 recordatur
2624 2341 2824 2396 multos
2850 2340 3035 2408 hujus,
3060 2340 3394 2395 inﬁrmitatis
3424 2357 3561 2410 pon-

1950 2433 2081 2486 dere
2124 2446 2442 2502 opprcssos,
2482 2447 2583 2500 per
2612 2445 2751 2483 arca:
2778 2429 2953 2500 ipsius
3007 2429 3270 2501 reliquias
3310 2430 3556 2499 sospitati

1951 2523 2193 2594 pristiam
2245 2523 2546 2577 restitutos.
2596 2522 2843 2576 Dilucqu
2899 2522 3063 2593 igitur
3117 2521 3400 2589 cujusdam
3453 2523 3565 2577 diei

1945 2631 2180 2688 surgens
2205 2630 2235 2669 a
2264 2615 2487 2680 lectulo,
2520 2614 2774 2668 manibus
2812 2628 3037 2668 suorum
3061 2613 3381 2683 deportatus
3412 2612 3567 2667 cubi-

1945 2709 2298 2771 culariorum,
2342 2707 2637 2762 ecclesiam
2674 2707 2914 2771 intravit,
2957 2712 3139 2761 ceram
3173 2706 3329 2761 altari
3371 2707 3422 2760 in
3453 2722 3564 2777 quo

1945 2796 2225 2868 praedictae
2243 2795 2479 2851 condita:
2504 2794 3005 2866 fuerantreliquiaa,
3030 2810 3151 2848 sese
3175 2794 3228 2848 in
3250 2794 3563 2865 pavimento

1945 2889 2263 2959 prostravit,
2295 2887 2426 2943 ﬂetu
2456 2894 2511 2942 et
2540 2888 2745 2960 gemitu
2785 2887 3069 2941 subveniri
3116 2886 3224 2941 sibi
3257 2903 3565 2959 exposcens

1942 2979 2087 3037 beati
2122 2980 2293 3035 Patris
2324 2980 2604 3052 precibus.
2638 2980 2919 3035 Postremo
2959 2980 3027 3035 de
3059 2978 3160 3034 soli
3189 2978 3393 3035 duritia
3425 2981 3561 3035 sub-

1944 3077 2173 3139 levatus,
2206 3081 2261 3129 et
2290 3073 2435 3128 ulnis
2463 3089 2688 3128 suorum
2732 3072 3042 3143 bajulorum
3069 3077 3432 3139 sustentatus,
3475 3089 3561 3128 ro-

1942 3178 2034 3245 gat
2056 3169 2339 3224 custodem
2364 3163 2751 3236 praadictorum
2775 3177 3050 3217 sacrorum
3083 3161 3287 3217 ossium
3317 3161 3558 3233 aliquam

1941 3275 2082 3314 arcae
2116 3254 2515 3328 portiunculam
2556 3252 2660 3306 sibi
2692 3250 2895 3315 afferri,
2931 3268 3084 3307 mero
3131 3252 3304 3318 ablui,
3345 3259 3401 3307 et
3454 3251 3559 3305 sibi

1938 3349 2128 3405 tribui.
2164 3348 2316 3412 Quod
2347 3347 2478 3401 dum
2514 3345 2884 3416 impetrasset,
2918 3344 3113 3399 hausto
3141 3343 3414 3415 ejusmodi
3449 3361 3557 3414 ιγν-

1934 3436 2013 3507 ῑιι,
2041 3439 2206 3494 corde
2227 3436 2513 3503 deficiens,
2548 3437 2618 3490 de
2651 3436 2905 3490 manibus
2935 3452 3057 3490 sese
3098 3435 3460 3504 bajulantium
3488 3436 3555 3490 ad

1945 3536 2145 3583 terram
2170 3525 2479 3597 prolapsus
2516 3523 2736 3578 cecidit.
2779 3523 3007 3578 Omnem
3056 3524 3261 3579 deinde
3291 3524 3557 3595 superflui

1943 3618 2192 3675 humoris
2234 3615 2647 3677 abundantiam,
2682 3631 2804 3686 quae
2834 3615 2939 3669 sibi
3001 3632 3120 3671 eam
3173 3616 3558 3688 aegritudinem

1941 3707 2219 3774 intulerat,
2261 3720 2524 3760 evomens
2552 3720 2651 3775 per
2698 3703 2936 3773 spatium
2972 3703 3141 3758 ferme
3190 3706 3356 3759 unius
3388 3706 3559 3774 horae,

1940 3801 2093 3858 humi
2134 3808 2445 3873 prostratus
2476 3799 2670 3868 jacuit,
2724 3798 2924 3852 mentis
2978 3798 3287 3876 deliquium
3344 3817 3538 3871 passus

1942 3892 2095 3948 Unde
2130 3889 2428 3961 resumptis
2459 3886 2857 3960 aliquantulum
2898 3888 3104 3942 viribus
3149 3905 3270 3944 sese
3311 3890 3558 3960 erigens,

1939 3984 2122 4038 denuo
2162 3982 2231 4036 ad
2289 3981 2547 4035 lectulum
2583 3980 2925 4049 deportatus,
2957 3988 3013 4033 ct
3042 3980 3337 4051 tranquilla
3374 3982 3559 4052 quiete

1941 4071 2224 4143 paululum
2251 4076 2562 4140 soporatus,
2608 4067 2814 4123 nullam
2850 4066 3026 4138 ipsius
3067 4067 3245 4123 morbi
3288 4068 3556 4139 deinceps

1938 4159 2113 4214 sensit
2194 4157 2524 4234 angustiam.
2593 4155 2856 4229 Cognovit
2922 4171 3053 4231 ergo
3116 4156 3385 4226 potiorem
3445 4157 3556 4213 fore

1939 4249 2099 4323 [esse]
2134 4250 2465 4306 medicinam
2499 4248 2894 4320 omnipotentis
2926 4247 3140 4304 Domini
3166 4264 3467 4320 exposcere
3500 4252 3554 4306 in

1937 4345 2257 4401 infirmitate
2287 4344 2665 4413 clementiam,
2695 4360 2859 4415 quam
2885 4343 2939 4397 in
2973 4343 3338 4414 pretiosarum
3371 4345 3553 4400 succis

1935 4444 1989 4493 et
2017 4436 2230 4493 viribus
2256 4434 2535 4492 conﬁdere
2559 4435 2875 4490 herbarum.

2012 4527 2137 4582 CAP.
2194 4525 2369 4579 XXVI.
2423 4557 2484 4564 —
2523 4529 2804 4588 Quaestum
2860 4528 3277 4580 οοησὶοηαεονὶα.
3320 4529 3544 4581 Mancus

1936 4622 2183 4670 sanatus.
2235 4613 2385 4667 Unus
2439 4630 2505 4668 ex
2545 4612 2825 4679 fratribus,
2865 4620 3235 4687 cognomento
3269 4612 3549 4667 Galleber—

1940 4716 2048 4775 tus,
2105 4706 2199 4778 qui
2253 4705 2618 4776 caementariis
2676 4703 2853 4759 fuerat
2909 4703 3205 4775 praefectus
3252 4710 3548 4775 przetaxato

1932 4800 2087 4872 Operi
2112 4798 2515 4861 insistentibus,
2550 4797 2802 4868 pecuniis
2833 4796 3017 4851 minus
3052 4796 3351 4867 aliquando
3369 4796 3547 4851 abun-

1933 4894 2219 4960 dans,ibat
2249 4892 2578 4948 circumiens
2606 4890 2725 4946 loca
2758 4890 3014 4961 plurima,
3035 4897 3089 4945 et
3119 4890 3328 4946 ducens
3355 4906 3544 4945 secum

1932 4984 2373 5049 seminiverbios,
2396 4998 2630 5055 quorum
2644 4980 3023 5036 admonitione
3046 4981 3277 5037 excitata
3305 4981 3545 5037 virorum

1929 5088 1984 5133 et
2024 5077 2316 5132 mulierum
2348 5074 2535 5141 corda,
2580 5073 2767 5129 saeculi
2812 5072 3052 5148 negotiis
3103 5073 3328 5141 irretita,
3361 5073 3550 5145 aliquo

1930 5168 2215 5243 suffragio,
2250 5167 2353 5223 etsi
2388 5167 2628 5233 modico,
2663 5165 2948 5237 penuriam
2973 5165 3148 5237 ipsius
3175 5166 3547 5221 sublevarent.

1931 5263 2066 5317 Dum
2099 5275 2230 5335 ergo
2270 5259 2701 5331 circumquaque
2731 5257 3087 5319 discurreret.
3116 5257 3411 5313 Vitriacum
3439 5258 3552 5329 (24)

1934 5353 2195 5419 advenit;
2227 5351 2320 5423 qui
2352 5350 2504 5406 locus
2525 5348 2726 5423 regalis
2756 5348 2946 5420 palatii
2988 5346 3411 5404 honoriﬁcentia
3441 5363 3548 5404 no-

1930 5533 2048 5597 bas,
2086 5532 2182 5587 sed
2215 5539 2394 5586 rector
2423 5545 2523 5585 seu
2574 5535 2823 5594 curatus,
2855 5535 2918 5583 ut
2958 5536 3176 5594 vocant,
3225 5524 3546 5580 Floriacen-

1930 5604 2071 5657 sium
2103 5602 2273 5657 fuisse
2303 5602 2540 5657 videtur.

2001 5673 2113 5744 (24)
2171 5678 2312 5742 Vitry
2356 5673 2413 5726 in
2461 5672 2600 5729 silvo
2655 5670 3056 5737 Aurelianensi,
3115 5666 3207 5724 ubi
3273 5662 3549 5734 prioralus

1930 5745 2177 5802 Floriaco
2205 5744 2504 5814 subjectus.
