3938 6206
374 275 513 329 1215

1377 272 1658 328 RADULFI
1697 272 2007 329 TORTARII
2050 273 2341 331 MONACHI
2382 275 2676 331 FLORIAC.

3572 286 3719 340 1216

375 406 501 461 stris
542 404 886 476 temporibus
915 404 1294 461 decorabatur.
1350 406 1638 481 ingressus
1670 406 1853 478 itaque
1882 422 1982 461 ec~
2012 409 2061 478 Α
2088 406 2271 461 censis
2304 405 2464 479 burgi
2506 409 2847 478 consumpsit
2877 418 3109 480 partem.
3151 393 3497 485 incognitum
3526 419 3714 468 autem

375 502 620 566 clesiam,
651 500 1021 555 exhortatorio
1060 516 1317 555 sermone
1360 501 1621 571 p0pulum
1665 516 1984 556 commone-

377 596 632 661 facicbat,
660 596 782 648 vitae
815 595 1100 664 praesentis
1154 594 1571 650 mutabilitatem
1605 594 1817 668 fugere,
1861 595 1985 649 vitae

377 684 570 739 futurae
602 684 954 740 stabilitatem
991 683 1271 757 ﬂagrantis
1309 684 1476 738 animi
1508 684 1787 739 desiderio
1814 699 1988 754 appe-

378 788 511 833 tere.
554 779 698 832 lnter
727 784 924 832 caetera
954 793 1082 831 vero
1139 776 1355 831 blandis
1407 777 1859 846 persuasionibus
1889 793 1986 831 ex-

377 868 588 933 orabat,
624 882 691 919 ex
723 882 831 937 qua
880 882 937 919 re
968 873 1076 920 tota
1115 865 1206 920 illa
1236 865 1541 920 exhortatio
1569 866 1842 937 originem
1875 867 1983 920 (luv-

381 964 549 1019 xerat,
589 967 862 1027 quatenus
904 956 1154 1024 injuncto
1190 956 1295 1010 sibi
1330 956 1482 1026 Operi
1515 956 1722 1027 aliquid
1755 957 1986 1012 subsidii

380 1047 781 1117 impendendo,
820 1048 903 1101 vel
931 1063 1102 1117 pauca
1140 1048 1469 1121 largirentur
1500 1049 1849 1104 numismata.
1884 1050 1990 1104 Ad-

380 1143 497 1189 erat
525 1143 703 1190 antem
752 1136 807 1189 in
842 1137 1038 1190 eodem
1074 1136 1277 1206 pepulo
1318 1137 1552 1191 rusticus
1590 1137 1811 1209 quidam
1854 1138 1992 1192 Mar-

382 1244 497 1291 cus,
527 1227 619 1297 qui
651 1227 870 1281 sinistra
898 1228 1217 1283 debilitatus
1248 1244 1411 1283 manu
1434 1230 1640 1283 nullum
1671 1245 1734 1284 ex
1757 1246 1820 1284 ea
1851 1246 1991 1301 Opus

381 1325 647 1371 attentare
692 1318 928 1383 valebat,
970 1319 1066 1372 sed
1106 1320 1288 1373 nervis
1344 1321 1662 1383 contractis,
1696 1321 1989 1393 digitorum

381 1406 789 1460 summitatibus
812 1408 995 1462 medio
1021 1410 1213 1477 palmae
1236 1407 1436 1474 infixis,
1459 1410 1768 1481 polliceque
1796 1427 1991 1480 super-

382 1496 629 1562 astricto,
674 1497 894 1549 modum
953 1498 1190 1568 aliquem
1247 1498 1434 1552 clauso
1483 1515 1668 1569 pugno
1704 1506 1991 1570 percutere

383 1587 615 1641 valentis
671 1596 1051 1657 expresserat;
1107 1598 1164 1643 et
1204 1590 1302 1643 hac
1363 1589 1475 1643 fere
1532 1608 1630 1661 per
1677 1591 1994 1663 quinquen-

384 1678 535 1732 nium
607 1678 864 1731 multatus
918 1678 1223 1741 debilitate,
1293 1679 1438 1733 nulla
1498 1681 1834 1735 medicorum
1886 1699 1993 1753 Ope

384 1771 625 1841 adjuvari
688 1772 883 1841 potuit.
936 1771 1099 1826 Porro
1151 1780 1417 1827 noverant
1469 1774 1614 1827 illius
1670 1775 1991 1830 convicanei

385 1879 508 1917 cum
566 1863 684 1933 ipsa
766 1863 1218 1919 incommoditate
1296 1866 1387 1920 diu
1458 1867 1762 1921 detentum.
1828 1868 1997 1940 Igitur

385 1968 515 2007 cum
574 1953 789 2007 audiret
829 1953 1271 2022 praedicatorem,
1330 1955 1501 2009 Patris
1554 1957 1833 2012 Benedicti
1884 1958 1995 2012 vir-

387 2047 532 2094 tutes
580 2041 721 2093 inter
768 2041 873 2094 alia
916 2042 1341 2111 praedicamenta
1383 2045 1587 2115 saepius
1615 2047 1993 2115 extollentem,

389 2132 710 2202 videretque
752 2132 806 2185 in
848 2133 1140 2201 praesentia
1170 2143 1481 2190 sanctorum
1524 2138 1886 2208 quorumdam
1922 2141 1999 2210 pi-

390 2237 563 2292 gnora
592 2237 725 2275 auro
755 2221 985 2286 inclusa,
1020 2239 1141 2293 quae
1169 2224 1234 2277 ad
1268 2225 1609 2279 excitandam
1632 2228 1808 2296 plebis
1833 2228 2003 2284 devo-

391 2317 598 2370 tionem
630 2314 923 2385 praedictus
948 2314 1131 2381 frater,
1160 2333 1345 2371 secum
1378 2319 1668 2388 detulerat,
1701 2322 1889 2389 credo,
1920 2322 2004 2376 in-

391 2411 637 2482 spirante
686 2409 1082 2479 omnipotentis
1136 2411 1349 2467 Domini
1405 2416 1599 2487 gratia,
1642 2416 1735 2487 qui
1767 2417 1871 2471 sibi
1904 2418 2006 2472 hac

391 2501 687 2557 occasione
719 2500 969 2554 misereri
1002 2502 1370 2573 disposuerat,
1410 2521 1708 2562 conversus
1738 2509 1805 2562 ad
1836 2526 2001 2580 supe-

391 2592 502 2646 rius
532 2598 889 2646 mcmoratum
921 2590 1162 2660 fratrem,
1198 2594 1404 2664 inquit:
1434 2597 1622 2665 Spero,
1651 2601 1729 2653 mi
1767 2599 1998 2661 domine,

392 2690 441 2738 et
470 2684 599 2753 ﬁdes
631 2684 725 2737 hoc
763 2700 881 2738 mea
918 2690 1117 2739 certum
1164 2687 1316 2755 apud
1343 2702 1397 2741 se
1429 2691 1637 2754 retinet,
1670 2693 1927 2759 quoniam
1957 2694 2005 2745 si

396 2780 511 2831 istis
540 2780 709 2831 sacris
736 2780 1060 2847 pignoribus
1089 2796 1209 2849 qua:
1248 2782 1304 2834 in
1330 2785 1587 2850 praesenti
1608 2799 1788 2851 cerno,
1820 2790 2007 2841 manui

394 2883 519 2922 mea:
542 2868 711 2922 debili
734 2869 991 2922 aemilium
1030 2871 1201 2923 crucis
1232 2873 1466 2925 exterius
1512 2874 1570 2925 in
1620 2876 1850 2928 circuitu
1877 2878 2006 2944 pin-

396 2962 561 3027 gatis,
585 2963 832 3016 invocato
860 2965 1069 3016 nomine
1095 2966 1273 3017 sancti
1301 2964 1458 3033 cujus
1495 2966 1697 3032 famuli
1723 2969 1869 3021 estis.
1904 2969 2005 3022 Be-

395 3050 594 3103 nedicti
615 3053 813 3117 Patris,
845 3052 1006 3121 pulsa
1036 3052 1329 3118 debilitate,
1360 3057 1614 3123 pristinae
1638 3057 1905 3112 reddatur
1920 3074 2004 3113 so-

395 3144 603 3211 s‘pitati.
639 3142 833 3197 Audita
863 3143 959 3214 qui
992 3143 1240 3211 aderant,
1271 3146 1391 3215 ejus
1413 3147 1803 3217 postulatione,
1828 3155 1882 3202 et
1908 3149 2005 3202 ad-

397 3230 576 3285 mirati
609 3230 794 3295 iidcm,
844 3240 1032 3287 exorat
1084 3240 1137 3287 et
1187 3234 1325 3305 ipse,
1369 3253 1492 3307 quae
1524 3237 1835 3307 postulabat
1862 3237 2002 3294 fieri.

401 3325 586 3379 Frater
609 3341 740 3379 vero
765 3333 818 3380 et
838 3326 976 3396 ipse,
1004 3326 1110 3381 fide
1132 3327 1494 3383 nihilominus
1515 3331 1733 3400 plenus,
1761 3331 2007 3387 confisus

400 3415 469 3468 de
501 3422 809 3469 sanctarum
844 3415 1044 3471 virtute
1075 3416 1431 3488 reliquiarum
1478 3428 1532 3474 et
1568 3420 1780 3475 meritis
1811 3421 2004 3487 Patris,

401 3503 640 3573 acceptis
668 3510 980 3559 sanctorum
1021 3506 1367 3581 pignoribus,
1408 3524 1629 3563 manum
1664 3510 1904 3566 debilem
1941 3512 2004 3566 il-

405 3598 531 3666 lius,
587 3598 666 3653 uti
708 3607 1014 3670 rogaverat,
1070 3603 1228 3677 signo
1282 3604 1460 3659 crucis
1498 3604 1739 3659 exterius
1778 3606 2015 3661 circum-

404 3691 594 3748 cinxit.
654 3692 784 3756 Quae
833 3693 1120 3751 confestim
1181 3697 1363 3752 nervis
1400 3698 1691 3768 strepitum
1745 3699 2013 3771 grandem

405 3784 667 3839 dantibus
694 3785 985 3843 sanitatem
1017 3789 1224 3858 recepit
1251 3805 1317 3843 ex
1346 3790 1583 3863 integro,
1622 3789 1809 3865 digitis
1835 3792 2019 3846 omni-

406 3875 509 3928 bus
554 3891 678 3930 sese
727 3876 1089 3949 erigentibus.
1146 3878 1323 3951 prit
1372 3880 1556 3952 itaque
1601 3880 1748 3935 idem
1782 3882 2019 3938 rusticus

409 3963 613 4019 habere
643 3966 871 4020 liberam
902 3984 1148 4037 manum,
1203 3970 1295 4041 qui
1352 3970 1444 4024 diu
1477 3970 1743 4025 habuerat
1770 3970 2018 4026 inutilem

406 4055 755 4112 solummodo
789 4072 1051 4131 pugnum.
1118 4058 1319 4113 Videns
1355 4067 1537 4113 autem
1596 4059 1651 4114 in
1708 4075 1767 4114 se
1810 4067 2022 4116 tantum

406 4147 804 4219 omnipotentis
849 4148 1063 4203 Domini
1113 4148 1485 4218 clementiam,
1544 4149 1595 4205 ei
1647 4166 1746 4222 pro
1780 4167 1941 4223 posse
1972 4152 2026 4210 et

402 4241 543 4295 scire
571 4240 843 4295 referebat
867 4241 1162 4314 gratiarum
1194 4241 1440 4297 actiones
1473 4258 1570 4313 pro
1600 4260 1699 4298 sua
1741 4245 2011 4301 reforma-

403 4333 573 4400 tione,
606 4348 777 4408 agens
806 4332 970 4387 etiam
1003 4340 1057 4388 et
1095 4333 1238 4388 Patri
1278 4334 1576 4390 Benedicto
1616 4343 1817 4409 grates,
1859 4339 2017 4406 cujus

2090 498 2323 553 habetur
2352 506 2530 553 utrum
2558 500 2799 568 casuale,
2833 517 2900 554 an
2933 500 3191 557 furtivum
3244 503 3391 558 idem
3428 503 3602 559 fuerit
3632 506 3715 559 in-

2086 590 2369 645 cendium.
2405 592 2573 646 Nocte
2600 591 2877 663 siquidem
2924 611 3048 665 quae.
3093 596 3529 651 sacratissimum
3566 597 3713 651 diem

2086 678 2428 734 Dominicum
2463 680 2681 735 Paschae
2721 681 3013 737 subsecuta
3054 692 3160 750 est,
3221 686 3527 739 vehemens
3568 686 3716 759 ignis

2088 786 2251 824 unam
2277 770 2542 841 corripuit
2569 770 2881 837 domorum,
2905 788 3027 843 quae
3051 790 3080 827 a
3110 781 3264 844 parte
3287 776 3715 845 septentrionali

2089 869 2333 930 exceptae
2384 866 2539 914 erant
2567 875 2598 914 a
2637 865 2887 915 clausura
2918 862 3168 931 ejusdem
3197 863 3378 936 burgi.
3414 863 3548 927 Quae
3581 881 3648 919 cu
3664 881 3715 917 m

2089 958 2235 1005 esset
2273 951 2677 1022 receptaculum
2713 951 2900 1018 boum,
2935 953 3170 1008 habebat
3198 954 3307 1009 feni
3330 955 3635 1025 plurimum
3664 964 3718 1012 et

2091 1044 2390 1116 palearum.
2427 1044 2547 1099 Haec
2572 1060 2701 1100 vero
2737 1044 2867 1099 licet
2898 1046 3007 1100 sint
3036 1046 3189 1101 omni
3218 1056 3469 1119 tempore
3494 1048 3711 1103 laetissi-

2093 1149 2237 1187 mum
2273 1132 2417 1205 ignis
2448 1131 2737 1204 pabulum,
2764 1150 2830 1187 ea
2863 1143 3045 1189 tamen
3090 1135 3264 1191 multo
3292 1136 3468 1208 magis
3500 1147 3719 1207 tempe-

2090 1230 2248 1290 state,
2282 1224 2411 1295 quia
2442 1224 2680 1278 exclusis
2737 1225 2969 1296 reliquis
2997 1226 3198 1293 ventis,
3248 1227 3399 1282 solus
3429 1230 3623 1299 aquilo
3654 1229 3719 1282 li-

2092 1316 2226 1369 bero
2284 1314 2415 1370 ﬂatu
2463 1315 2655 1369 orbem
2714 1316 2981 1387 perllabat
3038 1317 3322 1372 Gallicum.
3360 1319 3462 1382 Qui
3522 1319 3718 1373 omnia

2093 1421 2244 1461 more
2277 1421 2377 1461 suo
2428 1407 2690 1473 adurens,
2725 1406 2877 1461 arida
2920 1408 3255 1473 reddiderat,
3307 1409 3456 1464 nulla
3498 1409 3724 1480 penitus

2095 1500 2291 1571 pluviae
2322 1501 2564 1556 stillante
2596 1509 2749 1574 gutta
2804 1519 2903 1572 per
2950 1503 3159 1574 aliquot
3202 1504 3472 1575 temporis
3519 1506 3718 1575 spatia.

2096 1593 2265 1666 [gitur
2285 1593 2585 1663 incipiente
2616 1594 2776 1648 tertia
2808 1594 2983 1649 noctis
3004 1603 3179 1665 parte,
3203 1612 3325 1667 quae
3352 1597 3717 1652 canticinium

2094 1692 2339 1751 vocatur,
2400 1686 2877 1755 perstrepentibus
2931 1686 3041 1740 illis
3093 1687 3188 1758 qui
3251 1688 3413 1759 primi
3472 1689 3725 1742 viderant

2098 1774 2281 1847 ignem
2313 1775 2562 1841 accendi,
2596 1774 2793 1846 vulgus
2823 1775 3096 1846 reliquum
3130 1777 3584 1849 expergefactum
3616 1786 3722 1832 ter-

2096 1861 2302 1916 riﬁcam
2337 1862 2484 1917 illam
2528 1879 2719 1919 vocem
2770 1879 2894 1918 cum
2947 1864 3199 1919 horribili
3248 1866 3463 1920 ulutatu
3492 1882 3725 1921 concre-

2096 1951 2289 2022 pabat;
2333 1952 2408 2005 Ad
2436 1951 2615 2007 focum
2647 1952 2925 2020 videlicet,
2958 1954 3025 2007 ad
3073 1952 3291 2010 focum!
3332 1956 3450 2019 Quo
3482 1956 3721 2026 strepitu

2098 2043 2259 2097 exciti
2292 2042 2510 2110 fratres,
2545 2044 2805 2116 linquunt
2834 2051 3056 2111 stratus,
3091 2045 3376 2100 basilicam
3405 2046 3724 2117 irrumpen-

2106 2142 2207 2190 tes.
2244 2136 2368 2191 Erat
2401 2142 2582 2191 autem
2617 2137 2808 2191 eadem
2851 2136 3081 2192 basilica
3111 2137 3183 2192 ob
3224 2138 3549 2209 paschalem
3583 2140 3726 2194 cele-

2107 2233 2359 2287 britatem
2394 2234 2784 2288 honestissime
2821 2234 3144 2289 holoscricis
3191 2243 3487 2290 venustats
3520 2236 3731 2291 ornati-

2108 2326 2231 2392 bus,
2260 2326 2327 2380 ad
2360 2341 2499 2398 quos
2528 2326 2893 2395 deponendos
2951 2332 3003 2381 et
3045 2326 3100 2380 in
3130 2327 3533 2400 ga20phylacio
3561 2344 3730 2399 repo-

2108 2419 2341 2485 nendos,
2374 2418 2633 2489 quoniam
2656 2435 2719 2472 ea
2750 2419 2949 2473 domus
2980 2418 3189 2474 fornice
3219 2419 3441 2490 lapideo
3480 2428 3732 2495 protege-

2105 2509 2265 2563 batur
2298 2508 2550 2577 juniores
2596 2509 2665 2562 de
2720 2508 2981 2562 fratribus
3042 2510 3295 2565 certatim
3337 2511 3730 2584 accinguntur.

2106 2600 2260 2663 Quod
2280 2600 2545 2655 citissime
2562 2600 2862 2673 peragitur,
2889 2600 3196 2655 aliisscalas
3218 2601 3592 2675 erigentibus,
3609 2602 3732 2655 aliis

2105 2710 2204 2764 per
2228 2692 2429 2765 gradus
2456 2708 2642 2747 earum
2667 2692 2735 2747 ad
2753 2691 2971 2766 fastigia
2992 2693 3167 2764 ipsius
3188 2693 3328 2748 aulae
3346 2694 3725 2762 evolantibus,

2106 2791 2159 2840 et
2176 2786 2326 2856 ipsos
2348 2791 2575 2839 ornatus
2597 2784 3030 2855 deponentibus,
3061 2785 3185 2840 aliis
3204 2802 3298 2841 eos
3331 2788 3384 2841 in
3407 2787 3661 2843 humeris
3678 2796 3729 2842 et

2107 2878 2253 2933 ulnis
2279 2876 2730 2949 suscipientibus,
2763 2884 2817 2931 et
2870 2877 2937 2931 ad
2963 2878 3286 2947 jamdictum
3332 2888 3514 2934 tutum
3550 2881 3726 2936 locum

2107 2968 2506 3024 deferentibus.
2549 2968 2660 3024 Nec
2704 2969 2885 3024 minus
2942 2969 3206 3025 librorum
3250 2974 3728 3042 pernecessariam

2060 3081 2078 3145 ς
2108 3058 2323 3129 copiam
2354 3058 2608 3113 amittere
2648 3057 2791 3129 ignis
2830 3057 3094 3113 violentia
3133 3059 3617 3129 pertimescentes,
3644 3077 3732 3116 co-

2106 3151 2231 3205 dem
2263 3149 2644 3223 congessimus
2677 3165 2797 3204 cum
2832 3156 3286 3205 testamentorum
3320 3157 3375 3205 et
3409 3152 3731 3226 privilegio-

2108 3256 2226 3294 rum
2254 3246 2563 3295 nostrorum
2589 3238 2884 3313 congerie;
2921 3239 3308 3294 metuebamus
3336 3240 3487 3294 enim
3524 3258 3593 3296 ne
3623 3252 3732 3296 tur-

2107 3333 2296 3399 ricula,
2329 3332 2383 3386 in
2433 3348 2541 3404 qua
2574 3332 2690 3386 haec
2726 3332 3013 3387 recondita
3052 3342 3232 3398 erant,
3269 3332 3482 3407 ignium
3524 3334 3729 3389 viribus

2107 3425 2499 3491 succumbens,
2543 3424 2598 3478 in
2641 3423 2853 3479 favillas
2893 3424 3251 3498 redigeretur,
3301 3441 3427 3478 cum
3471 3425 3614 3480 foret
3653 3428 3719 3480 ri-

2107 3532 2318 3569 marum
2351 3516 2532 3585 plena,
2566 3514 2837 3584 superiori
2880 3513 3138 3568 inccndio
3180 3522 3535 3585 consumpta,
3574 3515 3719 3586 quod

2117 3605 2326 3660 domini
2372 3604 2588 3659 abbatis
2635 3603 2875 3658 Gauslini
2928 3602 3033 3673 (25')
3078 3611 3328 3672 tempore
3377 3602 3721 3659 Floriacensc

2117 3696 2431 3753 cwnobium
2453 3694 2849 3766 pessumdedit.
2880 3695 3041 3748 Porro
3066 3692 3389 3762 junioribus
3416 3694 3474 3748 in
3500 3696 3586 3749 bis
3608 3713 3724 3766 qua:

2121 3785 2539 3857 praetaxavimus
2587 3782 2896 3854 occupatis,
2929 3782 3026 3853 qui
3067 3782 3442 3857 religiosiores
3492 3792 3548 3838 et
3580 3791 3727 3838 aetate

2119 3877 2494 3950 provectiores
2541 3884 2717 3941 erant,
2748 3874 2922 3929 Patris
2960 3874 3294 3929 sanctissimi
3339 3875 3584 3947 glebam,
3629 3891 3728 3931 non

2121 3970 2301 4025 solum
2332 3967 2439 4031 his,
2468 3966 2567 4020 sed
2606 3965 2866 4021 omnibus
2901 3964 3051 4039 gazis
3091 3964 3292 4019 millies
3345 3966 3727 4036 pretiosiorem

2124 4056 2439 4130 supradicto
2463 4052 2856 4128 gazophylacio
2895 4052 3222 4121 intulerunt,
3253 4069 3378 4108 cum
3410 4062 3728 4109 caeteroer

2129 4150 2458 4229 pignoribus
2504 4155 2838 4215 sanctorum,
2895 4147 2990 4218 qui
3033 4147 3091 4201 in
3144 4147 3339 4202 eadem
3373 4149 3731 4219 quiescebant

2115 4243 2373 4303 ecclesia.
2404 4240 2633 4305 Quidam
2677 4243 2857 4292 autem
2900 4236 3257 4290 sacratissimi
3301 4238 3560 4308 martyris
3592 4238 3729 4292 Mau-

2119 4339 2161 4395 ri
2204 4334 2453 4393 membra
2508 4345 2840 4402 aureamque
2882 4329 3127 4384 dextram
3171 4330 3278 4398 (26)
3330 4329 3385 4383 in
3447 4348 3559 4401 qua
3616 4348 3730 4402 pars

406 4421 615 4478 meritis
646 4438 769 4477 sese
821 4423 1050 4477 salutem
1095 4431 1451 4478 consecutum
1486 4424 1864 4494 proﬁtebatur.
1907 4428 2016 4482 Nec
2043 4443 2095 4509 ι)
2116 4427 2332 4486 Domini
2371 4425 2579 4481 sudarii
2631 4423 2865 4479 habetur
2901 4421 3137 4489 inclusa,
3184 4432 3541 4478 assumentes
3600 4425 3731 4479 foras

408 4514 592 4568 minus
628 4528 845 4580 omnes,
877 4512 971 4585 qui
1026 4513 1080 4567 in
1122 4513 1373 4568 eamdem
1415 4514 1706 4569 ecclesiam
1739 4531 2016 4572 convene-

410 4617 551 4674 rant,
575 4608 884 4663 diutissimc
905 4608 1161 4664 laudibus
1184 4609 1878 4680 Redemptorisimmorati,
1896 4612 2018 4683 qui-

412 4699 515 4754 bus
542 4700 801 4755 valebant
820 4700 1094 4765 laudibus,
1122 4700 1242 4769 ejus
1270 4700 1605 4756 extollebant
1627 4702 1904 4775 magnalia
1925 4702 2019 4774 qui

412 4791 465 4845 in
499 4791 704 4847 sanctis
722 4791 839 4847 suis
869 4798 952 4847 est
981 4791 1191 4863 ubique
1218 4792 1489 4847 mirabilis
1518 4794 1666 4862 (Psai
1720 4811 1858 4848 vau
1911 4794 2019 4862 36).

481 4884 606 4940 ΟΜ).
650 4884 853 4939 XXVll.
904 4916 972 4925 --
1021 4886 1183 4940 Anno
1225 4884 1363 4940 1095
1411 4886 1717 4941 incendium
1765 4886 2017 4941 Floriaci.

410 4976 738 5031 Bibliotheca
792 4981 844 5031 et
880 4977 1079 5031 charta:
1105 4981 1348 5031 servatas.
1403 4976 1606 5031 Christi
1653 4978 1939 5031 sude-rium
1975 4982 2024 5032 et

412 5072 536 5126 alim
561 5073 807 5141 reliquiae
840 5074 1073 5143 flammis
1091 5072 1321 5142 objecta.
1356 5072 1671 5127 Incendium
1696 5088 1998 5143 repressum

414 5166 568 5221 Anno
608 5167 675 5220 ab
730 5168 1114 5225 lncarnatione
1167 5166 1383 5224 Domini
1424 5166 1722 5223 millesimo
1773 5183 2021 5243 nonage-

415 5256 554 5313 simo
582 5258 795 5330 quinto,
828 5260 1048 5317 ﬂamma
1076 5261 1289 5318 voracis
1321 5259 1465 5335 ignis
1498 5259 1788 5315 maximam
1823 5259 2023 5316 Floria-

488 5434 601 5505 (25)
640 5433 731 5489 Sic
770 5433 1088 5507 legendum,
1146 5447 1239 5492 aut
1285 5436 1558 5503 Gauzlini,
1611 5437 1771 5507 cujus
1811 5436 2026 5493 abbatis

417 5510 665 5582 tempore
697 5506 1014 5582 incendium
1044 5509 1276 5582 contigit
1306 5509 1643 5579 descriptum
1672 5506 1740 5564 ab
1772 5509 2023 5566 Aimoino

419 5575 583 5644 supra
613 5575 796 5646 iulib.
833 5592 895 5641 ιι,
919 5592 1042 5646 cap.
1075 5580 1157 5633 19.

464 5646 595 5721 ,(Ξβ)
628 5644 761 5721 Hinc
791 5660 890 5713 pro
924 5644 1234 5721 insignibus
1282 5650 1647 5707 Floriacensis
1706 5654 2026 5709 monasterii

425 5714 669 5786 pingitur
730 5714 920 5767 dextra
971 5714 1123 5771 more
1178 5718 1557 5777 benedicentis
1628 5731 1847 5781 extenta
1903 5741 2026 5781 cum

2120 4521 2436 4578 extulerunt
2476 4516 2735 4572 inccndio
2783 4521 3155 4587 Oppouentes.
3210 4515 3319 4569 Sed
3363 4516 3497 4570 dum
3532 4532 3732 4588 nequa—

2121 4628 2286 4686 quam
2320 4609 2463 4683 ignis
2501 4608 2747 4663 odorem~
2770 4606 3046 4661 sustinere
3079 4604 3348 4667 valerent,
3391 4605 3539 4660 infra
3565 4606 3734 4661 ambi-

2123 4710 2237 4758 tum
2269 4699 2433 4755 castri
2462 4713 2585 4753 sese
2615 4696 2971 4768 recipientes,
3013 4710 3248 4750 ascenso
3276 4710 3436 4750 muro
3470 4696 3731 4766 implora-

2123 4795 2255 4851 bant
2285 4792 2500 4848 Domini
2532 4789 2817 4857 auxilium,
2843 4787 3117 4859 oppositis
3147 4787 3518 4843 nihilominus
3547 4789 3735 4843 incen-

2122 4885 2213 4941 dio
2239 4882 2412 4938 sacris
2443 4879 2784 4954 pignoribus.
2835 4877 3205 4935 Joscerandus
3241 4894 3375 4933 vero
3409 4880 3587 4933 beatae
3620 4894 3731 4932 me-

2123 4974 2312 5031 moriae
2358 4972 2462 5039 vir,
2515 4971 2609 5043 qui
2659 4986 2726 5026 eo
2758 4976 3009 5039 tempore
3059 4968 3276 5024 abbatis
3328 4968 3436 5037 (27)
3495 4969 3731 5024 ofﬁcium

2123 5067 2269 5139 apud
2327 5066 2630 5122 Floriacum
2680 5072 2907 5120 strenue
2963 5063 3391 5135 exsequebatur,
3449 5061 3736 5132 assumptis

2121 5177 2306 5218 secum
2363 5159 2555 5232 paucis
2580 5157 2839 5214 fratribus
2865 5173 2991 5213 cum
3048 5156 3260 5229 pueris,
3290 5156 3387 5228 qui
3430 5156 3618 5211 adhuc
3644 5155 3735 5210 sub

2122 5254 2377 5314 arctioris
2411 5253 2721 5326 disciplinae
2778 5250 3030 5308 custodia
3073 5250 3438 5319 tenebantur,
3469 5250 3739 5307 domicilia

2125 5439 2233 5512 hoc
2270 5436 2480 5512 elogio:
2534 5436 2780 5491 sz'renx
2822 5428 3048 5496 Deum,
3100 5442 3161 5488 ut
3207 5433 3420 5489 notavit
3455 5433 3742 5490 Joannesa

2125 5510 2321 5651 13052070).
2355 5579 2492 5635 Huic
2543 5594 2653 5634 non
2694 5577 2867 5651 multo
2913 5586 3037 5651 post
3089 5577 3364 5633 successit
3397 5576 3609 5651 Simon,
3642 5587 3740 5651 quo

2128 5646 2329 5779 abblatbe
2351 5651 2630 5734 :I'ortarius
2659 5646 2955 5707 scribebat.
3000 5649 3143 5722 Lege
3170 5656 3332 5706 notas
3356 5648 3425 5703 ad
3454 5648 3621 5703 tinem
3650 5646 3737 5699 hu-

2124 5739 2215 5795 jus
2258 5741 2274 5779 ι
2319 5740 2386 5781 rt.
