3938 6206
211 280 353 337 1217

1375 268 1709 326 MIRACULA
1745 264 1973 322 SANCTI
2014 267 2138 322 BEN
2146 267 2378 329 EDICTI.

3396 290 3535 347 1218

216 414 466 484 ejusdem
524 408 764 466 caznobii
804 420 981 477 usque
1024 404 1092 459 ad
1123 419 1372 460 auroram
1429 400 1825 458 circumeundo
1849 401 1905 471 Α
1929 400 2089 456 stilus
2119 406 2467 473 necessaria;
2512 425 2692 482 neque
2724 415 2871 470 enim
2913 416 2983 472 de
3021 433 3244 475 suorum
3270 422 3536 481 reforma-

214 503 438 560 litanias
477 499 694 574 agebat,
724 495 1001 569 protensis
1030 494 1086 547 in
1131 493 1329 548 cmlum
1384 492 1660 557 manibus,
1714 506 1829 546 cre-

212 597 367 652 brius
404 595 592 664 Kyrie,
620 592 814 646 eleison
845 588 1169 643 inclamans.
1206 587 1421 640 lnterea
1469 584 1614 656 ignis
1647 580 1831 654 paula-

214 687 312 742 tim
334 700 463 740 suas
485 683 541 737 in
572 680 751 749 majus
781 675 1190 749 augmentando
1221 675 1387 743 vires,
1420 672 1666 744 depastis
1692 671 1830 725 aedi-

212 778 342 844 bus,
372 791 512 848 quas
540 789 569 827 a
603 777 754 843 parte
785 767 1180 840 septentrionis
1209 773 1363 822 extra
1389 764 1570 821 villam
1604 759 1827 832 depasci

215 869 395 941 primo
445 871 708 936 coeperat,
750 860 975 915 ﬂatibus
1015 857 1291 930 aquilonis
1329 856 1423 929 qui
1469 856 1829 911 vehementer

212 957 385 1011 ﬂabat
451 951 742 1024 impulsus,
802 948 1091 1004 ecclesiam
1158 945 1343 1001 Sancti
1396 943 1638 1016 Dionysii
1692 942 1826 1014 (28),

213 1064 339 1121 qua)
387 1047 501 1101 fere
546 1044 602 1098 in
643 1040 826 1096 medio
866 1038 1044 1110 ipsius
1072 1037 1215 1092 villa:
1245 1036 1351 1091 sita
1402 1042 1539 1102 erat,
1580 1032 1827 1104 corripit.

217 1141 508 1194 Enimvero
539 1134 737 1190 exinde
767 1131 924 1204 quasi
950 1146 1014 1185 ex
1051 1128 1400 1184 eminentiori
1432 1127 1574 1193 loco,
1603 1124 1830 1180 liberio-

216 1230 369 1284 ribus
413 1224 646 1281 saltibus
674 1221 964 1284 admissus,
1018 1218 1446 1288 circumquaque
1487 1212 1827 1278 diffunditur,

216 1323 296 1377 ita
326 1327 386 1375 ut
414 1318 583 1373 etiam
615 1312 931 1379 toreularia,
956 1326 1079 1383 quae
1110 1309 1166 1364 in
1188 1308 1387 1363 vinctis
1415 1315 1636 1362 centum
1661 1304 1831 1359 ferme

217 1414 475 1488 passibus
513 1409 734 1485 longius
798 1407 1046 1472 aberant,
1104 1403 1468 1459 combureret.
1511 1400 1634 1455 Erat
1697 1414 1828 1454 vero

219 1515 404 1563 tantus
442 1505 564 1573 ejus
613 1500 858 1572 crepitus
901 1506 962 1553 ut
991 1512 1185 1553 omnes
1218 1494 1509 1550 audientes
1538 1492 1704 1548 corde
1735 1507 1835 1563 pa-

219 1603 435 1664 verent,
468 1596 554 1651 vix
586 1600 730 1649 stare
780 1590 1051 1654 valentes,
1102 1587 1385 1660 quatiente
1417 1601 1604 1641 eorum
1655 1599 1836 1656 genua

220 1694 463 1739 tremore
484 1682 676 1736 nimio.
705 1679 855 1733 Tunc
886 1677 1130 1748 denique
1161 1691 1355 1731 omnes
1384 1674 1581 1747 ingens
1605 1670 1837 1743 arripuit

190 1773 386 1828 timor
442 1769 659 1836 fratres,
721 1772 1013 1822 cernentes
1079 1765 1349 1819 carbones
1402 1762 1590 1835 ignitis
1642 1760 1836 1815 mistos

217 1863 478 1919 scintillis
507 1878 675 1933 super
714 1856 1134 1922 monasterium,
1168 1856 1316 1927 quod
1348 1854 1552 1925 stipula
1580 1862 1833 1924 apertum

216 1963 356 2022 erat,
402 1953 622 2019 cadere,
654 1956 969 2006 metuentes
995 1964 1064 2002 ne
1091 1947 1194 2002 sub
1235 1962 1347 2001 uno
1376 1953 1657 2001 momento
1689 1960 1833 2000 cun-

211 2058 298 2106 cta
329 2065 518 2104 eorum
545 2045 860 2101 habitacula
889 2058 956 2099 eo
997 2042 1125 2116 igne
1166 2049 1644 2097 consumerentur.
1679 2039 1831 2094 Idem

218 2142 461 2213 denique
493 2137 906 2199 monasterium,
950 2135 1098 2207 quod
1150 2134 1407 2205 superius
1435 2133 1683 2187 innovari
1723 2147 1837 2187 caa-

219 2243 376 2306 ptum
423 2233 679 2295 diximus,
715 2231 976 2304 quoniam
1007 2230 1187 2285 adhuc
1232 2228 1615 2299 imperfectum
1649 2243 1839 2281 mane-

220 2331 336 2394 bat,
387 2327 591 2399 stipula
641 2324 946 2399 tegebatur.
981 2323 1223 2378 Tandem
1278 2337 1409 2397 ergo
1442 2321 1688 2393 placatus
1718 2320 1839 2375 Sal-

220 2428 400 2484 vator,
450 2426 510 2474 ut
538 2417 836 2483 credimus,
868 2431 981 2470 suae
1021 2414 1276 2488 gloriosae
1306 2412 1522 2468 meritis
1549 2412 1839 2468 Genitricis

222 2515 512 2585 Patrisque
543 2511 853 2576 Benedicti,
899 2525 1003 2565 nec
1026 2525 1136 2566 non
1178 2524 1349 2579 supra
1389 2507 1677 2563 memorati
1710 2504 1836 2560 reli-

221 2607 364 2683 giosi
415 2605 517 2660 viri
556 2603 828 2675 precibus,
876 2600 1092 2657 induxit
1141 2599 1371 2656 africum
1424 2600 1835 2665 vehementem,

225 2695 324 2769 qui
352 2710 417 2749 ex
447 2692 674 2764 obliquo
705 2691 866 2758 ﬂans,
898 2689 1214 2761 aquilonem
1247 2704 1277 2743 a
1306 2687 1625 2745 monasterii
1658 2685 1837 2741 ambi-

227 2793 286 2839 tu
315 2781 538 2853 penitus
564 2779 882 2834 excluderet
910 2788 964 2832 et
1002 2793 1235 2849 vapores
1269 2777 1534 2843 incendii,
1571 2792 1711 2849 quos
1744 2773 1836 2829 ille

226 2872 348 2928 suis
378 2869 697 2942 impellebat
724 2868 962 2931 ﬂatibus,
1005 2868 1073 2922 ab
1122 2883 1187 2923 eo
1232 2866 1572 2923 omnimodis
1602 2870 1834 2922 arceret.

227 2966 399 3030 Quam
446 2961 854 3016 miserationem
886 2958 1290 3030 Omnipotentis
1328 2964 1637 3024 cernentes,
1687 2963 1839 3011 retu-

226 3063 392 3118 limus
431 3076 530 3132 pro
567 3075 728 3130 posse
756 3057 876 3127 ejus
905 3058 1189 3112 immensae
1211 3056 1515 3111 clementiae
1544 3054 1842 3128 gratiarum

226 3154 495 3220 actiones,
529 3151 623 3222 qui
652 3166 755 3205 nos
786 3167 816 3204 a
847 3155 953 3204 tam
1002 3148 1228 3203 immani
1266 3146 1547 3218 eripuerat
1573 3147 1844 3218 periculo.

228 3240 480 3312 Denique
528 3241 707 3295 donec
756 3255 920 3295 omne
970 3238 1102 3293 illud
1172 3237 1491 3293 incendium
1551 3237 1846 3307 sopiretur,

230 3345 347 3387 non
393 3329 627 3385 cessavit
664 3329 808 3384 idem
858 3335 1059 3384 ventus
1091 3326 1221 3382 ﬂare
1268 3325 1675 3382 vehementius.
1726 3325 1851 3381 Per-

232 3422 452 3478 duravit
501 3430 687 3478 autem
732 3422 879 3476 idem
913 3420 1231 3475 incendium
1272 3419 1687 3487 debacchando,
1722 3434 1852 3491 pes-

233 3514 503 3571 sumdans
541 3513 968 3569 Floriacensium
1010 3512 1176 3579 aedes,
1209 3527 1333 3566 cum
1366 3511 1451 3565 his
1481 3526 1602 3583 quae
1633 3510 1689 3564 in
1716 3510 1852 3581 ipsis

235 3611 445 3682 reperit
484 3608 761 3665 alimentis
807 3614 861 3663 et
914 3606 1162 3661 vestibus
1210 3612 1265 3661 et
1302 3606 1452 3661 varia
1499 3604 1850 3676 supellectili,

236 3704 307 3759 ab
340 3704 475 3758 hora
506 3702 686 3758 noctis
718 3700 878 3757 tertia
926 3715 1101 3771 usque
1132 3698 1368 3770 primam
1426 3696 1713 3768 sequentis
1743 3696 1854 3751 diei

241 3796 434 3850 horam
476 3793 774 3847 devastans
805 3789 990 3847 omnia
1031 3805 1063 3843 a
1096 3794 1253 3860 porta
1290 3786 1706 3858 septentrionali
1733 3801 1859 3842 ver-

240 3904 337 3944 sus
363 3887 636 3943 orientem
667 3901 843 3957 usque
874 3884 930 3939 in
957 3889 1170 3956 portam
1199 3882 1520 3947 australem,
1553 3881 1744 3953 paucis
1774 3896 1862 3936 re-

247 3978 424 4033 siduis
477 3976 736 4033 domibus
786 3976 857 4030 ad
904 3974 1038 4031 solis
1082 3983 1285 4042 ortum,
1325 3988 1449 4045 qua:
1487 3979 1640 4029 extra
1676 3971 1860 4030 villam

246 4072 427 4122 erant.

322 4155 448 4210 Car.
514 4153 744 4208 XXVIII.
791 4183 861 4193 -—
920 4154 1068 4211 Caeca
1120 4151 1295 4206 lumen
1347 4154 1556 4223 recipit.
1609 4150 1866 4216 Quaedam

250 4246 590 4320 paupercula
618 4260 777 4313 anus,
804 4244 874 4298 ab
904 4243 1106 4318 ignotis
1137 4242 1298 4298 nobis
1318 4241 1523 4299 finibus
1552 4242 1864 4316 egrediens,

254 4339 562 4395 Floriaeum
614 4336 840 4392 fortuito
873 4352 1003 4390 casu
1034 4335 1278 4391 ostiatim
1316 4335 1520 4391 victum
1561 4336 1865 4408 quaeritan-

255 4428 329 4483 do
356 4425 606 4500 contigit.
662 4425 785 4479 Haec
810 4424 903 4478 diu
948 4425 1003 4479 in
1034 4422 1279 4479 caecitate
1326 4423 1631 4494 perdurans
1682 4421 1869 4477 fundi-

255 4530 344 4577 tus
397 4534 553 4589 spem
586 4516 951 4587 recuperandi
1002 4515 1263 4571 amiserat
1311 4515 1481 4570 visus.
1533 4514 1662 4580 Quae
1694 4530 1867 4569 manu

254 4611 479 4669 sinistra
504 4608 736 4681 puerulo
766 4608 911 4675 data,
953 4608 1062 4664 iter
1099 4607 1382 4679 carpebat,
1417 4608 1645 4664 dextera
1690 4607 1863 4663 bacu-

256 4707 371 4762 lum
402 4703 580 4779 gratia
608 4702 1031 4758 sustentationis
1053 4707 1299 4775 gestans.
1335 4701 1588 4774 lngressa
1617 4715 1750 4774 ergo
1779 4700 1874 4755 Dei

259 4795 552 4854 Genitricis
586 4794 789 4862 aulam,
833 4809 980 4866 pone
1024 4793 1320 4868 imaginem
1374 4793 1545 4848 nostri
1578 4791 1876 4848 Salvatoris

261 4895 491 4959 argento
532 4883 780 4939 radiante
810 4883 1087 4948 vestitam,
1124 4896 1408 4953 aureoque
1436 4882 1666 4952 pulchre
1696 4880 1876 4936 nitore

261 4977 687 5045 interstinctam,
715 4976 811 5031 ubi
842 4991 908 5032 eo
950 4982 1203 5047 tempore
1242 4973 1545 5030 beatissimi
1577 4973 1753 5028 Patris
1781 4989 1875 5028 ve-

262 5066 511 5122 neranda
568 5064 932 5138 quiescebant
975 5063 1246 5131 membra,
1286 5078 1452 5118 causa
1506 5061 1880 5118 innovationis

265 5163 517 5235 ejusdem
570 5161 707 5217 aulae
761 5160 1045 5225 translata,
1093 5158 1314 5215 anicula
1350 5157 1445 5213 illa
1474 5158 1603 5212 dum
1652 5158 1880 5212 ductore

265 5257 527 5313 ductante
554 5255 763 5310 ibidem
796 5254 1107 5322 restitisset,
1129 5267 1346 5309 memor
1373 5251 1610 5324 propriae
1631 5268 1875 5323 pauper-

266 5346 414 5415 tatis,
455 5344 715 5401 exorabat
752 5344 959 5399 Patrem
996 5349 1269 5408 sanctum,
1310 5348 1370 5396 ut
1408 5341 1529 5409 ejus
1558 5339 1879 5413 suﬂ'ragare-

270 5447 357 5493 tur
388 5437 610 5508 inepiae,
647 5434 1056 5508 suppeditanda
1081 5433 1340 5490 videlicet
1366 5431 1470 5487 sibi
1504 5432 1678 5489 victus
1703 5438 1759 5487 et
1780 5447 1878 5488 ve-

342 5597 454 5673 (28)
476 5598 551 5652 De
592 5596 966 5673 hac__ec_cle_sia
991 5596 1111 5670 lege
1136 5595 1336 5673 librum
1384 5592 1453 5673 d_e
1478 5594 1597 5649 Vita
1626 5591 1873 5673 Rotberti

272 5663 673 5742 regis—auctore
705 5663 1305 5744 Helgaldo__nionach_o,
1332 5664 1425 5736 qui
1449 5681 1579 5744 eam
1607 5663 1786 5744 primo
1816 5663 1880 5744 li-

273 5734 498 5813 gneam,
527 5746 580 5794 et
618 5745 741 5810 post
788 5734 1105 5796 incendium
1138 5734 1413 5809 lapideam
1443 5734 1879 5793 fecitﬁﬁcclesia

1892 4567 1952 4636 D

1929 492 2081 548 tione
2103 493 2394 561 luminum,
2428 500 2497 554 de
2527 504 2765 574 quajam
2794 506 3204 578 desperaverat,
3229 516 3534 571 orationem

1932 582 2161 679 fundere
2191 591 2579 657 praesumebat.
2617 594 2724 649 Sed
2755 596 2880 666 pius
2909 598 3085 664 Pater.
3114 603 3207 673 qui
3239 612 3535 679 utrumque

1931 670 2112 765 largiri
2134 682 2368 745 poterat,
2401 681 2548 750 quod
2579 684 2763 753 potius
2790 693 2905 741 erat
2924 670 3220 759 concessit,
3253 670 3535 765 quoniam,

1931 759 2233 818 luminibus
2273 767 2558 837 restitutis,
2594 769 2808 827 facilius
2838 773 2962 844 ipsa
3000 776 3106 831 sibi
3131 759 3420 849 procurare
3440 759 3531 840 va;

1930 848 2067 905 leret
2106 861 2318 911 caetera.
2371 857 2443 911 Ex
2500 859 2780 932 insperato
2830 864 2997 938 igitur
3050 870 3269 938 repulsa
3300 874 3540 930 caecitate

1929 943 2097 1013 ctepit
2124 944 2310 1002 lumen
2343 950 2465 1005 caeli
2499 951 2648 1007 clare
2682 956 3029 1027 conspicere,
3060 975 3165 1014 nec
3191 963 3404 1019 modice
3442 982 3542 1038 ga-

1930 1031 2067 1099 visa,
2110 1033 2284 1090 Patris
2318 1039 2650 1095 sanctissimi
2682 1044 2880 1099 merita
2912 1046 3038 1101 totis
3076 1047 3339 1107 eﬂ'erebat
3374 1031 3543 1109 animi

1933 1126 2245 1194 prae'coniis,
2264 1145 2361 1199 per
2384 1147 2547 1202 quem
2581 1134 2701 1204 ejus
2734 1136 2940 1192 lumina
2970 1152 3295 1210 receperant
3315 1161 3545 1201 munera

1932 1210 2069 1266 lucis
2124 1214 2415 1273 Referebat
2453 1230 2637 1277 autem
2670 1226 2961 1296 quemdam
2989 1228 3097 1283 sibi
3140 1233 3404 1303 astitisse,
3446 1235 3541 1307 qui

1932 1306 2155 1358 tenuem
2195 1321 2317 1376 qua:
2345 1308 2467 1378 ejus
2493 1311 2732 1381 pupillas
2763 1322 2989 1384 texerat,
3034 1318 3348 1388 pelliculam
3386 1331 3544 1381 acuta

1934 1391 2214 1451 incidebat
2243 1401 2527 1470 novacula,
2554 1420 2662 1475 qua
2688 1406 2880 1478 utique
2905 1409 3098 1478 incisa,
3131 1412 3423 1470 confestim
3458 1417 3541 1472 lu-

1936 1499 2060 1540 men
2089 1489 2410 1559 recipiebat.

2008 1579 2131 1636 CAP.
2184 1582 2358 1637 XXIX.
2420 1616 2486 1627 —
2544 1594 2905 1648 Daemom'acus
2970 1594 3250 1653 liberatus.
3312 1598 3543 1662 Quidam

1936 1673 2131 1727 mediae
2178 1677 2353 1730 {etatis
2385 1679 2572 1745 homo,
2631 1699 2892 1753 pervasus
2942 1687 3010 1739 ab
3064 1688 3289 1743 humani
3326 1692 3547 1763 generis

1935 1762 2272 1831 adversario,
2324 1766 2484 1839 inops
2538 1773 2738 1827 mentis
2778 1773 2953 1829 factus
3007 1762 3547 1847 perdideratitotius

1934 1852 2190 1908 acumina
2214 1871 2429 1911 sensus.
2473 1858 2569 1914 Hic
2590 1876 2620 1913 a
2644 1861 2909 1930 proximis
2938 1863 3041 1918 sibi
3066 1868 3336 1940 sanguine
3357 1871 3552 1925 arctis-

1935 1942 2092 1998 simis
2129 1946 2385 2002 astrictus
2437 1948 2586 2013 loris,
2638 1952 2707 2006 ad
2766 1955 3187 2011 celeberrimum
3230 1959 3401 2015 Patris
3442 1962 3547 2016 ad-

1937 2038 2135 2094 ductus
2179 2043 2472 2111 tumulum,
2524 2046 2670 2102 diem
2714 2048 2788 2103 ibi
2831 2052 3099 2126 transegit
3131 2052 3429 2128 integrum,
3455 2057 3554 2112 ad-

1937 2140 2167 2186 nectens
2193 2134 2302 2190 diei
2326 2144 2380 2190 et
2423 2145 2640 2192 noctem
2671 2141 3010 2214 contiguam.
3052 2144 3221 2208 Quam
3263 2146 3393 2202 dum
3424 2148 3555 2222 vigil

1941 2233 2338 2293 pernoctasset,
2373 2227 2730 2287 illucescente
2775 2234 3060 2304 sequentis
3088 2236 3198 2290 diei
3228 2240 3554 2309 crepusculo

1942 2317 2151 2371 nullum
2204 2319 2456 2375 sanitatis
2509 2323 2763 2393 expetitae
2826 2325 3091 2381 indicium
3146 2331 3448 2400 apparebat
3497 2332 3551 2386 in

1940 2406 2056 2474 illo,
2092 2415 2382 2481 torquente
2410 2413 2502 2484 qui
2537 2429 2664 2468 cum
2699 2425 3033 2486 pervaserat,
3065 2419 3407 2477 incessanter
3436 2424 3556 2478 dte-

1938 2515 2121 2555 mone.
2147 2502 2407 2574 :Denique
2437 2505 2668 2561 terribili
2700 2524 3061 2582 quoscunque
3091 2513 3552 2586 apprOpinquan-

1942 2595 2024 2650 tes
2046 2596 2148 2651 sibi
2175 2605 2400 2668 aspectu
2422 2600 2669 2669 intuens,
2697 2602 2742 2656 si
2774 2605 3105 2673 permissum
3140 2607 3355 2677 fuisset,
3385 2610 3549 2665 etiam

1937 2689 2197 2745 dentibus
2258 2705 2412 2747 more
2465 2694 2665 2750 canino
2740 2695 3060 2763 lacerasset,
3126 2699 3410 2769 frendens,
3477 2709 3555 2771 et,

1938 2791 2207 2857 quantum
2238 2786 2463 2855 licebat,
2506 2789 2767 2860 impetum
2826 2792 2881 2846 in
2911 2809 3008 2848 eos
3051 2793 3282 2849 faciens.
3329 2796 3460 2861 Sed,
3496 2804 3557 2853 ut

1939 2875 2196 2939 diximus,
2231 2875 2367 2931 diris
2396 2876 2596 2949 ligatus
2648 2880 2903 2947 vinculis,
2945 2899 3295 2956 nequaquam
3331 2886 3560 2942 sibimet

1943 2966 2029 3021 vel
2077 2966 2239 3022 alicui
2295 2970 2647 3041 apprOpianti
2706 2972 2911 3043 aliquid
2974 2974 3179 3030 inferre
3228 2978 3561 3047 praevalebat

1947 3060 2151 3115 damni.
2187 3061 2394 3116 Edebat
2423 3078 2553 3118 vero
2575 3078 2671 3119 ore
2688 3080 2856 3121 sonos
2895 3066 3184 3123 horrificos
3209 3076 3264 3124 et
3302 3069 3559 3125 incondi-

1949 3156 2055 3217 tos,
2105 3149 2338 3222 loquens
2384 3151 2549 3207 etiam
2594 3153 2834 3210 nefanda
2889 3163 2944 3210 et
2983 3158 3323 3212 exsecranda
3368 3159 3557 3214 verba.

1951 3238 2217 3304 Quoniam
2249 3248 2429 3296 autem
2469 3242 2615 3298 idem
2646 3259 3057 3319 energumenus
3094 3263 3191 3317 pro
3219 3248 3401 3303 salute
3439 3263 3560 3315 sua,

1950 3332 2036 3387 sui
2096 3332 2273 3404 ipsius
2312 3333 2512 3406 impos.
2573 3336 2889 3393 nullatenus
2939 3339 3268 3395 meminerat
3310 3354 3559 3407 exorare,

1951 3434 2063 3475 non
2097 3421 2273 3476 solum
2328 3423 2420 3494 qui
2462 3423 2616 3478 illum
2666 3426 3029 3494 adduxerant,
3088 3428 3186 3483 sed
3246 3429 3563 3501 quicunque

1953 3510 2241 3567 ecclesiam
2283 3512 2338 3568 in
2366 3530 2474 3585 qua
2520 3521 2655 3582 erat,
2700 3517 3002 3587 intrabant,
3051 3535 3151 3590 pro
3200 3536 3267 3576 eo
3298 3521 3562 3593 omnipo-

1952 3603 2090 3658 tenti
2130 3605 2384 3671 Domino,
2412 3612 2473 3661 ut
2511 3615 2833 3678 competens
2862 3609 3060 3677 fuerat,
3101 3612 3407 3668 orationem
3438 3612 3565 3667 fun-

1956 3691 2179 3748 debant.
2217 3691 2333 3756 Quo
2378 3692 2581 3748 factum
2622 3704 2706 3751 est
2753 3702 2813 3750 ut
2841 3698 3122 3754 mediante
3151 3701 3284 3755 hora
3338 3701 3450 3755 diei
3477 3716 3570 3756 se-

1957 3783 2159 3849 cunda,
2200 3782 2520 3838 terribiliter
2547 3784 2882 3853 exclamans,
2916 3794 3176 3859 tanquam
3226 3789 3409 3846 valido
3447 3807 3573 3862 per-

1961 3891 2156 3931 cussus
2187 3877 2316 3943 ictu,
2346 3876 2402 3931 in
2434 3885 2633 3932 terram
2677 3888 2958 3934 corrueret
2987 3880 3303 3950 resupinus.
3354 3881 3575 3937 Extem-

1966 3964 2058 4035 plo
2089 3966 2272 4037 itaque
2300 3967 2578 4024 dmmonio
2602 3976 2867 4043 purgatus
2886 3969 3137 4041 expulso,
3167 3985 3397 4041 compos
3416 3987 3577 4027 men-

1967 4054 2061 4123 tis,
2103 4056 2279 4111 lactus
2307 4057 2746 4129 omnipotentem
2779 4058 3094 4133 magnificat
3132 4059 3445 4126 Dominum,
3482 4060 3577 4131 qui

1967 4159 2028 4199 se
2049 4161 2080 4199 a
2101 4145 2339 4216 pessimo
2369 4147 2524 4201 hoste
2550 4147 2882 4223 captivatum
2916 4165 3016 4220 per
3045 4148 3423 4204 beatissimum
3471 4149 3579 4204 Pa-
3609 4150 3614 4155 ’

1970 4242 2107 4291 trem
2138 4237 2450 4292 reddiderat
2475 4238 2730 4296 liberum.
2788 4240 3106 4297 Confectum
3133 4240 3329 4296 fratres
3355 4243 3451 4313 qui
3479 4240 3547 4296 ad
3567 4268 3585 4279 -

1969 4337 2127 4386 erant
2157 4331 2213 4385 in
2257 4332 2379 4401 ejus
2418 4332 2773 4403 liberatione,
2806 4336 3022 4391 caeteris
3068 4336 3123 4391 in
3155 4337 3399 4408 capitulo
3441 4337 3580 4393 resi-

1971 4421 2253 4490 dentibus,
2308 4422 2560 4478 nuntiare
2595 4433 2960 4497 properarunt
2999 4427 3313 4496 hujusmodi
3348 4427 3582 4483 miracu-

1972 4516 2082 4572 lum
2142 4533 2242 4587 per
2307 4517 2680 4574 venerabilem
2736 4519 2948 4576 Patrem
3006 4528 3296 4592 patratum.
3331 4523 3431 4588 Qui
3462 4537 3587 4578 mox

1974 4606 2107 4662 inde
2124 4613 2436 4682 surgentes,
2491 4607 2727 4681 ingressi
2767 4609 3064 4665 oratorium
3104 4610 3428 4665 hilarianam
3478 4610 3588 4682 [ju-

1976 4697 2232 4769 cundam]
2276 4695 2661 4767 psalmodiam,
2697 4713 2859 4770 quam
2891 4697 3089 4755 diebus
3118 4697 3330 4755 festivis
3356 4700 3413 4754 in
3464 4714 3587 4755 om-

1976 4789 2280 4862 nipotentis
2317 4788 2576 4845 laudibus
2603 4790 2820 4846 Domini
2865 4790 3160 4847 decantare
3185 4791 3430 4848 solemus
3453 4807 3590 4847 voce

1975 4882 2217 4951 celsiori,
2264 4881 2523 4938 videlicet
2579 4884 2649 4938 Te
2675 4886 2843 4939 Deum
2891 4884 3200 4953 laudamus,
3244 4892 3361 4941 tota
3388 4883 3591 4941 mentis

1978 4971 2273 5029 devotione
2304 4972 2625 5041 concinunt,
2684 4973 2897 5029 Patrem
2932 4988 3155 5045 quoque
3193 4973 3590 5050 gratulabundi

1978 5061 2397 5136 magnificantcs
2434 5062 2817 5118 Benedictum.
2868 5063 3035 5119 Porro
3074 5063 3169 5136 qui
3196 5071 3423 5120 sanatus
3471 5063 3591 5120 fue-

1980 5163 2062 5211 rat
2091 5154 2384 5221 referebat,
2413 5169 2479 5209 ea
2512 5154 2645 5209 hora
2677 5170 2787 5226 qua
2826 5154 3075 5210 daemone
3107 5155 3294 5229 fugato
3328 5156 3592 5212 liberatus

1976 5253 2079 5314 est,
2107 5261 2164 5301 se
2191 5243 2483 5315 quemdam
2512 5242 2798 5315 conSpicui
2828 5243 3006 5299 vultus
3027 5244 3206 5299 virum
3230 5245 3459 5313 vidisse,
3492 5246 3588 5317 qui

1978 5340 2263 5413 ingressus
2308 5351 2405 5407 per
2432 5334 2757 5390 orientalem
2817 5336 2993 5413 ipsius
3034 5336 3279 5394 basilicae
3319 5338 3588 5398 absidem,

1980 5427 2233 5483 baculum
2275 5442 2306 5480 a
2335 5425 2514 5495 capite
2544 5424 2831 5481 incurvum
2864 5443 3032 5482 manu
3079 5444 3300 5503 gerens,
3342 5444 3462 5483 cum
3500 5442 3592 5480 us-

1977 5591 2097 5645 hazc
2121 5603 2232 5642 non
2261 5583 2516 5656 amplius
2536 5589 2729 5651 exstat,
2762 5584 2946 5641 forsan
2972 5600 3005 5641 a
3037 5591 3286 5656 tempore
3327 5580 3594 5653 posterio-

1977 5661 2054 5716 ris
2087 5658 2250 5728 hujus
2279 5654 2543 5711 iaeeudii.
