3938 6206
386 294 527 348 4219

1395 289 1675 345 RADULFI
1713 288 2025 345 TOBTARII
2066 288 2357 347 MONACHI
2396 290 2697 348 FLORIAC.

3590 296 3718 350 1220

389 441 498 495 que
524 423 590 478 ad
619 438 679 477 se
712 425 1080 493 properasset,
1111 435 1284 491 seque
1316 436 1382 475 eo
1422 438 1583 491 quem
1618 420 1871 494 gestabat
1901 420 1996 475 ba-
2024 426 2076 494 Α
2103 425 2285 480 amisit
2314 441 2560 480 sensum.
2595 424 2695 489 Qui
2743 423 2813 479 ad
2852 422 3025 478 instar
3076 422 3562 492 debaccbahtium,
3594 425 3717 481 loris

390 514 512 568 culo
540 514 592 567 in
630 513 808 583 capite
843 510 1108 575 feriisset;
1145 526 1254 581 quo
1296 510 1405 566 ictu
1439 519 1687 582 accepto,
1710 528 1834 565 sese
1873 526 2000 565 con-

388 605 567 660 festim
618 605 670 658 in
707 614 904 658 terram
961 604 1258 670 corruisse,
1307 613 1361 658 et
1408 603 1761 659 sobrietatem
1804 602 2004 657 mentis

387 697 665 767 recepisse
676 734 689 749 .

462 790 584 846 CAP.
619 790 771 844 XXX.
807 821 869 830 οη
906 791 1200 859 Operarius
1245 792 1430 859 lapsus
1458 793 1520 859 ﬁt
1554 791 1851 844 incolumis.
1897 788 2005 842 Nu—

391 899 489 952 per
517 881 941 953 prOperantibus
963 880 1332 935 caementariis
1358 878 1622 934 fornicem
1645 880 1797 933 mirae
1822 878 2007 933 altitu-

392 975 537 1028 dinis
568 974 623 1028 in
657 974 844 1027 dextra
875 973 1053 1042 ipsius
1078 972 1328 1027 ecclesiae
1369 980 1520 1042 parte
1553 972 1783 1045 erigere,
1814 972 2006 1025 locatae

390 1073 518 1120 sunt
550 1066 731 1120 trabes
787 1065 840 1118 in
873 1064 1094 1118 sublimi
1129 1064 1395 1133 parietum
1437 1064 1830 1128 stabilimento,
1866 1080 1897 1117 a
1929 1063 2010 1117 fa-

392 1156 504 1209 bris
536 1154 803 1227 tignariis,
862 1153 928 1208 ad
963 1153 1305 1207 sustollenda
1346 1152 1493 1224 ligna
1521 1170 1643 1224 quae
1676 1153 1732 1206 in
1784 1152 2005 1207 modum

394 1242 769 1313 hemisphaerii
804 1241 1162 1307 fabricantur,
1196 1240 1400 1312 quibus
1453 1242 1630 1296 moles
1678 1241 1924 1312 lapidum
1958 1247 2011 1295 et

391 1334 645 1391 caementi
699 1334 858 1389 inniti
915 1334 1168 1389 habebat.
1208 1335 1345 1408 Ergo
1388 1335 1516 1389 dum
1562 1335 1798 1405 quodam
1849 1349 2010 1388 mane

392 1425 640 1480 trabibus
663 1424 811 1479 tenui
839 1423 1013 1478 imbre
1035 1422 1358 1478 madefactis
1380 1424 1618 1495 eperarii
1650 1424 1893 1494 desuper
1920 1424 2011 1477 in-

389 1518 672 1581 cederent,
718 1524 1089 1586 pneparantes
1156 1532 1278 1587 qua:
1330 1516 1816 1587 prmeipiehantur,
1869 1532 2012 1570 unus

388 1620 601 1670 eorum,
632 1604 884 1675 Otgerius
924 1603 1173 1669 nomine,
1208 1605 1394 1658 minus
1454 1612 1611 1659 caute
1643 1603 2011 1674 superambu-

391 1694 529 1759 lans,
562 1693 690 1747 dum
720 1691 946 1764 affigere
974 1693 1206 1762 vestigia
1237 1693 1330 1747 uni
1360 1693 1594 1747 trabium
1627 1692 1835 1748 fortiter
1876 1692 2010 1747 niti-
2038 1731 2054 1798 Ι

390 1795 494 1847 tur.
527 1797 668 1857 pede
696 1788 851 1858 lapso
879 1788 949 1841 de
982 1787 1074 1841 illa
1104 1788 1439 1843 celsitudine
1468 1805 1566 1858 per
1592 1789 2012 1862 compaginatos

391 1877 496 1930 sibi
533 1877 728 1946 fustes,
771 1895 868 1949 per
896 1878 1258 1949 multiplicem
1295 1880 1565 1950 lignorum
1599 1887 1826 1946 struem,
1869 1879 2014 1934 inter

391 1981 614 2020 acervos
669 1966 913 2036 lapidum
971 1983 1181 2037 pronus
1243 1968 1310 2021 ad
1354 1976 1551 2023 terram
1602 1968 1827 2023 corruit.
1891 1969 2013 2023 Erat

392 2054 540 2108 enim
583 2071 725 2124 pene
755 2064 926 2110 totum
961 2055 1095 2110 illud
1121 2056 1330 2110 telluris
1384 2056 1641 2127 spatium,
1674 2064 1783 2111 tam
1833 2056 2009 2131 ligno-

392 2158 510 2196 rum
553 2158 715 2214 quam
760 2160 1039 2210 saxorum,
1088 2146 1351 2216 congerie
1400 2146 1748 2216 adepertum,
1812 2162 2011 2216 parvus

393 2242 601 2289 tantum
640 2234 871 2289 locellus
913 2236 981 2289 ad
1037 2251 1348 2290 mensuram
1380 2237 1632 2291 humanae
1665 2237 2014 2306 proceritatis

394 2331 734 2378 remanserat
780 2324 1044 2379 immunis
1090 2324 1160 2378 ab
1198 2326 1301 2378 eis.
1346 2325 1405 2378 ln
1447 2341 1556 2396 quo
1608 2325 2009 2381 admirantibus

391 2416 485 2488 qui
519 2417 770 2479 aderant,
806 2432 869 2471 ac
896 2417 941 2470 si
982 2416 1050 2470 de
1081 2416 1347 2471 industria
1378 2418 1657 2487 projectus
1688 2418 1896 2474 decidit
1918 2419 2006 2488 ju-

390 2510 547 2563 venis
577 2508 717 2579 ipse.
770 2510 964 2564 Attrito
995 2517 1176 2563 tamen
1208 2510 1387 2580 capite
1427 2509 1529 2564 soli
1571 2509 1794 2577 duritie,
1837 2512 2011 2567 oculis

390 2615 532 2671 pene
566 2600 759 2667 erutis,
797 2600 982 2674 lingua
1024 2600 1091 2654 ab
1124 2616 1219 2655 ore
1252 2608 1503 2670 porrecta
1527 2601 1783 2670 perfusus
1813 2603 2005 2657 faciem

388 2699 504 2753 rivo
536 2700 769 2766 cruoris,
792 2699 1011 2767 jacebat
1070 2698 1219 2752 humi
1269 2708 1532 2769 tanquam
1583 2699 1872 2754 exanimis.
1910 2703 2009 2755 Ac-

386 2794 657 2851 currimus
697 2794 876 2848 statim
910 2793 1203 2847 multitudo
1236 2800 1344 2848 tam
1377 2794 1644 2849 laicorutn
1673 2811 1836 2865 quam
1888 2811 2009 2850 mo-

393 2886 718 2950 nachorum,
750 2884 865 2954 qui,
896 2882 998 2937 etsi
1033 2898 1218 2936 casum
1252 2898 1361 2936 non
1404 2882 1735 2945 videramus,
1765 2899 2006 2938 amorem

387 2981 568 3029 tamen
599 2982 653 3029 et
682 2973 885 3027 luctum
919 2970 1185 3026 artiﬁcum
1229 2972 1609 3026 audieramus.
1663 2972 1762 3037 Qui
1805 2988 2007 3027 omnes

392 3082 515 3119 cum
549 3065 758 3139 gemitu
791 3071 847 3118 et
886 3063 1207 3135 lacrymosis
1245 3063 1474 3118 vocibus
1514 3063 1782 3133 coepimus
1810 3063 2007 3133 implo—
2035 3100 2084 3169 Ο

390 3168 508 3207 rare
540 3153 794 3224 gloriosa:
836 3151 931 3206 Dei
982 3150 1273 3205 Genitricis
1310 3166 1473 3221 epem
1504 3151 1785 3222 Patrisque
1823 3152 2006 3206 Bene—

388 3240 519 3295 dicti
579 3240 861 3314 sut‘fragia,
916 3246 1189 3311 quatenus
1245 3239 1609 3295 subvenirent
1664 3242 1885 3309 misero,
1940 3260 2007 3298 ne

387 3349 577 3402 pauca:
630 3349 753 3404 quae
820 3339 1146 3402 supererant
1196 3332 1393 3387 animae
1447 3333 1697 3405 reliquiae
1757 3336 2009 3406 protinus

384 3424 755 3479 elaberentur.
799 3421 1047 3492 Denique
1079 3421 1509 3477 formidabamus
1550 3438 1642 3490 ne,
1673 3424 1721 3477 si
1751 3424 1842 3480 ille
1889 3426 2005 3497 spi-

384 3521 547 3576 ritum
605 3519 906 3582 exbalaret,
967 3517 1425 3572 intermitteretur
1478 3534 1641 3589 opus,
1698 3521 2003 3577 contractis

385 3613 589 3669 animis
619 3612 768 3677 vulgi
819 3610 1006 3677 totius,
1050 3611 1196 3681 quod
1232 3620 1337 3665 tam
1368 3611 1634 3681 pecunias
1677 3630 1840 3684 quam
1881 3631 2005 3669 cor-

384 3726 579 3782 porum
608 3709 754 3762 vircs
784 3708 1029 3763 certatim
1061 3706 1215 3777 operi
1251 3706 1595 3776 perﬁciendo
1623 3707 2005 3779 impendebat.

386 3800 537 3863 Quod
569 3798 829 3869 quoniam
873 3796 1082 3850 mobile
1116 3802 1221 3862 est,
1280 3802 1335 3850 et
1383 3796 1435 3849 in
1469 3812 1858 3867 quamcunque
1889 3814 2009 3868 par—

383 3898 492 3944 tem
518 3888 718 3942 mentis
750 3886 940 3941 levitas
990 3884 1292 3955 impulerit,
1342 3900 1496 3939 more
1535 3885 1825 3940 arundinis
1872 3902 2006 3941 aura

383 3990 672 4038 commota:
722 3979 1042 4045 inflectitur,
1106 3977 1351 4033 fortassis
1415 3980 1855 4036 immurmuraret
1902 3981 2005 4035 Pa-

385 4083 526 4131 trem
564 4073 926 4128 Benedictum
982 4069 1189 4125 nullam
1247 4069 1422 4140 ipsius
1452 4070 1555 4125 loci
1589 4072 1994 4142 providentiam

385 4168 610 4232 habere,
644 4182 746 4220 nec
776 4180 988 4228 curare,
1029 4162 1075 4216 si
1108 4162 1243 4234 quid
1274 4162 1487 4217 adversi
1518 4163 1674 4234 operi
1707 4163 1786 4217 illi
1820 4164 1996 4219 inter-

383 4258 624 4314 cederet.
657 4257 923 4311 Levantes
954 4254 1389 4329 igiturjuvenem
1414 4254 1778 4314 debilitatum.
1814 4255 1992 4327 depo-

381 4356 615 4403 suerunt
636 4362 761 4401 eum
806 4354 933 4399 ante
960 4344 1129 4398 altare
1170 4344 1265 4398 Dei
1297 4343 1610 4410 Genitricis,
1642 4345 1791 4416 quod
1822 4360 1992 4416 prope

2102 518 2362 572 astrictus
2408 516 2696 571 tenacibus
2722 515 2811 570 vix
2839 514 3088 570 cohiberi
3145 523 3378 586 poterat,
3412 533 3484 572 ne
3525 517 3717 573 alecto

2105 600 2424 678 prosiliens,
2480 623 2728 678 praeceps
2758 622 3199 678 quaquaversum
3224 606 3525 661 titubantia
3564 608 3721 662 infer-

2108 702 2190 750 ret
2219 696 2466 771 vestigia.
2503 695 2666 763 Cujus
2704 694 2865 749 amici
2896 703 2951 749 et
2980 694 3379 769 consanguinei
3422 695 3597 751 nimio
3629 702 3721 749 tae—

2106 784 2198 839 dio
2229 783 2430 851 affecti,
2471 783 2599 838 dum
2629 782 2705 836 nil
2737 782 2968 838 medela:
3008 783 3157 854 quod
3183 784 3305 852 ejus
3336 790 3443 838 tam
3480 785 3718 855 pessimo

2107 876 2358 932 obviaret
2388 877 2660 951 lethargo,
2692 876 3054 943 inveniretur,
3097 876 3298 947 dejecti
3349 877 3574 943 animis,
3617 878 3719 945 jam

2110 968 2179 1022 de
2219 967 2392 1038 ipsius
2430 967 2860 1037 desperaverant
2901 965 3271 1036 reparatione.
3323 966 3565 1022 Tandem
3603 984 3723 1038 pro-

2111 1057 2243 1127 pitia
2296 1056 2603 1122 divinitate,
2652 1073 2774 1128 quae
2828 1055 2905 1110 illi
2957 1056 3394 1111 incolumitatem
3446 1057 3724 1111 restituam

2111 1148 2453 1210 decreverat,
2499 1147 2695 1202 incidit
2734 1146 3015 1201 mentibus
3053 1162 3244 1201 eorum
3274 1155 3553 1218 quatenus
3577 1147 3723 1201 illum

2112 1240 2168 1293 in
2200 1240 2488 1295 ecclesiam
2520 1240 2901 1310 deportarent,
2923 1246 2977 1294 et
3005 1254 3187 1293 coram
3222 1239 3396 1294 altare
3428 1239 3526 1294 Dei
3561 1239 3721 1293 Geni-

2112 1331 2265 1386 tricis
2317 1332 2580 1400 locarent,
2627 1331 2902 1386 exoraturi
2943 1332 3063 1400 ejus
3114 1331 3397 1404 Patrisque
3442 1332 3724 1387 Benedicti

2113 1426 2448 1481 indefessam
2481 1426 2856 1491 clementiam,
2916 1437 2973 1482 ut
3007 1435 3214 1499 aegroto
3255 1427 3372 1482 suis
3429 1428 3725 1483 subvenire

2111 1513 2437 1571 festinarent
2466 1515 2696 1570 meritis.
2732 1515 2886 1580 Quod
2921 1515 3243 1570 imminente
3269 1515 3383 1586 jam
3418 1517 3602 1571 noctis
3622 1534 3727 1572 crc-

2113 1603 2367 1674 pusculo,
2426 1604 2833 1659 constituerunt
2887 1619 3082 1677 agere;
3134 1603 3546 1660 erubescebant
3585 1606 3725 1659 enim

2112 1709 2233 1748 cum
2269 1694 2484 1749 diurnis
2516 1711 2614 1749 sua
2646 1695 2810 1750 domo
2853 1693 3051 1750 eﬁerre
3085 1694 3258 1761 boris,
3302 1701 3535 1767 propter
3560 1696 3728 1768 ipsius

2114 1785 2387 1839 assiduam
2423 1783 2938 1846 debacchationem,
2983 1799 3052 1838 ne
3084 1783 3311 1839 obtutus
3338 1800 3466 1840 sese
3508 1784 3723 1839 intuen-

2115 1877 2251 1932 tium
2283 1875 2606 1932 offenderet.
2642 1875 2860 1929 Positus
2888 1890 3019 1949 ergo
3071 1882 3197 1930 ante
3240 1876 3355 1947 jam
3397 1876 3606 1931 dictam
3638 1877 3725 1931 Dei

2112 1965 2299 2021 Matris
2342 1982 2518 2032 aram,
2561 1964 2902 2035 pernoctavit
2942 1966 2994 2017 in
3049 1963 3246 2019 eodem
3302 1965 3423 2021 loco
3470 1964 3729 2039 ignorans

2114 2054 2337 2127 penitus
2365 2070 2423 2109 se
2456 2054 2663 2109 ibidem
2698 2069 2819 2108 esse
2874 2054 2935 2107 At
2965 2052 3095 2107 dum
3124 2068 3338 2109 aurorae
3371 2054 3615 2110 circulus
3636 2055 3729 2109 ad-

2114 2151 2219 2207 huc
2258 2150 2572 2225 ambiguam
2616 2150 2817 2223 lucem,
2864 2148 3270 2205 rarescentibus
3300 2150 3414 2221 jam
3459 2151 3727 2219 tenebris,

2115 2247 2321 2302 mundo
2363 2244 2612 2311 inferret,
2647 2243 2852 2299 relatus
2879 2243 2947 2297 ab
2987 2244 3180 2299 amicis
3208 2245 3432 2316 proprio
3458 2246 3731 2300 invehitur

2110 2336 2410 2403 domicilio,
2464 2335 2684 2390 nescius
2730 2351 2789 2389 se
2831 2335 3153 2405 productum
3202 2334 3269 2389 ab
3308 2335 3431 2406 ipso
3477 2336 3724 2390 omnino.

2114 2428 2245 2483 Exin
2293 2443 2424 2483 vero
2488 2427 2755 2482 memoria
2812 2426 3077 2497 paulatim
3129 2435 3463 2493 revertente,
3531 2426 3730 2481 mentis

2110 2520 2317 2576 oblivio
2350 2537 2473 2591 que
2513 2535 2609 2591 per
2661 2518 2846 2588 plures
2873 2518 3191 2573 obtinuerat
3218 2517 3386 2579 soles,
3423 2517 3609 2587 ipsum
3639 2517 3727 2571 de-

2110 2611 2304 2678 seruit,
2336 2618 2500 2681 atque
2535 2608 2677 2663 infra
2706 2607 3008 2675 modicum,
3048 2606 3293 2678 perfecte
3325 2609 3545 2678 recepit
3572 2624 3729 2679 quem

2110 2702 2370 2756 amiserat
2419 2701 2783 2766 intellectum,
2829 2698 3344 2774 congratulantibus
3374 2698 3487 2753 sibi
3538 2701 3733 2755 vicinis

2111 2800 2165 2845 et
2188 2790 2460 2865 cognatis,
2501 2796 2667 2860 atque
2709 2789 2777 2842 de
2816 2789 2938 2857 ejus
2976 2787 3238 2858 sospitate
3281 2788 3727 2859 omnipotentem

2112 2879 2403 2934 Dominum
2434 2878 2892 2933 collaudantibus.

2171 2972 2293 3026 Car.
2328 2971 2531 3030 XXXJI.
2565 3002 2634 3011 —
2667 2971 3061 3025 Translationis
3088 2971 3287 3037 festum
3316 2970 3536 3025 violans
3570 2973 3731 3040 puni-

2112 3066 2223 3117 tur.
2265 3064 2428 3116 Facto
2454 3066 2574 3115 voto
2607 3061 2797 3115 melius
2828 3075 2883 3114 se
2912 3059 3085 3113 habet.
3136 3058 3542 3114 Bosouis-villa
3589 3076 3732 3132 quae-

2111 3155 2235 3208 dam
2267 3153 2439 3207 sancti
2470 3152 2643 3207 Patris
2692 3151 2864 3207 nostri
2897 3150 3090 3205 dicitur
3121 3151 3427 3222 possessio,
3449 3150 3610 3219 juxta
3647 3168 3729 3206 ca-

2107 3256 2277 3303 strum
2312 3248 2459 3319 quod
2492 3246 2742 3302 Petveris
2785 3245 3117 3317 [Pithiviers,
3153 3244 3209 3298 in
3239 3244 3441 3316 Belsia]
3487 3254 3725 3307 vocatur,

2109 3339 2235 3406 sita,
2260 3339 2316 3392 in
2348 3354 2456 3409 qua
2496 3338 2612 3392 haec
2641 3337 2742 3391 tria
2790 3352 2915 3408 quae
2969 3335 3390 3391 subnotavimus
3442 3336 3609 3407 signa
3633 3352 3723 3406 per

2108 3429 2337 3503 gratiam
2371 3443 2535 3499 quam
2557 3444 2588 3482 a
2612 3426 2844 3482 Domino
2876 3426 3021 3480 idem
3055 3426 3213 3481 Pater
3241 3424 3572 3496 promeruit,
3601 3430 3722 3478 sunt

2106 3529 2335 3593 patrata,
2366 3521 2553 3575 Mense
2585 3520 2731 3575 Julio
2762 3518 3048 3574 translatio
3074 3517 3322 3587 ejusdem
3361 3518 3593 3590 gloriosi
3624 3518 3721 3571 Pa-

2104 3610 2203 3665 tris
2230 3626 2341 3666 non
2381 3609 2546 3665 modo
2596 3608 2743 3680 apud
2791 3608 2995 3675 Gallos,
3031 3607 3130 3662 sed
3178 3606 3343 3661 etiam
3385 3606 3536 3677 apud
3578 3623 3719 3662 com-

2110 3706 2298 3777 plures
2340 3706 2594 3760 natioues
2625 3703 2919 3760 celebriter
2969 3701 3249 3758 recolitur.
3291 3701 3613 3756 Morabatur
3637 3718 3720 3756 au-

2108 3802 2219 3850 tem
2252 3794 2308 3849 in
2338 3794 2653 3865 supradicta
2684 3792 3035 3864 possessione
3074 3790 3324 3863 quaedam
3370 3791 3579 3861 puella,
3607 3806 3717 3863 quae

2108 3889 2371 3961 quoniam
2415 3889 2483 3943 de
2514 3888 2689 3943 Patris
2724 3887 2899 3958 ipsius
2929 3886 3135 3941 familia
3166 3886 3443 3960 originem
3479 3901 3590 3941 non
3624 3894 3718 3940 tra-

2107 3983 2294 4047 hebat,
2325 3983 2552 4053 impune
2598 3988 2798 4052 putans
2844 3996 2903 4035 se
2937 3985 3143 4033 tantam
3193 3978 3610 4034 solemnitatem
3644 3985 3717 4032 te-

2098 4091 2309 4131 merare
2350 4089 2534 4146 posse,
2576 4073 2812 4144 sumpsit
2854 4073 3033 4127 colum
3075 4087 3199 4125 eum
3253 4069 3399 4137 fuso,
3435 4070 3711 4141 cmpitque

2094 4184 2196 4239 per
2215 4166 2465 4221 eamdem
2489 4164 2645 4236 quasi
2679 4162 3089 4219 deambulando
3118 4161 3302 4218 villam
3326 4161 3472 4217 ﬂens
3505 4162 3710 4216 discur-

2095 4278 2241 4318 rere.
2283 4262 2582 4317 Cernentes
2614 4261 2669 4316 id
2711 4261 2976 4317 mulieres
3014 4261 3156 4326 alie,
3190 4276 3315 4332 quae
3358 4260 3535 4315 Patris
3565 4270 3714 4315 erant

2095 4349 2338 4419 familiae,
2389 4350 2697 4426 arguebant
2743 4350 2944 4421 ipsam,
2996 4349 3256 4421 quoniam
3308 4364 3434 4403 eum
3489 4348 3544 4402 in
3599 4364 3714 4403 rure

381 4447 520 4509 erat,
569 4442 954 4508 exspectantes
999 4442 1106 4489 tam
1163 4434 1337 4506 ipsius
1398 4452 1560 4507 quam
1606 4436 1775 4491 Patris
1823 4437 1994 4493 nostri
2019 4439 2275 4526 Dipsius
2303 4446 2759 4506 commoraretur,
2812 4438 3007 4494 festum
3065 4439 3184 4507 ejus
3214 4444 3322 4492 tam
3374 4438 3713 4509 praecipuum

381 4529 665 4584 auxilium.
699 4528 808 4583 Nec
839 4526 1059 4593 frustra,
1089 4542 1290 4598 nempe
1320 4534 1444 4598 post
1467 4527 1749 4600 aliquanta
1782 4536 1995 4600 tempo-

380 4622 458 4676 ris
509 4626 808 4683 momenta,
870 4618 963 4690 qui
1025 4618 1315 4688 putabatur
1367 4636 1490 4675 mox
1545 4620 1865 4682 moriturus,
1914 4637 1997 4673 re-

381 4720 602 4783 sumpto
633 4711 853 4782 spiritu,
905 4709 1082 4765 oculis
1115 4708 1422 4780 patefactis,
1456 4711 1625 4782 coepit
1652 4710 1858 4782 alloqui
1890 4710 1996 4766 cir-

382 4804 739 4866 cumstantes,
795 4806 850 4853 et
898 4797 966 4851 de
1024 4814 1124 4851 sua
1156 4797 1467 4873 integritate
1506 4806 1687 4854 certos
1740 4799 1993 4854 reddere.

378 4888 737 4958 stupentibus
780 4886 890 4942 illis
929 4894 985 4942 et
1014 4886 1307 4942 Dominum
1360 4886 1818 4959 glorificantibus.
1863 4887 1997 4944 Hinc

381 4980 598 5036 delatus
627 4979 696 5033 ad
730 4980 1009 5051 propriam
1039 4979 1287 5046 domum,
1329 4994 1440 5035 non
1471 4989 1596 5050 post
1626 4980 1827 5035 multos
1853 4980 1993 5046 dies,

381 5068 609 5141 integrae
636 5069 888 5124 redditus
909 5076 996 5123 est
1025 5068 1300 5140 sospitati.
1331 5068 1431 5133 Qui
1465 5068 1836 5142 interrogatus
1862 5070 1997 5141 quid

380 5162 489 5217 sibi
516 5163 815 5231 videretur,
848 5182 971 5220 cum
1012 5165 1081 5220 de
1109 5171 1259 5219 tanta
1287 5164 1583 5219 altitudine
1620 5165 1997 5236 przecipitatus

380 5265 683 5320 corrueret,
717 5258 1075 5328 responditse
1107 5259 1187 5313 sic
1215 5263 1501 5329 exceptum
1519 5259 1712 5313 tellure
1733 5264 1993 5330 tanquam

380 5360 550 5416 super
589 5345 788 5401 multas
823 5349 1088 5404 ceciderit
1119 5349 1396 5418 culcitras,
1447 5366 1551 5405 nec
1594 5350 1695 5405 soli
1744 5349 1995 5405 solidita-

381 5439 489 5489 tem
519 5433 867 5505 aliquatenus
890 5437 1150 5492 sensisse.

449 5526 575 5580 (ΖΜ).
624 5525 804 5578 XXXI.
833 5558 902 5567 —-
954 5532 1149 5583 Mentis
1176 5532 1345 5600 impos
1381 5532 1724 5586 convalescit.
1763 5533 1998 5603 Stepha-

376 5613 663 5668 nusetiam
722 5628 862 5668 unus
910 5617 976 5670 de
1023 5616 1252 5683 familia,
1317 5621 1593 5691 equestris
1646 5623 1858 5677 ordinis
1894 5624 1996 5693 vir,

379 5696 544 5770 longa
577 5698 904 5772 aegritudine
946 5713 1274 5772 maceratus,
1330 5709 1398 5762 ad
1439 5708 1690 5765 ultimum
1754 5712 2000 5769 funditus

2096 4531 2304 4586 violare
2351 4538 2727 4601 praesumeret.
2776 4529 2873 4584 Illa
2910 4528 3307 4584 stomachando
3352 4527 3543 4582 intulit
3597 4528 3713 4581 eis:

2106 4622 2207 4677 Vos
2233 4636 2353 4691 qua:
2394 4622 2545 4675 illius
2570 4623 2698 4675 estis
2739 4619 2972 4684 ancillas,
3022 4622 3183 4673 estote
3208 4618 3449 4685 feriatae,
3490 4623 3540 4671 et
3592 4617 3713 4670 cele-

2097 4716 2345 4771 britatem
2386 4717 2520 4771 hanc
2557 4716 2795 4770 studiose
2848 4716 3106 4780 emcolite;
3163 4728 3246 4767 me
3282 4729 3410 4767 vero
3464 4715 3716 4783 quoniam

2095 4807 2208 4875 ipsi
2252 4806 2401 4860 nullo
2430 4820 2547 4860 sum
2572 4804 2829 4869 obnoxia,
2888 4817 3041 4873 opere
3078 4818 3343 4858 manuum
3368 4817 3619 4856 mearum
3645 4804 3717 4855 si-

2096 4899 2208 4949 nite
2238 4897 2448 4949 lucrari
2485 4895 2664 4949 cibum
2693 4910 2849 4964 quem
2887 4894 3047 4948 hodie
3081 4909 3199 4948 sum
3243 4906 3570 4947 comessura.
3616 4891 3717 4946 Hoc

2096 4984 2223 5039 dato
2259 4998 2545 5053 responso,
2575 4997 2698 5037 cum
2724 4982 2918 5051 majori
2957 4980 3263 5053 pervicacia
3303 4989 3555 5051 coeptum
3586 4995 3718 5051 opus

2095 5072 2314 5147 agebat.
2340 5072 2588 5143 Repente
2620 5071 2806 5142 itaque
2837 5070 3197 5126 invisibiliter
3221 5069 3412 5126 divina
3434 5085 3559 5124 eam
3594 5083 3717 5140 pro-

2095 5173 2366 5238 sequente
2410 5164 2643 5231 ultione,
2675 5178 2934 5235 percussa
2981 5164 3035 5218 in
3073 5162 3375 5228 maxillam,
3432 5172 3716 5217 cruentum

2099 5259 2312 5328 accepit
2348 5258 2548 5312 ictum:
2582 5262 2637 5311 et
2658 5256 2969 5327 profluente
3001 5258 3071 5311 de
3101 5255 3372 5311 dentibus
3402 5253 3565 5328 largo
3593 5270 3714 5309 eru-

2095 5365 2213 5417 ore,
2256 5356 2361 5404 tam
2396 5349 2587 5404 dolore
2632 5348 3006 5419 percussionis
3032 5364 3197 5420 quam
3241 5346 3554 5403 formidine
3598 5361 3717 5418 per-

2098 5438 2338 5494 cussoris
2358 5438 2639 5506 exterrita,
2670 5438 2739 5491 ad
2768 5438 3057 5493 ecclesiam
3085 5437 3235 5492 illius
3266 5437 3413 5492 villa:
3460 5434 3714 5508 profugit.

2100 5530 2291 5586 Factus
2312 5536 2396 5585 est
2432 5540 2615 5585 autem
2651 5545 2761 5585 non
2811 5546 3013 5602 parvus
3042 5536 3363 5586 conventus
3396 5530 3715 5584 rusticorum

2101 5623 2157 5677 in
2189 5622 2383 5678 eadem
2412 5622 2671 5692 ecclesia,
2699 5624 2795 5695 qui
2819 5622 2983 5680 exciti
3009 5622 3358 5680 clamoribus
3389 5618 3717 5677 muliercula:

2100 5720 2155 5768 et
2194 5711 2350 5769 fama:
2382 5719 2545 5769 tanta:
2575 5712 2799 5770 virtutis
2851 5713 2981 5769 illuc
3041 5711 3455 5771 conﬂuxerant.
3489 5710 3591 5775 Qui
3636 5724 3717 5763 sa-
