3938 6206
237 311 370 366 1221

1403 297 1737 354 MIRACULA
1778 294 2005 350 SANCTl
2048 294 2418 350 BENEDICTI.

3434 301 3571 357 1222

232 436 393 492 lubre
425 432 716 489 consilium
752 431 933 485 eidem
975 434 1357 504 suggerentes,
1393 425 1593 482 hortati
1633 430 1761 479 sunt
1789 430 1849 478 ut
1872 428 1927 494 Α
1950 421 2291 477 muliercula:
2350 437 2517 476 manu
2546 431 2881 491 excusserat,
2926 440 3047 479 mox
3092 425 3329 482 arefacta
3358 434 3461 495 est,
3494 429 3570 486 ita

231 541 358 580 sese
392 523 630 578 traderet
660 521 715 574 in
739 519 995 573 ancillam
1027 523 1218 572 sancto
1259 515 1423 582 Patri,
1469 521 1524 569 et
1552 513 1850 584 sponderet

230 614 300 668 dc
334 621 557 676 caetero,
586 624 778 665 omnes
803 606 1158 663 celebritates
1206 604 1401 675 ipsius,
1441 610 1500 657 ut
1538 602 1854 656 condecens

229 710 401 770 esset,
457 718 517 755 se
565 697 962 755 venerabiliter
1015 696 1450 749 observaturam.
1494 693 1622 756 Qua:
1671 689 1853 763 dign-te

237 792 586 869 suggestioni
642 791 895 852 credens,
958 785 1364 858 obtemperavit
1414 785 1562 853 justo
1609 783 1853 853 ipsorum

229 886 502 942 consilio:
544 892 600 939 et
637 882 926 939 confestim
956 890 1066 935 tam
1098 897 1128 934 a
1171 878 1364 934 dolore
1396 877 1645 932 dentium
1689 891 1853 947 quam

230 996 262 1033 a
294 977 597 1033 formidine
628 975 853 1029 liberata
876 980 976 1027 est.

312 1066 441 1122 CAP.
456 1064 971 1119 XXXlll.—Simile.
994 1062 1388 1116 Tumulationis
1403 1061 1616 1125 festum.
1634 1057 1691 1111 ln
1704 1055 1850 1110 idem

232 1175 329 1214 rus
353 1158 653 1213 advenerat
678 1156 851 1210 altera
881 1153 1226 1215 muliercula,
1247 1168 1367 1223 qua)
1390 1150 1630 1206 textricis
1654 1148 1853 1222 funge-

235 1247 401 1301 batur
425 1246 630 1301 ofﬁcio.
668 1245 793 1299 llzec
811 1242 1065 1297 mercede
1097 1241 1368 1296 conducta
1390 1258 1421 1294 a
1449 1239 1691 1310 quodam
1712 1236 1849 1298 viro,

231 1334 462 1391 nomine
504 1332 762 1398 Rodulfo,
795 1340 961 1405 gente
1012 1330 1294 1389 Britanno,
1327 1328 1568 1382 habebat
1592 1340 1856 1396 coopera-

228 1424 425 1477 tricem
458 1436 581 1492 quae
608 1420 859 1489 ejusdem
893 1425 1011 1473 erat
1052 1416 1365 1483 ministerii,
1397 1416 1493 1470 sed
1535 1415 1653 1469 haec
1684 1430 1749 1468 ex
1777 1410 1859 1466 fa-

239 1513 396 1568 milia
428 1513 601 1568 Patris
629 1510 910 1566 Benedicti
946 1508 1237 1584 progenita
1281 1508 1477 1575 fuerat,
1519 1506 1689 1561 altera
1727 1520 1855 1561 vero

240 1605 492 1660 minime.
536 1605 829 1659 Britannus
854 1612 1035 1657 autem
1070 1602 1187 1673 ipse
1212 1601 1441 1654 liberam
1486 1607 1721 1653 traxerat
1758 1614 1857 1672 ge-

1952 524 2030 582 ut,
2084 517 2296 572 inutilis
2352 517 2591 584 reddita,
2650 519 2859 573 nullum
2897 535 3038 590 opus
3077 519 3298 577 efﬁcere
3330 523 3540 578 valeret

1956 609 2084 664 Cum
2118 610 2235 681 ipsa
2264 625 2490 681 quoque
2520 609 2775 664 ariditate
2806 610 2951 664 aliud
2985 612 3257 667 inusitata:
3290 615 3569 684 passionis

1955 698 2342 753 detrimentum
2375 698 2633 766 accrevit,
2679 698 2951 768 siquidem
2983 707 3243 771 tanquam
3270 710 3456 757 reatus
3480 704 3564 759 sui

1955 789 2192 859 quodam
2271 794 2597 861 argueretur
2646 786 2864 853 timore,
2918 786 3151 842 tremula
3196 792 3566 847 concussione

1955 880 2179 952 agitata,
2207 895 2316 934 uno
2350 879 2406 933 in
2455 878 2599 942 loco,
2632 878 2847 933 etiamsi
2882 876 3116 933 vinculis
3156 880 3570 955 constringere-

1954 978 2060 1039 tur,
2086 972 2208 1046 cegi
2241 986 2351 1027 non
2390 978 2625 1043 poterat,
2665 972 2762 1026 sed
2797 971 3103 1026 mobilitate
3131 971 3417 1043 inexperta
3446 975 3572 1029 abs-

1955 1079 2063 1133 que
2082 1062 2192 1117 ulla
2226 1062 2414 1133 quiete
2440 1061 2766 1116 dissiliebat.
2805 1061 3067 1116 Paulatim
3108 1062 3273 1117 etiam
3304 1081 3572 1138 augmen-

1955 1160 2063 1207 tata
2102 1154 2152 1209 vi
2185 1153 2555 1227 aegritudinis,
2589 1154 2826 1209 rusticus
2861 1155 2953 1209 ille
3006 1170 3304 1225 percussus
3336 1157 3455 1211 dira
3482 1174 3574 1227 pa-

1960 1240 2142 1311 ralysi,
2194 1241 2494 1296 medietate
2523 1242 2605 1295 sui
2653 1242 2945 1297 destitutus
2983 1248 3066 1298 est
3097 1243 3366 1313 corporis,
3403 1244 3477 1298 ita
3515 1253 3575 1302 ut

1959 1331 2027 1384 ad
2060 1347 2223 1386 omne
2261 1331 2549 1387 artificium
2583 1332 2897 1388 efﬁceretur
2939 1332 3169 1389 inutilis.
3196 1333 3363 1390 Miser
3388 1342 3570 1391 tamen

1960 1419 2105 1475 idem
2138 1428 2285 1475 tanta
2313 1421 2489 1475 fuerat
2529 1431 2723 1493 captus
2774 1423 3057 1478 dementia
3104 1431 3158 1480 et
3194 1424 3568 1481 obstinatione

1957 1512 2127 1566 animi
2172 1512 2459 1567 induratus
2488 1520 2549 1568 ut
2588 1530 2937 1586 nequaquam
2968 1514 3217 1570 confiteri
3242 1515 3566 1587 acquiesce-

1957 1609 2060 1664 ret,
2100 1600 2172 1654 ob
2205 1601 2570 1654 temeritatem
2629 1601 2831 1656 dictam
2890 1619 2951 1657 se
3004 1610 3213 1658 tantum
3246 1603 3565 1676 languorem

242 1698 506 1753 nituram.
548 1696 648 1760 Qui
681 1696 748 1750 de
776 1711 875 1749 sua
904 1692 1209 1748 adveniens
1255 1691 1503 1765 regione,
1550 1689 1723 1760 ipsius
1752 1689 1857 1744 Pa-
1880 1732 1931 1800 Β
1958 1690 2277 1758 incurrisse,
2311 1690 2489 1746 donec
2512 1692 2813 1748 inveterata
2845 1695 3021 1749 morbi
3054 1695 3353 1751 acerbitate
3385 1711 3567 1751 mace-

234 1789 336 1843 tris
371 1804 465 1842 rus
520 1787 823 1851 incolebat,
867 1785 1077 1840 habens
1117 1782 1511 1838 habitationem
1558 1780 1614 1834 in
1655 1780 1851 1835 eodem

229 1895 392 1947 rure;
427 1888 654 1951 eratque
699 1879 870 1933 durus
899 1877 1164 1949 agricola,
1200 1875 1289 1931 cui
1322 1875 1487 1929 etiam
1520 1873 1665 1928 vires
1699 1873 1855 1928 labo-

232 1968 274 2022 ri
312 1968 600 2023 tolerando
651 1965 1020 2021 sufficiebant.
1073 1966 1131 2019 ln
1164 1963 1335 2019 Patris
1381 1962 1550 2036 igitur
1606 1961 1852 2016 tumula-

226 2062 407 2126 tione,
441 2076 563 2131 quae
593 2060 647 2113 in
677 2059 875 2114 diebus
904 2056 1175 2114 Dominici
1218 2056 1500 2111 Adventus
1533 2071 1632 2126 per
1662 2069 1855 2109 omnes

227 2152 432 2207 Gallius
470 2151 752 2206 annuatim
794 2166 917 2206 cum
978 2150 1285 2205 reverentia
1332 2148 1617 2215 excolitur,
1659 2146 1855 2201 mulier

228 2261 353 2317 quze
384 2246 619 2300 carnalis
647 2244 919 2299 libertatis
948 2243 1248 2314 supercilio
1289 2242 1559 2306 tumebat,
1595 2242 1776 2313 inquit
1800 2239 1852 2294 ei

227 2349 352 2405 quae
382 2350 449 2388 ex
483 2332 792 2388 famulabus
823 2332 995 2387 Patris
1017 2348 1076 2387 se
1103 2347 1324 2403 quoque
1366 2348 1488 2387 esse
1520 2330 1848 2402 plaudebat:

236 2429 394 2493 Veni,
442 2429 517 2481 mi
556 2427 746 2493 chara,
784 2441 1129 2496 properemus
1166 2427 1423 2494 perﬁcere
1462 2424 1609 2494 quod
1645 2427 1854 2492 pariter

224 2517 486 2584 carpimus
536 2530 687 2584 opus.
746 2513 1116 2584 Susceperant
1171 2513 1317 2567 enim
1379 2521 1568 2567 texere
1623 2512 1850 2580 lineam,

227 2624 357 2681 quae
386 2609 561 2679 ipsius
591 2608 825 2663 Britonis
880 2614 995 2662 erat
1025 2607 1208 2661 telam.
1253 2605 1347 2661 Cui
1380 2606 1472 2661 illa
1520 2606 1844 2677 respondit:

225 2698 390 2753 Absit
417 2714 452 2751 a
477 2712 577 2763 me,
628 2699 704 2751 mi
727 2712 900 2764 soror,
953 2701 1015 2750 ut
1051 2712 1144 2763 ego
1173 2696 1333 2750 hodie
1357 2697 1593 2766 aliquem
1637 2711 1849 2765 praesu-

219 2803 365 2842 mam
402 2803 642 2841 emercere
672 2788 928 2853 laborem,
957 2792 1007 2841 et
1036 2788 1247 2841 domini
1284 2790 1387 2841 mei
1415 2788 1572 2856 cujus
1601 2803 1723 2842 sum
1754 2803 1849 2842 an-

223 2877 376 2943 cilla,
405 2880 516 2931 tam
547 2877 841 2931 solemnem
882 2883 1139 2930 temerare
1169 2876 1548 2931 celebritatem.
1584 2877 1649 2930 At
1679 2875 1769 2929 illa
1817 2891 1847 2930 e

226 2972 451 3021 contra:
494 2967 592 3031 Tu,
633 2967 684 3020 si
710 2966 813 3019 tibi
848 2969 1026 3031 vacat,
1057 2967 1261 3031 feriata
1287 2970 1412 3031 esto,
1441 2980 1535 3033 ego
1574 2967 1716 3019 enim
1744 2981 1848 3034 quo

225 3061 394 3126 fruar
423 3058 556 3120 cibo,
592 3058 749 3113 hodie
767 3058 1088 3112 laboratura
1113 3073 1266 3112 sum:
1299 3061 1358 3111 tu
1379 3072 1500 3111 vero
1531 3057 1738 3111 domini
1765 3058 1848 3110 tui
1876 3097 1924 3166 Ο

239 3147 406 3166 ,ΛΑ-1-
439 3147 626 3166 nant-.-“
706 3146 834 3166 II__!_
881 3145 1216 3166 ‘ln___-_n:-_!
1266 3145 1556 3166 h_!1___.__-
1608 3145 1722 3166 2..--
1760 3145 1812 3166 Ξ..

230 3147 406 3200 excole
432 3147 651 3211 festum.
704 3146 838 3201 Huic
878 3145 1221 3200 altercationi
1266 3145 1559 3199 Britannus
1608 3145 1729 3216 ipse
1760 3145 1847 3198 in-

231 3235 500 3300 tervenit;
531 3235 625 3306 qui
682 3235 994 3291 sciscitatus
1023 3234 1331 3306 cujusmodi
1364 3235 1511 3290 inter
1550 3251 1609 3290 se
1640 3251 1845 3291 sermo-

233 3342 338 3380 nes
395 3334 660 3395 sererent,
709 3327 805 3381 ubi
847 3327 1078 3382 edidicit
1116 3343 1361 3391 causam,
1418 3326 1536 3382 suis
1584 3327 1848 3398 compulit

229 3420 709 3476 exhortationibus
738 3429 1026 3493 utramque
1074 3421 1301 3496 aggredi
1353 3422 1501 3492 quod
1532 3438 1844 3493 assumpse-

227 3516 311 3564 rat
357 3525 517 3578 Opus.
574 3510 749 3582 Coepit
803 3512 989 3583 itaque
1020 3511 1225 3566 famula
1262 3512 1437 3566 Patris
1491 3513 1651 3566 anxie
1689 3513 1846 3568 valde

226 3606 353 3668 post
379 3597 538 3652 telam
573 3599 827 3654 residens
856 3609 1198 3670 exspectare,
1235 3599 1372 3671 quid
1397 3600 1518 3669 ejus
1556 3606 1743 3656 actura
1771 3600 1853 3657 fo-

228 3688 514 3754 retsocia;
547 3704 669 3758 quae
717 3697 943 3743 tramam
978 3688 1428 3760 apprehendens,
1462 3689 1558 3744 ubi
1612 3690 1853 3762 primum

230 3794 332 3849 per
381 3786 594 3832 stamen
644 3780 800 3835 duxit
851 3778 1027 3848 ﬁlum,
1073 3785 1354 3851 assumpto
1386 3780 1606 3850 pectine
1645 3780 1852 3854 ligneo,

234 3867 548 3923 inculcabat
594 3868 739 3923 idem
799 3868 951 3924 ﬁlum
981 3868 1196 3940 reliquo
1249 3868 1613 3943 subtegmini,
1657 3885 1857 3941 percu-

233 3962 446 4020 tiendo.
471 3963 759 4035 Extemplo
783 3963 1305 4036 consequentejusti
1334 3962 1605 4018 examinis
1630 3962 1861 4019 ultione:

1958 1790 2126 1847 ratus,
2183 1781 2407 1848 invitus,
2445 1781 2680 1853 qualiter
2710 1783 2763 1837 id
2804 1784 2911 1838 sibi
2954 1785 3266 1853 accidisset,
3306 1803 3404 1841 sua
3434 1802 3567 1841 voce

1954 1870 2262 1942 protulerit.
2320 1871 2757 1926 Admonentibus
2786 1881 2969 1925 autem
3012 1872 3115 1928 vici
3171 1874 3418 1942 ejusdem
3474 1890 3569 1929 co—

1952 1960 2377 2028 habitatoribus,
2402 1962 2559 2031 petiit
2614 1961 2917 2016 Floriacum
2954 1962 3008 2016 in
3056 1963 3226 2018 Patris
3259 1964 3568 2021 translatio-

1953 2069 2045 2119 ne,
2077 2070 2185 2125 qua
2222 2053 2476 2107 Casinum
2512 2053 2778 2108 deserens
2813 2053 2981 2127 elegit
3014 2055 3187 2109 sacris
3222 2056 3338 2110 suis
3367 2056 3569 2130 pigno-

1953 2147 2107 2201 ribus
2132 2146 2484 2201 metationem
2520 2145 2854 2201 Gallicanam
2888 2146 3194 2221 regionem,
3216 2148 3567 2203 etservitium

1954 2240 2235 2312 professus
2276 2241 2380 2311 ipsi
2436 2241 2504 2294 de
2563 2248 2760 2296 caetero
2819 2240 2984 2301 Petri,
3054 2242 3399 2313 pernoctavit
3446 2248 3568 2313 post

1952 2333 2127 2403 ipsius
2163 2333 2563 2387 sanctissimam
2614 2332 3038 2387 tumulationem
3102 2342 3261 2390 nocte
3290 2335 3565 2401 illa,-con-

1954 2421 2165 2476 tinuato
2206 2421 2296 2476 die
2327 2420 2451 2476 festi
2511 2422 2657 2477 nocti
2713 2423 2841 2493 ipsi,
2874 2423 3186 2494 deposcens
3231 2424 3405 2495 ipsius
3452 2426 3568 2481 c'e-

1952 2513 2237 2580 mentiam,
2269 2514 2428 2582 cujus
2465 2514 2521 2568 in
2551 2530 2612 2568 se
2644 2515 3016 2570 concitaverat
3055 2515 3375 2583 vindictam,
3417 2518 3565 2588 quod

1950 2615 2004 2660 et
2033 2605 2139 2674 ipsi
2171 2605 2571 2676 perspeximus.
2601 2605 2707 2660 Sed
2750 2606 3010 2677 quoniam
3057 2624 3122 2662 ex
3169 2608 3447 2680 superbiae
3485 2615 3565 2680 ty-

1951 2710 2020 2765 po
2053 2692 2260 2767 [typho]
2296 2695 2543 2763 ejusdem
2567 2695 2776 2751 crimen
2815 2697 3212 2763 descendebat,
3250 2698 3568 2753 nullatenus

1947 2782 2164 2837 veniam
2199 2782 2509 2853 impetravit
2540 2800 2704 2854 quam
2766 2785 3117 2856 implorabat,
3161 2787 3258 2841 sed
3294 2803 3466 2859 usque
3495 2787 3563 2842 ad

1947 2871 2240 2926 terminum
2283 2871 2431 2938 vitae,
2477 2871 2777 2927 comitante
2814 2889 2874 2927 se
2918 2876 3135 2930 occulto
3165 2875 3567 2945 Omnipotentis

1948 2961 2220 3022 examine.
2272 2962 2551 3017 incuratus
2582 2963 2971 3034 perseveravit.
3025 2964 3217 3019 Mulier
3245 2964 3415 3036 igitur
3444 2980 3565 3035 quae

1948 3050 2002 3104 in
2034 3067 2092 3105 se
2123 3059 2345 3122 experta
2373 3068 2616 3108 severam
2646 3052 2863 3107 Domini
2898 3052 3075 3107 fuerat
3105 3053 3398 3121 ultionem,
3435 3069 3565 3124 per.

1948 3139 2137 3195 territa
2165 3140 2330 3195 etiam
2363 3140 2549 3195 rustici
2578 3140 2726 3196 illius
2753 3141 2886 3197 diris
2913 3142 3289 3213 passionibus,
3325 3142 3560 3197 famula-

1930 3239 2064 3288 tum
2093 3233 2341 3305 professa
2386 3233 2527 3291 Patri
2562 3235 2891 3300 Benedicto,
2939 3234 3245 3306 spopondit
3298 3251 3357 3288 se
3389 3233 3442 3288 in
3472 3249 3566 3288 ea-

1948 3320 2074 3375 dem
2127 3322 2475 3377 solemnitate
2524 3323 2811 3378 candelam
2845 3322 3112 3377 omnibus
3167 3322 3328 3377 annis
3363 3321 3564 3393 quibus

1948 3410 2158 3465 viveret
2208 3411 2545 3478 oblaturam,
2591 3420 2646 3466 et
2677 3412 2850 3479 illam,
2883 3419 3223 3484 craterasque
3266 3412 3386 3483 ejus
3411 3410 3562 3466 festi-

1946 3497 2143 3554 vitates
2182 3499 2367 3553 debita
2396 3516 2516 3553 cum
2542 3500 2834 3555 devotione
2857 3501 3298 3556 observaturam.

2026 3590 2153 3648 CAP.
2204 3591 2397 3645 XXXV.
2454 3623 2524 3630 —
2579 3594 2935 3646 Membrorum
2996 3596 3254 3661 impotens
3311 3599 3562 3646 sanatur.

1956 3688 2016 3741 ln
2044 3685 2375 3741 Castellionc
2407 3683 3027 3755 (Chatillon-sur—Loire)
3062 3684 3233 3737 Patris
3254 3683 3428 3753 ipsius
3453 3699 3566 3738 non

1954 3775 2153 3849 exigua
2201 3774 2576 3845 possessione,
2648 3773 2738 3827 ubi
2786 3772 2981 3827 beatus
3029 3770 3310 3826 confessor
3363 3771 3570 3826 Poscn-

1964 3883 2068 3921 nus
2094 3865 2202 3937 ('29)
2237 3864 2557 3936 requiescit,
2589 3864 2658 3919 de
2686 3880 2795 3935 quo
2834 3872 2889 3918 et
2925 3863 3171 3917 Andreas
3197 3862 3304 3933 (30)
3337 3861 3571 3932 plurima

1965 3962 2017 4016 in
2050 3962 2167 4017 suis
2198 3959 2586 4027 retulitdictis,
2618 3959 2790 4013 multa
2838 3958 2904 4012 ad
2934 3957 3151 4011 laudem
3184 3956 3269 4010 sui
3310 3954 3572 4022 nominis,

240 4066 441 4128 pecten
474 4059 661 4112 manui
705 4059 827 4129 ejus
855 4059 1114 4126 adhaesit;
1139 4058 1288 4130 quod
1319 4059 1439 4129 ipsa
1468 4057 1597 4112 dum
1631 4073 1863 4129 persen-
1962 4071 2060 4126 per
2106 4053 2303 4109 merita
2353 4052 2637 4122 utriusque
2691 4050 2859 4105 Patris
2916 4049 3120 4119 saepius
3168 4046 3576 4117 Omnipotentis

236 4145 330 4213 sit,
371 4146 626 4201 exterrita
672 4147 959 4202 vociferari
1016 4163 1213 4203 exorsa
1251 4154 1355 4215 est,
1416 4155 1695 4203 attentans
1736 4164 1857 4203 cre-

237 4232 363 4301 bro,
394 4234 437 4288 si
472 4250 504 4287 a
530 4250 693 4289 manu
719 4236 944 4306 propria
970 4237 1246 4306 pectinem
1275 4236 1462 4308 aliquo
1493 4242 1654 4307 pacto
1690 4251 1857 4290 excu-

238 4331 354 4379 tere
378 4324 589 4395 quiret;
616 4327 716 4381 sed
745 4327 943 4383 videns
966 4328 1244 4383 incassum
1275 4344 1335 4382 se
1358 4328 1412 4382 id
1440 4327 1645 4398 facere,
1669 4327 1739 4381 ab
1762 4328 1853 4381 in-

237 4418 419 4482 coepto
446 4412 674 4468 destitit.
717 4418 1080 4471 Accurrerunt
1120 4426 1305 4470 autem
1339 4414 1559 4487 plurimi
1614 4415 1718 4471 vici
1753 4416 1854 4469 ha-

1959 4145 2254 4200 clcmentia
2301 4144 2639 4198 demonstrat
2684 4139 2980 4215 magnalia,
3012 4138 3080 4192 de
3135 4136 3337 4210 quibus
3377 4141 3430 4190 et
3473 4150 3577 4190 nos

1958 4236 2155 4293 dicturi
2184 4253 2376 4291 sumus
2413 4235 2615 4305 aliqua.
2659 4230 2962 4287 llomuncio
3001 4229 3249 4302 quidem,
3285 4225 3578 4281 Herbertus

1959 4327 2208 4393 nomine,
2234 4324 2618 4398 aegritudinem
2665 4320 2862 4376 incidit
2891 4320 3028 4375 adeo
3051 4334 3270 4392 gravem
3309 4323 3388 4381 ut,
3421 4330 3576 4370 reso-

1959 4419 2087 4475 lutis
2128 4416 2387 4475 omnibus
2417 4415 2699 4480 membris,
2727 4412 2936 4467 nullius
2988 4426 3177 4467 eorum
3208 4416 3458 4465 uteretur
3484 4405 3575 4462 of—

238 4499 511 4555 bitatores
541 4501 704 4557 exciti
726 4502 1060 4559 clamoribus
1088 4504 1257 4571 illius,
1289 4465 1434 4558 inrter
1469 4518 1609 4576 quos
1646 4510 1702 4559 et
1732 4504 1854 4558 Bri-
1877 4465 1936 4535 D
1960 4508 2107 4573 ﬁcio,
2134 4514 2329 4580 praeter
2355 4506 2598 4580 linguam
2634 4518 2778 4576 quae,
2823 4503 2951 4557 licet
3001 4500 3135 4556 satis
3178 4499 3401 4563 exilem,
3441 4496 3573 4552 reti-

238 4599 295 4648 to
314 4591 508 4647 adfuit.
543 4593 642 4659 Qui
683 4610 1032 4667 nequaquam
1077 4596 1345 4652 reveritus
1384 4596 1691 4651 rectissima
1730 4596 1855 4651 Om-

236 4688 541 4760 nipotentis
560 4689 793 4759 judicia,
826 4707 950 4763 quae
991 4691 1093 4746 etsi
1124 4696 1254 4746 sunt
1280 4692 1494 4747 occulta
1532 4690 1853 4763 aliquando,

235 4796 460 4851 semper
499 4788 680 4838 tamen
703 4790 832 4838 sunt
853 4784 1024 4852 justa,
1044 4785 1447 4855 comprehensa
1477 4784 1703 4839 dextera
1734 4800 1856 4839 mu-

236 4872 389 4926 lieris
424 4871 513 4927 cui
544 4881 739 4943 pecten
764 4874 1079 4943 inhaeserat,
1113 4874 1382 4931 violenter
1408 4874 1749 4929 extrahendo
1769 4874 1856 4928 di-

234 4961 454 5017 scussit.

309 5055 436 5110 CAP.
476 5057 700 5114 XXXIV.
734 5089 804 5098 —
847 5060 1156 5115 Translatio
1206 5058 1356 5115 dicta
1405 5059 1710 5113 tumulatio.
1765 5058 1857 5112 Vo-

233 5154 351 5204 tum
379 5151 634 5206 candela.
667 5151 837 5215 Quem
865 5149 1145 5208 Britonem
1173 5150 1324 5206 illico
1353 5150 1598 5206 vindicta
1627 5150 1851 5221 superni

233 5242 445 5299 Judicis
472 5261 570 5315 pro
600 5262 698 5302 sua
749 5246 993 5318 superba
1034 5245 1342 5302 temeritate
1369 5245 1568 5300 merito
1596 5244 1852 5316 perculit.

235 5335 466 5391 Dextera
513 5339 753 5411 denique
786 5338 929 5409 ejus,
971 5356 1095 5412 quae
1126 5356 1250 5395 cum
1298 5338 1562 5396 violentia
1591 5345 1790 5409 pecten
1823 5353 1854 5392 a

309 5490 415 5572 (29)
448 5492 733 5572 Posennus
764 5504 991 5572 vocatur
1031 5497 1084 5572 in
1127 5495 1403 5572 Andreani
1446 5493 1855 5572 li_bri_versi_one

233 5565 463 5645 metrica
495 5581 592 5645 par
628 5565 958 5645 Tortarium,
986 5568 1080 5640 qui
1131 5568 1296 5637 hujus
1321 5567 1496 5623 sancti
1531 5565 1852 5621 miraculum

234 5640 289 5687 et
321 5640 697 5691 inventionem
734 5640 814 5695 sic
838 5640 1007 5694 canit.

229 5708 479 5775 Corpore,
511 5707 811 5777 Constanti,
835 5711 900 5765 de
927 5726 1080 5767 sacro
1102 5712 1350 5765 Posenni.

304 5777 398 5831 Bis
421 5779 674 5845 monitus,
705 5783 894 5850 ﬂagris
924 5783 1081 5839 tertio
1107 5784 1418 5851 corripen‘s.

1956 4601 2122 4656 nebat
2156 4613 2375 4653 sonum.
2408 4595 2575 4664 Hujus
2614 4592 2801 4663 inopia
2830 4590 3247 4647 sustentabatur
3291 4588 3576 4643 timorato-

1959 4707 2074 4746 rum
2121 4686 2381 4743 alimonia
2425 4685 2689 4748 virorum,
2757 4683 2851 4755 qui
2904 4682 3070 4737 etiam
3113 4679 3452 4756 tuguriolum
3508 4677 3564 4732 in

1958 4780 2172 4853 porticu
2202 4774 2451 4831 basilica:
2478 4774 2585 4831 loci
2609 4774 2787 4846 ipsius
2817 4774 2921 4828 sibi
2972 4779 3427 4838 construxerant;
3474 4769 3571 4825 ubi

1956 4881 2013 4929 et
2048 4889 2146 4944 per
2170 4883 2465 4925 numerosa
2493 4874 2767 4922 annorum
2809 4865 3082 4921 curricula
3118 4864 3292 4919 instar
3312 4860 3576 4937 glomeris

1957 4962 2238 5018 involutus
2281 4956 2568 5025 decubuit,
2622 4956 2707 5011 vix
2750 4954 2917 5010 etiam
2975 4953 3217 5025 liquidas
3274 4951 3577 5008 sorbitiun-

1957 5055 2108 5111 culas
2157 5068 2253 5109 ore
2287 5051 2476 5106 valens
2512 5048 2758 5124 ligurire,
2811 5046 3144 5102 necessitate
3185 5060 3408 5118 quoque
3438 5043 3580 5098 rele-

1954 5146 2118 5202 vandi
2151 5143 2277 5210 alvi,
2313 5159 2343 5197 a
2382 5141 2504 5198 loco
2546 5141 2601 5195 in
2630 5141 2811 5196 locum
2843 5138 3061 5214 digredi
3091 5152 3444 5208 nequaquam
3474 5150 3577 5206 po-

1954 5249 2096 5298 tens.
2127 5239 2422 5294 Miserantc
2475 5236 2643 5309 igitur
2672 5233 3080 5305 omnipotentis
3118 5232 3410 5288 clementis
3463 5230 3576 5284 Sal-

1954 5331 2181 5398 vatoris,
2212 5326 2640 5402 suffragantibus
2689 5341 2819 5381 vero
2857 5324 3033 5380 Patris
3087 5324 3260 5379 nostri
3311 5322 3574 5394 beatique

1961 5494 2111 5549 Visio
2150 5486 2296 5558 quod
2322 5485 2522 5550 docuit,
2553 5483 2856 5558 compulsus
2885 5481 3143 5558 pandere,
3174 5480 3378 5551 pandis
3400 5496 3418 5531 :

2024 5554 2303 5617 Inventum
2330 5571 2484 5611 sacro
2507 5555 2764 5609 conditur
2793 5556 2850 5626 in
2879 5554 3089 5626 tumulo
3122 5623 3131 5626 _
3527 5615 3537 5626 .

2028 5632 2133 5699 l30)
2182 5626 2765 5699 Andreasmonachus
2802 5623 3166 5699 Floriacensis
3197 5620 3399 5699 librum
3434 5620 3569 5699 seri-

1955 5684 2070 5776 psit
2089 5684 2179 5776 vlle
2221 5696 2708 5776 miraculis_sancti
2742 5694 3043 5776 Benedicti,
3080 5709 3144 5747 ex
3183 5687 3425 5744 dictisln
3451 5684 3566 5740 0b-

1953 5765 2324 5834 servationum
2356 5768 2684 5841 praeviarum
2716 5781 2866 5822 num.
2907 5765 2998 5821 20.
