3938 6206
381 290 522 345 1223

1388 284 1672 341 RADULFI
1713 282 2024 341 TORTARII
2064 283 2357 343 MONACHI
2397 285 2697 343 FLORIAC.

3589 285 3732 342 1224

382 419 715 475 confessoris
739 417 935 473 Christi
962 417 1199 474 Posenni
1235 417 1511 489 precibus,
1538 415 1799 487 paulatim
1822 430 1998 469 mem-
2027 417 2075 485 Α
2101 423 2391 472 cernentes
2422 414 2751 472 exstinctum
2791 411 2990 482 ﬁlium,
3024 412 3081 467 in
3122 428 3233 485 quo
3272 418 3385 470 tota
3412 428 3548 485 spes
3577 429 3731 483 pen-

381 511 499 565 bris
542 508 865 579 SOSpitatem
919 508 1175 562 amissam
1209 507 1625 578 recipientibus,
1686 505 1858 561 factus
1914 511 2001 558 est

384 604 696 669 incolumis,
743 612 926 676 grates
959 604 1200 659 referens
1231 603 1463 658 Domino
1498 602 1627 656 Jesu
1668 601 1876 655 Christo
1905 614 2000 654 se-

384 697 625 753 cundum
659 711 770 749 suze
793 695 1042 750 scientiae
1083 694 1390 759 modulum,
1421 702 1474 747 et
1504 694 1626 762 ejus
1658 692 1907 763 utrisque
1940 690 2004 743 fi-

387 788 624 844 delibus.
664 786 973 840 Permansit
1004 793 1184 841 autem
1231 785 1283 838 in
1318 785 1511 840 eodem
1554 784 1674 839 loco
1704 799 1803 853 per
1831 782 2004 837 multa

388 884 658 947 tempora,
716 874 966 929 ecclesiae
1000 874 1225 929 servitio
1257 873 1623 943 mancipatus,
1668 887 1886 943 aquam,
1918 871 2007 925 lu-

392 985 541 1035 men,
587 976 641 1023 et
675 984 906 1039 quaeque
946 967 1013 1021 ad
1079 966 1445 1021 ministerium
1475 966 1662 1020 altaris
1693 972 1849 1019 erant
1880 964 2004 1018 ido-

392 1077 520 1126 nea,
544 1061 935 1131 suppeditans;
968 1075 1131 1130 quem
1165 1074 1264 1113 nos
1295 1058 1457 1112 etiam
1493 1056 1744 1128 pluribus
1768 1056 1930 1111 annis
1951 1056 2003 1110 id

394 1152 645 1207 ofﬁciose
678 1156 1030 1223 peragentem
1066 1149 1470 1220 perspeximus.

465 1246 588 1301 CAP.
619 1245 834 1299 XXXVI.
871 1275 938 1284 —
959 1247 1158 1313 Rapax
1186 1249 1354 1299 morte
1379 1245 1625 1313 punitus.
1661 1245 1935 1297 Damnum
1970 1257 2005 1296 a

388 1335 711 1405 parentibus
754 1337 1079 1388 restitutum.
1127 1335 1288 1388 Culta:
1325 1350 1519 1387 aureus
1544 1349 1711 1387 manu
1762 1333 2006 1399 defuncti

390 1424 620 1479 oblatus.
657 1424 715 1476 In
757 1422 1034 1477 territorio
1066 1422 1387 1476 Nivernensi
1440 1421 1719 1493 quoddam
1782 1420 2010 1473 habetur

392 1523 651 1577 castrum,
679 1516 866 1569 [Iuben
896 1522 1296 1585 nuncupatum,
1336 1514 1391 1568 in
1424 1512 1687 1585 praerupti
1722 1512 2008 1579 cujusdam

395 1608 551 1663 collis
602 1607 911 1663 cacumine.
972 1608 1143 1676 Hujus
1192 1608 1452 1663 dominus
1495 1606 1646 1678 Hugo
1702 1605 2008 1671 dicebatur,

396 1708 671 1771 provectae
712 1700 893 1755 zelatis
925 1701 1025 1756 vir.
1064 1701 1159 1755 llic
1188 1700 1361 1754 ﬁlium
1394 1704 1683 1772 genuerat,
1743 1697 2009 1753 vocabulo

395 1793 735 1859 (lauterium,
771 1792 864 1864 qui
893 1793 1157 1859 juvenilis
1200 1793 1299 1847 ae\i
1342 1793 1517 1848 elatus
1546 1789 1868 1860 supercilio,
1908 1789 2013 1843 mi-

398 1902 500 1939 nus
528 1885 597 1939 de
630 1885 1032 1955 omnipotentis
1082 1885 1174 1938 Dei
1228 1890 1569 1955 pertractans
1598 1882 1894 1947 mandatis,
1925 1896 2014 1934 res

396 1972 759 2027 ecclesiarum
792 1980 846 2027 et
888 1988 1196 2042 pauperum
1233 1972 1441 2042 rapinis
1488 1972 1707 2025 inhians
1749 1970 2014 2040 diripere,

398 2068 453 2115 et
476 2061 590 2115 suis
624 2061 676 2114 in
705 2059 1461 2130 necessitatibusexpcndcre
1488 2060 1736 2115 ardebat.
1757 2058 1907 2112 Unde
1930 2072 2018 2110 ar-

398 2149 633 2203 bitratus
653 2149 892 2219 opimam
935 2148 1003 2202 de
1030 2148 1141 2216 jam
1168 2154 1472 2203 memorata
1493 2148 1841 2219 possessione
1866 2160 2017 2216 prae-

399 2245 523 2297 dam
572 2259 630 2298 se
681 2257 841 2313 posse
882 2241 1178 2308 abducere,
1234 2248 1458 2311 pr0pter
1492 2239 1901 2295 multitudinem
1934 2236 2019 2291 di-

399 2347 684 2386 versorum
726 2330 1065 2395 animalium,
1101 2346 1223 2400 quae
1256 2329 1311 2383 in
1348 2329 1546 2384 eodem
1580 2335 1736 2383 erant
1768 2327 1891 2382 loco
1921 2331 2021 2389 (est

402 2424 551 2477 enim
584 2422 910 2476 alendorum
954 2420 1272 2474 animalium
1333 2425 1680 2490 opportunus
1725 2418 1797 2473 ob
1834 2414 2022 2470 fertili-

400 2522 566 2569 tatem
614 2512 989 2585 pabulorum),
1046 2511 1342 2582 assumptis
1399 2510 1720 2566 cohortibus
1772 2508 2022 2579 equitum

400 2621 498 2660 seu
531 2603 777 2675 peditum
821 2602 1046 2656 devenit
1080 2601 1231 2667 illuc,
1263 2615 1443 2670 neque
1476 2598 1571 2653 Dei
1604 2597 1810 2653 veritus
1842 2594 2021 2651 offen-

399 2712 538 2763 sam,
599 2710 780 2765 neque
837 2693 1012 2748 Patris
1068 2692 1240 2747 nostri
1294 2691 1577 2745 meritum.
1616 2690 1782 2744 Porro
1822 2686 2023 2743 accolae

399 2787 505 2843 loci
546 2786 719 2857 ipsius
774 2793 828 2841 et
856 2786 1001 2840 circa
1057 2784 1224 2855 positi
1285 2782 1428 2836 ruris
1457 2779 1865 2851 comperientcs
1905 2778 2024 2847 ejus

406 2877 656 2931 insanam
702 2874 1061 2946 cupidinem,
1117 2881 1173 2926 et
1223 2872 1685 2943 pertimescentcs
1736 2868 2021 2938 copiosum

401 2967 727 3037 praedonum
770 2980 1083 3030 numerum,
1130 2963 1446 3017 asciverunt
1495 2961 1551 3014 in
1596 2959 1860 3014 auxilium
1916 2957 2023 3012 sibi

2103 508 2270 566 debat
2315 511 2550 577 illorum,
2593 508 2859 581 quoniam
2902 509 3053 563 hunc
3102 510 3280 564 solum
3337 507 3731 581 possidebant,

2104 616 2215 657 non
2235 609 2316 657 est
2340 602 2499 659 facile
2517 602 2704 658 dicere
2734 616 2873 672 quos
2903 601 3187 656 ediderint
3206 600 3468 675 gemitus,
3496 607 3736 672 quantas

2103 692 2345 750 fuderint
2371 695 2660 766 lacrymas,
2708 692 3097 748 inconsolabili
3131 693 3384 767 lugentes
3440 691 3733 757 mmstitia,

2104 801 2265 857 quem
2326 785 2802 857 amplectebantur
2840 783 3141 839 dilectione
3194 783 3735 839 unica..Metuentes

2106 889 2236 929 vero
2269 874 2501 929 futuram
2558 873 2960 929 discussionem
2989 873 3125 942 justi
3159 872 3366 942 judicis
3410 872 3507 927 Dei
3554 871 3739 943 (erant

2106 962 2256 1016 enim
2288 962 2574 1034 timorati),
2614 962 2875 1034 quoniam
2900 978 3030 1033 spes
3056 961 3240 1017 omnis
3262 960 3452 1016 debita
3483 960 3737 1030 corporis

2106 1054 2324 1110 sublata
2403 1056 2601 1124 fuerat,
2652 1057 2958 1111 tractabant
3006 1056 3243 1128 qualiter
3300 1056 3500 1111 animae
3550 1055 3737 1125 ipsius

2104 1145 2475 1212 consulerent,
2527 1153 2802 1217 quatenus
2858 1145 3260 1221 indulgentiam
3312 1145 3593 1201 inveniret
3636 1144 3732 1215 qui

2105 1244 2347 1293 extrema
2376 1255 2476 1294 sua
2508 1245 2615 1293 tam
2670 1237 2909 1308 pessime
2942 1237 3404 1308 praecipitaverat.
3432 1238 3735 1307 Assumpto

2108 1330 2276 1405 igitur
2307 1330 2773 1387 Antissiodorensi
2821 1330 3093 1396 antistite,
3133 1329 3441 1386 venerabili
3473 1346 3613 1385 sane
3647 1329 3732 1384 vi-

2110 1437 2191 1488 ro,
2252 1436 2374 1477 cum
2421 1422 2615 1496 grandi
2665 1429 2931 1493 apparatu
2983 1422 3395 1494 exsequiarum,
3435 1428 3492 1477 et
3533 1421 3737 1476 exani-

2109 1523 2258 1569 mato
2292 1512 2389 1568 ﬁlii
2423 1516 2508 1569 sui
2564 1530 2796 1586 corpore
2837 1514 3136 1570 Floriacum
3189 1520 3512 1586 properant.
3553 1513 3739 1569 Advo-

2111 1606 2211 1661 luti
2241 1615 2423 1661 autem
2468 1606 2701 1680 genibus
2741 1607 2985 1681 Hugonis
3015 1608 3109 1679 tV.
3142 1623 3315 1677 supra
3344 1623 3469 1678 cap.
3512 1607 3591 1678 5),
3640 1607 3735 1680 qui

2040 1737 2091 1806 Β
2114 1701 2243 1799 tunc
2272 1695 2337 1750 in
2359 1696 2554 1752 eodem
2587 1697 2709 1752 loco
2730 1696 2949 1751 abbatis
2968 1695 3305 1769 fungebatur
3330 1694 3541 1762 ofﬁcio,
3565 1703 3626 1752 et
3651 1705 3737 1751 to-

2112 1787 2220 1842 tius
2277 1789 2743 1861 congregationis,
2802 1789 3102 1860 implorant
3135 1788 3356 1845 vincula
3394 1798 3585 1843 reatus
3639 1789 3740 1843 de-

2116 1879 2286 1935 functi
2336 1881 2596 1952 precibus
2653 1896 2843 1937 corum
2891 1880 3050 1948 solvi,
3111 1886 3319 1936 certum
3360 1888 3646 1948 tenentes,
3686 1881 3737 1935 in

2115 1976 2417 2040 conspectu
2452 1970 2653 2025 summi
2683 1970 2893 2026 Judicis
2943 1970 3117 2041 ipsius
3138 1970 3435 2025 laxandum
3492 1971 3738 2035 crimen,

2117 2059 2162 2113 si
2191 2059 2393 2131 quibus
2423 2059 2569 2114 illata
2610 2059 2810 2129 injuria
2857 2059 3058 2127 fuerat,
3092 2059 3149 2114 in
3179 2060 3440 2131 praesenti
3472 2065 3594 2116 toto
3621 2060 3744 2115 ani-

2119 2165 2208 2206 mo
2250 2151 2424 2222 ipsam
2457 2151 2611 2222 prius
2635 2151 3001 2207 remitterent.
3054 2151 3211 2207 Unde
3254 2158 3310 2207 et
3355 2152 3587 2207 calicem
3643 2170 3742 2223 pu-

2122 2238 2325 2292 rissimi
2359 2240 2478 2293 auri
2510 2239 2703 2295 libram
2734 2241 3033 2297 habentem
3055 2241 3112 2296 in
3136 2241 3362 2297 dextera
3392 2240 3493 2296 ﬁlii
3529 2242 3619 2297 sui
3651 2259 3745 2313 po-

2122 2334 2280 2395 nunt,
2341 2336 2397 2384 et
2444 2330 2594 2385 illum
2637 2346 2737 2402 pro
2785 2331 3103 2388 vadimonio
3151 2330 3412 2399 offerunt,
3467 2339 3746 2403 quatenus

2123 2418 2514 2489 promptiorem
2548 2420 2766 2475 veniam
2819 2420 3006 2475 delicti
3036 2420 3122 2475 sui
3163 2420 3382 2492 assequi
3415 2427 3744 2485 mereretur,

2123 2508 2168 2562 si
2201 2507 2441 2578 aliquam
2474 2509 3047 2580 recompensationem
3083 2523 3183 2580 pro
3214 2509 3531 2565 temeritate
3572 2510 3748 2580 ipsius

2125 2597 2494 2664 exsolverent,
2547 2599 2843 2654 credentes
2905 2598 3123 2670 quoties
3188 2599 3242 2652 in
3288 2613 3356 2654 eo
3409 2599 3745 2655 sacrificium

2125 2710 2353 2750 summae
2402 2692 2676 2749 divinitati
2724 2693 3036 2759 offerretur,
3092 2709 3445 2765 nequaquam
3499 2695 3747 2763 ejusdem

2124 2787 2379 2843 sacriﬁcii
2414 2788 2596 2859 ipsum
2650 2803 2774 2843 csse
2829 2794 3122 2843 exsortem.
3168 2786 3382 2842 Fratres
3426 2787 3623 2859 itaque
3662 2788 3748 2859 pia

2125 2881 2485 2936 miseratione
2522 2880 2779 2952 permoti,
2815 2879 3156 2954 generaliter
3186 2894 3288 2949 pro
3317 2894 3386 2934 eo
3417 2879 3747 2935 sacriﬁcium

2126 2969 2495 3040 omnipotenti
2528 2969 2763 3024 Domino
2794 2968 3139 3034 obtulerunt,
3198 2967 3408 3023 absolvi
3455 2975 3749 3039 poscentes

405 3058 692 3113 dominum
753 3057 940 3125 οηδῐτίι
981 3056 1128 3127 (ἰυοά
1178 3054 1380 3109 diem"
1427 3052 1610 3108 διωθεῖ
1643 3050 1860 3118 Βΐῖοείίν
1891 3049 2019 3104 Rot-
2048 3089 2097 3158 Ο
2123 3059 2297 3131 ipsius
2335 3058 2593 3126 offensas,
2642 3066 2697 3113 et
2735 3058 2865 3129 ipsi,
2900 3058 3204 3113 secundum
3262 3057 3694 3128 possibilitatem
3721 3075 3749 3112 a

401 3150 619 3205 bertum
655 3149 904 3215 nomine,
952 3157 1236 3202 strenuum
1291 3162 1426 3200 sane
1483 3152 1591 3199 tam
1632 3142 1799 3197 armis
1855 3156 2019 3213 quam

404 3238 654 3294 consiliis
718 3238 919 3294 virum.
1000 3236 1100 3300 Qui
1177 3235 1408 3291 vallatus
1481 3248 1704 3289 suorum
1787 3245 1967 3286 cuneo
2007 3274 2022 3297 ,

407 3338 659 3402 prompto
690 3329 924 3385 accurrit
953 3328 1161 3395 animo,
1211 3332 1434 3398 paratus
1488 3340 1610 3380 cum
1644 3324 1747 3391 eis,
1796 3324 1841 3377 si
1874 3322 2022 3394 quod

408 3419 745 3487 immineret,
787 3416 977 3470 subire
1019 3415 1374 3486 dispendium
1416 3430 1526 3486 pro
1582 3413 1753 3468 Patris
1800 3427 2025 3483 prome-

409 3510 582 3565 rendo
624 3508 906 3582 suffragio,
953 3516 1007 3562 et
1059 3506 1366 3562 vicinorum
1408 3509 1501 3578 qui
1548 3520 1607 3560 se
1658 3504 2024 3576 expetierant,

411 3601 736 3657 commodis.
772 3600 1059 3655 Gauterius
1084 3600 1271 3671 itaque
1301 3613 1594 3674 aggressus
1624 3595 2028 3651 Castellionen-

407 3710 518 3762 ses,
559 3693 845 3767 satagebat
878 3708 1048 3764 opere
1094 3691 1363 3763 perﬁcere
1416 3690 1563 3762 quod
1617 3695 1801 3744 mente
1827 3702 2029 3743 conce-

411 3794 584 3858 perat,
619 3786 884 3843 ruricolas
930 3786 1188 3842 videlicet
1227 3800 1533 3855 eorumque
1560 3798 1762 3855 pecora
1794 3789 1847 3836 et
1898 3794 2029 3850 spo-

410 3881 482 3934 lia
507 3896 694 3935 secum
725 3880 1019 3934 abducere.
1046 3878 1341 3933 Rotbertus
1358 3884 1539 3931 autem
1571 3876 1627 3930 ei
1653 3874 1871 3930 obviam
1903 3887 2031 3942 pro-

411 3988 631 4046 gressus
659 3987 782 4027 cum
822 3970 958 4037 suis,
1000 3970 1315 4039 conjunctis
1356 3984 1581 4041 quoque
1636 3966 1742 4021 sibi
1785 3966 2031 4021 locorum

412 4066 818 4139 contiguorum_
848 4063 1084 4131 colonis,
1132 4061 1386 4119 conferre
1418 4077 1541 4117 eum
1573 4075 1639 4116 eo
1679 4075 1789 4115 non
1815 4057 2034 4126 valens,

414 4155 535 4223 ejus
567 4154 815 4208 timendo
866 4153 1074 4223 c0pias,
1134 4158 1287 4225 terga
1336 4151 1513 4207 vertit.
1576 4150 1863 4205 Gauterius
1901 4163 2036 4220 ergo

413 4265 543 4305 suos
574 4249 760 4304 multis
789 4248 1128 4304 clamoribus
1157 4248 1498 4313 adhortatus,
1540 4261 1795 4317 equoque
1826 4244 1915 4300 cui
1948 4244 2035 4298 in-

414 4341 636 4397 sidebat
686 4342 992 4397 calcaribus
1048 4341 1275 4396 incitato
1336 4339 1513 4412 ipsum
1550 4338 1850 4410 perniciter
1889 4337 2043 4391 inse-

2126 3148 2338 3204 Christo
2381 3148 2642 3203 fidelibus
2672 3147 2788 3202 suis
2820 3162 3164 3213 concessam,
3203 3146 3351 3218 quod
3402 3146 3458 3200 in
3492 3162 3593 3203 eos
3622 3147 3750 3202 deli-

2125 3247 2319 3310 querat
2376 3238 2761 3303 remittentes;
2826 3234 3176 3307 expletisque
3256 3234 3473 3290 funeris
3538 3237 3745 3292 honore

2127 3347 2370 3405 congruo
2391 3330 2609 3399 ofﬁciis,
2646 3328 2926 3402 genitores
2956 3344 3078 3385 cum
3130 3328 3419 3385 nobilibus
3442 3329 3579 3384 viris
3615 3345 3747 3401 quos

2129 3428 2185 3481 in
2231 3442 2333 3481 suo
2381 3425 2688 3481 asciverant
2722 3424 3007 3491 comitatu,
3069 3423 3138 3478 ad
3186 3422 3410 3495 propria
3455 3422 3740 3485 dimisere,

2131 3532 2241 3573 non
2267 3516 2601 3572 mediocrem
2652 3514 3088 3571 consolationem
3112 3514 3179 3568 de
3215 3513 3392 3568 salute
3416 3511 3519 3568 ﬁlii
3549 3513 3637 3568 sui
3665 3529 3746 3567 re-

2130 3612 2432 3679 portantes.

2201 3702 2330 3758 CAP.
2374 3701 2624 3757 XXXVII.
2669 3733 2734 3741 --
2792 3700 3072 3755 Praedones
3129 3701 3334 3767 Ligeris
3369 3699 3527 3755 unda
3576 3701 3745 3753 mersi.

2133 3793 2445 3862 lntcrjectis
2475 3792 2774 3864 aliquantis
2805 3806 3078 3847 annorum
3107 3789 3424 3855 curriculis,
3466 3787 3743 3845 confatde-

2133 3882 2233 3937 rati
2267 3882 2336 3936 de
2358 3881 2555 3937 vicina:
2586 3879 2836 3952 partibus
2862 3877 3192 3955 Burgundiae
3225 3878 3496 3933 adversus
3527 3877 3744 3932 eosdem

2136 3974 2620 4041 Castellionenses,
2679 3973 2904 4045 quidam
2961 3972 3250 4044 praedones
3304 3971 3748 4044 glomeraverunt

2136 4080 2249 4120 non
2280 4062 2556 4119 inﬁrmam
2588 4078 2818 4117 manum
2869 4060 3190 4129 satellitum,
3219 4060 3469 4132 equitum
3512 4066 3569 4114 et
3598 4059 3747 4129 pedi-

2136 4166 2272 4215 tum.
2309 4157 2558 4214 Transito
2588 4164 2769 4213 autem
2796 4172 2960 4211 amne
2991 4155 3261 4230 Ligerico,
3313 4152 3662 4208 diffuderunt
3698 4168 3747 4206 se

2147 4265 2247 4321 per
2276 4263 2401 4302 rura
2427 4247 2494 4301 ad
2529 4247 2708 4318 ipsum
2747 4245 3014 4317 przedium
3046 4243 3397 4315 pertinentia.
3431 4242 3605 4298 Tanta
3633 4256 3747 4298 vero

2144 4347 2263 4396 erat
2292 4339 2402 4395 illis
2421 4338 2688 4394 securitas
2714 4336 3123 4393 conﬁdentibus
3151 4337 3203 4390 in
3237 4352 3337 4391 sua
3376 4335 3745 4398 multitudine,

415 4435 625 4506 quitur.
659 4434 829 4497 Quem
861 4433 1160 4489 Rotbertus
1190 4433 1529 4504 jamjamque
1558 4430 1665 4486 sibi
1696 4429 2034 4501 appropian-
2056 4412 2118 4483 D
2139 4438 2194 4487 et
2216 4436 2367 4485 tanta
2394 4426 2706 4502 arrogantia
2734 4426 2804 4481 de
2836 4425 3037 4481 robore
3084 4432 3139 4480 et
3167 4424 3482 4495 aptitudine
3513 4440 3633 4478 suae
3670 4422 3749 4490 ju-

413 4531 524 4578 tem
570 4538 829 4592 cernens,
876 4529 1072 4594 utputa
1121 4521 1292 4577 moris
1344 4529 1429 4577 est
1484 4520 1844 4593 fugientium,
1877 4519 2036 4573 hasta

418 4631 587 4688 super
616 4616 907 4670 humerum
938 4616 1165 4686 rejecta,
1197 4612 1403 4668 ferrum
1437 4612 1604 4667 hastae
1633 4609 1889 4682 sequenti
1939 4624 2035 4680 op-

412 4711 618 4783 posuit.
647 4710 712 4765 At
732 4709 826 4764 ille
856 4716 1088 4765 conatus
1113 4708 1291 4764 hostis
1315 4722 1667 4779 nequaquam
1693 4703 2026 4777 praevidens,

414 4803 545 4859 dum
575 4802 853 4859 incautius
881 4802 1152 4876 attingere
1196 4817 1325 4857 eum
1355 4816 1500 4873 equo
1546 4799 1802 4865 ardescit,
1833 4799 1888 4853 in
1916 4798 2032 4853 fer-

415 4913 535 4951 rum
566 4897 706 4962 ruit;
763 4894 913 4967 quod
964 4894 1170 4970 gutturi
1226 4894 1372 4948 illius
1422 4893 1765 4957 immersum,
1822 4891 2034 4962 absque

416 4989 684 5045 dilatione
714 4988 824 5044 vita
856 4988 1110 5059 privavit.
1142 4986 1404 5041 Videntes
1443 5001 1572 5040 vero
1608 4983 1876 5039 satellites
1914 4983 2036 5053 ejus

416 5077 703 5133 dominum
744 5093 903 5131 suum
938 5076 1332 5144 exanimatum,
1363 5073 1664 5130 ululatibus
1705 5088 1910 5139 acrem,
1953 5073 2035 5127 la-

415 5169 621 5242 crymis
660 5185 833 5244 genas
865 5170 1177 5241 Opplentes,
1212 5167 1459 5223 humeris
1498 5181 1700 5237 corpus
1737 5165 2036 5237 imponen-

417 5272 501 5315 tes
532 5259 685 5314 abire
718 5267 1014 5316 maturant.
1062 5259 1357 5315 Miserante
1391 5257 1516 5328 ipso
1559 5256 1717 5325 cujus
1755 5255 2040 5311 interierat

419 5351 585 5410 ferro.
621 5350 734 5404 illis
762 5366 982 5422 quoque
1013 5366 1153 5422 quos
1196 5350 1497 5421 praedatum
1558 5355 1807 5410 venerat,
1841 5363 2038 5402 conce—

419 5438 687 5495 dentibus
725 5438 958 5494 liberam
995 5439 1246 5513 fugiendi
1291 5439 1529 5511 capiam,
1572 5438 1876 5510 laudesque
1918 5453 2041 5509 pro-

420 5528 791 5585 clamantibus
830 5531 1197 5600 omnipotenti
1255 5532 1387 5597 Deo,
1421 5537 1604 5605 grates
1641 5530 1782 5585 Patri
1814 5530 2042 5584 Benedi-

420 5624 532 5681 cto,
565 5621 872 5684 sanctoque
903 5616 1208 5671 confessori
1236 5618 1493 5673 Posenno
1520 5617 1589 5672 de
1617 5624 1726 5672 tam
1751 5618 1915 5672 celeri
1938 5618 2041 5673 ho-

421 5704 521 5759 stis
535 5702 622 5757 sui
634 5701 982 5759 multatione.
1000 5703 1222 5761 Genitor
1233 5712 1416 5762 autem
1430 5707 1777 5779 genitrixque
1793 5707 2042 5765 defuncti

2134 4518 2399 4584 ventutis,
2424 4523 2483 4572 ut
2521 4531 2761 4571 scurram
2794 4529 2853 4569 se
2885 4512 3199 4584 praecedere
3217 4510 3488 4579 facerent,
3522 4512 3616 4583 qui
3639 4526 3748 4564 mu-

2135 4608 2249 4664 sico
2274 4607 2644 4662 instrumento
2689 4620 2776 4659 res
2805 4602 3022 4659 fortiter
3052 4608 3234 4677 gestas
3255 4609 3312 4656 et
3338 4601 3590 4672 priorum
3617 4600 3749 4655 bella

2136 4701 2486 4774 praecineret,
2520 4704 2794 4771 quatenus
2820 4695 2907 4751 his
2936 4695 3118 4751 acrius
3160 4693 3537 4749 incitarentur
3578 4693 3646 4749 ad
3692 4708 3747 4747 ea

2137 4792 2476 4868 peragenda,
2513 4808 2638 4864 quae
2670 4790 2914 4864 maligno
2956 4794 3332 4859 conceperant
3372 4786 3588 4842 animo.
3636 4785 3747 4840 Erat

2136 4894 2318 4943 autem
2350 4884 2680 4958 praepositus
2740 4882 2915 4954 ipsius
2954 4879 3325 4952 possessionis
3356 4879 3688 4934 constitutus
3720 4892 3746 4930 a

2136 4973 2400 5030 fratribus
2438 4987 2506 5029 eo
2536 4980 2783 5042 tempore
2812 4969 3035 5042 quidam
3061 4968 3143 5023 vir
3190 4966 3421 5039 probus,
3457 4966 3745 5021 Aimericus

2139 5066 2427 5132 vocabulo,
2461 5064 2579 5138 qui,
2605 5062 2798 5118 mundi
2830 5059 3037 5117 relictis
3066 5059 3304 5131 pompis,
3344 5065 3632 5131 assumpto
3671 5058 3747 5112 ha-

2141 5159 2257 5214 bitu
2284 5156 2631 5222 monachico,
2668 5152 3037 5225 omnipotenti
3076 5151 3310 5208 Domino
3355 5150 3511 5206 fideli
3543 5150 3746 5205 famula-

2141 5254 2301 5309 batur
2331 5249 2625 5323 obsequio,
2658 5248 2797 5304 Patri
2846 5246 3147 5302 Benedicto
3188 5246 3244 5300 in
3294 5244 3405 5300 sibi
3453 5242 3745 5300 commissis

2143 5346 2386 5401 existens
2411 5340 2620 5414 jugiter
2645 5338 2846 5393 ﬁdelis.
2893 5336 3006 5405 Hic,
3039 5346 3337 5407 antequam
3385 5340 3599 5390 vestem
3640 5348 3745 5387 mu-

2143 5440 2333 5500 tasset,
2365 5429 2669 5488 sacerdotis
2708 5427 3045 5503 fungebatur
3080 5424 3308 5492 ofﬁcio;
3364 5427 3457 5481 cui
3504 5425 3665 5481 vicini
3698 5432 3743 5477 et

2142 5525 2234 5599 qui
2268 5540 2393 5580 eum
2435 5526 2702 5577 noverant
2738 5516 3115 5573 testimonium
3146 5514 3481 5571 deferebant
3520 5513 3741 5589 legitime

2141 5617 2550 5679 conversatum,
2602 5608 2849 5681 quandiu
2912 5607 2969 5662 in
3029 5604 3322 5661 clericatus
3377 5606 3738 5677 permanserat

2142 5715 2308 5768 sorte.
2349 5707 2559 5777 Itaque,
2618 5701 2921 5775 phalanges
2972 5698 3254 5771 rapacium
3310 5695 3558 5756 effractis
3591 5692 3741 5752 domi.
