3938 6206
292 228 436 286 1225
962 228 965 229 ν
1455 245 1792 304 MIRACULA
1831 251 1864 305 S

1974 252 2057 308 3T1
2096 255 2459 315 BENEDICTI.
3478 276 3619 335 1226

288 356 394 413 bus
444 359 827 433 ruricolarum,
868 378 1236 428 oneraverunt
1289 389 1349 429 se
1405 377 1616 448 spoliis,
1669 389 1899 455 agentes
1923 385 1976 455 Α
2000 385 2094 456 qui
2136 390 2539 447 contumaciam
2573 391 2793 452 illorum
2835 396 3061 471 dejecit,
3098 409 3154 459 et
3192 403 3360 460 robur
3392 409 3616 466 commi-

288 465 401 518 prze
439 466 500 505 se
529 468 727 529 greges
756 471 1042 528 pecorum,
1101 478 1243 533 quos
1277 463 1330 517 in
1379 467 1657 541 contiguis
1689 479 1898 527 torren-
2000 480 2138 536 nuit.

281 544 397 593 tum
439 543 633 613 pratis,
674 562 772 602 seu
819 546 874 602 in
906 548 1093 605 littore
1122 551 1329 624 Ligeris
1356 566 1677 626 repereraut
1722 560 1896 633 depa-

276 634 516 687 sceutes.
566 632 867 691 Plurimam
934 638 1204 711 siquidem
1247 657 1438 699 eorum
1485 632 1892 705 multitudinem

278 716 470 773 rustici
498 721 592 792 qui
623 724 944 794 praedonum
971 729 1330 798 praescierant
1363 733 1679 804 adventum,
1716 737 1770 792 in
1798 739 1895 794 sil-

271 809 357 865 vis
386 820 441 867 et
466 812 521 867 in
540 815 880 890 confragosis
910 819 1243 878 abdiderant
1264 824 1499 881 vallibus
1552 829 1725 901 Igitur
1749 848 1893 902 prae-

270 906 440 957 eunte
461 912 705 971 cantore,
738 914 930 980 utpote
958 910 1097 965 nihil
1130 912 1443 970 formidinis
1484 916 1780 983 habentes,
1825 921 1894 976 ad

268 996 424 1055 littus
451 1009 749 1073 pr0perant
781 1005 977 1072 amnis,
1007 1006 1101 1061 ubi
1134 1009 1323 1080 plures
1354 1027 1578 1066 suorum
1612 1013 1679 1067 ad
1716 1024 1894 1070 custo-

264 1089 412 1145 diam
445 1094 663 1149 navium
694 1096 1117 1165 collocaverant,
1159 1101 1361 1172 quibus
1400 1103 1661 1158 eumdem
1703 1113 1886 1161 trans-

263 1184 657 1258 navigaverant
684 1187 935 1245 ﬂuvium.
968 1192 1133 1248 Porro
1173 1193 1355 1250 coloni
1395 1196 1511 1267 jam
1551 1198 1712 1254 dictae
1756 1215 1885 1270 pos-

258 1272 528 1329 sessionis
568 1275 624 1330 in
666 1293 835 1332 unum
860 1278 972 1348 jam
1007 1280 1408 1351 confluxerant,
1459 1295 1756 1357 sequentes
1788 1303 1884 1344 eos

257 1379 289 1417 a
343 1364 536 1440 longe;
579 1384 930 1441 nequaquam
990 1373 1140 1427 enim
1191 1375 1522 1447 appropiare
1579 1378 1876 1435 audebant.

252 1454 372 1509 Jam
432 1457 611 1513 dictus
663 1469 845 1516 autem
900 1464 1251 1535 praepositus,
1304 1482 1414 1521 non
1474 1468 1765 1525 minimum
1819 1471 1875 1525 in

250 1546 422 1603 corde
447 1550 771 1622 concipiens
808 1553 1082 1623 dolorem,
1111 1558 1435 1614 anxiabatur
1482 1561 1661 1630 valde,
1713 1562 1874 1633 igno-

246 1658 378 1697 rans
417 1645 549 1715 quid
582 1646 927 1717 potissimum
962 1665 1126 1722 agere
1157 1652 1417 1723 deberet;
1475 1672 1658 1728 neque
1722 1659 1871 1713 enim

246 1731 355 1786 sibi
375 1734 461 1805 vel
491 1734 608 1789 suis
641 1742 815 1791 tutum
846 1736 960 1793 fore
988 1739 1311 1795 advertebat
1339 1742 1394 1796 in
1424 1743 1611 1798 hostes
1634 1744 1869 1813 irruere,
1902 1736 1951 1803 Β

243 1839 430 1895 neque
470 1825 714 1897 ipsorum
770 1828 1048 1905 navigium
1082 1848 1491 1905 praeoccupare,
1524 1852 1650 1891 cum
1682 1836 1735 1891 hi
1776 1839 1871 1911 qui

243 1912 313 1966 ad
344 1929 469 1968 eum
511 1925 910 1985 convenerant,
942 1920 1103 1989 pauci
1132 1929 1320 1977 essent
1352 1940 1607 1991 numero,
1647 1942 1751 1981 nec
1781 1943 1870 1982 sa-

245 2003 318 2058 tis
361 2004 548 2061 animo
599 2014 937 2064 constantes.
990 2010 1282 2069 Enimvero
1321 2017 1580 2086 quoniam
1636 2017 1867 2075 deerant

241 2094 392 2151 vires
444 2096 751 2164 hominum,
793 2107 849 2156 et
888 2101 1088 2159 robore
1148 2104 1551 2163 destituebatur
1598 2109 1864 2179 humano,

240 2190 372 2246 totis
413 2192 673 2249 medullis
710 2198 1047 2253 convertitur
1083 2199 1153 2254 ad
1203 2199 1451 2257 divinum
1509 2202 1861 2281 suffragium,

241 2285 471 2352 totoque
499 2281 557 2336 in
602 2290 804 2339 terram
858 2293 1164 2356 prostratus
1204 2305 1457 2362 corpore,
1490 2294 1708 2349 ecelitus
1747 2295 1863 2351 suis

239 2371 504 2426 exorabat
532 2372 806 2429 auxiliari.
854 2376 917 2432 Et
946 2393 1135 2433 versus
1165 2378 1232 2435 ad
1267 2380 1471 2447 hostes,
1528 2383 1584 2437 in
1634 2385 1859 2441 nomine

239 2459 459 2516 Domini
498 2464 784 2521 maledixit
836 2466 965 2535 illis,
997 2469 1226 2542 suisque
1277 2472 1561 2543 praecepit,
1591 2489 1712 2528 cum
1745 2475 1857 2530 cla-

238 2568 394 2609 more
426 2555 683 2626 maximo,
724 2564 880 2632 terga
918 2560 1288 2636 malignorum
1320 2581 1350 2619 a
1381 2564 1548 2639 longe
1590 2566 1852 2640 insequi;

234 2643 335 2717 qui
361 2644 471 2716 jam
504 2663 604 2718 per
643 2649 800 2706 collis
836 2651 1112 2708 declivum
1134 2655 1560 2724 descendentes,
1623 2655 1856 2714 festina-

235 2734 371 2790 bant
399 2737 645 2793 ascensis
674 2739 907 2796 navibus
937 2742 1004 2796 ad
1035 2758 1132 2798 sua
1158 2745 1398 2817 regredi,
1430 2747 1708 2803 neminem
1740 2750 1856 2804 suis

235 2825 468 2883 obviare
504 2830 731 2886 ausibus
781 2832 987 2887 audere
1042 2835 1411 2905 suspicantes.
1460 2837 1672 2894 Auditis
1722 2855 1854 2916 ergo

236 2929 364 2993 post
381 2938 481 2979 sua
504 2926 734 3000 vestigia
780 2927 1205 2985 vociferantium
1250 2932 1598 3002 tumultibus,
1650 2941 1704 2990 et
1734 2937 1849 2992 cla-

236 3036 397 3077 more
450 3027 709 3094 tanquam
754 3040 877 3081 sese
907 3025 1147 3083 invicem
1205 3030 1631 3101 exhortantium,
1668 3041 1855 3092 tantus

2070 570 2194 629 CAP.
2227 575 2501 634 XXXVIII.
2547 609 2614 621 —
2644 582 2844 640 Amens
2872 586 3062 656 recipit
3110 592 3362 645 mentem.
3394 590 3518 649 Erat
3556 593 3614 648 in

1996 664 2256 733 superius
2294 665 2441 722 dicta
2472 669 2608 724 curti
2650 670 3055 731 Matriniacensi
3094 677 3317 748 quidam
3360 678 3497 737 ﬂore
3521 682 3613 753 ju-

1994 756 2205 828 venilis;
2231 758 2410 815 elatus
2452 761 2626 818 aztatis
2674 765 2897 821 nomine
2939 767 3155 837 \Valdo,
3211 771 3304 844 qui
3336 773 3608 843 pruritum

1993 860 2107 900 suae
2156 861 2268 901 non
2302 846 2483 905 ferens
2511 851 2711 918 carnis,
2744 857 3204 914 consuetudinem
3255 862 3433 932 stupri
3482 879 3607 920 cum

1995 937 2179 1009 aliqua
2216 940 2420 998 fecerat
2446 945 2788 1002 muliercula.
2818 948 2915 1006 Hic
2943 951 3011 1005 ab
3038 953 3230 1009 amicis
3256 956 3459 1027 saepius
3483 974 3609 1015 cor-

1993 1036 2201 1101 reptus,
2244 1032 2335 1089 illa
2373 1035 2577 1104 rejecta
2607 1038 2761 1095 duxit
2790 1057 3037 1099 uxorem.
3071 1046 3137 1101 At
3166 1046 3258 1102 illa
3295 1048 3515 1119 dolens,
3551 1060 3607 1109 et

1988 1122 2179 1178 ulcisci
2201 1140 2325 1181 sese
2359 1135 2471 1184 toto
2498 1128 2761 1188 affectans
2781 1134 2989 1202 animo,
3023 1136 3319 1215 investigat
3348 1159 3456 1215 qua
3486 1153 3604 1201 arte

1986 1229 2141 1270 suam
2205 1218 2376 1288 possit
2428 1220 2712 1278 vindicare
2760 1224 3041 1292 injuriam.
3102 1230 3259 1287 Unde
3315 1235 3604 1293 maleﬁciis

1985 1321 2279 1377 operosam
2312 1310 2640 1382 impendens
2689 1333 2900 1384 curam,
2933 1320 3073 1377 adeo
3113 1325 3398 1392 praevaluit
3426 1333 3486 1383 ut
3509 1329 3601 1400 ju-

1979 1399 2137 1454 venis
2168 1409 2412 1459 mentem
2444 1406 2732 1477 alienaret,
2766 1411 2897 1467 etin
2924 1428 2990 1468 eo
3020 1413 3269 1472 funditus
3295 1419 3409 1475 suis
3429 1399 3599 1478 vene-

1978 1490 2119 1548 ficiis
2136 1494 2246 1550 vim
2273 1497 2505 1554 rationis
2522 1502 2914 1579 exstingueret.
2942 1505 3042 1571 Qui
3063 1518 3247 1565 mente
3270 1512 3542 1581 perditus,
3567 1530 3599 1569 a

1977 1596 2077 1636 suo
2090 1582 2372 1642 domicilio
2393 1602 2672 1663 egressus,
2695 1593 3217 1671 propriaignorante
3244 1598 3449 1656 familia
3463 1602 3599 1673 quid

1977 1688 2141 1747 agere
2172 1674 2492 1748 destinaret,
2544 1698 2675 1738 arcu
2715 1692 2999 1758 assumpto
3044 1704 3169 1745 cum
3200 1691 3413 1763 sagittis
3449 1694 3597 1759 (huic

1975 1763 2123 1817 enim
2154 1766 2254 1820 arti
2295 1768 2544 1837 vacabat)
2578 1772 2743 1829 silvas
2785 1775 2947 1845 petiit
2975 1776 3387 1847 Calvi-montis,
3443 1778 3591 1835 deli-

1972 1857 2480 1916 tescensincibatus
2501 1862 2712 1935 aliquot
2731 1866 2852 1922 dies
2884 1867 2941 1921 in
2972 1868 3101 1923 illis.
3133 1870 3340 1935 Quibus
3369 1871 3590 1927 tandem

1971 1946 2180 2004 relictis
2210 1950 2514 2009 Floriacum
2557 1956 2801 2026 devenit,
2835 1958 2891 2013 in
2935 1959 3125 2033 vigilia
3158 1961 3303 2017 beati
3333 1963 3591 2034 Baptistae

1966 2034 2228 2107 Joannis;
2276 2042 2656 2117 majoremque
2688 2047 2978 2103 ecclesiam
3039 2057 3257 2121 petens,
3287 2066 3469 2107 coram
3510 2052 3593 2107 al-

1969 2128 2094 2197 tari,
2136 2132 2285 2203 quod
2316 2135 2616 2211 imaginem
2648 2146 2965 2215 argenteam
2997 2142 3300 2200 Dominicze
3328 2145 3590 2201 recorda-

1966 2219 2133 2275 tionis
2172 2237 2319 2293 pone
2376 2224 2564 2293 habet,
2620 2230 2889 2301 constitit,
2927 2230 3186 2289 fratribus
3227 2234 3461 2290 Domino
3492 2250 3587 2291 so-

1962 2309 2133 2367 lemni
2165 2329 2317 2371 more
2373 2316 2608 2387 hymnos
2648 2322 3055 2378 resonantibus.
3113 2324 3213 2379 Ubi
3254 2325 3384 2381 dum
3446 2326 3587 2382 inter

1962 2402 2298 2462 candelabra
2352 2410 2606 2480 stupidus
2649 2411 2754 2468 hac
2790 2414 2865 2470 'et
2919 2414 3047 2471 illac
3103 2416 3313 2472 lumina
3360 2426 3584 2474 contor—

1959 2510 2138 2565 quens
2165 2503 2219 2553 et
2259 2499 2534 2556 calcaneis
2562 2503 2741 2559 solum
2787 2505 3086 2576 pavimenti
3128 2514 3372 2565 atterens
3400 2510 3584 2581 persi-

1958 2589 2148 2649 steret,
2181 2589 2471 2658 suspensis
2502 2588 2783 2661 fratribus,
2827 2594 2921 2667 qui
2962 2611 3089 2651 eum
3129 2604 3415 2668 noverant,
3448 2598 3580 2671 quid

1957 2689 2123 2748 agere
2152 2676 2529 2747 deliberaret;
2590 2683 2814 2740 tandem
2869 2695 3155 2759 comperto
3182 2689 3330 2761 quod
3393 2697 3581 2747 mente

1956 2764 2304 2836 excessisset,
2335 2770 2598 2840 expulsus
2639 2779 2720 2828 est
2751 2790 2782 2829 a
2828 2774 2948 2831 loco
2975 2776 3261 2833 stationis:
3307 2779 3456 2835 illius
3485 2781 3581 2853 qui

1955 2867 2077 2908 sese
2111 2856 2321 2926 pernici
2372 2875 2565 2933 gressu
2596 2877 2944 2932 promovens,
2979 2872 3107 2921 ante
3164 2882 3314 2922 aram
3344 2867 3440 2923 Dei
3472 2868 3581 2925 Ge-

1957 2942 2172 2999 nitricis
2211 2947 2469 3015 contulit,
2523 2957 2578 3005 et
2619 2951 2757 3006 inibi
2791 2960 2959 3009 totam
3008 2954 3160 3010 illam
3189 2962 3409 3013 noctem
3437 2956 3581 3015 infa-

1957 3032 2199 3106 tigabilis
2224 3036 2548 3110 pervigilem
2580 3039 2812 3106 ducens,
2840 3041 3056 3098 visione
3090 3043 3320 3112 salubri,
3353 3051 3414 3101 ut
3456 3045 3576 3117 ipse

236 3113 406 3168 corda
435 3113 679 3185 ipsorum
710 3115 890 3173 induit
927 3126 1107 3175 metus
1158 3127 1221 3177 ut
1270 3122 1540 3195 praecipiti
1572 3139 1768 3181 omnes
1794 3142 1853 3182 se
1880 3109 1929 3179 C
1956 3122 2208 3193 pluribus
2263 3127 2613 3196 postmodum
2648 3200 2651 3205 ι
2680 3129 2968 3187 confessus
3017 3142 3120 3201 est,
3174 3133 3232 3188 in
3289 3109 3579 3205 pristinam

238 3202 523 3259 traderent
564 3204 728 3276 fugae,
771 3212 826 3261 et
863 3208 1112 3265 certatim
1156 3226 1325 3266 cursu
1356 3212 1568 3282 pernici
1610 3215 1855 3286 pervola-

235 3298 362 3348 rent
389 3292 458 3347 ad
489 3292 717 3362 ﬂumen,
745 3294 1043 3369 nullusque
1069 3301 1331 3372 essetqui
1363 3316 1459 3357 eos
1480 3318 1512 3357 a
1543 3301 1670 3377 fuga
1701 3305 1857 3360 cohi-

234 3384 371 3439 bere
414 3385 828 3460 aggrederetur,
868 3397 929 3443 ut
977 3389 1033 3443 in
1065 3390 1157 3444 tali
1190 3393 1415 3466 negotio
1447 3393 1565 3448 ﬁeri
1618 3396 1857 3461 assolet;

237 3474 335 3546 qui
368 3475 516 3530 enim
536 3477 705 3532 duces
731 3477 947 3535 fuerant
972 3480 1026 3534 in
1050 3482 1286 3550 scelere,
1308 3483 1470 3553 primi
1504 3492 1665 3541 erant
1694 3485 1857 3560 fugm.

240 3569 397 3624 Tunc
425 3569 559 3625 illud
588 3570 730 3627 beati
762 3572 865 3629 Job
896 3574 1126 3643 dictum,
1159 3592 1477 3648 quanquam
1507 3578 1609 3634 sub
1637 3579 1748 3637 alio
1770 3581 1860 3636 in-

242 3657 488 3726 tellectu,
516 3660 733 3717 videres
762 3662 1085 3735 impletum:
1145 3668 1309 3722 Versa
1340 3675 1418 3723 est
1446 3669 1511 3723 in
1548 3669 1748 3725 luctum
1789 3687 1862 3726 c1-

239 3753 412 3807 thara
452 3759 502 3810 et
546 3771 812 3825 organum
850 3760 913 3815 in
948 3776 1125 3816 vocem
1168 3763 1411 3830 ﬂentium
1450 3764 1587 3833 (Job.
1629 3781 1709 3832 ιιι,
1749 3765 1862 3836 31).

240 3842 433 3913 Itaque
473 3845 884 3916 praecipitanter
920 3847 977 3902 in
1030 3851 1266 3921 scaphas
1295 3851 1551 3925 ingressi,
1595 3852 1726 3906 dum
1769 3867 1863 3908 eo-

242 3949 364 3988 rum
404 3937 784 4010 unusquisque
807 3941 1081 3995 transvehi
1137 3941 1367 3999 ﬂumine
1394 3944 1682 4012 accelerat,
1717 3960 1858 4015 pon-

246 4022 380 4077 dere
408 4023 779 4082 multitudinis
816 4035 1144 4104 aggravatae,
1190 4047 1316 4086 cum
1366 4032 1774 4104 processissent
1803 4033 1858 4086 in

247 4111 442 4181 altum,
473 4113 778 4171 submersa:
818 4117 1130 4173 dehiscunt.
1164 4119 1518 4177 Resonabant
1558 4122 1742 4177 littora
1770 4137 1861 4197 ge-

249 4204 389 4258 mitu
427 4220 491 4260 ac
519 4205 757 4262 clamore
786 4207 1112 4265 miserorum
1145 4220 1199 4267 et
1229 4213 1588 4269 morientium
1642 4214 1863 4270 ululati-

247 4299 376 4366 bus,
409 4315 648 4356 concava
671 4303 894 4360 vallium
925 4315 980 4363 et
1002 4322 1287 4362 nemorum
1330 4309 1611 4364 condensa
1642 4326 1866 4380 respon-

249 4392 475 4448 debant.
526 4392 753 4451 Videres
794 4396 1004 4473 Ligeris
1038 4399 1197 4455 alveo
1239 4415 1399 4455 arcus
1450 4415 1574 4456 cum
1627 4401 1861 4473 sagittis,

1956 3214 2278 3285 sospitatem
2316 3223 2399 3273 est
2450 3200 2754 3276 restitutus.
2788 3221 3020 3277 Videbat
3051 3200 3303 3296 namque
3330 3224 3425 3280 Dei
3472 3224 3579 3280 Ge-

1956 3303 2239 3375 nitricem,
2272 3306 2484 3365 Patrem
2511 3311 2866 3368 Benedictum
2892 3321 3252 3388 sanctumque
3283 3322 3577 3389 martyrem

1964 3396 2209 3453 Maurum
2241 3416 2425 3456 coram
2459 3404 2739 3462 assistere.
2760 3406 2837 3462 De
2863 3408 3070 3479 quibus
3101 3409 3315 3481 primus
3352 3416 3579 3467 sanctus

1966 3496 2169 3563 martyr
2205 3492 2275 3548 ad
2309 3494 2524 3551 Patrem
2574 3499 2935 3556 Benedictum
2975 3502 3185 3559 aiebat:
3217 3505 3413 3561 Libera
3444 3504 3583 3561 hunc

1964 3579 2236 3645 famulum
2256 3585 2428 3639 tuum.

2040 3667 2144 3722 CAP
2197 3669 2421 3726 XXXIX.
2470 3703 2539 3712 —
2576 3676 2847 3731 Miracula
2898 3678 3046 3734 edita
3092 3680 3406 3737 Patriciaci.
3446 3685 3585 3738 Con-

1969 3763 2169 3817 tractus
2208 3767 2499 3830 vegetatus.
2532 3764 2892 3838 Consequens
2928 3769 3146 3827 videtur
3183 3778 3243 3827 ut
3273 3773 3438 3829 etiam
3479 3775 3584 3830 ali-

1968 3867 2077 3922 qua
2110 3868 2175 3908 ex
2228 3853 2314 3909 his
2351 3855 2700 3924 adnotemus,
2751 3875 2874 3930 quia
2922 3860 3275 3932 omnipotens
3322 3864 3585 3921 Dominus

1960 3938 2101 3994 mira
2127 3948 2392 4012 Operatur
2418 3960 2518 4015 per
2566 3946 2823 4002 eumdem
2865 3948 3077 4005 Patrem
3138 3952 3287 4022 apud
3326 3952 3586 4010 Patricia-

1961 4040 2237 4092 cumrseu
2278 4029 2334 4084 in
2363 4030 2502 4088 locis
2535 4034 2641 4088 sibi
2675 4035 2937 4093 subditis.
2973 4038 3162 4111 Neque
3194 4040 3340 4095 enim
3383 4041 3585 4098 minori

1962 4117 2350 4177 miraculorum
2380 4125 2540 4197 c0pia
2578 4126 2633 4181 in
2665 4128 2861 4183 eodem
2906 4145 3199 4186 coruscare
3237 4132 3586 4208 dignoscitur

1964 4209 2086 4267 loco
2126 4230 2290 4285 quam
2323 4217 2467 4288 apud
2529 4218 2857 4290 Floriacum,
2907 4222 3006 4278 ubi
3047 4238 3279 4295 corpore
3327 4225 3582 4297 quiescit.

1965 4300 2121 4357 Unde
2146 4303 2292 4361 idem
2321 4306 2477 4363 locus
2507 4308 2564 4364 in
2613 4311 2851 4369 maximo
2881 4330 2913 4369 a
2958 4314 3075 4370 suis
3104 4315 3315 4372 honore
3352 4316 3589 4374 habetur

1966 4389 2186 4460 vicinis,
2219 4402 2273 4449 et
2294 4397 2587 4452 multorum
2612 4398 2921 4471 frequentia
2939 4401 3325 4475 frequentatur
3347 4405 3587 4476 populo-

252 4490 438 4544 hastas
488 4490 651 4545 etiam
688 4508 811 4548 cum
855 4463 1073 4566 alypeis
1121 4495 1441 4564 subnalarc’
1491 4513 1617 4569 qum
1667 4463 1943 4554 ﬂuviusD
1970 4499 2112 4551 rum,
2144 4492 2261 4541 tum
2301 4488 2356 4542 in
2392 4489 2842 4548 solemnitatibus
2872 4493 3035 4564 hujus
3074 4496 3249 4552 Patris
3290 4513 3586 4553 accurren-

254 4577 538 4635 celeritate
603 4596 711 4652 qua
777 4582 1040 4651 decurrit,
1103 4583 1335 4641 inferius
1390 4586 1720 4642 devehebat.
1771 4588 1872 4643 Fe-

254 4676 386 4727 runt
433 4679 617 4727 autem
674 4689 770 4730 eos
807 4674 903 4747 qui
949 4675 1009 4731 in
1063 4676 1242 4732 amnis
1296 4676 1472 4749 ipsius
1525 4678 1687 4735 caecis
1738 4679 1872 4734 sub-

256 4762 424 4818 mersi
467 4763 779 4838 gurgitibus
836 4764 1085 4824 suﬁocati
1125 4767 1431 4839 perierunt,
1478 4784 1593 4825 non
1668 4785 1874 4842 paucos

256 4852 446 4909 fuisse.
481 4852 646 4925 Capta
689 4862 772 4912 est
823 4871 955 4913 vero
1003 4872 1115 4914 non
1159 4858 1388 4914 minima
1445 4858 1735 4917 multitudo
1776 4876 1872 4917 eo-

252 4962 397 5012 rum,
438 4946 532 5018 qui
574 4963 927 5020 nequaquam
966 4949 1035 5004 ad
1086 4948 1369 5023 navigium
1413 4951 1729 5025 pertingere
1761 4968 1871 5024 po-

256 5048 494 5107 tuerant,
544 5041 630 5096 vel
682 5041 978 5098 formidine
1034 5043 1286 5099 ﬂuminis
1336 5044 1584 5101 exterriti
1638 5045 1696 5100 in
1752 5046 1874 5118 ripa

256 5134 589 5190 restiterant.
661 5135 760 5202 Qui
808 5152 1004 5193 omnes
1053 5146 1332 5211 praecepto
1392 5138 1605 5194 abbatis
1652 5145 1707 5194 et
1756 5139 1877 5195 reli-

257 5243 490 5301 quorum
533 5229 779 5287 Fratrum
809 5232 1061 5302 relaxati,
1112 5233 1367 5290 virtutem
1410 5232 1587 5287 Patris
1637 5232 1875 5289 circum-

257 5337 477 5393 quaque
535 5322 905 5398 divulgarunt.
958 5325 1063 5381 Per
1097 5324 1288 5382 omnia
1346 5325 1678 5382 benedictus
1711 5325 1873 5394 Deus,

326 5506 697 5597 (§i)‘.bcge.S'
733 5511 889 5597 ίξῖειιὶ
1037 5513 1244 5597 Parcite
1282 5514 1460 5597 vulgo
1509 5518 1641 5570 Paré
1692 5517 1739 5570 le
1767 5517 1879 5597 Mo-

252 5579 391 5654 ῃξαι,
418 5579 676 5654 dicecesis
730 5583 1022 5640 Eduensis
1065 5585 1132 5640 ad
1176 5579 1501 5642 Brebincam
1548 5602 1791 5654 amnem,
1824 5586 1880 5641 in

258 5648 496 5723 Ligerim
528 5653 693 5723 paulo
741 5653 888 5710 infra
919 5655 1241 5714 iuﬂuentem
1281 5657 1435 5724 Quod
1478 5648 1879 5715 monasterium

598 5817 893 5881 PATROL.
949 5819 1143 5882 CLX.

1972 4576 2105 4633 tium
2140 4596 2303 4652 quam
2330 4598 2426 4653 pro
2458 4584 2692 4641 diversis
2718 4587 3148 4657 calamitatibus,
3181 4591 3227 4646 si
3259 4592 3483 4663 quando
3514 4592 3590 4647 af-

1972 4671 2102 4727 ﬂicti
2144 4672 2370 4743 fuerint,
2412 4677 2867 4749 supplicantium.
2929 4681 3041 4739 Nos
3096 4698 3227 4740 vero
3265 4682 3354 4739 vix
3410 4700 3589 4756 pauca

1974 4779 2164 4820 eorum
2207 4758 2337 4837 quae
2370 4765 2508 4822 inibi
2548 4768 2824 4841 gloriosus
2874 4772 3033 4829 Pater
3088 4774 3260 4849 gessit
3306 4774 3589 4851 attigimus

1973 4875 2228 4933 Operam,
2261 4862 2457 4933 partim
2496 4864 2605 4919 illis
2650 4864 3021 4923 habitatorum
3072 4868 3287 4924 incuria
3321 4869 3591 4927 oblivioni

1972 4952 2188 5009 traditis
2229 4954 2427 5025 partim
2483 4955 2728 5027 priorum
2755 4958 3097 5035 negligentia
3125 4968 3461 5027 nostrorum,
3495 4962 3588 5035 qui

1976 5062 2097 5103 cum
2118 5044 2317 5118 peritia
2331 5046 2611 5102 scribendi
2628 5048 2939 5119 calluerint,
2960 5068 3026 5107 ea
3056 5052 3301 5108 scnhere
3332 5053 3590 5126 neglexe-

1976 5144 2123 5193 runt.
2156 5136 2327 5211 Igitur
2370 5137 2612 5192 rusticus
2670 5137 2917 5210 quidam,
2952 5141 3221 5198 vocabulo
3280 5141 3592 5211 Durandus,

1975 5245 2165 5287 servus
2193 5230 2246 5285 S.
2295 5228 2456 5283 Gradi
2492 5228 2561 5285 de
2592 5229 2799 5287 Paredo
2841 5230 2975 5303 (31),
3016 5233 3452 5291 contractionem
3507 5235 3594 5290 in-

1977 5323 2238 5378 feriorum
2284 5321 2590 5378 incurrerat
2630 5322 3028 5393 membrorum,
3071 5324 3336 5383 femorum
3397 5327 3596 5383 videli-

1984 5512 2304 5568 l.ambertus
2377 5528 2564 5567 eomes
2636 5513 3017 5571 Cabilonensis
3072 5515 3383 5581 aediﬁcavit,
3441 5514 3595 5581 Ilugo

1983 5583 2132 5658 ﬁlius
2152 5585 2292 5651 ejus,
2318 5584 2815 5658 Autissiodorensis
2838 5587 3156 5658 episcopus,
3176 5586 3432 5658 Cluniaco
3462 5583 3597 5639 sub-

1978 5655 2111 5725 jecit
2140 5670 2286 5711 anno
2304 5655 2768 5722 uudemillesimo,
2792 5654 3054 5715 Rotberto
3080 5654 3209 5732 rege
3226 5654 3592 5727 approbante.

3100 5816 3179 5879 39
