3938 6206
327 297 463 355 1227

330 430 436 486 eet,
478 416 736 473 tibiarum
777 416 831 465 et
865 407 1089 480 pedum.
1124 402 1247 469 Qui,
1288 399 1549 472 quoniam
1583 393 1730 450 unde
1762 391 1940 445 victus

331 513 417 568 sui
459 507 702 579 inepiam
726 501 1011 573 suppleret
1041 493 1344 552 debilitatis
1376 507 1487 546 non
1509 489 1739 543 haberet
1776 498 1945 538 mem-

334 604 469 668 bris,
506 577 709 654 fecerat
739 593 847 648 sibi
879 589 997 644 fieri
1043 584 1398 661 gestatorium
1430 579 1710 641 locellum,
1741 577 1795 628 in
1839 587 1946 643 quo

338 697 658 768 deportatus
691 707 790 762 per
829 687 1073 741 fidelium
1131 683 1369 736 virorum
1425 678 1639 738 domos,
1673 668 1955 742 quotidia-

341 804 466 842 nam
508 784 708 854 stipem
764 793 862 850 pro
894 790 1083 831 eorum
1123 769 1469 826 absolutione
1527 763 1831 818 facinorum
1886 757 1954 811 ab

343 879 482 951 ipsis
512 875 760 944 recipere
790 873 1115 924 mereretur.
1139 860 1341 916 Vicinis
1363 864 1544 912 autem
1579 854 1725 909 illius
1759 859 1813 906 et
1834 865 1963 904 con-

346 973 666 1050 sanguineis
695 968 917 1024 assidua
947 960 1207 1037 egestatis
1240 958 1387 1013 illius
1434 951 1833 1009 sustentatione
1875 965 1962 1001 us-

351 1037 685 1138 quequaque
737 1054 995 1129 fatigatis,
1045 1048 1279 1121 contigit
1308 1052 1579 1117 quatenus
1615 1041 1728 1095 suis
1760 1037 1963 1092 relictis

352 1127 712 1209 Patriciacum
754 1147 809 1199 in
839 1127 964 1196 -δυο
995 1141 1381 1209 deportaretur
1437 1133 1685 1205 grabato,
1742 1127 1837 1182 ubi
1870 1141 1967 1196 per

357 1247 580 1320 aliquod
622 1240 884 1312 temporis
915 1237 1172 1308 spatium,
1220 1227 1590 1286 mendicando
1644 1242 1674 1278 a
1723 1222 1827 1276 sibi
1871 1220 1970 1273 im-

360 1339 733 1416 pendentibus
762 1347 991 1408 agapem
1027 1325 1352 1400 promeruit.
1398 1325 1455 1376 In
1497 1317 1730 1376 solemni
1787 1322 1968 1370 autem

362 1436 452 1490 die
484 1425 859 1488 translationis
888 1418 1178 1477 memorati
1210 1416 1406 1480 Patris,
1455 1428 1576 1485 quae
1608 1425 1800 1464 mense
1826 1405 1973 1460 Julio

364 1527 574 1582 ibidem
597 1517 874 1576 celebrius
903 1512 1187 1577 recolitur,
1211 1503 1638 1562 advenientibus
1665 1515 1775 1554 non
1795 1496 1974 1551 solum

368 1619 715 1694 plebeiorum
748 1611 962 1674 turmis,
1016 1606 1110 1660 sed
1148 1604 1311 1660 etiam
1357 1599 1683 1656 clericorum
1736 1599 1789 1647 et
1820 1589 1983 1645 nobi-

369 1711 503 1765 lium
537 1703 783 1761 honestis
825 1697 1096 1771 personis,
1139 1691 1402 1748 fratribus
1443 1694 1738 1743 noeturnas
1777 1678 1990 1752 agenti-

373 1801 479 1855 bus
523 1795 758 1870 vigilias,
807 1787 1017 1864 rogavit
1065 1800 1125 1839 se
1191 1780 1397 1836 deferri
1459 1777 1527 1831 ad
1565 1769 1988 1834 monasterium,

378 1859 629 1960 ejusdem
661 1859 932 1940 interesse
964 1876 1201 1948 cupiens
1215 1871 1453 1945 vigiliis:
1484 1867 1631 1939 quod
1654 1871 1708 1919 et
1728 1859 1990 1918 obtinuit.

381 1987 549 2041 Porro
582 1982 711 2035 dum
777 1981 1028 2049 quartum
1073 1968 1289 2026 canitur
1345 1959 1779 2034 responsorium,
1821 1953 1996 2024 inspi-

387 2080 562 2139 rante,
604 2076 664 2125 ut
693 2044 840 2132 reor,
883 2062 1067 2118 divina
1090 2054 1406 2118 clementia,
1440 2067 1562 2124 quae
1593 2047 1696 2103 sibi
1731 2061 1831 2117 per
1871 2044 1997 2114 glo-

390 2163 523 2220 riosi
570 2157 747 2214 Patris
775 2153 978 2210 merita
1015 2147 1268 2204 misereri
1321 2145 1663 2205 decreverat,
1699 2132 2012 2208 postulabat

393 2258 594 2316 obnixe
642 2260 703 2308 ut
751 2244 1156 2305 transvehendo
1202 2239 1536 2295 subderetur
1575 2247 1751 2304 capsze
1791 2231 1846 2284 in
1905 2243 2014 2300 qua

395 2343 830 2404 continebantur
884 2333 1155 2406 reliquiaz.
1216 2327 1556 2398 Arripientes
1607 2336 1738 2394 ergo
1788 2319 1897 2373 duo
1946 2315 2015 2370 de

397 2434 601 2509 populo
624 2430 911 2505 grabatum
943 2404 1085 2494 ejus,
1127 2420 1183 2474 in
1217 2433 1328 2490 quo
1368 2412 1567 2489 gestari
1605 2409 1841 2475 solebat,
1875 2404 2014 2460 sub-

401 2497 673 2583 duxerunt
702 2536 827 2577 eum
872 2516 1167 2589 perlocum
1201 2511 1271 2565 de
1302 2523 1411 2581 quo
1442 2505 1698 2578 petierat.
1729 2497 2012 2554 Translato

404 2621 589 2690 itaque
620 2630 708 2680 eo,
759 2625 885 2665 mox
924 2605 1111 2661 nervis
1162 2617 1283 2657 sese
1333 2593 1781 2658 extendentibus,
1825 2587 2017 2643 laxatis

405 2711 569 2768 nodis
622 2706 824 2779 quibus
865 2699 1202 2757 tenebantur
1250 2691 1477 2757 astricti,
1530 2687 1778 2744 omnium
1807 2680 2019 2751 recepit

407 2802 738 2860 solutionem
779 2791 1178 2854 membrorum,
1217 2785 1504 2854 linquente
1557 2777 1747 2832 dolore
1789 2771 2021 2845 pristino

410 2908 570 2950 crura
607 2889 776 2953 illius,
827 2896 982 2937 suras
1037 2884 1091 2932 et
1129 2874 1344 2944 reliqua
1382 2885 1505 2941 quae
1562 2867 1657 2922 diu
1707 2863 2027 2920 obtinuerat

411 2949 680 3038 membra.
737 2949 958 3030 Solutus
1007 2965 1250 3036 denique
1304 2959 1454 3016 omni
1522 2955 1800 3029 angustia,
1859 2949 2029 3022 coepit

1325 273 1604 331 BADULFI
1642 266 1950 326 TORTARH
1992 258 2285 316 MONACHI
2330 255 2620 312 FLORIAC.

1967 391 2015 458 Α
2043 385 2167 439 dem
2209 381 2564 436 Patriciacum
2606 377 2867 432 advectus
2895 379 2997 429 est.
3041 371 3119 426 lbi
3155 384 3379 442 quoque
3408 365 3563 422 velut
3601 365 3666 418 in

2047 477 2189 541 aliis,
2212 475 2268 528 in
2302 472 2505 544 quibus
2534 470 2822 544 deguerat,
2854 465 2992 521 locis
3022 462 3404 535 quotidianam
3435 457 3667 513 mendi-

2050 584 2180 623 cans
2219 567 2499 637 aliquanto
2550 570 2802 632 tempore
2849 563 3179 614 consecutus
3232 561 3318 609 est
3364 566 3670 607 annonam.

2055 655 2296 709 Audiens
2347 661 2528 706 autem
2573 649 2785 704 Patrem
2843 644 3226 710 Benedictum,

3516 242 3543 296 1
3554 239 3666 296 228

3296 658 3457 697 suum
3498 639 3674 695 etiam

2058 744 2350 801 carnaliter
2379 740 2686 805 dominum,
2747 738 2917 791 multa
2947 734 3166 791 cmteris
3214 740 3477 805 praestare
3524 729 3683 784 sani-

2064 848 2237 895 tatum
2260 836 2550 901 beneficia,
2584 833 2752 904 coepit
2771 833 2827 886 in
2856 831 2973 886 suis
2999 826 3319 898 hujusmodi
3351 823 3680 881 conﬂictum

2067 936 2271 990 habere
2293 930 2724 1008 cegitationibus
2741 946 2753 982 :
2773 929 2835 984 Si
2859 927 3051 981 alienis
3079 938 3228 979 meus
3253 927 3365 977 tam
3393 920 3689 986 magniﬁce

2065 1029 2410 1098 suffragatur
2431 1025 2680 1079 dominus
2707 1026 2766 1075 ut
2783 1036 2886 1086 eos,
2910 1019 3160 1089 quamvis
3191 1014 3604 1077 remotissimos,
3637 1009 3692 1062 si

2065 1124 2242 1188 ipsum
2271 1119 2443 1170 mente
2472 1113 2708 1183 supplici
2735 1111 3079 1164 advenientes
3101 1105 3460 1176 emposcerint,
3481 1100 3552 1154 ab
3571 1114 3692 1153 om-

2070 1211 2277 1278 nigenis
2317 1211 2461 1262 curet
2509 1203 2943 1274 inﬁrmitatibus,
2984 1202 3190 1270 quanto
3217 1197 3392 1263 magis
3440 1194 3575 1248 meis
3607 1206 3698 1246 so-

2072 1305 2322 1370 spitale-nt
2349 1299 2720 1363 redintegrare
2753 1291 2903 1345 debet
2929 1288 3202 1353 membris,
3249 1285 3401 1339 illius
3430 1280 3704 1338 servituti

2074 1393 2359 1456 obnoxiis;
2393 1391 2488 1458 qui
2542 1403 2663 1442 cum
2693 1385 2810 1454 ejus
2849 1385 2952 1438 sim
3005 1394 3222 1450 corpore
3259 1391 3462 1442 servus,
3521 1375 3704 1427 mente

2077 1486 2236 1537 etiam
2259 1496 2376 1536 sum
2403 1479 2489 1532 illi
2517 1477 2894 1532 devotissimus
2913 1471 2942 1526 ξ)
2973 1472 3099 1527 Haec
3125 1477 3180 1524 et
3211 1467 3299 1523 his
3326 1465 3530 1521 similia
3551 1461 3705 1535 apud

2086 1595 2146 1634 se
2174 1582 2498 1642 retractans,
2528 1578 2718 1629 exorat
2747 1569 2951 1626 deferri
2983 1585 3044 1623 se
3061 1567 3128 1622 ad
3158 1563 3577 1626 monasterium,
3606 1559 3708 1614 ubi

2091 1687 2201 1726 non
2239 1667 2428 1723 multis
2476 1665 2713 1721 evolutis
2765 1661 2987 1728 diebus,
3027 1658 3333 1716 secundum
3367 1653 3534 1708 ﬁdem
3568 1668 3710 1724 pro-

2094 1761 2289 1832 priam,
2321 1757 2553 1812 salutem
2601 1751 2812 1824 recepit
2840 1748 3273 1823 integerrimam,
3296 1742 3586 1800 ’omnibus
3617 1756 3714 1795 re-

2093 1850 2371 1922 cuperatis
2401 1846 2685 1903 membris.
2719 1843 2872 1900 Unde
2919 1841 3218 1913 plurimum
3271 1836 3548 1912 gaudens,
3578 1848 3716 1904 per-

2096 1943 2383 1999 severabat
2423 1941 2477 1995 in
2501 1939 2696 1995 eodem
2729 1938 2873 2003 loco,
2896 1933 3151 1990 noctibus
3193 1929 3493 2003 quiescens
3521 1926 3579 1980 in
3611 1934 3720 1980 sta-

2103 2038 2254 2102 bulo,
2280 2035 2428 2108 quod
2455 2039 2710 2104 superest
2726 2027 2914 2085 domui
2943 2025 3224 2097 hospitum
3253 2022 3365 2078 illic
3395 2027 3724 2092 praeparata

2110 2107 2394 2184 adventui.
2439 2123 2718 2192 Reputans
2761 2132 2892 2174 vero
2933 2115 3101 2171 licere
3149 2114 3262 2182 jam
3311 2110 3420 2166 sibi
3451 2107 3726 2182 quidquid

2112 2229 2276 2288 agere
2301 2210 2483 2277 vellet,
2515 2225 2624 2264 una
2654 2207 2922 2272 noctium,
2945 2203 3128 2259 victus
3151 2201 3236 2257 sui
3266 2196 3726 2270 concupiscentia

2115 2305 2320 2373 cordis,
2352 2309 2599 2359 tentante
2631 2316 2690 2356 se
2729 2298 2925 2371 spiritu
2955 2311 3216 2367 nequam,
3250 2290 3450 2347 incidit
3479 2289 3538 2344 in
3562 2287 3731 2344 forni-

2117 2395 2412 2451 cationem.
2449 2391 2621 2456 Quam
2653 2405 2766 2444 rem
2808 2387 3005 2442 beatus
3034 2385 3194 2439 Pater
3226 2397 3337 2438 non
3384 2379 3587 2436 leviter
3614 2375 3734 2432 tulit

2117 2488 2202 2542 vel
2225 2486 2356 2558 quia
2384 2489 2606 2554 recepta
2627 2479 2859 2535 sanitate
2887 2472 3228 2531 castimoniae
3249 2471 3497 2545 vigorem
3516 2481 3732 2523 servare

2118 2555 2330 2642 debuit,
2358 2575 2443 2630 vel
2475 2572 2603 2646 quia
2630 2571 2684 2626 in
2719 2568 2856 2625 locis
2901 2564 3111 2621 sanctis
3142 2570 3354 2619 tantum
3387 2559 3603 2616 facinus
3632 2555 3733 2610 ad-

2122 2671 2338 2725 mittere
2395 2683 2504 2724 non
2545 2662 2835 2720 dubitavit.
2894 2661 2966 2716 Ea
3002 2658 3208 2714 etenim
3249 2655 3471 2720 domus,
3523 2653 3580 2707 in
3636 2665 3737 2723 qua

2125 2769 2542 2838 perpetraverat
2571 2767 2843 2831 stuprum,
2893 2762 3018 2811 ante
3057 2754 3285 2823 januam
3346 2749 3585 2804 habetur
3616 2760 3738 2801 mo-

2128 2857 2374 2914 nasterii.
2427 2854 2596 2927 Igitur
2625 2851 2888 2924 quoniam
2931 2845 3071 2918 turpi
3118 2849 3420 2917 prostratus
3463 2840 3742 2910 voluptate

2131 2947 2328 3004 animae
2375 2949 2656 3016 spreverat
2696 2939 2952 3003 salutem,
3011 2950 3177 3008 quam
3208 2934 3595 3005 promeruerat
3624 2941 3743 2982 mox

414 3073 662 3134 omnium
695 3062 960 3123 Salvatori
1003 3062 1114 3115 Deo
1169 3053 1366 3110 multas
1402 3051 1558 3120 juxta
1604 3045 1888 3103 modulum
1920 3057 2030 3098 sua!
2066 3104 2110 3134 ρ
2133 3042 2375 3116 perdidit
2400 3039 2648 3110 corporis
2671 3036 2984 3091 sanitatem.
3015 3029 3124 3086 Sed
3159 3030 3342 3085 denuo
3381 3026 3513 3081 dum
3548 3023 3744 3079 dolori-
3780 3061 3785 3068 .

416 3104 662 3134 υιιιιιιυιιι
696 3104 960 3123 υιιυιιυνιι
1003 3104 1110 3115 νυν
1173 3104 1362 3110 .--ν-η---
1402 3104 1477 3120 ,η
2137 3104 2148 3116 Ι
2500 3104 2513 3110 -

416 3162 662 3222 scientiae
697 3154 1011 3230 persolvere
1055 3154 1258 3224 grates,
1305 3144 1634 3211 Patremque
1673 3135 2032 3190 Benedictum
2065 3104 2240 3191 Cbus
2294 3151 2356 3190 os
2395 3148 2555 3188 suum
2612 3128 2928 3193 δίῃίοιδιυιι,
2981 3123 3150 3180 θοι-δε
3187 3125 3578 3191 compunctus,
3634 3122 3747 3170 om

2138 3226 2164 3230 —
2444 3223 2455 3230 .
2670 3226 2678 3230 .
3081 3221 3118 3230 γ,
3602 3206 3747 3230 ,ΜΛ-

418 3251 639 3328 magnis
678 3227 937 3302 extollere
969 3237 1249 3303 laudibus,
1299 3249 1396 3305 per
1425 3245 1590 3303 quem
1640 3227 1873 3282 salutem
1907 3237 2036 3293 pro—

422 3316 719 3402 meruerat.
766 3334 922 3400 Quod
969 3335 1260 3388 cernentes
1299 3325 1517 3389 fratres,
1574 3327 1682 3374 tam
1736 3316 1837 3388 ipsi
1872 3329 2036 3385 quam

426 3446 576 3496 totus
595 3435 684 3489 ille
717 3430 849 3503 quid
881 3427 950 3482 ad
977 3425 1175 3480 festum
1217 3421 1531 3477 occurrerat
1558 3409 1814 3483 populus,
1859 3407 1927 3462 ad
1961 3405 2040 3460 si-

426 3493 559 3584 mile
604 3493 751 3594 opus
771 3534 830 3573 se
863 3517 1192 3588 praeparant,
1249 3509 1305 3562 in
1337 3502 1592 3560 laudibus
1643 3493 2049 3569 Omnipotentis

429 3622 525 3676 diu
567 3586 987 3681 iminorati,—qui
1023 3621 1121 3678 per
1159 3602 1354 3657 merita
1392 3598 1502 3667 jam
1545 3592 1678 3650 dicti
1709 3589 1883 3645 Patris
1929 3586 2048 3643 suis

430 3711 701 3771 beneficia
728 3705 958 3782 largitur
989 3698 1231 3756 famulis.

505 3804 631 3860 CAP.
666 3799 770 3853 XL.
802 3775 871 3836 -Ῑ-
901 3793 1104 3849 Simile.
1158 3787 1472 3842 Fornicator
1499 3781 1742 3851 punitus.
1786 3775 2052 3842 Questura

434 3913 536 3970 pro
565 3893 766 3963 egenis.
802 3887 949 3942 Alter
979 3883 1167 3947 etiam,
1199 3877 1421 3932 Belinus
1459 3871 1704 3936 nomine,
1739 3869 1806 3922 de
1845 3864 2053 3920 familia

439 3954 688 4057 ejusdem
736 3975 933 4041 Patris,
981 3977 1034 4027 et
1091 3969 1210 4040 ipse
1242 3980 1388 4021 unus
1446 3963 1516 4017 de
1545 3959 1688 4014 ruris
1726 3954 2050 4018 cultoribus,

443 4077 613 4134 nimia
669 4069 1038 4127 membrorum
1079 4058 1367 4116 vexatione
1421 4055 1696 4125 fatigatus,
1757 4049 1812 4102 in
1852 4047 2055 4101 lectum

445 4165 671 4223 decidit.
700 4163 758 4216 In
785 4172 893 4230 quo
916 4150 1229 4226 prolixioris
1256 4146 1526 4202 recubans
1564 4140 1742 4213 spatio
1769 4135 2055 4207 temporis,

449 4256 619 4314 nimia
677 4251 727 4306 vi
800 4241 1143 4320 aegritudinis
1199 4237 1419 4294 arctatis
1473 4231 1650 4298 venis,
1704 4234 2060 4296 meatumque

448 4367 608 4409 suum
640 4341 908 4419 sanguine
940 4337 1234 4410 perdente,
1267 4329 1526 4387 exsiccati
1564 4332 1692 4382 sunt
1725 4321 1881 4379 nervi
1917 4321 2060 4389 eius,

453 4445 743 4498 humorum
799 4429 1121 4504 irrigatione
1175 4424 1395 4480 amissa.
1445 4419 1567 4486 Qui,
1633 4415 1893 4489 quoniam
1949 4411 2065 4466 suis

455 4531 674 4610 Operari
708 4529 965 4586 manibus
997 4534 1345 4595 nequaquam
1378 4520 1592 4587 poterat
1641 4507 1789 4565 unde
1828 4505 1932 4562 sibi
1981 4503 2066 4559 vi-

456 4605 603 4686 ctum
626 4622 957 4695 acquireret,
996 4614 1165 4686 coepit
1206 4625 1317 4666 non
1341 4605 1612 4662 modicam
1642 4615 1824 4656 rerum
1875 4611 2069 4652 neces-

458 4719 726 4776 sariarum
784 4711 896 4784 pati
949 4704 1259 4780 penuriam.
1311 4695 1678 4764 Quamobrem
1734 4689 1911 4761 aptari
1963 4686 2069 4741 sibi

459 4813 590 4870 fecit
618 4781 903 4886 grabatum
944 4803 1014 4858 ad
1046 4795 1466 4856 similitudinem
1515 4789 1664 4845 illius
1695 4781 2068 4848 instrumenti,

461 4919 571 4978 quo
612 4872 852 4957 stercora
875 4898 1150 4966 ipecorum
1183 4889 1253 4943 de
1301 4882 1533 4940 stabulis
1568 4877 1890 4942 efferuntur,
1940 4872 2069 4926 dum

460 4995 818 5055 mundantur,
862 4992 1137 5060 quatenus
1167 4981 1221 5035 in
1250 4994 1316 5034 eo
1347 4992 1444 5047 per
1470 4973 1622 5029 vicos
1651 4975 1707 5024 et
1744 4981 1872 5022 rura
1901 4980 1931 5018 a
1961 4962 2076 5018 suis

463 5087 725 5140 devectus
767 5073 1114 5150 propinquis,
1165 5064 1482 5124 alimoniam
1523 5077 1553 5116 a
1599 5058 1732 5114 viris
1768 5053 2078 5124 susciperet

463 5167 937 5228 misericordibus.
983 5163 1122 5217 Dum
1166 5171 1299 5230 ergo
1339 5168 1518 5218 suam,
1564 5145 1816 5221 quamvis
1851 5142 2076 5209 misere,

467 5263 828 5324 sustentando
857 5261 1047 5326 vitam,
1079 5255 1297 5312 diversa
1327 5248 1728 5321 frequentasset
1756 5241 1896 5304 loca,
1948 5243 2077 5293 tan-

471 5461 647 5514 Beatm
674 5455 856 5511 Mariae
883 5459 937 5507 et
964 5457 1152 5506 sancto
1191 5445 1387 5505 Joanni
1419 5441 1676 5514 Baptistae
1699 5436 1955 5514 primitus
1984 5449 2079 5514 sa_-

473 5545 624 5585 crum
674 5504 853 5580 fuisse
891 5504 1207 5576 emnobium
1235 5504 1466 5589 legitur
1500 5504 1569 5568 'in
1600 5504 1799 5589 litteris
1840 5504 2083 5585 Hugonis

477 5591 1216 5668 episc0pi_/E(luensis_apud
1249 5576 1560 5668 Prii-artium
1631 5583 1685 5636 in
1716 5576 2084 5660 Monum'entis

478 5651 863 5746 Burgundicis‘,
891 5651 1170 5746 pagA'16-‘l,
1209 5661 1300 5746 ubi
1336 5659 1511 5746 Willis
1533 5670 1711 5746 aurea
1741 5651 2078 5746 nominatur:

484 5739 548 5788 At
587 5718 641 5787 inn
691 5735 811 5800 ejus
837 5718 1290 5794 l'o'ciNChartario,
1327 5729 1484 5794 cujus
1526 5725 1738 5795 copiam
1787 5722 1921 5778 mihi
1955 5718 2083 5776 fecit

2138 3226 2349 3281 Patrem
2403 3223 2575 3295 pium,
2625 3226 2686 3275 ut
2741 3217 2845 3274 sibi
2874 3221 3142 3288 parceret.
3196 3211 3324 3266 Pius
3364 3215 3550 3264 autem
3601 3206 3751 3260 Pater

2139 3322 2260 3391 ejus
2291 3332 2660 3375 aerumnarum
2689 3313 2967 3378 misertus,
3001 3309 3200 3364 iterum
3233 3306 3504 3379 integram
3534 3300 3641 3356 sibi
3664 3315 3750 3354 re-

2140 3411 2397 3470 formavit
2433 3409 2775 3479 sospitatem.
2831 3403 2954 3474 Ipse
3015 3406 3197 3456 autem
3238 3393 3565 3468 aliquandiu
3611 3397 3753 3446 metu

2150 3503 2375 3576 quidem
2408 3498 2642 3573 periculi
2674 3494 2984 3568 superioris
3009 3507 3133 3548 sese
3163 3485 3459 3550 continuit,
3486 3483 3586 3540 sed
3620 3497 3752 3555 quo-

2152 3593 2298 3648 niam
2341 3589 2561 3645 fervens
2588 3583 2820 3640 libidine
2861 3581 3132 3654 pruritum
3170 3591 3284 3633 sua:
3321 3573 3505 3632 carnis
3555 3586 3753 3643 nequa-

2150 3701 2315 3758 quam
2337 3683 2566 3739 domare
2586 3677 2817 3744 curavit,
2845 3690 3034 3731 rursus
3052 3671 3297 3728 illicitam
3327 3667 3586 3729 incurrit,
3614 3679 3756 3720 com-

2152 3775 2493 3838 mistionem,
2516 3768 2613 3824 uni
2636 3766 2883 3838 turpium
2915 3760 3239 3820 commistus
3271 3756 3594 3825 mulierum,
3625 3751 3753 3810 obli-

2155 3873 2242 3921 tus
2278 3863 2500 3936 penitus
2530 3858 2732 3932 prioris
2764 3852 3118 3912 discriminis.
3152 3851 3504 3922 Quapropter
3535 3845 3758 3916 probro-

2155 3973 2276 4012 sum
2309 3957 2431 4025 ejus
2479 3951 2775 4008 admissum
2824 3946 2982 4004 velox
3033 3950 3332 4000 consecuta
3383 3945 3471 3996 est
3506 3937 3758 3999 vindicta,

2158 4050 2425 4107 redeunte
2465 4061 2629 4118 quam
2669 4042 2782 4111 jam
2813 4039 2902 4094 bis
2954 4040 3222 4101 evaserat,
3255 4032 3526 4088 damnosa
3553 4028 3760 4102 aegritu-

2158 4143 2308 4198 dine.
2333 4141 2484 4197 Idem
2511 4151 2644 4194 vero
2675 4135 2742 4190 ad
2772 4133 2876 4189 sibi
2901 4131 3014 4202 jam
3039 4129 3128 4184 bis
3154 4133 3439 4198 expertam
3480 4135 3758 4178 recurrens

2163 4232 2455 4290 medicinae
2494 4226 2796 4292 ofﬁcinam,
2823 4221 3017 4279 orabat
3045 4235 3168 4275 cum
3209 4215 3423 4292 gemitu
3453 4214 3628 4268 multo
3667 4210 3760 4265 sibi

2163 4323 2446 4384 subveniri
2475 4323 2678 4376 denuo.
2711 4317 2820 4372 Sed
2861 4315 3019 4369 Pater
3068 4308 3401 4367 Benedictus
3430 4305 3627 4361 volens
3655 4303 3762 4372 ejus

2165 4416 2471 4489 reprimere
2497 4409 2874 4472 stoliditatem,
2897 4402 3214 4459 nullatenus
3249 4398 3506 4470 integrae,
3525 4404 3588 4450 ut
3614 4409 3765 4465 supe-

2167 4510 2303 4576 rius,
2345 4507 2524 4578 ipsum
2549 4499 2786 4557 restituit
2818 4491 3209 4556 incolumitati,
3250 4489 3350 4544 sed
3394 4503 3461 4543 ex
3503 4492 3657 4558 parte
3691 4499 3768 4540 sa-

2169 4605 2320 4662 nato,
2355 4593 2550 4666 partim
2573 4589 2814 4646 debilem
2845 4600 2968 4642 esse
2996 4579 3265 4654 permisit,
3297 4583 3357 4632 ut
3384 4575 3475 4632 vel
3497 4575 3581 4630 sic
3608 4573 3768 4629 carnis

2170 4661 2407 4742 afﬂictus
2433 4681 2685 4743 verbere,
2716 4672 3034 4748 vigilantius
3063 4666 3370 4726 custodiam
3409 4679 3526 4720 suae
3558 4661 3768 4719 adhibe-

2173 4786 2256 4834 ret
2286 4775 2505 4832 animae.
2535 4766 2844 4826 Permansit
2872 4765 3060 4836 itaque
3091 4760 3162 4816 de
3201 4764 3402 4815 caetero
3434 4756 3493 4811 in
3530 4771 3598 4810 ea
3625 4769 3769 4827 quam

2174 4867 2449 4942 posterius
2470 4861 2776 4937 promeruit
2804 4857 3097 4929 sosriitate,
3117 4851 3337 4908 bacillis
3367 4848 3594 4905 duobus
3615 4847 3773 4902 minus

2175 4961 2356 5020 valida
2385 4956 2708 5014 suffulciens
2735 4951 3002 5017 membra,
3034 4953 3090 5003 et
3145 4943 3279 5018 quia
3334 4957 3552 5015 egenus
3581 4948 3711 5007 erat,
3729 4943 3772 4992 et

2177 5047 2491 5108 necessaria
2549 5045 2657 5100 sibi
2698 5054 2993 5114 procurare
3051 5051 3161 5092 non
3209 5032 3450 5097 valebat,
3493 5031 3774 5102 posuerunt

2177 5156 2302 5197 eum
2345 5138 2543 5193 fratres
2566 5148 2739 5189 unum
2769 5128 3013 5194 illorum,
3043 5139 3154 5198 quo
3183 5121 3567 5196 quotidianam
3597 5119 3772 5190 stipem

2181 5232 2390 5290 ibidem
2417 5227 2752 5299 suscipiunt,
2776 5236 2878 5294 pro
2915 5219 3094 5276 salute
3123 5212 3527 5272 benevolorum
3550 5209 3772 5284 ejusdem

2183 5431 2242 5487 V.
2279 5427 2352 5484 Cl,
2391 5423 2663 5482 Antonius
2692 5412 3145 5487 Herovallius,S.
3180 5410 3605 5487 Gratumnunum
3639 5419 3667 5459 e
3693 5416 3774 5480 pa.-

2184 5472 2355 5558 trbnis
2378 5471 2546 5554 fuisse
2574 5471 2824 5550 constat:
2850 5471 3001 5544 Nunc
3044 5471 3351 5558 decanatus
3394 5471 3775 5558 Cluniacensi-

2185 5543 2861 5630 'ﬁé?é?i"i"ii'i'iiiéiiiio”
2880 5543 2936 5614 in
2970 5559 3086 5613 Vita
3100 5553 3290 5630 sancti
3316 5550 3570 5630 Hugonis
3582 5543 3774 5630 abbatis

2186 5615 2582 5706 illuniabensis,
2624 5637 2677 5691 in
2738 5615 2982 5706 Historia~
3024 5615 3434 5706 episcoporum"
3472 5615 3775 5706 Autissiodu-

2186 5642 2582 5706 Cluniaeensis,
2624 5642 2677 5691 in
2739 5642 2981 5688 Historia.
3025 5642 3412 5750 episcoForum
3472 5642 3658 5676 Αηιιδδι

2184 5733 2358 5784 rens.,
2389 5730 2509 5786 cap.
2543 5711 2633 5779 49,
2665 5713 2720 5764 et
2749 5703 2893 5776 apud
2925 5701 3180 5758 Glabrum
3237 5696 3309 5751 ib.
3337 5711 3420 5762 ui,
3451 5709 3574 5764 cap.
3609 5690 3658 5744 2.
