3938 6206
214 288 359 344 1229
1377 279 1713 336 MIRACULA
1755 276 1984 333 SANCTI
2023 276 2144 332 BEN
2155 274 2391 331 EDICTI.
3404 278 3542 336 1230

214 417 320 474 loci
375 416 541 471 Porro
576 412 864 488 grabatum
911 410 1063 466 illius
1100 411 1156 464 in
1204 409 1339 465 turri
1384 408 1587 483 lignea,
1634 408 1687 461 in
1722 422 1829 478 qua
1856 409 1908 476 Α
1934 403 2030 474 qui
2069 400 2351 473 precibus,
2382 400 2490 455 nisi
2522 399 2737 471 aliquos
2778 398 3023 455 fidelium
3053 398 3229 471 ipsius
3259 400 3543 458 internun-

213 504 537 576 dependent
566 501 744 574 signa,
788 498 1216 571 suspenderunt,
1274 497 1369 552 ubi
1420 514 1519 569 per
1558 498 1720 571 longa
1774 495 1831 549 in
1936 498 2039 553 tios
2057 496 2307 562 haberet,
2332 493 2425 565 qui
2457 509 2609 549 suam
2633 493 2957 564 petitionem
2980 494 3264 565 acceptius
3293 511 3543 567 praesen-

211 597 634 650 monumentum
664 589 798 644 tanti
831 588 1069 660 prodigii
1103 587 1369 658 pependit
1402 592 1668 655 tempora.
1935 593 2133 653 tarent,
2166 584 2492 640 circumibat
2529 584 2824 639 multorum
2861 584 3154 639 memorias
3196 594 3539 654 sanctorum,

286 682 408 738 CAP.
438 682 565 737 XLI.
598 711 669 721 —
697 682 847 735 Muto
877 695 982 733 eoa:
1011 678 1250 732 reddita.
1285 676 1403 731 Alio
1443 690 1669 747 quoque
1700 680 1833 728 tem-
1935 685 1993 733 et
2048 690 2189 748 quos
2253 673 2679 746 propinquiores
2727 672 2831 744 ipsi
2888 672 3253 743 omnipotenti
3308 674 3541 731 Domino

214 792 351 848 pore
380 775 603 847 quidam
630 771 877 843 juvenis,
911 770 1005 842 qui
1063 786 1160 840 per
1214 769 1441 824 multum
1476 777 1693 837 tempus
1721 766 1832 819 lin-
1935 763 2261 822 clarioribus
2313 762 2432 818 fore
2483 761 2736 818 audierat
2797 761 3030 829 meritis,
3081 762 3375 819 advocatos
3433 764 3540 819 sibi

212 886 338 944 gnte
367 868 628 923 amiserat
659 864 926 931 officium,
968 878 1301 933 permanens
1347 866 1530 915 mutus
1574 858 1833 913 Patricia-
1933 858 2276 924 adsciscens,
2332 856 2578 912 crebrius
2618 856 2947 911 nominatim
2997 856 3111 910 suis
3160 857 3546 929 interpellabat

212 978 339 1017 cum
396 958 640 1025 advenit,
691 956 924 1027 cupiens
961 954 1074 1010 oris
1104 953 1286 1009 soluto
1334 952 1577 1014 vinculo,
1628 951 1832 1023 linguae
1933 952 2436 1010 obsecrationibus.
2480 950 2740 1006 Pluribus
2770 950 2938 1024 igitur
2973 951 3218 1006 excursis
3249 952 3404 1019 locis,
3444 955 3545 1009 sed

213 1069 331 1107 suae
356 1051 645 1122 plectrum,
670 1048 931 1103 amissum
964 1061 1249 1101 resumere
1276 1042 1520 1099 officium
1596 1043 1691 1098 Hic
1725 1058 1835 1097 una
1933 1041 2162 1096 minime
2205 1042 2380 1112 {quem
2425 1046 2801 1112 excptaverat,
2829 1040 3185 1096 miseratione
3233 1049 3543 1098 sanctorum

213 1141 454 1205 dierum,
506 1138 634 1193 dum
675 1136 890 1201 fratres,
938 1136 1073 1189 hora
1121 1133 1388 1189 invitante
1422 1147 1588 1198 nona,
1622 1131 1832 1201 persol-
1934 1149 2074 1206 quos
2112 1133 2438 1204 expetierat,
2478 1132 2746 1205 fulgorem
2775 1132 3063 1187 oculorum
3093 1131 3322 1201 lucrata,
3354 1134 3550 1189 adiens

215 1238 410 1287 vorent
465 1226 835 1298 omnipotenti
901 1224 1136 1280 Domino
1187 1222 1521 1294 psalmorum
1570 1236 1830 1292 pensum,
1934 1224 2314 1287 Patriciacum,
2362 1223 2521 1295 petiit
2551 1224 2764 1278 Patrem
2811 1230 3080 1287 sanctum,
3134 1240 3299 1296 quem
3357 1226 3550 1281 auditu

212 1322 392 1378 adfuit
422 1321 565 1375 inter
611 1335 707 1375 eos
747 1318 804 1372 in
834 1318 1004 1373 choro
1035 1315 1145 1369 illis
1183 1314 1576 1386 Psalleutibus;
1629 1330 1658 1368 8
1705 1312 1833 1384 (μιί-
1935 1328 2272 1395 cognoverat
2309 1319 2594 1375 clariﬁcari
2627 1318 2947 1375 assiduitate
2998 1319 3405 1376 miraculorum.
3444 1320 3549 1377 Cu-

214 1418 323 1474 bus
353 1417 421 1472 ad
449 1432 595 1471 aram
636 1430 815 1486 usque
846 1413 944 1468 Dei
975 1411 1267 1467 Genitricis
1311 1410 1633 1483 perductus,
1665 1408 1837 1465 astitit
1931 1413 2023 1483 jus
2053 1428 2361 1484 exposcens
2390 1412 2785 1483 patrocinium,
2833 1411 2962 1467 dum
3008 1411 3065 1467 in
3116 1412 3236 1481 ejus
3274 1414 3554 1469 assisteret

212 1523 420 1563 coram.
481 1505 737 1561 Fundens
788 1504 977 1574 itaque
1014 1500 1277 1557 attentius
1326 1500 1515 1566 corde,
1572 1498 1835 1571 quoniam
1937 1506 2203 1573 oratorio,
2234 1505 2623 1577 interpellabat
2650 1504 2830 1575 ipsum
2862 1504 3029 1561 corde
3059 1505 3258 1561 devoto
3277 1513 3553 1578 quatenus

215 1597 534 1653 nullatenus
573 1600 789 1666 poterat
840 1608 957 1657 ore,
1009 1607 1236 1663 precum
1293 1606 1514 1646 suarum
1570 1587 1836 1643 Salvatori
1937 1593 2058 1663 ejus
2109 1593 2424 1649 interventu
2466 1593 2758 1649 reaccendi
2798 1600 3149 1650 mererentur
3196 1594 3405 1650 lumina
3434 1611 3555 1665 ejus

212 1686 448 1743 Domino
474 1690 619 1750 νοῑει,
676 1682 1006 1755 precabatur
1058 1682 1166 1737 Sibi
1224 1678 1478 1735 misereri
1531 1694 1632 1750 per
1666 1677 1838 1732 Patris
1866 1701 2170 1800 Bmunere
2198 1686 2406 1742 divino.
2444 1686 2700 1741 Pulsatus
2741 1702 2873 1758 ergo
2903 1687 3167 1743 Dominus
3203 1688 3556 1758 omnipotens

221 1778 502 1800 n__A.I:-.:
545 1775 736 1800 ...η-ξ.-
818 1774 1059 1800 ..ἰὴν--..η
1108 1772 1208 1800 Lm:
1267 1772 1496 1800 πλη-...ξηιλ
1527 1785 1678 1800 annm
1715 1784 1833 1800 nm,
1941 1775 2117 1800 :....:....
2200 1775 2372 1800 Ῑὶ..ι-ζ..
2448 1775 2706 1800 ...υυάιηυι
2788 1777 3062 1800 ---_--_I:_-:.
3124 1778 3548 1800 _--n__l-.:-_-__

220 1778 507 1835 Benedicti
545 1775 761 1842 merita,
816 1774 1063 1849 allegans
1108 1772 1213 1845 ipsi
1267 1772 1498 1828 Domino
1527 1785 1681 1825 suam
1714 1784 1836 1824 ονε·
1866 1772 2119 1846 “ipsius
2200 1775 2374 1830 Patris
2448 1775 2708 1846 precibus
2784 1777 3065 1833 exaudivit
3124 1778 3553 1849 postulationem

218 1870 429 1924 tionem
470 1882 570 1939 per
596 1865 853 1921 eumdem
892 1864 1132 1933 Patrem,
1178 1878 1343 1935 quem
1394 1858 1690 1931 exoptabat
1718 1856 1838 1913 ﬁeri
1939 1865 2315 1937 pauperculae,
2372 1865 2683 1921 accendens
2736 1866 2857 1936 ejus
2893 1866 3135 1938 pupillas
3172 1866 3419 1924 redivivo
3467 1867 3556 1923 lu-

221 1977 322 2034 pro
376 1976 437 2016 se
492 1960 941 2025 intercessorem,
986 1957 1146 2026 cujus
1193 1970 1356 2027 quam
1404 1951 1669 2008 citissime
1710 1965 1841 2021 per-
1940 1955 2113 2023 mine,
2154 1954 2511 2027 expulsisque
2554 1954 2819 2011 caecitatis
2869 1954 3103 2022 umbris,
3136 1955 3414 2013 concessit
3446 1956 3554 2011 sibi

218 2049 402 2107 sensit
427 2064 590 2121 quam
614 2046 851 2102 ﬁdeliter
876 2044 1181 2117 expetierat
1210 2057 1394 2114 opem.
1423 2040 1670 2112 Denique
1691 2039 1838 2094 clau-
1943 2049 2146 2106 ίηιιιειιί
2192 2049 2339 2105 clare
2398 2048 2668 2124 fulgorem
2713 2048 2988 2105 rutilantis
3034 2048 3244 2105 Ριιωδί,
3282 2047 3411 2113 Quae
3443 2049 3553 2104 im-

220 2143 352 2199 stris
380 2141 492 2198 oris
517 2140 638 2211 ejus
665 2137 972 2211 patefactis,
1001 2142 1272 2192 attentare
1301 2133 1468 2205 coepit
1501 2133 1623 2202 ejus
1655 2131 1844 2204 lingua
1943 2138 2172 2210 pensius
2201 2138 2500 2194 exhilarata
2532 2138 2602 2194 de
2630 2138 2733 2193 sibi
2767 2137 3035 2194 restitutis
3070 2137 3380 2206 obtutibus,
3410 2138 3557 2193 haud

223 2254 324 2309 per
348 2235 526 2292 ﬂexus
544 2234 729 2292 varios
758 2232 1085 2307 recolligere
1106 2229 1401 2302 perplexos
1432 2225 1696 2299 loquendi
1717 2239 1843 2281 mo-
1945 2229 2102 2286 facile
2132 2237 2217 2285 est
2268 2229 2562 2300 explanare
2600 2236 2807 2302 quanta
2836 2229 3005 2285 animi
3053 2228 3337 2285 alacritate
3368 2245 3553 2285 rerum

224 2328 349 2393 dos,
407 2332 462 2381 et.
515 2340 638 2396 quae
669 2321 981 2378 diutissime
1024 2320 1081 2375 in
1122 2319 1370 2375 dentium
1408 2316 1664 2387 sepulcro
1695 2313 1845 2370 velut
1943 2322 2189 2378 omnium
2257 2320 2535 2377 Conditori
2599 2321 2791 2377 laudes
2834 2320 3153 2376 laetabunda
3206 2320 3556 2392 persolverit.

228 2422 483 2473 emortua
523 2416 792 2488 iacuerat,
853 2411 1100 2468 τεάίνίνο
1150 2424 1407 2466 sermone
1447 2406 1605 2481 quaSl
1662 2403 1843 2477 ΡυῙῙιι·
1946 2412 2120 2467 Patris
2152 2420 2336 2467 autem
2368 2409 2689 2478 Benedicto,
2721 2426 2822 2481 per
2858 2425 3019 2481 quem
3054 2415 3204 2465 tanta
3236 2425 3560 2481 promerue-

226 2508 402 2565 lantia
457 2508 696 2579 Primum
751 2503 1023 2579 germina,
1065 2502 1241 2574 Pl‘ima
1291 2500 1462 2557 verba
1510 2495 1845 2571 ῐποῖθνθῐιάο
1950 2512 2031 2561 rat
2059 2502 2355 2571 beneficia,
2388 2502 2586 2559 diebus
2612 2502 2738 2559 vitae
2768 2519 2880 2559 sum
2902 2503 3165 2561 omnibus
3185 2504 3393 2561 exstitit
3422 2503 3559 2560 ﬁde-

230 2599 585 2672 personabat.
621 2598 867 2653 Incertus
896 2595 986 2651 hic
1007 2593 1271 2649 nimirum
1304 2591 1516 2663 aliquot
1549 2587 1848 2646 momentis
1949 2596 2017 2652 lis
2050 2595 2275 2651 famula,
3099 2610 3107 2619 ι

232 2691 448 2748 exstitit
475 2698 658 2746 utrum
690 2704 922 2745 munere
961 2686 1065 2743 sibi
1118 2684 1436 2757 nuperrime
1490 2682 1757 2739 attributo
1788 2680 1851 2734 li-
2026 2684 2149 2741 ΟΜ».
2177 2684 2356 2739 XLIII.
2412 2714 2480 2724 —
2509 2686 2704 2741 Mentis
2747 2688 2901 2756 inops
2955 2690 3194 2742 curatus.
3254 2688 3394 2744 Vino
3446 2688 3567 2743 tota;

234 2791 389 2841 ceret
416 2782 521 2838 frui
563 2780 806 2849 assiduo,
838 2779 1016 2836 donec
1045 2778 1164 2850 ipsa
1204 2774 1546 2848 experientia
1584 2771 1854 2829 addidicit
1955 2782 2221 2851 reliquiae.
2282 2778 2513 2844 Quidam
2571 2778 2839 2834 nobilium
2869 2820 2884 2844 ,
2935 2779 3239 2836 Gaufredus
3289 2780 3519 2837 nomine
3550 2823 3565 2848 ,

236 2891 361 2932 sese
412 2872 657 2946 perfecte
705 2887 865 2927 usum
910 2870 1146 2943 loquelae
1187 2868 1482 2941 recepisse.
1525 2864 1859 2937 Tripudians
1959 2880 2273 2948 [impotens
2296 2874 2398 2942 vir,
2440 2874 2699 2930 dominus
2732 2873 2895 2929 castri
2928 2875 3075 2947 quod
3108 2875 3436 2933 Sinemurus
3462 2876 3571 2948 (32)

237 2972 425 3021 ullle
457 2962 528 3017 de
570 2970 680 3017 tam
710 2961 862 3033 ιεινςθ
891 2960 948 3014 in
1000 2975 1059 3014 se
1092 2964 1317 3015 ostensa
1374 2956 1546 3012 Ρθίτίε
1574 2951 1858 3009 Benedic“
1959 2970 2203 3032 vocatur,
2240 2963 2409 3018 nimia
2443 2963 2639 3035 capitis
2675 2963 2992 3019 infirmitate
3023 2979 3341 3036 oppressus,
3368 2967 3573 3022 mentis

246 3055 653 3125 muniﬁcentia,
686 3055 946 3111 talionem
986 3070 1153 3126 quem
1190 3052 1360 3108 valuit
1397 3054 1676 3127 gratanter
1704 3046 1860 3104 retri-
1899 3106 1939 3127 η
1969 3055 2132 3126 inops
2157 3051 2404 3122 eﬁ‘ectus,
2455 3058 2623 3109 totam
2653 3051 2900 3108 funditus
2936 3053 3179 3124 perdidit
3223 3055 3568 3112 memoriam,

240 3150 416 3204 buere
440 3144 673 3200 minime
705 3142 935 3199 distulil-
968 3141 1221 3213 Quipppe
1239 3148 1521 3197 corruerat
1544 3154 1671 3211 Pars
1695 3135 1867 3192 maXi-
1892 3135 1942 3175 υ
1972 3144 2126 3202 Unde
2177 3142 2360 3201 omnis
2388 3142 2511 3212 ejus
2537 3142 2815 3211 clientela,
2857 3159 2979 3215 qua:
3011 3144 3069 3198 in
3118 3143 3389 3217 obsequio
3430 3145 3580 3201 illius

241 3253 336 3292 ma
380 3232 674 3290 testudinis
702 3231 934 3304 lapidem
965 3231 1139 3302 ipsius
1163 3229 1415 3286 ecclesiae
1446 3245 1479 3283 a
1508 3234 1663 3300 parte
1706 3225 1867 3298 aqui-
1968 3251 2079 3292 non
2120 3249 2295 3307 pauca
2347 3233 2717 3305 deserviebat,
2761 3242 2947 3289 mente
3007 3240 3358 3291 consternata
3411 3251 3582 3307 super

245 3328 445 3395 lOuali,
475 3326 634 3398 cuius
668 3324 1052 3393 fundamento;
1116 3323 1379 3395 quoniam
1430 3321 1617 3377 minus
1650 3317 1869 3376 Γοδοτίδ
1970 3347 2072 3388 suo
2111 3329 2360 3399 domino,
2396 3330 2688 3402 questibus
2730 3336 2785 3385 et
2820 3330 3077 3387 lamentis
3114 3347 3313 3405 expers
3340 3332 3584 3400 consilii,

249 3419 546 3483 habuerat,
589 3415 807 3488 penitus
840 3421 1016 3480 eruto,
1051 3422 1371 3470 construere
1405 3412 1619 3468 ﬁrmius
1650 3410 1862 3472 fratres,
1900 3426 1901 3429 η
1972 3435 2191 3477 omnem
2210 3435 2363 3474 suam
2395 3419 2751 3490 impendebat
2773 3435 3018 3490 operam,
3053 3421 3268 3494 Quique
3296 3423 3460 3479 eiiam
3482 3422 3585 3478 viri

252 3518 316 3568 ut
362 3510 553 3565 eadem
582 3507 802 3563 testudo
833 3505 1135 3562 robustiori
1172 3504 1525 3577 superposita
1568 3500 1876 3558 fundamini
1980 3509 2244 3575 illustres,
2278 3506 2371 3578 qui
2416 3522 2515 3561 seu
2556 3504 2847 3573 afﬁnitate,
2889 3524 2989 3563 seu
3033 3511 3294 3577 amicitia,
3343 3528 3443 3567 seu
3494 3511 3592 3566 be.

256 3599 471 3655 firmior
530 3596 689 3662 foret,
742 3594 1118 3650 instituerunt.
1178 3595 1235 3648 In
1292 3593 1451 3662 cujus
1501 3590 1721 3647 aediﬁcii
1753 3604 1882 3647 con-
1984 3597 2184 3655 neﬁcio
2214 3598 2323 3653 sibi
2367 3597 2614 3667 adjuncti
2661 3597 3011 3663 videbantur,
3073 3616 3241 3672 super
3270 3602 3374 3657 hoc
3412 3601 3592 3672 ipsius

256 3691 566 3749 structione
597 3689 746 3743 idem
772 3686 996 3757 juvenis
1020 3692 1283 3742 Strenuus
1308 3684 1536 3741 εθάυιιιε
1563 3697 1884 3754 Ρθΐεθνθτθ-
1986 3688 2296 3747 infortunio
2348 3688 2507 3744 valde
2538 3687 2752 3756 afﬂicti,
2803 3704 2912 3745 non
2942 3689 3174 3745 minima
3203 3692 3598 3747 detinebantur

257 3782 338 3840 vit
375 3779 689 3852 cperarius,
721 3776 971 3849 quandiu
1010 3775 1080 3831 ad
1128 3776 1355 3848 plenum
1383 3782 1812 3831 consummaret!

2041 3782 2173 3839 )rdis
2218 3781 2492 3857 angustia.
2568 3780 2856 3837 Communi
2910 3781 3077 3855 igitur
3143 3782 3376 3839 consilio
3434 3783 3596 3855 inito,

263 3874 397 3929 Nam
427 3868 778 3942 postmodum
809 3868 1105 3942 gratiarum
1147 3867 1365 3923 actione
1396 3866 1542 3921 Patri
1589 3863 1884 3920 Benedicto
1986 3876 2293 3929 statuerunt
2344 3869 2552 3925 debere
2595 3885 2720 3925 eum
2765 3869 3007 3925 invisere
3049 3871 3449 3942 praecipuorum
3481 3887 3603 3927 me-

268 3960 487 4018 reddita
545 3965 601 4014 et
652 3972 684 4011 a
719 3956 981 4012 fratribus
1029 3954 1252 4012 licentia
1301 3962 1550 4027 accepta,
1605 3950 1889 4026 repedavit
1994 3960 2198 4016 inci-ias
2234 3965 2570 4024 sanctorum,
2626 3959 2863 4030 apostoli
2912 3958 3171 4016 videlicet
3200 3960 3345 4015 pen-3
3382 3961 3441 4016 in
3480 3959 3604 4016 Clu-

272 4070 448 4112 ovans
473 4052 542 4108 ad
572 4051 815 4123 propria.
1998 4052 2159 4109 niaco
2189 4049 2465 4117 cmuobio,
2497 4048 2645 4105 beati
2674 4049 2915 4106 Filiberti
2960 4050 3108 4121 apud
3134 4051 3445 4107 Turnucum
3470 4050 3604 4122 (33),

350 4144 475 4200 Car.
509 4142 665 4197 XLII.
692 4171 763 4182 —
796 4142 958 4198 Cascae
995 4142 1096 4196 tua:
1128 4139 1369 4196 reddita.
1406 4138 1663 4206 Quaedam
1690 4136 1893 4209 puella,

2052 4166 2059 4204 '.
2123 4146 2354 4203 aliorum
2398 4152 2737 4214 sanctorum,
2791 4160 3025 4217 quorum
3079 4146 3307 4202 nomina
3344 4145 3607 4200 latissime

281 4239 532 4295 habitum
568 4235 875 4307 privatione
899 4235 1253 4302 excludente,
1284 4234 1495 4291 orbatis
1525 4232 1778 4304 utrisque
1814 4230 1900 4285 lu-
1998 4237 2341 4311 fulgentibus
2372 4235 2727 4309 divulgantur
2745 4236 2958 4291 meritis
2982 4237 3041 4292 in
3068 4236 3161 4291 illa
3184 4235 3427 4311 regione.
3455 4234 3609 4299 Quod

281 4326 526 4384 minibus
554 4339 699 4380 caeca
728 4322 870 4378 facta
922 4321 1119 4391 fuerat,
1151 4329 1205 4378 et
1250 4331 1311 4377 IlI.
1367 4330 1450 4378 est
1480 4317 1900 4377 consuetudinis
1999 4336 2283 4396 statutum,
2343 4344 2466 4384 cum
2524 4342 2724 4403 magno
2776 4335 3041 4400 apparatu
3097 4327 3346 4384 certatim
3392 4325 3612 4397 explere

284 4416 493 4474 lumine
515 4414 648 4471 solis
671 4415 836 4485 hujus
875 4414 1103 4486 privatis
1140 4412 1432 4470 vivacioris
1470 4411 1680 4485 ingenii
1714 4412 1899 4466 lumen
1930 4469 1978 4490 η
2001 4419 2326 4476 adoriuntur
2364 4417 2554 4473 famuli
2593 4416 2761 4472 illius,
2812 4417 3065 4490 Denique
3103 4416 3253 4472 haud
3276 4413 3614 4486 contempti-

286 4515 503 4566 mentes
532 4522 723 4563 eorum
777 4506 979 4562 clarius
1006 4505 1293 4574 irradiare,
1335 4521 1457 4578 qua?
1500 4504 1684 4559 minus
1702 4502 1802 4559 ade
1834 4501 1903 4558 ti-
1929 4501 1981 4537 υ
2001 4510 2099 4567 bili
2138 4508 2568 4580 obsequentium
2622 4506 2914 4562 comitatus
2963 4506 3258 4575 famulitio,
3306 4503 3619 4580 peragravit

288 4615 447 4658 more
495 4598 892 4670 omnipotentis
920 4597 1137 4653 Domini
1181 4605 1354 4664 recto,
1391 4595 1570 4652 aetatis
1597 4593 1899 4651 mediocri-
2002 4617 2327 4678 magnorum
2357 4601 2478 4656 loca
2500 4606 2834 4655 sanctorum.
2871 4598 2973 4663 Qui
2993 4599 3099 4656 hoc
3129 4613 3272 4670 opus
3299 4596 3619 4655 venerando

291 4700 404 4750 tate
440 4690 781 4763 impediente
815 4689 1105 4758 habuerat,
1136 4689 1307 4760 coepit
1339 4704 1459 4744 esse
1490 4688 1749 4743 timorata
1777 4702 1846 4741 an

2070 4703 2354 4755 servantes
2390 4694 2557 4759 Patri,
2589 4694 2905 4751 nullatenus
2952 4695 3246 4751 voluerunt
3275 4709 3402 4748 eum
3432 4692 3622 4763 pristi-

289 4783 460 4856 plius,
495 4786 549 4835 et
603 4780 661 4835 in
693 4779 869 4850 ipsius
895 4793 1082 4834 amore
1134 4778 1351 4834 Domini
1386 4776 1707 4845 ferventior,
1762 4782 1818 4831 et

2069 4804 2094 4843 e
2117 4785 2412 4842 restituere
2442 4783 2715 4855 sospitati.
2749 4784 2889 4859 Ergo
2934 4783 3158 4839 tandem
3186 4780 3482 4848 recordati,
3528 4780 3624 4853 qui

291 4879 475 4936 solent
500 4878 751 4947 corporis
805 4873 1013 4950 gravati
1057 4874 1344 4931 debilitate
1397 4871 1736 4929 robustiores
1791 4870 1909 4927 fore
2013 4893 2138 4933 eum
2179 4874 2500 4941 ductabant,
2541 4887 2804 4948 magnum
2834 4872 3048 4927 Patrem
3096 4887 3296 4945 magna
3323 4871 3475 4943 apud
3517 4870 3626 4926 Pa-

296 4978 503 5027 mente.
540 4967 842 5024 Sollicitior
871 4966 1011 5023 facta
1037 4966 1106 5022 ad
1146 4965 1357 5023 Domini
1385 4965 1614 5028 cultum,
1647 4963 1913 5034 frequen-
2020 4965 2304 5023 triciacum
2367 4962 2549 5020 solere
2601 4962 2842 5034 operari,
2894 4961 3025 5018 illuc
3066 4977 3315 5036 gressum
3361 4960 3629 5035 dirigunt.

299 5066 453 5122 tabat
481 5063 796 5129 ecclesiam,
819 5068 1019 5134 petens
1038 5061 1160 5134 ejus
1186 5059 1523 5116 indefessam
1542 5056 1918 5125 clementiam,
2023 5059 2170 5124 Quos
2192 5057 2556 5114 adventantes
2581 5071 2707 5112 cum
2734 5069 2838 5111 suo
2869 5054 3116 5123 domino,
3157 5054 3215 5109 in
3242 5053 3408 5110 domo
3439 5052 3633 5124 hospi-

303 5165 581 5233 quatenus
619 5158 797 5230 ipsius
831 5172 1103 5214 aerumnas
1132 5155 1378 5213 relevare
1409 5155 1751 5228 dignaretur.
1793 5152 1923 5207 Per-
2025 5158 2139 5204 tum
2196 5145 2506 5217 suscipiunt
2540 5143 2757 5212 fratres,
2813 5149 2869 5199 et
2930 5149 2992 5198 ut
3047 5142 3196 5199 idem
3244 5141 3406 5199 Pater
3458 5141 3639 5215 inquit

307 5252 565 5325 pendens
585 5266 717 5308 vero
747 5251 941 5307 seseid
968 5251 1285 5308 nullatenus
1312 5264 1477 5321 posse
1506 5245 1747 5319 propriis
1774 5259 1924 5300 asse-
2026 5243 2179 5310 (Reg.
2205 5239 2265 5295 S.
2295 5236 2488 5293 Bened.
2519 5253 2641 5309 cap.
2684 5236 2815 5309 53);
2858 5251 2985 5291 nam
3026 5234 3258 5293 divitum
3300 5241 3478 5292 terror
3520 5235 3640 5305 ipse

389 5446 502 5517 (32)
532 5447 741 5517 Duplex
762 5453 846 5502 est
865 5462 932 5503 eo
961 5447 1185 5504 nomine
1201 5449 1442 5502 castrum
1470 5458 1567 5517 seu
1591 5440 1856 5517 oppidum
1872 5439 1928 5494 in
2032 5435 2215 5517 locus:
2262 5504 2301 5517 η
2786 5500 2824 5517 Μ
2976 5500 3010 5517 ι,
3207 5499 3315 5517 mm
3470 5507 3477 5513 _

320 5494 868 5593 Bu‘rgtindii-unnm
903 5494 1420 5593 ἲρῦειεοἏέἒηέίο
1449 5494 1833 5593 {suam
1867 5526 1930 5593 me
2103 5506 2221 5593 (3?)
2262 5504 2577 5593 τυτηξιςιυη
2631 5518 2728 5593 θεῖα
2763 5494 3648 5593 ,τοηουιίυιῐπέε,εῗοιέῖῑίἒπέτηήἓξὶῗ

320 5568 1750 5656 155366333'Kriﬁéniibﬁéiiﬂiﬁéicﬁﬁn;Klter-inm
1784 5582 1930 5656 haud
2033 5568 2277 5656 gaudiis
2302 5574 2593 5656 Oppidum.
2625 5570 3242 5656 {trarimmabbatia
3280 5568 3648 5656 illus‘tratufu,

324 5635 604 5732 ﬁniat}
2033 5635 2596 5732 quodela‘taesancti
2641 5635 3171 5732 Ifilibertnireliquize
3226 5640 3384 5708 cujus
3414 5635 3649 5692 transla—

325 5679 520 5732 procur
573 5679 604 5714 a
643 5679 820 5732 Ligeri
858 5679 920 5716 su
967 5679 1025 5717 ra
1057 5679 1439 5724 ratncnacum,
1490 5679 1789 5715 vernacure
1841 5679 1935 5710 ot:-
2037 5679 2170 5729 quv_
2194 5679 2596 5728 uctawcpulwu
2641 5679 2892 5726 {unum}:
2925 5679 2937 5698 ι

325 5748 451 5789 mur
478 5746 543 5787 en
571 5732 875 5800 Briennoz's,
910 5679 980 5788 die
1018 5748 1129 5803 quo
1157 5728 1554 5805 intelligendus
1602 5728 1819 5783 videtur
1848 5725 1938 5780 hic
2038 5726 2206 5776 tionis
2234 5718 2457 5775 historia
2488 5732 2742 5786 superius
2770 5715 2937 5771 edita.
