3938 6206
388 212 522 267 1231

1391 210 1673 266 RABULFI
1714 207 2026 265 TORTARII
2068 207 2357 263 MONACIII
2400 207 2700 265 FLORIAC.

3579 216 3709 274 1232

386 344 491 400 sibi
521 343 695 418 exigit
723 343 1011 399 honorem.
1043 340 1351 397 Honorifice
1375 358 1475 412 per
1497 349 1605 396 tres
1630 340 1741 395 fere
1773 339 1997 395 bebdo-
2025 342 2074 410 Α
2104 343 2426 407 occupatus,
2482 335 2642 391 aliter
2695 334 2915 410 agebat.
2960 336 3219 408 Lychnus
3271 354 3406 415 ergo
3436 338 3534 396 ille
3559 356 3713 412 quem

387 434 579 489 madas
617 431 821 505 quibus
849 432 997 503 apud
1044 446 1142 486 eos
1195 430 1416 497 mansit,
1458 446 1581 485 cum
1623 430 1740 484 suis
1786 436 1869 484 est
1896 430 1998 484 ha-

388 527 555 582 bitus.
614 525 900 597 Siquidem
952 532 1065 579 toto
1098 523 1191 579 illo
1222 539 1334 595 quo
1375 539 1496 577 cum
1531 523 1611 576 eis
1643 522 1834 596 deguit
1859 530 1998 576 tem-

389 632 547 687 pore,
604 614 856 670 oratione
913 629 1011 684 pro
1049 629 1117 668 eo
1163 612 1371 667 directa
1411 613 1475 666 ad
1529 629 1690 666 aures
1740 612 1994 683 omnipo-

387 708 558 764 tentis
610 706 853 768 Domini,
914 705 1194 777 sacrisque
1256 704 1582 780 pignoribus
1634 704 1763 759 lotis
1823 720 1994 770 mero,

388 802 609 874 sibique
648 802 705 856 in
744 810 876 873 potu
908 801 1058 865 dato,
1090 799 1333 854 obtinuit
1362 798 1595 853 salutem
1625 814 1786 869 quam
1821 814 1998 867 expe-

389 890 569 947 tierat.
620 891 735 956 Qua
762 890 830 944 de
870 906 928 944 re
972 888 1179 962 gratias
1217 902 1389 960 agens
1439 886 1685 942 omnium
1721 886 1999 941 Conditori

389 980 644 1052 Patrique
676 978 993 1044 Benedicto,
1036 993 1134 1048 per
1172 993 1334 1048 quem
1366 985 1641 1031 meruerat
1664 976 1866 1041 sanari,
1905 992 1999 1030 re-

387 1089 582 1130 versus
615 1079 698 1127 est
739 1087 910 1127 ovans
932 1071 1000 1125 ad
1031 1086 1149 1137 sua,
1206 1070 1721 1144 congratulantibus
1752 1068 1857 1123 sibi
1888 1069 2002 1123 suis

388 1161 647 1219 omnibus
668 1160 976 1217 benevolis.

455 1251 579 1306 CAP.
606 1250 779 1305 XLIV.
802 1281 873 1290 —
897 1251 1292 1305 Translationis
1313 1250 1612 1304 celebritas.
1646 1250 1794 1305 Ccrei
1807 1248 1995 1303 oblati.

386 1342 714 1398 Ornamenta
748 1341 979 1409 ﬂammis
1016 1341 1241 1393 intacta.
1291 1336 1799 1421 TranslatioPatris
1848 1337 1998 1405 ejus-

385 1434 513 1487 dem
544 1431 827 1505 agebatur,
882 1447 1005 1503 quai
1052 1432 1256 1487 aestatis
1300 1439 1571 1500 tempore,
1625 1446 1724 1499 per
1776 1444 1997 1484 omnem

386 1525 611 1580 Galliam
654 1525 888 1600 singulis
917 1523 1231 1587 celebratur
1259 1524 1436 1578 annis.
1490 1522 1581 1576 Est
1619 1530 1799 1576 autem
1834 1521 2001 1575 moris

385 1632 600 1683 eorum,
641 1618 736 1689 qui
768 1617 838 1672 de
869 1616 1076 1672 familia
1102 1616 1275 1671 Patris
1300 1615 1617 1690 progeniem
1651 1630 1772 1668 sese
1796 1614 1998 1669 ducere

382 1707 749 1780 gratulantur,
786 1721 1191 1778 quemcumque
1220 1706 1397 1760 locum
1435 1704 1733 1758 Patriciaco
1754 1702 1996 1757 vicinum

385 1798 649 1864 incolant,
704 1798 772 1853 ad
812 1798 960 1853 idem
1020 1797 1213 1852 festum
1283 1812 1594 1857 occurrere,
1665 1801 1719 1849 et
1766 1795 1996 1865 lychnos

384 1904 525 1959 quos
543 1904 728 1943 coram
781 1889 934 1942 altari
967 1888 1053 1943 sui
1094 1888 1400 1943 accendant
1440 1887 1673 1954 domini,
1713 1886 1784 1941 ob
1826 1887 1995 1940 devo-

386 1985 591 2039 tionem
623 1983 836 2039 afferre.
874 1984 1022 2038 Inter
1048 1983 1290 2053 reliquos
1322 1983 1510 2057 igitur,
1537 1983 1756 2053 quidam
1781 1997 1997 2045 eorum,

386 2076 688 2131 Rotbertus
741 2075 986 2141 nomine,
1042 2074 1223 2130 incola
1298 2075 1461 2129 castri
1529 2075 1680 2146 quod
1734 2073 1997 2128 Luciacus

383 2174 631 2235 vocatur,
660 2167 851 2222 venire
909 2166 1194 2233 festinans,
1256 2167 1402 2222 haud
1453 2167 1778 2238 spernendm
1823 2182 1998 2237 quan-

385 2262 554 2317 titatis
583 2262 865 2334 lychnum,
920 2261 1005 2317 sui
1056 2260 1308 2317 affectum
1355 2261 1525 2317 animi
1579 2277 1709 2335 erga
1740 2261 1995 2316 eumdem

383 2357 596 2412 Patrem
625 2356 934 2427 declarans,
974 2356 1192 2413 obtulit.
1218 2357 1388 2422 Quam
1425 2356 1478 2411 in
1508 2356 1697 2429 vigilia
1726 2355 1995 2412 solemni-

382 2452 510 2507 tatis
539 2452 842 2508 accendere
868 2452 1095 2520 faciens,
1156 2452 1366 2527 rogavit
1405 2452 1640 2508 aedituos
1680 2468 1847 2507 sacrm
1887 2452 1992 2507 ba~

380 2544 571 2612 silicea,
611 2551 886 2616 quatenus
938 2561 1037 2616 per
1092 2552 1264 2601 totum
1315 2545 1437 2600 festi
1494 2544 1640 2600 diem
1688 2561 1822 2599 suus
1885 2560 1995 2599 non

379 2634 825 2709 exstingueretur
871 2635 1126 2706 lychnus,
1179 2634 1300 2701 sed,
1373 2634 1791 2690 coruscantibus
1845 2632 1999 2688 ﬂam-

380 2722 507 2788 mis,
547 2722 605 2776 in
633 2738 877 2795 sequens
912 2723 1234 2794 perduraret
1259 2738 1442 2779 mane.
1477 2722 1631 2788 Quod
1662 2722 1876 2794 absque
1897 2722 1996 2777 dif-

380 2808 621 2867 ficultate
651 2811 798 2883 apud
828 2828 925 2867 eos
959 2812 1221 2868 obtinuit.
1254 2812 1394 2885 Ergo
1425 2827 1690 2867 accensus
1719 2828 1842 2866 cum
1869 2810 1993 2865 aliis

378 2900 801 2972 quampluribus
829 2918 859 2956 a
889 2901 1093 2957 diversi
1132 2917 1296 2956 sexus
1326 2900 1579 2973 personis
1609 2900 1797 2955 itidem
1828 2900 1991 2956 obla-

2095 423 2249 491 juxta
2293 440 2442 478 aram
2506 424 2599 478 Dei
2664 424 2954 481 Genitricis
3005 428 3247 496 positum
3294 426 3412 483 fore
3462 427 3711 495 diximus,

2098 530 2266 584 super
2296 515 2548 569 eamdem
2591 516 2835 571 concidit
2862 532 3037 583 aram,
3081 518 3287 573 aestatis
3317 527 3571 590 tempore
3600 535 3714 575 cera

2097 608 2339 663 emollita
2365 626 2379 674 ;
2412 625 2504 663 ara
2534 616 2720 664 autem
2744 610 2883 681 ipsa.
2919 611 2991 666 ob
3020 610 3166 667 diem
3198 612 3505 668 solemnem
3527 613 3715 669 cultio-

2100 696 2255 751 ribus
2304 698 2442 753 velis
2475 700 2656 753 velata
2684 705 2819 754 erat.
2875 700 3066 771 Itaque
3123 700 3219 756 illo
3276 708 3391 757 toto
3443 717 3710 758 morarum

2102 791 2304 861 spatio,
2349 808 2459 863 quo
2519 791 2717 847 fratres
2781 792 2851 847 ad
2918 794 3306 865 prandendum
3374 796 3711 865 resederunt,

2102 883 2337 955 lychnus
2369 886 2464 941 ille
2497 886 2921 942 coruscantibus
2947 887 3186 944 ﬂammis
3202 906 3374 961 super
3390 907 3543 946 aram
3573 893 3711 958 arsit,

2105 977 2566 1046 permanentibus
2624 979 2810 1033 illzesis
2840 979 3042 1051 quibus
3067 982 3335 1053 adoperta
3379 982 3560 1039 fuerat
3591 999 3713 1056 Ope-

2102 1070 2371 1139 rimentis,
2425 1072 2677 1147 vestigiis
2731 1072 2997 1129 duntaxat
3052 1076 3453 1147 apparentibus
3496 1077 3711 1133 cineris.

2103 1158 2273 1231 Igitur
2298 1160 2481 1229 pransi
2515 1160 2708 1216 fratres
2739 1162 3030 1217 ecclesiam
3078 1170 3275 1235 petunt
3327 1167 3462 1235 (35),
3523 1167 3713 1241 gratia-

2102 1269 2218 1307 rum
2242 1255 2489 1310 actiones
2512 1255 2878 1327 omnipotenti
2902 1257 3134 1312 Domino
3156 1259 3562 1329 persolventes.
3592 1261 3711 1315 Cer-

2102 1348 2297 1397 nentes
2326 1359 2456 1398 vero
2479 1343 2736 1414 lychnum
2784 1344 2838 1398 in
2865 1344 3042 1411 altari,
3076 1354 3392 1414 accurrunt,
3431 1347 3715 1418 opinantes

2102 1430 2287 1485 omnia
2334 1430 2505 1485 lintea
2546 1431 2692 1486 illius
2741 1430 2872 1502 igne
2911 1441 3259 1507 consumpta.
3308 1433 3714 1506 Comperientes

2103 1527 2284 1575 autem
2318 1520 2435 1577 fore
2469 1522 2628 1593 [esse]
2664 1538 2729 1577 ea
2771 1523 2959 1588 illaesa,
3004 1525 3207 1598 gratias
3253 1525 3506 1582 referunt
3542 1528 3714 1583 omni-

2103 1613 2312 1681 potenti
2365 1613 2618 1679 Domino,
2651 1614 2746 1685 qui
2778 1621 2929 1670 tanta
2956 1615 3039 1669 eis
3077 1614 3353 1672 beneficia
3390 1618 3717 1691 dignabatur

2101 1700 2397 1755 ostendere
2431 1717 2533 1771 per
2561 1701 2734 1756 Patris
2758 1717 2951 1758 eorum
2979 1704 3197 1761 merita.

2169 1792 2291 1845 CAP.
2325 1792 2470 1847 XLV.
2504 1823 2574 1833 -—
2607 1796 2721 1848 Fur
2766 1795 2822 1849 in
2870 1796 3160 1865 suspendio
3187 1798 3478 1853 incolumis
3535 1816 3715 1855 sema-

2096 1886 2199 1937 tus.
2238 1883 2495 1948 Quaedam
2529 1901 2668 1939 anus
2693 1885 2761 1940 de
2792 1902 2958 1957 supra
2983 1888 3275 1944 memorati
3302 1889 3478 1945 Patris
3493 1889 3716 1958 familia,

2100 1978 2430 2032 necessariis
2476 1979 2735 2034 omnibus
2786 1980 2996 2056 indiga,
3052 1982 3231 2037 solum
3283 1999 3399 2039 sua:
3443 1984 3719 2041 viduitatis

2097 2072 2152 2120 et
2189 2069 2488 2123 senectutis
2541 2069 2795 2125 baculum
2853 2071 3092 2127 habebat
3145 2071 3346 2128 ﬁlium.
3396 2075 3495 2131 Hic
3540 2086 3716 2133 autem

2101 2172 2208 2211 non
2239 2157 2452 2212 habens
2482 2159 2630 2214 unde
2674 2160 2865 2215 matris
2905 2160 3150 2232 in0piam
3207 2170 3569 2233 sustentaret,
3600 2182 3715 2221 cum

2094 2244 2283 2301 labore
2313 2263 2537 2302 suarum
2558 2264 2819 2303 manuum
2850 2250 3027 2306 victus
3048 2257 3103 2306 et
3133 2252 3364 2308 vestitus
3394 2255 3710 2310 necessaria

2096 2337 2147 2391 ei
2196 2338 2415 2409 sibique
2470 2354 2819 2412 nequaquam
2875 2342 3236 2413 suppeditare
3284 2345 3517 2411 valeret,
3568 2345 3718 2401 furtis

2100 2429 2203 2485 hoc
2237 2431 2497 2501 supplere
2537 2431 2800 2488 decrevit.
2834 2434 3104 2489 lnsistens
3138 2434 3306 2510 igitur
3335 2435 3575 2505 nefario,
3614 2437 3715 2493 mi-

2100 2520 2249 2575 nima
2269 2536 2506 2593 quaeque
2534 2522 2686 2593 prius
2725 2524 3059 2597 subripiens,
3107 2526 3370 2597 paulatim
3403 2529 3475 2584 ad
3516 2531 3717 2600 majora

2098 2610 2353 2665 audenda
2393 2612 2663 2684 prorupit.
2698 2613 2892 2670 Omnia
2931 2630 3059 2671 vero
3091 2632 3215 2688 qua:
3261 2615 3572 2686 iurabatur,
3603 2635 3717 2674 ma—

2097 2702 2161 2756 tri
2190 2701 2470 2771 deferens,
2499 2720 2619 2759 eam
2676 2706 2883 2762 exinde
2918 2706 3124 2775 alebat,
3164 2708 3459 2779 vestiebat,
3500 2719 3559 2766 et
3602 2727 3715 2768 om-

2096 2813 2222 2852 nem
2253 2797 2403 2853 illius
2433 2800 2777 2857 sustentabat
2837 2807 3160 2875 egestatem.
3210 2802 3348 2858 Dum
3394 2813 3581 2860 autem
3624 2822 3719 2877 per

2094 2888 2437 2961 aliquantum
2523 2893 2807 2964 temporis,
2875 2894 3132 2965 copulato
3189 2895 3299 2950 sibi
3365 2896 3546 2965 socio,
3622 2899 3718 2954 hoc

379 2988 449 3043 tis
492 2989 625 3045 arsit
655 3006 752 3061 per
802 2996 969 3046 totam
1005 2990 1153 3044 illam
1199 3006 1410 3045 sacram
1460 2997 1680 3046 noctem
1729 2989 1990 3061 diemque
2023 2984 2419 3084 Cexsecrabili
2452 2986 2585 3042 vitio
2616 2986 2833 3044 illectus
2858 2987 3022 3055 foret,
3053 2989 3227 3045 multa
3263 2991 3381 3046 suis
3414 2990 3718 3062 importans

377 3075 599 3147 festum,
654 3080 833 3135 donec
870 3079 1134 3135 solemnis
1186 3080 1367 3135 missas
1399 3086 1875 3136 consummaretur
1899 3095 1992 3134 ce—
2031 3075 2293 3134 vdamna
2364 3080 2563 3136 vicinis
2590 3123 2606 3148 ,

374 3168 630 3225 lebratio.
690 3170 804 3235 Qua
869 3172 1109 3242 expleta,
1178 3170 1371 3226 fratres
1426 3170 1570 3226 fessa
1626 3170 1890 3245 vigilandi
1938 3178 1992 3226 et

375 3262 647 3332 psallendi
688 3263 876 3320 labore
905 3280 1135 3335 corpora
1175 3264 1339 3320 solito
1370 3265 1652 3336 ecpiosius
1676 3265 1986 3328 relevaturi.

374 3354 600 3410 domum
622 3354 942 3412 refectionis
958 3355 1252 3412 intrarunt.
1270 3357 1437 3412 Porro
1469 3357 1857 3428 apocrisiarius
1880 3357 1988 3429 (34)

374 3444 551 3516 ipsius
583 3446 725 3502 sacri
765 3447 892 3515 loci,
934 3464 1067 3504 sane
1098 3449 1181 3503 vir
1214 3449 1522 3518 modestus,
1564 3449 1760 3506 [terius
1803 3450 1988 3505 nomi-

373 3549 464 3599 ne,
499 3534 638 3590 laico
683 3535 925 3605 cuidam,
965 3536 1059 3608 qui
1100 3538 1202 3591 sub
1244 3554 1310 3593 eo
1340 3538 1513 3609 ipsius
1551 3538 1794 3594 basilicae
1826 3554 1991 3593 excu-

372 3625 492 3680 bias
536 3626 833 3683 observare
882 3628 1117 3694 solebat,
1170 3629 1478 3704 Dagoberto
1535 3630 1782 3696 nomine,
1831 3629 1984 3684 intit:

371 3719 449 3773 Mi
459 3719 658 3786 frater,
689 3722 950 3790 quoniam
974 3736 1096 3776 cum
1112 3724 1315 3777 caeteris
1341 3724 1634 3792 pransuris
1671 3726 1720 3777 et
1746 3738 1839 3790 ego
1870 3722 1986 3777 dis-

362 3816 527 3882 posui
548 3815 848 3884 prandere,
880 3819 940 3870 tu
977 3820 1151 3870 custos
1201 3818 1458 3886 pervigil,
1489 3832 1614 3871 cave
1650 3832 1716 3870 ne
1744 3818 1987 3885 aliquam

371 3903 434 3957 in
462 3903 556 3957 hoc
586 3908 764 3972 spatio
803 3908 1149 3961 incurramus
1192 3908 1601 3974 negligentiam,
1627 3908 1896 3972 investiga
1923 3922 1989 3960 ne

370 3992 559 4061 aliqua
586 3993 844 4061 malignae
872 3995 1167 4050 voluntatis
1193 4010 1426 4065 persona
1451 3996 1589 4049 hanc
1609 3996 1890 4049 basilicam
1915 3998 1988 4049 sit

366 4081 632 4147 ingressa,
672 4083 897 4150 cupiens
926 4083 1151 4151 aliquod
1179 4084 1327 4138 nobis
1358 4084 1559 4149 inferre
1584 4083 1980 4146 detrimentum,

367 4170 632 4224 custodito
660 4186 724 4224 ne
747 4172 953 4240 aliquis
976 4186 1043 4226 ea:
1063 4171 1469 4240 fulgorantibus
1491 4172 1702 4241 lychnis
1732 4174 1792 4226 in
1816 4172 1986 4226 altari

367 4258 617 4313 decidens
666 4259 872 4313 damna
914 4261 1114 4327 inferat
1153 4261 1235 4314 uel
1263 4261 1494 4326 modica,
1536 4265 1583 4313 ct
1622 4265 1684 4315 ut
1733 4263 1982 4315 certiores

368 4352 558 4415 simus,
610 4352 1108 4421 circumspiciamus
1159 4352 1387 4419 eosdem,
1442 4354 1677 4422 qualiter
1725 4353 1981 4409 candela-

372 4442 485 4497 bris
518 4444 686 4512 afﬁmi
722 4447 871 4510 sunt,
900 4444 1140 4512 lychnos.
1176 4443 1267 4498 His
1299 4445 1587 4514 peroratis,
1628 4459 1751 4515 qua:
1783 4459 1986 4514 propo-

370 4541 617 4600 suerant,
645 4542 956 4609 peragunt;
996 4535 1258 4606 lychnum
1320 4543 1504 4591 autem
1539 4536 1715 4601 illum,
1776 4536 1845 4591 de
1874 4551 1985 4607 quo

371 4624 544 4697 coepit
571 4640 737 4697 agere
768 4639 972 4688 sermo,
1011 4631 1235 4696 propter
1273 4640 1422 4679 aram
1453 4624 1710 4697 gloriosa).
1749 4624 1843 4679 Dei
1889 4624 1987 4679 Ge-

370 4719 607 4788 nitricis,
633 4735 758 4791 quae
789 4719 844 4774 in
872 4719 1066 4775 eadem
1111 4719 1347 4776 ecclesia
1386 4719 1626 4790 primum
1656 4718 1874 4774 obtinet
1902 4717 1987 4773 lo-

368 4827 513 4880 cum,
542 4819 812 4880 statuunt,
866 4812 1117 4868 mucroni
1168 4811 1373 4867 arctius
1412 4811 1796 4883 imprimentes
1851 4826 1984 4866 can-

367 4903 600 4972 delabri,
631 4904 703 4960 de
728 4905 849 4976 ejus
878 4904 1071 4961 confisi
1121 4902 1510 4960 crassitudine.
1557 4902 1768 4968 Quibus
1794 4911 1980 4974 patra-

364 4995 456 5065 tis,
510 4996 678 5052 frater
720 4997 1071 5068 supradictus
1122 4996 1192 5052 ad
1244 4994 1539 5068 prandium
1595 4994 1808 5051 accedit
1856 5011 1978 5050 cum

365 5089 581 5145 caeteris
611 5090 937 5146 refecturus.
973 5091 1074 5156 Qui
1102 5105 1235 5148 vero
1288 5089 1356 5145 ad
1399 5088 1705 5145 custodiam
1756 5088 1982 5144 relictus

365 5186 449 5235 est
498 5179 691 5250 laicus,
736 5181 793 5237 in
831 5182 1126 5258 assignatis
1155 5180 1261 5238 sibi
1299 5180 1483 5236 minus
1511 5195 1676 5252 quam
1712 5178 1981 5235 debuerat

435 5384 545 5455 (34)
574 5383 972 5454 Apocrisiarius
1002 5387 1056 5442 in
1080 5386 1433 5444 monasteriis
1461 5393 1580 5442 erat
1609 5386 1847 5441 aedituus
1877 5386 1975 5441 ba-

364 5454 552 5524 silicae,
596 5462 656 5509 ut
712 5460 858 5524 patet
906 5474 972 5512 ex
1018 5460 1123 5514 hoc
1182 5460 1324 5517 loco.
1381 5457 1505 5513 aliis
1564 5458 1860 5513 Archarius
1918 5458 1973 5512 in

364 5523 502 5583 libro
533 5529 610 5582 De
659 5523 939 5582 miraculis
974 5529 1026 5583 S.
1072 5530 1242 5585 Mauri
1293 5529 1531 5595 abbatis,
1573 5546 1725 5584 num.
1759 5530 1851 5597 22,
1881 5545 1974 5584 su-

363 5609 539 5736 prllét‘i)
580 5669 650 5721 Ex
683 5667 790 5720 hoc
839 5667 959 5723 loco
992 5677 1048 5723 et
1082 5669 1266 5724 multis
1302 5669 1424 5723 aliis
1454 5676 1601 5736 patet
1630 5671 1801 5726 moris
1845 5671 1980 5729 fuis-

2688 3083 3095 3154 comperientes
3153 3084 3232 3139 illi
3297 3084 3712 3142 adolescentem

2093 3167 2295 3238 ipsum,
2335 3168 2514 3224 vidua:
2553 3169 2702 3225 illius
2735 3187 2851 3225 suae
2888 3171 3088 3228 vicinae
3127 3171 3324 3241 ﬁlium,
3358 3190 3584 3230 suarum
3632 3191 3714 3230 n2-

2093 3274 2208 3312 rum
2238 3264 2446 3314 tantam
2477 3259 2583 3313 sibi
2619 3260 2798 3315 facere
2852 3260 3324 3330 imminutionem,
3358 3266 3596 3337 quadam
3629 3266 3714 3321 die

2091 3348 2222 3402 dum
2259 3348 2425 3404 solito
2479 3364 2634 3404 more
2664 3349 2965 3419 iuraretur,
2995 3351 3369 3423 interceptum
3398 3368 3524 3409 cum
3549 3354 3718 3410 sodali

2090 3445 2489 3509 praesentarunt
2537 3440 2847 3509 judiciariae
2899 3442 3182 3513 potestati,
3232 3443 3570 3513 ohjicientes
3594 3461 3713 3517 quae

2088 3532 2478 3589 commiserant
2524 3534 2788 3591 facinora.
2840 3536 3086 3593 Convicti
3143 3553 3276 3613 ergo
3308 3538 3711 3606 adolescentes,

2089 3620 2326 3693 adjucati
2387 3629 2518 3678 sunt
2555 3624 2861 3695 suspendio
2909 3625 3092 3696 perire
3150 3626 3377 3682 debere.
3425 3628 3711 3683 Enimvero

2084 3732 2225 3771 anus
2268 3717 2382 3785 illa,
2433 3734 2598 3789 quam
2636 3726 2869 3775 matrem
2922 3720 3295 3777 adolescentis
3333 3721 3504 3777 unius
3547 3722 3708 3778 fuisse

2084 3811 2343 3880 diximus,
2384 3813 2619 3870 audiens
2659 3813 2831 3870 filium
2871 3832 3033 3872 suum
3072 3816 3197 3872 duci
3239 3817 3307 3872 ad
3343 3818 3703 3889 suspendium

2085 3904 2286 3960 anhelo
2324 3921 2486 3961 cursu
2518 3906 2743 3962 festinat
2772 3908 2841 3963 ad
2872 3910 3294 3976 monasterium,
3343 3917 3401 3966 et
3434 3910 3694 3986 ingressa,

2087 3995 2172 4050 his
2200 3996 2427 4052 vocibus
2464 3997 2678 4052 Patrem
2715 3999 3013 4070 compellat
3060 3999 3457 4055 Benedictum:
3489 4002 3707 4064 Domine

2084 4094 2183 4160 mi,
2219 4093 2420 4165 inquit,
2462 4095 2760 4161 Benedicta,
2819 4095 2952 4165 quid
2971 4096 3142 4163 faciet
3198 4097 3309 4151 haec
3371 4101 3471 4151 tua
3507 4099 3700 4151 misera

2084 4185 2304 4251 ancilla,
2347 4200 2466 4255 qum
2517 4186 2726 4241 nullum
2754 4187 2927 4252 aliud,
2961 4192 3025 4241 ut
3073 4190 3133 4242 tu
3162 4188 3355 4243 melius
3392 4190 3543 4243 nosti
3566 4229 3580 4254 ,
3616 4188 3684 4242 Ita

2085 4277 2269 4332 bebam
2306 4277 2633 4347 suﬂ’ragium
2698 4282 2896 4349 prater
2935 4279 3075 4334 hunc
3121 4296 3296 4334 meum
3356 4284 3570 4346 natum,
3609 4280 3704 4349 qui

2016 4367 2235 4459 Dmodo
2280 4368 2496 4459 ducitur
2525 4367 2600 4422 ad
2629 4368 2959 4437 supplicium
2982 4370 3012 4421 ?
3053 4370 3132 4422 Tu
3164 4370 3289 4459 scis,
3328 4369 3562 4435 domine,
3588 4383 3702 4439 quo-

2085 4458 2236 4511 niam
2294 4458 2607 4511 necessitale
2658 4461 2892 4524 coactus,
2942 4459 3101 4524 furta
3165 4458 3274 4512 haec
3330 4458 3699 4513 committebat.

2084 4548 2285 4616 Redde,
2326 4550 2405 4603 mi
2432 4549 2665 4613 domine,
2720 4550 2858 4604 mihi
2906 4549 3081 4619 ﬁlium
3119 4565 3313 4617 meum,
3350 4551 3454 4605 tibi
3505 4563 3701 4606 semitm

2087 4643 2235 4693 tuum
2285 4638 2408 4708 jam
2449 4638 2514 4693 de
2548 4640 2758 4709 reliquo
2813 4643 3134 4708 correptum,
3175 4641 3272 4709 qui
3325 4655 3473 4695 meas
3512 4640 3700 4695 soletur

2085 4742 2373 4795 mumnas,
2402 4742 2468 4782 ne
2493 4728 2659 4794 famis
2687 4727 2871 4782 inedia
2898 4727 3178 4797 dispereat
3214 4728 3326 4783 lith
3359 4733 3457 4784 tua
3484 4727 3694 4784 ancilla.

2086 4816 2315 4873 Ostende
2367 4819 2515 4870 tuam
2558 4815 2775 4871 solitam
2815 4818 3072 4886 pietatem
3120 4818 3183 4872 in
3222 4833 3307 4872 me
3350 4816 3692 4889 paupercula,

2082 4911 2274 4975 tangat
2299 4922 2420 4961 mea
2467 4908 2805 4977 querimonia
2843 4910 2941 4961 tua
2962 4908 3063 4977 pia
3090 4909 3320 4962 viscera.
3357 4907 3451 4963 His
3498 4914 3550 4963 et
3575 4905 3690 4960 aliis

2082 4994 2393 5068 querulosis
2419 4994 2717 5068 gemitibus
2742 4994 2965 5066 perfusa
2989 5011 3163 5069 genas
3196 4996 3477 5068 lacrymis,
3507 5009 3685 5068 preces

2081 5086 2366 5143 fundebat.
2418 5086 2615 5142 Flexus
2642 5086 2712 5142 ad
2768 5086 3203 5144 misericordiam
3236 5088 3403 5145 Pater
3440 5090 3559 5161 pius
3587 5085 3679 5141 mi-

2079 5175 2304 5234 serabili
2333 5176 2499 5248 hujus
2534 5175 2767 5233 aniculae
2814 5183 3036 5248 questu,
3082 5178 3340 5235 exhibuit
3379 5176 3675 5253 prodigium

2075 5401 2133 5441 se
2159 5385 2307 5457 apud
2346 5384 2585 5457 majores
2623 5389 2842 5457 nostros
2868 5388 2927 5437 ut
2979 5381 3184 5457 gratias
3205 5382 3427 5457 acturi
3463 5388 3577 5457 post
3611 5378 3683 5434 ci-

2076 5453 2209 5511 bum
2243 5456 2532 5512 ecclesiam
2573 5456 2810 5518 adirent,
2867 5453 3339 5523 non—capitulum.
3400 5453 3547 5519 Quod
3599 5465 3682 5522 pa-

2076 5536 2247 5654 teltex
2282 5527 2539 5599 capitulis
2572 5527 2628 5581 S.
2671 5527 2805 5581 Galli
2855 5524 3281 5594 monachorum,
3345 5542 3468 5598 cap.
3517 5523 3597 5590 22,
3634 5525 3682 5574 et

2079 5616 2222 5656 aus.
