3938 6206
250 322 389 379 1233

1419 322 1758 379 MIBACULA
1798 322 2023 379 SANCTI
2066 320 2434 377 BENEDIC’I‘I.

3450 322 3591 379 1234

239 454 452 511 nostris
481 452 829 524 temporibus
854 452 1186 509 inauditum.
1214 453 1465 526 Denique
1490 455 1672 511 dictus
1700 462 1856 511 uter-
1885 460 1937 528 Α
1959 455 2107 527 quod
2134 459 2378 525 cceperat
2425 452 2551 520 iter,
2580 453 2810 510 ulterius
2846 454 3072 510 adoriri.
3109 454 3386 511 Reversus
3432 469 3587 529 ergo,

240 563 355 620 que
388 547 658 616 juvenum
700 544 768 600 ad
809 546 989 601 locum
1033 546 1352 615 hujusmodi
1383 548 1657 619 supplicio
1687 548 1860 603 desti-

237 652 433 699 natum
487 642 653 698 furcis
694 641 925 713 appensi
974 649 1123 698 sunt.
1182 643 1332 698 Unus
1390 644 1558 719 igitur
1615 644 1852 713 illorum,

238 732 456 787 sodalis
510 730 768 786 videlicet
822 728 921 784 ﬁlii
951 730 1154 797 viduae,
1208 732 1484 804 extemplo
1530 732 1697 789 vitam
1741 732 1861 787 fini-

242 827 345 882 vit.
380 826 512 898 Ipse
550 832 757 889 autem,
815 825 885 881 ab
915 832 1109 882 exortu
1164 826 1299 882 solis
1330 843 1506 899 usque
1542 827 1599 882 in
1644 828 1859 884 tertiam

240 923 439 977 horam
480 936 806 993 suspensus,
866 920 1127 992 precibus
1177 922 1366 977 matris
1396 921 1517 991 ejus
1546 922 1866 979 obsistenti-

243 1013 354 1068 bus
391 1028 746 1085 nequaquam
778 1012 915 1069 mori
942 1012 1143 1084 potuit.
1176 1012 1429 1069 Pastores
1473 1014 1681 1085 quippe
1711 1030 1866 1071 more

239 1117 349 1157 suo
375 1103 751 1157 accelerantes
798 1101 987 1157 videre
1038 1118 1359 1173 suspensos,
1394 1103 1524 1159 dum
1565 1104 1633 1160 ad
1683 1104 1863 1160 locum

239 1192 556 1259 venissent,
589 1198 824 1248 cernunt
859 1192 1092 1248 alterum
1146 1194 1310 1249 vitam
1359 1193 1591 1264 ﬁniisse,
1634 1196 1869 1252 alterum

248 1280 460 1338 vivere.
522 1281 989 1354 Obstupescentes
1035 1284 1218 1355 itaque
1268 1284 1327 1339 in
1371 1293 1520 1341 tanto
1584 1287 1867 1353 miraculo,

246 1371 422 1426 celeri
454 1387 618 1427 cursu
641 1372 888 1429 indicare
919 1381 1028 1429 tam
1060 1374 1329 1429 militibus
1359 1390 1524 1447 quam
1557 1376 1872 1447 promiscuo

243 1460 441 1532 vulgo,
501 1477 626 1531 qua:
691 1461 963 1529 viderant,
1017 1462 1299 1520 festinant.
1357 1464 1457 1527 Qui
1524 1480 1871 1537 nequaquam

243 1548 437 1603 verbis
467 1564 659 1604 eorum
712 1551 943 1618 creduli,
973 1551 1219 1623 dirigunt
1257 1552 1351 1623 qui
1396 1553 1504 1607 sibi
1532 1554 1870 1621 renuntient,

243 1644 432 1692 utrum
474 1655 687 1708 verum,
721 1657 791 1696 an
822 1642 1018 1697 falsum
1052 1643 1124 1697 sit
1154 1644 1301 1714 quod
1344 1643 1648 1699 audiebant
1698 1648 1762 1700 At
1792 1646 1870 1700 illi

243 1728 344 1798 qui
376 1728 530 1783 missi
560 1728 800 1797 fuerant,
821 1730 890 1785 ad
939 1730 1122 1786 locum
1165 1732 1454 1803 suspendii
1480 1742 1863 1805 preperantes,

238 1817 322 1871 ita
377 1832 498 1872 esse
549 1818 627 1872 uti
686 1827 935 1889 pastores
981 1818 1235 1875 dixerant
1299 1830 1723 1895 cognoscentes,
1784 1824 1868 1881 eis

240 1912 343 1983 qui
376 1928 435 1967 se
466 1912 734 1969 miserant
775 1913 1041 1971 referunt.
1079 1916 1346 1972 Admirati
1376 1933 1592 1985 omnes,
1643 1920 1867 1978 mittunt

238 2006 337 2078 qui
375 2007 785 2062 adolescentem
832 2009 1064 2075 solvant,
1098 2016 1152 2065 et
1190 2010 1295 2065 sibi
1325 2019 1695 2083 prmsentent;
1748 2030 1864 2069 rem

241 2097 316 2151 ab
355 2112 422 2151 eo
461 2111 681 2152 omnem
724 2097 945 2169 plenius
1003 2100 1276 2155 rescituri.
1334 2098 1684 2175 Cognoscunt
1728 2118 1863 2178 ergo

240 2190 424 2246 viduae
465 2190 612 2245 illius
660 2190 914 2262 laerymis
944 2198 1000 2247 et
1028 2193 1310 2264 precibus,
1364 2210 1530 2265 quam
1570 2195 1861 2249 ecclesiam

238 2284 462 2341 concito
498 2301 659 2340 cursu
692 2286 916 2356 petiisse
968 2286 1246 2357 perfusam
1307 2287 1562 2359 laerymis
1589 2288 1863 2355 viderant,

245 2380 687 2450 omnipotentem
718 2380 1008 2435 Dominum
1040 2381 1206 2436 vitam
1248 2380 1363 2438 filio
1393 2382 1514 2451 ejus
1540 2398 1641 2454 per
1668 2384 1866 2439 merita

240 2471 421 2526 Patris
448 2471 749 2537 Benedicti,
792 2489 956 2544 quem
1012 2472 1269 2529 devotius
1309 2480 1650 2540 exoraverat,
1677 2492 1861 2531 reser-

236 2575 398 2614 vasse
456 2575 624 2630 super
679 2560 783 2616 hoc
829 2560 972 2616 facto
1026 2560 1445 2636 magniﬁcantes
1500 2562 1678 2634 ipsius
1720 2564 1859 2634 {cle-

235 2654 503 2709 mentiam
553 2653 972 2726 Omnipotentis.
1017 2656 1267 2729 Denique
1326 2657 1696 2731 interrogatus
1723 2660 1861 2715 ado-

239 2744 483 2809 lescens,
519 2743 802 2814 professus
832 2751 916 2799 est
949 2761 1009 2800 se
1037 2745 1241 2800 nullam
1286 2746 1571 2803 lwsionem
1620 2749 1861 2805 sensisse

232 2848 339 2904 per
376 2837 549 2887 totum
590 2848 706 2887 suae
746 2833 1131 2904 suspensionis
1161 2834 1421 2905 Spatium.
1465 2836 1620 2891 Unde
1652 2837 1853 2906 conjici

232 2926 399 2981 datur
425 2927 598 3001 magis
618 2943 745 2982 eum
770 2943 871 2998 per
900 2927 1261 3003 indigentiam
1286 2947 1448 3002 quam
1466 2948 1567 3003 per
1593 2933 1855 2987 malitiam

231 3021 579 3077 commisisse
608 3020 830 3078 furtum.

311 3109 434 3164 CAP.
495 3109 667 3165 XLVI.
720 3114 1190 3168 —Dcemoniacus
1238 3114 1510 3169 liberatus.
1572 3114 1859 3170 Gauterius

232 3207 306 3261 de
342 3204 606 3276 Capriaco
641 3206 886 3277 quadam
921 3213 1085 3263 nocte
1127 3224 1250 3279 quae
1280 3207 1575 3263 Sabbatum
1609 3209 1855 3280 praeibat,

233 3304 306 3358 ad
353 3310 613 3373 castrum,
675 3303 823 3375 quod
877 3304 1032 3361 Mons
1077 3305 1260 3360 Sancti
1318 3304 1590 3361 Vincentii
1627 3307 1858 3374 jnuncu-

226 3407 414 3472 patur,
470 3397 758 3465 festinans,
821 3400 1119 3471 exeptabat
1167 3401 1357 3457 adfore
1389 3402 1677 3457 hominum
1710 3418 1853 3457 con-

228 3493 534 3561 venticulo,
564 3492 712 3565 quod
737 3507 837 3562 pro
864 3492 1141 3547 mercibus
1167 3493 1536 3565 congerendis
1552 3492 1672 3549 ﬁeri
1696 3509 1853 3550 asso-

225 3582 330 3637 let.
353 3582 507 3637 Unde
531 3589 637 3637 tam
662 3580 781 3652 ipse
797 3580 1170 3636 conventiculi
1195 3580 1348 3636 locus
1379 3598 1541 3653 quam
1566 3582 1850 3656 negotium

228 3673 309 3729 ibi
351 3674 598 3728 habitum
639 3678 939 3728 mercatum
991 3673 1156 3747 vulgo
1196 3672 1411 3728 dicitur.
1475 3672 1556 3728 Fit
1610 3689 1739 3729 vero
1796 3674 1853 3730 in

226 3764 430 3819 eodem
457 3763 578 3819 loco
601 3763 657 3817 in
680 3763 931 3818 sabbato.
955 3764 1165 3833 Itaque,
1181 3762 1310 3816 dum
1334 3760 1534 3817 inloco
1556 3760 1850 3815 Planchia-

229 3853 508 3908 Guillelmi
565 3853 713 3908 dicto
780 3852 1196 3924 praeterlegeret
1286 3850 1569 3906 ﬂuviolum
1637 3850 1855 3905 Wldra-

225 3960 349 3999 cam
376 3942 510 4014 (36),
543 3942 639 4014 qui
673 3941 1000 3997 Patriciacos
1038 3940 1342 4012 praeterluit
1389 3955 1551 4014 agros
1590 3955 1733 4012 equo
1766 3956 1852 3994 re-

226 4034 439 4100 sidens,
458 4033 787 4105 nullumque
810 4032 1026 4087 habens
1050 4032 1333 4099 comitem,
1364 4030 1580 4106 ingenti
1615 4030 1851 4101 primum

225 4127 582 4183 tremefactus
603 4133 774 4195 metu,
807 4126 1289 4198 persensitadesse
1306 4126 1612 4191 daemones,
1627 4131 1682 4179 et
1705 4123 1850 4178 obli-

229 4225 317 4272 tus
346 4215 452 4270 sibi
483 4214 703 4289 signum
748 4215 1036 4285 imponere
1066 4214 1266 4281 crucis,
1308 4212 1753 4267 circumvallatur
1779 4211 1847 4265 ab

224 4306 331 4371 eis,
363 4304 514 4359 nullo
544 4305 787 4359 munitus
824 4303 1091 4359 subsidio.
1154 4302 1274 4368 Qui,
1320 4302 1470 4356 illum
1513 4317 1638 4355 cum
1700 4315 1845 4372 equo

226 4396 315 4450 cui
348 4394 628 4449 insidebat
657 4393 989 4464 arripientes
1017 4400 1070 4447 ct
1100 4408 1197 4462 per
1235 4407 1356 4445 aera
1389 4390 1743 4456 vectitantes,
1778 4390 1845 4444 ad

1959 544 2031 601 ob
2066 544 2418 601 formidinem
2453 543 2678 615 nimiam
2704 560 2866 616 quam
2895 544 3001 599 sibi
3028 545 3310 601 daemones
3340 545 3592 600 incusse-

1961 641 2107 702 rant,
2148 632 2418 689 memoria
2450 632 2707 689 excessit.
2750 634 2793 688 A
2850 634 2967 689 suis
3003 649 3134 689 vero
3187 634 3244 688 in
3282 635 3588 691 crastinum

1961 728 2033 783 ad
2090 727 2495 783 monasterium
2526 727 2822 793 adductus,
2884 734 2940 781 et
2996 726 3203 782 ibidem
3243 728 3586 800 aliquantum

1963 827 2292 887 remoratus,
2336 834 2436 890 pro
2467 834 2534 874 eo
2568 818 2945 890 omnipotenti
2974 818 3205 875 Domino
3245 818 3381 875 fusis
3410 822 3590 892 preci-

1966 916 2091 983 bus,
2118 915 2344 990 integrae
2377 915 2581 971 mentis
2636 915 2848 986 recepit
2872 914 3227 971 sobrietatem
3266 915 3480 971 meritis
3509 916 3590 987 ip-

1966 1011 2081 1065 sius
2112 1026 2276 1082 quem
2309 1011 2660 1067 invoeaverat
2691 1011 2883 1066 Patris.

2040 1101 2161 1157 CAP.
2196 1102 2391 1157 XLVII.
2426 1134 2497 1143 —
2524 1104 2720 1159 Servus
2748 1103 3081 1159 vindicatus.
3124 1103 3300 1176 Hugo,
3340 1102 3590 1158 Bidulfus

1973 1195 2327 1268 cognomine,
2368 1211 2513 1250 unus
2552 1196 2787 1250 militum
2856 1196 3217 1251 Patriciacum
3270 1195 3590 1251 inhabitan-

1972 1284 2130 1349 tium,
2174 1299 2296 1339 cum
2339 1283 2395 1338 in
2427 1284 2551 1339 aliis
2583 1285 3004 1357 quampluribus
3030 1286 3212 1341 eidem
3240 1286 3361 1342 loco
3391 1287 3590 1343 adver-

1974 1383 2208 1442 saretur,
2262 1375 2548 1443 cujusdam
2594 1377 2885 1432 seditionis
2934 1377 2989 1431 in
3039 1377 3234 1432 eadem
3288 1376 3417 1431 villa
3442 1376 3590 1432 inter

1974 1466 2192 1537 equites
2242 1475 2443 1522 exortae
2510 1468 2823 1535 occasione,
2869 1485 2977 1523 una
3030 1469 3242 1523 dierum
3295 1484 3588 1543 aggressus

1974 1554 2268 1625 quemdam
2308 1554 2597 1623 rusticum,
2639 1555 2938 1611 Guarinum
2978 1558 3225 1625 nomine,
3278 1573 3308 1612 a
3361 1558 3484 1613 loco
3516 1558 3586 1612 de

1973 1649 2196 1704 Cumbis
2228 1652 2704 1723 cognominatum,
2764 1660 2820 1707 et
2873 1653 3054 1724 ipsum
3084 1654 3152 1708 dc
3182 1653 3389 1708 familia
3414 1652 3587 1709 Patris

1972 1740 2342 1813 progenitum,
2383 1741 2535 1796 nulla
2582 1741 2745 1810 justa:
2794 1742 3036 1813 querela:
3075 1742 3346 1798 existente
3395 1758 3583 1811 causa,

1970 1842 2074 1889 tam
2106 1834 2407 1890 crudeliter
2429 1835 2739 1891 verberavit
2761 1844 2819 1892 ut
2847 1836 2897 1891 ei
2925 1836 3208 1892 brachium
3240 1837 3581 1892 contriverit.

1968 1923 2223 1979 Rusticus
2250 1940 2380 1980 vero
2438 1925 2585 1980 idem
2636 1925 2914 1980 neminem
2977 1942 3200 1980 suarum
3256 1926 3582 1997 injuriarum

1966 2014 2250 2085 reperiens
2278 2016 2536 2083 ultorem,
2570 2017 2699 2071 dum
2730 2032 2841 2072 non
2873 2017 3119 2077 haberet.
3162 2032 3328 2088 quem
3362 2017 3587 2087 potissi-

1966 2123 2112 2161 mum
2145 2123 2257 2162 suae
2298 2108 2536 2179 querelae
2581 2109 2909 2165 advocatum
2966 2108 3174 2164 faceret
3230 2108 3460 2180 (quippe
3502 2108 3585 2164 vir

1966 2198 2241 2269 superbus
2268 2207 2407 2267 erat,
2441 2201 2534 2272 qui
2567 2217 2694 2256 eum
2735 2202 3033 2265 ceciderat,
3074 2207 3128 2255 et
3159 2200 3295 2254 nulli
3314 2215 3580 2255 reveren-

1966 2290 2096 2345 tiam
2139 2290 2466 2359 deferebat),
2516 2293 2713 2347 anxius
2746 2293 2925 2361 valde,
2966 2291 3035 2347 ad
3076 2291 3161 2345 sui
3195 2291 3404 2346 domini
3426 2292 3580 2346 auxi-

1966 2380 2099 2434 lium
2140 2379 2387 2454 confugit
2418 2381 2721 2436 Benedicti.
2751 2382 3039 2455 Ingressus
3069 2380 3255 2453 itaque
3285 2380 3577 2436 ecclesiam

1963 2465 2210 2533 ejusdem
2242 2468 2413 2538 patris
2442 2469 2792 2540 appropiavit
2830 2469 3007 2536 altari,
3055 2476 3108 2523 et
3133 2484 3299 2540 super
3339 2484 3406 2524 eo
3441 2485 3579 2525 cono

1962 2559 2148 2613 tritum
2180 2560 2475 2630 imponens
2512 2559 2821 2628 brachium,
2869 2562 2986 2617 haec
3022 2561 3188 2616 verba
3233 2576 3357 2615 cum
3403 2560 3578 2617 multo

1962 2650 2171 2724 gemitu
2202 2656 2386 2705 mente
2427 2651 2671 2723 profudit
2692 2652 2959 2707 contrita:
2993 2653 3207 2719 Sancte,
3240 2652 3441 2724 inquit,
3474 2654 3577 2707 Be-

1959 2745 2188 2809 nedicte,
2215 2746 2293 2797 mi
2321 2744 2556 2811 domine,
2598 2748 2751 2799 tuum
2773 2761 2856 2799 me
2886 2748 3147 2815 proﬁteor
3182 2759 3412 2812 seruum,
3443 2750 3494 2799 et
3530 2749 3580 2799 te

1955 2851 2133 2891 meum
2146 2836 2277 2905 jure
2299 2837 2595 2890 dominum.
2629 2838 2813 2893 Cernis
2828 2838 2922 2892 hoc
2943 2840 3234 2893 contritum
3251 2839 3535 2894 brachium
3560 2856 3575 2905 ;

1957 2932 2111 2983 tuum
2139 2932 2277 2995 erat,
2323 2932 2371 2983 et
2397 2933 2596 2998 praeter
2632 2931 2682 2982 te
2713 2944 2863 2984 nunc
2892 2930 3035 2985 alius
3079 2932 3143 2985 in
3171 2946 3228 2985 eo
3251 2930 3579 2985 dominatio-

1956 3039 2076 3078 nem
2104 3039 2350 3078 emercere
2377 3024 2651 3079 debuerat.
2691 3025 2753 3080 Si
2781 3028 2840 3079 tu
2885 3026 3025 3079 illud
3065 3028 3437 3094 confregisscs,
3478 3025 3581 3079 ad-

1957 3130 2146 3170 versus
2184 3120 2234 3169 te
2257 3116 2465 3170 nullam
2494 3116 2743 3170 haberem
2786 3120 3155 3187 quaestionem,
3204 3120 3462 3188 quoniam
3501 3124 3580 3175 est

1958 3210 2041 3262 tui
2064 3207 2237 3276 juris.
2280 3208 2405 3271 Sed,
2436 3210 2514 3262 mi
2539 3208 2772 3276 domine,
2804 3225 2973 3278 quare
2999 3211 3300 3280 permisisti
3335 3213 3397 3263 ut
3422 3209 3578 3278 Hugo

1955 3301 2236 3367 Bidulfus,
2268 3302 2357 3354 cui
2380 3302 2439 3354 in
2462 3301 2611 3355 nullo
2635 3301 2931 3356 obnoarium
2952 3306 3050 3369 est,
3071 3301 3213 3356 illud
3238 3306 3524 3357 contereret
3552 3304 3581 3357 ?

1955 3394 2181 3449 Norerts
2211 3408 2292 3447 me
2321 3393 2389 3446 ab
2410 3392 2511 3447 hac
2540 3392 2628 3447 die
2656 3394 2786 3460 tuis,
2818 3394 2901 3448 vel
2921 3394 3023 3449 tibi
3051 3394 3198 3449 nullo
3214 3394 3369 3448 modo
3393 3395 3581 3461 famu-

1958 3485 2088 3550 lari,
2128 3486 2241 3537 nisi
2286 3484 2351 3537 de
2377 3485 2550 3552 ipsius
2578 3484 2799 3538 brachio
2848 3489 2897 3539 et
2924 3500 3145 3555 corpore
3177 3485 3387 3555 justam
3414 3488 3578 3540 ultio-

1953 3592 2075 3632 nem
2103 3577 2360 3642 earegeris.
2414 3575 2506 3629 His
2546 3580 2602 3629 et
2640 3575 2959 3642 hujusmodi
2982 3576 3233 3645 jvocibus
3262 3576 3457 3632 fratres
3480 3578 3575 3650 qui

1954 3666 2184 3720 aderant
2223 3670 2278 3719 et
2333 3665 2453 3719 huic
2483 3663 2807 3731 audiebant,
2849 3664 2917 3718 ad
2964 3663 3235 3735 lacrymas
3266 3667 3573 3736 provocati,

1955 3754 2165 3827 pariter
2192 3754 2421 3821 ﬂebant,
2455 3761 2510 3809 et
2538 3754 2659 3824 ejus
2683 3753 2861 3825 juncti
2890 3754 3213 3828 gemitibus,
3245 3756 3443 3811 eadem
3483 3772 3577 3812 ex-

1955 3849 2276 3920 poscebant.
2355 3847 2569 3911 Quibus
2644 3846 2958 3918 peroratis,
3033 3847 3270 3903 rusticus
3343 3848 3579 3903 ecclesia

1954 3950 2211 4008 egressus
2261 3936 2548 4010 aegerrime
2578 3936 2647 3991 ad
2679 3952 2838 3991 suum
2881 3936 3146 3992 remeavit
3176 3937 3575 3994 habitaculum.

1954 4028 2125 4083 Porro
2160 4029 2315 4085 Pater
2344 4035 2567 4084 sanctus
2593 4029 2909 4084 nullatenus
2934 4028 3405 4100 querimoniarum
3428 4029 3578 4085 illius

1954 4117 2182 4185 oblitus,
2221 4118 2276 4172 in
2308 4117 2610 4192 malignum
2638 4117 2999 4187 justissimam
3033 4117 3281 4173 exercuit
3305 4117 3570 4173 ultionem

1950 4211 2152 4265 virum.
2184 4211 2468 4267 Brachium
2498 4211 2645 4265 enim
2676 4210 2849 4282 ipsius
2883 4211 3133 4279 ejusdem
3173 4211 3382 4280 lateris,
3416 4213 3577 4280 cujus

1948 4308 2003 4355 et
2042 4301 2229 4355 rustici
2259 4300 2546 4355 brachium
2577 4301 2808 4356 verbere
2857 4301 3157 4356 demolitus
3212 4300 3413 4369 fuerat,
3449 4318 3570 4358 cum

1950 4398 2061 4447 toto
2104 4392 2333 4446 humero
2365 4396 2514 4445 tanta
2567 4390 2621 4446 vi
2652 4389 3000 4465 wgritudinis
3053 4406 3340 4462 pervasum
3401 4398 3575 4447 estut

230 4492 572 4559 postremum
596 4485 651 4538 in
681 4484 956 4559 gurgitem
979 4483 1266 4540 tentabant
1288 4483 1635 4557 demergere.
1662 4483 1726 4537 At
1755 4463 1925 4537 illeD
1950 4481 2177 4537 omnino
2212 4481 2408 4537 iuutile
2455 4480 2681 4549 factum,
2705 4463 2785 4537 Qad
2826 4481 3035 4536 nullum
3068 4481 3291 4551 penitus
3331 4481 3576 4537 necessi-

228 4581 341 4634 Deo
376 4578 481 4632 sibi
514 4578 756 4648 propitio
787 4579 856 4632 ad
882 4579 1211 4634 memoriam
1244 4577 1461 4632 reduxit
1489 4576 1716 4650 gloriosi
1747 4592 1848 4632 no-

227 4687 361 4726 men
392 4668 680 4724 Benedicti
708 4668 897 4734 Patris,
932 4678 986 4723 et
1018 4684 1140 4723 cum
1181 4668 1296 4737 jam
1326 4683 1502 4738 prope
1529 4675 1697 4735 esset,
1729 4674 1789 4721 ut
1816 4684 1848 4723 a

225 4760 583 4821 dmmonibus
634 4760 688 4815 in
736 4760 916 4814 amnis
967 4759 1115 4815 illius
1167 4759 1443 4831 profunda
1482 4765 1844 4832 mergeretur,

225 4864 418 4908 sancte
478 4849 797 4918 Bcnedicte,
856 4856 1044 4905 sancte
1096 4848 1413 4918 Bcnedicte,
1463 4865 1588 4904 cum
1656 4848 1850 4923 grandi

224 4946 465 5001 clamore
505 4943 673 5014 carpit
725 4941 977 4998 crebrius
1006 4942 1227 4998 iterare.
1263 4941 1514 4995 Exterriti
1549 4941 1714 5015 igitur
1742 4942 1851 4997 daa-

223 5050 418 5089 mones
442 5032 510 5087 ad
552 5032 791 5088 nominis
836 5032 998 5101 hujus
1030 5031 1460 5098 invocationem,
1489 5032 1677 5087 statim
1715 5048 1844 5087 eum

226 5124 564 5194 linquentes,
604 5136 755 5177 more
799 5121 907 5175 sibi
940 5128 1208 5177 consueto
1249 5128 1619 5177 evanuerunt.
1677 5121 1847 5178 Porro

227 5215 320 5270 ille
352 5214 549 5270 virtute
570 5214 736 5283 hujus
760 5213 1003 5269 nominis
1032 5229 1156 5269 sese
1187 5229 1424 5269 cernens
1453 5220 1725 5285 ereptura,
1751 5230 1845 5269 re-

226 5310 485 5385 trogrado
511 5309 648 5366 calle
681 5308 1039 5366 Patriciacum
1072 5309 1254 5375 rediit,
1286 5309 1439 5365 nullo
1472 5308 1637 5366 modo
1660 5326 1843 5379 ausus,

295 5503 419 5577 (36f
451 5502 704 5577 Wldraca
741 5519 843 5577 seu
900 5503 1151 5577 Wldraga
1181 5511 1410 5561 vocatur
1462 5505 1518 5560 in
1565 5504 1845 5563 Chartario

227 5575 634 5660 Eat-riciacens'i‘,
693 5576 861 5660 vulgo
903 5575 1180 5643 l‘Oudrac,
1213 5578 1306 5660 qui
1357 5577 1412 5659 in
1469 5578 1843 5660 Ligerimnin-

226 5647 347 5703 fluit
389 5664 557 5717 supra
583 5647 894 5718 Burbonem
927 5654 1003 5707 tut
1032 5647 1244 5718 vocant}
1276 5649 1503 5703 Ancium
1534 5647 1595 5703 in
1643 5649 1848 5706 finibus

223 5718 541 5774 IEduorum.
587 5717 870 5774 Patriciaci
908 5718 1071 5773 situm
1125 5719 1317 5775 definit
1354 5720 1625 5775 Eccardus
1664 5737 1852 5777 comes

224 5792 281 5846 in
312 5792 503 5846 charta
547 5788 582 5844 6
612 5788 694 5844 his
728 5789 939 5845 verbis:
997 5791 1098 5847 Hic
1128 5806 1252 5860 ergo
1291 5792 1434 5848 locus
1472 5794 1529 5847 in
1577 5795 1852 5863 Augusto-

1950 4570 2076 4624 tatis
2105 4586 2262 4624 usum
2313 4570 2654 4625 inveniretur
2684 4571 2971 4625 idoneum.
3009 4572 3125 4634 Quo
3185 4569 3378 4625 dolore
3406 4571 3575 4625 miser

1949 4664 2263 4719 diutissime
2294 4671 2543 4732 vexatus,
2575 4681 2604 4719 a
2637 4662 2791 4721 nullo
2832 4680 3057 4737 prorsus
3086 4665 3431 4721 medicorum
3468 4682 3570 4721 cu-

1949 4752 2056 4808 rari
2092 4754 2293 4819 valuit;
2326 4752 2422 4808 sed
2456 4760 2810 4829 augmentata
2840 4754 3113 4827 angustia,
3142 4754 3341 4809 eodem
3375 4755 3571 4812 morbo

1952 4846 2137 4902 omnia
2176 4846 2349 4918 ipsius
2390 4846 2639 4901 membra
2680 4852 3060 4918 percurrente,
3105 4845 3391 4920 fatigatum
3433 4846 3570 4901 diris

1952 4939 2238 4995 doloribus
2302 4938 2552 5011 spiritum
2635 4938 2970 4994 miserabilis
3040 4937 3431 4995 miserabiliter
3489 4938 3569 4995 ef-

1951 5030 2110 5087 fudit.

2022 5125 2149 5179 CAP.
2198 5124 2418 5178 XLVIII.
2451 5153 2517 5162 —
2552 5124 2831 5180 Contraeti
2886 5122 2991 5176 duo
3030 5122 3212 5176 erecti.
3245 5121 3361 5177 Duo
3402 5122 3569 5178 etiam

1946 5217 2071 5286 viri,
2103 5231 2337 5288 quorum
2396 5221 2633 5287 uterque
2685 5230 2751 5269 ex
2790 5213 2991 5289 agresti
3049 5212 3333 5268 hominum
3366 5229 3572 5291 genere

1948 5308 2189 5365 ducebat
2220 5306 2419 5374 natale,
2452 5306 2697 5362 damnati
2728 5304 3015 5373 membris,
3048 5320 3258 5361 annosa
3275 5322 3568 5364 nervorum

1947 5507 2180 5562 dunensi
2201 5521 2347 5577 pago
2375 5507 2606 5576 positus,
2638 5506 2725 5560 his
2755 5505 2824 5560 ab
2848 5506 3049 5560 oriente
3067 5506 3303 5577 ﬂuentis,
3337 5503 3570 5577 Parrula

1945 5574 2221 5634 videlicef
2240 5574 2295 5632 et
2345 5574 2652 5632 B'urbuncia
2704 5577 2999 5642 dividitur,
3052 5576 3243 5629 deinde
3271 5590 3304 5627 a
3345 5574 3570 5629 meridie

1950 5651 2132 5705 eadem
2165 5650 2467 5703 Burbuncia
2498 5648 2849 5703 descendente
2878 5651 2935 5702 in
2953 5650 3126 5702 Isrum
3145 5646 3368 5715 ﬂuvium
3397 5659 3570 5714 usque

1952 5722 2026 5776 ad
2062 5722 2246 5777 Sancti
2270 5722 2493 5776 Joannis
2531 5721 2831 5787 ecclesiam,
2872 5726 2977 5775 etc.
