3938 6206
368 288 390 342 1
401 286 508 342 235

1383 287 1665 344 RADULFI
1704 288 2014 344 TORTARII
2058 285 2350 343 MONACHI
2392 283 2686 340 FLORIAC.

3565 285 3704 341 1236

366 418 747 475 contractione
798 434 896 475 eos
924 419 1213 490 perdente,
1246 418 1561 475 diutissime
1604 420 1660 474 in
1698 419 1836 486 suis,
1874 420 1977 475 hoc
2005 424 2053 492 Α
2079 417 2203 483 dus,
2239 415 2572 489 cognomine
2612 413 2805 481 Albus,
2864 413 2947 468 vir
2987 420 3207 485 potens,
3258 428 3371 470 non
3430 414 3612 470 solum
3651 414 3707 470 in

366 516 603 585 cogente
649 511 863 578 morbo,
923 511 1134 565 resides
1184 511 1407 579 jacuere
1453 511 1714 586 grabatis.
1773 511 1976 565 Horum

367 614 512 652 unus
542 598 724 652 incola
753 598 927 663 villae;
976 615 1098 670 qua:
1127 608 1352 654 sanctus
1383 601 1609 655 Bonitus
1639 601 1707 654 de
1761 600 1979 653 Vetula-

368 684 528 739 vinea
559 685 790 751 dicitur;
833 687 971 741 alter
1002 701 1131 742 vero
1178 704 1243 742 ex
1274 689 1401 743 villa
1442 689 1718 763 Palingias
1748 689 1981 743 vocitata

368 778 646 834 exstitisse
678 781 1020 850 perhibetur.
1068 782 1166 845 Qui
1214 781 1515 852 primordio
1546 798 1657 835 suae
1710 781 1978 835 inva'etu-

368 866 538 936 dinis,
568 870 807 940 amplius
855 872 1002 939 justo
1046 871 1284 925 anilibus
1329 870 1537 925 creduli
1586 870 1807 937 fabulis,
1869 885 1978 924 non

369 962 559 1031 paucis
598 961 818 1029 diebus,
840 962 988 1017 falsis
1016 962 1458 1017 muliercularum
1492 962 1827 1017 carminibus
1857 977 1979 1015 sese

369 1054 550 1125 decipi
580 1054 948 1124 pertulerunt,
973 1055 1198 1109 animati
1229 1055 1376 1109 falsis
1405 1056 1628 1126 spebus.
1662 1056 1766 1109 Sed
1803 1063 1855 1109 et
1880 1071 1979 1126 po-

372 1143 646 1213 pularium
701 1145 1038 1199 medicorum
1093 1145 1340 1199 insanam
1388 1146 1599 1215 experti
1649 1162 1833 1216 Opem,
1885 1146 1980 1217 qui

370 1232 687 1300 artemisize,
744 1250 1015 1300 vervenze,
1071 1235 1341 1302 betarum,
1420 1251 1516 1289 seu
1578 1236 1806 1289 aliarum
1860 1252 1985 1306 qua:

375 1322 571 1393 passim
598 1324 757 1378 tellus
787 1325 951 1379 edere
982 1326 1272 1380 consuevit
1300 1328 1482 1381 succis
1533 1327 1847 1390 herbarum,
1882 1342 1982 1381 seu

370 1415 713 1471 diversorum
744 1417 1064 1473 animalium
1096 1418 1372 1489 adipibus,
1395 1419 1488 1473 vili
1521 1419 1824 1490 plebecula}
1853 1420 1983 1473 illu-

375 1507 507 1561 dere
538 1508 739 1576 solent,
774 1509 852 1563 nil
893 1510 1122 1566 omnino
1178 1511 1552 1582 profecerunt.
1598 1511 1748 1565 Unde
1800 1511 1985 1566 animo

376 1596 611 1663 dimissi,
658 1598 891 1653 ulterius
935 1600 1207 1655 medelam
1267 1617 1326 1655 se
1370 1601 1601 1672 adipisci
1660 1601 1990 1655 destiterunt

374 1702 619 1755 sperare,
662 1704 826 1759 quam
883 1704 1221 1760 magnopere
1273 1706 1394 1744 sese
1426 1690 1720 1760 expetiisse
1752 1690 1987 1743 arbitra-

376 1773 599 1830 bantur.
657 1776 718 1831 ln
773 1794 883 1849 qua
938 1778 1331 1849 desperatione
1387 1779 1483 1833 diu
1547 1786 1987 1849 perseverantes,

378 1866 518 1919 nihil
546 1867 615 1921 de
644 1884 743 1923 sua
772 1870 948 1924 salute
976 1870 1314 1943 cogitabant.
1345 1871 1619 1924 lmmensa
1652 1886 1781 1925 vero
1812 1870 1997 1925 omni-

379 1953 621 2024 potentis
662 1956 876 2010 Domini
923 1956 1241 2025 clementia,
1290 1974 1413 2029 quas
1475 1958 1691 2012 illorum
1746 1958 1996 2012 misereri

380 2047 723 2116 decreverat,
777 2050 1003 2105 immisit
1053 2052 1207 2106 cordi
1239 2068 1454 2120 eorum,
1496 2062 1771 2124 quatenus
1822 2053 1997 2107 Patri-

382 2143 594 2199 ciacum
642 2146 921 2216 deportari
976 2162 1035 2201 se
1066 2146 1338 2213 facerent,
1375 2148 1704 2219 Patremque
1758 2147 1999 2201 Benedi-

382 2249 529 2295 ctum
582 2245 641 2291 ut
669 2251 769 2307 pro
800 2251 992 2290 eorum
1040 2235 1216 2290 salute
1268 2237 1612 2291 intercedere
1655 2237 1996 2309 dignaretur,

384 2333 691 2382 exorarent.
730 2325 998 2379 Fecerunt
1042 2335 1225 2379 autem
1254 2325 1356 2391 sic,
1392 2341 1501 2381 non
1534 2325 1761 2396 quidem
1797 2325 1993 2379 eodem

384 2429 655 2490 tempore,
696 2418 793 2472 sed
843 2418 1074 2471 diversis
1115 2418 1477 2489 temporibus.
1536 2417 1707 2491 Igitur
1734 2417 1864 2472 dum
1896 2416 2001 2471 ali-

387 2520 522 2584 quot
570 2510 768 2566 diebus
819 2510 872 2563 in
917 2510 1249 2565 monasterio
1308 2510 1556 2580 ejusdem
1597 2509 1702 2564 loci
1746 2509 1999 2580 precibus

387 2603 708 2658 insistentes
756 2606 1194 2671 pernoctasscnt,
1227 2599 1546 2669 sospitatem
1588 2598 1999 2671 integerrimam

391 2701 742 2766 receperunt.
772 2694 1126 2750 Lmtabundis
1150 2693 1334 2763 itaque
1365 2691 1587 2755 animis,
1629 2700 1814 2761 grates
1857 2690 1999 2743 Patri

388 2792 579 2840 sancto
610 2784 943 2848 tribuentes,
986 2788 1338 2837 revertuntur
1360 2780 1426 2834 ad
1456 2781 1704 2851 prepria,
1746 2779 2005 2834 omnibus

392 2873 744 2946 prepalantes
800 2871 1201 2942 omnipotentis
1255 2869 1471 2925 Domini
1533 2868 1587 2922 in
1653 2884 1711 2923 se
1783 2876 2005 2924 ostensa

390 2967 686 3040 magnalia.

466 3060 590 3115 CAP.
608 3059 781 3114 XLIX.
805 3089 875 3099 —
900 3060 1010 3113 Fur
1028 3060 1255 3127 punitus
1276 3058 1335 3112 in
1355 3058 1487 3126 ﬁlio.
1519 3058 1784 3111 Pwnite-ns
1800 3058 2008 3125 [illisa-

390 3153 611 3205 nitatem
640 3150 860 3204 obtinet.
904 3147 1160 3212 Quaedam
1215 3146 1491 3216 possessio
1532 3146 1675 3200 dicta
1707 3145 2004 3200 Sulmeria-

392 3261 490 3301 cus
533 3244 643 3314 (37)
678 3242 1157 3297 Patriciacensium
1186 3241 1433 3309 subjaeet
1468 3240 1690 3306 ditioni,
1716 3255 1838 3311 qua:
1870 3240 2006 3311 ipsis

393 3354 505 3394 non
546 3337 955 3392 contemnenda
974 3334 1293 3389 victualium
1317 3333 1611 3405 quotannis
1631 3350 1808 3387 rerum
1843 3334 2008 3389 infert

392 3430 660 3485 subsidia.
676 3428 772 3483 Cui
787 3427 1103 3498 nuperrime
1119 3427 1476 3497 praefecerant
1496 3426 1790 3497 quemdam
1807 3443 1870 3481 ex
1893 3428 2008 3482 suis

392 3521 611 3588 fratres,
654 3520 830 3595 gratia
862 3519 1117 3574 tuitionis
1148 3519 1252 3575 loci
1296 3526 1350 3575 et
1390 3520 1754 3574 areendorum
1799 3520 2009 3589 praedo-

392 3627 545 3679 num,
575 3617 629 3665 et
659 3609 1097 3683 colligendorum
1128 3607 1412 3663 annuatim
1435 3607 1609 3663 solitae
1640 3618 2008 3678 repraesenta-

394 3702 559 3758 tionis
581 3701 879 3757 fructuum.
912 3701 1045 3756 Huic
1067 3699 1393 3756 vocabulum
1412 3700 1589 3754 inerat
1610 3699 1756 3765 Odo;
1782 3716 1890 3771 quo
1920 3717 2009 3756 re-

393 3795 627 3863 ferente,
651 3810 717 3850 ea
746 3810 869 3866 quae
895 3793 1075 3850 scribo
1103 3793 1354 3868 cognovi.
1387 3791 1618 3857 Quidam
1652 3793 2009 3847 Arehembal-

464 3955 573 4025 (37)
624 3952 763 4007 Villa
794 3952 935 4025 haec
974 3952 1240 4025 sita_erat
1289 3952 1351 4025 in
1374 3951 2005 4025 _pagoulllatisconensi,

393 4023 640 4083 Fleriaco
680 4024 942 4079 attributa
984 4041 1013 4079 a
1044 4023 1338 4078 Winiterio
1373 4023 1592 4077 Eceardi
1653 4023 1870 4077 comitis
1899 4038 2002 4075 ne-

395 4108 546 4171 pote,
579 4113 643 4171 ex
673 4097 878 4151 chartis
904 4097 975 4171 ΞΟ
1014 4103 1068 4149 et
1094 4095 1163 4148 22
1190 4094 1397 4171 codicis
1427 4094 1862 4171 Patriciaeensis.

467 4169 574 4238 (38)
600 4169 718 4224 Non
742 4168 995 4239 pervenit
1022 4175 1213 4221 auctor
1238 4166 1304 4219 ad
1337 4182 1541 4239 annum
1584 4166 1742 4239 tl_07_,
1777 4180 1886 4239 quo
1917 4179 2008 4217 re-

395 4236 690 4313 liquiarum
732 4236 907 4294 sancti
940 4238 1113 4293 Patris
1167 4237 1450 4313 Benedicti
1493 4236 1775 4313 translatio
1825 4236 2016 4313 inpo-

395 4305 513 4368 vam
550 4315 761 4368 thecam
813 4314 962 4366 facta
1000 4316 1085 4364 est
1115 4326 1189 4364 xu
1239 4309 1353 4364 Kal.
1383 4308 1608 4380 Aprilis,
1649 4305 2017 4379 praesentibus

2081 506 2347 561 ruricolas
2415 503 2605 576 praedii
2671 502 2869 570 illius,
2935 518 3125 557 verum
3194 503 3361 558 etiam
3439 503 3498 558 in
3576 520 3709 560 eon-

2083 596 2285 667 tiguos,
2358 595 2514 649 avita:
2596 591 2996 648 dominationis
3080 591 3380 647 exercebat
3431 592 3546 661 jus.
3608 592 3711 647 Cu-

2077 688 2169 755 jus
2229 701 2364 740 uxor
2415 686 2546 739 dum
2596 684 2891 739 occasione
2958 684 3135 754 turpis
3215 689 3461 755 quaastus
3530 683 3709 738 vicina

2083 787 2404 851 peragraret
2436 795 2583 845 rura,
2614 776 2839 832 devenit
2870 777 2938 831 ad
2989 792 3157 846 supra
3195 783 3562 830 memoratum
3585 793 3705 831 cum

2080 872 2323 942 superbo
2354 872 2615 926 comitatu
2634 871 2840 936 locum,
2865 871 2945 925 uti
2974 870 3293 939 hujusmodi
3325 871 3587 925 incedere
3624 888 3709 925 as-

2080 961 2264 1014 solent
2318 968 2608 1015 matronis.
2676 959 2799 1014 Erat
2854 968 3037 1014 autem
3094 958 3410 1014 autumnale
3464 968 3708 1031 tempus,

2083 1049 2307 1119 quando
2340 1049 2546 1119 pressis
2604 1048 2865 1103 torculari
2913 1047 3081 1115 vinis,
3140 1048 3330 1103 vinum
3374 1048 3543 1104 condi
3574 1048 3712 1104 solet

2085 1140 2141 1194 in
2174 1142 2494 1212 praeparatis
2533 1142 2928 1213 promptuariis
2968 1142 3036 1196 ad
3064 1143 3397 1197 servandum
3432 1143 3490 1197 in
3523 1151 3710 1214 poste-

2088 1249 2245 1297 rum;
2304 1233 2461 1301 cujus
2499 1249 2610 1289 non
2677 1234 2895 1289 modica
2938 1234 3219 1306 quantitas
3266 1241 3398 1290 tunc
3434 1235 3713 1306 jtemporis

2087 1324 2294 1379 ibidem
2327 1325 2653 1380 habebatur.
2679 1326 2899 1381 Mandat
2929 1341 3060 1398 ergo
3086 1326 3283 1381 eadem
3320 1335 3572 1381 matrona
3601 1341 3715 1382 mo-

2084 1421 2262 1474 nacho
2292 1427 2349 1474 ut
2377 1420 2484 1474 sibi
2504 1427 2557 1475 et
2578 1421 2691 1475 suis
2707 1422 3074 1476 acceleratum
3103 1421 3365 1477 exhibeat
3392 1422 3709 1493 prandium.

2089 1511 2187 1576 Qui
2220 1511 2453 1566 audiens
2479 1529 2601 1583 qua:
2622 1512 2983 1582 jubebantur,
3038 1511 3210 1568 nimia
3240 1513 3409 1568 animi
3453 1514 3709 1588 indigna-

2091 1600 2241 1655 tione
2281 1609 2609 1663 commotus,
2652 1608 2712 1656 ut
2755 1608 2873 1657 erat
2920 1602 3223 1667 animosus,
3266 1603 3561 1674 respondit
3606 1619 3710 1657 ne-

2092 1709 2367 1766 quaquam
2400 1709 2459 1746 se
2500 1693 2796 1759 directum,
2848 1700 3125 1765 quatenus
3172 1693 3542 1749 substantiam
3573 1695 3716 1750 ruris

2100 1786 2270 1855 ipsius
2291 1784 2342 1837 in
2372 1784 2642 1839 conviviis
2666 1784 2959 1840 mulierum
2984 1784 3349 1856 expenderet,
3368 1784 3468 1839 sed
3497 1793 3557 1839 ut
3581 1785 3718 1839 ﬁde—

2099 1874 2225 1928 liter
2264 1872 2547 1927 collectam
2593 1873 2674 1927 eis
2704 1872 2801 1944 qui
2847 1888 2906 1926 se
2959 1872 3225 1927 miserant
3278 1872 3569 1946 dirigeret,
3616 1889 3717 1927 nec

2096 1962 2557 2017 consuetudinem
2601 1961 2887 2031 imponere
2945 1960 3067 2015 loco
3100 1960 3239 2015 velle
3290 1976 3458 2032 quam
3491 1976 3604 2016 non
3633 1961 3714 2016 in-

2097 2053 2360 2110 venisset.
2384 2054 2499 2118 Qua
2530 2052 2895 2122 responsione
2927 2051 3209 2106 contemni
3233 2067 3358 2105 sese
3392 2052 3595 2106 mulier
3622 2067 3713 2107 au-

2100 2151 2338 2212 tumans,
2369 2144 2666 2199 furibunda
2723 2143 2972 2197 recessit.
3010 2143 3246 2214 Imperat
3293 2158 3427 2216 ergo
3458 2144 3721 2216 Ansegiso

2103 2236 2326 2291 Brutnio
2366 2236 2458 2307 qui
2492 2251 2687 2290 eorum
2722 2234 2967 2289 locorum
3017 2233 3087 2288 ab
3128 2234 3249 2304 ipsa
3279 2234 3716 2289 dominationem

2100 2337 2407 2399 acceperat,
2457 2334 2733 2399 quatenus
2763 2325 3033 2397 quidquid
3086 2324 3201 2381 vini
3232 2324 3336 2379 sub
3370 2325 3498 2393 jure
3531 2341 3722 2380 mona-

2101 2420 2327 2475 chorum
2387 2420 2705 2490 reperisset,
2755 2417 3018 2489 plaustris
3061 2416 3358 2488 imponens
3395 2416 3722 2482 deveheret,

2102 2516 2156 2567 et
2193 2526 2293 2565 suo
2347 2509 2568 2565 cellario
2622 2508 2965 2563 reconderet.
3025 2506 3122 2562 Hic
3153 2506 3447 2577 praeceptis
3477 2506 3715 2561 dominas

2102 2599 2366 2654 velociter
2392 2597 2700 2653 obaudiens
2727 2595 2996 2651 vehiculis
3017 2595 3204 2650 vinum
3240 2594 3500 2665 imponit,
3534 2602 3591 2649 et
3615 2595 3726 2649 suis

2104 2688 2309 2742 inferre
2343 2695 2599 2757 prOperat
2637 2684 2946 2756 apothecis.
2997 2685 3060 2739 At
3098 2698 3449 2754 nequaquam
3481 2683 3580 2737 diu
3614 2699 3712 2758 ga-

2104 2780 2251 2834 visus
2272 2787 2373 2833 est.
2398 2777 2645 2848 Denique
2660 2775 2811 2831 filius
2833 2775 2955 2846 ejus
2973 2774 3275 2830 admodum
3302 2790 3527 2845 parvus,
3556 2790 3718 2844 quem

2105 2868 2267 2923 unice
2321 2866 2608 2941 diligebat,
2659 2881 2783 2919 mox
2838 2871 2898 2919 ut
2937 2864 3181 2935 plaustra
3225 2862 3371 2917 fores
3420 2862 3722 2934 attigerunt

2108 2958 2328 3025 domus,
2374 2964 2481 3011 tam
2524 2955 2720 3009 validis
2765 2953 3013 3008 febribus
3043 2952 3229 3024 urgeri
3271 2952 3441 3023 erepit
3498 2959 3558 3006 ut
3586 2968 3722 3023 pene

2109 3049 2346 3104 animam
2380 3049 2681 3103 exhalaret.
2715 3048 2781 3102 At
2836 3046 2920 3101 vir
2948 3045 3042 3099 ille
3076 3060 3424 3116 nequaquam
3474 3044 3724 3099 haesitans

2108 3142 2214 3196 hoc
2242 3138 2601 3195 infortunium
2663 3137 2769 3191 sibi
2814 3135 3088 3203 accidere,
3150 3150 3217 3190 eo
3278 3134 3430 3206 quod
3478 3132 3725 3188 nefandis

2108 3233 2345 3289 domina)
2362 3231 2531 3302 jussis
2552 3226 3210 3300 obtemperasset,vinum
3241 3226 3510 3291 reddidit,
3527 3234 3583 3280 et
3604 3225 3723 3296 quia

2106 3329 2269 3384 stulte
2300 3326 2503 3401 egisset
2532 3340 2949 3396 recognoscens
2988 3338 3088 3392 pro
3128 3337 3229 3377 suo
3263 3321 3469 3375 delicto
3500 3320 3717 3374 satisfe-

2109 3417 2202 3471 cit.
2234 3416 2559 3486 Patremque
2598 3413 2958 3468 Benedictum
2991 3427 3092 3483 pro
3124 3411 3283 3482 pueri
3322 3410 3503 3465 salute
3531 3408 3716 3464 oravit.

2112 3509 2279 3573 Quem
2312 3509 2434 3579 pius
2451 3508 2609 3561 Pater
2628 3504 3010 3577 pcenitentiam
3040 3503 3214 3574 ipsius
3240 3511 3541 3573 acceptans
3553 3517 3713 3557 exau-

2108 3597 2283 3663 divit,
2334 3604 2389 3651 et
2447 3612 2675 3667 puerum
2742 3595 2797 3649 in
2862 3593 3151 3665 pristinam
3212 3591 3502 3647 sanitatem
3562 3588 3713 3645 resti-

2110 3693 2209 3748 tuit
2240 3692 2396 3763 (38)..

2108 3946 2382 4019 Ludovico
2432 3961 2583 4019 rege,
2634 3940 3285 4019 Joanne_Aure_l_ianensi,
3326 3945 3383 3993 et
3424 3937 3703 4019 llumbaldo

2108 4010 2577 4072 Antissiodoreﬁsi
2632 4013 2953 4085 episc0pis;
2992 4012 3303 4085 Christiano
3344 4010 3704 4085 quoquegejus

2108 4089 2215 4145 loci
2269 4088 2562 4153 monacho,
2623 4083 2718 4157 qui
2775 4100 2887 4157 rem
2948 4084 3145 4157 litteris
3202 4083 3508 4157 mandavit,
3549 4083 3707 4152 aitque

2110 4160 2306 4216 factam
2340 4175 2463 4213 esse
2499 4165 2612 4212 tum
2642 4153 2985 4211 electionem
3022 4153 3256 4209 Bosonis
3289 4154 3507 4208 abbatis
3532 4169 3595 4208 eo
3618 4166 3705 4206 no-

2116 4232 2264 4287 mine
2321 4229 2553 4285 secundi
2596 4229 2652 4282 in
2706 4229 2886 4283 locum
2922 4226 3183 4293 Simonis,
3222 4225 3315 4297 qui
3364 4226 3555 4296 paucis
3602 4229 3706 4279 ante

2116 4304 2313 4359 diebus
2341 4302 2571 4357 obierat.

398 4459 3694 4489 _________—____________________

398 4486 521 4489 ﬁ"

1729 4649 2414 4757 APPENDIX

1160 4828 1209 4883 A
1240 4826 1617 4883 Bollandianis
1644 4826 1830 4894 fusior
1859 4825 2057 4880 addita
2084 4840 2151 4879 ea:
2179 4839 2280 4879 ms.
2322 4821 2499 4878 codice
2528 4819 2937 4877 Palriciacensi.

475 5030 524 5082 1.
577 5026 843 5099 Tempore
874 5026 1122 5082 Gauzlini
1161 5025 1547 5099 gloriosissimi
1578 5024 1749 5080 Patris
1776 5040 1840 5080 ac
1868 5025 2015 5078 Bitu-
2039 5026 2098 5095 ι)
2118 5023 2223 5079 bus
2248 5021 2456 5095 perfrui
2486 5020 2641 5089 cujus
2671 5022 2827 5073 erant
2856 5012 3108 5071 doctrina
3137 5018 3192 5067 et
3213 5010 3535 5084 magisterio
3560 5006 3710 5062 infor-

400 5117 701 5174 ricensium
749 5117 1183 5189 archiprarsulis,
1223 5116 1378 5171 multi
1420 5115 1688 5172 nobilium
1718 5113 2017 5169 mundialis

401 5210 525 5265 vitae
564 5209 726 5281 nugis
750 5210 1062 5286 abnegatis,
1120 5210 1174 5263 in
1224 5208 1475 5281 palarstra
1502 5207 1667 5276 hujus
1691 5206 1799 5262 loci
1834 5205 1930 5260 Dei
1961 5214 2016 5260 et

402 5300 622 5358 Domini
648 5302 816 5356 nostri
841 5318 901 5357 sc
931 5301 1137 5357 dedere
1164 5301 1357 5358 ditioni
1382 5301 1486 5355 sub
1507 5299 1792 5371 proposito
1814 5304 2015 5352 sanctae

403 5394 710 5471 religionis.
768 5394 878 5449 Nec
928 5396 1111 5449 minus
1149 5396 1313 5451 etiam
1367 5396 1434 5451 ab
1465 5393 1681 5450 extimis
1740 5391 2014 5463 Hispaniae

403 5484 742 5553 secessibus,
772 5485 864 5539 alii
906 5502 936 5540 a
966 5503 1137 5557 puero
1169 5488 1224 5542 in
1256 5488 1445 5543 divina
1476 5485 1861 5543 observatione
1887 5497 2015 5537 enu-

403 5583 541 5648 triti,
606 5579 699 5634 alii
753 5577 910 5647 apice
963 5578 1255 5648 pastoralis
1308 5596 1454 5636 curw
1501 5577 1804 5643 sublimati,
1848 5574 2021 5646 patria

406 5672 691 5737 rebusque
717 5665 1010 5733 abdicatis,
1044 5668 1390 5735 praesentiam
1424 5670 1637 5740 petiere
1667 5668 1832 5736 hujus
1862 5666 2018 5737 prin-

410 5758 551 5832 cipis
578 5756 697 5824 Dei,
727 5754 915 5826 magni
943 5754 1339 5825 existimantes,
1368 5760 1415 5813 si
1462 5759 1653 5815 liceret
1698 5756 2015 5829 conSpecti-

2118 5116 2270 5171 mati.
2332 5114 2561 5169 Videres
2614 5108 3011 5167 conﬂuentium
3073 5104 3297 5179 agmina
3364 5102 3708 5168 undecunque

2117 5224 2470 5274 concurrere,
2523 5212 2577 5261 et
2606 5213 2865 5275 tanquam
2906 5214 3019 5255 uno
3049 5212 3143 5254 ore
3174 5196 3524 5267 proclamare
3572 5187 3706 5247 illlud

2117 5298 2308 5354 nobile
2338 5295 2654 5352 vaticinium
2689 5292 2873 5347 Isaia}:
2927 5294 2966 5343 Α
2999 5288 3200 5358 ﬁnibus
3232 5291 3394 5340 terra
3424 5284 3711 5339 audivimus

2118 5389 2323 5452 laudes,
2353 5388 2580 5455 gloriam
2611 5384 2753 5453 justi
2781 5381 2932 5452 (lsaz’.
2963 5394 3113 5441 xxrv,
3153 5376 3263 5445 16).
3300 5374 3364 5428 Et
3392 5370 3709 5427 Psalmistm:

2124 5478 2339 5534 Etenim
2370 5473 2779 5529 benedictionem
2810 5468 2963 5522 dabit
2991 5464 3271 5532 legislator
3309 5461 3481 5533 (Psal.
3522 5472 3716 5525 LXXXIII,

2122 5568 2198 5639 8).
2244 5564 2406 5633 Cujus
2456 5558 2862 5617 benedictionis
2889 5561 2947 5609 ut
2995 5552 3351 5625 participium
3398 5553 3719 5606 mererentur

2121 5658 2344 5731 quidam
2375 5656 2484 5710 duo
2513 5649 2788 5728 germani,
2825 5653 3043 5702 nectare
3087 5643 3217 5699 tacti
3268 5658 3528 5714 superna:
3570 5641 3719 5709 inspi-

2120 5752 2348 5810 rationis
2376 5768 2407 5806 a
2438 5747 2744 5807 Barcinona
2776 5742 2909 5799 urbe
2940 5738 3196 5813 profecti,
3253 5737 3574 5796 communis
3606 5748 3718 5808 pro-
