3938 6206
260 306 391 363 1237

1408 310 1745 368 MIRACULA
1783 313 2010 369 SANCTI
2053 314 2417 370 BENEDICTI.

3438 316 3581 372 1238

259 437 477 494 tectoris
504 436 677 493 nostri
703 443 1112 495 sacrosanctum
1140 439 1397 496 unanimi
1427 449 1553 498 voto
1584 443 1864 515 expetiere
1892 449 1942 516 A
1971 446 2221 502 ecclesiae
2248 446 2406 518 equis
2434 461 2466 501 a
2490 445 2624 501 foris
2644 444 2887 517 frelictis,
2919 447 3140 516 dicens;
3171 448 3372 504 Sancte
3401 448 3578 504 Bene-

257 525 544 582 tumulum.
581 525 822 592 Quorum
852 542 1023 596 unus,
1071 526 1302 584 nomine
1345 529 1609 599 Joannes,
1648 531 1705 586 in
1746 547 1870 588 mo-

258 617 496 673 nasterio
553 617 765 673 Sanctae
795 617 893 674 Dei
941 617 1250 689 Genitricis,
1303 632 1673 695 cognomento
1714 623 1870 679 Rivi-

257 708 523 782 pollensis
582 710 705 781 (39),
749 725 782 765 a
846 710 1084 783 pueritia
1139 712 1310 769 sacris
1369 713 1613 771 imbutus
1653 714 1871 784 litteris,

259 808 459 880 pedum
478 814 856 879 promeruerat
877 823 1021 865 cum
1054 811 1365 882 pastoralis,
1398 812 1611 869 scilicet
1637 813 1875 869 ahbatiae

256 897 470 952 Sancta:
524 894 751 952 Caeciliae
805 897 1038 973 virginis
1077 905 1133 954 et
1188 901 1463 972 martyris,
1513 902 1633 957 sitae
1673 901 1731 957 in
1779 917 1875 957 cu-

251 988 470 1057 jusdam
493 989 699 1045 vertice
727 990 963 1057 montis;
995 991 1135 1047 alter
1157 1007 1313 1061 vero,
1342 992 1613 1050 vocabulo
1640 994 1876 1050 Bernar-

256 1078 379 1146 dus,
441 1095 473 1133 a
510 1079 825 1152 quibusque
880 1079 1153 1137 nobilium
1198 1081 1300 1137 sub
1350 1082 1614 1139 tirocinio
1664 1083 1875 1139 militiae

255 1168 538 1224 saecularis
569 1176 654 1225 est
686 1170 1010 1238 instructus,
1036 1171 1157 1239 sed,
1202 1172 1385 1243 quoad
1415 1172 1678 1243 possibile
1707 1172 1868 1242 laico,

255 1261 369 1316 Deo
400 1261 675 1317 subditus.
711 1262 811 1328 Qui
849 1261 1099 1319 ﬂorentis
1128 1263 1340 1319 militiae
1372 1264 1604 1336 abjectis
1630 1264 1868 1334 deliciis,

255 1351 524 1424 quodque
567 1351 864 1409 miriﬁcum
917 1362 1020 1420 est,
1065 1353 1222 1409 taedis
1252 1353 1601 1425 nuptialibus
1645 1354 1868 1427 spretis,

255 1442 532 1515 ignesque
562 1441 730 1497 animi
762 1442 891 1517 igne
929 1457 1199 1514 superans
1238 1459 1492 1515 supernae
1522 1444 1868 1516 contempla-

257 1533 448 1602 tionis,
501 1550 625 1591 cum
667 1535 894 1607 prOprio
922 1550 1185 1608 germano
1224 1536 1526 1591 Floriacum
1566 1552 1744 1608 usque
1792 1536 1875 1592 lo-

258 1638 408 1688 cum,
441 1633 503 1680 ut
542 1625 886 1697 praelibatum
935 1633 1039 1690 est,
1095 1625 1340 1694 devenit,
1399 1626 1585 1699 ibique
1626 1627 1872 1683 habitum

256 1725 465 1775 sanctae
508 1719 798 1795 religionis
827 1719 1112 1775 humiliter
1148 1720 1425 1792 quaesivit,
1473 1730 1528 1777 et
1559 1732 1875 1777 reverenter

1974 535 2144 603 dicte,
2176 535 2277 592 hos
2297 535 2517 590 interim
2544 540 2652 590 tuae
2682 537 2965 594 committo
2982 537 3265 600 custodiae,
3290 537 3426 593 sein
3456 553 3582 594 ora-

1973 623 2184 681 tionem
2212 632 2342 679 ante
2389 638 2607 678 sacrum
2652 623 2806 679 dedit
2858 626 3049 682 altare.
3083 627 3333 700 Dumque
3373 626 3584 683 crebris

1974 713 2311 787 singultibus
2342 727 2537 784 preces
2575 710 2756 768 fundit
2797 714 3080 784 attentius,
3123 717 3353 793 contigit
3382 731 3584 789 quem-

1976 807 2101 862 dam
2143 805 2428 862 transitum
2487 804 2705 863 habere
2760 808 2880 878 pari
2944 809 3169 880 quidem
3214 810 3431 877 itinere,
3486 809 3581 866 sed

1977 896 2186 969 dispari
2213 898 2556 969 operatione.
2585 900 2727 976 Ergo
2756 900 2946 965 miser,
2973 898 3069 954 ubi
3095 899 3373 955 neminem
3406 909 3584 955 custo-

1975 988 2104 1043 dum
2138 989 2363 1060 reperit,
2401 990 2510 1045 vim
2538 988 2746 1046 faciens
2782 989 2989 1063 aurigae
3042 989 3331 1053 invisibili,
3374 989 3585 1045 anima-

1976 1078 2121 1134 libus
2177 1094 2301 1135 cum
2358 1080 2525 1135 armis
2577 1079 2806 1146 invasis,
2860 1078 3146 1150 cujusdam
3205 1077 3437 1147 ﬂuvioli,
3495 1078 3583 1134 cui

1975 1183 2178 1224 nomen
2246 1167 2596 1243 Lubrigatus,
2647 1169 2849 1225 vadum
2916 1168 3166 1239 adusque
3224 1166 3419 1222 tendit.
3478 1166 3583 1222 Sed

1972 1260 2205 1316 demens
2234 1270 2469 1316 emeatus
2497 1259 2744 1333 perﬁdiae
2768 1276 2880 1316 suae
2902 1260 3167 1325 tenebris,
3186 1259 3316 1315 dum
3339 1259 3583 1315 medium

1972 1357 2204 1406 conatur
2233 1366 2365 1405 nare
2421 1350 2673 1424 gurgitis,
2717 1365 2963 1421 praeceps
3002 1365 3171 1404 ruens
3218 1349 3404 1417 undis,
3448 1350 3581 1405 nulli

1972 1441 2112 1497 ultra
2143 1442 2470 1512 comparuit.
2527 1441 2754 1497 Juvenis
2784 1456 2917 1497 vero
2974 1457 3006 1496 a
3034 1441 3238 1513 templo
3268 1442 3583 1515 egrediens,

1974 1532 2104 1587 dum
2138 1532 2242 1587 huc
2270 1531 2507 1603 illucque
2525 1532 2806 1587 oculorum
2820 1530 2982 1587 vertit
3007 1531 3205 1595 aciem,
3236 1530 3583 1586 damnihaud

1973 1623 2176 1679 frustra
2224 1622 2542 1694 impatiens,
2594 1638 2719 1678 mox
2774 1628 2833 1677 ut
2870 1622 3259 1677 animadvertit
3287 1622 3584 1678 adversarii

1972 1717 2247 1784 fraudem,
2297 1717 2548 1773 concitus
2586 1717 2783 1788 irrupit
2821 1716 2928 1772 sibi
2980 1715 3247 1772 debitoris
3277 1715 3584 1784 basilicam,

257 1811 531 1884 suscepit.
554 1812 668 1877 Quo
693 1828 791 1883 pro
818 1819 969 1869 certo
985 1811 1258 1868 referente
1280 1813 1660 1888 cognovimus,
1684 1814 1870 1886 quod-
1896 1854 1947 1922 Β
1972 1811 2102 1867 talia
2139 1826 2275 1866 voce
2305 1809 2538 1883 querula
2577 1810 2951 1882 proclamans:
2987 1812 3112 1881 Eia,
3144 1809 3422 1881 inquiens,
3453 1825 3585 1865 san-

265 1901 378 1922 λμ-
428 1900 736 1922 Mum-“
774 1901 963 1922 LL”:
1004 1901 1054 1922 ε..
1815 1903 1863 1922 εμ
3243 1906 3289 1922 ι,

258 1901 383 1956 dam
420 1900 740 1958 coenobium
774 1901 966 1956 haberi
1004 1901 1059 1956 in
1099 1902 1347 1973 partibus
1377 1902 1509 1972 illis,
1543 1903 1783 1958 dicatum
1814 1903 1871 1957 in
1896 1900 1947 1922 υ
1969 1905 2204 1959 ctissime
2236 1903 2538 1969 Benedicte,
2569 1918 2802 1972 quonam
2818 1907 2979 1972 pacto
3006 1916 3185 1971 preces
3242 1906 3290 1955 te
3336 1905 3584 1970 rogantis

258 1991 472 2047 honore
503 1990 665 2061 hujus
695 1990 858 2046 amici
898 1990 1016 2058 Dei,
1047 2006 1079 2046 a
1117 1999 1421 2048 memorata
1450 1991 1589 2046 urbe
1616 1991 1723 2048 iter
1744 2007 1871 2063 pro-

259 2086 484 2142 trahens
531 2085 698 2140 unius
731 2084 886 2152 -diei;
948 2084 1001 2139 in
1046 2100 1155 2157 quo
1220 2085 1342 2141 loco
1396 2086 1683 2140 innumera
1736 2083 1875 2141 ﬁunt

260 2175 528 2230 miracula
559 2176 628 2229 ad
659 2173 880 2229 laudem
908 2173 1126 2230 Domini
1159 2173 1330 2230 nostri
1364 2174 1495 2230 Jesu
1538 2173 1735 2229 Christi
1774 2190 1874 2245 per

260 2268 457 2323 merita
482 2266 785 2322 beatissimi
813 2266 988 2321 Patris
1025 2267 1201 2323 nostri
1239 2265 1542 2330 Benedicti,
1577 2282 1643 2322 ex
1671 2266 1875 2338 quibus

266 2356 462 2428 [pauca
493 2355 631 2427 haec]
666 2355 1038 2431 perstringere
1070 2355 1250 2412 libuit.

328 2453 383 2506 2.
429 2452 602 2527 Igitur
658 2451 882 2524 quidam
936 2452 1197 2523 praeclare
1260 2451 1463 2509 indolis
1523 2452 1869 2522 adolescens,

259 2559 421 2599 secus
449 2543 733 2615 praefatam
766 2542 1046 2599 basilicam
1084 2544 1188 2600 iter
1206 2544 1437 2614 faciens,
1468 2545 1641 2620 gratia
1678 2545 1872 2601 orandi

260 2652 383 2692 cum
422 2635 650 2708 proprio
694 2636 969 2712 armigero
1017 2635 1272 2693 devertit.
1319 2636 1489 2694 Porro
1527 2652 1674 2709 pone
1722 2636 1872 2693 fores

330 2822 439 2894 (39)
473 2821 747 2894 Hactenus
794 2829 1001 2894 perstat
1056 2824 1451 2880 monasterium
1496 2823 1868 2894 Rivipollense

261 2893 477 2950 ord-nis
539 2893 592 2948 S.
640 2893 926 2950 Benedicti
959 2895 1016 2950 in
1069 2894 1365 2965 Catalania,
1427 2896 1583 2965 cujus
1617 2893 1727 2952 loci
1771 2896 1871 2951 fuit

262 2967 486 3021 Enneco
516 2964 695 3042 abbas
712 2965 1017 3042 imperante
1057 2966 1333 3042 Ludovico
1354 2964 1619 3042 Augusto,
1648 2975 1706 3023 ut
1731 2983 1869 3022 con-

262 3044 369 3092 stat
422 3052 488 3091 ex
530 3037 729 3092 litteris
755 3038 882 3093 Avae
936 3038 1232 3094 comitissaa
1263 3039 1319 3093 in
1369 3037 1484 3094 hae'c
1509 3039 1705 3094 verba:
1758 3042 1870 3107 Ego

263 3111 376 3163 Aea
435 3111 714 3163 cometissa
767 3113 818 3164 et
867 3110 969 3179 ﬁlii
1010 3113 1134 3178 mei,
1200 3114 1266 3166 id
1328 3118 1407 3166 est
1486 3110 1867 3174 Juniofrecus;

263 3195 455 3246 comes,
490 3184 539 3233 et
578 3179 856 3235 Wifredus
885 3196 1075 3249 remes,
1113 3188 1160 3237 et
1194 3182 1386 3238 Ooliba
1429 3197 1616 3249 comes,
1657 3186 1707 3236 et
1736 3181 1870 3236 Miro

262 3253 447 3319 levita,
485 3252 648 3306 simul
676 3252 959 3309 donatores
996 3255 1211 3312 domum
1240 3256 1451 3312 Sanctae
1479 3256 1673 3311 Mariae
1706 3256 1873 3309 silum

1970 1995 2043 2049 ad
2072 1995 2344 2052 Christum
2369 1994 2655 2062 allegabis,
2686 1997 2783 2063 qui
2819 1995 2982 2048 unius
3013 1993 3381 2063 quadrupedis
3410 1997 3584 2048 custos

1973 2103 2085 2144 esse
2112 2089 2399 2158 nequisti?
2439 2086 2680 2142 Obtestor
2743 2102 2850 2142 non
2902 2102 2985 2141 me
3023 2087 3146 2141 hinc
3198 2086 3581 2146 discessurum,

1971 2195 2249 2251 usquequo
2275 2182 2530 2234 restituas
2554 2178 2700 2248 quod
2733 2180 2861 2233 novi
2883 2180 3140 2232 amissum
3170 2181 3269 2232 tua
3310 2178 3587 2246 negligen-

1973 2275 2071 2329 tia.
2118 2272 2240 2326 llaec
2275 2276 2329 2325 et
2360 2271 2444 2325 his
2490 2269 2695 2324 similia
2725 2271 2852 2324 dum
2885 2269 3135 2341 queritur
3182 2284 3316 2325 voce
3368 2270 3582 2337 sedula,

1975 2362 2250 2434 extemplo
2280 2362 2571 2418 revertitur
2590 2361 2825 2431 raptoris
2855 2360 3069 2431 rapina,
3102 2366 3156 2415 et
3185 2360 3396 2433 absque
3414 2362 3583 2420 ullius
3680 2401 3687 2408 -

1974 2456 2220 2531 regentis
2260 2454 2483 2510 solertia
2526 2454 2647 2510 loco
2695 2452 2961 2521 constitit,
2994 2467 3105 2524 quo
3161 2452 3362 2522 injuste
3403 2452 3583 2510 fuerat

1972 2547 2172 2602 ablata.
2222 2544 2305 2600 Fit
2344 2544 2604 2600 continuo
2651 2557 2954 2598 concursus
2989 2540 3343 2613 populorum,
3387 2542 3583 2618 ingens

1971 2636 2151 2711 agitur
2174 2634 2459 2711 gaudium,
2491 2639 2594 2690 etc.

1970 2826 2030 2879 in
2056 2828 2314 2880 comitatu
2339 2824 2582 2890 Ausona,
2611 2824 2673 2877 in
2700 2822 2874 2877 locum
2909 2835 3065 2891 quem
3090 2824 3282 2893 uocant
3311 2822 3583 2893 Riopullo,

1970 2896 2045 2950 ad
2085 2897 2397 2966 prcedictum
2440 2895 2683 2961 domum,
2725 2895 2822 2963 qui
2868 2896 2946 2948 est
2980 2891 3244 2966 fundatus
3264 2894 3343 2966 in
3386 2891 3586 2961 honore

1970 2963 2169 3022 sancta:
2189 2970 2287 3023 Dei
2311 2969 2569 3035 genilrice
2600 2967 2788 3022 Mariae
2816 2968 3075 3035 perpetua
3110 2963 3357 3030 Virgine,
3389 2966 3472 3019 vel
3511 2967 3587 3021 ad

1971 3039 2161 3093 abbate
2188 3042 2493 3106 Ennegone,
2534 3039 2616 3091 vel
2658 3037 2733 3092 ad
2779 3036 3075 3100 monachis,
3105 3036 3200 3106 qui
3227 3035 3428 3090 ibidem
3482 3038 3585 3093 Deo

1972 3113 2235 3177 serviunt,
2274 3105 2371 3163 etc.
2424 3111 2701 3178 Scriptum
2742 3125 2817 3163 xu
2856 3108 2978 3163 Kal.
3034 3105 3190 3174 Julii,
3244 3122 3387 3162 anno
3434 3112 3585 3165 screto

1972 3186 2229 3250 regnante
2254 3182 2521 3237 Ludovico
2550 3196 2672 3251 rege
2685 3181 2799 3251 ﬁlio
2822 3179 3026 3238 Caroli.

810 3631 1721 3761 MIRACULA
1825 3632 1971 3759 S.
2088 3626 3033 3757 BENEDICTI

637 3869 722 3925 EX
774 3868 1059 3925 ANDREIE
1111 3865 1404 3923 MONACHI
1461 3865 1769 3921 HISTnBIA
1820 3863 2106 3920 METRICE
2168 3866 2209 3919 A
2264 3862 2568 3919 RODULFO
2620 3859 2952 3917 TORTABIO
3008 3861 3217 3919 EDITA.

1023 4037 1320 4110 (Bonane.
1354 4037 1499 4093 Acta
1527 4035 1650 4106 SS.,
1682 4036 1818 4091 Mart
1870 4035 1963 4090 die
1991 4034 2084 4101 21,
2117 4049 2183 4090 ex
2213 4051 2319 4090 ms.
2348 4030 2551 4106 reginae
2581 4029 2792 4088 Suecim
2817 4030 2831 4100 )

1734 4237 2122 4252 ﬂ

1554 4425 2273 4526 MONITUM

339 4680 678 4754 sequentem
734 4681 1117 4754 Miraculorum
1161 4682 1363 4739 librum
1408 4682 1649 4754 appellat
1687 4682 1901 4754 Boscus
1936 4699 1980 4754 «_
2002 4677 2263 4754 anony_r_ni
2291 4673 2515 4754 veteris,
2547 4669 2791 4728 auctoris
2824 4669 3047 4754 eruditi,
3073 4666 3347 4750 .monachi
3380 4666 3587 4754 Floriaf

264 4741 483 4828 censis;
522 4773 549 4800 ι»
579 4768 744 4828 quem
770 4752 1107 4828 librumAsine
1129 4755 1370 4828 auctoris
1387 4741 1612 4810 nomine
1627 4754 1685 4828 _i_n
1703 4752 2079 4828 vetustissimo
2091 4741 2283 4805 codice
2304 4745 2661 4828 membraneo
2679 4742 2923 4828 coenobii
2948 4741 3581 4828 Flor-iacensisuinveni‘tf

265 4807 424 4900 addit
452 4807 639 4879 tame'n
672 4807 931 4900 adeaput
956 4807 2133 4900 Eili'hrin—aliquostconjicereVAimoinum
2166 4836 2288 4876 esse
2318 4818 2481 4900 etiam
2499 4815 2748 4900 ejusdem
2779 4812 2904 4900 libri
2934 4817 3208 4900 auctorem
3217 4829 3239 4900 _:
3269 4808 3416 4900 quod
3430 4807 3586 4900 nullo

265 4897 433 4970 modo
459 4902 643 4970 potest
681 4880 1000 4970 subsistere,
1028 4880 1158 4970 quia
1187 4880 1318 4953 num
1350 4880 1446 4952 7'22,
1481 4880 1636 4952 dicti.
1661 4896 1786 4970 libri
1816 4913 1868 4970 iv
1898 4893 2136 4970 refertur
2163 4889 2441 4970 expeditio
2499 4880 2991 4970 HieroASRlymitana
3020 4880 3587 4970 comiti-sgi’gicta‘vien:

264 4956 608 5040 sium._facta
653 4983 801 5024 anno
833 4956 998 5035 1101,
1025 4956 1080 5025 et
1106 4986 1257 5024 num.
1290 4970 1356 5026 27
1400 4978 1649 5024 narratur
1695 4968 2057 5040 Floriacense
2089 4956 2405 5019 incendium
2437 4958 2570 5015 anni
2611 4959 2768 5040 1095i,
2800 4972 2924 5040 cum
2952 4956 3062 5040 jam
3100 4956 3453 5040 septuaginta
3473 4956 3589 5040 talut

264 5020 812 5119 sanguisuga;
837 5020 994 5119 aa;
1023 5020 1353 5119 eaeaeae;
1379 5020 2133 5119 Ᾱξῖέιδίέῄέεςλειίωίμυίης
2153 5040 2447 5119 auctorem
2480 5046 2540 5119 se
2582 5020 3135 5119 aestimatum
3158 5020 3590 5119 rga-aggre-

263 5097 531 5168 riacéhsis
573 5112 874 5169 monachus
894 5112 951 5168 in
982 5097 1237 5187 poemate
1265 5113 1341 5169 De
1371 5111 1652 5167 miraculis
1681 5111 1735 5167 S.
1774 5097 2082 5177 Benedicti,
2114 5107 2207 5162 ubi
2237 5105 2431 5161 eadem
2466 5097 2653 5159 omnia
2683 5100 2850 5157 habet
2879 5114 3002 5154 cum
3032 5097 3139 5152 hoc
3168 5097 3477 5167 prommio':

1120 5218 1239 5281 Qua:
1266 5230 1440 5286 nuper
1463 5228 1653 5285 prosa,
1685 5213 1870 5286 digere
1907 5211 2154 5286 carmine
2158 5211 2330 5286 gesta,

1196 5282 1668 5343 Claruerit'noster
1694 5298 1811 5355 qua
1837 5282 2087 5352 faciendo
2118 5282 2299 5335 Pater.

339 5390 666 5462 Reperimus
685 5391 811 5462 hoc:
817 5404 1017 5462 poema
1045 5387 1261 5462 aliaque
1292 5387 1414 5462 ejus
1428 5401 1604 5462 opera
1629 5382 1777 5462 varia
1798 5382 1854 5436 in
1871 5380 2066 5462 codice
2087 5385 2401 5462 pervetusto
2433 5376 2639 5453 regina:
2670 5373 2912 5462 Suecies,‘
2927 5384 3157 5462 numero
3182 5367 3590 5462 iéfgisignato.

268 5440 1613 5533 Prb'péﬁéiiéﬁiai'ﬁtirifh’bieﬁ'ié‘mitissima,
1638 5455 1848 5533 aliquot
1876 5440 2143 5533 millibus,
2169 5440 2528 5533 distichorum
2560 5446 2855 5533 conscripti
2882 5440 3595 5533 degregnis‘LbEllif‘,trigly-

1140 5508 1215 5588 £6
1248 5508 1958 5598 Qii'iéﬂﬁifb’eipi-ﬁaeuter
1983 5508 2147 5578 dictis
2183 5531 2239 5578 et
2265 5522 2424 5576 factis
2453 5538 2516 5577 ac
2545 5508 2845 5587 similibus,
2873 5508 3106 5589 quorum
3138 5511 3384 5568 omnium
3405 5508 3593 5580 prolo-

267 5604 396 5680 gum
428 5604 624 5663 damus
647 5623 662 5661 ε

1126 5706 1452 5766 Dumnacal,
1477 5703 1525 5754 et
1555 5699 1699 5754 curis
1728 5711 1872 5752 mens
1899 5709 2006 5750 non
2034 5695 2279 5766 agitatur
2303 5695 2510 5759 avaris,

1195 5776 1331 5829 Dum
1364 5764 1522 5828 lentis
1549 5772 1763 5825 animus
1793 5767 2044 5837 ﬂuctibus
2070 5764 2426 5825 abstrahitur,
