3938 6206
371 318 509 375 1239
1378 315 1658 371 RADULFI
1700 315 1926 372 TORTA]

2149 314 2341 371 NACHl
2386 314 2681 371 FLORIAC.
3567 318 3704 375 1240

1225 443 1402 498 Flores
1431 443 1498 497 de
1532 446 1709 498 vernis
1738 446 1956 499 metrico
1980 444 2258 512 decerpere
2284 446 2484 514 pratis.

1292 515 1489 569 Pollice
1517 514 1751 581 decrevi,
1783 520 1962 570 noster
1989 517 2157 569 amice
2188 516 2307 570 tibi.

1222 586 1325 639 Hoc
1352 590 1601 654 portenta
1625 587 1721 639 tibi
1730 627 1743 651 ,
1762 589 2044 648 miracula,
2072 588 2281 640 somnia
2301 588 2517 656 scripsi,

1295 658 1506 725 Scripsi
1543 657 1608 710 de
1634 658 1787 711 rebus
1815 658 1901 712 hic
1937 658 2368 712 memorabilibus

1222 732 1394 792 Recte,
1423 743 1685 796 perverse,
1733 734 1943 783 versute
1970 731 2119 783 dicta
2154 730 2237 783 vel
2261 734 2385 784 acta

1292 801 1447 864 Dixi,
1476 816 1593 869 qua:
1627 800 1774 865 facto
1800 804 2120 868 contigerint
2148 804 2320 855 vario.

1226 873 1390 937 Urges
1416 870 1492 923 ad
1518 872 1747 937 famam,
1779 872 1914 937 Olio,
1947 887 2067 941 quae
2091 874 2276 940 prima
2303 877 2534 940 poetam,

1288 943 1459 997 Adsis
1484 945 1781 1013 principiis
1814 958 1882 996 ea:
1909 945 2157 997 Helicone
2183 946 2332 998 meis.

441 1046 827 1119 Sequebantur
857 1042 1105 1116 epistolae
1138 1042 1392 1098 undecim
1420 1042 1488 1096 ad
1515 1042 1712 1109 varios,
1747 1058 1979 1114 quorum
2011 1043 2186 1113 prima
2224 1042 2292 1097 ad
2324 1042 2687 1097 Guarnerium
2728 1042 3038 1099 Burdonem
3060 1042 3139 1099 sic
3167 1043 3404 1115 incipit:

1215 1145 1415 1212 Accipe
1441 1144 1786 1212 descriptam,
1816 1143 2083 1199 Guarneri
2111 1144 2313 1210 Burdo,
2345 1144 2594 1211 salutem,

1286 1218 1534 1283 Dirigita
1565 1221 1708 1269 torta
1735 1216 2018 1285 quamlibi
2049 1231 2239 1270 nomen
2268 1216 2487 1270 habens.

365 1316 620 1374 Secunda
651 1322 735 1371 est
770 1314 838 1369 ad
868 1314 1202 1370 Dernardum
1226 1314 1332 1369 hoc
1361 1314 1618 1371 exordio:

1215 1420 1319 1473 Pro
1356 1418 1581 1478 meritis,
1605 1416 1899 1482 Bernarde,
1926 1418 2031 1470 tuis
2053 1416 2151 1470 tibi
2186 1416 2351 1470 verba
2379 1417 2577 1470 salutis

1254 1489 1493 1543 Paucula
1516 1488 1829 1557 Rodulphus
1869 1489 2093 1542 adnotat
2118 1490 2223 1558 ipse
2255 1492 2402 1542 tuus.

364 1591 547 1647 Tertio
580 1590 701 1646 loco
745 1589 1242 1662 legebanturuaeta
1272 1588 1395 1641 vita:
1448 1586 1787 1662 eternartyris
1817 1586 1873 1640 S.
1909 1586 2077 1662 Mauri
2108 1586 2367 1662 Africani,
2412 1602 2645 1662 quorum
2687 1585 2930 1662 ultimam
2970 1592 3201 1662 partem
3219 1586 3297 1662 de
3332 1586 3697 1662 translatione

362 1662 608 1733 corporis
637 1661 704 1716 ad
727 1658 1041 1733 ctenobium
1076 1660 1418 1715 Floriacense
1444 1658 1617 1713 edidit
1648 1659 1850 1713 Boscus
1879 1675 1910 1712 a
1940 1659 2139 1732 pagina
2165 1658 2267 1713 3m
2290 1674 2413 1713 cum
2459 1660 2559 1712 hac
2585 1658 2832 1713 clausula
2862 1673 3069 1713 annum
3112 1658 3270 1726 1117,
3305 1673 3416 1731 quo
3473 1660 3684 1730 scripta

367 1731 483 1790 haec
512 1734 641 1799 sint,
675 1731 1018 1805 significante
1044 1749 1056 1785 :

1179 1805 1367 1857 Mauro
1393 1817 1561 1867 sacer,
1585 1803 1790 1855 meritis
1816 1804 2016 1855 exaudi
2036 1806 2157 1855 vota
2188 1803 2487 1870 precantis,

1181 1874 1336 1940 Quod
1358 1874 1506 1927 dedit
1534 1876 1763 1940 exiguus
1798 1875 2082 1926 Tortarius
2112 1875 2294 1941 accipe
2323 1887 2534 1933 munus,

1182 1947 1331 1999 Mille
1369 1948 1459 1998 sui
1484 1960 1686 2011 versus,
1716 1960 1813 1999 sua
1841 1945 2055 1997 demant
2086 1947 2325 1997 crimina
2362 1944 2507 1998 mille
2535 1961 2548 1997 :

1183 2017 1387 2084 Septies
1418 2021 1466 2070 et
1494 2016 1619 2070 deni
1629 2032 1743 2069 cum
1772 2022 1975 2069 centum
2005 2020 2197 2069 cetera
2224 2020 2454 2085 tergunt.

434 2126 751 2181 Addebatur
776 2125 1013 2196 hymnus
1046 2124 1272 2195 sapbico
1300 2124 1541 2179 carmine
1581 2124 1650 2179 de
1682 2125 1875 2179 eodem
1901 2131 2089 2179 sancto
2116 2124 2299 2179 Mauro
2331 2141 2494 2195 quem
2525 2124 2580 2178 in
2611 2123 2804 2196 codice
2837 2123 3167 2196 Floriaccnsi
3213 2138 3312 2195 pro
3340 2123 3690 2178 membrana-

368 2216 485 2254 rum
522 2197 794 2253 tenuitate
817 2194 876 2250 et
906 2194 1178 2250 vetustate
1207 2213 1266 2250 se
1319 2212 1430 2251 non
1470 2197 1711 2265 potuisse
1762 2197 1941 2267 legere
1980 2196 2184 2251 fatetur
2212 2194 2416 2251 Boscus
2464 2212 2588 2267 pag.
2642 2195 2767 2262 353,
2808 2194 2905 2267 ubi
2948 2194 3246 2267 auctorem
3304 2196 3496 2267 hymni
3555 2196 3687 2251 facit

372 2270 724 2339 Rodulpbum
779 2268 1208 2322 Floriacensem:
1237 2284 1269 2321 a
1306 2283 1414 2339 quo
1448 2284 1733 2337 perperam
1763 2265 2039 2321 diversum
2072 2266 2370 2339 arbitratus
2395 2265 2476 2321 est
2507 2265 2545 2320 a‘
2564 2267 2742 2339 Torta,
2791 2266 2909 2320 sive
2945 2265 3211 2339 Tortario,
3247 2265 3355 2321 sub
3404 2267 3565 2334 cujus
3596 2283 3695 2321 no-

362 2343 510 2396 mine
539 2338 715 2393 edidit
744 2340 857 2410 jam
892 2339 1093 2393 dictam
1119 2339 1171 2392 S.
1196 2338 1364 2393 Mauri
1390 2340 1823 2393 translationem.
1850 2339 2045 2393 Ultimo
2076 2338 2319 2410 denique
2345 2339 2465 2393 loco
2491 2338 2840 2410 habebantur
2865 2338 3381 2410 acta,translatioet
3402 2339 3693 2393 miracula-

363 2415 416 2468 S.
462 2408 766 2479 Benedicti,
793 2426 1027 2482 quorum
1060 2409 1235 2465 moles
1268 2410 1435 2463 nimia
1476 2410 1725 2481 impedit,
1757 2426 1869 2480 quo
1894 2410 2076 2464 minus
2104 2409 2193 2464 hic
2220 2408 2434 2465 demus.
2472 2409 2673 2465 llorum
2702 2409 2964 2483 prologus
2995 2409 3067 2464 ita
3101 2408 3324 2481 incipit:

1178 2507 1398 2577 Accipe,
1428 2508 1503 2560 mi
1545 2507 1717 2571 Falco,
1745 2508 1847 2561 tibi
1872 2522 1991 2576 quae
2022 2508 2340 2562 tetrasticha
2368 2510 2561 2575 mitto;

1253 2580 1603 2644 Legzslatoris
1620 2580 1830 2647 perlege
1859 2583 2008 2645 gesta
2035 2581 2237 2634 Patris.

1180 2651 1303 2705 Haec
1329 2650 1686 2719 tibijucundo
1705 2654 1901 2718 scripsi
1918 2651 2235 2719 Rodulphus
2264 2652 2451 2704 amico.

1256 2723 1322 2777 Ut
1362 2726 1457 2775 tua
1482 2723 1551 2776 sit
1579 2725 1778 2776 nostris
1805 2725 2001 2776 mentio
2024 2724 2176 2789 facta
2202 2722 2378 2776 libris.

432 2821 505 2875 Ex
535 2820 642 2876 hoc
664 2825 921 2891 poemate
953 2820 1146 2875 damus
1174 2820 1373 2874 librum
1399 2827 1648 2891 quartum
1678 2821 2066 2876 miraculorum
2110 2837 2251 2884 var,
2285 2837 2407 2892 quae
2432 2826 2591 2875 antea
2620 2820 2864 2892 Andreas
2886 2821 3190 2876 monachus
3222 2820 3407 2878 soluto
3438 2837 3691 2884 sermone

360 2899 774 2966 composuerat;
804 2892 1147 2966 et‘bactenus
1179 2908 1447 2966 nusquam
1469 2892 1804 2966 reperimus.
1848 2891 2377 2966 Mentionembujus
2417 2893 2647 2966 Andrea:
2688 2891 2817 2966 facit
2845 2892 3169 2966 Rodulphus
3192 2893 3479 2949 Tortarius
3512 2893 3606 2949 lib.
3635 2918 3687 2966 ν,

364 2963 498 3038 cap.
521 2966 612 3031 35,
646 2964 731 3038 his
760 2963 975 3038 verbis:
1014 2985 1039 3038 ει
1086 2964 1143 3038 In
1172 2963 1512 3038 castellionis
1539 2963 1742 3038 Pa_t_ris_
1766 2965 1940 3038 ipsius
1987 2979 2096 3038 non
2125 2963 2322 3038 exigua
2356 2964 2633 3038 portione,
2681 2963 2776 3038 ubi
2806 2963 3003 3038 beatus
3027 2965 3330 3038 confessor
3383 2963 3693 3026 Possennus

358 3037 453 3163 gdc
484 3051 594 3107 quo
625 3042 680 3089 et
709 3035 955 3089 Andreas
983 3035 1217 3105 plurima
1249 3034 1301 3089 in
1331 3035 1445 3089 suis
1476 3035 1663 3089 retulit
1693 3035 1873 3105 dictis)
1924 3034 2241 3090 multa.....'
2261 3035 2665 3106 Omnipotentis
2704 3035 2980 3107 clemquia
3009 3036 3356 3092 demonstrat
3401 3040 3685 3098 miracula.

400 3107 619 3163 uccedit
659 3107 861 3161 deinde
894 3106 1281 3163 auintusliber
1305 3106 1718 3163 miraculorum.
1750 3106 1818 3161 ab
1850 3105 2044 3162 eodem
2082 3105 2375 3163 Rodulnbo
2407 3107 2775 3163 conscriptus.
2821 3126 2846 3158 n

400 3105 619 3163 uccedit
659 3107 861 3161 deinde
894 3106 1281 3179 quintusliber
1305 3106 1718 3173 miraculorum,
1750 3106 1818 3161 ab
1850 3105 2044 3162 eodem
2082 3105 2375 3178 Rodulpbo
2407 3105 2775 3178 conscriptus.
2821 3126 2846 3158 n

1156 3376 1884 3476 MIRACULA
1964 3378 2065 3476 S.
2153 3378 2891 3478 BENEDICTI

356 3598 484 3664 Quae
518 3597 616 3652 tibi
641 3598 709 3653 de
731 3597 901 3671 gestis
922 3597 1214 3670 scripsisse
1245 3599 1518 3671 stupenda
1548 3600 1793 3671 paternis
1991 3605 2040 3672 Α
2139 3599 2202 3654 Ει
2242 3598 2363 3653 vita:
2397 3596 2562 3653 ﬁnem
2603 3597 2963 3670 consequeris
2992 3598 3253 3653 celerem.

425 3687 633 3744 Dicitur
668 3688 933 3754 Andreas,
969 3688 1150 3743 fistula
1181 3698 1366 3743 nostra
1398 3696 1568 3745 notat.
2067 3692 2189 3760 Cur,
2222 3690 2459 3758 Giralde,
2502 3690 2672 3761 patris
2702 3690 2891 3746 hostes
2921 3705 3021 3761 per
3067 3691 3219 3746 lucra
3251 3692 3421 3748 tueris
3446 3692 3475 3745 ‘P

350 3779 417 3835 At
455 3778 709 3833 Lemovix
735 3777 975 3849 p0pulus
1006 3778 1237 3835 feriente
1267 3780 1379 3836 Deo
1400 3788 1681 3852 pateretur
2138 3785 2227 3840 Est
2252 3791 2550 3854 conspecta
2576 3783 2676 3839 tibi
2702 3783 2858 3856 virgo
2890 3783 2985 3839 Dei
3019 3784 3295 3858 genitrix:

424 3872 610 3944 Ignem
642 3870 775 3926 dum
806 3888 1042 3938 sacrum,
1075 3871 1167 3927 dat
1205 3872 1311 3927 sibi
1340 3873 1659 3941 consilium,
2066 3874 2258 3946 Arguit
2284 3876 2423 3946 ipsa,
2453 3890 2585 3930 suos
2617 3874 2820 3929 tuearis
2846 3890 2944 3929 cur
2967 3874 3248 3943 inimicos,

350 3962 526 4017 Patris
557 3962 821 4035 reliquias
852 3963 973 4017 urbi
1013 3977 1227 4037 gestare
1256 3965 1529 4019 verendas
1557 3983 1572 4033 ;
2140 3968 2280 4024 Uxor
2304 3985 2427 4023 cum
2455 3968 2599 4024 natis
2625 3969 2828 4025 occidit
2855 3969 2961 4024 Eva
2992 3968 3122 4024 tuis.

422 4056 577 4120 Quod
610 4064 901 4128 postquam
935 4055 1085 4123 fecit,
1120 4056 1287 4128 pestis
1313 4056 1500 4129 iniqua
1532 4058 1691 4128 perit.
2066 4059 2158 4113 Est
2179 4056 2375 4112 domus
2398 4058 2581 4128 ampla
2608 4058 2745 4129 patri
2769 4058 2875 4114 sita
2906 4074 3048 4131 pago
3083 4060 3508 4125 Barcinonensi,

348 4147 493 4203 Vidit
524 4148 652 4202 dum
684 4147 944 4203 feretrum
980 4148 1107 4202 ferri
1134 4148 1459 4203 muliercula
1484 4165 1723 4218 sacrum,
2137 4148 2295 4219 Stepe
2326 4152 2553 4203 vocatus
2584 4147 2680 4202 ubi
2714 4147 2872 4218 plura
2899 4148 3178 4219 stupenda
3210 4147 3359 4204 facit.

420 4237 549 4301 Quae
578 4243 859 4293 contracto
886 4236 1155 4307 pedesire
1186 4236 1450 4308 nequibat
1479 4237 1600 4305 iter,
2064 4239 2123 4292 In
2144 4253 2254 4308 qua
2294 4244 2473 4292 turma
2502 4236 2610 4291 Deo
2631 4235 2927 4291 famulatur
2955 4237 3151 4291 sedula
3179 4236 3421 4302 Christo,

348 4330 500 4385 Infit:
532 4330 727 4386 Sancte
755 4330 932 4397 Pater,
965 4330 1009 4383 si
1037 4344 1278 4400 possem,
1310 4337 1364 4384 te
1394 4329 1708 4397 comitarer,
2130 4328 2341 4383 Gaudet
2372 4327 2632 4399 praesidio
2665 4334 2776 4394 tua,
2814 4334 3068 4398 patrone,
3102 4335 3230 4396 tuo;

417 4423 481 4477 Et
506 4423 655 4494 quod
678 4422 929 4493 deposcit
953 4437 1177 4492 prorsus
1205 4420 1261 4474 id
1286 4421 1547 4476 obtinuit.
2060 4424 2173 4479 lluc
2210 4429 2463 4479 oraturus
2491 4422 2759 4478 successit
2787 4422 2947 4477 miles
2974 4422 3204 4489 amicus,

344 4512 539 4568 Mentis
567 4528 739 4585 eques
768 4528 949 4584 pravae
977 4512 1081 4567 zeli
1108 4511 1463 4567 succenditur
1492 4511 1647 4584 igne:
2130 4517 2286 4571 Extra
2316 4514 2578 4583 dimissis,
2607 4515 2787 4570 donec
2815 4514 3011 4583 abiret,
3044 4514 3221 4586 equis.

413 4606 660 4678 Namque
686 4622 845 4661 suum
878 4605 1102 4659 fratrum
1134 4620 1233 4675 per
1260 4614 1379 4658 sata
1408 4603 1552 4658 laxat
1572 4621 1774 4676 equum
1799 4623 1811 4658 :
2060 4611 2163 4666 Fur
2190 4611 2331 4682 rapit
2360 4611 2462 4665 hos
2487 4609 2681 4663 avide:
2731 4608 2913 4663 vicino
2945 4608 3214 4681 mergitur
3235 4624 3431 4676 amne;

342 4696 590 4768 Dumque
603 4712 765 4752 secus
778 4701 1031 4767 stagnum
1049 4700 1329 4765 properat,
1353 4692 1743 4748 submersusin
1764 4710 1955 4759 unum,
2130 4701 2368 4755 Perdere
2393 4714 2533 4770 quos
2565 4697 2761 4762 timuit,
2787 4696 2949 4752 miles
2976 4712 3151 4768 equos
3180 4698 3403 4769 recipit.

411 4795 511 4849 Vix
537 4811 709 4866 eques
738 4794 935 4860 evasit,
963 4800 1019 4848 at
1049 4792 1277 4864 sonipes
1309 4791 1493 4862 periit.
2060 4795 2338 4852 Classibus
2366 4794 2579 4849 advecti
2610 4797 2911 4864 properant
2947 4791 3079 4846 illuc
3105 4792 3365 4867 Agareni,

342 4886 597 4952 Quaedam
620 4887 839 4960 spiritui
872 4886 1051 4943 fuerat
1088 4902 1353 4941 concessa
1384 4885 1628 4957 procaci,
1975 4884 2026 4952 Β
2122 4886 2401 4951 Quatenus
2435 4883 2561 4959 igne
2592 4887 2862 4947 crement,
2896 4880 3066 4935 rebus
3093 4886 3149 4935 et
3187 4881 3539 4959 exspolient:

411 4980 581 5037 lllatis
601 4981 740 5053 patri
773 4979 1008 5052 perfurit
1038 4978 1127 5034 ille
1161 4979 1393 5050 probris.
2056 4977 2093 5032 F
2099 4976 2307 5032 undere
2328 4974 2457 5031 vina
2485 4974 2697 5042 volunt,
2722 4972 2927 5044 glacies
2952 4971 3108 5043 quasi
3137 4972 3275 5027 dura
3305 4972 3584 5047 rigescunt
3619 4989 3631 5026 :

339 5071 575 5139 Dejerat,
607 5074 836 5129 obsessa
864 5089 924 5128 se
966 5088 1076 5129 non
1104 5071 1254 5128 exire
1287 5072 1489 5143 puella.
2129 5065 2277 5141 Ignis
2295 5071 2350 5119 et
2378 5063 2613 5133 injectus
2641 5068 2839 5133 sponte
2870 5076 2969 5115 sua
2992 5059 3245 5116 moritur.

413 5158 526 5214 Sed
552 5161 817 5236 fugiendo
844 5162 1037 5237 gemit,
1070 5169 1231 5234 atque
1257 5161 1533 5237 gemendo
1568 5161 1728 5237 fugit.
2058 5156 2386 5212 lndicatbos
2414 5152 2611 5210 molles
2629 5160 2683 5207 et
2711 5150 2879 5206 mittit
2901 5156 3011 5205 tres
3039 5148 3338 5218 truciores,

339 5251 665 5323 lianulphus
696 5254 921 5309 crebras
952 5254 1202 5309 inhiabat
1227 5254 1502 5326 prendere
1534 5254 1768 5326 praedas,
2126 5250 2347 5304 Miratur
2365 5262 2535 5319 quare
2565 5244 2660 5301 ﬁat
2690 5251 2746 5300 et
2775 5244 2862 5299 his
2894 5241 3110 5298 simile:

412 5343 663 5409 Quodam
692 5345 783 5399 die
810 5362 940 5402 vero
978 5346 1109 5402 fecit
1143 5355 1203 5402 ut
1229 5348 1483 5403 assidue:
2049 5339 2199 5395 Unus
2223 5338 2318 5410 qui
2340 5352 2551 5392 sacram
2582 5332 2838 5391 demoliri
2868 5332 3019 5403 cupit
3049 5346 3224 5399 aram,

336 5439 573 5497 Prandia
603 5438 674 5493 de
705 5438 959 5508 lacrymis
990 5439 1275 5497 viduarum
1298 5442 1449 5515 larga
1478 5440 1705 5512 paravit,
2120 5435 2289 5489 letum
2314 5432 2446 5486 dum
2478 5430 2663 5496 librat,
2683 5445 2742 5484 se
2774 5426 3027 5483 feriendo
3060 5433 3244 5482 necat.

407 5532 591 5589 Prima
616 5528 724 5585 sibi
747 5528 933 5586 fauces
960 5532 1198 5589 obstruit
1223 5533 1329 5590 oﬂ'a
1360 5541 1560 5589 truces.
2058 5526 2298 5583 Clericus
2318 5532 2538 5580 erectus
2570 5538 2667 5577 sua
2688 5520 2836 5576 domi
2869 5534 3037 5591 prava
3057 5525 3339 5590 precatur,

332 5624 568 5693 Praedia,
602 5621 845 5688 Cauteri,
887 5623 1019 5693 quia
1048 5624 1213 5690 tollis,
1236 5626 1505 5681 daemonis
1534 5626 1634 5681 atri
2125 5617 2261 5671 Dum
2294 5629 2463 5685 super
2491 5613 2641 5667 hunc
2673 5611 2860 5667 volitat
2889 5624 3099 5680 passer,
3130 5608 3187 5662 in
3227 5623 3326 5665 ore
3357 5614 3528 5665 cacat.

403 5712 616 5768 Turbas
638 5709 916 5778 exsequiis
953 5710 1137 5764 cernis
1167 5713 1356 5766 adesse
1398 5714 1525 5769 tuis.
2055 5712 2209 5769 Jurat
2248 5710 2337 5765 hic
2363 5709 2561 5764 iratum
2593 5723 2651 5762 se
2692 5705 2856 5778 patri,
2884 5702 3002 5758 sitit
3029 5702 3298 5759 inultum:

338 5801 639 5858 Monachus
660 5814 723 5853 es
753 5797 951 5866 factus,
981 5799 1189 5854 dudum
1218 5804 1548 5875 cognomine
1577 5805 1777 5872 dictus,
2125 5801 2440 5859 Visceribus
2470 5800 2679 5867 multis,
2703 5814 2829 5854 mox
2858 5795 2975 5854 avis
2995 5794 3091 5852 illa
3121 5796 3248 5852 ruit.
