3938 6206
247 349 380 402 1241

242 475 301 526 ln
335 482 391 526 te
420 467 723 528 veridicum
764 463 1091 534 completur,
1121 461 1350 524 Alarice,
1394 457 1681 528 scriptum,

317 563 432 618 Non
464 557 769 631 impunitus
801 556 957 612 testis
986 555 1090 610 erit
1121 555 1413 626 reprobus.

247 651 381 705 Dum
416 655 466 702 te
498 653 635 702 teste
665 661 816 700 suam
850 658 1036 699 comes
1068 642 1304 697 affirmat
1344 641 1458 697 fore
1487 640 1679 696 silvam

322 737 585 792 Effossum
609 732 954 812 quernonﬂcs
984 733 1204 787 oculum
1237 731 1487 802 scopulo.

251 833 512 900 Corpore,
544 826 841 890 Constanti,
874 825 942 880 de
983 840 1138 880 sacro
1170 824 1344 894 prode
1376 823 1646 890 Posenni;

317 922 407 975 Bis
436 920 698 984 monitus,
730 918 915 992 ﬂagris
935 918 1093 972 tertio
1119 916 1432 987 corriperis.

242 1011 391 1065 Visio
423 1009 570 1082 quod
601 1008 810 1072 docuit,
841 1005 1160 1078 compulsus
1192 1007 1438 1077 pandere
1465 1006 1682 1078 pandis,

319 1102 606 1154 Inventum
632 1112 785 1151 sacro
805 1096 1062 1151 conditur
1091 1095 1145 1149 in
1177 1095 1408 1151 tumulo.

240 1191 425 1245 Pulvis
446 1198 500 1245 tu
535 1189 729 1246 tumuli
758 1189 948 1256 donat,
983 1187 1272 1261 Tetberga,
1315 1187 1511 1254 saluti;

313 1283 551 1355 Urgebat
571 1281 726 1337 duris
755 1280 980 1351 spiritus
1008 1280 1148 1334 hanc
1187 1280 1448 1335 stimulis.

238 1373 445 1438 Pulvis,
478 1381 535 1425 ut
567 1378 649 1425 est
678 1369 912 1434 bibitus,
955 1369 1269 1423 detruditur
1299 1367 1507 1438 hospes
1538 1367 1781 1440 iniquus,

315 1466 547 1523 Sanctus
567 1463 734 1520 habet
762 1463 1045 1534 preprium
1069 1463 1306 1533 Spiritus
1333 1462 1654 1533 hospitium.

243 1558 454 1629 Templi
480 1573 577 1628 pro
609 1555 1010 1626 foribusjacuit
1040 1570 1138 1625 per
1170 1571 1282 1608 non
1312 1554 1478 1610 breve
1509 1563 1748 1627 tempus,

317 1652 496 1705 Altera
523 1649 822 1705 contractis
852 1664 1024 1718 prona
1054 1647 1265 1702 cubans
1288 1647 1550 1722 genibus:

241 1748 377 1801 Dum
406 1747 628 1802 missam
654 1750 894 1811 caneret,
929 1743 1128 1798 fratres
1159 1759 1318 1799 orare
1352 1753 1622 1812 moneret,

311 1835 622 1906 Presbyter,
663 1833 768 1889 hac
797 1834 931 1888 hora
960 1849 1092 1887 sana
1120 1832 1178 1887 ﬁt
1207 1833 1418 1904 absque
1441 1850 1614 1890 mora.

234 1924 500 1978 Causatur
529 1927 748 1977 sanctos
791 1921 953 1976 miles
991 1921 1107 1976 fore
1139 1922 1564 1990 somniculosos,

310 2013 404 2067 llis
428 2012 547 2066 sine
573 2012 785 2080 jactura
814 2027 872 2065 se
902 2011 1151 2080 rapuisse
1171 2027 1298 2066 sua:

233 2105 496 2160 Traditur
525 2103 615 2158 hic
656 2103 892 2166 Satanae,
926 2101 985 2158 fit
1024 2119 1216 2157 servus
1246 2103 1388 2158 liber
1416 2103 1484 2159 ab
1517 2105 1709 2170 hoste;

309 2198 548 2251 Stertere
579 2195 860 2259 credebat,
895 2211 1033 2266 quos
1053 2195 1282 2266 vigilare
1311 2197 1526 2266 probat.

238 2292 372 2346 Dum
409 2298 459 2346 te
499 2290 837 2360 mancipium
871 2305 982 2344 non
1015 2305 1133 2345 esse
1156 2289 1343 2345 fateris
1372 2292 1597 2347 avitum.

308 2381 584 2444 Alberice,
619 2379 785 2434 minis
811 2379 1027 2434 caelitus
1056 2379 1323 2450 argueris.

230 2473 406 2542 Inque
438 2471 614 2526 volam
657 2469 845 2542 digitis
871 2485 992 2524 cum
1027 2469 1218 2524 dextro
1251 2468 1451 2539 pollice
1475 2468 1616 2538 ﬁxis,

307 2563 495 2618 Placas
525 2561 789 2617 offensam
815 2563 940 2632 jure
972 2560 1254 2632 professus
1285 2562 1501 2616 herum.

228 2653 435 2708 Cuncta
464 2657 692 2707 vorante
716 2649 858 2718 foco,
885 2648 1080 2705 Christi
1112 2649 1393 2721 genitricis
1429 2650 1630 2724 imago,

297 2742 470 2817 Ligno
501 2741 716 2812 sculpta
754 2741 900 2805 licet,
923 2739 1246 2794 intemerata
1280 2745 1484 2794 manet.

219 2833 319 2898 Qui
361 2848 517 2886 sacra
548 2831 864 2898 sustollunt,
897 2845 954 2884 se
989 2845 1182 2901 passos
1222 2829 1424 2904 frigora
1456 2831 1750 2905 plangunt,

297 2921 479 2992 Pcplis
507 2921 690 2975 illaasis
719 2919 956 2976 cultibus
996 2926 1050 2974 et
1080 2919 1262 2976 variis.

227 3014 471 3077 Rustice,
497 3013 627 3066 dum
658 3013 958 3083 plaustrum
991 3011 1137 3066 foeno
1164 3010 1395 3065 deducis
1417 3018 1696 3080 onustum,

302 3101 398 3154 Pro
427 3100 604 3156 nihilo
634 3099 910 3154 celebrem
941 3099 1108 3169 patris
1135 3097 1390 3153 habendo
1422 3099 1591 3168 diem,

227 3193 378 3266 Ignis
410 3193 465 3246 in
494 3193 720 3265 exiguas
743 3191 944 3264 redigit
968 3197 1058 3245 tua
1091 3191 1335 3261 plaustra
1353 3189 1586 3260 favillas,

294 3285 625 3356 Amiltisque
651 3284 842 3355 pedes,
875 3290 1046 3354 tuque
1067 3283 1260 3354 tuique
1290 3283 1479 3340 boves.

219 3374 339 3430 Non
371 3389 513 3444 opus
543 3373 716 3446 ignito
747 3388 935 3428 verum
975 3371 1293 3427 discernere
1325 3371 1492 3440 ferro,

293 3464 597 3531 Constanti,
632 3463 802 3519 falsus
833 3463 988 3518 testis
1019 3463 1151 3518 ades
1183 3464 1425 3534 penitus.

217 3557 426 3613 Vesica:
448 3556 714 3626 strepitus
752 3555 996 3626 disploso
1027 3562 1216 3610 ventre
1238 3555 1551 3626 pudendus,

287 3647 632 3705 Testificatur
668 3664 786 3703 eam
820 3646 1035 3723 legiferi
1063 3646 1355 3704 decimam.

219 3741 357 3794 Dum
388 3747 572 3793 votum
606 3737 835 3808 rumpis,
869 3737 1066 3792 iterato
1099 3737 1306 3793 lumina
1346 3739 1558 3809 perdis,

290 3829 493 3886 Vovisti
534 3846 746 3886 servam
776 3845 901 3902 quae
943 3829 1056 3887 fore
1092 3837 1454 3902 perpetuam:

220 3923 412 3976 Denuo
445 3919 540 3975 sed
565 3919 786 3990 recipis,
813 3935 915 3975 nec
945 3928 1140 3990 postea
1169 3921 1373 3975 lumina
1409 3922 1617 3992 perdis,

293 4009 657 4074 Conscrvans,
680 4016 889 4074 votum,
922 4025 1079 4062 serva
1100 4009 1377 4065 manendo
1409 4017 1584 4067 tuum.

221 4101 483 4154 Imminet
513 4115 542 4153 a
574 4106 728 4173 tergo
761 4097 1057 4154 Landricus
1081 4099 1134 4152 in
1167 4099 1387 4173 agmine
1420 4117 1620 4177 magno

294 4191 462 4242 Intrat
503 4204 601 4259 pro
630 4195 809 4243 castro
838 4203 963 4241 rura
1002 4188 1171 4258 patris
1188 4187 1370 4244 Geilo:

217 4278 437 4332 Mandat
477 4287 534 4332 ut
574 4278 628 4332 in
661 4278 878 4353 signum
921 4279 1114 4335 reboet
1144 4279 1304 4334 miles
1333 4281 1715 4352 Benedictum,

290 4367 444 4436 Cepit
485 4366 831 4435 Landricum,
857 4368 1100 4440 perdidit
1130 4375 1184 4424 et
1214 4384 1469 4424 cuneum.

216 4455 443 4511 Callaici
468 4456 650 4526 neptis
667 4473 821 4512 sacra
852 4457 1099 4529 praeripit
1129 4458 1266 4514 atria
1296 4459 1490 4530 patris,

287 4549 416 4612 Quae
433 4548 749 4604 famulando
777 4567 909 4604 suus
941 4551 1182 4606 obtinuit
1213 4557 1468 4622 patruus:

213 4643 372 4698 Unde
405 4643 494 4697 die
534 4651 679 4698 certa
705 4643 803 4698 fuit
833 4646 1117 4701 altercatio
1146 4646 1336 4713 multa,

286 4731 527 4802 Paralysi
559 4733 660 4786 sub
692 4750 799 4804 qua
832 4735 1137 4804 percutitur
1157 4736 1378 4790 misera.

213 4827 518 4893 Ingenuum
557 4824 755 4879 clamat
785 4841 864 4891 se,
896 4827 1298 4898 servitiumque
1330 4839 1566 4896 recusat,

283 4912 506 4967 Stabilis
534 4913 642 4967 hoc
664 4922 821 4968 scuto
855 4914 1088 4984 prodere
1115 4932 1238 4970 cum
1269 4916 1486 4986 baculo,

213 5005 530 5060 Humanicis
544 5005 764 5061 obolum
791 5006 1394 5082 religat,capitis§quasi
1423 5027 1682 5076 censum:

285 5100 496 5155 Excidit
525 5101 958 5156 enormisinstar
996 5103 1207 5158 habens
1238 5103 1442 5175 clypei.

210 5191 431 5245 Daemon
475 5188 726 5255 suﬂ'ocat,
761 5190 957 5260 primo,
993 5191 1269 5260 Rotberte,
1296 5195 1574 5266 replerat;

277 5281 356 5334 Te
395 5280 558 5335 tellus
589 5278 758 5334 abicit
789 5287 840 5333 et
875 5286 956 5334 ter
984 5279 1129 5334 idem
1162 5282 1394 5354 peragit.

209 5369 459 5425 Floriaco
499 5369 682 5424 missae
701 5368 877 5440 patuit
906 5369 1078 5425 virtus
1101 5371 1178 5425 ibi
1206 5371 1430 5441 chartae,

275 5459 557 5515 Continuit
592 5459 756 5513 tellus
789 5467 840 5513 te
869 5475 1036 5528 super
1066 5461 1168 5516 hac
1195 5461 1376 5532 posita

203 5551 492 5606 Abstrahis
512 5551 750 5606 ecclesia
773 5551 1056 5606 Benedicti
1093 5552 1315 5607 nomine
1350 5569 1503 5610 sacra

275 5641 522 5706 Hostem,
556 5640 774 5694 Gautcri
805 5641 1193 5713 daemonioque
1225 5642 1393 5696 daris.

202 5731 394 5786 Denuo
428 5728 682 5802 purgaris
710 5729 779 5782 de
812 5729 1066 5796 crimine,
1101 5731 1228 5784 dum
1253 5730 1568 5802 resipiscis:

1413 331 1750 390 MIRACULA
1791 328 2018 386 SANCTI
2065 325 2430 383 BENEDICTI.

3443 330 3583 384 1242

1887 455 1940 523 Α
2035 451 2168 507 Nam
2197 450 2366 517 laxas,
2390 459 2634 520 captum,
2671 450 2770 505 das
2807 466 3026 522 quoque
3051 452 3397 522 praediolum.

1965 542 2303 618 Mergetibus
2324 557 2538 597 carrum
2567 541 2718 596 ducit
2749 542 3072 599 Guisbertus
3101 551 3382 612 onustum,

2034 634 2225 705 Raptis
2256 649 2286 687 a
2326 638 2489 697 terra,
2518 633 2648 699 dux,
2680 633 3138 702 Benedicte,tua.

1961 724 2078 779 Non
2109 723 2276 778 sentit
2301 721 2574 789 stimulos,
2608 737 2720 777 non
2759 720 3011 789 verbera,
3047 739 3155 778 non
3188 724 3404 780 sonitus
3443 724 3576 781 bos:

2036 816 2171 870 Ante
2203 814 2416 885 nequit,
2445 819 2589 869 retro
2631 813 2796 878 cedit,
2837 829 2980 869 onus
3007 815 3218 869 revehit

1963 904 2252 976 Presbyter
2283 903 2530 959 ecclesia:
2561 901 2812 978 bijugum
2838 902 2992 958 ducit
3016 910 3366 958 memoratae:

2033 995 2244 1048 Adsunt
2282 1009 2405 1048 cum
2441 992 2699 1064 plaustris
2725 993 3036 1062 etjuvenes
3061 993 3292 1060 tumidi;

1964 1083 2294 1138 Proturbant
2321 1081 2611 1153 bijugum:
2653 1097 2812 1136 sacer
2835 1091 3022 1137 exorat
3051 1082 3432 1138 Benedictum.

2031 1177 2228 1231 Horum
2262 1190 2389 1230 mox
2421 1175 2722 1245 plaustrum
2755 1180 2859 1228 stat
2889 1175 3043 1246 quasi
3078 1191 3239 1230 mons
3267 1176 3505 1248 rigidum

1961 1265 2118 1334 Dum,
2152 1263 2374 1330 scribis,
2405 1278 2593 1318 eorum
2636 1263 2792 1318 doles
2823 1272 2882 1318 ut
2913 1263 3017 1320 vile
3049 1271 3360 1336 paternum,

2033 1357 2202 1412 Littus
2242 1355 2297 1409 in
2337 1355 2628 1410 adversum
2652 1361 2704 1410 te
2734 1356 2924 1412 tremis
2957 1357 3288 1428 expositum.

1956 1447 2286 1505 Daemonicis
2307 1446 2492 1521 ﬂagris
2523 1448 2796 1518 torqueris
2826 1448 3056 1503 traditus
3089 1448 3222 1513 illis,

2027 1537 2313 1607 Nunquam
2347 1537 2554 1592 curaris
2581 1537 2782 1592 mentis
2802 1538 2983 1608 inops,
3009 1537 3106 1592 sed
3133 1536 3275 1592 obis.

1961 1632 2201 1688 incurris
2222 1631 2498 1696 morbum,
2519 1632 2758 1694 Gauteri.
2791 1633 3182 1703 perniciosum,

2029 1725 2210 1780 Audes
2241 1724 2564 1780 commissas
2591 1725 2720 1778 dum
2749 1725 2879 1780 dare
2912 1722 3226 1796 relliquias;

1878 1779 1930 1846 Β
1963 1815 2160 1870 Fassus
2199 1816 2462 1870 delictum
2503 1815 2736 1883 sanaris,
2779 1824 3097 1869 nontamen
3137 1829 3339 1868 annum

2029 1910 2209 1979 Ipsum
2246 1909 2582 1980 pertransis;
2616 1914 2700 1962 ast
2729 1907 2784 1961 in
2819 1923 2884 1963 eo
2915 1906 3148 1962 moreris

1956 2005 2166 2059 Patrem
2197 2005 2528 2066 subsannas.
2561 2021 2804 2059 messem
2835 2019 3107 2069 resecare,
3136 2001 3390 2057 laboras:

2026 2096 2200 2151 Caedis
2219 2113 2318 2167 per
2347 2095 2614 2162 medium,
2648 2095 2872 2160 rustice,
2906 2093 3044 2148 falce
3075 2107 3320 2147 manum.

1955 2192 2118 2246 Aiunt
2148 2191 2405 2262 illapsum
2437 2197 2688 2259 cunctos,
2719 2189 2997 2252 animalia,
3041 2187 3366 2258 plaustrum,

2025 2283 2446 2354 Consumpsisse
2487 2283 2666 2338 focum
2697 2290 2896 2337 caetera
2923 2323 2936 2347 ,
2963 2295 3139 2335 necne
3167 2279 3424 2343 domum;

1950 2376 2012 2429 At
2043 2391 2143 2429 nec
2161 2372 2445 2427 dissimilis
2475 2373 2743 2427 Gauterus
2783 2370 3019 2425 habetur
3044 2370 3098 2424 in
3130 2369 3279 2423 istis:

2023 2464 2169 2519 Visio
2198 2478 2361 2534 quem
2393 2462 2608 2517 monuit
2639 2462 2911 2532 linquere,
2945 2475 3067 2530 quae
3109 2458 3344 2529 peragit,

1950 2551 2180 2623 Vapulat
2215 2550 2519 2616 immensis,
2554 2565 2666 2605 non
2697 2549 2864 2604 sentit
2890 2549 3038 2619 quia,
3071 2547 3284 2619 ﬂagris;

2017 2645 2192 2702 Vicini
2226 2645 2448 2717 proprio
2479 2662 2641 2716 quem
2677 2643 2922 2699 referunt
2951 2642 3018 2696 ab
3043 2657 3199 2714 agro.

1945 2738 2074 2794 Oras
2103 2740 2234 2793 dum
2274 2736 2452 2808 stagni
2483 2735 2631 2790 videt
2654 2733 2890 2804 armiger
2909 2747 3108 2787 ansere
3127 2729 3297 2802 pasci,

2015 2827 2295 2882 Accelerat
2336 2823 2568 2889 frustra;
2610 2823 2927 2877 stimulante
2956 2820 3104 2896 gula,

1947 2919 2110 2988 Urget
2135 2917 2495 2988 cornipedem
2531 2930 2779 2987 princeps
2812 2913 3115 2969 calcaribus
3131 2925 3333 2966 acrem.

2017 3008 2078 3062 Et
2099 3007 2418 3061 submersus
2444 3005 2602 3076 aquis
2626 3002 2991 3059 intumulatur
3012 3001 3110 3056 eis.

1940 3098 2228 3154 Subtrahis
2273 3095 2517 3152 oblatum
2552 3095 2761 3161 furtim,
2790 3095 2942 3158 dum,
2977 3092 3247 3148 monache
3278 3091 3561 3162 lychnum,

1865 3151 1914 3220 C
2012 3189 2069 3242 In
2103 3186 2313 3244 somnis
2336 3187 2599 3252 monitus,
2630 3185 2874 3240 restituis
2907 3183 3176 3254 trepidus.

1940 3279 2105 3334 Porro
2134 3279 2251 3333 dies
2276 3294 2374 3348 per
2403 3283 2514 3332 tres
2544 3276 2750 3347 pateris
2777 3291 2875 3347 pro
2907 3274 3136 3330 crimine
3172 3272 3377 3338 febres,

2011 3368 2330 3424 Committas
2359 3383 2492 3422 sane
2520 3382 2591 3421 ne
2631 3360 2825 3437 postea
2846 3363 3044 3420 simile.

1936 3463 2074 3518 Dum
2101 3461 2306 3518 residet
2337 3461 2566 3528 mensis,
2595 3461 2823 3531 inopum
2862 3460 3116 3531 lacrymis
3146 3459 3250 3514 sibi
3285 3458 3479 3529 partis,

2008 3557 2226 3612 Excitur
2249 3572 2460 3612 resonae
2490 3571 2622 3611 voce
2642 3563 2873 3626 repente
2903 3555 3074 3610 tubae.

1934 3648 2180 3705 Accurrit
2219 3647 2392 3718 raptis
2412 3647 2561 3701 celer
2593 3645 3027 3701 Archembaldus
3056 3645 3110 3699 in
3143 3644 3332 3709 armis,

2001 3739 2310 3796 Percutilur
2341 3737 2449 3794 telo
2479 3745 2727 3809 tempora
2753 3737 3062 3794 mortifero.

1937 3832 2042 3888 Res
2059 3847 2224 3888 nova:
2271 3828 2582 3902 percrebris
2611 3829 2884 3885 terebrato
2908 3845 3036 3884 vase
3057 3828 3328 3890 cavernis,

2003 3925 2087 3980 Nil
2117 3925 2230 3980 vini
2264 3931 2468 3990 manat,
2500 3922 2702 3999 frigore
2734 3939 2833 3979 seu
2856 3924 3054 3998 rigeat,

1935 4017 2102 4072 Ardet
2132 4023 2186 4072 et
2218 4015 2406 4091 ignitis
2436 4016 2677 4071 verubus
2711 4015 2853 4071 forat
2884 4015 3090 4086 impius
3113 4014 3309 4077 hostis,

2008 4107 2160 4174 Quod
2181 4108 2432 4179 quamvis
2463 4107 2598 4182 egit,
2631 4107 2706 4162 nil
2740 4114 2923 4162 tamen
2950 4105 3159 4161 elicuit.

1935 4197 2060 4252 Visa
2083 4213 2218 4268 puer
2248 4197 2452 4262 retulit,
2485 4197 2765 4270 genitorcs
2801 4196 3027 4252 credere
3057 4194 3256 4265 poscit,

2007 4291 2161 4344 Illum
2196 4288 2560 4356 subsannant,
2597 4289 2813 4344 somnia
2842 4287 2975 4344 falsa
3007 4293 3220 4358 putant.

1933 4379 1998 4433 At
2029 4395 2168 4450 puer
2205 4378 2439 4434 assuetis
2463 4394 2669 4449 pronus
2711 4379 2976 4450 reptando
3002 4376 3302 4443 scamellis,

1855 4499 1913 4568 D
2004 4467 2306 4524 Floriacum
2335 4468 2513 4538 petiit,
2544 4463 2738 4538 Sospes
2761 4476 2816 4523 et
2846 4467 2975 4521 hinc
3005 4466 3190 4521 rediit.

1930 4564 2077 4620 Alter
2101 4565 2287 4620 adest:
2318 4564 2477 4637 agilis
2504 4580 2739 4636 poscens
2763 4563 3137 4619 modulamina
3160 4561 3329 4624 vocis,

2003 4655 2103 4720 Qui
2134 4655 2312 4712 fuerat
2337 4664 2544 4723 mutus,
2576 4656 2766 4710 matris
2792 4656 2860 4710 ab
2890 4654 3184 4710 uberibus:

1929 4743 2134 4815 Aspicit
2165 4745 2253 4799 hic
2280 4745 2493 4799 niveam
2527 4760 2588 4799 se
2629 4743 2964 4815 compellare
2996 4743 3306 4799 columbam
3334 4759 3348 4806 ;

2001 4833 2138 4899 Quid
2164 4833 2294 4889 velit
2324 4834 2417 4889 ille
2448 4834 2620 4906 loqui,
2655 4834 2788 4889 dicit
2813 4841 2868 4889 et
2895 4834 3146 4889 emeruit.

1927 4921 2138 4977 Tertius
2168 4923 2378 4978 audivit
2405 4924 2532 4978 dum
2563 4923 2746 4994 pusio,
2787 4923 2934 4996 quod
2971 4923 3082 4978 duo
3113 4922 3288 4994 gessit

1998 5010 2130 5065 Mira
2161 5018 2339 5082 pater,
2370 5026 2574 5082 pueros
2600 5010 2956 5068 salviticando
2985 5012 3146 5074 duos,

1927 5099 2193 5155 Parvulus
2233 5101 2322 5156 hic
2346 5101 2465 5170 eius
2490 5102 2818 5157 vernaculus
2845 5109 2903 5158 ut
2925 5101 3031 5156 sibi
3055 5115 3278 5176 gressus

1997 5189 2298 5257 Reddatur,
2332 5191 2531 5260 poscit,
2554 5205 2683 5246 mox
2710 5191 2853 5261 etlid
2884 5191 3144 5247 obtinuit.

1926 5282 2136 5336 Disesia
2154 5282 2400 5353 genitum
2431 5283 2647 5338 monuit
2672 5299 2773 5339 vox
2809 5291 2970 5340 nocte
2994 5283 3367 5356 Radulphum,

1999 5375 2064 5431 Ut
2092 5391 2261 5430 sanus
2283 5373 2460 5442 ﬂeret,
2503 5375 2810 5431 Floriacum
2844 5385 3076 5448 peteret.

1926 5465 2191 5522 Credulus
2230 5467 2319 5523 hic
2349 5466 2509 5522 dictis
2541 5483 2667 5523 sese
2696 5468 2863 5524 trahit
2903 5469 2993 5524 ille
3025 5468 3308 5545 genuclis;

1999 5559 2110 5624 Qua
2135 5557 2378 5614 Christus
2399 5560 2616 5615 scandit
2645 5559 2788 5626 luce,
2809 5561 2982 5630 pedes
3009 5562 3225 5632 recipit.

1926 5647 2059 5701 Dum
2087 5645 2285 5720 figulus
2317 5647 2524 5717 palmas
2545 5647 2864 5702 Guillelmus
2892 5650 3122 5719 porrigit
3151 5650 3361 5704 ambas.

1995 5736 2192 5790 Jurans
2214 5743 2523 5804 patronum,
2545 5751 2742 5807 quassa
2767 5736 3068 5808 loquendo,
3091 5738 3276 5808 pium:
