3998 6446
427 436 500 500 75
1343 422 1720 494 GBEGORlI
1766 418 2071 490 MAth
2112 423 2220 484 cp.
2262 398 2780 480 PATRIARCHE
2829 465 2851 478 κ
3615 381 3690 461 ιιι

424 555 483 609 in
518 552 703 608 multis
731 547 1119 621 congressibus
1147 545 1428 602 Nicaenum
1461 545 1793 616 symbolum,
1847 541 2010 608 idque
2038 585 2045 597 ι

2158 552 2173 586 ν
2202 531 2432 600 Νικαίᾳ,
2463 529 2559 582 καὶ
2593 526 2757 595 μόνον
2797 519 3139 587 ἀνέγνωσαν,
3179 513 3302 584 μηδ’
3333 515 3470 577 ὅλως
3504 512 3691 582 μνείαν

437 647 615 700 solum
653 643 921 710 legerunt,
948 639 1097 694 nulla
1137 653 1368 709 prorsus
1401 633 2004 704 Constantinopolitani

439 734 713 789 mentione
735 732 898 798 facta,
927 739 987 786 ut
1020 728 1348 800 procedente
1383 727 1634 783 oratione
1664 727 1787 781 loco
1813 739 2009 781 conve-

435 826 603 883 nienti
645 824 994 880 manifestum
1026 821 1342 876 reddemus.

914 910 1154 968 EPllES.
1193 910 1368 983 (CAP.
1403 910 1499 981 Χ).

507 1007 707 1064 Verum
734 1023 912 1077 neque
943 1007 1218 1061 contraria
1270 1003 1642 1059 mcumenicis
1697 998 1928 1072 synodis
1959 1005 2016 1054 et

436 1101 822 1157 communibus
865 1097 1180 1154 earumdem
1268 1097 1638 1167 dogmatibus,
1686 1093 1780 1150 sed
1840 1107 2018 1163 neque

441 1211 663 1264 prorsus
687 1209 794 1248 non
837 1208 1043 1248 consen
1061 1191 1248 1245 tientia
1283 1188 1644 1243 orientalibus
1696 1186 2018 1242 doctoribus

440 1289 783 1354 scripserunt
815 1285 1006 1339 Patres
1033 1283 1135 1346 illi,
1164 1297 1340 1352 neque
1374 1281 1442 1338 iis
1499 1295 1605 1334 non
1663 1279 2017 1340 cohaerentia,

441 1381 585 1436 sicut
647 1393 742 1450 per
787 1379 890 1432 alia
951 1375 1118 1430 tnulta
1173 1375 1393 1429 illorum
1475 1369 1619 1426 dicta
1677 1369 2020 1425 demonstra-

446 1481 553 1525 tur.

1023 1554 1388 1613 APOLOGIA.

519 1650 772 1705 Mirabile
796 1648 926 1720 qttid
962 1657 1015 1703 et
1049 1649 1396 1718 peregrinum
1417 1643 1662 1715 loquitur
1678 1643 2022 1698 venerandus

454 1744 814 1812 Ephesiorum
848 1732 1362 1803 antistes.Ubinam
1412 1741 1558 1793 enim
1611 1752 1839 1806 prorsus
1900 1750 2023 1800 per-

451 1835 698 1902 spicuum
746 1832 977 1887 reddere
1009 1839 1208 1900 potest,
1278 1826 1648 1883 oecnmeuicas
1691 1821 1933 1894 synodos
1957 1836 2024 1875 ex

451 1928 570 1982 solo
597 1925 755 1979 Patre
773 1925 1036 1994 Spiritum
1064 1929 1315 1975 sanctum
1354 1919 1654 1989 procedere
1678 1915 2026 1986 praedicasse,

453 2035 517 2072 ex
550 2033 659 2086 quo
694 2032 786 2084 per
817 2015 1266 2068 contrarietatem
1315 2012 1369 2063 et
1412 2007 1916 2062 contradictionem
1946 2019 2032 2059 se-

455 2110 642 2178 quitur
674 2117 726 2161 et
757 2105 1069 2159 necessario
1099 2100 1466 2155 concluditur.
1488 2113 1555 2151 ex
1590 2087 1728 2149 Filio
1761 2110 1885 2150 eum
1926 2109 2031 2147 non

454 2200 752 2272 procedere
779 2196 1092 2252 ?Existimo
1131 2194 1274 2248 enim
1324 2207 1474 2255 eum,
1496 2189 1747 2259 quamvis
1801 2187 2033 2241 multum

460 2296 670 2350 laboret
700 2301 755 2347 et
810 2289 1118 2345 sexcenties
1164 2285 1627 2343 (nctune'nicarum
1697 2282 2035 2352 synodorum

459 2384 789 2455 rxemplaria
825 2381 1118 2451 pervolvat,
1155 2378 1344 2433 nullibi
1407 2383 1636 2445 prorsus
1686 2381 2036 2443 reperturum

459 2478 772 2537 d’ictum,cx
805 2473 922 2526 solo
946 2473 1102 2525 Patre
1133 2467 1706 2538 procedereSpiritum
1743 2475 1995 2520 sanctum
2021 2481 2036 2530 ;

463 2572 592 2624 item
637 2567 693 2622 id
733 2581 910 2635 neque
936 2563 1236 2630 inreliquis
1267 2561 1587 2615 doctoribus
1633 2569 1795 2626 atque
1826 2558 2038 2612 theolo-

462 2662 544 2731 gis
569 2659 825 2728 reperiet.
862 2653 1016 2721 Quod
1047 2655 1091 2708 si
1119 2651 1346 2705 Photius
1378 2649 1692 2719 patriarcha
1747 2647 1904 2707 dixit,
1943 2647 2036 2700 sed

464 2749 907 2812 animadvertito,
947 2747 1202 2800 Pbotium
1227 2759 1336 2797 non
1366 2757 1485 2797 esse
1508 2743 1562 2795 in
1595 2753 1910 2796 sanctorum
1945 2756 2045 2792 nu-

468 2858 618 2898 mero
645 2841 995 2904 collocatum,
1022 2838 1150 2892 licet
1169 2851 1273 2890 una
1310 2835 1469 2890 simul
1496 2844 1549 2888 et
1581 2833 1768 2887 eodem
1794 2841 2043 2900 tempore

467 2935 704 2990 vixerint
738 2932 965 2987 PhOtius
989 2929 1328 2998 etlguatius.
1368 2925 1473 2980 Sed
1511 2927 1598 2980 hic
1643 2924 1861 2993 quidem
1892 2926 2036 2977 inter

2113 623 2209 679 τοῦ
2237 625 2296 677 ὲν
2322 613 2898 676 Κωνσταντινουπόλει
2933 609 3273 680 ποιούμενοι,
3306 606 3382 668 ὡς
3410 603 3693 674 προϊόντος

2115 716 2212 771 τοῦ
2241 715 2404 781 λόγου
2430 715 2489 767 ὲν
2523 713 2600 780 τῷ
2633 706 2972 780 προσήκοντι
3005 702 3160 773 τόπῳ
3206 699 3445 770 φανερὸν
3474 697 3696 766 ποιήσο-

2120 827 2221 880 μεν
2256 807 2358 879 (ι).

2768 889 3054 946 ΕΦΕΣΟΥ.

2201 992 2344 1048 Ἀλλ’
2377 990 2489 1045 οὐδ’
2513 986 2733 1044 ἐναντία
2753 987 2876 1048 ταῖς
2906 984 3057 1038 οῑκου
3067 980 3319 1051 μενικαῖς
3341 975 3584 1036 συνόδοις
3607 971 3702 1026 καὶ
3799 1037 3803 1040 γ

2116 1090 2230 1149 τοῖς
2255 1085 2461 1147 κοινοῖς
2479 1080 2661 1136 αὐτῶν
2680 1078 2973 1147 δόγμασιν,
2999 1073 3117 1128 ἀλλ’
3139 1071 3251 1126 οὐδ’
3273 1063 3339 1124 ἂν
3361 1068 3500 1130 ὅλως
3524 1065 3704 1132 ἀσύμ-

2123 1199 2277 1250 φωνα
2300 1180 2415 1241 τοῖς
2448 1171 2796 1236 ἁνατολικοῖς
2843 1169 3191 1229 διδασκάλοις
3221 1154 3473 1234 ἔγραψαν
3508 1163 3558 1216 oi
3601 1154 3707 1250 nat:-

2121 1241 2280 1342 τέρες
2328 1273 2552 1336 ἐκεῖνοι,
2585 1267 2706 1322 ούδὲ
2738 1265 2924 1327 αὐτοῖς
2955 1258 3317 1321 ἀνακόλουθα,
3352 1254 3609 1322 καθάπερ
3641 1241 3706 1304 δι’

2122 1368 2299 1423 ἄλλων
2333 1364 2548 1420 πολλῶν
2577 1361 2809 1416 ἐκείνων
2843 1357 3027 1429 ῥητῶν
3059 1352 3466 1409 ἀποδείκνυται.

2739 1538 3108 1596 ΔΠΟΛΟΓΙΔ.

2193 1639 2516 1703 Θαυμάσιόν
2549 1655 2602 1690 τι
2639 1637 2736 1690 καὶ
2768 1632 3074 1703 παράδοξον
3103 1633 3132 1684 6
3156 1630 3436 1699 αἰδέσιμος
3481 1625 3710 1695 Ἐφέσου

2126 1733 2296 1801 λέγει.
2329 1731 2440 1785 Ποῦ
2473 1729 2584 1798 γὰρ
2625 1728 2764 1790 ὅλως
2801 1725 3110 1796 ἐμφανίσαι
3140 1721 3279 1792 ἔχει,
3317 1722 3394 1785 ῶς
3423 1720 3482 1774 αἱ
3525 1719 3712 1772 οίκου-

2137 1825 2356 1897 μενικαὶ
2389 1823 2600 1877 σύνοδοι
2639 1822 2703 1874 ὲκ
2751 1819 2916 1887 μόνου
2949 1817 3047 1870 τοῦ
3094 1815 3312 1885 Πατρὸς
3343 1809 3624 1882 ἐκήρυξαν
3653 1808 3715 1862 τδ

2139 1919 2365 1986 Πνεῦμα
2396 1918 2459 1970 τδ
2489 1915 2648 1984 ἆγιον
2691 1909 3115 1981 ἐκπορεύεσθαι,
3145 1902 3300 1976 ᾧπερ
3332 1906 3525 1961 ἕπεται
3558 1906 3715 1958 ἔναν-

2137 2015 2267 2075 τίως
2299 2013 2392 2065 καί
2425 2006 2803 2078 ἀντιφατικῶς
2831 2003 2892 2057 τδ
2935 2003 3000 2056 ὲκ
3031 2001 3125 2056 τοῦ
3160 2000 3301 2055 Υίοῢ
3335 1998 3411 2070 μὴ
3441 1997 3519 2067 (9.)
3549 1998 3718 2052 ἐκπο-

2143 2105 2422 2176 ρεύεσθαι,
2468 2101 2560 2154 καί
2613 2102 2764 2153 ἐστιν
2810 2095 3130 2163 ἀναγκαίως
3179 2091 3512 2156 ἁκόλουθον;
3551 2088 3719 2159 Οἶμαι

2136 2199 2266 2268 γὰρ,
2321 2196 2396 2260 ὡς
2445 2193 2618 2248 πολλά
2672 2190 2917 2259 μογήσας
2969 2188 3064 2242 καὶ
3123 2186 3388 2256 μυριάκις
3447 2182 3550 2244 τὰς
3609 2179 3720 2234 τῶν

2138 2285 2535 2358 οίκουμενικῶν
2568 2283 2804 2337 συνόδων
2831 2278 3214 2342 ύποτυπώσεις
3238 2273 3486 2338 διελθὼν,
3507 2271 3722 2343 οὐδαμῆ

2139 2380 2392 2450 οὐδαμῶς
2421 2377 2645 2447 εὑρήσει
2679 2377 2740 2428 τὸ
2774 2375 2838 2427 ἐκ
2875 2372 3037 2443 μόνου
3080 2370 3176 2425 τοῦ
3212 2369 3426 2440 Πατρδς
3449 2366 3724 2438 ἐκπορεύ-

2141 2473 2299 2527 εσθαι
2333 2472 2394 2524 τὸ
2427 2471 2586 2538 ἆγιον
2623 2463 2873 2534 Πνεῦμα·
2910 2458 3175 2525 ὡσαύτως
3227 2461 3322 2514 καὶ
3365 2459 3476 2514 τῶν
3515 2457 3728 2512 λοιπῶν

2121 2566 2485 2623 ’διδασκάλοιν
2515 2563 2610 2616 καὶ
2644 2560 2937 2627 θεολόγων.
2974 2559 3036 2611 El
3071 2556 3115 2611 δ’
3150 2559 3178 2610 6
3206 2555 3411 2619 Φώτιος
3444 2551 3725 2622 πατριάρ-

2143 2675 2244 2726 χης
2283 2652 2458 2718 εἶπεν,
2492 2653 2606 2708 ἀλλ’
2639 2651 2762 2721 ὅρα,
2799 2651 2881 2702 ὅτι
2933 2652 2991 2702 ὲν
3028 2647 3207 2714 ἁγίοις
3240 2647 3300 2699 ού
3338 2643 3725 2698 συντέτακταιο

2145 2748 2322 2801 καίτοι
2372 2761 2436 2812 γε
2492 2745 2551 2798 ὲν
2602 2742 2682 2813 τῷ
2734 2741 2887 2810 αύτῷ
2939 2757 2994 2793 τε
3057 2742 3152 2793 καὶ
3187 2738 3267 2791 ἑνὶ
3311 2733 3490 2806 καιρῷ
3520 2733 3732 2796 Φώτιος

2145 2841 2240 2893 καὶ
2271 2836 2350 2906 (3)
2410 2836 2690 2905 Ἰγνάτιος
2726 2833 2842 2888 ἀλλ’
2869 2834 2898 2885 6
2948 2832 3046 2902 μὲν
3095 2831 3193 2884 σὺν
3240 2831 3417 2896 ἁγίοις
3466 2827 3731 2880 τέτακται

2151 2931 2248 2985 καὶ
2298 2933 2357 2984 ὲν
2405 2931 2472 3000 τῇ
2527 2929 2749 2994 εἰκοστῇ
2797 2923 2958 2995 τρίτῃ
3007 2921 3101 2975 τοῦ
3146 2919 3481 2989 Ὀκτωϐρίου
3528 2920 3588 2970 ὲν
3620 2918 3734 2978 τοῖς

468 3032 690 3079 sanctos
721 3021 1109 3076 adnumeratur
1125 3025 1181 3072 et
1211 3011 1299 3070 die
1316 3015 1580 3069 vicesimo
1602 3015 1765 3069 tertio
1787 3014 2042 3068 Octobris

2158 3021 2506 3090 συναξαρίοις
2542 3019 2682 3087 μετά
2712 3016 2820 3069 τῶν
2853 3016 3027 3080 ἁγίων
3059 3012 3437 3068 συντάττεται·
3473 3011 3500 3063 6
3532 3009 3591 3063 δὲ
3615 3007 3738 3062 Φῶκ-

467 3117 523 3172 ‘in
557 3111 864 3184 synaxariis
899 3110 1074 3165 locum
1110 3107 1294 3161 habet.
1316 3105 1543 3160 thius
1582 3119 1708 3160 vero
1744 3104 1891 3159 nullo
1921 3121 2041 3159 mo-

2147 3123 2261 3176 τιος
2282 3109 2536 3179 οὐδαμῶς
2556 3111 2668 3170 τοῖς
2687 3107 2858 3175 ἁγίοις
2882 3104 3312 3175 συνηρίθμηται,
3335 3104 3384 3154 εί
3407 3101 3502 3155 καὶ
3524 3101 3741 3155 δίκαιον

469 3209 542 3262 do
575 3204 884 3262 sanctitatis
917 3215 1117 3256 nomen
1169 3206 1524 3283 consecutus.
1546 3206 1651 3261 est,
1685 3196 1811 3251 licet
1864 3212 2043 3266 operae

2158 3206 2227 3259 τὰ
2257 3204 2378 3258 κατ’
2408 3202 2572 3255 αὑτὸν
2621 3200 3010 3270 παραδραμεῖν
3043 3196 3131 3249 διά
3166 3195 3227 3247 τὸ
3258 3193 3347 3248 ἐπ’
3381 3192 3642 3261 ἁμόωνος
3675 3191 3744 3244 τά

471 3298 705 3368 pretium
758 3294 942 3356 fuerit,
975 3291 1124 3346 illius
1161 3299 1315 3360 gesta
1347 3288 1568 3344 silentio
1611 3289 1918 3357 praeterire,
1983 3303 2045 3342 eo

2161 3299 2301 3351 κατᾶ
2334 3295 2427 3348 τοῦ
2460 3295 2518 3348 ὲν
2565 3291 2742 3360 ἁγίοις
2777 3290 3044 3359 Ἰγνατίου
3073 3289 3166 3342 καὶ
3200 3285 3366 3341 αὐτοῦ
3406 3285 3499 3338 τοῦ
3529 3284 3744 3338 Φωτίου

472 3395 618 3460 quod
637 3391 690 3443 in
711 3387 948 3441 amboue
963 3383 1299 3439 anathemati
1318 3382 1713 3452 subjiciuntur,
1727 3397 1849 3450 qua:
1866 3382 1998 3436 adve
2009 3397 2056 3434 r-

473 3497 567 3537 sus
593 3492 840 3536 sanctum
865 3478 1136 3548 Ignatium
1165 3475 1526 3544 Photiumque
1557 3473 1762 3539 scripta
1786 3481 1916 3527 sunt
1949 3475 2052 3541 (a).

2161 3386 2666 3457 ἀναθεματίζεσθαι
2703 3384 2811 3453 (4).
2850 3383 2908 3436 Εἰ
2947 3382 3004 3434 δὲ
3037 3381 3127 3434 τὸν
3157 3376 3561 3444 Θεσσαλονίκης
3597 3375 3749 3428 εἴποι

2162 3490 2246 3543 τις
2277 3479 2339 3532 τὸ
2387 3478 2456 3532 ὲκ
2484 3477 2680 3547 μόνου
2735 3474 2990 3542 λέγοντα,
3036 3471 3174 3525 ἀλλά
3218 3471 3314 3524 καὶ
3371 3469 3530 3532 οὖτος
3573 3469 3638 3522 ὲν

477 3574 533 3628 Si
580 3588 709 3626 vero
753 3571 877 3641 quis
933 3568 1491 3624 Thessalonicensem
1542 3565 1769 3636 obiiciat
1809 3579 1941 3621 voce
1993 3581 2045 3620 ea

2165 3569 2347 3640 οἰκείᾳ
2377 3567 2665 3637 ὁμολογίᾳ,
2707 3566 2776 3633 ἣν
2815 3564 3018 3618 δέδωκε
3057 3565 3123 3633 τῇ
3161 3555 3469 3631 Ἐκκλησία
3503 3552 3752 3631 Χριστοῦ

476 3665 589 3720 solo
621 3653 823 3733 (Patre)
861 3671 1129 3726 utentem,
1162 3668 1216 3713 at
1240 3675 1366 3714 vero
1391 3659 1480 3713 htc
1500 3673 1722 3729 quoque
1753 3659 1806 3712 in
1832 3660 2045 3728 propria

2164 3661 2404 3727 δεικνὺς,
2435 3659 2630 3713 ὁποίαν
2656 3657 2771 3726 ἔχει
2796 3655 2897 3728 τὴν
2922 3655 3082 3720 δόξαν
3111 3654 3243 3723 περὶ
3267 3653 3333 3706 τὰ
3359 3651 3481 3723 ίερὰ
3507 3652 3605 3705 καὶ
3634 3649 3756 3706 θεῖα

477 3758 843 3821 confessione,
863 3768 1026 3825 quam
1053 3750 1309 3819 Ecclesiae
1323 3751 1526 3806 Christi
1562 3750 1710 3805 dedit
1731 3753 2054 3818 ostendens,

479 3851 694 3920 qualem
715 3849 914 3902 habeat
932 3845 1262 3900 sententiam
1289 3844 1436 3898 circa
1454 3854 1807 3899 sacrosancta
1833 3844 2058 3911 dogma-

2169 3753 2443 3821 δόγματα,
2493 3751 2554 3805 οὑ
2594 3748 2857 3812 συνέταξε
2901 3746 3082 3801 τοῦτο.
3129 3745 3342 3798 Οὐκοῦν
3387 3742 3612 3798 ἐναντία
3661 3743 3758 3796 καὶ

2169 3844 2514 3899 ἀνακόλουθα
2545 3844 2605 3896 ού
2629 3842 2904 3909 λέγουσιν,
2931 3838 3006 3901 ῶς
3045 3838 3211 3899 αὐτὸς
3243 3837 3271 3888 6
3301 3837 3483 3905 τίμιος
3506 3835 3684 3900 λέγει.

481 3955 557 4006 ta,
595 3940 738 3998 istud
769 3953 876 3992 non
907 3935 1178 4007 adiunxit.
1217 3934 1358 4006 Ergo
1403 3937 1683 3990 contraria
1744 3943 1800 3989 et
1833 3935 2058 3990 minimc
2094 3936 2431 3992 cohaerentia
2463 3949 2572 3989 non
2602 3933 2812 3998 dicunt,
2840 3943 2899 3988 ut
2932 3931 3050 4000 ipse
3104 3930 3195 3984 hic
3251 3927 3606 3983 venerandus
3673 3926 3760 3984 vir

485 4042 580 4095 ait.

979 4134 1218 4191 EPIIES.
1281 4135 1454 4207 (car.
1485 4133 1604 4202 xu.

554 4227 846 4299 Propterea
875 4229 1147 4298 ejusmodi
1187 4228 1541 4297 periculosas
1590 4240 1752 4280 voces
1785 4225 1853 4278 dc
1883 4221 2065 4278 sancti

487 4321 723 4390 Spiritus
751 4321 1106 4391 processione
1141 4318 1354 4386 reiicio.

1094 4405 1461 4461 APOLOGIA.
1523 4405 1531 4410 ’

519 4508 523 4512 ·
560 4499 761 4564 Quales
786 4514 948 4554 voces
974 4497 1151 4566 reiicit
1177 4499 1260 4550 vir
1296 4497 1398 4550 iste
1427 4494 1814 4550 honorabilis?
1845 4496 1926 4550 An
1953 4508 2066 4555 eas,

490 4607 612 4658 qua:
643 4589 912 4661 Spiritum
945 4589 1137 4643 dicunt
1160 4591 1434 4657 proprium
1480 4588 1671 4656 ipsius,
1726 4586 1844 4642 Filii
1905 4587 2082 4644 nitni-

494 4691 743 4745 rum,et
797 4695 862 4733 ea:
916 4677 1073 4748 ipso?
1130 4679 1196 4731 At
1267 4689 1426 4733 antea
1491 4677 1921 4732 demonstratum
1973 4688 2082 4746 est,

496 4790 744 4834 sanctam
802 4776 1021 4830 tertiam
1064 4773 1335 4844 synodum
1379 4787 1488 4826 una
1525 4787 1649 4826 cum
1698 4772 1825 4826 divo
1873 4773 2079 4844 Cyrillo

496 4873 675 4940 potius
713 4869 912 4923 dicere.
951 4872 1028 4920 An
1068 4881 1163 4922 eas
1189 4880 1310 4937 qua:
1344 4867 1533 4920 dicunt
1559 4880 1624 4918 ea:
1652 4862 1816 4918 Patre
1855 4881 1948 4934 per
1989 4864 2080 4921 Fi-

497 4964 762 5018 lium?At
791 4971 846 5016 et
899 4961 1032 5016 istas
1075 4967 1266 5015 sancta
1319 4957 1658 5013 (ecumenica
1718 4961 1949 5027 septima
1983 4973 2077 5028 sy-

498 5060 674 5116 nodus
707 5073 832 5113 cnm
869 5057 1170 5112 Athanasio
1205 5065 1258 5110 et
1308 5055 1512 5112 Basilio
1559 5054 1794 5123 aliisque
1833 5054 2068 5118 sanctis,

496 5154 586 5221 qui
617 5162 747 5206 ante
781 5151 954 5219 ipsam
985 5149 1222 5203 ﬂoruere
1247 5187 1262 5210 ,
1319 5147 1672 5217 deprmdicat,
1719 5156 1770 5200 et
1829 5155 2071 5215 postmo-

497 5249 623 5296 dum
654 5243 817 5298 divus
856 5240 1253 5296 Damasccuus.
1318 5243 1400 5293 An
1443 5255 1538 5294 eas
1591 5253 1714 5307 quze
1766 5235 1958 5293 dicunt
2007 5252 2073 5291 ετ

503 5335 659 5388 Patre
685 5344 732 5389 et
756 5349 820 5389 ea:
846 5331 986 5388 Filio
1009 5333 1031 5388 ?
1057 5333 1125 5388 At
1154 5332 1445 5388 admodum
1481 5329 1628 5384 clare
1669 5345 1762 5398 per
1789 5329 2075 5386 sanctissi-

569 5534 646 5602 (l)
677 5533 817 5586 Mou.
850 5531 889 5584 l'.
926 5531 1029 5585 133
1056 5547 1110 5602 τ),
1134 5529 1476 5598 ποιήσωμεν.

574 5595 648 5673 (εἰ)
678 5603 769 5672 Μὴ
801 5602 953 5673 deest
981 5603 1031 5673 iu
1062 5595 1302 5673 Monac};
1328 5595 1838 5673 βοιιςιιιιιςιιιι-ιςιιδεῖΔ
1875 5595 2075 5673 poscit.

575 5665 650 5744 (5)
690 5665 937 5760 ’θ’ρύάἰι
967 5671 1218 5735 Allatius,
1251 5670 1342 5739 qui
1370 5683 1398 5720 a
1431 5668 1612 5721 verbis
1657 5667 1716 5719 Et
1744 5665 1791 5718 6‘
1817 5667 1846 5719 6
1874 5665 2081 5729 Φὼτιος

577 5870 652 5941 (α)
679 5867 802 5925 llaec
827 5869 1081 5940 pericopc
1111 5883 1173 5924 ex
1204 5865 1388 5920 Allatii
1423 5864 1676 5923 versione
1701 5860 1857 5917 data.

2832 4119 3118 4175 ΕΦΕΣΟΥ.

2245 4219 2343 4273 Διὰ
2365 4218 2525 4272 τοῦτο
2555 4215 2652 4278 τὰς
2673 4215 2928 4276 τοιαύτας
2961 4210 3339 4271 ἐπικινδύνους
3391 4212 3578 4280 φωνάς
3629 4213 3768 4282 περὶ

2174 4313 2272 4381 τῆς
2298 4309 2394 4366 τοῦ
2426 4311 2583 4380 ἁγίου
2617 4307 2937 4378 Πνεύματος
2969 4301 3352 4374 ὲκπορεύσεως
3377 4301 3585 4358 ἀθετῶ.

2793 4399 3159 4454 ΔΠΟΛΟΙΊΔ.

2246 4498 2414 4559 Ποίας
2443 4497 2628 4564 φωνάς
2656 4490 2841 4548 ἀθετεῖ
2874 4491 2902 4547 6
2951 4492 3134 4562 τίμιος
3181 4487 3335 4554 οὗτος
3368 4506 3384 4556 ;
3424 4489 3524 4553 τάς
3574 4487 3773 4555 λεγού-

2185 4607 2282 4654 σας
2309 4590 2463 4644 ῑὸὶον
2488 4589 2697 4654 αὐτοῦ,
2725 4587 2819 4640 τοῦ
2852 4585 2981 4639 Υίοῦ
3005 4585 3271 4656 δηλονότι,
3308 4586 3402 4636 καὶ
3428 4582 3498 4647 ἐξ
3531 4579 3728 4636 αὑτοῦ
3753 4597 3772 4647 ,'

2197 4683 2358 4738 Ἀλλά
2381 4681 2542 4736 τοῦτο
2578 4681 3065 4753 προαποδέδεικται
3096 4679 3168 4740 ὡς
3198 4679 3232 4748 ἡ
3272 4676 3403 4745 ἁγία
3434 4675 3596 4746 τρίτη
3636 4674 3776 4728 σύν-

2183 4775 2302 4837 οδος
2339 4778 2480 4844 μετὰ
2510 4773 2606 4827 κα)⁴
2644 4771 2740 4826 τοῦ
2773 4770 3068 4824 θεσπεσίου
3126 4769 3398 4841 Κυρίλλου
3438 4767 3643 4835 μᾶλλον
3686 4767 3780 4817 λέ-

2181 4883 2288 4936 γει.
2329 4865 2493 4920 Ἀλλά
2547 4865 2645 4928 τὰς
2702 4863 2770 4917 ἐκ
2824 4864 3055 4930 Πατρὸς
3106 4859 3182 4914 δι’
3246 4859 3430 4923 Υίοῦ;
3465 4856 3629 4909 Ἀλλὰ
3679 4855 3782 4907 καὶ

2181 4958 2388 5020 ταύτας
2422 4959 2457 5028 ἡ
2491 4957 2623 5025 ἁγία
2675 4954 3034 5024 οίκουμενικὴ
3096 4951 3300 5022 ἑϐδόμη
3356 4948 3569 5010 σύνοδος
3633 4947 3784 5017 μετὰ

2187 5049 2508 5105 Ἀθανασίου
2553 5051 2648 5101 καὶ
2717 5046 3000 5100 Βασιλείου
3061 5045 3156 5098 κα)⁹
3215 5043 3390 5094 ἄλλων
3445 5042 3616 5106 ἀγξων
3669 5041 3786 5089 τῶν

2182 5145 2290 5214 πρὸ
2327 5142 2529 5212 ταύτης
2563 5140 2809 5207 θεολογεῖ
2839 5139 2933 5192 καὶ
2962 5141 3019 5200 ἐς
3063 5137 3292 5207 ὓστερον
3323 5137 3351 5186 6
3387 5135 3530 5196 θεῖος
3587 5134 3788 5202 Δαμαο

2181 5234 2401 5304 σκηνός.
2447 5231 2608 5286 Ἀλλὰ
2636 5232 2730 5286 τὰ;
2764 5231 2834 5285 ἐκ
2863 5231 2968 5283 τοῦ
2995 5229 3228 5294 Πατρός
3254 5226 3435 5279 καὶέκ
3467 5223 3572 5278 τοῦ
3597 5225 3744 5276 Υἱοῡ
3768 5238 3788 5284 ;

2182 5325 2294 5379 Καὶ
2331 5323 2477 5394 μάλα
2515 5322 2729 5391 τρανῶς
2753 5321 2844 5376 διὰ
2875 5320 2968 5375 τοῦ
3013 5318 3162 5391 ἱεροῦ
3198 5319 3294 5373 καὶ
3331 5318 3476 5371 θείου
3517 5314 3790 5385 Μαξίμου

2195 5525 2298 5580 ista
2326 5524 2550 5580 adducit
2583 5531 2776 5579 contra
2809 5522 3145 5594 Creyghton.
3188 5535 3242 5594 p.
3280 5518 3412 5575 509.

2265 5595 2340 5668 (4)
2368 5594 2663 5666 anusque
2682 5594 2867 5650 Allatii
2895 5592 3177 5665 adlegatio,
3203 5592 3239 5646 Ι.
3275 5605 3327 5646 c.
