3998 6458
437 421 516 494 79
1338 415 1733 483 'GREGORII
1787 419 2087 484 MAMMA!
2131 413 2239 480 ΟΡ.
2277 413 2798 480 PATRIARCILE
3635 417 3709 482 80

444 541 844 598 concordamus
900 542 1129 611 ejusque
1202 537 1530 610 theologiam
1609 541 2007 612 amplectimur.

2117 537 2403 609 φιονοῦμεν
2437 541 2496 592 ὲν
2521 538 2698 592 ἅπασι
2727 538 2821 592 καὶ
2844 538 2942 609 τὴν
2971 527 3136 592 αύτοῦ
3164 537 3450 606 Θεολογίαν
3490 541 3704 611 {vocep-

443 634 524 689 Ex
556 632 695 688 Filio
721 633 868 685 enim
909 629 1174 700 Spiritum
1207 631 1502 699 procedere
1549 647 1726 702 neque
1755 632 2014 692 dicimus,

451 741 631 797 neque
664 739 910 795 unquam
940 725 1212 790 dicemus,
1239 723 1332 780 sed
1369 740 1434 778 ex
1475 723 1636 779 Patre
1670 733 1726 780 et
1765 739 1830 779 ex
1855 723 2014 790 Filio,

348 844 351 845 ν
438 827 604 888 atque
634 833 700 871 ex
752 817 917 871 Patre
956 831 1053 886 per
1085 815 1308 870 Filium.
1341 815 1554 869 Etenim
1609 814 1792 868 dicere
1841 813 2016 884 Spiri-

445 919 562 962 tum
595 922 845 963 sanctum
877 922 942 961 ex
971 904 1132 970 Filio,
1178 918 1232 960 et
1287 921 1394 959 non
1445 906 1778 974 prazmittere
1821 904 2018 958 dictio-

447 1017 569 1054 nem
625 1015 690 1054 ex
723 997 903 1066 Patre,
956 1013 1182 1053 causam
1231 997 1592 1068 principalem
1638 1010 1762 1050 esse
1816 993 2013 1048 Filium

435 1091 794 1153 subindicat,
849 1090 995 1160 quod
1041 1088 1344 1142 Eunomius
1401 1089 1778 1158 praedicabat,
1842 1083 2009 1140 sicuti

436 1182 729 1235 dictionem
780 1196 844 1235 ex
897 1179 1012 1235 solo
1076 1179 1240 1234 Patre
1297 1177 1606 1233 Nestorius.
1663 1176 1766 1232 ilic
1825 1186 2010 1230 autem

435 1283 662 1330 sanctus
704 1290 799 1346 per
849 1274 1087 1328 medium
1135 1276 1333 1328 harum
1388 1273 1620 1327 duarum
1677 1273 2016 1343 suppositio-

434 1383 566 1421 num
594 1366 860 1421 incedens
888 1380 1070 1435 neque
1097 1381 1162 1419 ex
1199 1363 1340 1419 Filio
1376 1363 1538 1429 dicit,
1571 1380 1748 1435 neque
1788 1381 1854 1418 ex
1887 1364 2006 1419 solo

434 1455 619 1522 Patre,
684 1457 776 1512 sed
821 1471 884 1511 ex
940 1454 1100 1509 Patre
1155 1470 1252 1524 per
1309 1451 1532 1509 Filium.
1587 1457 1766 1526 Atque
1815 1471 1879 1509 ex
1907 1455 2011 1510 hoc

437 1548 727 1618 utriusque
759 1558 930 1617 partis
980 1550 1268 1602 sententia:
1306 1555 1694 1609 conteruntur,
1749 1546 2012 1616 quemad-

438 1640 661 1694 modum
722 1640 776 1693 in
833 1639 1216 1709 superioribus
1275 1637 1528 1693 diﬂ‘usius
1591 1638 2008 1707 explicavimus,

433 1743 611 1797 neque
638 1743 780 1782 nunc
803 1737 1019 1799 oportet
1052 1727 1244 1782 eadem
1279 1736 1547 1796 repetere.
1596 1725 1730 1780 Nam
1766 1725 2005 1780 formula

2120 629 2403 700 νιξόμεθα.
2448 631 2541 683 Ἐκ
2571 631 2669 682 τοῦ
2704 629 2834 682 Υἰοῦ
2861 631 2969 700 γὰρ
3011 631 3071 682 τὸ
3117 629 3347 701 Πνεῦμα
3397 633 3704 703 ἐκπορεύε-

2122 721 2244 772 σθαι
2269 717 2381 772 οὒτ’
2411 721 2641 788 εἴπομεν
2667 719 2789 772 οὔτε
2841 720 2949 788 μὴν
3007 721 3266 790 ἐροῦμεν,
3317 721 3435 775 ἀλλ’
3491 725 3558 777 ἐκ
3605 712 3705 776 τού

2120 811 2333 880 Πατρὸς
2360 811 2454 863 καὶ
2485 813 2546 863 ὲκ
2576 809 2668 862 τοῦ
2696 809 2824 862 Υίοῦ
2863 811 2963 880 (1),
2998 814 3091 864 κα.)⁸
3121 814 3184 865 ἐκ
3213 811 3310 866 τοῦ
3359 815 3568 880 Πατρος
3619 816 3707 868 διὶ

2117 903 2214 956 τοῦ
2236 902 2388 956 Υίοῦ.
2421 903 2494 956 Τὸ
2526 904 2634 972 γὰρ
2678 903 2860 972 λέγειν
2892 904 2953 956 τὸ
2999 905 3225 975 Πνεῦμα
3282 907 3347 959 ὲκ
3397 905 3492 960 τοῦ
3551 908 3705 970 Υίοῦ,

2119 995 2212 1048 καὶ
2247 993 2322 1062 μὴ
2355 998 2772 1065 προηγούμενον
2803 996 2950 1066 ἔχειν
2976 997 3036 1049 τὸ
3064 997 3133 1050 ἐκ
3157 997 3266 1051 τοῦ
3317 1001 3574 1066 Πατρός,
3605 1001 3708 1070 ἀρ-

2121 1085 2276 1155 χικὸν
2308 1086 2482 1138 αίτιον
2503 1085 2594 1138 τὸν
2640 1085 2770 1138 Υίὸν
2818 1088 3212 1156 παρεμφαίνει,
3243 1088 3383 1159 ὅπερ
3437 1090 3707 1159 Εύνόμιος

2117 1174 2438 1246 ἐκήρυττεν,
2473 1169 2662 1244 ὥσπερ
2693 1176 2752 1227 τὸ
2773 1176 2843 1230 ἐκ
2869 1177 3066 1245 μόνου
3097 1177 3206 1232 τοῦ
3238 1180 3470 1246 Πατρός
3500 1181 3707 1232 Νεστό-

2115 1281 2252 1335 ριος.
2305 1264 2362 1318 ’0
2383 1267 2440 1318 δὲ
2487 1265 2644 1333 ἅγιος
2692 1267 2780 1320 διὰ
2840 1271 3006 1336 μέσου
3067 1269 3174 1323 τῶν
3228 1269 3322 1322 δύο
3379 1271 3708 1339 mancam

2117 1357 2310 1428 χωρῶν
2337 1356 2412 1428 (2)
2433 1355 2557 1409 οὔτε
2584 1359 2645 1409 ὲκ
2671 1357 2764 1409 τοῦ
2797 1356 2927 1410 Υίοῢ
2958 1359 3130 1424 λέγει,
3170 1358 3293 1411 οὔτε
3325 1362 3387 1413 ὲκ
3415 1363 3580 1429 μόνου
3609 1361 3705 1414 τοῦ

2117 1447 2356 1519 Πατρὺς,
2390 1449 2506 1502 ἀλλ’
2537 1451 2600 1502 ἐκ
2641 1449 2851 1516 Πατρὺς
2883 1451 2951 1502 δι’
3005 1449 3136 1504 Υἱοῦ
3180 1467 3193 1481 ⁸
3230 1451 3326 1504 καὶ
3383 1455 3447 1505 ἐκ
3501 1453 3700 1506 τούτου

2114 1541 2440 1608 ἀμφοτέρων
2468 1541 2523 1592 αἱ
2573 1539 2723 1604 δόξαι
2786 1541 3186 1612 συντρίϐονται,
3247 1542 3428 1605 καθὼς
3477 1546 3534 1596 ἐν
3587 1547 3698 1616 τοῖς

2107 1631 2424 1700 ἔμπροσθεν
2456 1631 2798 1701 πλατύτερον
2823 1632 3256 1704 διεσαφήσαμεν,
3289 1635 3384 1688 καὶ
3429 1636 3488 1689 ού
3520 1637 3602 1689 δεῖ
3630 1638 3700 1690 τὰ

2114 1723 2252 1775 αὐτὰ
2287 1723 2633 1778 ἀνακυκλεῖν.
2666 1725 2738 1777 Τὸ
2787 1729 2896 1794 γὰρ
2948 1725 3018 1779 ἐκ
3080 1725 3187 1779 τοῦ
3246 1727 3383 1782 Υίοῦ
3435 1728 3702 1796 Εὐνόμιος

433 1837 499 1875 ex
526 1819 670 1874 Filio
700 1820 960 1874 utebatur
993 1817 1320 1880 Eunomius,
1364 1833 1632 1887 separans
1678 1817 1804 1871 inde
1834 1815 2007 1888 Spiri-

2117 1815 2323 1882 ἑλεγεν,
2360 1815 2613 1884 ἀφαιρῶν
2637 1816 2798 1869 τοῦτο
2832 1818 2940 1871 ἀπὸ
2972 1817 3067 1871 τοῦ
3106 1819 3342 1886 Πατρὸς,
3378 1821 3453 1883 ὡς
3488 1821 3517 1872 δ
3553 1820 3700 1885 θεῖος

437 1918 551 1964 tum
588 1924 618 1962 ε.
647 1909 828 1974 Patre,
867 1917 925 1962 ut
953 1907 1117 1962 divus
1158 1907 1392 1963 Basilius
1432 1908 1626 1978 probat
1678 1908 1832 1964 libris
1891 1909 2009 1964 suis

435 2010 628 2054 contra
657 1999 949 2065 eumdem;
982 1999 1278 2053 dictionem
1313 2013 1442 2052 vero
1465 2014 1529 2052 ea:
1563 1998 1725 2051 Patre
1779 2014 1873 2067 per
1909 1997 2008 2050 Fi-

433 2092 561 2146 liam
598 2099 654 2146 et
683 2107 747 2144 ex
785 2088 948 2143 Patre
986 2097 1036 2143 et
1071 2087 1216 2142 Filio
1247 2103 1370 2142 cum
1406 2087 1716 2158 copulativa
1775 2089 2009 2158 conjun-

435 2185 617 2238 ctione
649 2193 698 2237 ct
736 2183 872 2236 bene
913 2195 976 2234 ac
1016 2191 1164 2234 recte
1204 2179 1480 2248 explanat,
1510 2179 1604 2248 qui
1638 2179 1689 2234 id
1727 2179 1884 2242 dicit,
1917 2194 2012 2248 pa-

432 2281 643 2332 ternam
686 2271 1035 2343 hypostasim
1073 2271 1276 2324 fontem
1310 2284 1431 2322 esse
1486 2270 1660 2323 sancti
1722 2268 1959 2340 Spiritus
1989 2309 2004 2335 ,

432 2375 488 2422 et
520 2381 588 2423 ex
626 2367 729 2421 hoc
760 2367 910 2419 fonte
940 2377 1062 2419 esse
1089 2361 1284 2416 Filium
1317 2363 1490 2415 sancti
1509 2361 1750 2432 Spiritus
1779 2361 2008 2429 fontem,

433 2460 580 2516 sicut
632 2473 864 2528 magnus
908 2455 1254 2510 Athanasius
1311 2453 1456 2508 libro
1513 2453 1578 2508 de
1630 2453 2012 2510 lncarnatione

435 2550 601 2606 Verbi
628 2551 737 2604 ait:
773 2567 791 2600 ι
824 2547 987 2602 Novit
1048 2545 1318 2615 siquidetn
1363 2545 1503 2615 apud
1537 2544 1754 2600 Patrem
1803 2543 2000 2600 Filium

434 2658 558 2699 esse
592 2641 796 2698 fontem
835 2640 1077 2709 Spiritus
1108 2639 1305 2693 sancti.
1349 2654 1368 2688 ι
1406 2636 1482 2692 Ac
1508 2637 1806 2708 Gregorius
1831 2635 2012 2692 Theo-

434 2738 593 2807 logus
625 2736 874 2790 oratione
917 2734 984 2788 de
1036 2731 1245 2802 Spiritu
1295 2742 1488 2786 sancto
1542 2730 1724 2797 docet,
1786 2729 2006 2785 Patrem

432 2828 616 2892 oculo,
651 2827 850 2883 Filium
887 2825 1053 2888 l‘onti,
1081 2833 1333 2878 sam-tum
1369 2838 1498 2878 vero
1539 2821 1806 2892 Spiritum
1844 2821 2012 2876 ﬂuvio

430 2919 736 2990 comparari
765 2934 828 2973 ac
844 2917 1094 2972 similiter
1115 2931 1174 2970 se
1200 2915 1421 2970 habere.
1445 2915 1532 2969 Ait
1559 2916 1706 2969 enim
1729 2933 1744 2970 :
1775 2930 1793 2966 ι
1820 2911 2010 2967 Enim-

439 3027 572 3067 vero
609 3026 732 3066 cum
767 3009 967 3064 mentis
1014 3008 1332 3062 curiositate
1381 3007 1609 3060 multum
1661 3005 1863 3075 diuque
1900 3020 2014 3060 tne-

431 3119 556 3160 cum
587 3103 1028 3157 considerassem
1075 3108 1241 3166 atque
1279 3099 1586 3153 orationem
1641 3099 2012 3169 undequaque

2118 1907 2404 1970 Βασίλειος
2452 1908 2836 1963 ἀποδείκνυσιν
2877 1911 2936 1964 ὲν
2971 1913 3085 1976 τοῖς
3145 1913 3603 1983 ’Δντιῤῥητικοίς·
3635 1915 3699 1967 τὸ

2115 2000 2171 2052 δὲ
2187 2001 2256 2053 ἐκ
2287 2000 2394 2053 τοῦ
2423 2001 2651 2068 Πατρός
2687 2001 2785 2055 διὰ
2815 2001 3093 2057 toﬁ-T1017
3129 2005 3224 2055 καὶ
3247 2003 3314 2056 ἐκ
3339 2002 3445 2056 τοῦ
3464 2003 3698 2071 Πατρές

2118 2091 2219 2144 καί
2243 2091 2349 2145 τοῦ
2397 2091 2533 2146 Υίοῦ
2565 2093 2701 2162 μετὰ
2726 2093 2819 2145 τοῦ
2878 2093 2975 2146 καὶ
3043 2093 3446 2162 συμπλεκτικοῦ
3506 2094 3697 2148 συνδέ-

2122 2197 2258 2249 σμου
2313 2181 2457 2251 μάλα
2501 2181 2684 2248 καλῶς
2733 2181 2988 2250 διασαφεῖ
3022 2186 3050 2236 δ
3099 2183 3260 2236 τοῦτο
3314 2183 3508 2252 λέγων,
3544 2185 3623 2248 ὼς
3661 2187 3696 2254 ἠ

2121 2272 2360 2341 πατρικὴ
2382 2272 2678 2336 ὑπόστασις
2711 2274 2860 2343 πηγή
2887 2276 3002 2326 ἐστι
3048 2273 3141 2326 τοῦ
3165 2274 3322 2342 ἁγίου
3353 2273 3694 2344 Πνεύματος.

2119 2363 2292 2415 καὶὲκ
2317 2362 2526 2432 ταύτης
2581 2363 2677 2432 τῆς
2726 2365 2910 2434 πηγῆς
2955 2364 3102 2417 ἐστιν
3147 2367 3174 2418 ὁ
3221 2365 3348 2429 Υἱὸς
3393 2365 3548 2437 πηγὴ
3601 2365 3700 2418 τοῦ

2119 2452 2276 2520 ἁγίου
2306 2452 2648 2523 Ηνεύματος,
2683 2455 2759 2518 ὡς
2789 2457 2816 2507 ό
2859 2455 3176 2518 ’ΔΘανάσιος
3229 2457 3258 2509 δ
3301 2456 3473 2526 μέγας
3504 2457 3562 2510 ὲν
3617 2457 3697 2524 τῷ

2119 2545 2254 2613 Περὶ
2282 2545 2381 2612 τῆς
2421 2546 2686 2614 ὲνσάρκου
2724 2546 3038 2615 οἰκονομίας
3063 2563 3076 2578 ’
3122 2566 3140 2598 ι
3171 2543 3292 2600 Οἷδε
3350 2549 3481 2619 γὰρ,
3535 2550 3696 2618 φησὶ,

2119 2635 2268 2706 παρὰ
2315 2635 2434 2706 Θεῷ
2473 2638 2648 2707 Πατρὶ
2686 2637 2776 2690 τὸν
2831 2637 2960 2690 Υίδν
3014 2639 3114 2708 τὴν
3163 2640 3344 2709 πηγὴν
3395 2640 3490 2692 τοῦ
3535 2641 3703 2708 ἁγίου

2121 2725 2556 2795 Πνεύματοςβ).
2597 2745 2615 2778 ο
2658 2728 2770 2781 Καὶ
2817 2729 2856 2781 Γ
2862 2728 3117 2802 ρηγόριος
3147 2731 3174 2783 ὁ
3219 2730 3478 2800 Θεολόγος
3507 2733 3564 2784 ὲν
3619 2733 3698 2802 τῷ

2119 2816 2370 2885 περὶτοῦ
2400 2818 2557 2884 ἁγίου
2603 2818 2922 2889 Πνεύματος
2981 2820 3126 2891 λόγῳ
3165 2821 3256 2874 τὸν
3311 2821 3414 2892 μὲν
3471 2823 3698 2893 Πατέρα

2117 2906 2511 2977 ὀφθαλμῷ,τὸν
2540 2909 2596 2961 δὲ
2651 2909 2777 2962 Υίὸν
2805 2914 2980 2982 πηγῇ,
3032 2915 3093 2965 τὸ
3150 2913 3206 2966 δὲ
3264 2912 3418 2980 ἆγιον
3464 2913 3693 2982 Πνεῦμα

2117 2999 2352 3070 πουμῷ
2384 2998 2660 3068 ἀναλόγως
2681 3001 2827 3070 ἔχειν
2851 3017 2864 3030 ·
2897 3004 3032 3070 φησι
3061 3003 3169 3072 γάρ
3196 3002 3300 3073 (4)·
3331 3021 3349 3054 ι
3395 3002 3482 3066 Ὧς
3517 3004 3697 3073 ἔγωγε

2119 3093 2288 3145 πολλὰ
2313 3092 2750 3163 διασκεψάμενος
2783 3093 2920 3163 πρὸς
2945 3095 3180 3163 ἐμαυτὸν
3213 3099 3278 3166 τῇ
3311 3095 3702 3168 φιλοπραγμοσ-

431 3193 803 3266 explorarent,
833 3191 910 3246 rei
961 3197 1125 3246 tanta:
1156 3189 1452 3256 imaginem
1486 3188 1782 3258 quamdam
1817 3187 2007 3258 exqui.

2123 3184 2258 3258 σύνῃ
2279 3183 2377 3237 τοῦ
2405 3182 2502 3237 νοῦ
2541 3185 2634 3238 καὶ
2660 3186 3000 3255 πανταχόθεν
3021 3187 3114 3240 τὸν
3149 3164 3308 3256 λόγον
3327 3164 3571 3252 εὐθύνας
3599 3164 3699 3242 καὶ

432 3301 582 3352 reus,
604 3285 691 3340 cui
721 3282 940 3337 tandem
984 3297 1168 3337 rerum
1196 3280 1517 3334 inferiorum
1545 3279 1732 3334 divina
1775 3279 1866 3333 illa
1913 3295 2012 3333 na-

429 3386 553 3431 tura
593 3375 956 3446 comparanda
999 3374 1090 3438 sit,
1137 3373 1377 3442 reperire
1404 3388 1512 3426 non
1547 3374 1723 3442 potui.
1751 3372 2013 3438 Quamvis

430 3466 580 3520 cnim
629 3466 880 3534 exiguam
928 3466 1164 3534 aliquam
1197 3463 1617 3518 similitudinem
1673 3464 2008 3528 invenerim,

435 3557 612 3629 major
662 3567 842 3610 tamen
889 3572 1014 3625 pars
1068 3571 1151 3609 nae
1197 3553 1377 3625 fugit,
1426 3555 1688 3625 humique
1732 3570 1820 3609 me
1884 3570 2012 3609 cum

437 3664 560 3704 meo
591 3648 842 3718 exemplo
871 3647 1114 3716 reliquit.
1138 3646 1369 3702 Oculum
1405 3647 1695 3716 quemdam
1723 3658 1780 3702 et
1802 3647 2005 3702 fontem

434 3757 501 3796 ac
530 3739 756 3796 ﬂuvium
787 3739 921 3793 mihi
956 3741 1238 3810 proposui,
1267 3741 1729 3810 quemadmodum
1755 3741 1848 3796 alii
1869 3760 2010 3814 quo-

436 3849 564 3902 que,
603 3841 662 3888 ut
695 3833 954 3897 viderem,
989 3849 1117 3886 num
1145 3831 1304 3887 Pater
1325 3849 1448 3887 cum
1475 3834 1656 3899 oculo,
1681 3832 1852 3888 Filius
1879 3849 2004 3888 cum

437 3928 609 3990 fonte,
667 3905 908 3996 spii-itus
959 3934 1183 3980 sanctus
1237 3941 1362 3980 cum
1423 3924 1589 3982 ﬂuvio
1648 3927 2006 3996 proportione

435 4018 671 4087 quadam
697 4017 1041 4074 conveniret.
1095 4017 1221 4073 lizcc
1274 4018 1421 4073 enim
1473 4030 1576 4072 nec
1615 4025 1860 4088 tempore
1891 4018 2006 4073 dis-

433 4120 782 4178 cernuntur,
835 4127 937 4168 nec
967 4111 1038 4166 ob
1086 4112 1500 4166 continuitatem
1555 4125 1586 4165 a
1643 4126 1702 4166 se
1769 4111 2000 4165 invicem

2117 3275 2305 3346 ζητῶν
2345 3276 2530 3329 είκόνα
2568 3275 2692 3332 τινὰ
2724 3277 2818 3331 τοῦ
2877 3278 3134 3332 τοσούτου
3197 3279 3542 3349 πράγματος,
3591 3283 3699 3335 οὐκ

2115 3369 2296 3438 ἔσχον,
2323 3361 2366 3436 ᾧ
2390 3386 2498 3422 τινι
2526 3369 2633 3439 χρὴ
2667 3370 2776 3423 τῶν
2809 3371 2962 3424 κάτω
2987 3371 3086 3441 τὴν
3119 3370 3271 3424 Θείαν
3301 3371 3463 3440 φύσιν
3506 3389 3698 3442 παρα-

2116 3459 2334 3514 ϐάλλειν
2360 3459 2462 3530 (5)·
2528 3461 2632 3511 κᾶν
2669 3461 2778 3530 γὰρ
2812 3462 2985 3532 μικρά
3041 3478 3124 3522 τις
3161 3462 3421 3533 ὁμοίωσις
3467 3464 3702 3536 εὑρεθῇ,

2115 3557 2307 3625 φεύγει
2341 3557 2403 3610 τὸ
2439 3557 2643 3624 πλεῖον,
2681 3558 2816 3626 ἀφέν
2854 3575 2923 3627 με
2956 3558 3126 3620 κάτω,
3151 3559 3288 3628 μετὰ
3326 3557 3420 3612 τοῦ
3480 3559 3699 3612 ύποδείυ

2117 3665 2327 3720 γματος
2357 3665 2372 3681 ο
2403 3650 2681 3720 ὀφθαλμόν
2702 3668 2824 3704 τινα
2857 3650 2953 3705 καὶ
2977 3651 3160 3723 πηγὴν
3185 3653 3278 3705 καὶ
3303 3653 3546 3721 ποταμδν
3575 3653 3700 3706 sva.-

2113 3744 2282 3812 νόησα
2309 3743 2426 3810 (καὶ
2473 3743 2581 3814 γὰρ
2606 3743 2700 3796 καὶ
2730 3741 2904 3812 ἄλλοι)
2931 3743 3006 3812 μὴ
3031 3743 3108 3813 τῷ
3155 3744 3252 3812 μὲν
3273 3746 3302 3796 ὁ
3348 3743 3558 3815 Πατὴρ,
3609 3743 3693 3812 τῷ

2111 3835 2170 3888 δὲ
2200 3838 2226 3889 ὁ
2249 3835 2394 3901 Υἱὸς,
2425 3834 2502 3906 τῷ
2531 3836 2586 3889 δὲ
2609 3835 2671 3888 τὸ
2700 3835 2855 3903 ἅγιον
2887 3836 3112 3907 Πνεῦμα
3162 3836 3440 3906 ἀναλόγως
3463 3837 3564 3907 ἔχῃ
3590 3837 3701 3906 (6).

2113 3928 2300 3983 Ταῦτα
2345 3927 2455 3999 γὰρ
2515 3927 2638 3982 οὔτε
2684 3929 2863 4001 χρόνῳ
2909 3929 3222 3999 διέστηκεν,
3261 3929 3386 3985 οὔτε
3435 3931 3694 4000 ἀλλήλων

2111 4019 2458 4090 ἀπέρῤηκται
2494 4022 2561 4090 τῇ
2593 4021 2870 4091 συνεχείᾳ,
2900 4022 2994 4075 καὶ
3027 4023 3107 4093 (7)
3136 4021 3284 4077 δοκεῖ
3341 4039 3456 4086 πως
3505 4023 3699 4094 τρισὶν

2111 4109 2338 4179 ἰδιότησι
2361 4111 2713 4180 τέμνεσθαι,›
2749 4113 2844 4165 καὶ
2872 4113 2940 4166 τὰ
2968 4113 3117 4183 ἑξῆς.

431 4209 863 4278 abrumpuntur,
914 4221 980 4259 ac
1034 4207 1214 4261 tribus
1283 4207 1506 4276 insuper
1570 4207 2002 4275 proprietatibus
2078 4205 2490 4274 quodammodo
2545 4207 2720 4262 scindi
2781 4207 3056 4278 videntur,
3097 4229 3122 4262 ι
3189 4221 3406 4282 etquae
3449 4228 3696 4284 sequun-

432 4309 544 4354 tur.

898 4389 1141 4444 EPIIES.
1180 4390 1374 4460 (CAP.
1406 4391 1574 4464 xm).

502 4481 692 4552 Neque
721 4481 843 4535 dico
864 4480 1062 4534 Filium
1093 4481 1334 4547 Spiritus
1375 4483 1548 4537 sancti
1571 4499 1790 4539 causam
1830 4500 2004 4554 neque

432 4573 842 4641 pro-luctorem,
871 4586 942 4625 ne
967 4569 1269 4625 secundum
1306 4571 1632 4641 principium
1657 4577 1709 4627 in
1738 4571 2007 4628 Trinitate

432 4673 490 4719 ct
512 4665 710 4719 exinde
743 4656 864 4718 dua:
891 4677 1072 4716 causa:
1095 4663 1312 4732 duoque
1335 4664 1600 4734 principia
1619 4666 2009 4734 intelligantur.

1030 4774 1399 4831 APOLOGIA.

509 4870 710 4926 Paulus
742 4869 1021 4938 apostolus
1052 4879 1216 4939 atque
1244 4869 1482 4940 inclytus
1513 4871 1851 4927 Athanasius
1903 4889 1997 4926 ra-

433 4965 640 5019 tionem
692 4963 946 5026 reddent,
1007 4961 1096 5015 ille
1155 4961 1205 5012 in
1243 4961 1476 5030 cpistola
1518 4960 1584 5014 ad
1649 4962 1998 5018 Thessaloni-

431 5069 646 5120 censes,
686 5054 772 5107 hic
806 5054 858 5106 in
898 5053 1017 5122 ejus
1048 5051 1433 5120 explanatione
1464 5054 1712 5107 oratione
1756 5056 1994 5109 secunda

436 5154 625 5200 contra
656 5145 910 5198 Arianos.
946 5143 1151 5197 Paulus
1194 5143 1416 5212 quidem
1483 5143 1560 5195 ait
1602 5160 1614 5194 :
1649 5141 1771 5210 Ipse
1822 5154 1995 5199 autem

501 5283 578 5354 (1)
612 5279 862 5346 Μου.9.7,
891 5279 929 5334 ι.
957 5279 1057 5332 15:1
1083 5297 1109 5332 ιι
1151 5279 1355 5334 omittit
1384 5279 1542 5332 Vcrha
1569 5281 1631 5332 ἐκ
1665 5279 1758 5332 τοῦ
1786 5279 2000 5351 Harpe;

432 5355 542 5406 καί.

503 5423 577 5497 (Ag)
613 5419 755 5497 lion.
780 5421 880 5497 cit.
901 5418 1099 5490 χορῶν.
1130 5488 1160 5497 Π
1264 5487 1273 5497 ⁸
1341 5485 1351 5497 ο

505 5487 583 5563 (5)
615 5490 742 5563 Lc\_'i
775 5487 1064 5563 verborum
1111 5487 1430 5563 discrimine
1458 5488 1597 5563 idem
1639 5497 1823 5563 textus
1869 5489 2001 5563 alle-

433 5557 595 5626 gatur
630 5576 657 5612 a
696 5559 871 5613 Bccmi
897 5561 948 5613 in
980 5559 1190 5611 Catnat.
1250 5557 1536 5610 Anitnadv.
1570 5573 1620 5611 c.
1659 5558 1714 5622 8,
1746 5571 1798 5612 el.
1861 5558 2004 5612 Con-

433 5632 672 5683 stantino
721 5629 1066 5691 Meliteniota,
1119 5636 1262 5682 orat.
1294 5627 1329 5678 2
1365 5643 1419 5679 ιι.
1468 5627 1535 5680 57
1584 5627 1699 5696 (Gr.
1759 5629 1905 5682 orth.
1959 5637 1999 5680 t.

432 5703 492 5764 ll,
538 5714 592 5764 εδ.
629 5699 756 5763 504,
784 5698 910 5761 505,
941 5699 1092 5764 747),
1123 5706 1179 5750 et
1205 5698 1345 5751 alias
1375 5697 1600 5764 passim.

501 5756 579 5838 (ἱ)
617 5756 778 5835 Greé.
812 5756 944 5822 Nai.
969 5756 1110 5820 orat.
1146 5767 1238 5832 57,
1263 5782 1342 5838 Δι).
1375 5756 1589 5838 Blied.
1621 5767 1784 5831 Billii,
1841 5783 1989 5838 nuuc

432 5833 570 5896 erat.
605 5839 696 5894 51.
724 5833 799 5893 Eo
834 5841 952 5892 loco
989 5845 1218 5892 utuntur
1262 5833 1430 5891 Isaias
1454 5836 1616 5906 (ἔχειν.
1668 5853 1755 5906 cp.
1791 5840 1856 5893 ad
1889 5837 1986 5894 Ni-

2025 4741 2078 4800 D

2745 4394 2962 4449 ΕΦΕΣΟ
2972 4397 3032 4450 Υ.

2181 4483 2319 4537 Οὔτε
2340 4483 2483 4552 λέγω
2510 4484 2600 4538 τὸν
2631 4485 2758 4538 Υίδν
2787 4487 2881 4540 τοῦ
2914 4489 3227 4561 Πνεύματος
3252 4490 3425 4545 αἴτιον
3457 4494 3576 4546 οὐδὲ
3603 4461 3697 4567 (i3)

2113 4575 2408 4645 προϐολέα,
2436 4576 2521 4629 ἵνα
2557 4577 2632 4648 μὴ
2662 4577 2912 4648 δεύτερος
2933 4582 3104 4644 αίτιος
3141 4582 3199 4636 ὲν
3222 4585 3288 4653 τῇ
3319 4583 3690 4655 Τριάδι,κὰυ-

2113 4667 2306 4722 τεῦθον
2331 4667 2424 4720 δύο
2455 4667 2620 4722 αῐτιοι
2649 4667 2740 4719 καὶ
2770 4667 2862 4720 δύο
2891 4669 3060 4739 ἀρχαὶ
3089 4672 3459 4741 γνωρισθῶσι.

2704 4783 3073 4836 ΛΠΟΛΟΓΙΔ.

2181 4873 2446 4938 Παῦλοςδ
2499 4875 2796 4937 ἀπόστολος
2854 4877 2951 4928 σὺν
2989 4875 3068 4946 τῷ
3115 4878 3310 4948 κλεινῷ
3377 4880 3688 4954 Ἀθανασίῳ

2109 4964 2201 5017 τὸν
2227 4965 2386 5032 λόγον
2417 4966 2814 5032 ἀποδώσουσιν,
2854 4967 2882 5018 δ
2917 4967 3016 5036 μὲν
3050 4970 3107 5022 ὲν
3141 4971 3206 5039 τῇ
3239 4969 3374 5037 πρὸς
3401 4971 3687 5026 Θεσσαλο-

2105 5061 2272 5120 νικετς
2313 5058 2626 5129 Ἐπιστολῇ,
2659 5059 2688 5110 ὁ
2714 5057 2770 5112 δὲ
2823 5057 3028 5126 ταύτην
3072 5059 3439 5128 ἐξηγούμενος
3490 5065 3549 5115 ἐν
3604 5069 3687 5132 τῷ

2102 5148 2242 5199 κατὰ
2287 5147 2580 5216 ’Δρειανών
2604 5148 2841 5218 δευτέρῳ
2871 5164 2884 5176 ·
2918 5146 2993 5202 ὧν
3034 5155 3063 5204 ό
3094 5153 3195 5220 μέν
3251 5169 3416 5221 φησιν
3443 5169 3458 5185 °
3493 5155 3688 5221 Αὐτός

2099 5284 2204 5361 cpl.
2239 5283 2748 5361 scleg.;_C_onstat_it.
2771 5284 3009 5361 Meliten.
3039 5287 3225 5340 oratJ
3253 5304 3319 5361 in.
3338 5290 3406 5343 29
3430 5305 3446 5354 ;
3478 5292 3681 5361 Georg.

2100 5352 2428 5429 hietoch.__c.
2462 5355 3014 5429 Max._i’l;iiiiid._(Gr.
3064 5360 3284 5413 orthod.
3321 5369 3360 5412 t.
3394 5352 3439 5422 Ι,
3462 5379 3514 5429 p.
3546 5352 3678 5428 397,

2101 5423 2243 5487 598;
2276 5436 2314 5479 ι.
2341 5425 2402 5488 ll,
2435 5441 2486 5494 p.
2523 5425 2642 5487 706,
2668 5427 2792 5489 707,
2825 5423 2972 5492 941).

2172 5494 2247 5562 (ὅ)
2285 5495 2721 5567 Παραϐαλεῖνηιιι
2754 5497 2841 5550 ed.
2877 5495 3039 5567 Greg.

2173 5567 2250 5630 (6)
2282 5567 2415 5634 Qud.
2450 5567 2593 5620 Μοιι.
2631 5566 2793 5634 ἔχειν.

2174 5636 2252 5703 (7)
2286 5633 2409 5688 Btll.
2443 5638 2562 5689 κᾶν.

2097 5703 2247 5826 Οιὲο)
2271 5706 2495 5768 Monac.
2515 5705 2646 5770 256,
2681 5706 2717 5760 l.
2758 5708 2856 5762 124
2887 5707 2920 5764 b
2944 5710 3120 5766 omitt.
3139 5710 3278 5768 duas
3304 5723 3470 5767 voces
3499 5711 3687 5770 αζτιον

2133 5795 2156 5826 υ
2198 5791 2241 5826 ε.

2133 5791 2241 5829 uos.
