3998 6436
446 465 453 472 .
489 412 561 478 83
1381 417 1760 478 GREGORH

1827 419 2050 477 MAth

2172 419 2281 477 (ΣΡ.
2324 417 2832 480 ΡΑτΗιΑιὶεΗιΕ
3653 422 3722 484 84

485 519 690 588 adjecit
728 519 779 572 in
839 520 1050 574 nomine
1101 538 1245 586 meo;
1287 539 1393 580 non
1442 535 1623 580 tamen
1667 527 1844 580 dixit:
1880 525 2050 592 Quem

2160 527 2366 595 πέμψει
2414 528 2443 579 ὁ
2474 529 2665 596 Πατὴρ
2707 527 2836 590 παρ’
2863 525 3020 595 ἐμοῦ,
3066 525 3126 578 δν
3160 525 3358 594 τρόπον
3397 522 3547 580 εἶπεν
3574 544 3588 560 ο
3623 529 3725 579 ὀν

487 610 662 665 mittet
701 610 859 664 Pater
900 625 928 664 a
976 627 1060 665 me
1093 613 1365 680 quomodo
1423 614 1560 668 dixit
1593 632 1606 668 :
1649 614 1814 680 Quem
1846 616 2054 668 mittam

485 701 626 755 vobis
651 719 682 754 a
710 701 893 766 Patre,
921 703 1243 769 ostendens,
1278 705 1444 760 totius
1499 706 1824 769 divinitatis,
1879 706 1962 760 vel
1999 713 2056 760 ut

486 792 692 848 rectius
738 792 918 848 dicam
957 793 1174 849 deitatis
1207 795 1422 853 Patrem
1478 797 1801 865 principium
1851 812 1994 852 esse.
2026 814 2046 848 ι

487 882 566 937 Ac
595 899 823 954 magnus
849 884 1081 940 Basilius
1103 885 1163 940 in
1203 901 1456 942 sermone
1508 886 1580 941 De
1606 887 1734 954 ﬁde,
1769 887 1928 956 cujus
1971 895 2057 943 est

489 973 743 1029 initium:
778 995 797 1028 ι
846 975 938 1030 Dei
993 978 1117 1031 boni
1157 979 1356 1048 gratia,
1398 997 1415 1028 ι
1478 995 1672 1036 versus
1708 981 1869 1034 ﬁnem
1935 981 2051 1033 ait:

495 1083 516 1117 ι
543 1066 732 1136 Neque
766 1067 970 1136 Spiritu
999 1077 1190 1124 sancto
1219 1069 1564 1139 asemetipso
1617 1070 1849 1125 faciente
1897 1071 2055 1138 quid-

486 1172 677 1227 quam.
719 1167 883 1227 atque
917 1157 1076 1213 Patre
1102 1161 1327 1230 quidem
1381 1161 1626 1215 mittente
1653 1161 1877 1227 Filium,
1913 1161 2053 1217 Filio

489 1265 619 1305 vero
646 1252 894 1305 mittente
923 1249 1187 1323 Spiritum
1209 1261 1486 1306 sanctum.
1550 1255 1622 1308 Ita
1660 1255 1947 1319 sentimus,
1999 1260 2054 1310 et

489 1342 566 1395 ita
623 1341 897 1398 credimus
937 1343 994 1397 in
1043 1343 1367 1399 Trinitatem
1441 1345 1984 1400 consubstantialem.
2030 1362 2050 1396 ι

487 1432 553 1488 Et
618 1431 760 1486 libro
826 1433 1018 1508 quinto
1081 1436 1502 1506 apostolicarum
1564 1435 2051 1498 Constitutionum,

486 1524 665 1594 capite
685 1525 903 1582 decimo
934 1543 948 1582 :
988 1545 1007 1579 ι
1043 1526 1218 1591 Unum
1255 1528 1420 1584 Deum
1455 1529 1618 1584 unius
1649 1527 1770 1582 Filii
1814 1529 2052 1592 Patrem,

488 1631 596 1672 non
617 1616 854 1688 plurium
888 1620 1051 1674 unius
1083 1621 1348 1675 Pararleti
1373 1636 1466 1690 per
1489 1621 1792 1682 Christum,
1821 1619 2051 1672 aliorum

487 1724 617 1764 vero
668 1710 922 1764 ordinum
997 1721 1319 1776 creatorem,
1371 1725 1539 1764 unum
1581 1709 1939 1771 conditorem,
1973 1707 2054 1760 di-

488 1815 658 1858 versae
686 1814 950 1856 creatu'ae
975 1818 1068 1871 per
1098 1803 1378 1856 Christum
1424 1802 1705 1856 factorem.
1730 1819 1747 1850 ι
1787 1798 2052 1854 Videlicet

2155 618 2370 687 πέμψω
2396 619 2538 688 ὑμῖν
2572 619 2731 684 παρὰ
2762 617 2867 670 τοῦ
2893 618 3144 684 Πατρὸς.
3174 617 3410 680 δεικνὺς,
3460 617 3536 680 ὡς
3599 619 3722 685 ὅλης

2156 712 2255 779 τῆς
2288 711 2565 778 οειότητος
2591 708 2695 778 (ι),
2753 710 2787 778 ἦ
2824 709 3031 778 βέλτιον
3075 709 3264 776 φάναι,
3329 708 3405 772 ὡς
3455 710 3582 776 ὅλης
3626 711 3724 773 τῆς

2158 799 2418 868 θεότητος
2445 800 2474 851 ό
2512 798 2700 866 Πατήρ
2731 798 2875 850 ἐστιν
2906 797 3068 864 ἀρχή.
3104 813 3123 846 ι
3178 795 3288 848 Καὶ
3339 797 3367 848 ό
3399 795 3572 864 μέγας
3623 795 3727 848 Βα-

2156 889 2350 953 σίλειος
2375 891 2438 943 ἐκ
2455 889 2548 942 τοῦ
2571 889 2709 956 Περὶ
2725 889 2986 952 πίστεως
3013 887 3194 953 λόγου,
3212 886 3273 939 οὖ
3306 887 3338 956 ἡ
3361 887 3524 956 ἀρχήο
3549 906 3567 938 ι
3591 886 3723 939 Θεοῦ

2152 981 2246 1036 τοῦ
2300 979 2506 1046 ἀγα.θοῦ
2541 980 2748 1049 χάριτι,
2792 997 2810 1030 ι
2862 979 2989 1045 περὶ
3015 977 3077 1030 to
3122 977 3275 1040 τέλος
3331 977 3484 1046 φησί·
3516 995 3536 1029 ι
3572 978 3724 1044 Μήτι

2153 1073 2246 1126 τοῦ
2275 1073 2434 1138 ἁγίου
2459 1071 2779 1140 [Ινεύματος
2839 1070 2932 1138 ἀφ’
2967 1067 3166 1122 ἐαυτοῦ
3226 1068 3538 1132 ὶα).οῦντος,
3559 1059 3566 1072 ’
3588 1070 3724 1136 μήτε

2153 1163 2244 1216 τοῦ
2280 1163 2407 1216 Υίοῦ
2435 1163 2530 1230 ἀφ’
2557 1159 2756 1214 ἑαυτοῦ
2783 1176 2835 1212 τι
2866 1160 3088 1213 ποιοῦντ
3101 1177 3184 1222 ος.
3213 1160 3307 1212 καὶ
3345 1159 3440 1212 τοῦ
3488 1160 3588 1227 μέν
3618 1160 3729 1211 ll:-

2153 1255 2280 1326 τρὸς
2313 1254 2624 1322 πέμποντος
2655 1253 2748 1306 τδν
2793 1251 2941 1314 Υίδν,
2978 1251 3072 1305 τοῦ
3109 1252 3167 1305 δέ
3226 1251 3358 1304 Υίοῦ
3414 1252 3730 1318 πέμποντος

2152 1348 2212 1399 τὸ
2237 1347 2392 1414 ἆγιον
2430 1344 2654 1416 Πνεῦμα
2679 1345 2785 1413 (2),
2858 1342 3004 1397 οὕτω
3065 1342 3376 1412 φρονοῦμεν
3437 1343 3533 1395 καὶ
3587 1342 3729 1395 οὕτω

2155 1438 2485 1507 πιστεύομεν
2547 1439 2652 1500 εἰς
2683 1436 2887 1508 Τριάδα
2945 1435 3257 1506 ὀμοοὺσιον.
3309 1454 3326 1486 ι
3377 1436 3484 1490 Καὶ
3537 1437 3595 1488 ἐν
3651 1435 3730 1504 τῷ

2155 1529 2391 1597 πέμπτῳ
2421 1527 2610 1598 βιϐλίῳ
2637 1527 2746 1580 τῶν
2773 1524 3150 1581 ἀποστολικῶν
3169 1523 3502 1589 Διατάξεων,
3557 1541 3730 1592 κεφα-

2152 1616 2288 1687 λαίῳ
2341 1617 2574 1686 δεκάτῳ·
2627 1617 2793 1671 ιἜνα
2835 1616 2970 1669 Θεὸν
3024 1616 3142 1677 ἐνὸς
3189 1615 3322 1668 Υίοῦ
3362 1615 3610 1684 Πατέρα,
3668 1617 3728 1668 οὑ

2154 1709 2415 1762 πλειόνων
2446 1709 2945 1780 ἐνὸςἩαρακλήτου
2969 1707 3055 1761 διὰ
3077 1707 3339 1777 Χριστοῦ·
3398 1709 3507 1761 τῶν
3556 1709 3613 1762 δέ
3635 1710 3728 1763 ᾶὶρ

2152 1799 2257 1852 λων
2289 1799 2588 1868 ταγμάτων
2622 1801 2883 1868 ποιητήν·
2912 1800 3008 1854 ἕνα
3053 1799 3406 1870 δημιουργὸν,
3463 1799 3726 1868 διαφόρου

488 1902 781 1958 utrumque
808 1892 1011 1947 dicitur
1037 1907 1130 1959 per
1170 1892 1462 1946 Christum.
1493 1891 1597 1957 Qui
1646 1892 1809 1959 igitur
1837 1891 2048 1952 dicunt,

2160 1891 2384 1954 κτίσεως
2415 1891 2490 1961 ('5)
2521 1891 2610 1944 διᾶ
2634 1890 2871 1956 Χριστοῦ
2907 1893 3194 1959 ποιητήν.»
3247 1891 3567 1959 Ἀμφότερα
3619 1893 3728 1957 γάρ

485 1981 930 2052 praepositionem
995 2001 1087 2053 per
1122 1985 1241 2039 loco
1301 2000 1420 2036 cum
1475 1984 1623 2052 pulli,
1679 1999 1808 2036 num
1869 1983 2052 2036 dicent

2160 1997 2289 2046 φασι
2316 1978 2412 2033 διὰ
2443 1979 2722 2046 Χριστοῦ.
2771 1981 2834 2032 υί
2863 1979 2994 2043 γοῦν
3030 1980 3290 2048 λέγοντες
3321 1980 3419 2050 τὴν
3445 1980 3546 2033 διὰ
3605 1980 3730 2032 ἀντὶ

487 2078 784 2146 utrumque
847 2073 953 2126 hoc
1000 2074 1054 2126 in
1112 2073 1234 2128 loco
1290 2089 1414 2126 cum
1461 2072 1728 2126 Christo?
1769 2072 2052 2138 Quomodo

2160 2073 2250 2138 τῆς
2280 2071 2430 2139 μετὰ
2460 2074 2554 2124 καὶ
2583 2070 2730 2134 σὺν,
2763 2073 2858 2124 καὶ
2884 2070 3172 2140 ἀμφότερα
3198 2070 3371 2124 ταῦτα
3395 2073 3532 2140 μετά
3594 2073 3730 2139 Χρι-

487 2161 714 2221 omnino
750 2174 978 2230 possunt
1027 2164 1129 2218 ista
1167 2163 1524 2218 discernere?
1579 2163 1659 2217 Att
1700 2180 1827 2216 vero
1873 2162 2056 2214 dicent

491 2251 634 2308 viros
657 2269 685 2305 a
720 2251 924 2324 Spiritu
953 2264 1143 2309 Sancto
1168 2254 1503 2309 illutniuatos
1527 2259 1665 2308 hanc
1721 2253 2050 2320 theologiam

487 2343 770 2421 ignorasse
824 2353 878 2397 et
937 2345 1112 2412 ipsum
1169 2347 1628 2414 sapientissimum
1679 2341 2056 2398 Clementem?

483 2435 623 2501 Puto
651 2436 922 2496 nemiuem
959 2451 1147 2490 eorum
1181 2437 1275 2506 qui
1303 2437 1514 2494 veritati
1575 2437 1854 2493 adlttcreut
1889 2435 1938 2490 id
1976 2435 2054 2488 di-

2155 2159 2280 2212 στοῦ
2312 2163 2574 2228 φήσουσιν
2603 2159 2635 2230 ἢ
2672 2161 2768 2213 σὺν
2798 2160 2875 2228 τῷ
2900 2159 3120 2229 Χριστῷ
3146 2175 3160 2223 ;
3209 2160 3332 2222 ίιῶς
3355 2160 3494 2217 ὅλως
3537 2159 3726 2228 ἔχουσι

2151 2250 2443 2302 διαστιτλαι
2473 2250 2682 2316 ταῦτα;
2714 2253 2780 2304 Ἣ
2815 2250 3141 2319 ἠγνοηκέναι
3174 2251 3410 2319 φήσουσι
3465 2251 3596 2314 τοὺς
3624 2251 3728 2303 ὑπὸ

2153 2339 2244 2392 τοῦ
2276 2341 2434 2407 ἁγίου
2469 2340 2783 2408 ΙΙνεύιματος
2811 2340 3223 2408 ἐλλαμφθέντας
3261 2339 3339 2409 (ιι)
3392 2340 3494 2406 τὴν
3541 2339 3728 2392 Θεολο-

2155 2431 2278 2499 γίαν
2325 2430 2528 2500 ταύτην
2589 2432 2685 2484 καὶ
2739 2432 2830 2484 τὸν
2877 2431 3188 2499 σοφώτατον
3249 2431 3577 2498 Κλήμεντα;
3631 2426 3725 2482 Οἷ-

2157 2536 2256 2586 μαι
2323 2517 2514 2570 οὑδὲνα
2569 2519 2678 2571 τῶν
2756 2519 2854 2587 τῆς
2912 2519 3170 2588 ἀληθείας
3225 2521 3505 2591 ἐχομένων
3565 2519 3731 2573 τοῦτο

2155 2614 2322 2681 ἐρεῖν.

482 2536 730 2588 cturutu.

957 2703 1195 2770 EPIIES.
1230 2704 1400 2774 (car.
1430 2703 1592 2775 xw).

2805 2707 3089 2761 ΕΦΕΣΟΥ.

555 2821 739 2891 Neque
764 2822 908 2876 enim
945 2822 1261 2876 essentialis
1307 2821 1409 2875 hoc
1459 2823 1578 2876 loco
1628 2836 1791 2875 causa
1854 2820 2054 2875 intellio

2226 2823 2360 2876 Οὑδέ
2394 2824 2501 2893 γὰρ
2528 2822 2783 2884 οὐσιῶδες
2819 2820 3049 2875 ἐνταῦθα
3077 2819 3136 2874 τὸ
3162 2823 3357 2884 αίτιον,
3427 2821 3515 2873 ἵνα
3547 2821 3736 2876 κοινὸν

483 2913 650 2984 gitur,
683 2911 755 2964 ita
788 2920 845 2964 ιιι
869 2913 1174 2966 communis
1231 2921 1283 2966 et
1347 2912 1400 2965 in
1439 2913 1614 2967 tribus
1675 2912 1920 2980 personis
1958 2928 2054 2965 ex-

2160 2914 2251 2965 καὶ
2278 2915 2334 2964 ἐν
2363 2915 2472 2975 ταῖς
2511 2915 2658 2982 τρισὶ
2692 2912 3008 2980 προσώποις
3067 2913 3293 2984 ὑπάρχῃ
3346 2913 3446 2982 (5).
3499 2915 3613 2966 Καὶ
3642 2914 3734 2968 διὰ

484 2999 664 3054 sistat.
701 3000 763 3053 Et
793 3009 1078 3069 propterea
1115 3001 1227 3055 duo
1274 3000 1542 3070 principia
1595 3001 1744 3055 nullo
1799 3016 2054 3068 umquam

2160 3005 2316 3058 τοῦτο
2356 3005 2455 3066 τὰς
2496 3005 2589 3057 δύο
2630 3005 2802 3076 ἀρχὰς
2847 3005 3058 3074 οὐδαμῆ
3107 3005 3358 3073 οὐδαμῶς
3416 3005 3464 3056 οἱ
3509 3005 3733 3057 Λατῖνοι

487 3099 644 3163 pacto
706 3090 886 3145 Latini
951 3091 1233 3160 eﬂ'ugirnt,
1288 3095 1530 3162 quandiu
1583 3090 1778 3144 Filium
1817 3092 2054 3145 dixerint

2160 3095 2471 3162 φεύξονται,
2509 3095 2704 3164 μέχρις
2732 3094 2796 3147 ἂν
2831 3094 2922 3146 τὸν
2950 3093 3079 3146 Tib»
3132 3094 3365 3159 λέγωσιν
3401 3094 3580 3164 ἀρχὴν
3634 3095 3733 3147 τοῦ

486 3181 661 3235 sancti
690 3181 929 3249 Spiritus
954 3182 1308 3250 principium.
1373 3181 1477 3235 Sed
1546 3181 1873 3250 principium
1927 3198 2050 3250 per-

2160 3183 2492 3269 Πνεύματος·
2553 3185 2668 3252 ἠδὲ
2727 3184 2870 3256 ἀρχὴ
2926 3187 3280 3256 προσόψει-τὸν
3341 3185 3583 3254 ὑπάρχει
3640 3187 3735 3248 καὶ

485 3272 673 3329 ευιιιιιο
700 3282 783 3326 est
817 3280 869 3326 et
910 3287 1173 3338 personas
1205 3272 1568 3342 distinguens.
1635 3273 1799 3341 Igitur
1857 3289 2053 3328 secun-

2160 3254 2437 3344 8taxpivo\v
2469 3277 2538 3330 τὰ
2571 3279 2857 3347 πρόσωπα,
2904 3279 3060 3330 Κατὰ
3096 3278 3273 3330 πάντα
3312 3277 3491 3330 τοίνυν
3524 3279 3734 3346 ἐπόμε-

484 3365 612 3428 dum
657 3366 756 3423 ista
786 3364 1095 3432 obsequens
1135 3365 1340 3420 sanctis
1372 3374 1426 3419 et
1462 3365 1820 3420 (ncutnenicis
1845 3377 2050 3434 septem

2161 3384 2250 3428 νος
2281 3369 2397 3429 ταῖς
2421 3369 2602 3434 ἁγίαις
2631 3369 2727 3421 καὶ
2759 3371 3164 3438 οίκουμενικαῖς
3190 3368 3328 3421 ἑπτὰ
3361 3369 3600 3432 συνόδοις
3641 3372 3737 3422 καὶ

485 3458 706 3527 synodis
727 3465 828 3512 eta
861 3455 970 3511 Deo
1008 3457 1291 3510 illustratis
1331 3457 1604 3516 Patrihus.
1634 3457 1725 3526 qui
1758 3457 1812 3511 in
1858 3458 2051 3512 iisdem

2160 3457 2271 3516 τοῖς
2331 3457 2388 3508 ἐν
2444 3457 2632 3518 αὑταῖς
2683 3457 3025 3525 διαλάμψασι
3114 3457 3397 3527 Θεοφόροις
3480 3459 3737 3528 Πατράσι

485 3551 823 3616 claruerunt,
861 3548 1034 3608 Credo
1070 3550 1122 3601 in
1158 3565 1322 3608 unum
1384 3549 1572 3614 Deum,
1605 3548 1818 3602 Patrem
1884 3550 2053 3604 omni-

483 3651 763 3709 potentem,
795 3651 848 3698 et
878 3657 1001 3713 quae
1022 3655 1324 3712 sequuntur
1346 3643 1398 3696 in
1427 3642 1696 3713 symbolo.

1084 3753 1458 3810 APOLOGIA.

554 3865 906 3934 Essentialis,
953 3869 1154 3935 inquit,
1208 3869 1311 3924 hoc
1357 3870 1480 3923 loco
1509 3884 1672 3924 causa
1709 3885 1814 3924 non
1851 3879 1954 3922 est.
1992 3869 2057 3922 Et

484 3976 631 4016 vere.
666 3961 802 4014 Nam
860 3961 904 4015 si
949 3971 1096 4015 esset
1143 3961 1476 4023 essentialis,
1533 3962 1695 4016 etiam
1752 3962 2057 4022 communis

490 4054 648 4108 foret.
679 4051 784 4106 Sed
817 4065 990 4119 neque
1017 4053 1302 4118 personale
1325 4051 1454 4120 quid
1493 4061 1594 4115 est,
1627 4061 1684 4104 ut
1708 4054 2057 4119 progrediens

487 4151 666 4197 sermo
691 4143 1084 4197 mattil‘estabit.
1136 4143 1274 4207 Quid
1311 4143 1475 4213 igitur
1498 4143 1644 4195 dicet
1699 4143 1763 4196 de
1795 4141 1952 4197 Patre
2003 4151 2058 4196 et

484 4237 552 4290 de
585 4233 1020 4290 mittente?ll-.ec
1068 4235 1212 4287 enim
1247 4251 1353 4287 non
1407 4246 1798 4288 conwrtuntur
1839 4243 1892 4288 et
1947 4237 2058 4289 duo

485 4333 646 4387 sunt;
676 4324 786 4378 duo
815 4339 946 4394 ergo
977 4333 1143 4378 erunt
1173 4339 1270 4392 per
1296 4325 1472 4391 ipsum
1507 4325 1774 4393 principia
1807 4325 1968 4380 Pater
2006 4336 2059 4380 et

492 4416 732 4470 mittens.
773 4414 910 4468 Puto
934 4431 1053 4467 ettm
1077 4431 1176 4468 nec
1207 4415 1310 4468 hoc
1345 4417 1645 4475 dietnrum.
1690 4418 1732 4470 si
1786 4433 1910 4471 tera
1937 4433 2060 4471 seu-

493 4507 598 4559 tire
627 4521 691 4559 ae
730 4505 912 4558 dicere
941 4507 1071 4559 velit
1106 4524 1120 4561 :
1178 4522 1354 4574 neque
1414 4508 1558 4562 enim
1606 4508 1834 4561 suilieiet
1879 4509 2059 4562 dicere

2167 3566 2184 3596 s
2231 3548 2477 3600 Πιστεύω
2505 3550 2584 3610 είς
2615 3549 2714 3602 ἕνα
2765 3549 2897 3602 Θεὸν
2966 3550 3181 3620 Πατέρα
3226 3551 3671 3621 παντοκράτορα,
3710 3571 3732 3605 ι

2163 3638 2255 3691 καὶ
2280 3641 2345 3692 τὰ
2371 3639 2498 3707 ἑξῆς
2527 3640 2622 3692 τοῦ
2659 3641 2953 3712 συμϐόλου.

2759 3755 3125 3811 ΑΙΙΟΛΟΓΙΔ.

2237 3870 2507 3932 υὺσιῶόες
2533 3866 2766 3922 emat);
2791 3867 2848 3919 τὸ
2880 3867 3055 3920 αἴτιον
3091 3867 3192 3921 οὑκ
3221 3869 3360 3930 ἐστι.
3409 3870 3566 3940 φησί’
3642 3872 3743 3924 καὶ

2162 3961 2402 4028 ἀληθῶς.
2441 3961 2503 4014 Εἰ
2535 3960 2644 4029 γὰρ
2675 3959 2958 4021 οὐσιῶδες,
3000 3961 3094 4012 καὶ
3129 3961 3306 4012 κοινὸν
3335 3962 3401 4014 ἂν
3453 3958 3541 4032 ἦν⁹
3615 3965 3740 4016 ἀλλ’

2165 4054 2286 4107 οὑδὲ
2312 4051 2684 4122 προσωπικδν,
2711 4050 2786 4114 ὡς
2818 4050 3028 4121 προῖὼν
3054 4054 3080 4103 ό
3139 4049 3296 4118 λόγος
3350 4053 3606 4121 δηλώσει.
3672 4057 3740 4113 'l't'.

2163 4146 2254 4198 οὖν
2279 4146 2395 4214 ἐρεῖ
2423 4145 2514 4196 ἐπὶ
2543 4143 2636 4195 τοῦ
2671 4145 2883 4211 Πατρὸς
2915 4143 3010 4194 καὶ
3039 4141 3132 4195 τοῦ
3170 4143 3518 4212 πέμποντος;
3551 4147 3744 4200 Ταῦτα

2165 4238 2273 4305 γὰρ
2305 4234 2366 4286 οὗ
2399 4251 2457 4286 τε
2489 4233 2841 4301 ἀντιστρέφει
2871 4233 2966 4285 καὶ
2996 4232 3089 4285 δύο
3127 4234 3256 4285 εἰσί·
3295 4233 3390 4286 δύο
3411 4235 3544 4302 γοῦν
3583 4237 3741 4289 εσον-

2165 4346 2254 4380 ται
2290 4325 2411 4378 κατ’
2437 4325 2600 4376 αὑτὸν
2626 4323 2793 4394 ἀρχαὶ
2827 4324 2855 4374 ό
2884 4323 3068 4392 Πατὴρ
3098 4325 3191 4376 καὶ
3223 4327 3251 4375 ό
3274 4325 3533 4394 πέμπωνο
3581 4323 3744 4397 οἶμαι

2165 4413 2291 4465 οὐδὲ
2321 4411 2479 4464 τοῦτο
2505 4413 2641 4479 ἐρεῖ,
2701 4411 2749 4463 εί
2773 4410 2987 4479 τάληῡῆ
3054 4411 3302 4480 βούλεται
3360 4417 3578 4481 φρονεῖν
3644 4419 3743 4469 καὶ

2166 4505 2365 4571 λέγειν·
2398 4504 2459 4556 οὐ
2490 4505 2598 4573 γὰρ
2618 4503 2842 4571 ἀρκέσει
2871 4503 3051 4570 λέγειν
3081 4505 3170 4554 τὸν
3194 4503 3482 4569 πέμποντα
3539 4505 3613 4576 μὴ
3650 4511 3739 4559 ai.-

495 4596 802 4650 mittentem
845 4611 952 4648 non
1008 4611 1234 4650 causam
1290 4613 1410 4650 esse
1467 4598 1586 4665 ejus
1653 4598 1746 4665 qui
1805 4599 2054 4653 mittitur.

2166 4597 2288 4648 τίαν
2315 4592 2451 4647 εἶναι
2481 4596 2575 4648 τοῦ
2604 4595 3000 4664 πεμπομένου;
3032 4595 3201 4648 Ἀλλὰ
3231 4598 3361 4665 περὶ
3403 4598 3504 4664 μὲν
3531 4600 3743 4652 τούτων

497 4686 697 4741 Verum
720 4687 788 4742 de
826 4687 910 4741 his
942 4689 1098 4743 satis.
1126 4686 1266 4740 Puto
1321 4697 1496 4745 autem
1540 4705 1715 4757 neque
1766 4691 2054 4760 hypoSIati-

2167 4688 2307 4751 ἆλις.
2337 4689 2480 4740 Ἀλλ’
2513 4684 2672 4757 οἶμαι
2702 4689 2810 4742 οὐδ’
2838 4688 3204 4741 ὑποστατικὸν
3235 4689 3370 4758 φαίη
3403 4689 3491 4752 ἂν,
3518 4689 3592 4750 ὼς
3645 4692 3747 4742 καὶ

498 4794 621 4832 eum
650 4795 772 4832 eum
804 4780 1072 4832 dicturum
1123 4794 1366 4844 causam,
1401 4781 1541 4834 sicut
1570 4789 1624 4835 et
1654 4789 1810 4835 antea
1862 4782 2054 4835 dictum

2168 4778 2515 4847 προείρηταιο
2549 4778 2643 4830 καὶ
2675 4777 2784 4848 γὰρ
2807 4777 2968 4838 αὐτὸς
3021 4777 3120 4838 τὰς
3174 4776 3503 4838 ὑποστάσεις
3565 4777 3745 4844 φυλά-

501 4880 603 4924 est.
630 4869 844 4924 Etenim
877 4869 994 4938 ipse
1049 4871 1375 4939 hypostascs
1406 4871 1670 4932 servabit,
1714 4873 2054 4940 quemadmo-

2171 4868 2272 4935 ξει,
2297 4869 2369 4930 ὡς
2402 4870 2496 4921 καὶ
2518 4871 2545 4921 ό
2574 4868 2777 4940 Κύριος
2812 4867 3133 4936 παρέδωκεν
3189 4869 3217 4918 ὁ
3246 4869 3306 4920 τὸ
3344 4868 3446 4936 τῆς
3497 4868 3742 4936 Τριάδος

497 4963 691 5017 dumet
728 4960 987 5015 Dominus
1018 4961 1353 5031 tradiditqui
1394 4943 1764 5016 sacrosanctae
1783 4961 2054 5018 Trinitatis

2171 4964 2304 5030 ἡμῖν
2374 4959 2654 5029 παραδοὺς
2732 4965 3032 5027 μυστήριον
3087 4961 3145 5010 ἐν
3193 4961 3259 5028 τῇ
3307 4957 3402 5011 τοῦ
3467 4959 3741 5026 σωτηρίου

501 5049 824 5120 mysterium
853 5063 952 5102 nos
1003 5049 1266 5103 docuitin
1321 5050 1578 5104 salutaris
1642 5050 1896 5118 baptismi
1956 5060 2054 5104 tra-

2173 5052 2550 5122 βαπτίσματος
2584 5051 2904 5121 παραδόσει,
2931 5050 3012 5111 είς
3065 5049 3128 5101 τὸ
3157 5049 3327 5118 ὄνομα
3377 5049 3473 5102 τοῦ
3526 5051 3746 5118 [ἰατρὸς

497 5142 724 5203 ditione,
762 5140 814 5194 in
849 5138 1065 5194 nomine
1097 5140 1275 5195 l’atris
1308 5149 1362 5195 et
1394 5139 1518 5194 Filii
1559 5151 1612 5195 et
1646 5142 1885 5216 Spiritus
1935 5157 2054 5195 san-

2167 5141 2265 5194 καὶ
2297 5141 2390 5194 τοῦ
2432 5142 2562 5208 Υίοῦ
2596 5142 2690 5196 καὶ
2731 5141 2826 5194 τοῦ
2859 5140 3014 5208 ἁγίου
3074 5140 3393 5208 ιΙνεύματος
3451 5140 3746 5209 βαπτίζειν

497 5234 566 5286 «ti
614 5231 916 5301 discipulos
975 5231 1260 5300 baptizare
1304 5231 1525 5300 iubens,
1561 5249 1626 5285 ac
1667 5247 1761 5303 per
1791 5233 1948 5285 verba
2012 5234 2054 5284 ia

2168 5231 2363 5298 εἰπὼν,
2393 5233 2483 5285 διὰ
2512 5233 2610 5300 μὲν
2635 5230 2730 5285 τοῦ
2782 5235 2867 5298 είς
2901 5233 3092 5301 ὄνομα
3124 5235 3301 5284 εἰπεῖν
3331 5233 3430 5300 τὴν
3467 5232 3600 5300 μίαν
3647 5235 3747 5284 οὐ·

497 5328 703 5380 uomine
741 5341 906 5380 uuam
930 5325 1226 5380 essentiam
1272 5307 1542 5384 indicans.
1578 5340 1673 5393 per
1706 5325 1916 5392 adjecta
1941 5340 2054 5380 νει-ε

2176 5323 2297 5374 σίαν
2328 5321 2634 5390 ἐμφαίνων,
2670 5321 2759 5374 διὰ
2788 5323 2844 5373 δὲ
2889 5321 2981 5373 τοῦ
3013 5325 3319 5389 ἐπαγαγεῖν
3377 5321 3606 5389 Πατρός
3638 5323 3746 5375 καί

497 5417 677 5474 Patris
701 5427 749 5472 et
784 5417 914 5472 Filii
937 5426 986 5472 et
1017 5415 1249 5485 Spiritus
1279 5417 1452 5469 sancti
1482 5417 1844 5486 proprietates
1871 5427 2054 5470 osten-

2183 5411 2320 5466 Υίοῦ
2343 5411 2439 5465 καὶ
2469 5413 2640 5480 ἁγίου
2669 5413 3019 5481 Πνεύματος
3048 5413 3147 5476 τὰς
3184 5413 3452 5482 ἰδιότητας
3504 5412 3746 5478 δεικνὺς,

2241 5590 2318 5660 (ὅ)
2343 5592 2400 5644 ln
2435 5595 2642 5650 Monac.
2700 5606 2889 5648 rasura
2924 5611 2938 5659 ;
2972 5593 3137 5647 verba
3174 5601 3303 5645 sunt
3329 5608 3394 5645 ex
3421 5591 3596 5643 Marc.

2233 5661 2311 5802 (ιζ
2342 5661 2507 5718 Marc.
2537 5671 2576 5717 t'.
2604 5663 2709 5716 225
2743 5679 2795 5727 a,
2821 5664 3205 5732 ἐλλαφθέντας.
3653 5727 3661 5736 θ

2233 5733 2288 5800 (5
2341 5731 2488 5789 Mon.
2520 5734 2610 5801 27,
2647 5733 2906 5802 ὑπάρχει.
2957 5733 3125 5790 Recte
3156 5731 3303 5786 Non.
3327 5729 3458 5798 256,
3489 5730 3521 5782 f.
3564 5728 3661 5782 125

2341 5731 2488 5789 Men.
2520 5734 2610 5801 27,
2647 5733 2906 5804 ὑπάρχει.
2957 5728 3125 5790 Recte
3156 5731 3303 5786 Non.
3327 5729 3458 5798 256,
3489 5730 3521 5782 f.
3564 5728 3742 5788 125a.

568 5593 646 5662 (l)
672 5593 839 5648 Marc.
888 5595 969 5650 sic
1001 5604 1147 5650 recte
1173 5597 1335 5651 habet
1359 5609 1374 5659 ;
1397 5591 1537 5648 Moti.
1561 5593 1656 5657 27,
1677 5591 1714 5644 i.
1744 5591 1844 5676 13.5
1863 5592 1914 5644 υ.
1945 5587 2060 5642 θεόν

497 5680 831 5800 τηῖἕῗιιαξς
882 5744 1157 5814 postrema
1219 5736 1417 5859 alleglat
1463 5699 1764 5790 Constant:
1813 5731 2051 5795 Meliten.

502 5813 638 5858 erat.
684 5805 736 5859 l.
767 5820 820 5856 ιι.
852 5805 919 5858 35
951 5805 1066 5859 (Cr.
1105 5805 1249 5859 orth.
1273 5815 1311 5859 t.
1369 5845 1380 5859 .
1417 5820 1466 5859 ι).
1501 5804 1646 5859 745).

502 5813 638 5858 erat.
684 5805 736 5868 1,
767 5820 820 5856 ιι.
852 5805 919 5858 35
951 5805 1066 5875 (Cr.
1105 5805 1249 5860 orth.
1273 5815 1311 5860 t.
1342 5804 1380 5872 ι,
1417 5820 1466 5874 p.
1501 5804 1646 5875 745).
