3998 6442
298 410 373 476 85
1512 421 1813 485 CONTRA
1854 426 2002 486 EPH
2016 425 2277 487 ESIU’M.
3476 421 3548 484 86

298 530 504 590 mea;
530 528 598 583 τὰ
621 528 891 601 πρόσωπα
949 530 1243 601 ὑφίσταται
1300 532 1440 588 κατά
1481 534 1582 596 τὰς
1644 537 1854 591 ἑαυτῶν

1971 538 2117 603 deus,
2145 537 2445 593 secundum
2465 550 2604 606 quas
2621 550 2870 606 personae
2893 535 3222 601 subsistunt,
3243 536 3397 606 juxta
3416 552 3547 593 suas

300 620 555 691 ὑπάρξεις
574 622 635 673 ἂν
662 622 778 683 τοῖς
807 619 960 684 ἰδίοις
985 621 1334 693 ἀκοινώνητα
1370 624 1523 681 ὄντα.
1570 627 1859 681 Δείκνυται

294 714 388 769 οὖν
419 714 477 768 τδ
505 715 680 767 αῐτιον
701 712 818 768 οὔθ’
853 715 1222 770 ὐποστατικδν
1259 715 1427 785 εἶναι,
1482 718 1601 773 ἀλλ’
1624 720 1738 773 οὐδ’
1766 720 1859 775 οὐ-

299 807 506 871 σιῶδες.
539 808 627 860 ινα
657 806 838 860 κοινὸν
877 808 1096 883 ὑπάρχῃ
1123 810 1219 865 καὶ
1239 813 1362 875 ταῖς
1401 812 1583 882 τρισὶν
1618 812 1861 868 ὑποστά-

297 915 467 962 σισιν,
510 899 625 953 ἀλλ’
672 898 783 953 οὐδ’
811 900 897 955 ἑνὶ
933 900 1230 973 προσώπῳ.
1288 903 1553 959 Λείπεται
1603 904 1713 976 ἄρα
1737 905 1859 959 δυσὶ

295 989 606 1057 προσώποις
642 988 783 1047 εἶναι
815 995 997 1048 κοινὸν
1020 995 1117 1048 καὶ
1151 995 1227 1065 μὴ
1270 996 1712 1067 συναλείφεσθαι,
1752 1016 1862 1069 μηο

293 1080 347 1132 δὲ
381 1081 635 1151 δυαρχίαν
660 1076 822 1145 εῖναι.
851 1084 926 1147 ὡς
974 1084 1136 1148 αὐτὸς
1169 1088 1197 1137 ὁ
1219 1086 1504 1156 αἰδέσιμος
1534 1087 1738 1156 μᾶλλον
1768 1106 1858 1143 νο-

294 1169 536 1238 μοθετῶν
564 1170 831 1237 διδάσκει,
875 1173 934 1235 ὃς
964 1173 1062 1227 καὶ
1092 1174 1310 1228 ἀκούων
1339 1174 1431 1229 τὸν
1482 1176 1615 1231 Υίδν
1672 1176 1858 1234 αἰτίαν

293 1264 385 1319 καὶ
410 1263 609 1333 ἀρχὴν,
657 1263 753 1318 δύο
793 1266 863 1318 τά
902 1266 1051 1319 αίτια
1105 1268 1201 1320 καὶ
1245 1267 1338 1321 δύο
1391 1269 1566 1339 ἀρχάς
1619 1269 1860 1339 νομίζει.

303 1355 442 1407 Ἀλλ’
470 1357 629 1425 ἡμεῖς
665 1356 955 1422 ἀκούοντες
984 1359 1078 1412 τοῦ
1128 1360 1475 1431 ὲπιστηθείου
1503 1362 1759 1417 Ἰωάννου
1803 1364 1863 1417 ἐν

292 1449 354 1516 τῇ
386 1447 757 1519 ’Δποκαλύψει
817 1449 1067 1519 λέγοντος
1119 1452 1177 1505 ἐν
1203 1453 1281 1523 τῷ
1335 1454 1542 1526 ἐννάτῳ
1572 1454 1653 1525 (Ι)
1686 1473 1863 1526 κεφα-

291 1536 448 1607 λαίῳ·
487 1539 633 1593 Τάδε
656 1539 822 1609 λέγει
850 1545 883 1596 d
899 1542 1132 1611 μάρτυς
1158 1546 1192 1598 ὁ
1244 1546 1465 1613 πιστὸς
1491 1547 1593 1601 καί
1654 1547 1862 1618 ἀληθι-

289 1631 417 1697 νὸς,
452 1630 493 1697 ἠ
520 1632 678 1701 ἀρχὴ
702 1632 811 1702 τῆς
856 1635 1107 1701 κτίσεως
1153 1636 1264 1691 τοῦ
1300 1638 1469 1699 Θεοῦ.
1512 1640 1607 1692 καὶ
1655 1640 1867 1711 Γρηγο-

294 1725 413 1794 ρίου
437 1727 499 1780 τὸ
529 1725 795 1795 Θεολόγου
819 1727 1120 1795 φάσκοντος
1155 1730 1256 1801 (2)?
1289 1748 1309 1783 ι
1355 1729 1423 1784 Ἥ
1451 1732 1516 1785 έκ
1555 1732 1653 1803 τῆς
1684 1734 1863 1805 ἀρχῆς

289 1818 456 1888 ἀρχὴ,
488 1818 550 1870 τὸ
609 1819 903 1889 ἐκμαγεῖον
957 1819 1052 1873 τοῦ
1109 1820 1443 1892 ἀρχετύπου,
1488 1840 1507 1874 ι
1568 1824 1720 1896 παρὰ
1768 1825 1864 1879 δύο

292 1908 479 1978 ἀρχῶν
514 1908 576 1962 οὐ
628 1909 923 1980 νομίζομεν
988 1911 1086 1980 τὴν
1123 1914 1304 1966 κτίσιν
1341 1913 1642 1982 γεγονέναιο
1700 1916 1864 1982 αὐτὸς

290 2001 398 2070 γάρ
427 1999 534 2070 ἔφη
557 2017 573 2032 ·
611 2019 630 2053 ι
657 2000 837 2055 Πάντα
870 2001 961 2056 τοῦ
989 2002 1329 2072 Μονογενοῦς
1360 2006 1451 2059 ἐπὶ
1499 2006 1599 2075 τὴν
1635 2007 1865 2077 πρώτην

287 2094 472 2147 αἰτίαν
508 2093 869 2165 ἀναφέρονται
901 2093 999 2164 (3).
1021 2112 1040 2147 ι
1080 2095 1193 2149 Καὶ
1222 2095 1503 2161 Βασίλειος
1528 2099 1557 2152 ὁ
1582 2098 1775 2166 Μέγας
1808 2099 1866 2151 έν

288 2188 352 2256 τῇ
385 2187 525 2256 πρὸς
544 2184 635 2239 τδν
660 2186 790 2239 ῐδιον
817 2186 1047 2255 ἀδελφὸν
1099 2188 1231 2257 περ).
1275 2188 1469 2249 οὐσίας
1495 2190 1593 2244 καὶ
1626 2190 1865 2246 ὕνποστά-

288 2294 426 2341 seu;
462 2275 562 2347 (4),
599 2271 720 2349 ἦςή
755 2277 921 2350 ἀρχή·
980 2297 1000 2331 ι
1040 2277 1265 2350 Ἐπειδὴ
1312 2280 1501 2334 πολλοὶ
1560 2282 1643 2353 τὺ,
1676 2284 1865 2337 κοινὸν

288 2368 385 2437 τῆς
416 2368 633 2433 οὐσίας,
678 2386 699 2423 ι
731 2369 884 2439 φησί’
936 2387 956 2422 ι
995 2370 1166 2425 Πάλιν
1195 2372 1300 2426 ὑπὸ
1332 2370 1435 2440 τῆς
1467 2373 1697 2444 Γραφῆς
1739 2377 1865 2446 ὁδη-

288 2460 540 2537 γούμεθα
589 2460 670 2523 είς
706 2460 800 2515 τδν
825 2462 925 2533 τῆς
950 2463 1219 2535 χορηγίας
1250 2464 1327 2535 (5)
1354 2465 1464 2519 τῶν
1495 2466 1719 2535 ἀγαθῶν
1753 2469 1865 2523 τῶν

296 2555 381 2609 διά
411 2555 511 2608 τοῦ
545 2553 868 2624 Πνεύματος
894 2556 1028 2625 ἡμῖν
1056 2556 1469 2626 ἐνεργουμένων
1500 2558 1743 2629 ἀρχηγὸν
1772 2560 1867 2613 καὶ¹

289 2650 466 2703 αἴτιον
483 2649 577 2702 τδν
617 2649 882 2720 μονογενῆ
907 2649 1039 2703 Θεὸν
1063 2646 1206 2704 εἶναι
1222 2649 1522 2706 πιστεύεινο
1562 2654 1865 2724 πάνταξγάρ

286 2740 353 2793 δι’
388 2740 561 2794 αὐτοῦ
593 2741 922 2811 γεγενῆσθαι
945 2742 1039 2796 καὶ
1085 2742 1143 2795 ἐν
1178 2743 1329 2815 αὒτῷ
1365 2746 1685 2800 συνεστάναι
1714 2746 1867 2817 παρά

289 2833 387 2901 τῆς
412 2833 583 2900 ἁγίας
624 2832 848 2903 Γραφῆς
894 2833 1261 2905 ιδιδάχθημεν
1305 2834 1404 2907 (6).
1463 2836 1638 2892 Ὀταν
1685 2842 1867 2895 τοίνυν

288 2926 381 2981 καὶ
410 2927 557 2994 πρὸς
612 2924 832 2997 ἐκείνην
894 2925 1199 2997 ὑψωθῶμεν
1268 2928 1369 3000 τὴν
1418 2929 1650 2997 ἔννοιαν,
1701 2931 1866 2987 πάλιν

288 3016 393 3071 ὕπο
422 3018 525 3089 τῆς
554 3017 916 3072 θεοπνεύστου
982 3022 1356 3091 χειραγωγίας
1406 3022 1741 3093 ἀναγόμενοι
1789 3024 1866 3077 δι-

288 3107 627 3177 δασκόμεθα,
674 3108 757 3161 ὅτι
809 3107 879 3160 δι’
908 3108 1127 3180 ἐκείνης
1156 3109 1256 3180 μὲν
1316 3109 1495 3163 πάντα
1542 3109 1644 3180 τῆς
1707 3109 1866 3164 δυνά.

1961 630 2212 701 proprias
2240 628 2593 685 exsistentias
2627 628 2681 682 in
2704 628 2939 698 propriis
2967 629 3081 684 suis
3115 629 3548 685 incommunica-

1962 722 2102 777 biles
2152 721 2512 777 exsistentes.
2569 719 2992 776 Demonstratur
3026 735 3177 788 ergo,
3242 735 3423 776 causa:
3459 736 3545 775 ra-

1962 816 2166 871 tionem
2235 828 2417 879 neque
2495 812 2894 883 hypostaticam
2978 827 3151 883 neque
3196 815 3543 870 essentialem

1961 923 2114 973 esse,
2158 909 2233 964 ita
2273 917 2333 963 ut
2393 908 2557 963 etiam
2592 908 2678 963 vel
2724 908 2900 965 tribus
2946 910 3197 979 personis
3241 910 3547 966 communis

1962 1000 2036 1056 sit
2062 999 2145 1055 vel
2186 999 2280 1055 uni
2322 1007 2536 1054 tantum
2567 997 2857 1055 conveniat
2876 1013 3144 1069 personae.
3201 999 3550 1071 Relinquitur

1962 1091 2155 1160 igitur.
2177 1100 2238 1146 ut
2264 1091 2479 1147 dualms
2518 1092 2770 1161 personis
2802 1093 3113 1148 communis
3137 1094 3234 1158 sit,
3295 1096 3379 1149 hre
3414 1110 3547 1150 vero

1966 1184 2194 1239 minime
2210 1184 2608 1239 contrahantur
2636 1199 2839 1252 .neque
2874 1184 3200 1240 dualitatcm
3249 1186 3555 1256 principio-

1964 1291 2085 1331 rum
2121 1276 2249 1332 inde
2313 1277 2469 1346 sequi
2523 1277 3387 1347 existimetur,quemadmodum
3436 1279 3555 1349 ipse

1964 1369 2414 1424 venerandusvir
2440 1369 2622 1439 potius
2677 1369 3013 1439 legislatoris
3071 1369 3325 1425 adinstar
3368 1370 3549 1437 docet,

1965 1460 2276 1532 quietiam,
2319 1461 2450 1515 dum
2500 1460 2689 1527 audit,
2752 1460 2949 1515 Filium
2987 1476 3219 1518 causam
3243 1470 3299 1517 et
3350 1463 3550 1532 princi-

1966 1554 2118 1626 pium
2154 1568 2297 1617 esse,
2328 1552 2468 1609 duas
2498 1562 2652 1624 putat
2680 1554 2865 1610 induci
2889 1570 3090 1610 causas
3124 1569 3187 1609 ac
3263 1556 3375 1611 duo
3401 1557 3553 1624 prin-

1966 1644 2134 1714 cipia.
2167 1642 2275 1698 Sed
2312 1658 2415 1699 nos
2448 1643 2740 1700 audientes
2797 1642 3088 1711 Joannem,
3115 1645 3209 1715 qui
3244 1646 3300 1699 in
3326 1655 3555 1715 pectore

1968 1733 2183 1789 Domini
2231 1733 2525 1800 recubuit,
2568 1733 2623 1789 in
2662 1734 2991 1806 Apocalypsi
3052 1735 3232 1806 capite
3265 1751 3411 1792 nouo
3471 1736 3556 1792 di-

1968 1838 2179 1883 centem
2214 1842 2228 1881 :
2267 1825 2399 1881 Hau:
2447 1826 2576 1880 dicit
2636 1828 2785 1882 testis
2819 1827 2993 1896 ﬁdelis
3048 1838 3094 1882 et
3127 1844 3300 1895 verm,
3337 1830 3430 1898 qui
3471 1840 3557 1883 est

1966 1919 2289 1989 principium
2318 1927 2579 1973 creatura:
2612 1915 2710 1973 Dei
2737 1934 2755 1981 ;
2781 1927 2948 1989 atque
2990 1918 3317 1990 Gregorium
3370 1919 3553 1975 Theo-

1968 2008 2451 2080 logumaientem:
2501 2026 2521 2062 ι
2568 2008 2905 2080 Principium
2945 2025 3015 2065 ex
3048 2010 3341 2081 principio,
3390 2011 3554 2080 primi

1966 2101 2302 2172 exemplaris
2337 2102 2735 2169 exemplatum,
2776 2120 2803 2154 ιν
2823 2116 2853 2155 a
2883 2101 3101 2159 duobus
3127 2090 3414 2173 principiis
3436 2119 3549 2159 non

1967 2202 2227 2265 putamus
2270 2193 2465 2247 factam
2503 2208 2626 2249 esse
2651 2201 2961 2248 creaturam
2988 2209 3004 2260 ;
3046 2194 3162 2263 ipse
3191 2195 3337 2249 enim
3363 2195 3503 2251 dixit
3535 2214 3561 2251 :-

1974 2303 1993 2336 (
2031 2282 2227 2339 Omnia
2256 2298 2377 2353 quae
2401 2289 2532 2339 sunt
2599 2281 2905 2352 Unigeniti,
2948 2283 3014 2338 ad
3044 2285 3277 2355 primam
3326 2300 3551 2341 causam

1968 2372 2312 2429 referuntur.
2357 2390 2377 2425 ι
2410 2373 2479 2428 Ει
2528 2386 2761 2443 magnus
2795 2372 3056 2437 Basilius,
3106 2374 3176 2428 in.
3207 2374 3438 2444 epistola
3484 2374 3551 2430 ad

1966 2465 2248 2540 proprium
2283 2463 2532 2525 fratrem,
2564 2465 2723 2533 cujus
2762 2464 3016 2519 initium:
3050 2484 3069 2516 ι
3104 2465 3372 2532 Quoniam
3398 2466 3551 2521 multi

1967 2572 2257 2615 commune
2301 2556 2553 2612 essentia}
2585 2597 2600 2623 ,
2639 2575 2667 2609 ι.
2704 2556 2918 2627 inquit:
2957 2576 2983 2609 ι
3032 2558 3230 2612 lterum
3266 2574 3362 2627 per
3400 2556 3557 2612 Scri-

1968 2660 2185 2720 pturam
2218 2647 2481 2711 ducimur
2520 2656 2576 2701 et
2634 2645 2982 2712 iustruimur,
3008 2655 3070 2702 ut
3097 2647 3554 2716 suppeditationis

1969 2755 2159 2798 eorum
2190 2740 2481 2803 bonorum,
2544 2752 2665 2809 quae
2715 2737 2953 2809 Spiritus
2984 2746 3207 2794 sanctus
3271 2738 3326 2792 in
3395 2739 3555 2796 nobis

1968 2842 2248 2905 operatur,
2285 2840 2564 2887 auctorem
2600 2837 2655 2885 ct
2675 2845 2899 2885 causam
2934 2846 3059 2886 esse
3105 2830 3399 2887 credamus
3436 2831 3557 2886 uni-

1968 2925 2210 2996 genitum
2273 2922 2470 2980 Deum.
2538 2921 2645 2979 Per
2717 2936 2931 2979 sacram
3009 2922 3157 2977 enim
3211 2923 3555 2993 Seripturam

1967 3018 2147 3074 edocti
2181 3032 2395 3081 sumus,
2428 3031 2524 3086 per
2563 3018 2740 3086 ipsum
2790 3016 2932 3071 facta
2958 3031 3080 3071 esse
3106 3016 3235 3081 etin
3267 3017 3386 3087 ipso
3429 3032 3559 3073 con-

1969 3112 2162 3167 sistere
2206 3110 2413 3167 omnia.
2459 3108 2689 3176 Quando
2742 3110 2916 3180 igituc
2948 3110 3013 3162 ad
3071 3109 3216 3162 illam
3274 3110 3562 3179 cogitatio-

292 3220 437 3273 μεως
480 3204 543 3255 έκ
570 3202 663 3255 τοῦ
692 3202 768 3274 μὴ
800 3201 952 3266 ὄντος
991 3206 1068 3268 τίς
1108 3205 1168 3259 τὸ
1206 3200 1346 3259 εῖναι
1407 3203 1744 3275 παράγεται’
1798 3206 1858 3259 οὐ

1971 3219 2087 3259 nem
2121 3204 2499 3269 subvehimur,
2530 3205 2731 3259 iterum
2784 3202 3055 3256 divinitus
3089 3202 3374 3271 inspirata-
3414 3203 3561 3258 Scri-

293 3298 396 3366 μὴν
428 3295 557 3350 οὐδὲ
588 3296 647 3360 ἐξ
664 3294 879 3363 ὲκείνης
900 3294 1335 3367 ἀνάρχως,ἀλλά
1359 3294 1441 3358 τίς
1465 3296 1583 3348 ἐστι
1631 3293 1870 3364 δύναμις

289 3386 603 3457 ἀγεννήτως
622 3388 718 3442 καὶ
746 3389 996 3458 ἀνάρχως
1026 3388 1337 3458 ὑφεστῶσα,
1372 3388 1495 3457 ἣτις
1528 3386 1676 3440 ιστὶν
1702 3403 1736 3441 α
1754 3386 1868 3441 ίτία

289 3482 385 3551 τῆς
416 3482 680 3536 ἁπάντων
708 3482 815 3535 τῶν
842 3482 1011 3535 ³ὂντων
1050 3483 1255 3543 αἰτίας.
1299 3499 1317 3532 ι

1972 3306 2149 3367 pturaa
2180 3297 2345 3353 veluti
2374 3296 2799 3352 manuduclione
2847 3294 3150 3350 introducti
3178 3284 3558 3363 perliocemur,

1968 3388 2114 3460 quod
2151 3405 2246 3457 per
2280 3390 2427 3443 illam
2465 3388 2687 3458 quidem
2711 3388 3037 3457 potentiam,
3067 3402 3135 3442 ex
3164 3403 3229 3442 eo
3266 3388 3412 3455 quod
3444 3404 3555 3443 non

1965 3488 2071 3546 est,
2103 3481 2168 3534 ad
2199 3495 2319 3535 esse
2364 3480 2742 3550 producantur
2773 3480 2956 3535 omnia
2984 3496 2998 3544 ;
3030 3478 3105 3532 ita
3140 3488 3346 3545 tamen,
3380 3490 3437 3534 ut
3468 3496 3560 3536 ηομ

291 3593 395 3649 quo
421 3577 615 3634 ex'illa
649 3577 853 3648 absque
890 3576 1046 3632 initio
1100 3576 1505 3646 producantur,
1568 3576 1661 3631 sed
1720 3576 1866 3646 quod
1905 3576 2244 3646 sitpoteutia
2271 3576 2522 3646 qua-dam
2550 3577 2791 3648 ingenito
2815 3580 2868 3630 et
2903 3575 3022 3631 sine
3087 3575 3361 3646 principio
3429 3577 3559 3632 sub-

290 3676 514 3740 sistens,
550 3688 669 3744 qua:
701 3687 868 3728 causa
891 3673 961 3728 sit
985 3673 1130 3726 illius
1160 3688 1361 3739 causae,
1395 3688 1487 3742 per
1523 3688 1685 3742 quam
1743 3672 1936 3729 omnia
1968 3671 2111 3728 facta
2139 3682 2286 3729 sunt.
2323 3693 2343 3727 ›

928 3769 1212 3823 ΕΦΕΣΟΥ.

358 3858 535 3914 Τοῦτο
562 3859 623 3913 τὸ
653 3859 797 3930 ἱερὸν
817 3848 918 3929 τῆς
941 3858 1175 3921 πίστεως
1201 3857 1346 3929 μάΘη
1356 3858 1433 3929 μά
1453 3876 1511 3912 τε
1543 3858 1637 3913 καὶ
1661 3857 1865 3928 σύμϐο-

292 3956 377 4008 λον
402 3957 465 4009 τὸ
494 3955 571 4026 (7)
595 3953 745 4025 παρά
763 3954 859 4024 μὲν
875 3956 972 4025 τῆς
992 3957 1213 4025 πρώτης
1228 3954 1601 4023 καὶδευτέρας
1617 3953 1725 4007 τῶν
1745 3970 1869 4005 συν-

295 4046 426 4105 όδων
452 4045 701 4108 ἰκτεθὲν,
727 4045 880 4115 παρὰ
902 4045 959 4098 δὲ
996 4044 1105 4099 τῶν
1135 4044 1344 4099 λοιπῶν
1367 4044 1611 4116 κυρωθὲν
1660 4045 1754 4099 καὶ
1780 4044 1867 4114 βε-

293 4138 527 4197 δαιωθὲν
547 4138 812 4211 ὄλῃνψυχῇ
858 4137 1147 4208 δεχόμενος
1182 4138 1281 4191 καὶ
1334 4138 1620 4207 φυλάττων
1673 4138 1868 4195 ἀποδέ-

290 4250 456 4302 χομαι
476 4232 572 4285 καὶ
602 4232 923 4301 ἀσπάζομαι
979 4231 1116 4302 πρὸς
1164 4231 1287 4293 ταῖς
1340 4229 1664 4299 εἰρημέναις
1725 4230 1867 4285 ἐτττά

294 4325 539 4387 συνόδοις
562 4323 658 4377 καὶ
682 4321 786 4393 τὴν
820 4322 938 4393 μετ’
969 4323 1144 4386 αὑτὰς
1176 4321 1567 4393 ἀθροισθεῖσαν
1622 4323 1718 4377 ἐπὶ
1769 4322 1865 4376 τοῦ

294 4416 551 4481 εὐσεϐοῦς
584 4418 865 4471 Βασιλείου
929 4416 1194 4487 βασιλέως
1239 4405 1546 4485 ”Ρωμαίων
1612 4418 1709 4470 καὶ
1768 4417 1860 4470 τοῦ

295 4510 604 4577 ἀγιωτάτου
635 4508 977 4579 πατριάρχου
1015 4508 1249 4567 Φωτίου,
1279 4508 1375 4578 τὴν
1405 4510 1499 4561 καὶ
1552 4508 1859 4579 οἰγουμενι-

292 4602 389 4669 κὴν
419 4601 615 4669 ὀγδόην
634 4599 1105 4671 ὀνομασθεῖσαν,ἢ
1147 4597 1348 4669 (8)καὶ
1388 4599 1495 4650 τῶν
1551 4614 1862 4669 τοποτηρηο

293 4693 398 4745 τῶν
432 4693 723 4762 παρόντων
758 4691 1004 4746 Ἰωάννου
1037 4691 1132 4744 τοῦ
1173 4690 1447 4762 μακαρίου
1509 4691 1713 4743 πάππα
1762 4689 1863 4760 τῆς

297 4783 671 4852 πρεσσυτέρας
715 4782 959 4853 Ῥώμης,
1010 4782 1223 4837 Παύλου
1288 4784 1382 4835 καὶ
1433 4782 1695 4850 Εὑγενίου
1752 4783 1863 4834 τῶν

297 4874 607 4926 ἐπισκόπων
632 4876 727 4928 καὶ
748 4874 957 4943 Πέτρου
1002 4874 1389 4944 πρεσϐυτέρου
1460 4877 1551 4933 καὶ
1606 4873 1864 4945 καρδινα-

296 4966 405 5020 ὶὶου
434 4964 681 5037 ἐκύρωσε
710 4966 806 5037 μὲν
834 4967 927 5021 καὶ
975 4965 1277 5038 ἀνεκήρυξε
1314 4966 1417 5036 τὴν,
1476 4965 1713 5036 ἑϐδόμην
1775 4968 1858 5019 oi-

364 5143 441 5211 (Ι)
478 5140 571 5196 Sic
620 5140 671 5194 in
719 5138 865 5202 Mon.
912 5149 966 5197 et
1014 5140 1322 5207 Marc.;cst
1368 5154 1497 5194 vero
1548 5140 1718 5210 Apoc.
1778 5155 1873 5205 ut,

364 5253 440 5349 (2)
474 5280 605 5334 Νειι.
638 5279 793 5337 Orat.
816 5280 887 5333 52
912 5279 1218 5351 (nunc'42).
1255 5295 1308 5351 p.
1340 5281 1444 5336 520
1468 5281 1557 5335 ed.
1594 5280 1789 5337 Colon.

364 5353 441 5421 ('5)
483 5351 691 5434 Similia
724 5351 1159 5434 habet'_lV_az.nor.
1182 5352 1283 5434 .52,
1333 5368 1383 5431 ρ.
1417 5352 1554 5434 £20.;
1602 5351 1692 5434 σε,
1722 5352 1757 5403 Ι.
1784 5366 1859 5434 fg,

400 5438 460 5501 ἢ
495 5422 591 5477 601
620 5424 707 5501 ed.
733 5431 843 5501 vet_._
862 5421 1323 5501 Vide_ni§eggi_i5p.
1359 5422 1411 5474 in
1449 5422 1663 5476 Camat.
1691 5436 1743 5474 c.
1771 5420 1864 5487 40,

296 5494 363 5547 οι
392 5491 505 5562 (Gr.
532 5494 701 5558 ortlt.,
729 5502 768 5546 ι.
804 5491 867 5552 ll,
901 5508 953 5561 p.
983 5491 1265 5559 369-374).

367 5563 448 5632 (4)
484 5562 647 5619 Basil.
679 5579 768 5632 ep.
823 5564 894 5619 45
936 5563 1000 5616 ad
1035 5562 1262 5632 Gregor.
1300 5559 1552 5617 fratrem.
1579 5559 1801 5615 Citatur
1830 5576 1859 5615 a

300 5214 363 5267 Η

374 5721 452 5789 (a)
496 5721 751 5787 intelligit
824 5719 1091 5791 synodum
1158 5728 1392 5791 exeunte
1455 5735 1598 5774 anno
1656 5720 1758 5775 879
1808 5728 1861 5775 et

307 5792 521 5852 ineunte
568 5792 670 5844 880
716 5790 1198 5858 Constantinum“
1252 5792 1607 5851 celebratam,
1647 5806 1768 5858 quze
1795 5806 1861 5845 cx

310 5859 481 5914 Photii
517 5874 692 5924 mente
749 5876 933 5917 verant
992 5868 1239 5916 octavam
1288 5860 1562 5933 synodum
1597 5870 1725 5919 ante
1770 5862 1863 5919 dcc

2450 3770 2693 3828 senss.
2725 3771 2899 3839 (CAP.
2937 3770 3076 3843 xv.)

2043 3859 2159 3914 Hoc
2192 3874 2411 3915 sacrum
2439 3861 2564 3917 ﬁdei
2598 3862 2912 3918 institutum
2945 3878 3009 3917 ac
3041 3860 3375 3935 symbolum,
3411 3863 3562 3932 quod

1970 3965 1997 4002 a
2048 3953 2222 4020 prima
2266 3961 2319 4006 et
2368 3954 2610 4007 secunda
2661 3948 3125 4010 oecumenicaruzn
3225 3956 3557 4026 synodorum

1970 4044 2307 4110 expositum,
2351 4059 2382 4099 a
2409 4046 2639 4116 reliquis
2691 4063 2822 4104 vero
2856 4046 3241 4102 confirmatum
3295 4049 3561 4102 COrroho-

1971 4143 2260 4203 ratumque
2288 4144 2393 4201 est,
2421 4144 2533 4191 tota
2573 4138 2755 4193 anima
2798 4192 2810 4209 δ
2835 4137 3105 4206 recipiens
3156 4149 3209 4193 et
3242 4139 3560 4195 custodiens

1970 4226 2214 4295 suscipio
2253 4235 2309 4281 et
2342 4228 2651 4297 amplector
2680 4243 2804 4282 cum
2866 4227 3143 4297 praedictis
3210 4240 3414 4298 septem
3473 4244 3563 4298 sy-

1973 4316 2134 4373 nodis
2161 4318 2324 4373 etiam
2352 4318 2624 4389 synodum
2658 4329 2783 4391 post
2824 4321 2973 4391 ipsas
3024 4332 3410 4392 congregatam
3458 4323 3561 4376 suh

1972 4410 2060 4480 pio
2085 4409 2290 4467 Basilio
2312 4410 2689 4466 Romanorum
2752 4413 3088 4483 imperatore
3118 4422 3181 4483 et
3201 4414 3557 4469 sanctissimo
3581 4428 3591 4439 '

1968 4505 2280 4576 patriarcha
2309 4504 2525 4572 Photio,
2598 4506 2995 4561 meumenicam
3037 4521 3258 4577 quoque
3309 4518 3556 4562 octavam

1973 4608 2343 4667 nuncupatam
2402 4596 2505 4668 (a),
2540 4613 2663 4668 quae
2709 4598 2874 4653 etiam
2926 4599 3291 4667 praesentibus
3365 4600 3559 4668 legalis

1971 4686 2202 4743 Joannis
2225 4687 2529 4742 beatissimi
2564 4703 2719 4757 papa!
2750 4688 3079 4746 vetustioris
3106 4687 3316 4753 Romae,
3372 4690 3561 4779 videli-

1977 4789 2063 4835 cet
2089 4780 2261 4839 Baulo
2290 4789 2345 4834 et
2371 4780 2938 4849 Eugenioepiscopis,
2998 4790 3054 4834 et
3119 4780 3281 4835 Petro
3330 4782 3557 4852 presby-

1973 4881 2091 4928 tero
2120 4882 2173 4926 et
2214 4872 2507 4939 cardinaii,
2549 4871 2899 4931 confirmavit
2941 4880 3001 4928 et.
3052 4871 3434 4943 promulgavit,
3478 4888 3561 4928 sc-

1974 4966 2199 5035 ptimam
2254 4967 2652 5019 meumenicam
2701 4963 2969 5035 synodum
2990 4978 3218 5034 eamque
3252 4965 3561 5035 praeceden-

1969 5139 2364 5223 Ca'matero,.c.
2406 5141 2476 5196 26
2507 5140 2625 5212 (Gr.
2669 5140 2841 5205 ortlt.,
2873 5148 2913 5194 t.
2945 5141 3014 5204 ll,
3056 5156 3105 5210 p.
3138 5132 3237 5194 5H
3279 5145 3448 5211 δρψ).

2042 5211 2123 5280 (5)
2159 5211 2269 5275 AL,
2301 5215 2545 5281 χάριτος.

2041 5283 2119 5348 (6)
2158 5282 2267 5345 AL,
2294 5281 2681 5349 656t5d'{[L50a.

2041 5355 2120 5422 (7)
2164 5351 2235 5404 Τό
2293 5354 2475 5407 omitt.
2536 5351 2681 5411 Men.
2719 5353 2839 5419 27;
2894 5355 3058 5409 habet
3114 5351 3259 5407 Ilion.
3324 5351 3455 5419 256,
3518 5351 3557 5404 ί.

1970 5420 2225 5617 ἒῗῗὸίᾝἬ
2282 5494 2487 5550 habent
2567 5502 2687 5549 tres,
2743 5494 2986 5559 codices,
3048 5492 3192 5548 Men.
3244 5492 3455 5559 27,256
3508 5503 3561 5546 et

2025 5580 2139 5617 are.

2025 5580 2139 5618 arc.

1971 5722 2224 5778 cennium
2261 5724 2568 5779 absolutam
2603 5722 2954 5794 (oblitteram
3000 5722 3264 5794 debebat,
3292 5723 3564 5794 cujusque

1974 5802 2095 5847 acta
2130 5796 2382 5863 leguntur
2419 5795 2566 5863 apud
2598 5792 2771 5851 Mattsi
2797 5793 3036 5858 ConciL,
3074 5802 3112 5849 ι.
3150 5792 3313 5849 XVII.
