  <div class='ocr_page' id='page_1' title='image "/cluster/home/n/w/nwhite01/storage/ocr_20150623/160/coo.31924054870658/053.png"; bbox 0 0 3998 6482; ppageno 0'>
   <div class='ocr_carea' id='block_1_1' title="bbox 423 3139 1236 3212">
    <p class='ocr_par' dir='ltr' id='par_1_1' title="bbox 423 3139 1236 3212">
     <span class='ocr_line' id='line_1_1' title="bbox 423 3139 1236 3212; baseline 0.016 -24"><span class='ocrx_word' id='word_1_1' title='bbox 423 3139 426 3142; x_wconf 83' lang='grc'><strong>’</strong></span> <span class='ocrx_word' id='word_1_2' title='bbox 523 3139 870 3194; x_wconf 75' lang='lat' dir='ltr'><strong>sanctitatem</strong></span> <span class='ocrx_word' id='word_1_3' title='bbox 947 3141 1236 3212; x_wconf 76' lang='lat' dir='ltr'><strong>ignorare,</strong></span> 
     </span>
    </p>
   </div>
   <div class='ocr_carea' id='block_1_2' title="bbox 497 379 2092 450">
    <p class='ocr_par' dir='ltr' id='par_1_2' title="bbox 497 383 2092 446">
     <span class='ocr_line' id='line_1_2' title="bbox 497 383 2092 446; baseline 0 -2"><span class='ocrx_word' id='word_1_4' title='bbox 497 388 563 444; x_wconf 71' lang='lat' dir='ltr'><strong>9i</strong></span> <span class='ocrx_word' id='word_1_5' title='bbox 1402 383 1785 446; x_wconf 76' lang='lat' dir='ltr'><strong>GREGOBI‘l</strong></span> <span class='ocrx_word' id='word_1_6' title='bbox 1824 386 1929 445; x_wconf 75' lang='lat' dir='ltr'><strong>MA</strong></span> <span class='ocrx_word' id='word_1_7' title='bbox 1942 386 1992 445; x_wconf 85' lang='grc' dir='ltr'>Μ</span> <span class='ocrx_word' id='word_1_8' title='bbox 2012 387 2092 446; x_wconf 64' lang='lat' dir='ltr'><strong>of}</strong></span> 
     </span>
    </p>
   </div>
   <div class='ocr_carea' id='block_1_3' title="bbox 2197 379 2838 450">
    <p class='ocr_par' dir='ltr' id='par_1_3' title="bbox 2197 379 2838 450">
     <span class='ocr_line' id='line_1_3' title="bbox 2197 379 2838 450; baseline -0.012 -4"><span class='ocrx_word' id='word_1_9' title='bbox 2197 387 2278 450; x_wconf 70' lang='grc' dir='ltr'><strong>ΖΡ.</strong></span> <span class='ocrx_word' id='word_1_10' title='bbox 2327 379 2838 447; x_wconf 62' lang='grc' dir='ltr'><strong>ΡΑῚἪΙΑΗΟΗΕ</strong></span> 
     </span>
    </p>
   </div>
   <div class='ocr_carea' id='block_1_4' title="bbox 3673 371 3755 439">
    <p class='ocr_par' dir='ltr' id='par_1_4' title="bbox 3673 371 3755 439">
     <span class='ocr_line' id='line_1_4' title="bbox 3673 371 3755 439; baseline 0 -3"><span class='ocrx_word' id='word_1_11' title='bbox 3673 371 3755 439; x_wconf 65' lang='lat'><strong>9‘9;</strong></span> 
     </span>
    </p>
   </div>
   <div class='ocr_carea' id='block_1_5' title="bbox 502 489 2092 571">
    <p class='ocr_par' dir='ltr' id='par_1_5' title="bbox 502 492 2058 571">
     <span class='ocr_line' id='line_1_5' title="bbox 502 492 2058 571; baseline 0.006 -26"><span class='ocrx_word' id='word_1_12' title='bbox 502 495 633 546; x_wconf 73' lang='lat' dir='ltr'><strong>Arta</strong></span> <span class='ocrx_word' id='word_1_13' title='bbox 675 494 744 547; x_wconf 89' lang='lat' dir='ltr'><strong>ab</strong></span> <span class='ocrx_word' id='word_1_14' title='bbox 774 492 1014 560; x_wconf 85' lang='lat' dir='ltr'><strong>Ephesio</strong></span> <span class='ocrx_word' id='word_1_15' title='bbox 1043 493 1323 563; x_wconf 84' lang='lat' dir='ltr'><strong>producta,</strong></span> <span class='ocrx_word' id='word_1_16' title='bbox 1351 512 1414 553; x_wconf 86' lang='lat' dir='ltr'><strong>ac</strong></span> <span class='ocrx_word' id='word_1_17' title='bbox 1447 499 1494 553; x_wconf 87' lang='lat' dir='ltr'><strong>si</strong></span> <span class='ocrx_word' id='word_1_18' title='bbox 1522 509 1705 555; x_wconf 82' lang='lat' dir='ltr'><strong>essent</strong></span> <span class='ocrx_word' id='word_1_19' title='bbox 1732 512 1936 557; x_wconf 64' lang='lat' dir='ltr'><strong>octavae</strong></span> <span class='ocrx_word' id='word_1_20' title='bbox 1971 516 2058 571; x_wconf 85' lang='lat' dir='ltr'><strong>sy-</strong></span> 
     </span>
    </p>
   </div>
   <div class='ocr_carea' id='block_1_6' title="bbox 2197 489 3742 571">
    <p class='ocr_par' dir='ltr' id='par_1_6' title="bbox 2197 489 3742 563">
     <span class='ocr_line' id='line_1_6' title="bbox 2197 489 3742 563; baseline -0.007 -10"><span class='ocrx_word' id='word_1_21' title='bbox 2197 502 2393 563; x_wconf 77' lang='grc' dir='ltr'>’ωτίου,</span> <span class='ocrx_word' id='word_1_22' title='bbox 2426 503 2520 553; x_wconf 74' lang='grc' dir='ltr'>καὶ</span> <span class='ocrx_word' id='word_1_23' title='bbox 2546 500 2693 559; x_wconf 82' lang='grc' dir='ltr'>ὅπως</span> <span class='ocrx_word' id='word_1_24' title='bbox 2723 499 2751 549; x_wconf 86' lang='grc' dir='ltr'><strong>ό</strong></span> <span class='ocrx_word' id='word_1_25' title='bbox 2783 493 3040 562; x_wconf 77' lang='grc' dir='ltr'><strong>Ἰγνάτιος</strong></span> <span class='ocrx_word' id='word_1_26' title='bbox 3062 490 3368 560; x_wconf 79' lang='grc' dir='ltr'>ἐπανῆλθεν</span> <span class='ocrx_word' id='word_1_27' title='bbox 3388 489 3469 552; x_wconf 80' lang='grc' dir='ltr'><strong>εἰς</strong></span> <span class='ocrx_word' id='word_1_28' title='bbox 3495 489 3582 542; x_wconf 83' lang='grc' dir='ltr'><strong>τδν</strong></span> <span class='ocrx_word' id='word_1_29' title='bbox 3610 489 3742 542; x_wconf 79' lang='grc' dir='ltr'>ἴδιον</span> 
     </span>
    </p>
   </div>
   <div class='ocr_carea' id='block_1_7' title="bbox 503 581 2092 676">
    <p class='ocr_par' dir='ltr' id='par_1_7' title="bbox 503 581 2066 662">
     <span class='ocr_line' id='line_1_7' title="bbox 503 581 2066 662; baseline 0.008 -27"><span class='ocrx_word' id='word_1_30' title='bbox 503 581 627 635; x_wconf 80' lang='lat' dir='ltr'><strong>undi</strong></span> <span class='ocrx_word' id='word_1_31' title='bbox 653 623 668 647; x_wconf 93' lang='lat'><strong>,</strong></span> <span class='ocrx_word' id='word_1_32' title='bbox 729 585 1070 653; x_wconf 89' lang='lat' dir='ltr'><strong>recipiemus,</strong></span> <span class='ocrx_word' id='word_1_33' title='bbox 1103 586 1180 656; x_wconf 83' lang='grc' dir='ltr'><strong>(α)</strong></span> <span class='ocrx_word' id='word_1_34' title='bbox 1210 603 1420 643; x_wconf 90' lang='lat' dir='ltr'><strong>necnon</strong></span> <span class='ocrx_word' id='word_1_35' title='bbox 1462 605 1624 661; x_wconf 88' lang='lat' dir='ltr'><strong>quam</strong></span> <span class='ocrx_word' id='word_1_36' title='bbox 1676 593 1790 662; x_wconf 89' lang='lat' dir='ltr'><strong>ipse</strong></span> <span class='ocrx_word' id='word_1_37' title='bbox 1834 594 2066 662; x_wconf 86' lang='lat' dir='ltr'><strong>appellat</strong></span> 
     </span>
    </p>
   </div>
   <div class='ocr_carea' id='block_1_8' title="bbox 2197 581 3744 676">
    <p class='ocr_par' dir='ltr' id='par_1_8' title="bbox 2203 581 3744 662">
     <span class='ocr_line' id='line_1_8' title="bbox 2203 581 3744 662; baseline -0.007 -18"><span class='ocrx_word' id='word_1_38' title='bbox 2203 592 2356 662; x_wconf 86' lang='grc' dir='ltr'>ρόνον</span> <span class='ocrx_word' id='word_1_39' title='bbox 2386 592 2564 662; x_wconf 89' lang='grc' dir='ltr'>κρίσει</span> <span class='ocrx_word' id='word_1_40' title='bbox 2588 589 2688 658; x_wconf 81' lang='grc' dir='ltr'>τῆς</span> <span class='ocrx_word' id='word_1_41' title='bbox 2721 586 2940 640; x_wconf 84' lang='grc' dir='ltr'><strong>συνόδου</strong></span> <span class='ocrx_word' id='word_1_42' title='bbox 2963 602 2978 616; x_wconf 66' lang='grc' dir='ltr'>θ</span> <span class='ocrx_word' id='word_1_43' title='bbox 3005 585 3096 637; x_wconf 80' lang='grc' dir='ltr'>τὸν</span> <span class='ocrx_word' id='word_1_44' title='bbox 3124 584 3180 637; x_wconf 71' lang='grc' dir='ltr'>δὲ</span> <span class='ocrx_word' id='word_1_45' title='bbox 3212 583 3418 636; x_wconf 76' lang='grc' dir='ltr'>Φῶτιον</span> <span class='ocrx_word' id='word_1_46' title='bbox 3453 581 3744 649; x_wconf 81' lang='grc' dir='ltr'>ὲξὼριστον</span> 
     </span>
    </p>
   </div>
   <div class='ocr_carea' id='block_1_9' title="bbox 499 671 2092 755">
    <p class='ocr_par' dir='ltr' id='par_1_9' title="bbox 499 671 2065 755">
     <span class='ocr_line' id='line_1_9' title="bbox 499 671 2065 755; baseline 0.008 -28"><span class='ocrx_word' id='word_1_47' title='bbox 499 675 726 731; x_wconf 72' lang='lat' dir='ltr'><strong>Joannis</strong></span> <span class='ocrx_word' id='word_1_48' title='bbox 760 692 910 747; x_wconf 75' lang='lat' dir='ltr'><strong>papa:</strong></span> <span class='ocrx_word' id='word_1_49' title='bbox 957 671 1271 747; x_wconf 70' lang='lat' dir='ltr'><strong>epistolim,</strong></span> <span class='ocrx_word' id='word_1_50' title='bbox 1318 681 1467 736; x_wconf 89' lang='lat' dir='ltr'><strong>licet&#39;</strong></span> <span class='ocrx_word' id='word_1_51' title='bbox 1490 683 1543 736; x_wconf 93' lang='lat' dir='ltr'><strong>in</strong></span> <span class='ocrx_word' id='word_1_52' title='bbox 1588 684 1772 740; x_wconf 91' lang='lat' dir='ltr'><strong>multis</strong></span> <span class='ocrx_word' id='word_1_53' title='bbox 1813 696 2065 755; x_wconf 86' lang='lat' dir='ltr'><strong>suspecta</strong></span> 
     </span>
    </p>
   </div>
   <div class='ocr_carea' id='block_1_10' title="bbox 2197 671 3746 755">
    <p class='ocr_par' dir='ltr' id='par_1_10' title="bbox 2197 671 3746 752">
     <span class='ocr_line' id='line_1_10' title="bbox 2197 671 3746 752; baseline -0.008 -16"><span class='ocrx_word' id='word_1_54' title='bbox 2197 679 2312 752; x_wconf 79' lang='grc' dir='ltr'>ῐχεν</span> <span class='ocrx_word' id='word_1_55' title='bbox 2354 683 2388 752; x_wconf 79' lang='grc' dir='ltr'><strong>η</strong></span> <span class='ocrx_word' id='word_1_56' title='bbox 2440 680 2531 734; x_wconf 83' lang='grc' dir='ltr'>τοῦ</span> <span class='ocrx_word' id='word_1_57' title='bbox 2567 678 2866 748; x_wconf 77' lang='grc' dir='ltr'>Κοσμιδίου</span> <span class='ocrx_word' id='word_1_58' title='bbox 2901 677 2979 746; x_wconf 84' lang='grc'><strong>(1)</strong></span> <span class='ocrx_word' id='word_1_59' title='bbox 3015 675 3172 744; x_wconf 84' lang='grc' dir='ltr'>μονή.</span> <span class='ocrx_word' id='word_1_60' title='bbox 3214 675 3408 740; x_wconf 80' lang='grc' dir='ltr'>Ἦμεῑς</span> <span class='ocrx_word' id='word_1_61' title='bbox 3440 671 3499 724; x_wconf 78' lang='grc' dir='ltr'>δὲ</span> <span class='ocrx_word' id='word_1_62' title='bbox 3547 671 3641 724; x_wconf 75' lang='grc' dir='ltr'><strong>καὶ</strong></span> <span class='ocrx_word' id='word_1_63' title='bbox 3665 671 3746 724; x_wconf 79' lang='grc' dir='ltr'><strong>’τὰ</strong></span> 
     </span>
    </p>
   </div>
   <div class='ocr_carea' id='block_1_11' title="bbox 503 767 2055 838">
    <p class='ocr_par' dir='ltr' id='par_1_11' title="bbox 503 767 2055 838">
     <span class='ocr_line' id='line_1_11' title="bbox 503 767 2055 838; baseline 0.009 -20"><span class='ocrx_word' id='word_1_64' title='bbox 503 767 566 818; x_wconf 70' lang='lat' dir='ltr'><strong>si!</strong></span> <span class='ocrx_word' id='word_1_65' title='bbox 591 768 690 835; x_wconf 77' lang='grc' dir='ltr'>(ὸ),</span> <span class='ocrx_word' id='word_1_66' title='bbox 713 784 778 822; x_wconf 76' lang='lat' dir='ltr'><strong>eo</strong></span> <span class='ocrx_word' id='word_1_67' title='bbox 805 769 950 838; x_wconf 91' lang='lat' dir='ltr'><strong>quod</strong></span> <span class='ocrx_word' id='word_1_68' title='bbox 981 779 1089 824; x_wconf 91' lang='lat' dir='ltr'><strong>tota</strong></span> <span class='ocrx_word' id='word_1_69' title='bbox 1123 770 1176 824; x_wconf 93' lang='lat' dir='ltr'><strong>in</strong></span> <span class='ocrx_word' id='word_1_70' title='bbox 1212 773 1469 828; x_wconf 89' lang='lat' dir='ltr'><strong>omnibus</strong></span> <span class='ocrx_word' id='word_1_71' title='bbox 1489 773 1676 831; x_wconf 66' lang='lat' dir='ltr'><strong>Graece</strong></span> <span class='ocrx_word' id='word_1_72' title='bbox 1703 777 1908 831; x_wconf 82' lang='lat' dir='ltr'><strong>dictata</strong></span> <span class='ocrx_word' id='word_1_73' title='bbox 1935 793 2055 833; x_wconf 91' lang='lat' dir='ltr'><strong>esse</strong></span> 
     </span>
    </p>
   </div>
   <div class='ocr_carea' id='block_1_12' title="bbox 2172 761 3749 844">
    <p class='ocr_par' dir='ltr' id='par_1_12' title="bbox 2172 761 3749 844">
     <span class='ocr_line' id='line_1_12' title="bbox 2172 761 3749 844; baseline -0.008 -15"><span class='ocrx_word' id='word_1_74' title='bbox 2172 774 2461 844; x_wconf 78' lang='grc' dir='ltr'>Πρακτικά</span> <span class='ocrx_word' id='word_1_75' title='bbox 2489 773 2556 827; x_wconf 77' lang='grc' dir='ltr'><strong>τὰ</strong></span> <span class='ocrx_word' id='word_1_76' title='bbox 2587 770 2743 840; x_wconf 78' lang='grc' dir='ltr'>παρὰ</span> <span class='ocrx_word' id='word_1_77' title='bbox 2775 768 2868 822; x_wconf 80' lang='grc' dir='ltr'>τοῦ</span> <span class='ocrx_word' id='word_1_78' title='bbox 2912 769 3141 836; x_wconf 83' lang='grc' dir='ltr'>Ἑφέσου</span> <span class='ocrx_word' id='word_1_79' title='bbox 3189 763 3643 834; x_wconf 82' lang='grc' dir='ltr'>προκομιζόμενα</span> <span class='ocrx_word' id='word_1_80' title='bbox 3673 761 3749 822; x_wconf 79' lang='grc' dir='ltr'>ὡς</span> 
     </span>
    </p>
   </div>
   <div class='ocr_carea' id='block_1_13' title="bbox 502 852 2092 935">
    <p class='ocr_par' dir='ltr' id='par_1_13' title="bbox 502 859 2070 927">
     <span class='ocr_line' id='line_1_13' title="bbox 502 859 2070 927; baseline 0.01 -17"><span class='ocrx_word' id='word_1_81' title='bbox 502 859 1016 927; x_wconf 78' lang='lat' dir='ltr'><strong>comprehendatur,</strong></span> <span class='ocrx_word' id='word_1_82' title='bbox 1040 871 1095 916; x_wconf 91' lang='lat' dir='ltr'><strong>et</strong></span> <span class='ocrx_word' id='word_1_83' title='bbox 1132 864 1341 917; x_wconf 91' lang='lat' dir='ltr'><strong>nullum</strong></span> <span class='ocrx_word' id='word_1_84' title='bbox 1379 865 1432 918; x_wconf 91' lang='lat' dir='ltr'><strong>in</strong></span> <span class='ocrx_word' id='word_1_85' title='bbox 1463 881 1523 921; x_wconf 90' lang='lat' dir='ltr'><strong>se</strong></span> <span class='ocrx_word' id='word_1_86' title='bbox 1572 866 1773 923; x_wconf 82' lang='lat' dir='ltr'><strong>Latinae</strong></span> <span class='ocrx_word' id='word_1_87' title='bbox 1818 869 2070 926; x_wconf 83' lang='lat' dir='ltr'><strong>dictionis</strong></span> 
     </span>
    </p>
   </div>
   <div class='ocr_carea' id='block_1_14' title="bbox 2197 852 3749 935">
    <p class='ocr_par' dir='ltr' id='par_1_14' title="bbox 2204 852 3749 935">
     <span class='ocr_line' id='line_1_14' title="bbox 2204 852 3749 935; baseline -0.012 -14"><span class='ocrx_word' id='word_1_88' title='bbox 2204 868 2270 935; x_wconf 77' lang='grc' dir='ltr'>ἧς</span> <span class='ocrx_word' id='word_1_89' title='bbox 2297 866 2489 935; x_wconf 81' lang='grc' dir='ltr'>ὀγδόης</span> <span class='ocrx_word' id='word_1_90' title='bbox 2520 862 2740 916; x_wconf 81' lang='grc' dir='ltr'><strong>συνόδου</strong></span> <span class='ocrx_word' id='word_1_91' title='bbox 2782 859 3046 928; x_wconf 77' lang='grc' dir='ltr'><strong>δεξόμεθα</strong></span> <span class='ocrx_word' id='word_1_92' title='bbox 3069 873 3082 888; x_wconf 89' lang='grc'><strong>·</strong></span> <span class='ocrx_word' id='word_1_93' title='bbox 3110 857 3190 910; x_wconf 75' lang='grc' dir='ltr'>ἔτι</span> <span class='ocrx_word' id='word_1_94' title='bbox 3218 857 3275 910; x_wconf 71' lang='grc' dir='ltr'>δὲ</span> <span class='ocrx_word' id='word_1_95' title='bbox 3315 858 3408 910; x_wconf 75' lang='grc' dir='ltr'>καὶ</span> <span class='ocrx_word' id='word_1_96' title='bbox 3433 855 3499 924; x_wconf 75' lang='grc' dir='ltr'>ἣν</span> <span class='ocrx_word' id='word_1_97' title='bbox 3551 852 3630 924; x_wconf 69' lang='lat'><strong>(2)</strong></span> <span class='ocrx_word' id='word_1_98' title='bbox 3657 852 3749 904; x_wconf 85' lang='grc' dir='ltr'>λέ·-</span> 
     </span>
    </p>
   </div>
   <div class='ocr_carea' id='block_1_15' title="bbox 505 950 2070 1028">
    <p class='ocr_par' dir='ltr' id='par_1_15' title="bbox 505 950 2070 1028">
     <span class='ocr_line' id='line_1_15' title="bbox 505 950 2070 1028; baseline 0.01 -31"><span class='ocrx_word' id='word_1_99' title='bbox 505 950 724 1014; x_wconf 71' lang='lat' dir='ltr'><strong>gonium</strong></span> <span class='ocrx_word' id='word_1_100' title='bbox 786 951 1055 1018; x_wconf 58' lang='lat' dir='ltr'><strong>praeferat.</strong></span> <span class='ocrx_word' id='word_1_101' title='bbox 1113 951 1180 1006; x_wconf 85' lang='lat' dir='ltr'><strong>Et</strong></span> <span class='ocrx_word' id='word_1_102' title='bbox 1227 954 1330 1008; x_wconf 91' lang='lat' dir='ltr'><strong>alia</strong></span> <span class='ocrx_word' id='word_1_103' title='bbox 1380 970 1598 1026; x_wconf 90' lang='lat' dir='ltr'><strong>quoque</strong></span> <span class='ocrx_word' id='word_1_104' title='bbox 1645 960 1878 1026; x_wconf 88' lang='lat' dir='ltr'><strong>ratione,</strong></span> <span class='ocrx_word' id='word_1_105' title='bbox 1928 960 2070 1028; x_wconf 89' lang='lat' dir='ltr'><strong>quod</strong></span> 
     </span>
    </p>
   </div>
   <div class='ocr_carea' id='block_1_16' title="bbox 507 1041 2073 1113">
    <p class='ocr_par' dir='ltr' id='par_1_16' title="bbox 507 1041 2073 1113">
     <span class='ocr_line' id='line_1_16' title="bbox 507 1041 2073 1113; baseline 0.008 -22"><span class='ocrx_word' id='word_1_106' title='bbox 507 1041 742 1108; x_wconf 83' lang='lat' dir='ltr'><strong>primum</strong></span> <span class='ocrx_word' id='word_1_107' title='bbox 774 1042 826 1095; x_wconf 91' lang='lat' dir='ltr'><strong>in</strong></span> <span class='ocrx_word' id='word_1_108' title='bbox 867 1043 968 1096; x_wconf 86' lang='lat' dir='ltr'><strong>hac</strong></span> <span class='ocrx_word' id='word_1_109' title='bbox 996 1046 1206 1113; x_wconf 82' lang='lat' dir='ltr'><strong>synodo</strong></span> <span class='ocrx_word' id='word_1_110' title='bbox 1241 1056 1365 1100; x_wconf 86' lang='lat' dir='ltr'><strong>ante</strong></span> <span class='ocrx_word' id='word_1_111' title='bbox 1406 1047 1510 1100; x_wconf 91' lang='lat' dir='ltr'><strong>alia</strong></span> <span class='ocrx_word' id='word_1_112' title='bbox 1549 1051 1734 1103; x_wconf 88' lang='lat' dir='ltr'><strong>omnia</strong></span> <span class='ocrx_word' id='word_1_113' title='bbox 1783 1050 2073 1104; x_wconf 82' lang='lat' dir='ltr'><strong>lectitanda</strong></span> 
     </span>
    </p>
   </div>
   <div class='ocr_carea' id='block_1_17' title="bbox 507 1131 2077 1208">
    <p class='ocr_par' dir='ltr' id='par_1_17' title="bbox 507 1131 2077 1208">
     <span class='ocr_line' id='line_1_17' title="bbox 507 1131 2077 1208; baseline 0.008 -25"><span class='ocrx_word' id='word_1_114' title='bbox 507 1131 722 1196; x_wconf 73' lang='lat' dir='ltr'><strong>fuisset,</strong></span> <span class='ocrx_word' id='word_1_115' title='bbox 755 1141 866 1186; x_wconf 90' lang='lat' dir='ltr'><strong>tum</strong></span> <span class='ocrx_word' id='word_1_116' title='bbox 898 1134 1154 1202; x_wconf 86' lang='lat' dir='ltr'><strong>deinceps</strong></span> <span class='ocrx_word' id='word_1_117' title='bbox 1201 1140 1522 1207; x_wconf 89' lang='lat' dir='ltr'><strong>apponenda</strong></span> <span class='ocrx_word' id='word_1_118' title='bbox 1544 1176 1562 1203; x_wconf 89' lang='lat'><strong>,</strong></span> <span class='ocrx_word' id='word_1_119' title='bbox 1593 1155 1713 1208; x_wconf 71' lang='lat' dir='ltr'><strong>quae</strong></span> <span class='ocrx_word' id='word_1_120' title='bbox 1759 1141 1956 1195; x_wconf 88' lang='lat' dir='ltr'><strong>Photio</strong></span> <span class='ocrx_word' id='word_1_121' title='bbox 1993 1156 2077 1196; x_wconf 88' lang='lat' dir='ltr'><strong>se-</strong></span> 
     </span>
    </p>
   </div>
   <div class='ocr_carea' id='block_1_18' title="bbox 508 1221 2077 1296">
    <p class='ocr_par' dir='ltr' id='par_1_18' title="bbox 508 1221 2077 1296">
     <span class='ocr_line' id='line_1_18' title="bbox 508 1221 2077 1296; baseline 0.006 -22"><span class='ocrx_word' id='word_1_122' title='bbox 508 1223 630 1275; x_wconf 89' lang='lat' dir='ltr'><strong>dem</strong></span> <span class='ocrx_word' id='word_1_123' title='bbox 683 1221 1344 1294; x_wconf 81' lang='lat' dir='ltr'><strong>Constantinopolitauaiu</strong></span> <span class='ocrx_word' id='word_1_124' title='bbox 1384 1239 1718 1286; x_wconf 85' lang='lat' dir='ltr'><strong>astruerent.</strong></span> <span class='ocrx_word' id='word_1_125' title='bbox 1761 1230 1916 1296; x_wconf 87' lang='lat' dir='ltr'><strong>Quod</strong></span> <span class='ocrx_word' id='word_1_126' title='bbox 1970 1233 2077 1286; x_wconf 84' lang='lat' dir='ltr'><strong>alio</strong></span> 
     </span>
    </p>
   </div>
   <div class='ocr_carea' id='block_1_19' title="bbox 511 1310 2078 1386">
    <p class='ocr_par' dir='ltr' id='par_1_19' title="bbox 511 1310 2078 1386">
     <span class='ocr_line' id='line_1_19' title="bbox 511 1310 2078 1386; baseline 0.009 -23"><span class='ocrx_word' id='word_1_127' title='bbox 511 1310 670 1365; x_wconf 93' lang='lat' dir='ltr'><strong>modo</strong></span> <span class='ocrx_word' id='word_1_128' title='bbox 693 1322 971 1380; x_wconf 90' lang='lat' dir='ltr'><strong>peractum</strong></span> <span class='ocrx_word' id='word_1_129' title='bbox 991 1325 1092 1372; x_wconf 91' lang='lat' dir='ltr'><strong>est.</strong></span> <span class='ocrx_word' id='word_1_130' title='bbox 1115 1316 1246 1371; x_wconf 81' lang='lat' dir='ltr'><strong>Nam</strong></span> <span class='ocrx_word' id='word_1_131' title='bbox 1274 1333 1397 1372; x_wconf 92' lang='lat' dir='ltr'><strong>cum</strong></span> <span class='ocrx_word' id='word_1_132' title='bbox 1428 1335 1575 1386; x_wconf 61' lang='lat' dir='ltr'><strong>papae</strong></span> <span class='ocrx_word' id='word_1_133' title='bbox 1619 1320 1796 1377; x_wconf 89' lang='lat' dir='ltr'><strong>locum</strong></span> <span class='ocrx_word' id='word_1_134' title='bbox 1829 1331 2078 1377; x_wconf 88' lang='lat' dir='ltr'><strong>tenentes</strong></span> 
     </span>
    </p>
   </div>
   <div class='ocr_carea' id='block_1_20' title="bbox 510 1405 2078 1469">
    <p class='ocr_par' dir='ltr' id='par_1_20' title="bbox 510 1405 2078 1469">
     <span class='ocr_line' id='line_1_20' title="bbox 510 1405 2078 1469; baseline 0.01 -17"><span class='ocrx_word' id='word_1_135' title='bbox 510 1405 854 1458; x_wconf 81' lang='lat' dir='ltr'><strong>advenissent</strong></span> <span class='ocrx_word' id='word_1_136' title='bbox 874 1416 929 1458; x_wconf 89' lang='lat' dir='ltr'><strong>et</strong></span> <span class='ocrx_word' id='word_1_137' title='bbox 957 1405 1149 1461; x_wconf 84' lang='lat' dir='ltr'><strong>Photio</strong></span> <span class='ocrx_word' id='word_1_138' title='bbox 1179 1408 1338 1464; x_wconf 90' lang='lat' dir='ltr'><strong>datas</strong></span> <span class='ocrx_word' id='word_1_139' title='bbox 1367 1410 1577 1465; x_wconf 85' lang='lat' dir='ltr'><strong>litteras</strong></span> <span class='ocrx_word' id='word_1_140' title='bbox 1607 1427 1670 1466; x_wconf 91' lang='lat' dir='ltr'><strong>ac</strong></span> <span class='ocrx_word' id='word_1_141' title='bbox 1703 1414 1866 1468; x_wconf 87' lang='lat' dir='ltr'><strong>missa</strong></span> <span class='ocrx_word' id='word_1_142' title='bbox 1894 1416 2078 1469; x_wconf 87' lang='lat' dir='ltr'><strong>munia</strong></span> 
     </span>
    </p>
   </div>
   <div class='ocr_carea' id='block_1_21' title="bbox 510 1495 2080 1570">
    <p class='ocr_par' dir='ltr' id='par_1_21' title="bbox 510 1495 2080 1570">
     <span class='ocr_line' id='line_1_21' title="bbox 510 1495 2080 1570; baseline 0.01 -25"><span class='ocrx_word' id='word_1_143' title='bbox 510 1495 936 1563; x_wconf 75' lang='lat' dir='ltr'><strong>consignassent,</strong></span> <span class='ocrx_word' id='word_1_144' title='bbox 953 1505 1007 1552; x_wconf 87' lang='lat' dir='ltr'><strong>et</strong></span> <span class='ocrx_word' id='word_1_145' title='bbox 1030 1501 1411 1570; x_wconf 88' lang='lat' dir='ltr'><strong>omophorium</strong></span> <span class='ocrx_word' id='word_1_146' title='bbox 1442 1512 1495 1558; x_wconf 92' lang='lat' dir='ltr'><strong>et</strong></span> <span class='ocrx_word' id='word_1_147' title='bbox 1524 1505 1843 1561; x_wconf 84' lang='lat' dir='ltr'><strong>stichariurn</strong></span> <span class='ocrx_word' id='word_1_148' title='bbox 1871 1515 1925 1560; x_wconf 94' lang='lat' dir='ltr'><strong>et</strong></span> <span class='ocrx_word' id='word_1_149' title='bbox 1953 1522 2080 1561; x_wconf 73' lang='lat' dir='ltr'><strong>sano</strong></span> 
     </span>
    </p>
   </div>
   <div class='ocr_carea' id='block_1_22' title="bbox 512 1585 2082 1666">
    <p class='ocr_par' dir='ltr' id='par_1_22' title="bbox 512 1585 2082 1666">
     <span class='ocr_line' id='line_1_22' title="bbox 512 1585 2082 1666; baseline 0.011 -31"><span class='ocrx_word' id='word_1_150' title='bbox 512 1585 676 1648; x_wconf 69' lang='lat' dir='ltr'><strong>c&#39;alia,</strong></span> <span class='ocrx_word' id='word_1_151' title='bbox 701 1587 850 1641; x_wconf 91' lang='lat' dir='ltr'><strong>nullo</strong></span> <span class='ocrx_word' id='word_1_152' title='bbox 878 1590 1132 1646; x_wconf 80' lang='lat' dir='ltr'><strong>examine</strong></span> <span class='ocrx_word' id='word_1_153' title='bbox 1155 1593 1376 1659; x_wconf 67' lang='lat' dir='ltr'><strong>praevio,</strong></span> <span class='ocrx_word' id='word_1_154' title='bbox 1397 1595 1936 1660; x_wconf 87' lang='lat' dir='ltr'><strong>obtulissent,statim</strong></span> <span class='ocrx_word' id='word_1_155' title='bbox 1966 1597 2082 1666; x_wconf 89' lang='lat' dir='ltr'><strong>ipse</strong></span> 
     </span>
    </p>
   </div>
   <div class='ocr_carea' id='block_1_23' title="bbox 513 1675 2080 1755">
    <p class='ocr_par' dir='ltr' id='par_1_23' title="bbox 513 1675 2080 1755">
     <span class='ocr_line' id='line_1_23' title="bbox 513 1675 2080 1755; baseline 0.008 -27"><span class='ocrx_word' id='word_1_156' title='bbox 513 1675 738 1732; x_wconf 72' lang='lat' dir='ltr'><strong>Phorius</strong></span> <span class='ocrx_word' id='word_1_157' title='bbox 761 1694 854 1734; x_wconf 80' lang='lat' dir='ltr'><strong>eos</strong></span> <span class='ocrx_word' id='word_1_158' title='bbox 875 1681 1296 1752; x_wconf 70' lang='lat' dir='ltr'><strong>excepitetqua:</strong></span> <span class='ocrx_word' id='word_1_159' title='bbox 1327 1683 1392 1738; x_wconf 90' lang='lat' dir='ltr'><strong>ad</strong></span> <span class='ocrx_word' id='word_1_160' title='bbox 1431 1689 1606 1753; x_wconf 86' lang='lat' dir='ltr'><strong>ipsum</strong></span> <span class='ocrx_word' id='word_1_161' title='bbox 1645 1688 1811 1742; x_wconf 88' lang='lat' dir='ltr'><strong>missa</strong></span> <span class='ocrx_word' id='word_1_162' title='bbox 1843 1687 2080 1755; x_wconf 82' lang='lat' dir='ltr'><strong>fuerant,</strong></span> 
     </span>
    </p>
   </div>
   <div class='ocr_carea' id='block_1_24' title="bbox 515 1766 2080 1844">
    <p class='ocr_par' dir='ltr' id='par_1_24' title="bbox 515 1766 2080 1844">
     <span class='ocr_line' id='line_1_24' title="bbox 515 1766 2080 1844; baseline 0.01 -28"><span class='ocrx_word' id='word_1_163' title='bbox 515 1774 572 1818; x_wconf 91' lang='lat' dir='ltr'><strong>ut</strong></span> <span class='ocrx_word' id='word_1_164' title='bbox 597 1766 728 1821; x_wconf 83' lang='lat' dir='ltr'><strong>Acta</strong></span> <span class='ocrx_word' id='word_1_165' title='bbox 762 1767 1006 1836; x_wconf 87' lang='lat' dir='ltr'><strong>ejusdem</strong></span> <span class='ocrx_word' id='word_1_166' title='bbox 1053 1773 1247 1841; x_wconf 86' lang='lat' dir='ltr'><strong>synodi</strong></span> <span class='ocrx_word' id='word_1_167' title='bbox 1278 1783 1660 1830; x_wconf 80' lang='lat' dir='ltr'><strong>contestantur</strong></span> <span class='ocrx_word' id='word_1_168' title='bbox 1701 1785 1864 1844; x_wconf 86' lang='lat' dir='ltr'><strong>atque</strong></span> <span class='ocrx_word' id='word_1_169' title='bbox 1901 1775 2080 1832; x_wconf 90' lang='lat' dir='ltr'><strong>Photii</strong></span> 
     </span>
    </p>
   </div>
   <div class='ocr_carea' id='block_1_25' title="bbox 514 1857 2086 1936">
    <p class='ocr_par' dir='ltr' id='par_1_25' title="bbox 514 1857 2086 1936">
     <span class='ocr_line' id='line_1_25' title="bbox 514 1857 2086 1936; baseline 0.011 -29"><span class='ocrx_word' id='word_1_170' title='bbox 514 1857 674 1911; x_wconf 86' lang='lat' dir='ltr'><strong>verba</strong></span> <span class='ocrx_word' id='word_1_171' title='bbox 697 1858 794 1927; x_wconf 86' lang='lat' dir='ltr'><strong>(c):</strong></span> <span class='ocrx_word' id='word_1_172' title='bbox 818 1859 1098 1917; x_wconf 68' lang='lat' dir='ltr'><strong>«Christus</strong></span> <span class='ocrx_word' id='word_1_173' title='bbox 1121 1862 1262 1919; x_wconf 91' lang='lat' dir='ltr'><strong>Deus</strong></span> <span class='ocrx_word' id='word_1_174' title='bbox 1282 1875 1489 1931; x_wconf 85' lang='lat' dir='ltr'><strong>noster,</strong></span> <span class='ocrx_word' id='word_1_175' title='bbox 1513 1868 1605 1936; x_wconf 87' lang='lat' dir='ltr'><strong>qui</strong></span> <span class='ocrx_word' id='word_1_176' title='bbox 1626 1870 1827 1924; x_wconf 72' lang='lat' dir='ltr'><strong>cmlum</strong></span> <span class='ocrx_word' id='word_1_177' title='bbox 1852 1870 2086 1925; x_wconf 90' lang='lat' dir='ltr'><strong>nubibus</strong></span> 
     </span>
    </p>
   </div>
   <div class='ocr_carea' id='block_1_26' title="bbox 512 1948 2094 2026">
    <p class='ocr_par' dir='ltr' id='par_1_26' title="bbox 512 1948 2094 2026">
     <span class='ocr_line' id='line_1_26' title="bbox 512 1948 2094 2026; baseline 0.011 -28"><span class='ocrx_word' id='word_1_178' title='bbox 512 1948 926 2016; x_wconf 86' lang='lat' dir='ltr'><strong>circumvolvit,</strong></span> <span class='ocrx_word' id='word_1_179' title='bbox 972 1964 1323 2026; x_wconf 87' lang='lat' dir='ltr'><strong>nostramque</strong></span> <span class='ocrx_word' id='word_1_180' title='bbox 1366 1969 1655 2025; x_wconf 88' lang='lat' dir='ltr'><strong>naturam,</strong></span> <span class='ocrx_word' id='word_1_181' title='bbox 1698 1969 1757 2014; x_wconf 90' lang='lat' dir='ltr'><strong>tIt</strong></span> <span class='ocrx_word' id='word_1_182' title='bbox 1807 1969 2094 2016; x_wconf 82' lang='lat' dir='ltr'><strong>renovaret</strong></span> 
     </span>
    </p>
   </div>
   <div class='ocr_carea' id='block_1_27' title="bbox 512 2045 2090 2119">
    <p class='ocr_par' dir='ltr' id='par_1_27' title="bbox 512 2045 2090 2119">
     <span class='ocr_line' id='line_1_27' title="bbox 512 2045 2090 2119; baseline 0.011 -29"><span class='ocrx_word' id='word_1_183' title='bbox 512 2049 965 2112; x_wconf 74' lang='lat' dir='ltr'><strong>cxpurgaretque,</strong></span> <span class='ocrx_word' id='word_1_184' title='bbox 987 2045 1092 2098; x_wconf 89' lang='lat' dir='ltr'><strong>sibi</strong></span> <span class='ocrx_word' id='word_1_185' title='bbox 1157 2049 1492 2118; x_wconf 87' lang='lat' dir='ltr'><strong>assumpsit,</strong></span> <span class='ocrx_word' id='word_1_186' title='bbox 1544 2050 1661 2119; x_wconf 85' lang='lat' dir='ltr'><strong>ipse</strong></span> <span class='ocrx_word' id='word_1_187' title='bbox 1719 2050 1942 2107; x_wconf 81' lang='lat' dir='ltr'><strong>fratrem</strong></span> <span class='ocrx_word' id='word_1_188' title='bbox 1990 2068 2090 2107; x_wconf 86' lang='lat' dir='ltr'><strong>no-</strong></span> 
     </span>
    </p>
   </div>
   <div class='ocr_carea' id='block_1_28' title="bbox 514 2136 2094 2210">
    <p class='ocr_par' dir='ltr' id='par_1_28' title="bbox 514 2136 2094 2210">
     <span class='ocr_line' id='line_1_28' title="bbox 514 2136 2094 2210; baseline 0.01 -27"><span class='ocrx_word' id='word_1_189' title='bbox 514 2143 690 2185; x_wconf 88' lang='lat' dir='ltr'><strong>s&#39;rum</strong></span> <span class='ocrx_word' id='word_1_190' title='bbox 735 2140 789 2186; x_wconf 88' lang='lat' dir='ltr'><strong>et</strong></span> <span class='ocrx_word' id='word_1_191' title='bbox 824 2136 1264 2192; x_wconf 87' lang='lat' dir='ltr'><strong>comministrum</strong></span> <span class='ocrx_word' id='word_1_192' title='bbox 1293 2150 1349 2194; x_wconf 88' lang='lat' dir='ltr'><strong>et</strong></span> <span class='ocrx_word' id='word_1_193' title='bbox 1375 2141 1712 2210; x_wconf 88' lang='lat' dir='ltr'><strong>spiritualem</strong></span> <span class='ocrx_word' id='word_1_194' title='bbox 1736 2143 1950 2199; x_wconf 88' lang='lat' dir='ltr'><strong>Patrem</strong></span> <span class='ocrx_word' id='word_1_195' title='bbox 1990 2159 2094 2198; x_wconf 90' lang='lat' dir='ltr'><strong>no-</strong></span> 
     </span>
    </p>
   </div>
   <div class='ocr_carea' id='block_1_29' title="bbox 515 2225 2096 2306">
    <p class='ocr_par' dir='ltr' id='par_1_29' title="bbox 515 2225 2096 2306">
     <span class='ocr_line' id='line_1_29' title="bbox 515 2225 2096 2306; baseline 0.009 -29"><span class='ocrx_word' id='word_1_196' title='bbox 515 2234 684 2277; x_wconf 85' lang='lat' dir='ltr'><strong>strum</strong></span> <span class='ocrx_word' id='word_1_197' title='bbox 726 2234 779 2280; x_wconf 91' lang='lat' dir='ltr'><strong>et</strong></span> <span class='ocrx_word' id='word_1_198' title='bbox 812 2225 864 2279; x_wconf 92' lang='lat' dir='ltr'><strong>in</strong></span> <span class='ocrx_word' id='word_1_199' title='bbox 898 2230 1150 2296; x_wconf 64' lang='lat' dir='ltr'><strong>praesenti</strong></span> <span class='ocrx_word' id='word_1_200' title='bbox 1180 2231 1292 2286; x_wconf 85' lang='lat' dir='ltr'><strong>vita</strong></span> <span class='ocrx_word' id='word_1_201' title='bbox 1327 2234 1574 2288; x_wconf 88' lang='lat' dir='ltr'><strong>custodia</strong></span> <span class='ocrx_word' id='word_1_202' title='bbox 1611 2244 1720 2289; x_wconf 89' lang='lat' dir='ltr'><strong>tuta</strong></span> <span class='ocrx_word' id='word_1_203' title='bbox 1756 2246 2096 2306; x_wconf 78' lang='lat' dir='ltr'><strong>protegat.et</strong></span> 
     </span>
    </p>
   </div>
   <div class='ocr_carea' id='block_1_30' title="bbox 518 2313 2094 2391">
    <p class='ocr_par' dir='ltr' id='par_1_30' title="bbox 518 2313 2094 2391">
     <span class='ocr_line' id='line_1_30' title="bbox 518 2313 2094 2391; baseline 0.01 -25"><span class='ocrx_word' id='word_1_204' title='bbox 518 2315 570 2366; x_wconf 92' lang='lat' dir='ltr'><strong>in</strong></span> <span class='ocrx_word' id='word_1_205' title='bbox 611 2313 796 2370; x_wconf 88' lang='lat' dir='ltr'><strong>futuro</strong></span> <span class='ocrx_word' id='word_1_206' title='bbox 821 2319 1020 2372; x_wconf 64' lang='lat' dir='ltr'><strong>saeculo</strong></span> <span class='ocrx_word' id='word_1_207' title='bbox 1052 2323 1280 2390; x_wconf 87' lang='lat' dir='ltr'><strong>nuptiali</strong></span> <span class='ocrx_word' id='word_1_208' title='bbox 1309 2323 1627 2380; x_wconf 89' lang='lat' dir='ltr'><strong>indumento</strong></span> <span class='ocrx_word' id='word_1_209' title='bbox 1658 2328 2094 2391; x_wconf 89' lang='lat' dir='ltr'><strong>circumambiat,</strong></span> 
     </span>
    </p>
   </div>
   <div class='ocr_carea' id='block_1_31' title="bbox 517 2404 2087 2490">
    <p class='ocr_par' dir='ltr' id='par_1_31' title="bbox 517 2404 2087 2490">
     <span class='ocr_line' id='line_1_31' title="bbox 517 2404 2087 2490; baseline 0.009 -34"><span class='ocrx_word' id='word_1_210' title='bbox 517 2404 853 2478; x_wconf 77' lang='lat' dir='ltr'><strong>dignumque</strong></span> <span class='ocrx_word' id='word_1_211' title='bbox 909 2411 1150 2466; x_wconf 62' lang='lat' dir='ltr'><strong>caelestis</strong></span> <span class='ocrx_word' id='word_1_212' title='bbox 1199 2413 1344 2470; x_wconf 80' lang='lat' dir='ltr'><strong>illius</strong></span> <span class='ocrx_word' id='word_1_213' title='bbox 1395 2416 1617 2490; x_wconf 80' lang='lat' dir='ltr'><strong>thalami</strong></span> <span class='ocrx_word' id='word_1_214' title='bbox 1669 2417 2028 2473; x_wconf 85' lang='lat' dir='ltr'><strong>demonstret.</strong></span> <span class='ocrx_word' id='word_1_215' title='bbox 2068 2437 2087 2470; x_wconf 72' lang='grc' dir='ltr'><strong>ι</strong></span> 
     </span>
    </p>
   </div>
   <div class='ocr_carea' id='block_1_32' title="bbox 520 2493 2093 2579">
    <p class='ocr_par' dir='ltr' id='par_1_32' title="bbox 520 2493 2093 2579">
     <span class='ocr_line' id='line_1_32' title="bbox 520 2493 2093 2579; baseline 0.011 -32"><span class='ocrx_word' id='word_1_216' title='bbox 520 2493 829 2552; x_wconf 82' lang='lat' dir='ltr'><strong>Necessitas</strong></span> <span class='ocrx_word' id='word_1_217' title='bbox 876 2498 1059 2570; x_wconf 87' lang='lat' dir='ltr'><strong>itaque</strong></span> <span class='ocrx_word' id='word_1_218' title='bbox 1117 2501 1393 2574; x_wconf 77' lang='lat' dir='ltr'><strong>flagitabat</strong></span> <span class='ocrx_word' id='word_1_219' title='bbox 1448 2521 1632 2560; x_wconf 87' lang='lat' dir='ltr'><strong>coram</strong></span> <span class='ocrx_word' id='word_1_220' title='bbox 1681 2509 1940 2564; x_wconf 89' lang='lat' dir='ltr'><strong>omnibus</strong></span> <span class='ocrx_word' id='word_1_221' title='bbox 1971 2509 2093 2579; x_wconf 80' lang='lat' dir='ltr'><strong>epi-</strong></span> 
     </span>
    </p>
   </div>
   <div class='ocr_carea' id='block_1_33' title="bbox 521 2587 2092 2670">
    <p class='ocr_par' dir='ltr' id='par_1_33' title="bbox 521 2587 2092 2670">
     <span class='ocr_line' id='line_1_33' title="bbox 521 2587 2092 2670; baseline 0.011 -30"><span class='ocrx_word' id='word_1_222' title='bbox 521 2587 716 2641; x_wconf 85' lang='lat' dir='ltr'><strong>stolam</strong></span> <span class='ocrx_word' id='word_1_223' title='bbox 755 2589 856 2658; x_wconf 81' lang='lat' dir='ltr'><strong>legi</strong></span> <span class='ocrx_word' id='word_1_224' title='bbox 908 2602 963 2646; x_wconf 89' lang='lat' dir='ltr'><strong>et</strong></span> <span class='ocrx_word' id='word_1_225' title='bbox 1005 2593 1308 2664; x_wconf 76' lang='lat' dir='ltr'><strong>legatorum</strong></span> <span class='ocrx_word' id='word_1_226' title='bbox 1378 2596 1778 2666; x_wconf 83' lang='lat' dir='ltr'><strong>professionem</strong></span> <span class='ocrx_word' id='word_1_227' title='bbox 1833 2601 2092 2670; x_wconf 86' lang='lat' dir='ltr'><strong>scriptam</strong></span> 
     </span>
    </p>
   </div>
   <div class='ocr_carea' id='block_1_34' title="bbox 523 2680 2098 2761">
    <p class='ocr_par' dir='ltr' id='par_1_34' title="bbox 523 2680 2098 2761">
     <span class='ocr_line' id='line_1_34' title="bbox 523 2680 2098 2761; baseline 0.01 -31"><span class='ocrx_word' id='word_1_228' title='bbox 523 2680 714 2748; x_wconf 88' lang='lat' dir='ltr'><strong>recipi,</strong></span> <span class='ocrx_word' id='word_1_229' title='bbox 746 2691 800 2736; x_wconf 91' lang='lat' dir='ltr'><strong>et</strong></span> <span class='ocrx_word' id='word_1_230' title='bbox 826 2682 911 2738; x_wconf 86' lang='lat' dir='ltr'><strong>his</strong></span> <span class='ocrx_word' id='word_1_231' title='bbox 943 2687 1178 2752; x_wconf 86' lang='lat' dir='ltr'><strong>peractis</strong></span> <span class='ocrx_word' id='word_1_232' title='bbox 1209 2703 1271 2741; x_wconf 88' lang='lat' dir='ltr'><strong>ea</strong></span> <span class='ocrx_word' id='word_1_233' title='bbox 1303 2703 1425 2758; x_wconf 69' lang='lat' dir='ltr'><strong>qua:</strong></span> <span class='ocrx_word' id='word_1_234' title='bbox 1457 2689 1523 2744; x_wconf 89' lang='lat' dir='ltr'><strong>ad</strong></span> <span class='ocrx_word' id='word_1_235' title='bbox 1572 2690 1756 2745; x_wconf 87' lang='lat' dir='ltr'><strong>throni</strong></span> <span class='ocrx_word' id='word_1_236' title='bbox 1793 2700 1846 2747; x_wconf 90' lang='lat' dir='ltr'><strong>et</strong></span> <span class='ocrx_word' id='word_1_237' title='bbox 1889 2708 2098 2761; x_wconf 69' lang='lat' dir='ltr'><strong>praesu~</strong></span> 
     </span>
    </p>
   </div>
   <div class='ocr_carea' id='block_1_35' title="bbox 522 2768 2093 2850">
    <p class='ocr_par' dir='ltr' id='par_1_35' title="bbox 522 2768 2093 2850">
     <span class='ocr_line' id='line_1_35' title="bbox 522 2768 2093 2850; baseline 0.013 -30"><span class='ocrx_word' id='word_1_238' title='bbox 522 2768 662 2824; x_wconf 72' lang='lat' dir='ltr'><strong>latus</strong></span> <span class='ocrx_word' id='word_1_239' title='bbox 691 2775 1096 2830; x_wconf 84' lang='lat' dir='ltr'><strong>restitutionem</strong></span> <span class='ocrx_word' id='word_1_240' title='bbox 1123 2780 1467 2846; x_wconf 83' lang='lat' dir='ltr'><strong>pertinebant</strong></span> <span class='ocrx_word' id='word_1_241' title='bbox 1493 2783 1779 2850; x_wconf 91' lang='lat' dir='ltr'><strong>compleri.</strong></span> <span class='ocrx_word' id='word_1_242' title='bbox 1802 2781 2093 2842; x_wconf 88' lang='lat' dir='ltr'><strong>Nihilomi-</strong></span> 
     </span>
    </p>
   </div>
   <div class='ocr_carea' id='block_1_36' title="bbox 523 2866 2095 2948">
    <p class='ocr_par' dir='ltr' id='par_1_36' title="bbox 523 2866 2095 2948">
     <span class='ocr_line' id='line_1_36' title="bbox 523 2866 2095 2948; baseline 0.01 -32"><span class='ocrx_word' id='word_1_243' title='bbox 523 2879 625 2918; x_wconf 89' lang='lat' dir='ltr'><strong>uus</strong></span> <span class='ocrx_word' id='word_1_244' title='bbox 647 2879 747 2920; x_wconf 93' lang='lat' dir='ltr'><strong>nos</strong></span> <span class='ocrx_word' id='word_1_245' title='bbox 773 2866 944 2935; x_wconf 88' lang='lat' dir='ltr'><strong>ipsam</strong></span> <span class='ocrx_word' id='word_1_246' title='bbox 979 2875 1038 2921; x_wconf 92' lang='lat' dir='ltr'><strong>ut</strong></span> <span class='ocrx_word' id='word_1_247' title='bbox 1078 2872 1470 2926; x_wconf 71' lang='lat' dir='ltr'><strong>mcumenicam</strong></span> <span class='ocrx_word' id='word_1_248' title='bbox 1491 2875 1783 2943; x_wconf 90' lang='lat' dir='ltr'><strong>recipimus</strong></span> <span class='ocrx_word' id='word_1_249' title='bbox 1835 2895 2095 2948; x_wconf 82' lang='lat' dir='ltr'><strong>perquam</strong></span> 
     </span>
    </p>
   </div>
   <div class='ocr_carea' id='block_1_37' title="bbox 524 2954 2091 3040">
    <p class='ocr_par' dir='ltr' id='par_1_37' title="bbox 524 2954 2091 3040">
     <span class='ocr_line' id='line_1_37' title="bbox 524 2954 2091 3040; baseline 0.012 -34"><span class='ocrx_word' id='word_1_250' title='bbox 524 2954 906 3022; x_wconf 86' lang='lat' dir='ltr'><strong>libentissime,</strong></span> <span class='ocrx_word' id='word_1_251' title='bbox 934 2973 1033 3015; x_wconf 91' lang='lat' dir='ltr'><strong>nec</strong></span> <span class='ocrx_word' id='word_1_252' title='bbox 1066 2975 1175 3015; x_wconf 91' lang='lat' dir='ltr'><strong>non</strong></span> <span class='ocrx_word' id='word_1_253' title='bbox 1207 2963 1382 3032; x_wconf 89' lang='lat' dir='ltr'><strong>ipsam</strong></span> <span class='ocrx_word' id='word_1_254' title='bbox 1415 2963 1728 3033; x_wconf 85' lang='lat' dir='ltr'><strong>epistolam.</strong></span> <span class='ocrx_word' id='word_1_255' title='bbox 1773 2969 1915 3035; x_wconf 79' lang='lat' dir='ltr'><strong>Quid</strong></span> <span class='ocrx_word' id='word_1_256' title='bbox 1985 2971 2091 3040; x_wconf 76' lang='lat' dir='ltr'><strong>igi-</strong></span> 
     </span>
    </p>
   </div>
   <div class='ocr_carea' id='block_1_38' title="bbox 523 3049 2088 3131">
    <p class='ocr_par' dir='ltr' id='par_1_38' title="bbox 523 3049 2088 3131">
     <span class='ocr_line' id='line_1_38' title="bbox 523 3049 2088 3131; baseline 0.015 -37"><span class='ocrx_word' id='word_1_257' title='bbox 523 3054 692 3098; x_wconf 90' lang='lat' dir='ltr'><strong>turea</strong></span> <span class='ocrx_word' id='word_1_258' title='bbox 734 3049 1092 3115; x_wconf 81' lang='lat' dir='ltr'><strong>pronuntiat?</strong></span> <span class='ocrx_word' id='word_1_259' title='bbox 1120 3069 1138 3102; x_wconf 85' lang='grc' dir='ltr'><strong>ι</strong></span> <span class='ocrx_word' id='word_1_260' title='bbox 1166 3049 1467 3122; x_wconf 89' lang='lat' dir='ltr'><strong>Opinamur</strong></span> <span class='ocrx_word' id='word_1_261' title='bbox 1501 3063 1705 3124; x_wconf 90' lang='lat' dir='ltr'><strong>autem,</strong></span> <span class='ocrx_word' id='word_1_262' title='bbox 1743 3074 1918 3131; x_wconf 89' lang='lat' dir='ltr'><strong>neque</strong></span> <span class='ocrx_word' id='word_1_263' title='bbox 1940 3071 2088 3118; x_wconf 88' lang='lat' dir='ltr'><strong>tuam</strong></span> 
     </span>
    </p>
   </div>
   <div class='ocr_carea' id='block_1_39' title="bbox 523 3231 2104 3318">
    <p class='ocr_par' dir='ltr' id='par_1_39' title="bbox 523 3231 2104 3318">
     <span class='ocr_line' id='line_1_39' title="bbox 523 3231 2104 3318; baseline 0.015 -38"><span class='ocrx_word' id='word_1_264' title='bbox 523 3237 578 3281; x_wconf 91' lang='lat' dir='ltr'><strong>et</strong></span> <span class='ocrx_word' id='word_1_265' title='bbox 625 3231 780 3299; x_wconf 89' lang='lat' dir='ltr'><strong>plena</strong></span> <span class='ocrx_word' id='word_1_266' title='bbox 822 3233 1088 3304; x_wconf 85' lang='lat' dir='ltr'><strong>sapientia</strong></span> <span class='ocrx_word' id='word_1_267' title='bbox 1124 3246 1207 3292; x_wconf 83' lang='lat' dir='ltr'><strong>est</strong></span> <span class='ocrx_word' id='word_1_268' title='bbox 1233 3277 1248 3303; x_wconf 92' lang='lat'><strong>,</strong></span> <span class='ocrx_word' id='word_1_269' title='bbox 1286 3254 1386 3294; x_wconf 90' lang='lat' dir='ltr'><strong>nos</strong></span> <span class='ocrx_word' id='word_1_270' title='bbox 1435 3241 1678 3310; x_wconf 87' lang='lat' dir='ltr'><strong>reliquos</strong></span> <span class='ocrx_word' id='word_1_271' title='bbox 1715 3253 1934 3302; x_wconf 88' lang='lat' dir='ltr'><strong>nostros</strong></span> <span class='ocrx_word' id='word_1_272' title='bbox 1986 3250 2104 3318; x_wconf 89' lang='lat' dir='ltr'><strong>epi-</strong></span> 
     </span>
    </p>
   </div>
   <div class='ocr_carea' id='block_1_40' title="bbox 525 3326 2103 3401">
    <p class='ocr_par' dir='ltr' id='par_1_40' title="bbox 525 3326 2103 3401">
     <span class='ocr_line' id='line_1_40' title="bbox 525 3326 2103 3401; baseline 0.013 -27"><span class='ocrx_word' id='word_1_273' title='bbox 525 3337 724 3390; x_wconf 83' lang='lat' dir='ltr'><strong>scopos</strong></span> <span class='ocrx_word' id='word_1_274' title='bbox 749 3326 813 3378; x_wconf 91' lang='lat' dir='ltr'><strong>ad</strong></span> <span class='ocrx_word' id='word_1_275' title='bbox 833 3328 904 3379; x_wconf 88' lang='lat' dir='ltr'><strong>ita</strong></span> <span class='ocrx_word' id='word_1_276' title='bbox 933 3329 1281 3384; x_wconf 87' lang='lat' dir='ltr'><strong>sentiendum</strong></span> <span class='ocrx_word' id='word_1_277' title='bbox 1306 3332 1523 3401; x_wconf 77' lang='lat' dir='ltr'><strong>adigere</strong></span> <span class='ocrx_word' id='word_1_278' title='bbox 1563 3335 1807 3392; x_wconf 84' lang='lat' dir='ltr'><strong>volentes</strong></span> <span class='ocrx_word' id='word_1_279' title='bbox 1861 3353 1969 3393; x_wconf 90' lang='lat' dir='ltr'><strong>non</strong></span> <span class='ocrx_word' id='word_1_280' title='bbox 2001 3340 2103 3395; x_wconf 85' lang='lat' dir='ltr'><strong>levi</strong></span> 
     </span>
    </p>
   </div>
   <div class='ocr_carea' id='block_1_41' title="bbox 529 3415 2104 3492">
    <p class='ocr_par' dir='ltr' id='par_1_41' title="bbox 529 3415 2104 3492">
     <span class='ocr_line' id='line_1_41' title="bbox 529 3415 2104 3492; baseline 0.011 -26"><span class='ocrx_word' id='word_1_281' title='bbox 529 3415 793 3485; x_wconf 90' lang='lat' dir='ltr'><strong>implicari</strong></span> <span class='ocrx_word' id='word_1_282' title='bbox 834 3418 1178 3489; x_wconf 82' lang='lat' dir='ltr'><strong>difﬁcultate,</strong></span> <span class='ocrx_word' id='word_1_283' title='bbox 1213 3424 1354 3492; x_wconf 92' lang='lat' dir='ltr'><strong>quod</strong></span> <span class='ocrx_word' id='word_1_284' title='bbox 1399 3441 1513 3480; x_wconf 90' lang='lat' dir='ltr'><strong>rem</strong></span> <span class='ocrx_word' id='word_1_285' title='bbox 1551 3427 1687 3482; x_wconf 91' lang='lat' dir='ltr'><strong>adeo</strong></span> <span class='ocrx_word' id='word_1_286' title='bbox 1737 3429 1976 3485; x_wconf 87' lang='lat' dir='ltr'><strong>divinam</strong></span> <span class='ocrx_word' id='word_1_287' title='bbox 2029 3432 2104 3486; x_wconf 88' lang='lat' dir='ltr'><strong>ita</strong></span> 
     </span>
    </p>
   </div>
   <div class='ocr_carea' id='block_1_42' title="bbox 529 3511 2107 3592">
    <p class='ocr_par' dir='ltr' id='par_1_42' title="bbox 529 3511 2107 3592">
     <span class='ocr_line' id='line_1_42' title="bbox 529 3511 2107 3592; baseline 0.008 -29"><span class='ocrx_word' id='word_1_288' title='bbox 529 3511 819 3580; x_wconf 86' lang='lat' dir='ltr'><strong>derepente</strong></span> <span class='ocrx_word' id='word_1_289' title='bbox 878 3513 1171 3570; x_wconf 85' lang='lat' dir='ltr'><strong>immutare</strong></span> <span class='ocrx_word' id='word_1_290' title='bbox 1239 3517 1380 3571; x_wconf 89' lang='lat' dir='ltr'><strong>haud</strong></span> <span class='ocrx_word' id='word_1_291' title='bbox 1451 3517 1606 3574; x_wconf 84' lang='lat' dir='ltr'><strong>facile</strong></span> <span class='ocrx_word' id='word_1_292' title='bbox 1666 3520 1899 3576; x_wconf 85' lang='lat' dir='ltr'><strong>valuerit</strong></span> <span class='ocrx_word' id='word_1_293' title='bbox 1953 3523 2107 3592; x_wconf 91' lang='lat' dir='ltr'><strong>quis-</strong></span> 
     </span>
    </p>
   </div>
   <div class='ocr_carea' id='block_1_43' title="bbox 530 3603 2104 3683">
    <p class='ocr_par' dir='ltr' id='par_1_43' title="bbox 530 3603 2104 3683">
     <span class='ocr_line' id='line_1_43' title="bbox 530 3603 2104 3683; baseline 0.01 -29"><span class='ocrx_word' id='word_1_294' title='bbox 530 3603 736 3671; x_wconf 65' lang='lat' dir='ltr'><strong>quam},</strong></span> <span class='ocrx_word' id='word_1_295' title='bbox 771 3604 894 3659; x_wconf 90' lang='lat' dir='ltr'><strong>licet</strong></span> <span class='ocrx_word' id='word_1_296' title='bbox 916 3619 1011 3675; x_wconf 88' lang='lat' dir='ltr'><strong>per</strong></span> <span class='ocrx_word' id='word_1_297' title='bbox 1039 3604 1201 3662; x_wconf 82' lang='lat' dir='ltr'><strong>breve</strong></span> <span class='ocrx_word' id='word_1_298' title='bbox 1233 3615 1446 3676; x_wconf 91' lang='lat' dir='ltr'><strong>tempus</strong></span> <span class='ocrx_word' id='word_1_299' title='bbox 1476 3609 1604 3663; x_wconf 88' lang='lat' dir='ltr'><strong>illud</strong></span> <span class='ocrx_word' id='word_1_300' title='bbox 1637 3609 1850 3666; x_wconf 91' lang='lat' dir='ltr'><strong>initium</strong></span> <span class='ocrx_word' id='word_1_301' title='bbox 1884 3617 2104 3683; x_wconf 86' lang='lat' dir='ltr'><strong>ceperit,</strong></span> 
     </span>
    </p>
   </div>
   <div class='ocr_carea' id='block_1_44' title="bbox 535 3695 2107 3768">
    <p class='ocr_par' dir='ltr' id='par_1_44' title="bbox 535 3695 2107 3768">
     <span class='ocr_line' id='line_1_44' title="bbox 535 3695 2107 3768; baseline 0.009 -19"><span class='ocrx_word' id='word_1_302' title='bbox 535 3711 634 3750; x_wconf 92' lang='lat' dir='ltr'><strong>nec</strong></span> <span class='ocrx_word' id='word_1_303' title='bbox 665 3695 958 3751; x_wconf 88' lang='lat' dir='ltr'><strong>multorum</strong></span> <span class='ocrx_word' id='word_1_304' title='bbox 991 3711 1260 3752; x_wconf 88' lang='lat' dir='ltr'><strong>annorum</strong></span> <span class='ocrx_word' id='word_1_305' title='bbox 1315 3702 1494 3768; x_wconf 90' lang='lat' dir='ltr'><strong>spatio</strong></span> <span class='ocrx_word' id='word_1_306' title='bbox 1525 3700 1838 3758; x_wconf 86' lang='lat' dir='ltr'><strong>ﬁrmitatem</strong></span> <span class='ocrx_word' id='word_1_307' title='bbox 1854 3707 2107 3763; x_wconf 90' lang='lat' dir='ltr'><strong>obtinue-</strong></span> 
     </span>
    </p>
   </div>
   <div class='ocr_carea' id='block_1_45' title="bbox 535 3789 2107 3867">
    <p class='ocr_par' dir='ltr' id='par_1_45' title="bbox 535 3789 2107 3867">
     <span class='ocr_line' id='line_1_45' title="bbox 535 3789 2107 3867; baseline 0.01 -27"><span class='ocrx_word' id='word_1_308' title='bbox 535 3789 625 3842; x_wconf 90' lang='lat' dir='ltr'><strong>rit.</strong></span> <span class='ocrx_word' id='word_1_309' title='bbox 653 3789 951 3858; x_wconf 90' lang='lat' dir='ltr'><strong>Propterea</strong></span> <span class='ocrx_word' id='word_1_310' title='bbox 982 3791 1142 3847; x_wconf 88' lang='lat' dir='ltr'><strong>nobis</strong></span> <span class='ocrx_word' id='word_1_311' title='bbox 1167 3793 1301 3848; x_wconf 90' lang='lat' dir='ltr'><strong>bene</strong></span> <span class='ocrx_word' id='word_1_312' title='bbox 1333 3794 1510 3849; x_wconf 91' lang='lat' dir='ltr'><strong>visum</strong></span> <span class='ocrx_word' id='word_1_313' title='bbox 1548 3803 1652 3860; x_wconf 92' lang='lat' dir='ltr'><strong>est,</strong></span> <span class='ocrx_word' id='word_1_314' title='bbox 1695 3813 1761 3852; x_wconf 91' lang='lat' dir='ltr'><strong>ue</strong></span> <span class='ocrx_word' id='word_1_315' title='bbox 1789 3800 1912 3867; x_wconf 86' lang='lat' dir='ltr'><strong>quis</strong></span> <span class='ocrx_word' id='word_1_316' title='bbox 1984 3801 2032 3854; x_wconf 85' lang='lat' dir='ltr'><strong>vi</strong></span> <span class='ocrx_word' id='word_1_317' title='bbox 2079 3817 2107 3855; x_wconf 92' lang='lat' dir='ltr'><strong>a</strong></span> 
     </span>
    </p>
   </div>
   <div class='ocr_carea' id='block_1_46' title="bbox 537 3881 2107 3962">
    <p class='ocr_par' dir='ltr' id='par_1_46' title="bbox 537 3881 2107 3962">
     <span class='ocr_line' id='line_1_46' title="bbox 537 3881 2107 3962; baseline 0.01 -29"><span class='ocrx_word' id='word_1_318' title='bbox 537 3881 696 3937; x_wconf 85' lang='lat' dir='ltr'><strong>nobis</strong></span> <span class='ocrx_word' id='word_1_319' title='bbox 733 3882 1038 3938; x_wconf 88' lang='lat' dir='ltr'><strong>adducatur</strong></span> <span class='ocrx_word' id='word_1_320' title='bbox 1091 3885 1357 3941; x_wconf 87' lang='lat' dir='ltr'><strong>desistere</strong></span> <span class='ocrx_word' id='word_1_321' title='bbox 1388 3887 1456 3942; x_wconf 90' lang='lat' dir='ltr'><strong>ab</strong></span> <span class='ocrx_word' id='word_1_322' title='bbox 1517 3888 1910 3956; x_wconf 88' lang='lat' dir='ltr'><strong>additamento,</strong></span> <span class='ocrx_word' id='word_1_323' title='bbox 1965 3893 2107 3962; x_wconf 90' lang='lat' dir='ltr'><strong>quod</strong></span> 
     </span>
    </p>
   </div>
   <div class='ocr_carea' id='block_1_47' title="bbox 537 3973 2109 4054">
    <p class='ocr_par' dir='ltr' id='par_1_47' title="bbox 537 3973 2109 4054">
     <span class='ocr_line' id='line_1_47' title="bbox 537 3973 2109 4054; baseline 0.008 -28"><span class='ocrx_word' id='word_1_324' title='bbox 537 3976 592 4027; x_wconf 92' lang='lat' dir='ltr'><strong>in</strong></span> <span class='ocrx_word' id='word_1_325' title='bbox 616 3974 864 4045; x_wconf 87' lang='lat' dir='ltr'><strong>symbolo</strong></span> <span class='ocrx_word' id='word_1_326' title='bbox 889 3973 1002 4045; x_wconf 88' lang='lat' dir='ltr'><strong>jam</strong></span> <span class='ocrx_word' id='word_1_327' title='bbox 1041 3977 1316 4046; x_wconf 90' lang='lat' dir='ltr'><strong>apposuit,</strong></span> <span class='ocrx_word' id='word_1_328' title='bbox 1350 3978 1444 4034; x_wconf 86' lang='lat' dir='ltr'><strong>sed</strong></span> <span class='ocrx_word' id='word_1_329' title='bbox 1477 3979 1660 4048; x_wconf 88' lang='lat' dir='ltr'><strong>potius</strong></span> <span class='ocrx_word' id='word_1_330' title='bbox 1691 3997 1818 4036; x_wconf 94' lang='lat' dir='ltr'><strong>cum</strong></span> <span class='ocrx_word' id='word_1_331' title='bbox 1875 3985 2109 4054; x_wconf 79' lang='lat' dir='ltr'><strong>pruden-</strong></span> 
     </span>
    </p>
   </div>
   <div class='ocr_carea' id='block_1_48' title="bbox 538 4067 2107 4144">
    <p class='ocr_par' dir='ltr' id='par_1_48' title="bbox 538 4067 2107 4144">
     <span class='ocr_line' id='line_1_48' title="bbox 538 4067 2107 4144; baseline 0.008 -26"><span class='ocrx_word' id='word_1_332' title='bbox 538 4067 609 4119; x_wconf 90' lang='lat' dir='ltr'><strong>tia</strong></span> <span class='ocrx_word' id='word_1_333' title='bbox 635 4082 944 4136; x_wconf 69' lang='lat' dir='ltr'><strong>praaparare</strong></span> <span class='ocrx_word' id='word_1_334' title='bbox 1000 4069 1259 4136; x_wconf 86' lang='lat' dir='ltr'><strong>paulatim</strong></span> <span class='ocrx_word' id='word_1_335' title='bbox 1314 4069 1668 4128; x_wconf 85' lang='lat' dir='ltr'><strong>adhortantes</strong></span> <span class='ocrx_word' id='word_1_336' title='bbox 1711 4074 2107 4144; x_wconf 85' lang='lat' dir='ltr'><strong>blasphemiam</strong></span> 
     </span>
    </p>
   </div>
   <div class='ocr_carea' id='block_1_49' title="bbox 537 4157 2112 4232">
    <p class='ocr_par' dir='ltr' id='par_1_49' title="bbox 537 4157 2112 4232">
     <span class='ocr_line' id='line_1_49' title="bbox 537 4157 2112 4232; baseline 0.006 -22"><span class='ocrx_word' id='word_1_337' title='bbox 537 4157 814 4228; x_wconf 71' lang='lat' dir='ltr'><strong>abiurare.</strong></span> <span class='ocrx_word' id='word_1_338' title='bbox 859 4159 1072 4214; x_wconf 80' lang='lat' dir='ltr'><strong>Pascite</strong></span> <span class='ocrx_word' id='word_1_339' title='bbox 1100 4162 1236 4214; x_wconf 81' lang='lat' dir='ltr'><strong>enim</strong></span> <span class='ocrx_word' id='word_1_340' title='bbox 1261 4178 1464 4231; x_wconf 84' lang='lat' dir='ltr'><strong>gregem</strong></span> <span class='ocrx_word' id='word_1_341' title='bbox 1501 4165 1590 4232; x_wconf 84' lang='lat' dir='ltr'><strong>qui</strong></span> <span class='ocrx_word' id='word_1_342' title='bbox 1619 4165 1672 4217; x_wconf 88' lang='lat' dir='ltr'><strong>in</strong></span> <span class='ocrx_word' id='word_1_343' title='bbox 1699 4166 1841 4220; x_wconf 83' lang='lat' dir='ltr'><strong>vobis</strong></span> <span class='ocrx_word' id='word_1_344' title='bbox 1873 4175 1974 4230; x_wconf 85' lang='lat' dir='ltr'><strong>est,</strong></span> <span class='ocrx_word' id='word_1_345' title='bbox 2007 4183 2112 4220; x_wconf 86' lang='lat' dir='ltr'><strong>non</strong></span> 
     </span>
    </p>
   </div>
   <div class='ocr_carea' id='block_1_50' title="bbox 536 4251 2112 4324">
    <p class='ocr_par' dir='ltr' id='par_1_50' title="bbox 536 4251 2112 4324">
     <span class='ocr_line' id='line_1_50' title="bbox 536 4251 2112 4324; baseline 0.003 -16"><span class='ocrx_word' id='word_1_346' title='bbox 536 4253 811 4315; x_wconf 80' lang='lat' dir='ltr'><strong>violenter,</strong></span> <span class='ocrx_word' id='word_1_347' title='bbox 865 4251 955 4306; x_wconf 74' lang='lat' dir='ltr'><strong>sed</strong></span> <span class='ocrx_word' id='word_1_348' title='bbox 986 4254 1192 4319; x_wconf 80' lang='lat' dir='ltr'><strong>leniter,</strong></span> <span class='ocrx_word' id='word_1_349' title='bbox 1230 4270 1391 4322; x_wconf 82' lang='lat' dir='ltr'><strong>neque</strong></span> <span class='ocrx_word' id='word_1_350' title='bbox 1429 4255 1506 4306; x_wconf 86' lang='lat' dir='ltr'><strong>uti</strong></span> <span class='ocrx_word' id='word_1_351' title='bbox 1541 4256 1679 4308; x_wconf 84' lang='lat' dir='ltr'><strong>clero</strong></span> <span class='ocrx_word' id='word_1_352' title='bbox 1720 4258 2112 4324; x_wconf 74' lang='lat' dir='ltr'><strong>prwdominan-</strong></span> 
     </span>
    </p>
   </div>
   <div class='ocr_carea' id='block_1_51' title="bbox 538 4345 2112 4416">
    <p class='ocr_par' dir='ltr' id='par_1_51' title="bbox 538 4345 2112 4416">
     <span class='ocr_line' id='line_1_51' title="bbox 538 4345 2112 4416; baseline 0.003 -18"><span class='ocrx_word' id='word_1_353' title='bbox 538 4357 638 4407; x_wconf 77' lang='lat' dir='ltr'><strong>tes,</strong></span> <span class='ocrx_word' id='word_1_354' title='bbox 674 4345 766 4397; x_wconf 85' lang='lat' dir='ltr'><strong>sed</strong></span> <span class='ocrx_word' id='word_1_355' title='bbox 799 4345 976 4414; x_wconf 78' lang='lat' dir='ltr'><strong>[arma</strong></span> <span class='ocrx_word' id='word_1_356' title='bbox 1036 4347 1208 4413; x_wconf 79' lang='lat' dir='ltr'><strong>gregis</strong></span> <span class='ocrx_word' id='word_1_357' title='bbox 1250 4354 1298 4398; x_wconf 82' lang='lat' dir='ltr'><strong>et</strong></span> <span class='ocrx_word' id='word_1_358' title='bbox 1353 4347 1678 4416; x_wconf 67' lang='lat' dir='ltr'><strong>exemplaria</strong></span> <span class='ocrx_word' id='word_1_359' title='bbox 1747 4349 1900 4415; x_wconf 76' lang='lat' dir='ltr'><strong>facti,</strong></span> <span class='ocrx_word' id='word_1_360' title='bbox 1964 4367 2112 4404; x_wconf 60' lang='lat' dir='ltr'><strong>sum.</strong></span> 
     </span>
    </p>
   </div>
   <div class='ocr_carea' id='block_1_52' title="bbox 2173 943 3749 1024">
    <p class='ocr_par' dir='ltr' id='par_1_52' title="bbox 2173 943 3749 1024">
     <span class='ocr_line' id='line_1_52' title="bbox 2173 943 3749 1024; baseline -0.01 -16"><span class='ocrx_word' id='word_1_361' title='bbox 2173 973 2258 1024; x_wconf 85' lang='grc' dir='ltr'><strong>γει</strong></span> <span class='ocrx_word' id='word_1_362' title='bbox 2285 953 2576 1022; x_wconf 70' lang='grc' dir='ltr'>επιστολὴν</span> <span class='ocrx_word' id='word_1_363' title='bbox 2611 951 2703 1003; x_wconf 81' lang='grc' dir='ltr'>τοῦ</span> <span class='ocrx_word' id='word_1_364' title='bbox 2737 949 3048 1017; x_wconf 86' lang='grc' dir='ltr'>ἀγιωτάτου</span> <span class='ocrx_word' id='word_1_365' title='bbox 3081 947 3284 1000; x_wconf 80' lang='grc' dir='ltr'>πάππα</span> <span class='ocrx_word' id='word_1_366' title='bbox 3321 943 3595 1004; x_wconf 83' lang='grc' dir='ltr'>Ἰωάννου,</span> <span class='ocrx_word' id='word_1_367' title='bbox 3626 943 3749 994; x_wconf 87' lang='grc' dir='ltr'>καί-</span> 
     </span>
    </p>
   </div>
   <div class='ocr_carea' id='block_1_53' title="bbox 2174 1033 3750 1112">
    <p class='ocr_par' dir='ltr' id='par_1_53' title="bbox 2174 1033 3750 1112">
     <span class='ocr_line' id='line_1_53' title="bbox 2174 1033 3750 1112; baseline -0.01 -11"><span class='ocrx_word' id='word_1_368' title='bbox 2174 1067 2257 1101; x_wconf 95' lang='grc' dir='ltr'><strong>τοι</strong></span> <span class='ocrx_word' id='word_1_369' title='bbox 2287 1063 2351 1112; x_wconf 88' lang='grc' dir='ltr'><strong>γε</strong></span> <span class='ocrx_word' id='word_1_370' title='bbox 2389 1046 2524 1098; x_wconf 79' lang='grc' dir='ltr'>πολὺ</span> <span class='ocrx_word' id='word_1_371' title='bbox 2580 1045 2642 1097; x_wconf 84' lang='grc' dir='ltr'><strong>τδ</strong></span> <span class='ocrx_word' id='word_1_372' title='bbox 2695 1043 2940 1096; x_wconf 79' lang='grc' dir='ltr'>ὕποπτον</span> <span class='ocrx_word' id='word_1_373' title='bbox 2973 1040 3207 1111; x_wconf 73' lang='grc' dir='ltr'>ἔχουσαν</span> <span class='ocrx_word' id='word_1_374' title='bbox 3243 1037 3332 1091; x_wconf 80' lang='grc' dir='ltr'>διὰ</span> <span class='ocrx_word' id='word_1_375' title='bbox 3363 1036 3424 1089; x_wconf 81' lang='grc' dir='ltr'>τὸ</span> <span class='ocrx_word' id='word_1_376' title='bbox 3456 1033 3597 1090; x_wconf 78' lang='grc' dir='ltr'>εἶναι</span> <span class='ocrx_word' id='word_1_377' title='bbox 3623 1035 3750 1102; x_wconf 81' lang='grc' dir='ltr'>ὃλην</span> 
     </span>
    </p>
   </div>
   <div class='ocr_carea' id='block_1_54' title="bbox 2175 1125 3752 1208">
    <p class='ocr_par' dir='ltr' id='par_1_54' title="bbox 2175 1125 3752 1208">
     <span class='ocr_line' id='line_1_54' title="bbox 2175 1125 3752 1208; baseline -0.011 -17"><span class='ocrx_word' id='word_1_378' title='bbox 2175 1139 2241 1192; x_wconf 85' lang='grc' dir='ltr'><strong>δι’</strong></span> <span class='ocrx_word' id='word_1_379' title='bbox 2262 1139 2385 1192; x_wconf 84' lang='grc' dir='ltr'>ὅλου</span> <span class='ocrx_word' id='word_1_380' title='bbox 2424 1136 2501 1208; x_wconf 78' lang='grc'><strong>(5)</strong></span> <span class='ocrx_word' id='word_1_381' title='bbox 2539 1136 2862 1204; x_wconf 83' lang='grc' dir='ltr'>Ἑλληνικὴν</span> <span class='ocrx_word' id='word_1_382' title='bbox 2891 1133 2994 1203; x_wconf 75' lang='grc' dir='ltr'>τὴν</span> <span class='ocrx_word' id='word_1_383' title='bbox 3032 1131 3255 1200; x_wconf 79' lang='grc' dir='ltr'>γραφὴν</span> <span class='ocrx_word' id='word_1_384' title='bbox 3285 1129 3381 1182; x_wconf 66' lang='grc' dir='ltr'>καὶ</span> <span class='ocrx_word' id='word_1_385' title='bbox 3411 1127 3580 1196; x_wconf 78' lang='grc' dir='ltr'>μηδὲν</span> <span class='ocrx_word' id='word_1_386' title='bbox 3608 1125 3752 1195; x_wconf 77' lang='grc' dir='ltr'>ἔχειν</span> 
     </span>
    </p>
   </div>
   <div class='ocr_carea' id='block_1_55' title="bbox 2177 1217 3754 1298">
    <p class='ocr_par' dir='ltr' id='par_1_55' title="bbox 2177 1217 3754 1298">
     <span class='ocr_line' id='line_1_55' title="bbox 2177 1217 3754 1298; baseline -0.01 -15"><span class='ocrx_word' id='word_1_387' title='bbox 2177 1233 2234 1284; x_wconf 82' lang='grc' dir='ltr'>ὲν</span> <span class='ocrx_word' id='word_1_388' title='bbox 2285 1232 2449 1298; x_wconf 79' lang='grc' dir='ltr'>ἑαυτῇ</span> <span class='ocrx_word' id='word_1_389' title='bbox 2489 1228 2685 1298; x_wconf 67' lang='lat' dir='ltr'><strong>usth</strong></span> <span class='ocrx_word' id='word_1_390' title='bbox 2736 1245 2788 1280; x_wconf 87' lang='grc' dir='ltr'><strong>τι</strong></span> <span class='ocrx_word' id='word_1_391' title='bbox 2827 1227 2937 1296; x_wconf 75' lang='grc'>-(4)</span> <span class='ocrx_word' id='word_1_392' title='bbox 2993 1223 3309 1278; x_wconf 82' lang='grc' dir='ltr'>Λατινικόν.</span> <span class='ocrx_word' id='word_1_393' title='bbox 3360 1220 3574 1281; x_wconf 80' lang='grc' dir='ltr'>Ἀλλως</span> <span class='ocrx_word' id='word_1_394' title='bbox 3606 1235 3668 1270; x_wconf 90' lang='grc' dir='ltr'><strong>τε</strong></span> <span class='ocrx_word' id='word_1_395' title='bbox 3698 1217 3754 1268; x_wconf 79' lang='grc' dir='ltr'>ἐν</span> 
     </span>
    </p>
   </div>
   <div class='ocr_carea' id='block_1_56' title="bbox 2179 1307 3756 1390">
    <p class='ocr_par' dir='ltr' id='par_1_56' title="bbox 2179 1307 3756 1390">
     <span class='ocr_line' id='line_1_56' title="bbox 2179 1307 3756 1390; baseline -0.008 -17"><span class='ocrx_word' id='word_1_396' title='bbox 2179 1322 2353 1389; x_wconf 84' lang='grc' dir='ltr'>ταύτῃ</span> <span class='ocrx_word' id='word_1_397' title='bbox 2383 1322 2448 1390; x_wconf 78' lang='grc' dir='ltr'><strong>τῇ</strong></span> <span class='ocrx_word' id='word_1_398' title='bbox 2485 1318 2692 1388; x_wconf 81' lang='grc' dir='ltr'>συνόδῳ</span> <span class='ocrx_word' id='word_1_399' title='bbox 2721 1316 2937 1388; x_wconf 85' lang='grc' dir='ltr'>πρῶτον</span> <span class='ocrx_word' id='word_1_400' title='bbox 2965 1313 3198 1384; x_wconf 79' lang='grc' dir='ltr'>ὤφειλεν</span> <span class='ocrx_word' id='word_1_401' title='bbox 3231 1311 3369 1379; x_wconf 75' lang='grc' dir='ltr'>αὕτη</span> <span class='ocrx_word' id='word_1_402' title='bbox 3403 1307 3756 1376; x_wconf 81' lang='grc' dir='ltr'>ἀναγνωσθῆ-</span> 
     </span>
    </p>
   </div>
   <div class='ocr_carea' id='block_1_57' title="bbox 2180 1397 3849 1474">
    <p class='ocr_par' dir='ltr' id='par_1_57' title="bbox 2180 1397 3849 1474">
     <span class='ocr_line' id='line_1_57' title="bbox 2180 1397 3849 1474; baseline -0.01 -11"><span class='ocrx_word' id='word_1_403' title='bbox 2180 1428 2291 1474; x_wconf 94' lang='grc' dir='ltr'>ναι,</span> <span class='ocrx_word' id='word_1_404' title='bbox 2329 1404 2452 1462; x_wconf 77' lang='grc' dir='ltr'>εἷτα</span> <span class='ocrx_word' id='word_1_405' title='bbox 2487 1408 2744 1474; x_wconf 79' lang='grc' dir='ltr'>δέξασθαι</span> <span class='ocrx_word' id='word_1_406' title='bbox 2774 1407 2867 1459; x_wconf 78' lang='grc' dir='ltr'><strong>τὸν</strong></span> <span class='ocrx_word' id='word_1_407' title='bbox 2903 1402 3110 1458; x_wconf 77' lang='grc' dir='ltr'>Φώτιον</span> <span class='ocrx_word' id='word_1_408' title='bbox 3147 1402 3216 1455; x_wconf 82' lang='grc' dir='ltr'><strong>τὰ</strong></span> <span class='ocrx_word' id='word_1_409' title='bbox 3246 1400 3632 1469; x_wconf 76' lang='grc' dir='ltr'>ἐγχειρίζοντα</span> <span class='ocrx_word' id='word_1_410' title='bbox 3661 1397 3761 1466; x_wconf 77' lang='grc' dir='ltr'>τὴν</span> <span class='ocrx_word' id='word_1_411' title='bbox 3839 1452 3849 1460; x_wconf 45' lang='grc' dir='ltr'><strong>ο</strong></span> 
     </span>
    </p>
   </div>
   <div class='ocr_carea' id='block_1_58' title="bbox 2182 1489 3756 1568">
    <p class='ocr_par' dir='ltr' id='par_1_58' title="bbox 2182 1489 3756 1568">
     <span class='ocr_line' id='line_1_58' title="bbox 2182 1489 3756 1568; baseline -0.008 -16"><span class='ocrx_word' id='word_1_412' title='bbox 2182 1499 2452 1568; x_wconf 74' lang='grc' dir='ltr'><strong>καθέδραν</strong></span> <span class='ocrx_word' id='word_1_413' title='bbox 2503 1495 3161 1558; x_wconf 79' lang='grc' dir='ltr'>Κωνσταντινουπόλεως.</span> <span class='ocrx_word' id='word_1_414' title='bbox 3209 1494 3284 1546; x_wconf 81' lang='grc' dir='ltr'>Τὸ</span> <span class='ocrx_word' id='word_1_415' title='bbox 3330 1492 3390 1546; x_wconf 70' lang='grc' dir='ltr'>δὲ</span> <span class='ocrx_word' id='word_1_416' title='bbox 3440 1491 3540 1560; x_wconf 87' lang='grc' dir='ltr'><strong>ούχ</strong></span> <span class='ocrx_word' id='word_1_417' title='bbox 3586 1489 3756 1548; x_wconf 71' lang='grc' dir='ltr'>οὕτως</span> 
     </span>
    </p>
   </div>
   <div class='ocr_carea' id='block_1_59' title="bbox 2183 1586 3758 1660">
    <p class='ocr_par' dir='ltr' id='par_1_59' title="bbox 2183 1586 3758 1660">
     <span class='ocr_line' id='line_1_59' title="bbox 2183 1586 3758 1660; baseline -0.007 -14"><span class='ocrx_word' id='word_1_418' title='bbox 2183 1593 2434 1660; x_wconf 74' lang='grc' dir='ltr'>ἐγένετο·</span> <span class='ocrx_word' id='word_1_419' title='bbox 2471 1591 2588 1644; x_wconf 72' lang='grc' dir='ltr'><strong>ἀλλ⁹</strong></span> <span class='ocrx_word' id='word_1_420' title='bbox 2639 1593 2755 1660; x_wconf 73' lang='grc' dir='ltr'>ἅμα</span> <span class='ocrx_word' id='word_1_421' title='bbox 2785 1589 2864 1659; x_wconf 85' lang='grc' dir='ltr'><strong>τῷ</strong></span> <span class='ocrx_word' id='word_1_422' title='bbox 2899 1588 3313 1659; x_wconf 80' lang='grc' dir='ltr'><strong>παραγενέσθαι</strong></span> <span class='ocrx_word' id='word_1_423' title='bbox 3359 1586 3489 1648; x_wconf 78' lang='grc' dir='ltr'>τοὺς</span> <span class='ocrx_word' id='word_1_424' title='bbox 3522 1600 3758 1651; x_wconf 81' lang='grc' dir='ltr'>τοποτη-</span> 
     </span>
    </p>
   </div>
   <div class='ocr_carea' id='block_1_60' title="bbox 2186 1677 3761 1754">
    <p class='ocr_par' dir='ltr' id='par_1_60' title="bbox 2186 1677 3761 1754">
     <span class='ocr_line' id='line_1_60' title="bbox 2186 1677 3761 1754; baseline -0.006 -17"><span class='ocrx_word' id='word_1_425' title='bbox 2186 1685 2355 1754; x_wconf 81' lang='grc' dir='ltr'>ρητάς</span> <span class='ocrx_word' id='word_1_426' title='bbox 2384 1683 2479 1738; x_wconf 81' lang='grc' dir='ltr'><strong>τοῦ</strong></span> <span class='ocrx_word' id='word_1_427' title='bbox 2513 1683 2714 1736; x_wconf 81' lang='grc' dir='ltr'>πάππα</span> <span class='ocrx_word' id='word_1_428' title='bbox 2748 1683 2844 1736; x_wconf 76' lang='grc' dir='ltr'>καὶ</span> <span class='ocrx_word' id='word_1_429' title='bbox 2891 1682 2968 1752; x_wconf 82' lang='grc' dir='ltr'>τῷ</span> <span class='ocrx_word' id='word_1_430' title='bbox 3003 1681 3193 1749; x_wconf 80' lang='grc' dir='ltr'>Φωτίῳ</span> <span class='ocrx_word' id='word_1_431' title='bbox 3245 1679 3471 1748; x_wconf 83' lang='grc' dir='ltr'>κομίσαι</span> <span class='ocrx_word' id='word_1_432' title='bbox 3515 1677 3586 1730; x_wconf 80' lang='grc' dir='ltr'>τὰ</span> <span class='ocrx_word' id='word_1_433' title='bbox 3635 1693 3761 1728; x_wconf 84' lang='grc' dir='ltr'>στα-</span> 
     </span>
    </p>
   </div>
   <div class='ocr_carea' id='block_1_61' title="bbox 2189 1767 3762 1843">
    <p class='ocr_par' dir='ltr' id='par_1_61' title="bbox 2189 1767 3762 1843">
     <span class='ocr_line' id='line_1_61' title="bbox 2189 1767 3762 1843; baseline -0.006 -15"><span class='ocrx_word' id='word_1_434' title='bbox 2189 1776 2368 1841; x_wconf 86' lang='grc' dir='ltr'>λέντα,</span> <span class='ocrx_word' id='word_1_435' title='bbox 2405 1776 2464 1828; x_wconf 89' lang='grc' dir='ltr'><strong>τό</strong></span> <span class='ocrx_word' id='word_1_436' title='bbox 2511 1792 2569 1828; x_wconf 89' lang='grc' dir='ltr'><strong>τε</strong></span> <span class='ocrx_word' id='word_1_437' title='bbox 2606 1775 2924 1843; x_wconf 83' lang='grc' dir='ltr'>ὠμοφόριον</span> <span class='ocrx_word' id='word_1_438' title='bbox 2982 1772 3078 1826; x_wconf 79' lang='grc' dir='ltr'>καὶ</span> <span class='ocrx_word' id='word_1_439' title='bbox 3124 1771 3184 1824; x_wconf 83' lang='grc' dir='ltr'>τὸ</span> <span class='ocrx_word' id='word_1_440' title='bbox 3219 1770 3502 1840; x_wconf 86' lang='grc' dir='ltr'>στιχάριον</span> <span class='ocrx_word' id='word_1_441' title='bbox 3546 1767 3645 1820; x_wconf 75' lang='grc' dir='ltr'>καὶ</span> <span class='ocrx_word' id='word_1_442' title='bbox 3695 1768 3762 1818; x_wconf 72' lang='grc' dir='ltr'>τὰ</span> 
     </span>
    </p>
   </div>
   <div class='ocr_carea' id='block_1_62' title="bbox 2196 1859 3765 1934">
    <p class='ocr_par' dir='ltr' id='par_1_62' title="bbox 2196 1859 3765 1934">
     <span class='ocr_line' id='line_1_62' title="bbox 2196 1859 3765 1934; baseline -0.004 -16"><span class='ocrx_word' id='word_1_443' title='bbox 2196 1866 2448 1918; x_wconf 75' lang='grc' dir='ltr'>σανδάλια</span> <span class='ocrx_word' id='word_1_444' title='bbox 2479 1865 2754 1934; x_wconf 77' lang='grc' dir='ltr'><strong>μηδεμιᾶς</strong></span> <span class='ocrx_word' id='word_1_445' title='bbox 2772 1862 3235 1934; x_wconf 79' lang='grc' dir='ltr'>προηγησαμένης</span> <span class='ocrx_word' id='word_1_446' title='bbox 3259 1863 3582 1929; x_wconf 74' lang='grc' dir='ltr'>ἐξετάσεως,</span> <span class='ocrx_word' id='word_1_447' title='bbox 3602 1859 3765 1921; x_wconf 75' lang='grc' dir='ltr'>εὐθὺς</span> 
     </span>
    </p>
   </div>
   <div class='ocr_carea' id='block_1_63' title="bbox 2194 1950 3763 2023">
    <p class='ocr_par' dir='ltr' id='par_1_63' title="bbox 2194 1950 3763 2023">
     <span class='ocr_line' id='line_1_63' title="bbox 2194 1950 3763 2023; baseline -0.006 -13"><span class='ocrx_word' id='word_1_448' title='bbox 2194 1959 2222 2010; x_wconf 79' lang='grc' dir='ltr'><strong>ό</strong></span> <span class='ocrx_word' id='word_1_449' title='bbox 2251 1957 2454 2020; x_wconf 76' lang='grc' dir='ltr'>Φώτιος</span> <span class='ocrx_word' id='word_1_450' title='bbox 2487 1957 2732 2010; x_wconf 79' lang='grc' dir='ltr'><strong>δέδεκται</strong></span> <span class='ocrx_word' id='word_1_451' title='bbox 2765 1956 2967 2018; x_wconf 77' lang='grc' dir='ltr'>αὐτοὺς</span> <span class='ocrx_word' id='word_1_452' title='bbox 2998 1957 3094 2010; x_wconf 77' lang='grc' dir='ltr'>καὶ</span> <span class='ocrx_word' id='word_1_453' title='bbox 3122 1955 3192 2008; x_wconf 79' lang='grc' dir='ltr'><strong>τὰ</strong></span> <span class='ocrx_word' id='word_1_454' title='bbox 3226 1953 3558 2023; x_wconf 78' lang='grc' dir='ltr'>κομισθέντα</span> <span class='ocrx_word' id='word_1_455' title='bbox 3590 1950 3763 2021; x_wconf 83' lang='grc' dir='ltr'>αὐτῷ,</span> 
     </span>
    </p>
   </div>
   <div class='ocr_carea' id='block_1_64' title="bbox 2193 2041 3767 2118">
    <p class='ocr_par' dir='ltr' id='par_1_64' title="bbox 2193 2041 3767 2118">
     <span class='ocr_line' id='line_1_64' title="bbox 2193 2041 3767 2118; baseline -0.004 -18"><span class='ocrx_word' id='word_1_456' title='bbox 2193 2049 2271 2110; x_wconf 81' lang='grc' dir='ltr'><strong>ὡς</strong></span> <span class='ocrx_word' id='word_1_457' title='bbox 2304 2047 2373 2101; x_wconf 81' lang='grc' dir='ltr'><strong>τὰ</strong></span> <span class='ocrx_word' id='word_1_458' title='bbox 2409 2047 2697 2118; x_wconf 79' lang='grc' dir='ltr'>Πρακτικά</span> <span class='ocrx_word' id='word_1_459' title='bbox 2743 2048 2843 2115; x_wconf 85' lang='grc' dir='ltr'>τῆς</span> <span class='ocrx_word' id='word_1_460' title='bbox 2890 2045 3110 2099; x_wconf 86' lang='grc' dir='ltr'>συνόδου</span> <span class='ocrx_word' id='word_1_461' title='bbox 3161 2043 3368 2113; x_wconf 79' lang='grc' dir='ltr'><strong>ταύτης</strong></span> <span class='ocrx_word' id='word_1_462' title='bbox 3423 2041 3767 2113; x_wconf 82' lang='grc' dir='ltr'>μαρτυροῦσι</span> 
     </span>
    </p>
   </div>
   <div class='ocr_carea' id='block_1_65' title="bbox 2197 2135 3768 2212">
    <p class='ocr_par' dir='ltr' id='par_1_65' title="bbox 2197 2135 3768 2212">
     <span class='ocr_line' id='line_1_65' title="bbox 2197 2135 3768 2212; baseline -0.005 -19"><span class='ocrx_word' id='word_1_463' title='bbox 2197 2142 2290 2194; x_wconf 80' lang='grc' dir='ltr'>καὶ</span> <span class='ocrx_word' id='word_1_464' title='bbox 2331 2142 2415 2206; x_wconf 84' lang='grc' dir='ltr'><strong>τδ,</strong></span> <span class='ocrx_word' id='word_1_465' title='bbox 2453 2159 2473 2193; x_wconf 76' lang='grc' dir='ltr'><strong>ι</strong></span> <span class='ocrx_word' id='word_1_466' title='bbox 2519 2139 2759 2212; x_wconf 85' lang='grc' dir='ltr'>Χριστὸς</span> <span class='ocrx_word' id='word_1_467' title='bbox 2789 2140 2818 2193; x_wconf 84' lang='grc' dir='ltr'><strong>δ</strong></span> <span class='ocrx_word' id='word_1_468' title='bbox 2850 2139 2985 2203; x_wconf 78' lang='grc' dir='ltr'>Θεὸς</span> <span class='ocrx_word' id='word_1_469' title='bbox 3013 2138 3196 2209; x_wconf 80' lang='grc' dir='ltr'>ήμῶν,</span> <span class='ocrx_word' id='word_1_470' title='bbox 3228 2139 3424 2200; x_wconf 77' lang='grc' dir='ltr'>εἰπεῖν,</span> <span class='ocrx_word' id='word_1_471' title='bbox 3459 2140 3487 2190; x_wconf 90' lang='grc' dir='ltr'><strong>ό</strong></span> <span class='ocrx_word' id='word_1_472' title='bbox 3517 2135 3768 2203; x_wconf 80' lang='grc' dir='ltr'>νεφέλαις</span> 
     </span>
    </p>
   </div>
   <div class='ocr_carea' id='block_1_66' title="bbox 2197 2225 3769 2306">
    <p class='ocr_par' dir='ltr' id='par_1_66' title="bbox 2197 2225 3769 2306">
     <span class='ocr_line' id='line_1_66' title="bbox 2197 2225 3769 2306; baseline -0.006 -20"><span class='ocrx_word' id='word_1_473' title='bbox 2197 2234 2288 2288; x_wconf 77' lang='grc' dir='ltr'>τὸν</span> <span class='ocrx_word' id='word_1_474' title='bbox 2344 2235 2577 2306; x_wconf 81' lang='grc' dir='ltr'>οὐρανὸν</span> <span class='ocrx_word' id='word_1_475' title='bbox 2633 2231 2977 2302; x_wconf 81' lang='grc' dir='ltr'>περιϐάλλων</span> <span class='ocrx_word' id='word_1_476' title='bbox 3028 2231 3126 2284; x_wconf 77' lang='grc' dir='ltr'>καὶ</span> <span class='ocrx_word' id='word_1_477' title='bbox 3159 2230 3258 2302; x_wconf 76' lang='grc' dir='ltr'>τὴν</span> <span class='ocrx_word' id='word_1_478' title='bbox 3289 2227 3567 2300; x_wconf 78' lang='grc' dir='ltr'>ἡμετέραν</span> <span class='ocrx_word' id='word_1_479' title='bbox 3605 2225 3769 2294; x_wconf 85' lang='grc' dir='ltr'>φύσιν</span> 
     </span>
    </p>
   </div>
   <div class='ocr_carea' id='block_1_67' title="bbox 2195 2315 3772 2394">
    <p class='ocr_par' dir='ltr' id='par_1_67' title="bbox 2195 2315 3772 2394">
     <span class='ocr_line' id='line_1_67' title="bbox 2195 2315 3772 2394; baseline -0.008 -16"><span class='ocrx_word' id='word_1_480' title='bbox 2195 2324 2573 2394; x_wconf 79' lang='grc' dir='ltr'>ἀναχωνεῦσαι</span> <span class='ocrx_word' id='word_1_481' title='bbox 2627 2323 2720 2378; x_wconf 72' lang='grc' dir='ltr'>καὶ</span> <span class='ocrx_word' id='word_1_482' title='bbox 2746 2322 2985 2392; x_wconf 81' lang='grc' dir='ltr'>καθᾶραι</span> <span class='ocrx_word' id='word_1_483' title='bbox 3021 2321 3098 2393; x_wconf 83' lang='grc'>(5)</span> <span class='ocrx_word' id='word_1_484' title='bbox 3131 2319 3538 2388; x_wconf 87' lang='grc' dir='ltr'>στολισάμενος,</span> <span class='ocrx_word' id='word_1_485' title='bbox 3609 2315 3772 2377; x_wconf 65' lang='grc' dir='ltr'>αὐτὸς</span> 
     </span>
    </p>
   </div>
   <div class='ocr_carea' id='block_1_68' title="bbox 2198 2411 3774 2486">
    <p class='ocr_par' dir='ltr' id='par_1_68' title="bbox 2198 2411 3774 2486">
     <span class='ocr_line' id='line_1_68' title="bbox 2198 2411 3774 2486; baseline -0.005 -16"><span class='ocrx_word' id='word_1_486' title='bbox 2198 2417 2288 2470; x_wconf 66' lang='grc' dir='ltr'><strong>τόν</strong></span> <span class='ocrx_word' id='word_1_487' title='bbox 2311 2417 2537 2485; x_wconf 77' lang='grc' dir='ltr'>ἀδελφὸν</span> <span class='ocrx_word' id='word_1_488' title='bbox 2564 2417 2658 2470; x_wconf 71' lang='grc' dir='ltr'><strong>κει)⁵</strong></span> <span class='ocrx_word' id='word_1_489' title='bbox 2682 2416 3100 2486; x_wconf 82' lang='grc' dir='ltr'>συλλειτουργδν</span> <span class='ocrx_word' id='word_1_490' title='bbox 3129 2415 3222 2468; x_wconf 69' lang='grc' dir='ltr'>καὶ</span> <span class='ocrx_word' id='word_1_491' title='bbox 3249 2412 3626 2484; x_wconf 73' lang='grc' dir='ltr'>πνευματικὸν</span> <span class='ocrx_word' id='word_1_492' title='bbox 3659 2411 3774 2463; x_wconf 86' lang='grc' dir='ltr'><strong>Πα-</strong></span> 
     </span>
    </p>
   </div>
   <div class='ocr_carea' id='block_1_69' title="bbox 2195 2502 3776 2579">
    <p class='ocr_par' dir='ltr' id='par_1_69' title="bbox 2195 2502 3776 2579">
     <span class='ocr_line' id='line_1_69' title="bbox 2195 2502 3776 2579; baseline -0.004 -18"><span class='ocrx_word' id='word_1_493' title='bbox 2195 2509 2332 2577; x_wconf 85' lang='grc' dir='ltr'>τέρα</span> <span class='ocrx_word' id='word_1_494' title='bbox 2359 2508 2540 2579; x_wconf 79' lang='grc' dir='ltr'>ἡμῶν,</span> <span class='ocrx_word' id='word_1_495' title='bbox 2572 2510 2669 2562; x_wconf 81' lang='grc' dir='ltr'>καὶ</span> <span class='ocrx_word' id='word_1_496' title='bbox 2697 2509 2756 2562; x_wconf 63' lang='grc' dir='ltr'>ἐν</span> <span class='ocrx_word' id='word_1_497' title='bbox 2789 2509 2865 2577; x_wconf 83' lang='grc' dir='ltr'>τῷ</span> <span class='ocrx_word' id='word_1_498' title='bbox 2893 2508 3124 2578; x_wconf 87' lang='grc' dir='ltr'>παρόντι</span> <span class='ocrx_word' id='word_1_499' title='bbox 3156 2505 3256 2577; x_wconf 87' lang='grc' dir='ltr'><strong>βίῳ</strong></span> <span class='ocrx_word' id='word_1_500' title='bbox 3288 2504 3536 2574; x_wconf 81' lang='grc' dir='ltr'>φρουρὰν</span> <span class='ocrx_word' id='word_1_501' title='bbox 3565 2502 3776 2557; x_wconf 77' lang='grc' dir='ltr'>ἄσυλον</span> 
     </span>
    </p>
   </div>
   <div class='ocr_carea' id='block_1_70' title="bbox 2199 2594 3773 2671">
    <p class='ocr_par' dir='ltr' id='par_1_70' title="bbox 2199 2594 3773 2671">
     <span class='ocr_line' id='line_1_70' title="bbox 2199 2594 3773 2671; baseline -0.005 -17"><span class='ocrx_word' id='word_1_502' title='bbox 2199 2602 2296 2654; x_wconf 77' lang='grc' dir='ltr'>καὶ</span> <span class='ocrx_word' id='word_1_503' title='bbox 2351 2603 2629 2671; x_wconf 86' lang='grc' dir='ltr'>σωτηρίαν</span> <span class='ocrx_word' id='word_1_504' title='bbox 2679 2599 2900 2668; x_wconf 82' lang='grc' dir='ltr'>ἀσφαλῆ</span> <span class='ocrx_word' id='word_1_505' title='bbox 2955 2598 3224 2662; x_wconf 88' lang='grc' dir='ltr'>στολίσαι,</span> <span class='ocrx_word' id='word_1_506' title='bbox 3253 2598 3356 2650; x_wconf 89' lang='grc' dir='ltr'><strong>κάν</strong></span> <span class='ocrx_word' id='word_1_507' title='bbox 3384 2596 3464 2666; x_wconf 83' lang='grc' dir='ltr'><strong>τῷ</strong></span> <span class='ocrx_word' id='word_1_508' title='bbox 3519 2594 3773 2664; x_wconf 86' lang='grc' dir='ltr'>μελλόντι</span> 
     </span>
    </p>
   </div>
   <div class='ocr_carea' id='block_1_71' title="bbox 2199 2687 3775 2764">
    <p class='ocr_par' dir='ltr' id='par_1_71' title="bbox 2199 2687 3775 2764">
     <span class='ocr_line' id='line_1_71' title="bbox 2199 2687 3775 2764; baseline -0.004 -19"><span class='ocrx_word' id='word_1_509' title='bbox 2199 2693 2354 2745; x_wconf 81' lang='grc' dir='ltr'>αἰῶνι</span> <span class='ocrx_word' id='word_1_510' title='bbox 2403 2692 2493 2746; x_wconf 81' lang='grc' dir='ltr'>τὸν</span> <span class='ocrx_word' id='word_1_511' title='bbox 2542 2692 2811 2760; x_wconf 82' lang='grc' dir='ltr'>νυμφικδν</span> <span class='ocrx_word' id='word_1_512' title='bbox 2865 2690 3192 2764; x_wconf 81' lang='grc' dir='ltr'>περιϐάλλοι</span> <span class='ocrx_word' id='word_1_513' title='bbox 3226 2689 3428 2759; x_wconf 85' lang='grc' dir='ltr'>χιτῶνα</span> <span class='ocrx_word' id='word_1_514' title='bbox 3469 2687 3626 2750; x_wconf 76' lang='grc' dir='ltr'>ἀξιον</span> <span class='ocrx_word' id='word_1_515' title='bbox 3683 2687 3775 2740; x_wconf 81' lang='grc' dir='ltr'><strong>τοῦ</strong></span> 
     </span>
    </p>
   </div>
   <div class='ocr_carea' id='block_1_72' title="bbox 2202 2780 3775 2855">
    <p class='ocr_par' dir='ltr' id='par_1_72' title="bbox 2202 2780 3775 2855">
     <span class='ocr_line' id='line_1_72' title="bbox 2202 2780 3775 2855; baseline -0.006 -17"><span class='ocrx_word' id='word_1_516' title='bbox 2202 2784 2472 2855; x_wconf 83' lang='grc' dir='ltr'>μακαρίου</span> <span class='ocrx_word' id='word_1_517' title='bbox 2515 2784 2726 2837; x_wconf 73' lang='grc' dir='ltr'>ἐκείνου</span> <span class='ocrx_word' id='word_1_518' title='bbox 2763 2783 3053 2853; x_wconf 79' lang='grc' dir='ltr'>νυμφῶνος</span> <span class='ocrx_word' id='word_1_519' title='bbox 3087 2782 3358 2846; x_wconf 83' lang='grc' dir='ltr'>ἀναδεῖξαι</span> <span class='ocrx_word' id='word_1_520' title='bbox 3389 2780 3492 2851; x_wconf 85' lang='grc'>(6).</span> <span class='ocrx_word' id='word_1_521' title='bbox 3533 2799 3552 2830; x_wconf 69' lang='grc' dir='ltr'><strong>ι</strong></span> <span class='ocrx_word' id='word_1_522' title='bbox 3625 2780 3775 2832; x_wconf 84' lang='grc' dir='ltr'>Ἔδει</span> 
     </span>
    </p>
   </div>
   <div class='ocr_carea' id='block_1_73' title="bbox 2199 2874 3776 2955">
    <p class='ocr_par' dir='ltr' id='par_1_73' title="bbox 2199 2874 3776 2955">
     <span class='ocr_line' id='line_1_73' title="bbox 2199 2874 3776 2955; baseline -0.004 -25"><span class='ocrx_word' id='word_1_523' title='bbox 2199 2876 2292 2930; x_wconf 83' lang='grc' dir='ltr'>οὖν</span> <span class='ocrx_word' id='word_1_524' title='bbox 2335 2877 2600 2946; x_wconf 83' lang='grc' dir='ltr'>πρότερον</span> <span class='ocrx_word' id='word_1_525' title='bbox 2643 2876 2700 2928; x_wconf 71' lang='grc' dir='ltr'>ιν</span> <span class='ocrx_word' id='word_1_526' title='bbox 2734 2875 2896 2945; x_wconf 84' lang='grc' dir='ltr'>κοινῷ</span> <span class='ocrx_word' id='word_1_527' title='bbox 2947 2876 3025 2946; x_wconf 81' lang='grc'><strong>(7)</strong></span> <span class='ocrx_word' id='word_1_528' title='bbox 3078 2874 3395 2942; x_wconf 86' lang='grc' dir='ltr'>ἀναγνῶναι</span> <span class='ocrx_word' id='word_1_529' title='bbox 3423 2875 3523 2955; x_wconf 66' lang='grc' dir='ltr'>τὴν</span> <span class='ocrx_word' id='word_1_530' title='bbox 3552 2874 3776 2925; x_wconf 78' lang='grc' dir='ltr'>ἐπιστο-</span> 
     </span>
    </p>
   </div>
   <div class='ocr_carea' id='block_1_74' title="bbox 2198 2966 3838 3039">
    <p class='ocr_par' dir='ltr' id='par_1_74' title="bbox 2198 2966 3838 3039">
     <span class='ocr_line' id='line_1_74' title="bbox 2198 2966 3838 3039; baseline -0.003 -17"><span class='ocrx_word' id='word_1_531' title='bbox 2198 2969 2297 3039; x_wconf 75' lang='grc' dir='ltr'>λὴν</span> <span class='ocrx_word' id='word_1_532' title='bbox 2327 2969 2422 3024; x_wconf 70' lang='grc' dir='ltr'>καὶ</span> <span class='ocrx_word' id='word_1_533' title='bbox 2451 2969 2548 3039; x_wconf 86' lang='grc' dir='ltr'>τὴν</span> <span class='ocrx_word' id='word_1_534' title='bbox 2580 2969 2876 3038; x_wconf 78' lang='grc' dir='ltr'>ὁμολογίαν</span> <span class='ocrx_word' id='word_1_535' title='bbox 2900 2969 3011 3022; x_wconf 88' lang='grc' dir='ltr'><strong>τῶν</strong></span> <span class='ocrx_word' id='word_1_536' title='bbox 3040 2966 3325 3039; x_wconf 80' lang='grc' dir='ltr'>πρέσϐειον</span> <span class='ocrx_word' id='word_1_537' title='bbox 3360 2967 3647 3036; x_wconf 74' lang='grc' dir='ltr'>ἔγγραφον</span> <span class='ocrx_word' id='word_1_538' title='bbox 3679 2966 3778 3018; x_wconf 85' lang='grc' dir='ltr'>λα·</span> <span class='ocrx_word' id='word_1_539' title='bbox 3830 2993 3838 3001; x_wconf 91' lang='grc'><strong>-</strong></span> 
     </span>
    </p>
   </div>
   <div class='ocr_carea' id='block_1_75' title="bbox 2203 3055 3782 3129">
    <p class='ocr_par' dir='ltr' id='par_1_75' title="bbox 2203 3055 3782 3129">
     <span class='ocr_line' id='line_1_75' title="bbox 2203 3055 3782 3129; baseline -0.004 -14"><span class='ocrx_word' id='word_1_540' title='bbox 2203 3062 2342 3128; x_wconf 82' lang='grc' dir='ltr'>ϐεῖν,</span> <span class='ocrx_word' id='word_1_541' title='bbox 2367 3062 2458 3114; x_wconf 71' lang='grc' dir='ltr'>καὶ</span> <span class='ocrx_word' id='word_1_542' title='bbox 2481 3061 2619 3114; x_wconf 82' lang='grc' dir='ltr'>οὕτω</span> <span class='ocrx_word' id='word_1_543' title='bbox 2639 3063 2709 3114; x_wconf 87' lang='grc' dir='ltr'><strong>τά</strong></span> <span class='ocrx_word' id='word_1_544' title='bbox 2724 3060 2825 3129; x_wconf 82' lang='grc' dir='ltr'>τὴν</span> <span class='ocrx_word' id='word_1_545' title='bbox 2851 3059 2946 3113; x_wconf 82' lang='grc' dir='ltr'><strong>τοῦ</strong></span> <span class='ocrx_word' id='word_1_546' title='bbox 2979 3061 3169 3128; x_wconf 85' lang='grc' dir='ltr'>θρόνου</span> <span class='ocrx_word' id='word_1_547' title='bbox 3193 3062 3288 3113; x_wconf 76' lang='grc' dir='ltr'>καὶ</span> <span class='ocrx_word' id='word_1_548' title='bbox 3315 3060 3412 3127; x_wconf 84' lang='grc' dir='ltr'>τῆς</span> <span class='ocrx_word' id='word_1_549' title='bbox 3435 3055 3782 3128; x_wconf 84' lang='grc' dir='ltr'>ἀρχιερωσύ-</span> 
     </span>
    </p>
   </div>
   <div class='ocr_carea' id='block_1_76' title="bbox 1317 3149 2092 3223">
    <p class='ocr_par' dir='ltr' id='par_1_76' title="bbox 1317 3155 2092 3223">
     <span class='ocr_line' id='line_1_76' title="bbox 1317 3155 2092 3223; baseline 0.015 -24"><span class='ocrx_word' id='word_1_550' title='bbox 1317 3155 1578 3218; x_wconf 89' lang='lat' dir='ltr'><strong>tanquam</strong></span> <span class='ocrx_word' id='word_1_551' title='bbox 1666 3165 1788 3219; x_wconf 68' lang='lat' dir='ltr'><strong>qua:</strong></span> <span class='ocrx_word' id='word_1_552' title='bbox 1864 3155 2092 3223; x_wconf 77' lang='lat' dir='ltr'><strong>prudens</strong></span> 
     </span>
    </p>
   </div>
   <div class='ocr_carea' id='block_1_77' title="bbox 2197 3149 3781 3223">
    <p class='ocr_par' dir='ltr' id='par_1_77' title="bbox 2204 3149 3781 3222">
     <span class='ocr_line' id='line_1_77' title="bbox 2204 3149 3781 3222; baseline -0.004 -16"><span class='ocrx_word' id='word_1_553' title='bbox 2204 3171 2300 3222; x_wconf 91' lang='grc' dir='ltr'><strong>νης</strong></span> <span class='ocrx_word' id='word_1_554' title='bbox 2325 3152 2657 3222; x_wconf 82' lang='grc' dir='ltr'>ἀνακήρυξιν</span> <span class='ocrx_word' id='word_1_555' title='bbox 2678 3152 2940 3221; x_wconf 81' lang='grc' dir='ltr'>δηλοῦντα</span> <span class='ocrx_word' id='word_1_556' title='bbox 2962 3151 3242 3215; x_wconf 81' lang='grc' dir='ltr'>δέξασθαι.</span> <span class='ocrx_word' id='word_1_557' title='bbox 3287 3149 3479 3218; x_wconf 86' lang='grc' dir='ltr'>Ὅμως</span> <span class='ocrx_word' id='word_1_558' title='bbox 3500 3165 3565 3216; x_wconf 87' lang='grc' dir='ltr'><strong>γε</strong></span> <span class='ocrx_word' id='word_1_559' title='bbox 3592 3150 3781 3217; x_wconf 80' lang='grc' dir='ltr'>μέντοι</span> 
     </span>
    </p>
   </div>
   <div class='ocr_carea' id='block_1_78' title="bbox 2208 3241 3784 3319">
    <p class='ocr_par' dir='ltr' id='par_1_78' title="bbox 2208 3241 3784 3319">
     <span class='ocr_line' id='line_1_78' title="bbox 2208 3241 3784 3319; baseline -0.005 -19"><span class='ocrx_word' id='word_1_560' title='bbox 2208 3248 2370 3319; x_wconf 80' lang='grc' dir='ltr'>ἡμεῖς</span> <span class='ocrx_word' id='word_1_561' title='bbox 2401 3248 2476 3310; x_wconf 84' lang='grc' dir='ltr'><strong>ὡς</strong></span> <span class='ocrx_word' id='word_1_562' title='bbox 2507 3245 2898 3315; x_wconf 81' lang='grc' dir='ltr'>οἰκουμενικὴν</span> <span class='ocrx_word' id='word_1_563' title='bbox 2932 3244 3150 3297; x_wconf 85' lang='grc' dir='ltr'>σύνοδον</span> <span class='ocrx_word' id='word_1_564' title='bbox 3182 3244 3354 3314; x_wconf 81' lang='grc' dir='ltr'>αὐτὴν</span> <span class='ocrx_word' id='word_1_565' title='bbox 3387 3241 3664 3312; x_wconf 78' lang='grc' dir='ltr'>δεξόμεθα</span> <span class='ocrx_word' id='word_1_566' title='bbox 3685 3242 3784 3294; x_wconf 85' lang='grc' dir='ltr'>ἀσ-</span> 
     </span>
    </p>
   </div>
   <div class='ocr_carea' id='block_1_79' title="bbox 2209 3331 3783 3410">
    <p class='ocr_par' dir='ltr' id='par_1_79' title="bbox 2209 3331 3783 3410">
     <span class='ocr_line' id='line_1_79' title="bbox 2209 3331 3783 3410; baseline -0.004 -18"><span class='ocrx_word' id='word_1_567' title='bbox 2209 3340 2533 3410; x_wconf 77' lang='grc' dir='ltr'>μενέστατα,</span> <span class='ocrx_word' id='word_1_568' title='bbox 2559 3336 2820 3398; x_wconf 78' lang='grc' dir='ltr'>ὡσαύτως</span> <span class='ocrx_word' id='word_1_569' title='bbox 2852 3335 2930 3405; x_wconf 90' lang='grc'><strong>(8)</strong></span> <span class='ocrx_word' id='word_1_570' title='bbox 2960 3337 3055 3390; x_wconf 71' lang='grc' dir='ltr'>καὶ</span> <span class='ocrx_word' id='word_1_571' title='bbox 3084 3334 3182 3404; x_wconf 85' lang='grc' dir='ltr'>τὴν</span> <span class='ocrx_word' id='word_1_572' title='bbox 3210 3333 3523 3402; x_wconf 78' lang='grc' dir='ltr'>ἐπιστολήν.</span> <span class='ocrx_word' id='word_1_573' title='bbox 3595 3332 3669 3386; x_wconf 89' lang='grc' dir='ltr'><strong>Τί</strong></span> <span class='ocrx_word' id='word_1_574' title='bbox 3691 3331 3783 3385; x_wconf 80' lang='grc' dir='ltr'>οὖν</span> 
     </span>
    </p>
   </div>
   <div class='ocr_carea' id='block_1_80' title="bbox 2207 3423 3787 3500">
    <p class='ocr_par' dir='ltr' id='par_1_80' title="bbox 2207 3423 3787 3500">
     <span class='ocr_line' id='line_1_80' title="bbox 2207 3423 3787 3500; baseline -0.003 -19"><span class='ocrx_word' id='word_1_575' title='bbox 2207 3446 2374 3500; x_wconf 91' lang='grc' dir='ltr'>φησιν</span> <span class='ocrx_word' id='word_1_576' title='bbox 2410 3428 2586 3499; x_wconf 73' lang='grc' dir='ltr'>αὖτης</span> <span class='ocrx_word' id='word_1_577' title='bbox 2645 3447 2666 3478; x_wconf 84' lang='grc' dir='ltr'><strong>ι.</strong></span> <span class='ocrx_word' id='word_1_578' title='bbox 2708 3428 2949 3496; x_wconf 82' lang='grc' dir='ltr'>Οἰόμεθα</span> <span class='ocrx_word' id='word_1_579' title='bbox 2977 3425 3034 3479; x_wconf 80' lang='grc' dir='ltr'>δὲ</span> <span class='ocrx_word' id='word_1_580' title='bbox 3071 3426 3208 3495; x_wconf 81' lang='grc' dir='ltr'>μηδὲ</span> <span class='ocrx_word' id='word_1_581' title='bbox 3238 3426 3334 3494; x_wconf 77' lang='grc' dir='ltr'>τὴν</span> <span class='ocrx_word' id='word_1_582' title='bbox 3371 3423 3469 3492; x_wconf 76' lang='grc' dir='ltr'>σὴν</span> <span class='ocrx_word' id='word_1_583' title='bbox 3496 3487 3498 3490; x_wconf 19' lang='grc' dir='ltr'>ν</span> <span class='ocrx_word' id='word_1_584' title='bbox 3526 3423 3787 3493; x_wconf 86' lang='grc' dir='ltr'>ίερότητα</span> 
     </span>
    </p>
   </div>
   <div class='ocr_carea' id='block_1_81' title="bbox 2207 3515 3784 3590">
    <p class='ocr_par' dir='ltr' id='par_1_81' title="bbox 2207 3515 3784 3590">
     <span class='ocr_line' id='line_1_81' title="bbox 2207 3515 3784 3590; baseline -0.005 -15"><span class='ocrx_word' id='word_1_585' title='bbox 2207 3523 2422 3590; x_wconf 85' lang='grc' dir='ltr'>ἀγνοεῖν</span> <span class='ocrx_word' id='word_1_586' title='bbox 2457 3523 2532 3585; x_wconf 84' lang='grc' dir='ltr'>ὡς</span> <span class='ocrx_word' id='word_1_587' title='bbox 2589 3517 2755 3573; x_wconf 77' lang='grc' dir='ltr'>οὖσαν</span> <span class='ocrx_word' id='word_1_588' title='bbox 2796 3519 3024 3588; x_wconf 83' lang='grc' dir='ltr'>νουνεχῆ</span> <span class='ocrx_word' id='word_1_589' title='bbox 3059 3535 3119 3570; x_wconf 90' lang='grc' dir='ltr'><strong>τε</strong></span> <span class='ocrx_word' id='word_1_590' title='bbox 3171 3519 3265 3570; x_wconf 77' lang='grc' dir='ltr'>καὶ</span> <span class='ocrx_word' id='word_1_591' title='bbox 3321 3516 3503 3585; x_wconf 84' lang='grc' dir='ltr'>πλήρη</span> <span class='ocrx_word' id='word_1_592' title='bbox 3562 3515 3784 3583; x_wconf 84' lang='grc' dir='ltr'>σοφίας,</span> 
     </span>
    </p>
   </div>
   <div class='ocr_carea' id='block_1_82' title="bbox 2208 3606 3787 3677">
    <p class='ocr_par' dir='ltr' id='par_1_82' title="bbox 2208 3606 3787 3677">
     <span class='ocr_line' id='line_1_82' title="bbox 2208 3606 3787 3677; baseline -0.006 -13"><span class='ocrx_word' id='word_1_593' title='bbox 2208 3613 2290 3666; x_wconf 84' lang='grc' dir='ltr'>ὅτι</span> <span class='ocrx_word' id='word_1_594' title='bbox 2336 3628 2394 3664; x_wconf 83' lang='grc' dir='ltr'><strong>τε</strong></span> <span class='ocrx_word' id='word_1_595' title='bbox 2447 3613 2572 3672; x_wconf 86' lang='grc' dir='ltr'>τοὺς</span> <span class='ocrx_word' id='word_1_596' title='bbox 2621 3608 2843 3672; x_wconf 77' lang='grc' dir='ltr'>λοιποὺς</span> <span class='ocrx_word' id='word_1_597' title='bbox 2900 3607 3058 3677; x_wconf 81' lang='grc' dir='ltr'>ἡμῶν</span> <span class='ocrx_word' id='word_1_598' title='bbox 3114 3607 3449 3668; x_wconf 74' lang='grc' dir='ltr'>ἐπισκόπους</span> <span class='ocrx_word' id='word_1_599' title='bbox 3501 3606 3787 3657; x_wconf 81' lang='grc' dir='ltr'>καταπεῖ-</span> 
     </span>
    </p>
   </div>
   <div class='ocr_carea' id='block_1_83' title="bbox 2212 3695 3787 3771">
    <p class='ocr_par' dir='ltr' id='par_1_83' title="bbox 2212 3695 3787 3771">
     <span class='ocr_line' id='line_1_83' title="bbox 2212 3695 3787 3771; baseline -0.006 -14"><span class='ocrx_word' id='word_1_600' title='bbox 2212 3722 2299 3757; x_wconf 87' lang='grc' dir='ltr'><strong>σαι</strong></span> <span class='ocrx_word' id='word_1_601' title='bbox 2331 3702 2473 3756; x_wconf 81' lang='grc' dir='ltr'>οὓτω</span> <span class='ocrx_word' id='word_1_602' title='bbox 2509 3702 2726 3770; x_wconf 80' lang='grc' dir='ltr'>φρονεῖν</span> <span class='ocrx_word' id='word_1_603' title='bbox 2784 3703 2863 3765; x_wconf 86' lang='grc' dir='ltr'><strong>είς</strong></span> <span class='ocrx_word' id='word_1_604' title='bbox 2914 3697 3238 3771; x_wconf 77' lang='grc' dir='ltr'>δυσχέρειαν</span> <span class='ocrx_word' id='word_1_605' title='bbox 3298 3699 3430 3766; x_wconf 81' lang='grc' dir='ltr'>ἡμῖν</span> <span class='ocrx_word' id='word_1_606' title='bbox 3477 3696 3538 3748; x_wconf 84' lang='grc' dir='ltr'>οὐ</span> <span class='ocrx_word' id='word_1_607' title='bbox 3579 3695 3787 3765; x_wconf 74' lang='grc' dir='ltr'>μικρὰν</span> 
     </span>
    </p>
   </div>
   <div class='ocr_carea' id='block_1_84' title="bbox 2211 3789 3788 3866">
    <p class='ocr_par' dir='ltr' id='par_1_84' title="bbox 2211 3789 3788 3866">
     <span class='ocr_line' id='line_1_84' title="bbox 2211 3789 3788 3866; baseline -0.006 -16"><span class='ocrx_word' id='word_1_608' title='bbox 2211 3798 2496 3866; x_wconf 71' lang='grc' dir='ltr'>ἐμπίπτει,</span> <span class='ocrx_word' id='word_1_609' title='bbox 2541 3796 2622 3848; x_wconf 86' lang='grc' dir='ltr'><strong>δτι</strong></span> <span class='ocrx_word' id='word_1_610' title='bbox 2672 3793 2904 3865; x_wconf 79' lang='grc' dir='ltr'>πρᾶγμά</span> <span class='ocrx_word' id='word_1_611' title='bbox 2947 3810 3000 3847; x_wconf 86' lang='grc' dir='ltr'><strong>τι</strong></span> <span class='ocrx_word' id='word_1_612' title='bbox 3054 3791 3331 3861; x_wconf 86' lang='grc' dir='ltr'>θειότερον</span> <span class='ocrx_word' id='word_1_613' title='bbox 3380 3789 3525 3842; x_wconf 72' lang='grc' dir='ltr'>οὕτω</span> <span class='ocrx_word' id='word_1_614' title='bbox 3570 3790 3788 3858; x_wconf 82' lang='grc' dir='ltr'>ταχέως</span> 
     </span>
    </p>
   </div>
   <div class='ocr_carea' id='block_1_85' title="bbox 2213 3879 3793 3959">
    <p class='ocr_par' dir='ltr' id='par_1_85' title="bbox 2213 3879 3793 3959">
     <span class='ocr_line' id='line_1_85' title="bbox 2213 3879 3793 3959; baseline -0.007 -19"><span class='ocrx_word' id='word_1_615' title='bbox 2213 3887 2540 3959; x_wconf 86' lang='grc' dir='ltr'>μεταϐαλεῖν</span> <span class='ocrx_word' id='word_1_616' title='bbox 2595 3886 2774 3947; x_wconf 66' lang='grc' dir='ltr'>οὐδεὶς</span> <span class='ocrx_word' id='word_1_617' title='bbox 2825 3884 2890 3938; x_wconf 82' lang='grc' dir='ltr'>ἂν</span> <span class='ocrx_word' id='word_1_618' title='bbox 2949 3883 3187 3945; x_wconf 82' lang='grc' dir='ltr'>εὐκόλως</span> <span class='ocrx_word' id='word_1_619' title='bbox 3249 3880 3531 3951; x_wconf 84' lang='grc' dir='ltr'>δυνηθείη,</span> <span class='ocrx_word' id='word_1_620' title='bbox 3589 3879 3641 3931; x_wconf 89' lang='grc' dir='ltr'>εἰ</span> <span class='ocrx_word' id='word_1_621' title='bbox 3695 3879 3793 3931; x_wconf 74' lang='grc' dir='ltr'>καὶ</span> 
     </span>
    </p>
   </div>
   <div class='ocr_carea' id='block_1_86' title="bbox 2214 3970 3800 4052">
    <p class='ocr_par' dir='ltr' id='par_1_86' title="bbox 2214 3970 3800 4052">
     <span class='ocr_line' id='line_1_86' title="bbox 2214 3970 3800 4052; baseline -0.008 -19"><span class='ocrx_word' id='word_1_622' title='bbox 2214 3981 2408 4052; x_wconf 82' lang='grc' dir='ltr'>βραχεῖ</span> <span class='ocrx_word' id='word_1_623' title='bbox 2460 3978 2636 4049; x_wconf 81' lang='grc' dir='ltr'>χρόνῳ</span> <span class='ocrx_word' id='word_1_624' title='bbox 2694 3977 2794 4045; x_wconf 80' lang='grc' dir='ltr'><strong>τὴν</strong></span> <span class='ocrx_word' id='word_1_625' title='bbox 2849 3975 3068 4046; x_wconf 79' lang='grc' dir='ltr'>εναρξιν</span> <span class='ocrx_word' id='word_1_626' title='bbox 3127 3974 3342 4042; x_wconf 78' lang='grc' dir='ltr'>εἴληφε,</span> <span class='ocrx_word' id='word_1_627' title='bbox 3395 3973 3492 4026; x_wconf 68' lang='grc' dir='ltr'>καὶ</span> <span class='ocrx_word' id='word_1_628' title='bbox 3521 3971 3623 4023; x_wconf 80' lang='grc' dir='ltr'>οὐκ</span> <span class='ocrx_word' id='word_1_629' title='bbox 3672 3970 3800 4026; x_wconf 67' lang='grc' dir='ltr'>ἔστι</span> 
     </span>
    </p>
   </div>
   <div class='ocr_carea' id='block_1_87' title="bbox 2214 4062 3793 4140">
    <p class='ocr_par' dir='ltr' id='par_1_87' title="bbox 2214 4062 3793 4140">
     <span class='ocr_line' id='line_1_87' title="bbox 2214 4062 3793 4140; baseline -0.006 -14"><span class='ocrx_word' id='word_1_630' title='bbox 2214 4070 2497 4140; x_wconf 84' lang='grc' dir='ltr'>παγιωθὲν</span> <span class='ocrx_word' id='word_1_631' title='bbox 2551 4071 2612 4122; x_wconf 84' lang='grc' dir='ltr'>ὲκ</span> <span class='ocrx_word' id='word_1_632' title='bbox 2660 4069 2876 4121; x_wconf 86' lang='grc' dir='ltr'>πολλῶν</span> <span class='ocrx_word' id='word_1_633' title='bbox 2952 4066 3241 4121; x_wconf 80' lang='grc' dir='ltr'>ἐνιαυτῶν.</span> <span class='ocrx_word' id='word_1_634' title='bbox 3301 4065 3414 4119; x_wconf 58' lang='grc' dir='ltr'><strong>Καὶ⁵</strong></span> <span class='ocrx_word' id='word_1_635' title='bbox 3473 4063 3561 4116; x_wconf 75' lang='grc' dir='ltr'>διὰ</span> <span class='ocrx_word' id='word_1_636' title='bbox 3613 4062 3793 4116; x_wconf 81' lang='grc' dir='ltr'>ταῦτα</span> 
     </span>
    </p>
   </div>
   <div class='ocr_carea' id='block_1_88' title="bbox 2214 4153 3790 4230">
    <p class='ocr_par' dir='ltr' id='par_1_88' title="bbox 2214 4153 3790 4230">
     <span class='ocr_line' id='line_1_88' title="bbox 2214 4153 3790 4230; baseline -0.004 -18"><span class='ocrx_word' id='word_1_637' title='bbox 2214 4163 2396 4225; x_wconf 82' lang='grc' dir='ltr'>καλῶς</span> <span class='ocrx_word' id='word_1_638' title='bbox 2430 4160 2608 4226; x_wconf 78' lang='grc' dir='ltr'>ἔδοξεν</span> <span class='ocrx_word' id='word_1_639' title='bbox 2648 4161 2802 4230; x_wconf 77' lang='grc' dir='ltr'>ἡμῖν,</span> <span class='ocrx_word' id='word_1_640' title='bbox 2842 4158 2929 4211; x_wconf 80' lang='grc' dir='ltr'>ἵνα</span> <span class='ocrx_word' id='word_1_641' title='bbox 2989 4157 3064 4228; x_wconf 84' lang='grc' dir='ltr'><strong>μὴ</strong></span> <span class='ocrx_word' id='word_1_642' title='bbox 3104 4157 3243 4227; x_wconf 85' lang='grc' dir='ltr'>μετὰ</span> <span class='ocrx_word' id='word_1_643' title='bbox 3297 4154 3418 4225; x_wconf 89' lang='grc' dir='ltr'>βίας</span> <span class='ocrx_word' id='word_1_644' title='bbox 3465 4153 3790 4222; x_wconf 81' lang='grc' dir='ltr'>ἀναγκασθῇ</span> 
     </span>
    </p>
   </div>
   <div class='ocr_carea' id='block_1_89' title="bbox 2211 4244 3790 4322">
    <p class='ocr_par' dir='ltr' id='par_1_89' title="bbox 2211 4244 3790 4322">
     <span class='ocr_line' id='line_1_89' title="bbox 2211 4244 3790 4322; baseline -0.006 -16"><span class='ocrx_word' id='word_1_645' title='bbox 2211 4271 2296 4316; x_wconf 86' lang='grc' dir='ltr'><strong>τις</strong></span> <span class='ocrx_word' id='word_1_646' title='bbox 2349 4253 2481 4322; x_wconf 86' lang='grc' dir='ltr'>παρ’</span> <span class='ocrx_word' id='word_1_647' title='bbox 2533 4251 2692 4320; x_wconf 81' lang='grc' dir='ltr'>ἡμῶν</span> <span class='ocrx_word' id='word_1_648' title='bbox 2743 4251 2902 4302; x_wconf 80' lang='grc' dir='ltr'>ἐᾶσαι</span> <span class='ocrx_word' id='word_1_649' title='bbox 2976 4249 3075 4319; x_wconf 77' lang='grc' dir='ltr'><strong>τὴν</strong></span> <span class='ocrx_word' id='word_1_650' title='bbox 3126 4248 3467 4318; x_wconf 82' lang='grc' dir='ltr'>προσθήκην,</span> <span class='ocrx_word' id='word_1_651' title='bbox 3518 4246 3584 4316; x_wconf 72' lang='grc' dir='ltr'>ἣν</span> <span class='ocrx_word' id='word_1_652' title='bbox 3621 4244 3790 4313; x_wconf 77' lang='grc' dir='ltr'>ἐφθα-</span> 
     </span>
    </p>
   </div>
   <div class='ocr_carea' id='block_1_90' title="bbox 2215 4336 3795 4415">
    <p class='ocr_par' dir='ltr' id='par_1_90' title="bbox 2215 4336 3795 4415">
     <span class='ocr_line' id='line_1_90' title="bbox 2215 4336 3795 4415; baseline -0.008 -17"><span class='ocrx_word' id='word_1_653' title='bbox 2215 4362 2306 4398; x_wconf 88' lang='grc' dir='ltr'><strong>σεν</strong></span> <span class='ocrx_word' id='word_1_654' title='bbox 2359 4345 2436 4415; x_wconf 87' lang='grc'>(9)</span> <span class='ocrx_word' id='word_1_655' title='bbox 2493 4345 2549 4395; x_wconf 85' lang='grc' dir='ltr'>ὲν</span> <span class='ocrx_word' id='word_1_656' title='bbox 2576 4343 2652 4412; x_wconf 84' lang='grc' dir='ltr'><strong>τῷ</strong></span> <span class='ocrx_word' id='word_1_657' title='bbox 2708 4341 2960 4412; x_wconf 83' lang='grc' dir='ltr'>συμϐόλῳ</span> <span class='ocrx_word' id='word_1_658' title='bbox 3011 4340 3293 4410; x_wconf 81' lang='grc' dir='ltr'>προθεῖναι</span> <span class='ocrx_word' id='word_1_659' title='bbox 3323 4353 3338 4369; x_wconf 83' lang='grc'>⁶</span> <span class='ocrx_word' id='word_1_660' title='bbox 3416 4336 3555 4392; x_wconf 83' lang='grc' dir='ltr'>ἀλλὰ</span> <span class='ocrx_word' id='word_1_661' title='bbox 3591 4336 3795 4404; x_wconf 84' lang='grc' dir='ltr'>μᾶλλον</span> 
     </span>
    </p>
   </div>
   <div class='ocr_carea' id='block_1_91' title="bbox 545 4427 2092 4505">
    <p class='ocr_par' dir='ltr' id='par_1_91' title="bbox 545 4437 2088 4505">
     <span class='ocr_line' id='line_1_91' title="bbox 545 4437 2088 4505; baseline 0.004 -17"><span class='ocrx_word' id='word_1_662' title='bbox 545 4451 669 4490; x_wconf 82' lang='lat' dir='ltr'><strong>tuus</strong></span> <span class='ocrx_word' id='word_1_663' title='bbox 695 4437 1072 4504; x_wconf 87' lang='lat' dir='ltr'><strong>apostolorum</strong></span> <span class='ocrx_word' id='word_1_664' title='bbox 1134 4438 1390 4505; x_wconf 89' lang='lat' dir='ltr'><strong>princeps</strong></span> <span class='ocrx_word' id='word_1_665' title='bbox 1447 4437 1640 4492; x_wconf 81' lang='lat' dir='ltr'><strong>Petrus</strong></span> <span class='ocrx_word' id='word_1_666' title='bbox 1686 4439 1926 4504; x_wconf 87' lang='lat' dir='ltr'><strong>dicebat,</strong></span> <span class='ocrx_word' id='word_1_667' title='bbox 1976 4457 1994 4491; x_wconf 70' lang='grc' dir='ltr'><strong>ι</strong></span> <span class='ocrx_word' id='word_1_668' title='bbox 2059 4457 2088 4495; x_wconf 87' lang='lat' dir='ltr'><strong>e</strong></span> 
     </span>
    </p>
   </div>
   <div class='ocr_carea' id='block_1_92' title="bbox 2197 4427 3804 4505">
    <p class='ocr_par' dir='ltr' id='par_1_92' title="bbox 2221 4427 3804 4504">
     <span class='ocr_line' id='line_1_92' title="bbox 2221 4427 3804 4504; baseline -0.006 -17"><span class='ocrx_word' id='word_1_669' title='bbox 2221 4435 2358 4504; x_wconf 84' lang='grc' dir='ltr'><strong>μετά</strong></span> <span class='ocrx_word' id='word_1_670' title='bbox 2381 4434 2696 4502; x_wconf 78' lang='grc' dir='ltr'>οίκονομίας</span> <span class='ocrx_word' id='word_1_671' title='bbox 2728 4431 3156 4502; x_wconf 86' lang='grc' dir='ltr'>παρασκευάσαι</span> <span class='ocrx_word' id='word_1_672' title='bbox 3189 4428 3333 4482; x_wconf 85' lang='grc' dir='ltr'>κατὰ</span> <span class='ocrx_word' id='word_1_673' title='bbox 3390 4427 3563 4496; x_wconf 83' lang='grc' dir='ltr'>βραχὺ</span> <span class='ocrx_word' id='word_1_674' title='bbox 3597 4444 3804 4496; x_wconf 87' lang='grc' dir='ltr'>παραι-.</span> 
     </span>
    </p>
   </div>
   <div class='ocr_carea' id='block_1_93' title="bbox 539 4510 2092 4618">
    <p class='ocr_par' dir='ltr' id='par_1_93' title="bbox 539 4526 2082 4598">
     <span class='ocr_line' id='line_1_93' title="bbox 539 4526 2082 4598; baseline 0.004 -19"><span class='ocrx_word' id='word_1_675' title='bbox 539 4534 755 4579; x_wconf 64' lang='lat' dir='ltr'><strong>caetera.</strong></span> <span class='ocrx_word' id='word_1_676' title='bbox 794 4528 858 4580; x_wconf 85' lang='lat' dir='ltr'><strong>Et</strong></span> <span class='ocrx_word' id='word_1_677' title='bbox 892 4526 1008 4581; x_wconf 60' lang='lat' dir='ltr'><strong>haec</strong></span> <span class='ocrx_word' id='word_1_678' title='bbox 1047 4528 1211 4580; x_wconf 81' lang='lat' dir='ltr'><strong>verba</strong></span> <span class='ocrx_word' id='word_1_679' title='bbox 1247 4542 1310 4581; x_wconf 79' lang='lat' dir='ltr'><strong>ex</strong></span> <span class='ocrx_word' id='word_1_680' title='bbox 1351 4528 1594 4596; x_wconf 81' lang='lat' dir='ltr'><strong>Epistula</strong></span> <span class='ocrx_word' id='word_1_681' title='bbox 1649 4539 1902 4598; x_wconf 83' lang='lat' dir='ltr'><strong>excerpta</strong></span> <span class='ocrx_word' id='word_1_682' title='bbox 1953 4539 2082 4585; x_wconf 89' lang='lat' dir='ltr'><strong>sunt</strong></span> 
     </span>
    </p>
   </div>
   <div class='ocr_carea' id='block_1_94' title="bbox 2197 4510 3803 4618">
    <p class='ocr_par' dir='ltr' id='par_1_94' title="bbox 2221 4519 3803 4592">
     <span class='ocr_line' id='line_1_94' title="bbox 2221 4519 3803 4592; baseline -0.006 -13"><span class='ocrx_word' id='word_1_683' title='bbox 2221 4527 2450 4588; x_wconf 80' lang='grc' dir='ltr'>νοῦντας</span> <span class='ocrx_word' id='word_1_684' title='bbox 2495 4526 2802 4592; x_wconf 81' lang='grc' dir='ltr'>ἀποστῆναι</span> <span class='ocrx_word' id='word_1_685' title='bbox 2870 4523 2970 4591; x_wconf 78' lang='grc' dir='ltr'>τῆς</span> <span class='ocrx_word' id='word_1_686' title='bbox 3024 4520 3396 4592; x_wconf 84' lang='grc' dir='ltr'>βλασφημίας.</span> <span class='ocrx_word' id='word_1_687' title='bbox 3445 4519 3803 4586; x_wconf 72' lang='grc' dir='ltr'>Ποιμαίνετε</span> 
     </span>
    </p>
   </div>
   <div class='ocr_carea' id='block_1_95' title="bbox 539 4609 2092 4691">
    <p class='ocr_par' dir='ltr' id='par_1_95' title="bbox 539 4617 2092 4691">
     <span class='ocr_line' id='line_1_95' title="bbox 539 4617 2092 4691; baseline 0.004 -22"><span class='ocrx_word' id='word_1_688' title='bbox 539 4617 674 4683; x_wconf 81' lang='lat' dir='ltr'><strong>Quis</strong></span> <span class='ocrx_word' id='word_1_689' title='bbox 703 4632 868 4685; x_wconf 89' lang='lat' dir='ltr'><strong>porro</strong></span> <span class='ocrx_word' id='word_1_690' title='bbox 892 4631 998 4670; x_wconf 90' lang='lat' dir='ltr'><strong>non</strong></span> <span class='ocrx_word' id='word_1_691' title='bbox 1027 4617 1222 4679; x_wconf 87' lang='lat' dir='ltr'><strong>audiit,</strong></span> <span class='ocrx_word' id='word_1_692' title='bbox 1247 4634 1273 4671; x_wconf 79' lang='grc' dir='ltr'><strong>ιι</strong></span> <span class='ocrx_word' id='word_1_693' title='bbox 1309 4618 1515 4672; x_wconf 86' lang='lat' dir='ltr'><strong>Latinis</strong></span> <span class='ocrx_word' id='word_1_694' title='bbox 1562 4620 1744 4688; x_wconf 90' lang='lat' dir='ltr'><strong>potius</strong></span> <span class='ocrx_word' id='word_1_695' title='bbox 1795 4636 1890 4686; x_wconf 86' lang='lat' dir='ltr'><strong>per</strong></span> <span class='ocrx_word' id='word_1_696' title='bbox 1933 4622 2092 4691; x_wconf 76' lang='lat' dir='ltr'><strong>igneo</strong></span> 
     </span>
    </p>
   </div>
   <div class='ocr_carea' id='block_1_96' title="bbox 2197 4609 3798 4691">
    <p class='ocr_par' dir='ltr' id='par_1_96' title="bbox 2219 4609 3798 4687">
     <span class='ocr_line' id='line_1_96' title="bbox 2219 4609 3798 4687; baseline -0.004 -17"><span class='ocrx_word' id='word_1_697' title='bbox 2219 4618 2325 4687; x_wconf 83' lang='grc' dir='ltr'>γὰρ</span> <span class='ocrx_word' id='word_1_698' title='bbox 2350 4617 2414 4670; x_wconf 89' lang='grc' dir='ltr'>τὸ</span> <span class='ocrx_word' id='word_1_699' title='bbox 2451 4616 2522 4669; x_wconf 78' lang='grc' dir='ltr'><strong>ἐν</strong></span> <span class='ocrx_word' id='word_1_700' title='bbox 2558 4615 2702 4683; x_wconf 80' lang='grc' dir='ltr'>ὑμῖν</span> <span class='ocrx_word' id='word_1_701' title='bbox 2733 4616 3033 4683; x_wconf 75' lang='grc' dir='ltr'>ποίμνιον,</span> <span class='ocrx_word' id='word_1_702' title='bbox 3077 4616 3186 4667; x_wconf 82' lang='grc' dir='ltr'>οὐκ</span> <span class='ocrx_word' id='word_1_703' title='bbox 3219 4609 3617 4680; x_wconf 76' lang='grc' dir='ltr'>ἀναγκαστῶς</span> <span class='ocrx_word' id='word_1_704' title='bbox 3647 4609 3798 4678; x_wconf 86' lang='grc'>(10),</span> 
     </span>
    </p>
   </div>
   <div class='ocr_carea' id='block_1_97' title="bbox 537 4698 2092 4802">
    <p class='ocr_par' dir='ltr' id='par_1_97' title="bbox 537 4706 2092 4776">
     <span class='ocr_line' id='line_1_97' title="bbox 537 4706 2092 4776; baseline 0.005 -20"><span class='ocrx_word' id='word_1_705' title='bbox 537 4709 846 4761; x_wconf 89' lang='lat' dir='ltr'><strong>desertores</strong></span> <span class='ocrx_word' id='word_1_706' title='bbox 902 4707 1024 4761; x_wconf 85' lang='lat' dir='ltr'><strong>ﬁdei</strong></span> <span class='ocrx_word' id='word_1_707' title='bbox 1066 4706 1085 4770; x_wconf 93' lang='lat'><strong>(</strong></span> <span class='ocrx_word' id='word_1_708' title='bbox 1122 4707 1286 4774; x_wconf 29' lang='lat' dir='ltr'><strong>male.</strong></span> <span class='ocrx_word' id='word_1_709' title='bbox 1313 4707 1635 4775; x_wconf 85' lang='lat' dir='ltr'><strong>sentientes)</strong></span> <span class='ocrx_word' id='word_1_710' title='bbox 1691 4710 1948 4776; x_wconf 85' lang='lat' dir='ltr'><strong>probari?</strong></span> <span class='ocrx_word' id='word_1_711' title='bbox 1993 4713 2092 4776; x_wconf 81' lang='lat' dir='ltr'><strong>Qu:</strong></span> 
     </span>
    </p>
   </div>
   <div class='ocr_carea' id='block_1_98' title="bbox 2197 4698 3803 4802">
    <p class='ocr_par' dir='ltr' id='par_1_98' title="bbox 2219 4698 3803 4772">
     <span class='ocr_line' id='line_1_98' title="bbox 2219 4698 3803 4772; baseline -0.008 -7"><span class='ocrx_word' id='word_1_712' title='bbox 2219 4710 2358 4764; x_wconf 75' lang='grc' dir='ltr'>ἀλλ’</span> <span class='ocrx_word' id='word_1_713' title='bbox 2386 4706 2680 4772; x_wconf 80' lang='grc' dir='ltr'>ἐπιεικῶς,</span> <span class='ocrx_word' id='word_1_714' title='bbox 2711 4705 2838 4760; x_wconf 83' lang='grc' dir='ltr'>οὐδ’</span> <span class='ocrx_word' id='word_1_715' title='bbox 2855 4706 2934 4772; x_wconf 80' lang='grc' dir='ltr'>ὡς</span> <span class='ocrx_word' id='word_1_716' title='bbox 2966 4703 3504 4771; x_wconf 77' lang='grc' dir='ltr'>κατακυριεύοντες</span> <span class='ocrx_word' id='word_1_717' title='bbox 3526 4701 3633 4754; x_wconf 82' lang='grc' dir='ltr'>τοῦ</span> <span class='ocrx_word' id='word_1_718' title='bbox 3651 4698 3803 4765; x_wconf 68' lang='grc' dir='ltr'>κλή-</span> 
     </span>
    </p>
   </div>
   <div class='ocr_carea' id='block_1_99' title="bbox 541 4791 2092 4871">
    <p class='ocr_par' dir='ltr' id='par_1_99' title="bbox 541 4799 2092 4870">
     <span class='ocr_line' id='line_1_99' title="bbox 541 4799 2092 4870; baseline 0.001 -14"><span class='ocrx_word' id='word_1_719' title='bbox 541 4803 750 4856; x_wconf 71' lang='grc' dir='ltr'>ταιῖοηθ</span> <span class='ocrx_word' id='word_1_720' title='bbox 775 4799 1034 4870; x_wconf 84' lang='lat' dir='ltr'><strong>(Joannes</strong></span> <span class='ocrx_word' id='word_1_721' title='bbox 1058 4805 1218 4868; x_wconf 83' lang='lat' dir='ltr'><strong>papa)</strong></span> <span class='ocrx_word' id='word_1_722' title='bbox 1249 4801 1328 4854; x_wconf 87' lang='lat' dir='ltr'><strong>sic.</strong></span> <span class='ocrx_word' id='word_1_723' title='bbox 1353 4809 1561 4855; x_wconf 81' lang='lat' dir='ltr'><strong>rectam</strong></span> <span class='ocrx_word' id='word_1_724' title='bbox 1620 4800 1780 4857; x_wconf 83' lang='lat' dir='ltr'><strong>fidem</strong></span> <span class='ocrx_word' id='word_1_725' title='bbox 1841 4802 2092 4857; x_wconf 73' lang='lat' dir='ltr'><strong>vioiantct</strong></span> 
     </span>
    </p>
   </div>
   <div class='ocr_carea' id='block_1_100' title="bbox 2197 4791 3800 4871">
    <p class='ocr_par' dir='ltr' id='par_1_100' title="bbox 2211 4791 3800 4871">
     <span class='ocr_line' id='line_1_100' title="bbox 2211 4791 3800 4871; baseline -0.009 -16"><span class='ocrx_word' id='word_1_726' title='bbox 2211 4819 2350 4871; x_wconf 82' lang='grc' dir='ltr'>ρου,</span> <span class='ocrx_word' id='word_1_727' title='bbox 2399 4800 2536 4854; x_wconf 78' lang='grc' dir='ltr'>ἀλλ’</span> <span class='ocrx_word' id='word_1_728' title='bbox 2569 4799 2646 4864; x_wconf 88' lang='grc' dir='ltr'>ὠς</span> <span class='ocrx_word' id='word_1_729' title='bbox 2681 4799 2855 4852; x_wconf 80' lang='grc' dir='ltr'>τύποι</span> <span class='ocrx_word' id='word_1_730' title='bbox 2883 4796 3223 4866; x_wconf 75' lang='grc' dir='ltr'>γενόμενοι,</span> <span class='ocrx_word' id='word_1_731' title='bbox 3255 4796 3283 4848; x_wconf 91' lang='grc' dir='ltr'>ὁ</span> <span class='ocrx_word' id='word_1_732' title='bbox 3311 4793 3480 4862; x_wconf 73' lang='grc' dir='ltr'>ἄκρος</span> <span class='ocrx_word' id='word_1_733' title='bbox 3518 4791 3628 4844; x_wconf 83' lang='grc' dir='ltr'><strong>τῶν</strong></span> <span class='ocrx_word' id='word_1_734' title='bbox 3659 4791 3800 4843; x_wconf 83' lang='grc' dir='ltr'>ἀπο-</span> 
     </span>
    </p>
   </div>
   <div class='ocr_carea' id='block_1_101' title="bbox 611 4987 2092 5066">
    <p class='ocr_par' dir='ltr' id='par_1_101' title="bbox 611 4995 2085 5066">
     <span class='ocr_line' id='line_1_101' title="bbox 611 4995 2085 5066; baseline 0.002 -17"><span class='ocrx_word' id='word_1_735' title='bbox 611 4995 686 5060; x_wconf 79' lang='grc'><strong>(1)</strong></span> <span class='ocrx_word' id='word_1_736' title='bbox 729 4995 896 5064; x_wconf 80' lang='grc' dir='ltr'>Μοιι.,</span> <span class='ocrx_word' id='word_1_737' title='bbox 935 4998 1237 5063; x_wconf 69' lang='grc' dir='ltr'>Κοπμοδίου</span> <span class='ocrx_word' id='word_1_738' title='bbox 1269 4999 1428 5066; x_wconf 84' lang='grc' dir='ltr'>μονή.</span> <span class='ocrx_word' id='word_1_739' title='bbox 1471 4996 1769 5066; x_wconf 78' lang='lat' dir='ltr'><strong>[lucusque</strong></span> <span class='ocrx_word' id='word_1_740' title='bbox 1791 4996 1956 5053; x_wconf 73' lang='lat' dir='ltr'><strong>Allal.</strong></span> <span class='ocrx_word' id='word_1_741' title='bbox 1990 4998 2026 5052; x_wconf 89' lang='grc'>1.</span> <span class='ocrx_word' id='word_1_742' title='bbox 2056 5015 2085 5051; x_wconf 89' lang='lat' dir='ltr'><strong>c</strong></span> 
     </span>
    </p>
   </div>
   <div class='ocr_carea' id='block_1_102' title="bbox 2197 4987 3805 5066">
    <p class='ocr_par' dir='ltr' id='par_1_102' title="bbox 2287 4987 3805 5066">
     <span class='ocr_line' id='line_1_102' title="bbox 2287 4987 3805 5066; baseline -0.007 -13"><span class='ocrx_word' id='word_1_743' title='bbox 2287 4999 2366 5066; x_wconf 83' lang='lat'><strong>(6&#39;)</strong></span> <span class='ocrx_word' id='word_1_744' title='bbox 2406 4999 2582 5053; x_wconf 82' lang='lat' dir='ltr'><strong>Photii</strong></span> <span class='ocrx_word' id='word_1_745' title='bbox 2635 5000 2802 5053; x_wconf 79' lang='lat' dir='ltr'><strong>verba</strong></span> <span class='ocrx_word' id='word_1_746' title='bbox 2862 4998 2914 5051; x_wconf 92' lang='lat' dir='ltr'><strong>in</strong></span> <span class='ocrx_word' id='word_1_747' title='bbox 2967 5005 3075 5052; x_wconf 89' lang='lat' dir='ltr'><strong>act.</strong></span> <span class='ocrx_word' id='word_1_748' title='bbox 3131 4994 3150 5049; x_wconf 86' lang='grc'><strong>1</strong></span> <span class='ocrx_word' id='word_1_749' title='bbox 3207 4989 3428 5049; x_wconf 90' lang='lat' dir='ltr'><strong>concilii</strong></span> <span class='ocrx_word' id='word_1_750' title='bbox 3485 4989 3584 5044; x_wconf 90' lang='lat' dir='ltr'><strong>cit.</strong></span> <span class='ocrx_word' id='word_1_751' title='bbox 3622 4987 3805 5042; x_wconf 84' lang='lat' dir='ltr'><strong>Mansi</strong></span> 
     </span>
    </p>
   </div>
   <div class='ocr_carea' id='block_1_103' title="bbox 611 5067 2092 5144">
    <p class='ocr_par' dir='ltr' id='par_1_103' title="bbox 611 5067 2088 5144">
     <span class='ocr_line' id='line_1_103' title="bbox 611 5067 2088 5144; baseline -0.001 -24"><span class='ocrx_word' id='word_1_752' title='bbox 611 5069 707 5144; x_wconf 61' lang='lat' dir='ltr'><strong>(2i</strong></span> <span class='ocrx_word' id='word_1_753' title='bbox 727 5068 972 5144; x_wconf 35' lang='grc' dir='ltr'>δέρην(</span> <span class='ocrx_word' id='word_1_754' title='bbox 1006 5069 1106 5123; x_wconf 76' lang='grc'><strong>138</strong></span> <span class='ocrx_word' id='word_1_755' title='bbox 1127 5085 1178 5131; x_wconf 83' lang='lat' dir='ltr'><strong>a,</strong></span> <span class='ocrx_word' id='word_1_756' title='bbox 1206 5067 1365 5130; x_wconf 78' lang='grc' dir='ltr'>ἔτιδὲ</span> <span class='ocrx_word' id='word_1_757' title='bbox 1395 5069 1505 5144; x_wconf 2' lang='grc' dir='ltr'>ἦν.)</span> <span class='ocrx_word' id='word_1_758' title='bbox 1524 5069 1715 5144; x_wconf 57' lang='grc' dir='ltr'>μοι-οη</span> <span class='ocrx_word' id='word_1_759' title='bbox 1807 5068 1910 5122; x_wconf 72' lang='grc'><strong>227</strong></span> <span class='ocrx_word' id='word_1_760' title='bbox 1946 5070 2000 5131; x_wconf 89' lang='lat' dir='ltr'><strong>b,</strong></span> <span class='ocrx_word' id='word_1_761' title='bbox 2027 5069 2088 5144; x_wconf 55' lang='lat' dir='ltr'><strong>Et</strong></span> 
     </span>
    </p>
   </div>
   <div class='ocr_carea' id='block_1_104' title="bbox 2197 5067 3253 5144">
    <p class='ocr_par' dir='ltr' id='par_1_104' title="bbox 2218 5067 3253 5144">
     <span class='ocr_line' id='line_1_104' title="bbox 2218 5067 3253 5144; baseline -0.003 -20"><span class='ocrx_word' id='word_1_762' title='bbox 2218 5067 2380 5144; x_wconf 67' lang='grc' dir='ltr'>Χνῃ,</span> <span class='ocrx_word' id='word_1_763' title='bbox 2416 5085 2471 5144; x_wconf 83' lang='lat' dir='ltr'><strong>p_.</strong></span> <span class='ocrx_word' id='word_1_764' title='bbox 2510 5069 2771 5144; x_wconf 59' lang='grc' dir='ltr'>δθο-ξνε.</span> <span class='ocrx_word' id='word_1_765' title='bbox 2801 5137 2814 5144; x_wconf 84' lang='lat'><strong>_</strong></span> <span class='ocrx_word' id='word_1_766' title='bbox 3242 5133 3253 5144; x_wconf 42' lang='grc'><strong><em>⁸</em></strong></span> 
     </span>
    </p>
   </div>
   <div class='ocr_carea' id='block_1_105' title="bbox 541 5128 3584 5216">
    <p class='ocr_par' dir='ltr' id='par_1_105' title="bbox 541 5128 3584 5216">
     <span class='ocr_line' id='line_1_105' title="bbox 541 5128 3584 5216; baseline -0.001 -26"><span class='ocrx_word' id='word_1_767' title='bbox 541 5140 597 5191; x_wconf 78' lang='grc' dir='ltr'>δὲ</span> <span class='ocrx_word' id='word_1_768' title='bbox 859 5128 1022 5190; x_wconf 74' lang='grc' dir='ltr'>ᾹΙΙιιι.</span> <span class='ocrx_word' id='word_1_769' title='bbox 1063 5148 1120 5192; x_wconf 81' lang='grc' dir='ltr'><strong>ιιι</strong></span> <span class='ocrx_word' id='word_1_770' title='bbox 1147 5128 1338 5206; x_wconf 71' lang='lat' dir='ltr'><strong>supra,</strong></span> <span class='ocrx_word' id='word_1_771' title='bbox 1363 5128 1455 5207; x_wconf 78' lang='lat' dir='ltr'><strong>qui</strong></span> <span class='ocrx_word' id='word_1_772' title='bbox 1496 5131 1609 5193; x_wconf 53' lang='lat' dir='ltr'><strong>haec</strong></span> <span class='ocrx_word' id='word_1_773' title='bbox 1634 5128 1844 5208; x_wconf 73' lang='lat' dir='ltr'><strong>profert</strong></span> <span class='ocrx_word' id='word_1_774' title='bbox 1874 5155 1960 5207; x_wconf 77' lang='grc' dir='ltr'><strong>ορ.</strong></span> <span class='ocrx_word' id='word_1_775' title='bbox 1989 5128 2110 5204; x_wconf 66' lang='lat' dir='ltr'><strong>&#39;cn.,</strong></span> <span class='ocrx_word' id='word_1_776' title='bbox 2407 5128 2506 5216; x_wconf 60' lang='grc' dir='ltr'><strong>⁸Ἔν</strong></span> <span class='ocrx_word' id='word_1_777' title='bbox 2537 5135 3105 5216; x_wconf 43' lang='grc' dir='ltr'>κοινῷ-Ιιαϋθι-ᾼΙιιιιη</span> <span class='ocrx_word' id='word_1_778' title='bbox 3147 5133 3339 5216; x_wconf 37' lang='lat' dir='ltr'><strong>omitti</strong></span> <span class='ocrx_word' id='word_1_779' title='bbox 3361 5128 3584 5216; x_wconf 51' lang='grc' dir='ltr'>μίξηεο.</span> 
     </span>
    </p>
   </div>
   <div class='ocr_carea' id='block_1_106' title="bbox 545 5201 2092 5278">
    <p class='ocr_par' dir='ltr' id='par_1_106' title="bbox 545 5201 1924 5277">
     <span class='ocr_line' id='line_1_106' title="bbox 545 5201 1924 5277; baseline 0.001 -16"><span class='ocrx_word' id='word_1_780' title='bbox 545 5228 595 5277; x_wconf 76' lang='grc' dir='ltr'><strong>ι».</strong></span> <span class='ocrx_word' id='word_1_781' title='bbox 627 5211 730 5263; x_wconf 74' lang='lat'><strong>257</strong></span> <span class='ocrx_word' id='word_1_782' title='bbox 761 5201 876 5277; x_wconf 67' lang='lat' dir='ltr'><strong>seq.</strong></span> <span class='ocrx_word' id='word_1_783' title='bbox 1223 5201 1233 5206; x_wconf 84' lang='lat'><em>‘</em></span> <span class='ocrx_word' id='word_1_784' title='bbox 1325 5201 1332 5204; x_wconf 74' lang='lat'><strong>&#39;</strong></span> <span class='ocrx_word' id='word_1_785' title='bbox 1380 5201 1394 5207; x_wconf 83' lang='lat'>&#39;</span> <span class='ocrx_word' id='word_1_786' title='bbox 1634 5201 1650 5208; x_wconf 86' lang='lat'><strong>&#39;</strong></span> <span class='ocrx_word' id='word_1_787' title='bbox 1911 5201 1924 5207; x_wconf 88' lang='lat'><strong>&#39;</strong></span> 
     </span>
    </p>
   </div>
   <div class='ocr_carea' id='block_1_107' title="bbox 2197 5201 3478 5278">
    <p class='ocr_par' dir='ltr' id='par_1_107' title="bbox 2287 5201 3478 5278">
     <span class='ocr_line' id='line_1_107' title="bbox 2287 5201 3478 5278; baseline -0.008 -16"><span class='ocrx_word' id='word_1_788' title='bbox 2287 5201 2365 5278; x_wconf 76' lang='grc'>(8)</span> <span class='ocrx_word' id='word_1_789' title='bbox 2407 5201 2684 5270; x_wconf 70' lang='grc' dir='ltr'>Ὡσαύτως</span> <span class='ocrx_word' id='word_1_790' title='bbox 2716 5207 2880 5278; x_wconf 69' lang='lat' dir='ltr'><strong>habet</strong></span> <span class='ocrx_word' id='word_1_791' title='bbox 2906 5207 3079 5278; x_wconf 81' lang='lat' dir='ltr'><strong>Mon.,</strong></span> <span class='ocrx_word' id='word_1_792' title='bbox 3106 5206 3286 5258; x_wconf 80' lang='lat' dir='ltr'><strong>oniitt.</strong></span> <span class='ocrx_word' id='word_1_793' title='bbox 3311 5201 3478 5255; x_wconf 85' lang='lat' dir='ltr'><strong>Allat.</strong></span> 
     </span>
    </p>
   </div>
   <div class='ocr_carea' id='block_1_108' title="bbox 617 5275 2092 5349">
    <p class='ocr_par' dir='ltr' id='par_1_108' title="bbox 617 5275 1122 5349">
     <span class='ocr_line' id='line_1_108' title="bbox 617 5275 1122 5349; baseline 0 -17"><span class='ocrx_word' id='word_1_794' title='bbox 617 5282 692 5349; x_wconf 76' lang='grc'>(3)</span> <span class='ocrx_word' id='word_1_795' title='bbox 725 5275 866 5349; x_wconf 69' lang='lat' dir='ltr'><strong>Moti.</strong></span> <span class='ocrx_word' id='word_1_796' title='bbox 879 5317 892 5341; x_wconf 91' lang='lat'><strong>,</strong></span> <span class='ocrx_word' id='word_1_797' title='bbox 923 5278 1122 5332; x_wconf 82' lang='grc' dir='ltr'>διόλου.</span> 
     </span>
    </p>
   </div>
   <div class='ocr_carea' id='block_1_109' title="bbox 2197 5275 3194 5349">
    <p class='ocr_par' dir='ltr' id='par_1_109' title="bbox 2289 5275 3194 5349">
     <span class='ocr_line' id='line_1_109' title="bbox 2289 5275 3194 5349; baseline -0.007 -15"><span class='ocrx_word' id='word_1_798' title='bbox 2289 5275 2366 5349; x_wconf 88' lang='grc'>(9)</span> <span class='ocrx_word' id='word_1_799' title='bbox 2401 5280 2492 5333; x_wconf 88' lang='lat' dir='ltr'><strong>Sic</strong></span> <span class='ocrx_word' id='word_1_800' title='bbox 2526 5280 2686 5349; x_wconf 64' lang='lat' dir='ltr'><strong>Allat.</strong></span> <span class='ocrx_word' id='word_1_801' title='bbox 2723 5277 2895 5342; x_wconf 82' lang='lat' dir='ltr'><strong>M0n.,</strong></span> <span class='ocrx_word' id='word_1_802' title='bbox 2931 5275 3194 5349; x_wconf 78' lang='grc' dir='ltr'>ἔφθασαν.</span> 
     </span>
    </p>
   </div>
   <div class='ocr_carea' id='block_1_110' title="bbox 616 5342 2092 5422">
    <p class='ocr_par' dir='ltr' id='par_1_110' title="bbox 616 5342 1569 5422">
     <span class='ocr_line' id='line_1_110' title="bbox 616 5342 1569 5422; baseline 0.001 -22"><span class='ocrx_word' id='word_1_803' title='bbox 728 5348 1237 5422; x_wconf 35' lang='grc' dir='ltr'>Μεταηίδιῶματι.</span> <span class='ocrx_word' id='word_1_804' title='bbox 1382 5419 1392 5422; x_wconf 81' lang='lat'><strong><em>_</em></strong></span> <span class='ocrx_word' id='word_1_805' title='bbox 1516 5419 1529 5422; x_wconf 93' lang='lat'>_</span> <span class='ocrx_word' id='word_1_806' title='bbox 1560 5418 1569 5422; x_wconf 84' lang='lat'>_</span> 
     </span>
    </p>
   </div>
   <div class='ocr_carea' id='block_1_111' title="bbox 2197 5342 3411 5422">
    <p class='ocr_par' dir='ltr' id='par_1_111' title="bbox 2291 5342 3411 5422">
     <span class='ocr_line' id='line_1_111' title="bbox 2291 5342 3411 5422; baseline -0.006 -20"><span class='ocrx_word' id='word_1_807' title='bbox 2291 5342 2402 5422; x_wconf 81' lang='grc'>(10)</span> <span class='ocrx_word' id='word_1_808' title='bbox 2437 5352 2527 5404; x_wconf 81' lang='lat' dir='ltr'><strong>Sic</strong></span> <span class='ocrx_word' id='word_1_809' title='bbox 2553 5347 2695 5403; x_wconf 87' lang='lat' dir='ltr'><strong>Mon.</strong></span> <span class='ocrx_word' id='word_1_810' title='bbox 2729 5349 2893 5401; x_wconf 82' lang='lat' dir='ltr'><strong>Allat.</strong></span> <span class='ocrx_word' id='word_1_811' title='bbox 2920 5385 2935 5412; x_wconf 87' lang='lat'><strong>,</strong></span> <span class='ocrx_word' id='word_1_812' title='bbox 2965 5342 3411 5413; x_wconf 85' lang='grc' dir='ltr'>ἀναγκαστικῶς.</span> 
     </span>
    </p>
   </div>
   <div class='ocr_carea' id='block_1_112' title="bbox 621 5416 1732 5492">
    <p class='ocr_par' dir='ltr' id='par_1_112' title="bbox 621 5416 1732 5492">
     <span class='ocr_line' id='line_1_112' title="bbox 621 5416 1732 5492; baseline -0.001 -19"><span class='ocrx_word' id='word_1_813' title='bbox 621 5416 697 5492; x_wconf 83' lang='grc'>(5)</span> <span class='ocrx_word' id='word_1_814' title='bbox 725 5416 896 5484; x_wconf 80' lang='grc' dir='ltr'>Μοη.,</span> <span class='ocrx_word' id='word_1_815' title='bbox 924 5416 1280 5488; x_wconf 84' lang='grc' dir='ltr'>ἀναχονεῦσαι</span> <span class='ocrx_word' id='word_1_816' title='bbox 1313 5419 1406 5474; x_wconf 74' lang='grc' dir='ltr'><strong>καὶ</strong></span> <span class='ocrx_word' id='word_1_817' title='bbox 1439 5418 1732 5488; x_wconf 82' lang='grc' dir='ltr'>καθάρσαι.</span> 
     </span>
    </p>
   </div>
   <div class='ocr_carea' id='block_1_113' title="bbox 1269 4996 2106 5068">
    <p class='ocr_par' dir='ltr' id='par_1_113' title="bbox 1269 4996 2106 5068">
     <span class='ocr_line' id='line_1_113' title="bbox 1269 4996 2106 5068; baseline 0.002 -18"><span class='ocrx_word' id='word_1_818' title='bbox 1269 4999 1428 5068; x_wconf 84' lang='grc' dir='ltr'>μονή.</span> <span class='ocrx_word' id='word_1_819' title='bbox 1471 4996 1769 5066; x_wconf 77' lang='lat' dir='ltr'><strong>[lucusque</strong></span> <span class='ocrx_word' id='word_1_820' title='bbox 1791 4996 1956 5053; x_wconf 75' lang='lat' dir='ltr'><strong>Allat.</strong></span> <span class='ocrx_word' id='word_1_821' title='bbox 1990 4998 2026 5052; x_wconf 90' lang='lat' dir='ltr'><strong>l.</strong></span> <span class='ocrx_word' id='word_1_822' title='bbox 2056 5015 2106 5051; x_wconf 90' lang='lat' dir='ltr'><strong>c.</strong></span> 
     </span>
    </p>
   </div>
   <div class='ocr_carea' id='block_1_114' title="bbox 619 5577 3808 5722">
    <p class='ocr_par' dir='ltr' id='par_1_114' title="bbox 619 5577 3808 5722">
     <span class='ocr_line' id='line_1_114' title="bbox 619 5577 3808 5680; baseline -0.007 -24"><span class='ocrx_word' id='word_1_823' title='bbox 619 5605 692 5675; x_wconf 82' lang='grc' dir='ltr'>(η)</span> <span class='ocrx_word' id='word_1_824' title='bbox 723 5605 1020 5670; x_wconf 76' lang='lat' dir='ltr'><strong>Benignius</strong></span> <span class='ocrx_word' id='word_1_825' title='bbox 1050 5610 1103 5655; x_wconf 82' lang='lat' dir='ltr'><strong>ct</strong></span> <span class='ocrx_word' id='word_1_826' title='bbox 1131 5602 1315 5657; x_wconf 90' lang='lat' dir='ltr'><strong>mitius</strong></span> <span class='ocrx_word' id='word_1_827' title='bbox 1349 5603 1591 5673; x_wconf 88' lang='lat' dir='ltr'><strong>loquitur</strong></span> <span class='ocrx_word' id='word_1_828' title='bbox 1623 5609 1817 5655; x_wconf 86' lang='lat' dir='ltr'><strong>auctor</strong></span> <span class='ocrx_word' id='word_1_829' title='bbox 1847 5613 2012 5668; x_wconf 73' lang='lat' dir='ltr'><strong>agens</strong></span> <span class='ocrx_word' id='word_1_830' title='bbox 2048 5595 2118 5651; x_wconf 88' lang='lat' dir='ltr'><strong>de</strong></span> <span class='ocrx_word' id='word_1_831' title='bbox 2216 5594 2314 5680; x_wconf 56' lang='lat' dir='ltr'><strong>pia</strong></span> <span class='ocrx_word' id='word_1_832' title='bbox 2369 5592 2622 5665; x_wconf 90' lang='lat' dir='ltr'><strong>probant.</strong></span> <span class='ocrx_word' id='word_1_833' title='bbox 2676 5588 2806 5645; x_wconf 78' lang='lat' dir='ltr'><strong>Vide</strong></span> <span class='ocrx_word' id='word_1_834' title='bbox 2851 5588 3060 5644; x_wconf 90' lang='lat' dir='ltr'><strong>Patrol.</strong></span> <span class='ocrx_word' id='word_1_835' title='bbox 3111 5583 3232 5651; x_wconf 87' lang='lat' dir='ltr'><strong>Gr.,</strong></span> <span class='ocrx_word' id='word_1_836' title='bbox 3282 5597 3392 5640; x_wconf 86' lang='lat' dir='ltr'><strong>ser.</strong></span> <span class='ocrx_word' id='word_1_837' title='bbox 3441 5582 3493 5646; x_wconf 92' lang='grc'><strong>1,</strong></span> <span class='ocrx_word' id='word_1_838' title='bbox 3531 5589 3567 5634; x_wconf 86' lang='grc' dir='ltr'><strong>ι.</strong></span> <span class='ocrx_word' id='word_1_839' title='bbox 3602 5577 3717 5643; x_wconf 83' lang='lat' dir='ltr'><strong>Cll,</strong></span> <span class='ocrx_word' id='word_1_840' title='bbox 3753 5596 3808 5649; x_wconf 77' lang='lat' dir='ltr'><strong>p.</strong></span> 
     </span>
     <span class='ocr_line' id='line_1_115' title="bbox 619 5663 3756 5722; baseline -0.002 0"><span class='ocrx_word' id='word_1_841' title='bbox 619 5675 994 5722; x_wconf 65' lang='lat' dir='ltr'><strong>endo-svnndn</strong></span> <span class='ocrx_word' id='word_1_842' title='bbox 1038 5672 1320 5722; x_wconf 79' lang='lat' dir='ltr'><strong>Pholiana.</strong></span> <span class='ocrx_word' id='word_1_843' title='bbox 1349 5688 1471 5722; x_wconf 65' lang='lat' dir='ltr'><strong>(tua!</strong></span> <span class='ocrx_word' id='word_1_844' title='bbox 1505 5674 1734 5722; x_wconf 68' lang='lat' dir='ltr'><strong>(mmini)</strong></span> <span class='ocrx_word' id='word_1_845' title='bbox 1769 5668 2106 5722; x_wconf 78' lang='lat' dir='ltr'><strong>exnlodcudu</strong></span> <span class='ocrx_word' id='word_1_846' title='bbox 2218 5666 2341 5722; x_wconf 61' lang='lat'><strong>082,</strong></span> <span class='ocrx_word' id='word_1_847' title='bbox 2376 5677 2492 5718; x_wconf 86' lang='lat' dir='ltr'><strong>not.</strong></span> <span class='ocrx_word' id='word_1_848' title='bbox 2527 5663 2615 5717; x_wconf 84' lang='lat'><strong>89.</strong></span> 
     </span>
    </p>
   </div>
   <div class='ocr_carea' id='block_1_115' title="bbox 551 5672 3806 5814">
    <p class='ocr_par' dir='ltr' id='par_1_115' title="bbox 551 5672 3806 5814">
     <span class='ocr_line' id='line_1_116' title="bbox 551 5672 3806 5814; baseline -0.008 -82"><span class='ocrx_word' id='word_1_849' title='bbox 551 5672 994 5802; x_wconf 41' lang='lat' dir='ltr'><strong>Exodo-synodo</strong></span> <span class='ocrx_word' id='word_1_850' title='bbox 1037 5672 1320 5738; x_wconf 77' lang='lat' dir='ltr'><strong>Pliotiaua,</strong></span> <span class='ocrx_word' id='word_1_851' title='bbox 1349 5672 1471 5744; x_wconf 71' lang='lat' dir='ltr'><strong>quae</strong></span> <span class='ocrx_word' id='word_1_852' title='bbox 1505 5674 1734 5727; x_wconf 87' lang='lat' dir='ltr'><strong>omnino</strong></span> <span class='ocrx_word' id='word_1_853' title='bbox 1769 5672 2106 5737; x_wconf 77' lang='lat' dir='ltr'><strong>cxplodcudu</strong></span> <span class='ocrx_word' id='word_1_854' title='bbox 2217 5672 2852 5814; x_wconf 42' lang='lat' dir='ltr'><strong>o8?r,)nAt)lti.let:-U.Aualiu§</strong></span> <span class='ocrx_word' id='word_1_855' title='bbox 2887 5729 2937 5810; x_wconf 33' lang='grc' dir='ltr'><strong>ι..</strong></span> <span class='ocrx_word' id='word_1_856' title='bbox 2958 5746 3033 5793; x_wconf 39' lang='grc' dir='ltr'><strong>θ’,</strong></span> <span class='ocrx_word' id='word_1_857' title='bbox 3063 5744 3112 5798; x_wconf 49' lang='grc' dir='ltr'><strong>Ρ.</strong></span> <span class='ocrx_word' id='word_1_858' title='bbox 3144 5726 3248 5781; x_wconf 51' lang='lat'><strong>959</strong></span> <span class='ocrx_word' id='word_1_859' title='bbox 3278 5745 3292 5784; x_wconf 42' lang='grc' dir='ltr'>ζ</span> <span class='ocrx_word' id='word_1_860' title='bbox 3328 5725 3662 5794; x_wconf 47' lang='lat' dir='ltr'><strong>numaque</strong></span> <span class='ocrx_word' id='word_1_861' title='bbox 3694 5720 3806 5777; x_wconf 44' lang='lat' dir='ltr'><strong>ma.</strong></span> 
     </span>
    </p>
   </div>
   <div class='ocr_carea' id='block_1_116' title="bbox 587 5790 2993 5888">
    <p class='ocr_par' dir='ltr' id='par_1_116' title="bbox 587 5790 2993 5888">
     <span class='ocr_line' id='line_1_117' title="bbox 587 5790 2993 5888; baseline -0.007 -15"><span class='ocrx_word' id='word_1_862' title='bbox 587 5790 702 5888; x_wconf 54' lang='lat' dir='ltr'><strong>&quot;(l0</strong></span> <span class='ocrx_word' id='word_1_863' title='bbox 739 5817 898 5875; x_wconf 76' lang='lat' dir='ltr'><strong>Certe</strong></span> <span class='ocrx_word' id='word_1_864' title='bbox 922 5816 1328 5888; x_wconf 80' lang='lat' dir='ltr'><strong>supposititiaut</strong></span> <span class='ocrx_word' id='word_1_865' title='bbox 1363 5820 1416 5870; x_wconf 88' lang='lat' dir='ltr'><strong>et</strong></span> <span class='ocrx_word' id='word_1_866' title='bbox 1442 5812 1681 5884; x_wconf 80' lang='lat' dir='ltr'><strong>spuriam</strong></span> <span class='ocrx_word' id='word_1_867' title='bbox 1707 5827 1825 5866; x_wconf 80' lang='lat' dir='ltr'><strong>eam</strong></span> <span class='ocrx_word' id='word_1_868' title='bbox 1860 5825 1977 5864; x_wconf 79' lang='lat' dir='ltr'><strong>cssc</strong></span> <span class='ocrx_word' id='word_1_869' title='bbox 1999 5823 2112 5863; x_wconf 91' lang='lat' dir='ltr'><strong>om-</strong></span> <span class='ocrx_word' id='word_1_870' title='bbox 2225 5790 2382 5862; x_wconf 48' lang='lat' dir='ltr'><strong>ilc‘cst</strong></span> <span class='ocrx_word' id='word_1_871' title='bbox 2417 5815 2599 5860; x_wconf 86' lang='lat' dir='ltr'><strong>tamen</strong></span> <span class='ocrx_word' id='word_1_872' title='bbox 2631 5807 2678 5862; x_wconf 87' lang='lat' dir='ltr'><strong>ci</strong></span> <span class='ocrx_word' id='word_1_873' title='bbox 2713 5801 2993 5872; x_wconf 79' lang='lat' dir='ltr'><strong>apodosis.</strong></span> 
     </span>
    </p>
   </div>
  </div>
