3998 6478
523 410 594 470 95
1401 406 1500 465 Gil
1513 404 1780 466 EGORII
1825 402 2101 464 ΜᾹΜΜΑ

2208 402 2267 464 Ρ.
2314 402 2822 462 ΡΑΊἪΙΛΒΟΗίΕ
3680 407 3748 471 96

526 533 706 575 neant.
743 520 1008 574 Similiter
1032 517 1194 572 etiam
1237 517 1621 573 sanctissimus
1647 534 1785 589 papa
1805 518 1910 574 Leo
1930 518 1982 572 in
1999 531 2093 572 eo-

2211 517 2431 586 Ἐπειδὴ
2461 517 2741 580 πολλάκις,
2765 518 2875 570 εἴτε
2902 518 2994 570 ὑπ’
3016 516 3280 586 ἀνάγκης,
3304 518 3411 571 εἴτε
3441 520 3612 585 άλλως
3638 541 3738 585 πως

525 615 646 668 dem
673 613 862 680 spiritu
886 610 1126 679 praecipit
1147 611 1334 664 dicens
1367 627 1381 662 :
1427 610 1525 664 Ubi
1554 611 1634 663 vis
1677 625 1780 662 non
1809 610 2085 679 prmcedit,

529 705 826 759 immobilia
871 713 1224 772 permaneant
1258 710 1572 757 sanctorum
1595 702 1817 756 Patrum
1851 709 2083 766 statuta;

533 797 654 849 ubis
677 810 804 848 vero
835 795 1136 848 necessitas
1159 801 1213 847 et
1237 795 1320 848 vis
1342 794 1628 863 reperitur,
1657 793 1728 847 ibi
1759 793 1814 846 id
1846 793 1913 846 ad
1943 791 2089 862 quod

529 886 748 958 prodest
785 885 1042 939 Ecclesia:
1059 884 1278 946 Dei,ille
1317 887 1408 953 qui
1467 894 1790 954 potestatem
1831 885 2094 940 habetdi;

529 986 770 1047 spenset.
802 979 877 1032 Et
900 979 1227 1033 necessitate
1259 979 1571 1048 enimjuxta
1593 980 1838 1034 divinum
1861 980 2098 1050 Aposto-

531 1072 645 1125 lum
664 1071 825 1124 etiam
844 1070 976 1139 legis
997 1069 1052 1123 ﬁt
1074 1072 1342 1125 traslatio.
1357 1070 1503 1124 Felix
1527 1079 1782 1140 praeterea
1810 1087 1942 1141 papa
1962 1087 2094 1125 con-

535 1175 668 1215 sona
705 1162 867 1215 etiam
902 1161 1064 1215 habet
1101 1161 1290 1216 dicens
1338 1181 1351 1215 :
1399 1163 1475 1217 De
1517 1164 1618 1216 hoc
1663 1173 1877 1232 oportet
1917 1162 2096 1216 anim-

535 1252 839 1316 advertere,
859 1263 916 1306 ut
941 1253 1028 1306 ubi
1055 1255 1351 1309 necessitas
1399 1255 1704 1323 contigerit,
1721 1267 2096 1322 smpenumero

536 1324 698 1396 etiam
770 1343 1185 1401 constitutiones
1243 1344 1465 1398 Patrum
1544 1344 1848 1414 transgredi
1914 1344 2094 1398 liceat.

538 1428 740 1482 Sancta
770 1432 934 1484 etiam
966 1431 1207 1502 synodus
1231 1433 1680 1503 Carthaginensis
1708 1433 1784 1487 ait
1817 1433 2098 1488 tricesimo

535 1519 725 1586 quinto
781 1521 1016 1588 capitulo
1065 1540 1080 1576 :
1116 1521 1454 1586 Mandamns,
1477 1531 1536 1576 ut
1565 1523 1964 1577 Donatistarum
1987 1521 2101 1576 cle-

538 1609 633 1660 rici
682 1609 876 1663 iterum
922 1615 984 1663 ad
1041 1611 1331 1667 Ecclesiam
1385 1623 1752 1677 revertantur,
1775 1614 1906 1668 licet
1935 1615 2102 1668 etiam

540 1715 568 1750 a
599 1701 808 1769 synodo
842 1701 1044 1755 fuerint
1083 1702 1347 1758 damnati.
1371 1705 1622 1774 Synodus
1666 1720 1883 1773 quoque
1937 1721 2102 1775 syno-

539 1793 666 1846 dum
702 1795 994 1864 ahrogasse
1045 1799 1292 1852 cernitur
1329 1809 1550 1868 propter
1588 1802 1846 1854 unionem
1881 1812 1934 1856 et
1963 1817 2098 1856 eon-

539 1887 785 1938 eordiam
841 1885 1116 1942 Ecclesiae.
1149 1888 1212 1942 Et
1271 1891 1620 1946 Innocentius
1671 1907 1806 1961 papa
1853 1895 1948 1958 ait,
2006 1907 2098 1948 ca-

543 1977 653 2046 pite
709 1980 901 2058 quinto
939 1997 954 2035 :
1001 1981 1095 2034 Isti
1142 1995 1170 2034 a
1221 1981 1436 2036 Bonoso
1471 1985 1728 2040 lueretico
1750 1987 1986 2041 ordinati
2016 2003 2102 2041 rc-

541 2068 836 2135 cipiantnr,
882 2085 949 2123 ne
986 2071 1181 2124 iterum
1214 2073 1471 2127 scandala
1509 2075 1563 2127 in
1594 2074 1836 2132 Ecclesia
1867 2077 1960 2132 Dei
1991 2079 2104 2133 ori-

541 2166 719 2212 antur.
787 2159 972 2228 Neque
1034 2161 1311 2219 damnatis
1371 2165 1546 2219 solum
1630 2167 1782 2234 istis,
1845 2169 1971 2225 licet
2027 2179 2104 2224 ta-

541 2245 621 2300 les
652 2258 858 2313 essent,
887 2255 942 2302 et
975 2263 1041 2304 ex
1084 2251 1328 2318 ipsorum
1365 2258 1752 2324 promptuariis
1786 2259 2102 2313 exsistenti-

543 2336 646 2390 hus
684 2336 786 2405 (a),
820 2338 934 2392 haec
957 2341 1255 2408 apostolica
1299 2345 1458 2399 sedes
1503 2347 1894 2404 ecclesiastica:
1954 2351 2104 2419 pacis

542 2441 729 2496 curam
763 2443 959 2497 gerens
983 2432 1381 2488 anxiliatricem
1415 2447 1635 2489 manum
1669 2440 1916 2506 porrexit
1955 2458 1968 2504 ;
2013 2456 2106 2497 ve-

544 2533 660 2569 rnm
687 2520 851 2572 etiam
884 2523 1206 2578 orth'odoxis
1240 2525 1518 2594 episcopis
1569 2535 1622 2580 et
1650 2529 1979 2596 patriarchis
2033 2532 2100 2586 ad

543 2607 718 2678 ipsam
775 2611 1244 2682 confugientibus.
1283 2614 1344 2668 Et
1370 2617 1559 2684 paucis
1589 2620 1933 2687 interiectis:
1968 2622 2102 2676 Cum

543 2699 686 2750 enim
743 2702 907 2754 semel
969 2702 1082 2758 haec
1140 2706 1439 2773 apostolica
1501 2709 1662 2763 sedes
1717 2710 1900 2766 claves
1949 2727 2106 2768 acce-

547 2791 715 2856 pisset
781 2795 928 2861 regni
979 2796 1245 2850 caelorum
1295 2812 1325 2850 a
1370 2801 1546 2869 primo
1578 2811 1631 2854 et
1677 2818 1873 2872 magno
1920 2807 2103 2875 ponti-

549 2883 646 2935 fice
675 2882 801 2936 Jesn
833 2885 1056 2940 Christo
1097 2903 1194 2956 per
1234 2891 1946 2962 principemapostolornm
2003 2897 2106 2952 Pe-

545 2983 712 3035 trum,
737 2991 862 3028 cum
897 2978 969 3030 illi
995 2979 1221 3035 dixisset
1245 2998 1260 3034 :
1285 2982 1400 3036 Tibi
1422 2984 1559 3037 dabo
1588 2986 1759 3040 claves
1787 2989 1933 3059 regni
1950 2990 2107 3043 creto-

2193 609 2570 679 ἐπειγομένων
2619 609 2728 662 τῶν
2783 607 3091 677 ἀνθρώπων
3143 610 3575 677 παραδαίνεσθαι
3628 613 3741 676 τοὺς

2192 699 2685 768 ἐκκλησιαστικοὺς
2725 699 2958 761 κανόνας
3006 699 3314 767 συμϐαίνει.
3351 701 3472 752 Ἔτι
3514 699 3571 753 δὲ
3613 702 3741 755 καὶὸ

2197 794 2430 854 πάππας
2451 793 2708 856 Γελάσιος
2739 793 2869 864 περὶ
2900 792 2994 846 τοῦ
3032 793 3199 858 αὐτοῦ
3247 793 3414 861 λέγει,
3453 795 3536 847 ὃτι.
3580 795 3742 848 Ὅπου

2197 885 2286 954 βία
2315 885 2376 937 οὐ
2410 885 2721 952 πρόκειται,
2755 885 3166 954 ἀμετάτρεπτοι
3204 885 3518 949 μενέτωσαν
3547 885 3594 938 οἱ
3645 885 3744 937 τῶν

2198 977 2370 1043 ἁγίων
2414 976 2673 1045 Πατέρων
2707 975 2922 1044 θεσμοί.
2971 975 3246 1038 Ὡσαύτως
3275 977 3368 1028 καὶ
3397 976 3426 1027 δ
3458 975 3745 1039 ἀγιώτατος

2196 1067 2430 1130 πάππας
2471 1065 2626 1120 Λέων
2649 1067 2707 1118 ὲν
2745 1065 2822 1134 τῷ
2850 1067 3002 1135 αύτῷ
3061 1066 3436 1119 διακελεύεται
3486 1065 3745 1133 πνεύματι

2194 1155 2370 1224 λέγων
2409 1171 2424 1187 ⁸
2458 1158 2634 1210 Ὅπου
2663 1157 2726 1209 ού
2757 1157 3041 1225 πρόκειται
3073 1155 3185 1225 βία.
3232 1157 3518 1209 ἀσάλευτοι
3572 1155 3749 1223 διαμεο

2195 1247 2437 1300 νέτωσαν
2468 1247 2517 1298 οἱ
2562 1247 2759 1314 θεσμοὶ
2823 1246 2934 1298 τῶν
2985 1247 3156 1313 ἁγίων
3210 1245 3509 1314 Πατέρων·
3540 1245 3670 1296 ὅπου
3697 1244 3748 1296 δὲ

2197 1338 2411 1406 ἀνάγκη
2439 1337 2531 1390 καὶ
2566 1337 2656 1405 βία
2687 1335 3024 1404 εὑρίσκεται,
3059 1337 3177 1388 ἐκεῖ
3210 1337 3347 1404 πρὸς
3386 1333 3447 1386 τὸ
3483 1333 3750 1402 συμφέρον

2206 1429 2308 1496 τῆς
2353 1429 2681 1493 Ἐκκλησίας
2711 1427 2845 1479 Θεοῦ
2887 1428 2915 1480 ὁ
2946 1427 3044 1492 τὴν
3098 1425 3344 1491 ἐξουσίαν
3375 1427 3517 1496 ἔχων
3559 1427 3750 1476 οἰκονο-

2201 1521 2392 1589 μείτω.
2426 1518 2516 1582 Ἐξ
2545 1519 2790 1586 ἀνάγκης
2818 1519 2925 1586 γὰρ
2949 1518 3090 1571 κατά
3127 1518 3220 1570 τὸν
3254 1515 3398 1569 θεῖον
3441 1513 3751 1567 Ἀπόστολον

2199 1611 2293 1664 καὶ
2315 1610 2480 1678 νόμου
2513 1608 2800 1676 μετάθεσις
2847 1608 3080 1674 γίνεται.
3139 1607 3246 1660 Καὶ
3303 1605 3472 1672 Φῆλιξ
3524 1605 3600 1669 ll)
3643 1602 3697 1654 δὲ
3727 1601 3752 1650 ὁ

2201 1703 2432 1762 πάπποις
2459 1701 2669 1763 τούτοις
2697 1700 2994 1768 συνηγορεῖ
3024 1697 3228 1764 λέγων⁹
3270 1697 3379 1749 Kal.
3417 1695 3549 1763 περὶ
3573 1692 3752 1746 τούτου

2177 1793 2309 1862 ξχρὴ
2347 1789 2675 1858 σκέψασθαι,
2735 1791 2823 1844 ἵνα
2861 1791 2994 1842 ὅπου
3039 1789 3326 1858 ἀπαντήσῃ
3365 1788 3605 1853 ἀνάγκη,
3635 1781 3752 1836 πυλ-

2205 1884 2362 1945 λάκις
2394 1884 2451 1935 αἱ
2487 1882 2774 1944 συστάσεις
2826 1880 2968 1942 τῶνκ
2989 1880 3254 1952 Πατέρων
3313 1876 3750 1946 παραδαίνονται.

2202 1971 2412 2026 Οὐκοῦν
2444 1971 2582 2024 ἀλλὰ
2618 1971 2713 2023 καὶ
2739 1969 2822 2037 (2)
2861 1969 2901 2039 η’
2931 1969 3061 2036 άγία
3091 1968 3309 2030 σύνοδος
3348 1969 3380 2036 ἡ
3430 1970 3489 2020 ὲν
3550 1965 3758 2032 Καρθα-

2201 2063 2333 2133 γένῃ
2376 2063 2435 2116 ὲν
2472 2060 2547 2114 λε’
2605 2063 2892 2132 κεφαλαίῳ
2940 2061 3123 2130 λέγει·
3186 2060 3527 2130 Κελεύομεν,
3581 2059 3664 2111 ἵνα
3710 2055 3757 2108 οί

2202 2155 2462 2223 κληρικοὶ
2533 2153 2702 2207 πάλιν
2738 2153 2847 2207 τῶν
2896 2151 3234 2206 Δονατιστῶν
3287 2152 3368 2214 εἰς
3400 2151 3501 2219 τὴν
3546 2146 3760 2212 Ἐκκλη·

2205 2247 2327 2299 σίαν
2357 2245 2784 2316 ἀνακάμψωσιν,
2822 2245 3026 2315 καίπερ
3066 2244 3163 2297 καὶ
3193 2244 3390 2313 πρώην
3419 2242 3524 2295 ὑπὸ
3549 2238 3755 2293 συνόδου

2202 2337 2620 2409 καθαιρεθέντες
2640 2355 2656 2370 ο
2688 2336 2786 2392 καὶ
2841 2335 3062 2400 σύνοδος
3091 2336 3286 2406 δρᾶται
3319 2331 3540 2387 σύνοδον
3573 2329 3760 2383 λύουσα

2202 2430 2289 2484 διά
2319 2429 2417 2500 τὴν
2445 2429 2642 2484 ἕνωσιν
2680 2430 2774 2485 καὶ
2803 2430 3059 2498 ὁμόνοιαν
3087 2427 3188 2497 τῆς
3250 2426 3606 2495 Ἑκκλησίας.
3658 2418 3758 2474 Καὶ

2216 2520 2564 2582 Ἰννοκέντιος
2597 2519 2654 2573 δὲ
2690 2522 2720 2574 ό
2757 2521 2990 2583 πάππας
3019 2519 3172 2586 λέγει
3222 2518 3281 2572 ἑν
3311 2513 3390 2587 τῷ
3424 2516 3655 2584 πέμπτῳ
3679 2527 3760 2562 κε-

2207 2614 2445 2684 φαλαίῳ·
2477 2613 2640 2668 Οὗτοι
2673 2615 2722 2668 οἱ
2763 2613 3238 2684 χειροτονηθέντες
3276 2611 3383 2666 ὑπὸ
3435 2608 3662 2663 Βονόσου
3690 2603 3756 2674 (3)

2205 2707 2302 2760 τοῦ
2325 2706 2611 2776 αἱρετικοῢ
2640 2705 3011 2778 δεχέσθωσαν,
3055 2705 3142 2758 ἴνα
3174 2702 3250 2773 μὴ
3303 2701 3470 2755 πάλιν
3504 2695 3758 2753 σκάνδαλα

2207 2800 2266 2851 Iw
2299 2801 2364 2869 τῇ
2401 2799 2699 2870 Ἐκκλησία
2749 2799 2845 2851 τοῦ
2904 2797 3040 2851 Θεοῦ
3076 2797 3316 2864 άναφυῇ.
3350 2795 3466 2848 Καὶ
3498 2793 3574 2844 ὀύ
3611 2788 3759 2858 μόνον

2206 2890 2440 2954 τούτοις,
2472 2891 2674 2960 καίπερ
2695 2890 2814 2945 οὖσι
2844 2891 3135 2952 τοιούτοις,
3175 2889 3271 2942 καὶ
3299 2885 3360 2950 ἐξ
3409 2882 3590 2938 αὐτῶν
3614 2876 3756 2933 οὖσιν

2208 2981 2539 3052 ὲξῦιιρέσεως
2575 2983 2675 3053 (4),
2707 2985 2740 3052 ἡ
2770 2980 3108 3052 ἀποστολικὴ
3146 2980 3285 3048 αὕτη
3311 2976 3553 3047 καθέδρα
3579 2973 3760 3030 καθαι-

547 3081 681 3127 rum,
708 3077 752 3118 et
781 3083 1097 3137 quwcuuque
1128 3070 1369 3139 ligaveris
1401 3091 1556 3141 super
1613 3086 1832 3145 terram,
1865 3091 2018 3133 erunt
2039 3081 2101 3134 Ii-

2215 3078 2420 3145 ρεθεϊσι
2445 3077 2543 3144 τῆς
2565 3073 3030 3142 ἑκκλησιαστικῆς
3048 3073 3273 3139 εἰρήνης
3305 3069 3567 3138 φροντίδα
3588 3080 3762 3157 ποιου-

541 3173 609 3225 ga
648 3157 701 3209 in
733 3159 918 3225 caelis;
957 3173 1004 3214 et
1036 3178 1358 3233 quwcunque
1412 3168 1630 3222 solveris
1682 3183 1842 3239 utpar
1881 3181 2100 3243 terram,

545 3255 699 3300 erunt
718 3247 894 3302 soluta
915 3251 966 3302 in
990 3251 1129 3304 caelis
1167 3269 1182 3304 :
1219 3253 1380 3307 habet
1447 3255 1754 3313 facultatem
1811 3263 2104 3319 nniversim

549 3339 752 3408 ligandi
786 3347 948 3409 atque
969 3344 1210 3397 solvendi
1251 3354 1304 3398 et
1333 3345 1630 3400 secundum
1662 3351 1985 3420 prophetam
2017 3355 2108 3410 ιθ-

550 3433 776 3486 remiam
813 3435 1075 3488 evellendi
1103 3441 1593 3507 atqneplantaudi.
1654 3442 1767 3499 Hae
1809 3446 1876 3500 de
1943 3462 2108 3502 causa

549 3524 989 3578 uosanctoritatc
1009 3526 1088 3580 usi
1112 3527 1370 3597 prineipis
1423 3533 1797 3600 apostolorum
1826 3535 2108 3593 Petrienm

552 3611 828 3678 universa,
854 3629 973 3682 quas
998 3619 1138 3683 apud
1177 3633 1276 3670 nos
1309 3629 1415 3683 est,
1473 3623 1821 3678 sanctissima
1875 3625 2112 3681 Ecclesia

547 3718 942 3769 asseveramus,
964 3707 1107 3775 quod
1129 3709 1417 3777 recipimus
1441 3711 1709 3767 Photium.
1729 3731 1750 3768 ι
1778 3715 1914 3780 Quid
1932 3719 2114 3786 itaque

549 3797 600 3850 in
621 3797 702 3850 his
720 3805 821 3860 cst,
841 3798 984 3865 quod
1005 3813 1102 3854 nos
1119 3798 1380 3855 debemus
1395 3803 1702 3858 addiscere?
1731 3806 1970 3859 Primum
1985 3808 2078 3876 qui
2091 3824 2112 3847 ά

546 3887 692 3949 dem,
744 3889 1012 3958 synodum
1073 3907 1104 3944 a
1149 3894 1362 3962 synodo
1420 3895 1491 3948 ob
1521 3895 1812 3951 utilitatem
1863 3899 2110 3954 dissolvi.

2213 3167 2347 3236 μένη
2374 3169 2533 3235 χεῖρα
2566 3163 2821 3236 βοηθείας
2851 3162 3060 3232 ὤρεξεν
3107 3163 3208 3231 (5),
3242 3162 3378 3214 ἀλλά
3430 3163 3529 3214 καὶ
3560 3153 3762 3226 όρθοδό·

2214 3261 2326 3324 ξοις
2360 3259 2646 3326 ίεράρχαις
2683 3257 2776 3309 καὶ
2818 3253 3188 3323 πατριάρχαις
3221 3255 3300 3313 εἰς
3334 3250 3504 3319 αὐτὴν
3535 3262 3762 3314 καταφυα

2211 3350 2420 3419 γοῦσιν.
2442 3349 2548 3402 Καὶ
2581 3349 2719 3417 μετά
2740 3363 2865 3400 τινα
2886 3361 2901 3377 ο
2928 3344 3202 3407 Καθάπαξ
3225 3346 3332 3414 γάρ
3363 3342 3393 3394 δ
3421 3334 3764 3394 ἀποστολικὸς

2212 3439 2370 3505 οὗτος
2401 3441 2592 3509 θρόνος
2637 3438 2823 3492 λαϐὼν
2853 3438 2952 3501 τὰς
2989 3437 3140 3500 κλεῖς
3183 3435 3286 3504 τῆς
3337 3433 3614 3504 βασιλείας
3663 3427 3763 3481 τῶν

2213 3535 2460 3604 οὐρανῶν
2501 3535 2654 3604 παρά
2679 3532 2773 3585 τοῦ
2812 3531 3034 3601 πρώτου
3072 3530 3166 3584 καλ⁵
3210 3528 3447 3600 μεγάλου
3479 3521 3762 3616 ἀρχιερέως
3827 3595 3842 3616 .

2224 3626 2402 3696 Ἰησοῦ
2432 3624 2676 3696 Χριστοῦ
2703 3624 2792 3679 διά
2827 3623 2922 3678 τοῦ
2984 3623 3285 3692 κορυφαίου
3322 3621 3434 3674 τῶν
3469 3614 3764 3676 ἀποστόλων

2217 3723 2449 3790 Πέτρου,
2475 3718 2727 3778 εἰπόντος
2759 3715 2894 3786 πρὸς
2920 3713 3084 3767 αὐτόν
3104 3729 3117 3744 ο
3149 3712 3248 3767 Σοὶ
3294 3711 3469 3765 δώσω
3492 3709 3599 3774 τὰς
3616 3700 3765 3764 κλεῖς

2215 3809 2327 3876 τῆς
2347 3806 2676 3872 βασιλείας
2713 3804 2835 3857 τῶν
2891 3799 3202 3867 οὐρανῶν-ο
3235 3801 3334 3854 καὶ
3360 3801 3392 3854 δ
3435 3799 3548 3854 ἐὰν
3585 3793 3768 3858 δήσῃς

2214 3901 2311 3955 ἐπὶ
2340 3899 2452 3966 τῆς
2475 3896 2607 3966 γῆς,
2627 3896 2799 3951 ἔσται
2830 3893 3160 3964 δεδεμένον
3185 3894 3254 3946 ἐν
3281 3892 3408 3956 τοῖς
3459 3882 3728 3958 οὐρανοῖς
3753 3895 3766 3911 ·

549 3980 753 4034 Deinde
799 3983 1150 4038 confirmatur
1202 3995 1426 4056 urgente
1487 3990 1817 4045 necessitate
1873 4006 2101 4048 canones

2217 3991 2317 4045 καὶ
2345 3989 2376 4044 δ
2415 3989 2524 4044 ἐὰν
2563 3989 2765 4058 λύσῃς
2792 3985 2891 4041 ἐπὶ
2925 3985 3039 4051 τῆς
3068 3984 3204 4054 γῆς,
3231 3985 3402 4038 ἔσται
3450 3977 3770 4049 λελυμένον

549 4077 674 4128 item
709 4079 925 4134 unionis
959 4095 1120 4135 causa
1140 4092 1192 4134 et
1225 4083 1540 4137 concordiae
1564 4083 1820 4140 Ecclesia:
1854 4087 2101 4141 relaxari.

2218 4083 2289 4136 ἐν
2324 4081 2447 4147 τοῖς
2482 4079 2764 4148 οὐρανοῖς
2813 4079 2913 4148 (6),
2951 4078 3064 4147 ἔχει
3101 4076 3351 4142 ἐξουσίαν
3405 4073 3632 4128 καθόλου
3658 4067 3769 4120 δεσ‹

549 4179 602 4221 et
635 4171 996 4234 apostolicum
1020 4172 1274 4225 thronum
1297 4175 1576 4242 possidere
1609 4177 1789 4230 claves
1829 4178 1978 4243 regni
2008 4193 2101 4232 cmi

2221 4175 2344 4244 μεῖν
2374 4191 2435 4226 τε
2461 4174 2558 4224 καὶ
2589 4171 2738 4224 λύειν
2773 4172 2868 4223 καὶ
2891 4169 3034 4223 κατὰ
3060 4169 3153 4222 τδν
3183 4167 3475 4238 προφήτην
3515 4156 3768 4229 Ἱερεμίαν

551 4259 751 4322 lorum,
779 4261 974 4328 ligandi
996 4272 1154 4330 atque
1173 4264 1438 4328 solvendi,
1458 4263 1770 4318 eradicandi
1785 4273 1945 4332 atque
1963 4265 2101 4334 plan-

2219 4263 2472 4332 ὲκριζοῦν
2500 4265 2593 4318 καὶ
2621 4261 3022 4330 καταφυτεύειν
3051 4260 3136 4330 (7)
3170 4276 3182 4290 ·
3212 4258 3302 4312 διὰ
3327 4257 3487 4311 τοῦτο
3519 4247 3770 4318 καὶήμεῖς

551 4353 718 4406 laudi.
737 4354 793 4406 Si
817 4355 996 4421 itaque
1029 4353 1170 4407 hanc
1189 4357 1452 4424 synodum
1488 4355 1564 4407 nti
1587 4356 1980 4411 mcuntenieam
2000 4373 2101 4410 am'

2221 4361 2290 4427 τῇ
2319 4357 2578 4425 αὐθεντξᾳ
2603 4354 2698 4407 τοῦ
2744 4351 3048 4423 κορυφαίου
3098 4350 3207 4403 τῶν
3238 4349 3553 4404 ἀποστόλων
3579 4343 3772 4406 Πέτρου

549 4444 823 4509 plectitur,
842 4452 896 4496 et
917 4445 1226 4498 testimonia
1242 4461 1305 4499 ex
1339 4447 1451 4514 ipsa
1475 4447 1697 4514 profert,
1743 4447 1873 4516 quid
1917 4460 2101 4500 novun

2222 4445 2499 4516 χρώμενοι
2563 4443 2704 4513 μετὰ
2736 4443 2920 4514 πάσης
2961 4442 3061 4511 τῆς
3116 4432 3256 4493 acab“
3283 4439 3430 4509 ἡμᾶς
3478 4431 3770 4503 ἀγιιιιιιτάτης

548 4541 643 4585 aut
691 4543 887 4602 praeter
935 4537 1396 4598 exspectationem
1441 4538 1640 4590 factum
1664 4538 1832 4593 fuisse
1867 4539 2101 4608 opinatut

2225 4536 2558 4604 Ἐκκλησίας
2597 4533 3045 4606 παρεγγυώμεθα
3089 4531 3344 4599 δέξασθαι
3381 4531 3474 4582 τὸν
3505 4530 3716 4581 Φώτιον.
3750 4533 3768 4566 ι

549 4624 617 4678 ab
642 4625 756 4692 ipsa
783 4626 1010 4692 synodo,
1040 4640 1159 4678 cum
1209 4615 1461 4680 nuarum
1489 4627 1664 4696 primo
1698 4629 1926 4696 praesule
1959 4630 2101 4683 talen

2223 4630 2287 4682 Τί
2314 4627 2408 4681 οὖν
2438 4630 2520 4698 (8)
2561 4627 2710 4680 ἔστιν
2744 4627 2802 4680 ὲν
2852 4625 3062 4687 τούτοις
3099 4625 3326 4694 μαθεῖν;
3389 4622 3606 4691 Πρῶτον
3660 4609 3770 4698 ait.

549 4714 652 4767 sbi
676 4717 1052 4768 auctoritatem
1070 4727 1346 4770 asserente
1363 4727 1417 4770 et
1440 4719 1490 4770 in
1519 4717 1611 4770 tali
1638 4719 1821 4786 agnito
1840 4719 1907 4772 ab
1929 4727 2101 4773 octava

2223 4723 2308 4775 ὅτι
2345 4720 2564 4782 σύνοδος
2598 4717 2818 4772 σύνοδον
2847 4716 2965 4769 λύει
2998 4716 3067 4768 δι’
3109 4715 3412 4783 ὠφέλειαν·
3463 4710 3582 4764 εἶτα
3635 4696 3773 4756 συνί-

550 4807 766 4874 Synndo
784 4809 1136 4874 concesserit,
1161 4808 1322 4861 etiam
1347 4825 1490 4862 nunc
1512 4822 1633 4862 cam
1655 4826 1870 4865 sacrum
1891 4812 2101 4880 Symboi

2239 4828 2454 4876 σταται,
2480 4811 2563 4863 ὅτι
2586 4809 2834 4877 ἀνάγκης
2863 4805 3219 4874 ἐπικειμένης
3241 4803 3606 4873 παραλύονται
3631 4788 3777 4880 κανόξ

554 4899 663 4949 lum
688 4913 809 4951 cum
837 4899 978 4952 dicta
1014 4901 1350 4968 expositione
1387 4901 1438 4955 in
1488 4898 1729 4955 Romana
1757 4901 2020 4964 Ecclesia,
2061 4907 2101 4958 ir

2225 4919 2314 4965 νες
2377 4901 2443 4954 δι’
2476 4899 2671 4954 ἕνωσιν
2709 4898 2808 4952 καὶ
2857 4897 3110 4967 ὁμόνοιαν
3144 4896 3242 4965 τῆς
3279 4892 3607 4962 Ἐκκλησίας
3629 4901 3644 4916 ⁹
3691 4877 3776 4934 καὶ

547 4987 807 5042 Orienmli
833 5006 982 5052 vero,
1006 4998 1167 5060 p‘rout
1189 5005 1217 5044 ο
1263 4991 1529 5062 principio
1554 5001 1863 5048 contextum
1889 4995 2012 5050 est?

2223 4993 2308 5046 ὅτι
2335 4993 2362 5045 ὁ
2388 4990 2748 5052 ἀποστολικὺς
2775 4988 2963 5058 θρόνος
2998 4987 3111 5056 ἔχει
3161 4987 3268 5047 τὰς
3319 4985 3467 5047 κλεῖς
3518 4985 3611 5052 τῆς
3640 4978 3778 5047 βασι-

545 5081 693 5145 λείας
725 5081 799 5152 (9)
829 5083 936 5134 τῶν
999 5084 1272 5153 οὐρανῶν,
1344 5085 1435 5138 τοῦ
1487 5085 1707 5156 δεσμεῖν
1745 5105 1801 5139 τε
1848 5088 1944 5140 καὶ
1976 5087 2126 5142 λύειν
2166 5087 2262 5141 καὶ
2299 5083 2553 5156 ἐκριζοῡν
2618 5082 2714 5135 καὶ⁹
2735 5077 3132 5148 καταφυτεύειν
3169 5076 3304 5147 (10).
3339 5078 3401 5131 El
3453 5075 3550 5129 οὖν
3590 5080 3774 5132 ταυτην

618 5296 694 5360 (l)
719 5293 848 5346 Cod.
878 5291 1019 5346 illan.
1052 5292 1140 5357 27,
1161 5292 1196 5345 f.
1237 5293 1332 5346 I59
1363 5309 1409 5352 ει,
1436 5290 1621 5353 Φίληξ.

623 5358 697 5426 (‘2)
727 5363 914 5416 Melior
935 5363 1126 5420 lectior
1151 5365 1209 5415 αὐ
1240 5363 1350 5431 μὴν
1376 5363 1427 5414 δὲ
1451 5360 1587 5413 ἀλλά
1645 5359 1916 5427 reperitur
1952 5358 2110 5413 alias.

625 5434 700 5500 (5)
732 5431 864 5484 Cod.
892 5431 1013 5485 Mon
1046 5474 1060 5497 ,
1091 5431 1332 5485 Βινόσου.
1357 5432 1449 5485 Sic
1470 5438 1522 5482 et
1551 5431 1855 5500 Bevereg.l.
1885 5448 1934 5484 e.

545 5523 548 5528 '
621 5499 700 5570 (’5)
725 5501 864 5570 “uti.
887 5502 945 5560 ἐξ
974 5503 1264 5570 αἱρήσεως.
1287 5500 1472 5558 ΒονθΓ.
1505 5499 1692 5554 eadem
1730 5499 1908 5554 habet.

618 5571 696 5641 (Pi)
732 5569 873 5641 Men.
921 5569 1146 5638 ὤρυξεν.

622 5640 699 5711 (6)
727 5640 911 5695 Matth.
949 5657 1057 5706 xw,
1114 5642 1198 5696 l9.

2292 5289 2369 5354 (7)
2405 5287 2606 5342 .lerem.
2627 5301 2666 5347 ι,
2719 5283 2805 5338 l0.

2395 5338 2727 5432 “usque
2755 5353 2826 5408 ad
2845 5352 3006 5407 linem
3037 5362 3161 5419 cap.
3187 5363 3406 5432 rursum
3437 5349 3596 5404 habet
3621 5338 3768 5396 Allal.

2224 5429 2260 5482 I'
2288 5425 2838 5568 isfiﬁé’Qémezac
2861 5491 3039 5568 οιιιίιι.
3071 5487 3329 5554 Mon.27,
3364 5489 3404 5546 ι’.
3436 5489 3539 5546 ιδθ
3570 5485 3620 5540 b.

2301 5559 2412 5636 (lli)
2445 5559 2590 5618 Mori.
2609 5565 2727 5628 cit.,
2746 5559 3019 5630 φυτεύειν.

633 5823 712 5897 (α)
744 5824 896 5896 Apud
939 5824 1135 5878 Baron.
1170 5823 1206 5876 l.
1235 5840 1282 5878 ρ.
1310 5838 1364 5876 ιι.
1401 5820 1508 5875 9.3:
1545 5841 1561 5872 ι
1593 5818 1748 5874 Licet
1778 5817 1914 5874 tales
1950 5824 2160 5882 essent,
2203 5824 2258 5872 ut
2289 5832 2354 5872 ex
2381 5815 2487 5872 illis
2514 5814 2760 5880 fuissent
2785 5823 2844 5870 ut
2867 5812 3110 5871 haeretici
3139 5809 3402 5868 damnati.
3438 5826 3467 5864 ι
