3998 6432
210 405 308 473 ῘΟῙ

1434 402 1746 472 CONTRA
1788 404 2216 473 EPHESIUM.

3367 405 3468 470 102

207 527 378 590 μέγας
447 517 722 583 Βασίλειος
775 519 835 572 ἐν
899 512 1007 583 τοῖς
1077 521 1463 592 Ἀσκητικοῖς’
1499 541 1519 576 ι
1571 525 1781 591 Φανερὰ

1891 526 2147 582 candum.
2199 543 2217 576 ι
2251 522 2318 579 Et
2352 539 2580 594 magnus
2614 522 2851 577 Basilius
2895 520 2948 576 in
2975 517 3238 574 Asccticis
3265 535 3278 573 :
3310 537 3328 570 ι
3358 517 3466 570 Ma-

201 612 477 674 εκπτωσις
514 611 758 674 πίστεως
805 611 900 664 καὶ
932 614 1316 682 ὑπερηφανίας
1361 616 1670 687 κατηγορία
1699 614 1780 687 (1)

205 709 239 774 ἦ
298 705 511 758 ἀθετεῖν
558 721 612 756 τι
685 704 794 756 τῶν
843 706 1249 776 γεγραμμένων
1297 708 1330 778 ἢ
1378 709 1692 776 ἑπεισάγειν
1730 727 1786 763 τι

203 796 312 848 τῶν
370 797 445 864 μὴ
495 797 924 865 γεγραμμένων,
975 797 1070 850 τοῦ
1129 799 1336 870 Κυρίου
1385 800 1545 870 ἡμῶν
1601 801 1782 868 Ἰησοῦ

206 886 444 956 Χριστοῦ
487 887 768 949 εἰπόντος·
810 888 883 942 Τὰ
940 887 1052 956 ἐμὰ
1106 889 1371 957 πρόϐατα
1417 888 1528 958 τῆς
1574 890 1785 959 φωνῆς

198 997 322 1047 μου
377 979 582 1032 ἀκούει
637 978 738 1050 (2),
792 979 888 1032 καὶ
955 981 1060 1049 πρὸ
1103 981 1290 1033 τούτου
1341 981 1418 1054 (3)
1467 982 1784 1051 εἰρηκότος·

219 1071 537 1134 Ἀλλοτρίῳ
578 1068 645 1122 δὲ
687 1072 760 1123 οὺ
787 1071 876 1138 μὴ
910 1070 1450 1138 ἀκολουθήσουσιν
1482 1071 1589 1140 (4),
1621 1071 1786 1126 ἀλλὰ

206 1160 531 1229 φεύξονται
558 1162 659 1215 ἀπ’
692 1161 901 1226 αὑτοῦ,
932 1162 1019 1216 ὅτι
1045 1165 1156 1218 οὐκ
1189 1163 1393 1218 οἴδασι
1422 1165 1539 1232 τὴν
1574 1162 1787 1232 φωνὴν

206 1252 328 1306 τῶν
359 1254 696 1321 ἀλλοτρίων
727 1252 828 1324 (5).

809 1342 1172 1398 ΔΠΟΛΟΓῙΑ.

278 1433 350 1486 Τὸ
380 1435 715 1502 όμοούσιον
738 1435 918 1488 καὶτὸ
953 1436 1268 1502 Θεοτόκος,
1299 1437 1338 1505 ἡ
1369 1437 1457 1492 ἀεὶ
1489 1439 1786 1507 παρθένος

205 1525 425 1595 Μήτηρ
465 1527 725 1595 Χριστοῦ
752 1527 856 1582 τοῦ
891 1527 1063 1592 Θεοῦ,
1097 1531 1147 1582 οἱ
1174 1531 1462 1584 ἀπόστολοι
1491 1535 1592 1586 οὐκ
1623 1535 1788 1599 εὐαγ-

203 1619 514 1685 γελίσαντο,
541 1618 659 1672 ἀλλ’
688 1619 795 1673 οὐδ’
824 1621 924 1674 ὅσα
960 1622 1007 1674 oi
1034 1620 1182 1688 ἅγιοι
1217 1622 1541 1692 ἐξηπλωσαν
1575 1626 1633 1676 ὲν
1666 1626 1784 1688 τοῖς

205 1713 372 1782 ἱεροῖς
403 1711 583 1764 αὐτῶν
622 1713 1056 1783 συγγράμμασιν
1079 1733 1091 1744 ·
1130 1715 1166 1769 ἆ
1203 1717 1386 1770 πάντα
1413 1719 1446 1785 ἡ
1479 1719 1783 1786 Ἐκκλησία

206 1803 606 1872 ὲνστερνίςεται
654 1806 1070 1878 παραδεξαμένη
1121 1805 1294 1862 ταῦτα
1356 1811 1452 1862 καὶ
1505 1815 1780 1868 πιστεύει.

209 1894 272 1945 Τί
299 1888 394 1946 οὖν
425 1895 517 1946 καὶ
547 1895 676 1964 περὶ
721 1897 820 1961 τῆς
851 1895 1151 1966 ιναλλαγῆς
1184 1897 1265 1968 (6)
1315 1900 1416 1968 τῆς
1447 1904 1779 1972 προθέσεως.

208 1984 306 2052 τῆς
355 1985 413 2035 ὲν
450 1985 528 2055 τῷ
603 1985 923 2056 Ιίὐαγγελίῳ
981 1989 1268 2060 Κυριακῆς
1342 1995 1524 2064 φωνῆς
1595 1996 1780 2064 λεγού-

208 2091 306 2145 σης
334 2118 349 2141 ,
396 2077 456 2127 Ὃ
489 2076 647 2143 παρὰ
684 2077 790 2131 τοῦ
814 2080 1041 2146 Πατρός
1082 2082 1490 2151 ἐκπορεύεται,
1525 2091 1678 2156 παρὰ
1722 2089 1779 2142 δὲ

208 2167 315 2218 τῶν
366 2167 563 2220 ἑκατὸν
628 2169 966 2239 πεντήκοντα
1026 2173 1198 2240 ἁγίων
1256 2177 1521 2248 Πατέρων
1566 2179 1678 2232 τῶν
1720 2185 1780 2235 ἐν

211 2261 798 2324 Κωνσταντινουπόλει,
827 2263 896 2316 ἐκ
949 2264 1056 2318 τοῦ
1086 2266 1320 2336 Πατρὸς
1363 2269 1776 2340 ἐκπορεύεται,

211 2353 356 2403 εἴποι
410 2353 488 2420 (7)
516 2353 620 2417 ἄν;
656 2353 928 2424 Πρόδηλον
971 2355 1098 2427 ἄρα,
1139 2359 1224 2412 ὅτι
1279 2362 1408 2430 περ)¹
1462 2365 1782 2429 κακοδοξίαν

205 2443 361 2497 εἷπον
406 2446 500 2498 καὶ
556 2446 715 2514 μόνον
764 2447 812 2498 οἱ
849 2446 1034 2515 ἅγιοι·
1086 2451 1147 2503 οὐ
1195 2452 1307 2522 γὰρ
1367 2456 1523 2510 οιιῖνιτο)⁷
1565 2458 1780 2522 ἑαυτοῖς

211 2538 434 2591 ἐναντία
463 2533 647 2590 εἷπονο
682 2539 842 2608 δῆλον
877 2541 983 2611 γὰρ
1013 2541 1087 2604 ὡς
1144 2545 1202 2596 ὲν
1247 2545 1326 2614 τῷ
1368 2547 1687 2621 Εὐαγγελίῳ
1717 2552 1779 2603 οὐ

211 2630 546 2699 γέγραπται,
580 2630 654 2684 δι’
703 2632 838 2686 Υιοῦ
869 2633 1352 2703 ἐκπορευόμενον
1378 2640 1437 2692 τὸ
1464 2642 1689 2709 Πνεῦμα
1722 2643 1780 2696 τὸ

210 2722 388 2790 ἅγιον,
427 2723 546 2776 οὐδὲ
576 2723 642 2776 ἐκ
669 2724 780 2792 τῆς
809 2727 1020 2792 οὐσίας
1049 2728 1157 2782 τοῦ
1186 2731 1439 2798 Πατρός,
1473 2733 1549 2794 ὡς
1577 2737 1605 2788 ὁ
1637 2737 1780 2802 θεῖος

222 2813 474 2882 Ἰωάννης
514 2816 540 2865 ὁ
573 2817 925 2886 Δαμασκηνὸς
960 2818 1224 2888 θεολογεί,
1254 2821 1365 2874 οὐδ’
1405 2824 1476 2878 ἐκ
1523 2825 1633 2894 τῆς
1679 2831 1781 2883 οὺ-

210 2905 351 2969 σίας
383 2907 489 2960 τοῦ
518 2907 675 2962 Υίοῦ.
707 2909 820 2961 Οὐκ
851 2909 955 2978 ἄρα
983 2909 1168 2981 χώραν
1201 2911 1388 2980 ἔχουσι
1411 2916 1478 2969 τὰ
1513 2919 1782 2988 εἰρημένα

211 2996 364 3065 παρά
387 2997 481 3050 τοῦ
510 2999 786 3068 αἰδεσίμου
831 3002 1080 3070 Ἐφέσου,
1109 3008 1204 3060 καὶ
1246 3010 1279 3078 ἡ
1324 3012 1778 3084 προκομιζομένη

211 3090 345 3160 παρ’
380 3089 545 3142 αὑτοῦ
602 3092 756 3162 ῥῆσις
803 3093 897 3146 τοῦ
931 3094 1074 3148 Gelon
1122 3091 1468 3166 Ἀποστόλου,
1512 3101 1778 3168 ὡσαύτως

211 3183 309 3236 καὶ
341 3182 660 3253 ήὲξήγησις
699 3184 793 3237 τοῦ
825 3187 1222 3256 Χρυσοστόμου
1250 3191 1485 3262 Πατρός.

325 3350 338 3356 _
851 3279 1132 3334 ΕΦΕΣΟΥ.

281 3369 392 3423 Καὶ
437 3369 497 3422 ὲν
534 3369 610 3440 (8)
655 3373 718 3442 τῇ
770 3373 907 3441 πρὸς
955 3373 1286 3441 μονάζοντας
1328 3377 1622 3452 ἐπιστολῇ·
1661 3400 1680 3434 ι
1720 3385 1787 3437 Οἵ

209 3480 352 3526 τινες
401 3464 501 3533 τὴν
554 3464 681 3533 ὑγιῆ
744 3465 929 3519 πίστιν
978 3469 1416 3537 προσποιοῦνται
1467 3474 1780 3543 ὁμολογεῖν,

211 3555 524 3608 κοινωνοῦσι
579 3556 637 3608 δὲ
686 3559 800 3620 τοῖς
852 3558 1198 3630 ἑτερόρροσι,
1232 3562 1361 3627 τοὺς
1390 3565 1692 3633 τοιούτους,
1733 3570 1781 3622 εί

214 3647 348 3714 μετὰ
400 3648 780 3719 παραγγελίαν
811 3652 888 3720 μὴ
945 3652 1251 3718 ἀποστῶσι,
1295 3655 1370 3727 μὴ
1420 3657 1582 3726 μόνον
1631 3661 1784 3714 ἀκοι-

210 3739 482 3807 νωνήτους
514 3739 678 3810 ἔχειν,
711 3741 844 3794 ἀλλὰ
901 3744 1036 3812 μηδὲ
1087 3745 1357 3815 ἀδελφοὺς
1400 3748 1714 3821 ὀνομάζειν.
1759 3769 1776 3802 ι

210 3829 319 3881 Καὶ
358 3833 465 3896 πρ)
518 3834 720 3886 τούτων
752 3836 780 3887 ὁ
813 3834 1070 3905 θεοφόρος
1113 3837 1374 3905 Ἰγνάτιος
1427 3843 1486 3894 ἐν
1533 3844 1599 3913 τῇ
1646 3842 1782 3913 πρὸς

208 3922 298 3973 τὸν
355 3922 496 3975 θεῖον
528 3925 886 3995 Πολύκαρπον
941 3929 1032 3981 τὸν
1063 3929 1139 3998 (9)
1176 3930 1430 4004 Σμύρνης
1480 3936 1737 4008 ἐπιστολῇ
1764 3953 1777 3967 ’

217 4034 236 4064 ι
275 4016 386 4077 Πᾶς
420 4017 448 4068 ὁ
477 4015 666 4083 λέγων,
696 4018 853 4088 φησὶ,
883 4020 1031 4090 παρὰ
1077 4022 1149 4074 τὰ
1198 4021 1628 4096 διατεταγμένα,
1675 4029 1780 4083 κᾶν

211 4107 519 4173 ἁξιὸπιστος
559 4104 614 4179 ᾖ,
668 4108 768 4163 κᾶν
816 4112 1074 4186 νηστεύῃ,
1125 4114 1228 4169 κᾶν
1289 4117 1622 4191 παρθενεύῃ,
1679 4121 1783 4175 κᾶν

211 4200 415 4266 σημεῖα
461 4204 613 4270 ποιῇ,
648 4201 750 4256 κᾶν
799 4205 1142 4278 προφητεύῃ,
1173 4207 1342 4272 λύκος
1384 4210 1468 4263 σο)⁸
1501 4212 1782 4280 φαινέσθω

208 4290 266 4342 ἐν
299 4293 571 4358 προϐάτου
605 4295 735 4366 δορᾷ
767 4297 1059 4364 προϐάτων
1107 4295 1316 4372 φθορὰν
1360 4304 1780 4375 κατεργαζόμε-

211 4397 316 4442 νος.
353 4400 372 4432 ι
418 4384 524 4435 Καὶ
568 4385 618 4436 τί
665 4386 745 4439 δεῖ
788 4387 961 4440 πολλὰ
1011 4389 1193 4458 λέγειν
1217 4411 1233 4457 ;
1270 4393 1548 4458 Ἅπαντες
1598 4397 1646 4450 οί
1683 4399 1780 4467 τῆς

222 4475 544 4544 Ἑκκλησίας
569 4479 903 4540 διδάσκαλοι.
934 4483 1107 4536 πᾶσαι
1143 4484 1200 4536 αἱ
1231 4485 1444 4539 σύνοδοι
1477 4487 1571 4540 καὶ
1605 4489 1780 4542 πᾶσαι

1889 616 2087 671 nifesta
2123 615 2243 671 fidei
2280 615 2519 670 desertio
2553 623 2606 668 et
2638 614 2912 684 superbia:
2954 612 3164 665 crimen
3207 609 3290 662 vel
3333 623 3468 662 con-

1888 715 2135 761 temnere
2160 707 2294 776 quid
2331 721 2542 770 eorum,
2570 721 2689 774 quae
2722 704 2927 773 scripta
2969 712 3120 764 sunt.
3171 701 3252 755 vel
3301 699 3465 753 intin-

1887 812 2015 851 cere
2062 796 2192 866 quid
2249 811 2356 850 non
2405 796 2709 864 scriptum,
2781 809 2907 848 cum
2974 792 3236 847 Dominus
3287 799 3472 844 ηοειιιι·

1887 885 2051 942 Jesus
2083 885 2342 941 Christus
2372 888 2519 941 dicat
2554 903 2566 940 :
2605 885 2739 940 Oves
2775 901 2900 939 mea:
2945 899 3115 936 vocem
3164 894 3329 934 meam
3371 897 3472 932 au-

1887 980 2066 1045 diunt,
2093 986 2146 1032 et
2187 979 2297 1048 jam
2329 989 2485 1033 antea
2538 979 2745 1031 dixerit
2787 988 2802 1030 :
2846 977 3096 1029 Alienum
3145 982 3319 1026 autem
3366 989 3470 1025 non

1889 1079 2193 1138 sequentur,
2228 1071 2319 1124 sed
2352 1071 2554 1140 fugient
2584 1070 2646 1123 ab
2677 1087 2757 1135 eo,
2787 1071 2913 1138 quia
2952 1083 3054 1120 non
3091 1076 3342 1120 noverunt
3379 1081 3468 1118 vo-

1891 1180 1999 1218 cem
2032 1163 2351 1232 alienorum.

2495 1343 2868 1398 APOLOGIA.

1963 1433 2138 1492 Voces
2186 1435 2307 1491 illas
2355 1452 2370 1490 :
2418 1434 2918 1498 Consubstuntiutis,
2961 1431 3228 1502 Deipara,
3268 1445 3473 1484 semrer

1901 1526 2056 1598 Virgo
2086 1525 2262 1580 Mater
2284 1525 2483 1581 Christi
2509 1526 2623 1594 Dei,
2661 1525 2889 1595 apostoli
2917 1538 3024 1578 non
3059 1521 3471 1590 evangelizave-

1891 1631 2037 1685 runt,
2072 1620 2166 1673 sed
2196 1633 2374 1689 neque
2406 1633 2746 1686 quacunque
2779 1617 2956 1670 sancti
2995 1614 3383 1685 explicuerunt
3415 1613 3470 1666 in

1891 1715 2063 1768 sacris
2095 1712 2211 1767 suis
2251 1713 2494 1782 scriptis,
2524 1726 2647 1782 quae
2681 1713 2865 1764 omnia
2901 1707 3142 1763 Ecclesia
3186 1705 3465 1774 amplecti-

1896 1813 1986 1856 tur
2014 1806 2128 1858 lncc
2161 1803 2472 1872 suscipiens
2505 1813 2669 1870 atque
2693 1802 2886 1855 credit.
2907 1799 3048 1866 Quid
3077 1799 3244 1867 igitur
3269 1796 3473 1851 dixerit

1824 1882 1866 1936 Β
1894 1894 1961 1947 de
1995 1895 2428 1949 commutatione
2462 1891 2888 1962 praepositionis,
2921 1906 3050 1946 cum
3085 1890 3139 1944 in
3169 1887 3472 1956 Evangelio

1884 1984 2163 2039 Dominica
2183 2000 2285 2039 vox
2314 1986 2514 2048 edicat,
2547 1983 2647 2048 Qui
2667 1982 2944 2053 (Spiritus)
2968 1999 2999 2034 a
3025 1981 3186 2034 Patre
3211 1978 3468 2050 procedit,

1882 2089 2100 2131 rentum
2138 2094 2265 2132 vero
2296 2077 2693 2146 quinquaginta
2729 2078 2901 2129 sancti
2929 2075 3119 2128 Patres
3152 2071 3474 2126 Constanti-

1883 2168 2064 2235 nepoli
2097 2169 2409 2238 congregati
2443 2185 2456 2220 :
2496 2167 2580 2220 Ex
2619 2167 2780 2220 Patre
2816 2165 3092 2235 procedit?
3121 2162 3469 2218 Manifestum

1881 2272 2274 2328 ergo,sanctos
2308 2261 2454 2314 circa
2470 2260 2665 2314 malam
2684 2259 2994 2328 opinionem
3042 2270 3273 2326 eamque
3296 2255 3469 2310 solam

1881 2352 2094 2406 loeutus
2124 2368 2242 2406 esse
2269 2369 2480 2422 ;ueque
2513 2353 2657 2406 enim
2689 2351 2791 2421 ipsi
2833 2351 3056 2408 sibimet
3085 2351 3220 2418 ipsis
3251 2359 3469 2402 contra-

1883 2445 1961 2496 ria
1992 2443 2156 2496 locuti
2210 2452 2358 2496 sunt.
2413 2443 2610 2512 Liquet
2665 2444 2834 2505 cnim,
2885 2443 2939 2497 in
3005 2441 3304 2513 Erangelio
3358 2457 3467 2495 non

1883 2533 2147 2602 scriptum
2187 2549 2308 2589 esse
2353 2533 2462 2589 Per
2492 2534 2694 2588 Filium
2726 2535 3004 2603 procedere
3043 2534 3306 2604 Spiritum
3338 2550 3470 2588 sano

1884 2636 2033 2682 ctum
2056 2668 2071 2692 ,
2105 2644 2281 2697 neque
2317 2644 2380 2682 ea:
2413 2629 2639 2683 essentia
2677 2627 2882 2693 Patris,
2931 2637 2992 2682 ut
3042 2627 3201 2682 divus
3232 2626 3472 2684 Joannes

1884 2717 2256 2773 Damascenus
2279 2720 2559 2788 praedicat,
2593 2735 2769 2788 neque
2799 2735 2864 2773 ex
2883 2719 3110 2773 essentia
3145 2716 3300 2775 Filii.
3350 2718 3470 2773 Non

1886 2824 2013 2879 ergo
2054 2811 2235 2863 locum
2279 2813 2481 2866 habent
2510 2827 2572 2866 ea
2605 2828 2726 2881 quae
2761 2813 2908 2866 dicta
2940 2819 3072 2867 sunt
3101 2827 3132 2866 a
3163 2813 3470 2868 reverenda

1885 2900 2250 2972 Ephesiorum
2281 2904 2550 2970 antistite,
2581 2913 2637 2960 et
2666 2905 2934 2974 producta
2974 2904 3044 2960 ab
3083 2920 3148 2960 eo
3180 2905 3290 2960 divi
3323 2906 3472 2974 Apo-

1887 2996 2015 3049 stoli
2066 2996 2298 3062 locutio,
2348 3005 2518 3068 atque
2558 2997 2818 3054 similiter
2861 2999 3043 3053 sancti
3087 2997 3474 3070 Cbrysostomi

1885 3088 2224 3158 explanatio.
2259 3071 2268 3079 ’

2339 3270 2582 3328 EPllES.
2626 3273 2804 3346 (esp.
2837 3271 3007 3344 XIX).

1959 3362 2023 3418 Et
2050 3365 2104 3418 in
2136 3365 2370 3436 epistola
2401 3369 2468 3420 ad
2502 3367 2806 3423 monachos
2839 3383 2854 3422 :
2886 3385 2905 3420 ι
2939 3366 3044 3434 Qui
3078 3381 3268 3426 sanam
3314 3370 3474 3425 fidem

1886 3470 1947 3511 se
1975 3456 2224 3511 confiteri
2257 3459 2548 3524 simulant,
2580 3459 2992 3514 communicant
3020 3469 3205 3516 autem
3235 3477 3360 3518 cum
3390 3463 3474 3516 di-

1887 3549 2040 3608 ve'rsa
2065 3553 2452 3618 sentientibus,
2482 3554 2640 3620 tales,
2669 3554 2714 3609 si
2743 3563 2866 3624 post
2898 3554 3331 3610 admonitionem
3359 3572 3472 3612 non

1886 3645 2175 3708 desistant,
2207 3628 2320 3700 non
2341 3646 2520 3700 solum
2550 3647 2961 3704 communionis
2986 3655 3238 3704 extorres
3265 3649 3474 3706 haben-

1885 3735 2006 3799 dos,
2034 3735 2128 3788 sed
2163 3751 2264 3790 nec
2296 3736 2528 3790 fratrum
2563 3737 2788 3792 nomine
2815 3752 2939 3793 esse
2968 3738 3315 3794 salutandos.
3348 3759 3367 3792 ι
3407 3742 3472 3795 Et
3554 3758 3558 3766 ί

1884 3836 2012 3880 ante
2066 3826 2200 3882 istos
2229 3825 2406 3882 deifer
2441 3825 2682 3905 lgnatius
2714 3828 2767 3882 in
2815 3829 3018 3884 litteris
3047 3829 3114 3884 ad
3149 3831 3338 3888 divum
3366 3831 3472 3888 Po-

1886 3920 2167 3990 lycarpum
2217 3921 2465 3993 Smyrna:
2501 3905 2826 3993 episcopum
2867 3925 2945 3977 ait
2995 3941 3010 3978 :
3064 3943 3083 3976 ι
3135 3924 3331 3984 Omnis
3375 3931 3471 4001 qui

1885 4011 2126 4082 loquitur
2157 4021 2354 4082 praeter
2381 4015 2702 4078 constituta,
2746 4016 2965 4070 etiamsi
2995 4016 3102 4071 fide
3135 4019 3338 4090 dignus
3367 4021 3465 4083 sit,

1885 4104 2104 4160 etiamsi
2118 4105 2350 4176 jejnnet,
2372 4106 2590 4162 etiamsi
2620 4107 2992 4178 virginitatem
3016 4119 3224 4176 servet,
3249 4111 3470 4167 etiamsi

1885 4197 2043 4268 signa
2097 4197 2291 4262 faciat,
2325 4199 2542 4254 etiamsi
2600 4200 2972 4269 prophetizet,
3018 4201 3180 4271 lupus
3213 4203 3309 4258 tibi
3340 4219 3470 4259 cen-

1885 4305 2090 4357 seatur,
2132 4293 2184 4346 in
2238 4293 2378 4360 pelle
2423 4294 2606 4347 ovium
2659 4293 2962 4362 perniciem
3009 4297 3194 4351 ovium
3231 4311 3469 4366 operans

1887 4387 1987 4456 (a).
2028 4404 2046 4438 ›
2089 4384 2153 4440 Ει
2184 4387 2313 4456 quid
2343 4395 2557 4455 oportet
2592 4388 2750 4457 plura
2776 4387 2999 4444 dicere?
3034 4387 3239 4446 Omnes
3274 4392 3465 4446 Eccte-

1885 4479 1979 4534 site
2032 4477 2308 4542 doctores,
2363 4492 2555 4534 omnes
2609 4479 2806 4550 synodi
2846 4486 2899 4535 et
2945 4481 3218 4537 universae
3266 4483 3469 4541 divina:

211 4570 267 4620 αἱ
300 4569 444 4622 θεῖαι
474 4569 689 4639 Γραφαὶ
734 4571 958 4640 φεύγειν
1005 4575 1128 4638 τοὺς
1171 4576 1537 4646 ἑτερὸφρονας
1571 4597 1780 4652 παραι-

1891 4569 2190 4641 Scriptura:
2233 4571 2310 4624 ~ad
2351 4572 2510 4627 aliter
2559 4572 2864 4628 sentientes
2905 4574 3159 4630 vitandos
3192 4585 3249 4632 et
3292 4586 3350 4632 ut
3396 4581 3465 4634 ab

211 4661 357 4713 νοῦτι
391 4662 485 4715 καὶ
507 4662 602 4731 τῆς
619 4663 793 4717 αὐτῶν
816 4665 1100 4730 κοινωνίας
1125 4667 1434 4724 διίστασθαι
1464 4669 1598 4742 (10).

803 4777 1171 4834 ΑΠΟΛΟΓΙΑ.

279 4864 340 4916 Et
392 4866 485 4919 καὶ
533 4867 599 4920 τὰ
643 4871 1017 4940 προειρημένα
1073 4872 1402 4944 ἀρκέσουσιν
1452 4874 1536 4934 είς
1569 4875 1774 4945 ἐναργῆ

279 5059 649 5140 Sie_Mon.
677 5065 860 5140 256b,
891 5077 943 5120 et
978 5068 1143 5123 Marc.
1175 5070 1210 5124 f.
1253 5073 1361 5127 250
1388 5089 1416 5126 ἆ
1453 5089 1470 5140 ;
1517 5072 1641 5126 Μοιι
1672 5070 1766 5134 27,

211 5127 252 5180 ί.
400 5149 458 5212 ρ,
481 5135 821 5212 ὑπερηφ-αλιίαι
848 5127 948 5192 ’καὶ
970 5143 1300 5212 κατηγορία.

275 5200 353 5268 (2)
392 5202 548 5257 Joan.
584 5200 652 5266 ι(
673 5200 771 5260 27.

276 5274 352 5346 (δ)
384 5274 530 5346 non.
556 5273 653 5346 527.
682 5276 786 5346 πρὸ

279 5344 352 5418 (ᾗ)
381 5344 526 5418 Dion.
551 5344 679 5418 256,
710 5344 1172 5418 ᾁκολουθήσωσιν.

382 5413 539 5496 θυεμ..
557 5431 608 5476 x,
647 5413 1064 5496 §._hlare._,_-itbu
1086 5423 1307 5496 ᾀλλοτρ.
1330 5424 1428 5496 τὴν
1453 5425 1670 5494 φωνήν.

277 5486 350 5550 (ti)
382 5487 456 5538 Ita
485 5484 625 5539 Men.
657 5486 750 5541 27.
784 5488 822 5545 f.
857 5489 953 5544 Ml
984 5507 1012 5544 a
1041 5508 1056 5558 ;
1088 5484 1266 5548 Marc:
1309 5495 1348 5549 f.
1384 5484 1504 5549 '25'0
1554 5484 1610 5561 ιι,
1676 5495 1775 5561 τῆς

211 5555 458 5608 ἀλλαγῆς.

247 5567 458 5624 ιλαγης.

1874 5358 1977 5410 sub
2009 5357 2232 5409 nomine
2266 5355 2584 5412 Plusiadeni
2624 5377 2639 5412 :

1885 4679 2075 4720 eorum
2105 4664 2496 4720 communione
2529 4665 2694 4722 alieni
2726 4665 2902 4722 simus
2934 4683 3037 4725 nos
3079 4668 3475 4729 cohortantur."

2491 4761 2863 4833 APOLOGIA.

1957 4868 2088 4924 Etsi
2124 4871 2382 4941 superius
2423 4871 2571 4925 dicta
2606 4870 2894 4928 sufficient
2940 4873 3009 4930 ad
3038 4876 3201 4947 plene
3245 4877 3467 4934 eviden-

1943 5073 2022 5142 (7)
2059 5074 2200 5127 Mon.
2223 5073 2315 5137 27,
2348 5073 2513 5128 εῐπει.

1945 5141 2020 5215 (8)
2055 5143 2160 5196 Καὶ
2189 5146 2221 5214 ἡ
2260 5144 2420 5198 habet
2451 5144 2594 5200 Mon.
2629 5143 2722 5215 27,
2751 5142 2790 5204 ί.
2834 5148 2929 5204 Hi
2962 5164 3012 5204 τι.

1947 5214 2132 5282 (9)Τόν
2161 5217 2343 5270 omitt.
2373 5215 2518 5268 Men.
2554 5218 2644 5272 27.

1948 5283 2062 5360 (l0)
2083 5284 2338 5360 51911.2],
2375 5285 2416 5360 ί,
2440 5286 2536 5360 Ml
2563 5288 2595 5360 b
2624 5288 2688 5342 ad
2718 5304 2887 5360 marg.
2919 5291 3087 5345 habet
3109 5292 3246 5344 hanc
3277 5299 3458 5342 notam

2703 5361 2828 5414 Ὀτι
2887 5362 2968 5414 δεῖ
3015 5361 3325 5428 ἀποστρέφε
3338 5362 3457 5412 σθαι

1883 5428 2008 5499 τοὺς
2045 5427 2430 5499 έτερόφρονας,
2466 5427 2647 5499 καλῶς
2678 5429 2745 5482 ἂν
2776 5431 2974 5497 λέγεις,
3010 5427 3456 5499 (paeon-aus:

1883 5497 2024 5570 τίσιν
2042 5496 2400 5570 ἑτεροφρονες
2425 5499 2485 5570 οἱ,
2507 5498 2745 5558 Λατῖνοι.
2770 5496 3037 5569 πειρᾶσαι
3061 5496 3160 5570 μὲν
3182 5498 3459 5565 ἀποδείξαι

1881 5564 2032 5620 οὔπω
2063 5564 2208 5637 (ced.
2227 5564 2402 5638 οὔπω)
2431 5567 2488 5620 δέ
2517 5583 2578 5636 γε
2614 5564 3009 5655 ἀποδεικνύεις.

279 5738 526 5818 (ο),ῌεεε,
571 5741 622 5794 ni
665 5741 846 5818 fallor,
904 5759 1038 5818 non_
1077 5743 1346 5800 habentur
1396 5747 1448 5800 in
1511 5727 1765 5816 genuinis
1863 5748 1958 5818 qui
1995 5763 2140 5816 sa'pe
2189 5747 2637 5802 communionem
2686 5745 3090 5818 hereticorum
3140 5745 3451 5818 fugiendam

215 5807 395 5875 Ignat'ti
425 5820 624 5887 septem
650 5807 919 5887 epistolis,
945 5813 1040 5887 sed
1080 5817 1131 5869 in
1168 5817 1406 5871 uberiori
1443 5807 1766 5872 recensione
1865 5807 1984 5874 esse
2034 5807 2212 5872 docet.
2265 5820 2344 5873 Ad
2381 5818 2573 5887 Polyc.
2600 5833 2650 5871 (δ.
2683 5817 2753 5881 3;
2789 5818 3012 5886 Smyrn.
3051 5835 3100 5873 c.
3135 5821 3167 5875 4
3191 5807 3452 5882 ς”ΡιιιΙιιὼ

213 5894 324 5947 quae
368 5881 552 5950 spuria
576 5883 849 5941 censenda
873 5894 976 5942 est.
1004 5885 1208 5943 Sensus
1238 5897 1419 5944 tamen
1448 5897 1528 5946 est
1552 5888 1766 5958 lguatii,
1869 5907 1920 5950 e.
1961 5889 2024 5958 ὅ,
2073 5891 2240 5945 'l'ralt.
2264 5906 2312 5945 c.
2337 5889 2390 5958 6,
2419 5881 2504 5960 if;
2539 5885 2677 5960 Eph.
2708 5903 2759 5944 c.
2795 5889 2849 5956 8,
2870 5881 2923 5958 9,
2953 5888 3034 5945 10.
