  <div class='ocr_page' id='page_1' title='image "/cluster/home/n/w/nwhite01/storage/ocr_20150623/160/coo.31924054870658/059.png"; bbox 0 0 3998 6442; ppageno 0'>
   <div class='ocr_carea' id='block_1_1' title="bbox 538 381 641 438">
    <p class='ocr_par' dir='ltr' id='par_1_1' title="bbox 538 381 641 438">
     <span class='ocr_line' id='line_1_1' title="bbox 538 381 641 438; baseline -0.01 0"><span class='ocrx_word' id='word_1_1' title='bbox 538 381 641 438; x_wconf 78' lang='grc'><strong>103</strong></span> 
     </span>
    </p>
   </div>
   <div class='ocr_carea' id='block_1_2' title="bbox 1447 376 2888 441">
    <p class='ocr_par' dir='ltr' id='par_1_2' title="bbox 1447 376 2888 441">
     <span class='ocr_line' id='line_1_2' title="bbox 1447 376 2888 441; baseline 0.002 -4"><span class='ocrx_word' id='word_1_2' title='bbox 1447 378 1836 439; x_wconf 75' lang='lat' dir='ltr'><strong>GREGORII</strong></span> <span class='ocrx_word' id='word_1_3' title='bbox 1882 376 2185 437; x_wconf 76' lang='lat' dir='ltr'><strong>MAMM.E</strong></span> <span class='ocrx_word' id='word_1_4' title='bbox 2225 379 2330 441; x_wconf 71' lang='grc' dir='ltr'><strong>ΟΡ.</strong></span> <span class='ocrx_word' id='word_1_5' title='bbox 2377 379 2888 441; x_wconf 63' lang='grc' dir='ltr'><strong>ΡΛΤΜΑΒΕΗᾸΞ</strong></span> 
     </span>
    </p>
   </div>
   <div class='ocr_carea' id='block_1_3' title="bbox 3686 383 3775 451">
    <p class='ocr_par' dir='ltr' id='par_1_3' title="bbox 3686 383 3775 451">
     <span class='ocr_line' id='line_1_3' title="bbox 3686 383 3775 451; baseline -0.011 0"><span class='ocrx_word' id='word_1_6' title='bbox 3686 383 3775 451; x_wconf 75' lang='grc'><strong>104</strong></span> 
     </span>
    </p>
   </div>
   <div class='ocr_carea' id='block_1_4' title="bbox 529 489 2111 568">
    <p class='ocr_par' dir='ltr' id='par_1_4' title="bbox 529 489 2106 563">
     <span class='ocr_line' id='line_1_4' title="bbox 529 489 2106 563; baseline 0.001 -21"><span class='ocrx_word' id='word_1_7' title='bbox 529 502 721 559; x_wconf 84' lang='lat' dir='ltr'><strong>terque</strong></span> <span class='ocrx_word' id='word_1_8' title='bbox 753 489 1116 558; x_wconf 89' lang='lat' dir='ltr'><strong>probandum,</strong></span> <span class='ocrx_word' id='word_1_9' title='bbox 1170 493 1502 559; x_wconf 76' lang='lat' dir='ltr'><strong>posteriores</strong></span> <span class='ocrx_word' id='word_1_10' title='bbox 1546 492 1809 563; x_wconf 85' lang='lat' dir='ltr'><strong>synodos.</strong></span> <span class='ocrx_word' id='word_1_11' title='bbox 1849 502 1981 546; x_wconf 86' lang='lat' dir='ltr'><strong>non&#39;</strong></span> <span class='ocrx_word' id='word_1_12' title='bbox 2017 507 2106 544; x_wconf 90' lang='lat' dir='ltr'><strong>so-</strong></span> 
     </span>
    </p>
   </div>
   <div class='ocr_carea' id='block_1_5' title="bbox 2220 489 3773 568">
    <p class='ocr_par' dir='ltr' id='par_1_5' title="bbox 2220 496 3773 568">
     <span class='ocr_line' id='line_1_5' title="bbox 2220 496 3773 568; baseline 0.009 -24"><span class='ocrx_word' id='word_1_13' title='bbox 2220 496 2614 563; x_wconf 64' lang='grc' dir='ltr'>πληροφορίαν,</span> <span class='ocrx_word' id='word_1_14' title='bbox 2674 497 2749 558; x_wconf 87' lang='grc' dir='ltr'>ὡς</span> <span class='ocrx_word' id='word_1_15' title='bbox 2807 498 2860 549; x_wconf 89' lang='grc' dir='ltr'>αἱ</span> <span class='ocrx_word' id='word_1_16' title='bbox 2927 498 3386 568; x_wconf 68' lang='grc' dir='ltr'><strong>μεταγενέστεραι</strong></span> <span class='ocrx_word' id='word_1_17' title='bbox 3449 501 3672 565; x_wconf 79' lang='grc' dir='ltr'>σύνοδοι.</span> <span class='ocrx_word' id='word_1_18' title='bbox 3720 507 3773 558; x_wconf 76' lang='grc' dir='ltr'>οὐ</span> 
     </span>
    </p>
   </div>
   <div class='ocr_carea' id='block_1_6' title="bbox 531 582 2105 652">
    <p class='ocr_par' dir='ltr' id='par_1_6' title="bbox 531 582 2105 652">
     <span class='ocr_line' id='line_1_6' title="bbox 531 582 2105 652; baseline 0.001 -19"><span class='ocrx_word' id='word_1_19' title='bbox 531 583 640 635; x_wconf 81' lang='lat' dir='ltr'><strong>Iunt</strong></span> <span class='ocrx_word' id='word_1_20' title='bbox 677 596 790 644; x_wconf 84' lang='lat' dir='ltr'><strong>eas,</strong></span> <span class='ocrx_word' id='word_1_21' title='bbox 826 597 947 650; x_wconf 74' lang='lat' dir='ltr'><strong>quae</strong></span> <span class='ocrx_word' id='word_1_22' title='bbox 971 592 1094 651; x_wconf 88' lang='lat' dir='ltr'><strong>post</strong></span> <span class='ocrx_word' id='word_1_23' title='bbox 1138 582 1406 636; x_wconf 84' lang='lat' dir='ltr'><strong>deilerutn</strong></span> <span class='ocrx_word' id='word_1_24' title='bbox 1440 583 1731 652; x_wconf 78' lang='lat' dir='ltr'><strong>Ignatium,</strong></span> <span class='ocrx_word' id='word_1_25' title='bbox 1794 583 1887 636; x_wconf 81' lang='lat' dir='ltr'><strong>sed</strong></span> <span class='ocrx_word' id='word_1_26' title='bbox 1940 583 2105 636; x_wconf 87' lang='lat' dir='ltr'><strong>etiam</strong></span> 
     </span>
    </p>
   </div>
   <div class='ocr_carea' id='block_1_7' title="bbox 528 674 2107 743">
    <p class='ocr_par' dir='ltr' id='par_1_7' title="bbox 528 674 2107 743">
     <span class='ocr_line' id='line_1_7' title="bbox 528 674 2107 743; baseline 0.002 -17"><span class='ocrx_word' id='word_1_27' title='bbox 528 691 621 728; x_wconf 80' lang='lat' dir='ltr'><strong>eas</strong></span> <span class='ocrx_word' id='word_1_28' title='bbox 653 689 774 743; x_wconf 75' lang='lat' dir='ltr'><strong>qua:</strong></span> <span class='ocrx_word' id='word_1_29' title='bbox 799 686 923 743; x_wconf 90' lang='lat' dir='ltr'><strong>post</strong></span> <span class='ocrx_word' id='word_1_30' title='bbox 962 685 1211 730; x_wconf 88' lang='lat' dir='ltr'><strong>sanctum</strong></span> <span class='ocrx_word' id='word_1_31' title='bbox 1249 674 1325 728; x_wconf 88' lang='lat' dir='ltr'><strong>Ba</strong></span> <span class='ocrx_word' id='word_1_32' title='bbox 1342 677 1526 729; x_wconf 85' lang='lat' dir='ltr'><strong>silium</strong></span> <span class='ocrx_word' id='word_1_33' title='bbox 1559 685 1613 729; x_wconf 86' lang='lat' dir='ltr'><strong>ct</strong></span> <span class='ocrx_word' id='word_1_34' title='bbox 1641 674 1906 730; x_wconf 79' lang='lat' dir='ltr'><strong>Joannem</strong></span> <span class='ocrx_word' id='word_1_35' title='bbox 1940 689 2107 729; x_wconf 61' lang='lat' dir='ltr'><strong>auri-0</strong></span> 
     </span>
    </p>
   </div>
   <div class='ocr_carea' id='block_1_8' title="bbox 529 763 2105 832">
    <p class='ocr_par' dir='ltr' id='par_1_8' title="bbox 529 763 2105 832">
     <span class='ocr_line' id='line_1_8' title="bbox 529 763 2105 832; baseline 0.002 -19"><span class='ocrx_word' id='word_1_36' title='bbox 529 765 752 832; x_wconf 69' lang='lat' dir='ltr'><strong>eloquio</strong></span> <span class='ocrx_word' id='word_1_37' title='bbox 787 765 1000 817; x_wconf 88' lang='lat' dir='ltr'><strong>clarum</strong></span> <span class='ocrx_word' id='word_1_38' title='bbox 1057 772 1405 831; x_wconf 68' lang='lat' dir='ltr'><strong>coagregatae</strong></span> <span class='ocrx_word' id='word_1_39' title='bbox 1462 771 1612 825; x_wconf 87' lang='lat' dir='ltr'><strong>sunt,</strong></span> <span class='ocrx_word' id='word_1_40' title='bbox 1679 763 1852 817; x_wconf 84' lang='lat' dir='ltr'><strong>multa</strong></span> <span class='ocrx_word' id='word_1_41' title='bbox 1911 765 2105 832; x_wconf 87' lang='lat' dir='ltr'><strong>expla-</strong></span> 
     </span>
    </p>
   </div>
   <div class='ocr_carea' id='block_1_9' title="bbox 532 857 2106 926">
    <p class='ocr_par' dir='ltr' id='par_1_9' title="bbox 532 857 2106 926">
     <span class='ocr_line' id='line_1_9' title="bbox 532 857 2106 926; baseline 0.002 -19"><span class='ocrx_word' id='word_1_42' title='bbox 532 874 694 911; x_wconf 72' lang='lat' dir='ltr'><strong>nasse</strong></span> <span class='ocrx_word' id='word_1_43' title='bbox 720 868 772 910; x_wconf 89' lang='lat' dir='ltr'><strong>et</strong></span> <span class='ocrx_word' id='word_1_44' title='bbox 801 858 1125 926; x_wconf 81' lang='lat' dir='ltr'><strong>explicasse,</strong></span> <span class='ocrx_word' id='word_1_45' title='bbox 1151 867 1316 924; x_wconf 88' lang='lat' dir='ltr'><strong>atque</strong></span> <span class='ocrx_word' id='word_1_46' title='bbox 1347 857 1622 911; x_wconf 88' lang='lat' dir='ltr'><strong>neminem</strong></span> <span class='ocrx_word' id='word_1_47' title='bbox 1651 857 1702 910; x_wconf 93' lang='lat' dir='ltr'><strong>id</strong></span> <span class='ocrx_word' id='word_1_48' title='bbox 1727 857 2106 926; x_wconf 85' lang='lat' dir='ltr'><strong>prohibuisse,</strong></span> 
     </span>
    </p>
   </div>
   <div class='ocr_carea' id='block_1_10' title="bbox 531 947 2107 1019">
    <p class='ocr_par' dir='ltr' id='par_1_10' title="bbox 531 947 2107 1019">
     <span class='ocr_line' id='line_1_10' title="bbox 531 947 2107 1019; baseline 0.001 -17"><span class='ocrx_word' id='word_1_49' title='bbox 531 959 768 1002; x_wconf 85' lang='lat' dir='ltr'><strong>attamen</strong></span> <span class='ocrx_word' id='word_1_50' title='bbox 801 963 866 1001; x_wconf 88' lang='lat' dir='ltr'><strong>ex</strong></span> <span class='ocrx_word' id='word_1_51' title='bbox 921 947 1138 1019; x_wconf 83' lang='lat' dir='ltr'><strong>dialogo</strong></span> <span class='ocrx_word' id='word_1_52' title='bbox 1174 963 1395 1019; x_wconf 89' lang='lat' dir='ltr'><strong>quoque</strong></span> <span class='ocrx_word' id='word_1_53' title='bbox 1449 950 1632 1002; x_wconf 91' lang='lat' dir='ltr'><strong>sancti</strong></span> <span class='ocrx_word' id='word_1_54' title='bbox 1669 947 1888 1002; x_wconf 74' lang='lat' dir='ltr'><strong>Maximi</strong></span> <span class='ocrx_word' id='word_1_55' title='bbox 1921 949 2107 1018; x_wconf 86' lang='lat' dir='ltr'><strong>aliqua</strong></span> 
     </span>
    </p>
   </div>
   <div class='ocr_carea' id='block_1_11' title="bbox 533 1040 2109 1114">
    <p class='ocr_par' dir='ltr' id='par_1_11' title="bbox 533 1040 2109 1114">
     <span class='ocr_line' id='line_1_11' title="bbox 533 1040 2109 1114; baseline 0.003 -23"><span class='ocrx_word' id='word_1_56' title='bbox 533 1040 874 1108; x_wconf 79' lang='lat' dir='ltr'><strong>proferemus</strong></span> <span class='ocrx_word' id='word_1_57' title='bbox 935 1049 1121 1110; x_wconf 89' lang='lat' dir='ltr'><strong>utpote</strong></span> <span class='ocrx_word' id='word_1_58' title='bbox 1195 1041 1470 1110; x_wconf 68' lang='lat' dir='ltr'><strong>praedictis</strong></span> <span class='ocrx_word' id='word_1_59' title='bbox 1526 1043 1734 1097; x_wconf 83' lang='lat' dir='ltr'><strong>sanctis</strong></span> <span class='ocrx_word' id='word_1_60' title='bbox 1794 1043 1957 1112; x_wconf 78' lang='lat' dir='ltr'><strong>longe</strong></span> <span class='ocrx_word' id='word_1_61' title='bbox 2015 1057 2109 1114; x_wconf 94' lang='lat' dir='ltr'><strong>po-</strong></span> 
     </span>
    </p>
   </div>
   <div class='ocr_carea' id='block_1_12' title="bbox 531 1131 2105 1202">
    <p class='ocr_par' dir='ltr' id='par_1_12' title="bbox 531 1131 2105 1202">
     <span class='ocr_line' id='line_1_12' title="bbox 531 1131 2105 1202; baseline 0.003 -18"><span class='ocrx_word' id='word_1_62' title='bbox 531 1132 802 1194; x_wconf 79' lang='lat' dir='ltr'><strong>slerioris,</strong></span> <span class='ocrx_word' id='word_1_63' title='bbox 838 1131 903 1185; x_wconf 89' lang='lat' dir='ltr'><strong>ad</strong></span> <span class='ocrx_word' id='word_1_64' title='bbox 962 1147 1082 1185; x_wconf 87' lang='lat' dir='ltr'><strong>eam</strong></span> <span class='ocrx_word' id='word_1_65' title='bbox 1149 1131 1541 1187; x_wconf 83' lang='lat' dir='ltr'><strong>ostendendam</strong></span> <span class='ocrx_word' id='word_1_66' title='bbox 1588 1133 1897 1198; x_wconf 83' lang='lat' dir='ltr'><strong>veritatem,</strong></span> <span class='ocrx_word' id='word_1_67' title='bbox 1957 1132 2105 1202; x_wconf 90' lang='lat' dir='ltr'><strong>quod</strong></span> 
     </span>
    </p>
   </div>
   <div class='ocr_carea' id='block_1_13' title="bbox 535 1225 2109 1295">
    <p class='ocr_par' dir='ltr' id='par_1_13' title="bbox 535 1225 2109 1295">
     <span class='ocr_line' id='line_1_13' title="bbox 535 1225 2109 1295; baseline 0.003 -19"><span class='ocrx_word' id='word_1_68' title='bbox 535 1242 642 1277; x_wconf 91' lang='lat' dir='ltr'><strong>non</strong></span> <span class='ocrx_word' id='word_1_69' title='bbox 676 1225 858 1278; x_wconf 91' lang='lat' dir='ltr'><strong>omnis</strong></span> <span class='ocrx_word' id='word_1_70' title='bbox 890 1225 1182 1294; x_wconf 77' lang='lat' dir='ltr'><strong>explicatio</strong></span> <span class='ocrx_word' id='word_1_71' title='bbox 1225 1235 1278 1279; x_wconf 88' lang='lat' dir='ltr'><strong>et</strong></span> <span class='ocrx_word' id='word_1_72' title='bbox 1314 1225 1628 1295; x_wconf 84' lang='lat' dir='ltr'><strong>explanatio</strong></span> <span class='ocrx_word' id='word_1_73' title='bbox 1659 1227 2012 1294; x_wconf 83' lang='lat' dir='ltr'><strong>prohibetur,</strong></span> <span class='ocrx_word' id='word_1_74' title='bbox 2044 1241 2109 1282; x_wconf 92' lang='lat' dir='ltr'><strong>ac</strong></span> 
     </span>
    </p>
   </div>
   <div class='ocr_carea' id='block_1_14' title="bbox 536 1317 2106 1388">
    <p class='ocr_par' dir='ltr' id='par_1_14' title="bbox 536 1317 2106 1388">
     <span class='ocr_line' id='line_1_14' title="bbox 536 1317 2106 1388; baseline 0.003 -19"><span class='ocrx_word' id='word_1_75' title='bbox 536 1333 754 1371; x_wconf 87' lang='lat' dir='ltr'><strong>rursum</strong></span> <span class='ocrx_word' id='word_1_76' title='bbox 779 1317 922 1385; x_wconf 86' lang='lat' dir='ltr'><strong>quod</strong></span> <span class='ocrx_word' id='word_1_77' title='bbox 960 1334 1068 1372; x_wconf 93' lang='lat' dir='ltr'><strong>non</strong></span> <span class='ocrx_word' id='word_1_78' title='bbox 1099 1319 1282 1373; x_wconf 90' lang='lat' dir='ltr'><strong>omnis</strong></span> <span class='ocrx_word' id='word_1_79' title='bbox 1308 1317 1583 1388; x_wconf 78' lang='lat' dir='ltr'><strong>expositio</strong></span> <span class='ocrx_word' id='word_1_80' title='bbox 1615 1326 1670 1372; x_wconf 91' lang='lat' dir='ltr'><strong>et</strong></span> <span class='ocrx_word' id='word_1_81' title='bbox 1697 1318 2106 1387; x_wconf 87' lang='lat' dir='ltr'><strong>interpretatio,</strong></span> 
     </span>
    </p>
   </div>
   <div class='ocr_carea' id='block_1_15' title="bbox 533 1407 2106 1478">
    <p class='ocr_par' dir='ltr' id='par_1_15' title="bbox 533 1407 2106 1478">
     <span class='ocr_line' id='line_1_15' title="bbox 533 1407 2106 1478; baseline -0.001 -15"><span class='ocrx_word' id='word_1_82' title='bbox 533 1424 656 1478; x_wconf 69' lang='lat' dir='ltr'><strong>quae</strong></span> <span class='ocrx_word' id='word_1_83' title='bbox 693 1411 1064 1464; x_wconf 87' lang='lat' dir='ltr'><strong>sacrosanctis</strong></span> <span class='ocrx_word' id='word_1_84' title='bbox 1103 1410 1522 1466; x_wconf 81' lang='lat' dir='ltr'><strong>deﬁnitionibus</strong></span> <span class='ocrx_word' id='word_1_85' title='bbox 1579 1407 1763 1463; x_wconf 85' lang='lat' dir='ltr'><strong>addita</strong></span> <span class='ocrx_word' id='word_1_86' title='bbox 1806 1417 1912 1473; x_wconf 72' lang='lat' dir='ltr'><strong>est,</strong></span> <span class='ocrx_word' id='word_1_87' title='bbox 1940 1409 2106 1468; x_wconf 80' lang='lat' dir='ltr'><strong>aliam</strong></span> 
     </span>
    </p>
   </div>
   <div class='ocr_carea' id='block_1_16' title="bbox 539 1498 2112 1566">
    <p class='ocr_par' dir='ltr' id='par_1_16' title="bbox 539 1498 2112 1566">
     <span class='ocr_line' id='line_1_16' title="bbox 539 1498 2112 1566; baseline 0.002 -16"><span class='ocrx_word' id='word_1_88' title='bbox 539 1514 636 1566; x_wconf 90' lang='lat' dir='ltr'><strong>per</strong></span> <span class='ocrx_word' id='word_1_89' title='bbox 706 1499 1174 1552; x_wconf 90' lang='lat' dir='ltr'><strong>introductionem</strong></span> <span class='ocrx_word' id='word_1_90' title='bbox 1249 1498 1483 1552; x_wconf 87' lang='lat' dir='ltr'><strong>aliarum</strong></span> <span class='ocrx_word' id='word_1_91' title='bbox 1559 1513 1758 1554; x_wconf 91' lang='lat' dir='ltr'><strong>vocum</strong></span> <span class='ocrx_word' id='word_1_92' title='bbox 1819 1499 2112 1554; x_wconf 88' lang='lat' dir='ltr'><strong>constituit</strong></span> 
     </span>
    </p>
   </div>
   <div class='ocr_carea' id='block_1_17' title="bbox 537 1589 2111 1660">
    <p class='ocr_par' dir='ltr' id='par_1_17' title="bbox 537 1589 2111 1660">
     <span class='ocr_line' id='line_1_17' title="bbox 537 1589 2111 1660; baseline 0.001 -18"><span class='ocrx_word' id='word_1_93' title='bbox 537 1589 934 1654; x_wconf 81' lang='lat' dir='ltr'><strong>deﬁnitionem,</strong></span> <span class='ocrx_word' id='word_1_94' title='bbox 965 1606 1154 1644; x_wconf 86' lang='lat' dir='ltr'><strong>verum</strong></span> <span class='ocrx_word' id='word_1_95' title='bbox 1198 1599 1254 1645; x_wconf 92' lang='lat' dir='ltr'><strong>et</strong></span> <span class='ocrx_word' id='word_1_96' title='bbox 1302 1606 1367 1645; x_wconf 91' lang='lat' dir='ltr'><strong>ea</strong></span> <span class='ocrx_word' id='word_1_97' title='bbox 1419 1605 1541 1660; x_wconf 67' lang='lat' dir='ltr'><strong>quae</strong></span> <span class='ocrx_word' id='word_1_98' title='bbox 1571 1591 1727 1660; x_wconf 89' lang='lat' dir='ltr'><strong>prius</strong></span> <span class='ocrx_word' id='word_1_99' title='bbox 1761 1591 1814 1644; x_wconf 92' lang='lat' dir='ltr'><strong>in</strong></span> <span class='ocrx_word' id='word_1_100' title='bbox 1849 1590 2111 1660; x_wconf 60' lang='lat' dir='ltr'><strong>quastio-</strong></span> 
     </span>
    </p>
   </div>
   <div class='ocr_carea' id='block_1_18' title="bbox 537 1683 2106 1754">
    <p class='ocr_par' dir='ltr' id='par_1_18' title="bbox 537 1683 2106 1754">
     <span class='ocr_line' id='line_1_18' title="bbox 537 1683 2106 1754; baseline -0.001 -17"><span class='ocrx_word' id='word_1_101' title='bbox 537 1699 658 1738; x_wconf 92' lang='lat' dir='ltr'><strong>nem</strong></span> <span class='ocrx_word' id='word_1_102' title='bbox 690 1698 794 1736; x_wconf 90' lang='lat' dir='ltr'><strong>non</strong></span> <span class='ocrx_word' id='word_1_103' title='bbox 825 1693 1108 1746; x_wconf 82' lang='lat' dir='ltr'><strong>venerant,</strong></span> <span class='ocrx_word' id='word_1_104' title='bbox 1135 1683 1412 1754; x_wconf 84' lang='lat' dir='ltr'><strong>posterius</strong></span> <span class='ocrx_word' id='word_1_105' title='bbox 1453 1699 1584 1737; x_wconf 89' lang='lat' dir='ltr'><strong>vero</strong></span> <span class='ocrx_word' id='word_1_106' title='bbox 1623 1683 1917 1752; x_wconf 83' lang='lat' dir='ltr'><strong>explanata</strong></span> <span class='ocrx_word' id='word_1_107' title='bbox 1957 1691 2106 1749; x_wconf 90' lang='lat' dir='ltr'><strong>sunt,</strong></span> 
     </span>
    </p>
   </div>
   <div class='ocr_carea' id='block_1_19' title="bbox 541 1773 2106 1843">
    <p class='ocr_par' dir='ltr' id='par_1_19' title="bbox 541 1773 2106 1843">
     <span class='ocr_line' id='line_1_19' title="bbox 541 1773 2106 1843; baseline -0.001 -15"><span class='ocrx_word' id='word_1_108' title='bbox 541 1775 736 1829; x_wconf 70' lang='lat' dir='ltr'><strong>merito</strong></span> <span class='ocrx_word' id='word_1_109' title='bbox 781 1774 1158 1843; x_wconf 85' lang='lat' dir='ltr'><strong>suscipiuntur</strong></span> <span class='ocrx_word' id='word_1_110' title='bbox 1216 1782 1272 1828; x_wconf 90' lang='lat' dir='ltr'><strong>et</strong></span> <span class='ocrx_word' id='word_1_111' title='bbox 1346 1773 1766 1830; x_wconf 85' lang='lat' dir='ltr'><strong>custodiuntur.</strong></span> <span class='ocrx_word' id='word_1_112' title='bbox 1818 1773 1909 1827; x_wconf 84' lang='lat' dir='ltr'><strong>Ait</strong></span> <span class='ocrx_word' id='word_1_113' title='bbox 1959 1773 2106 1826; x_wconf 90' lang='lat' dir='ltr'><strong>enim</strong></span> 
     </span>
    </p>
   </div>
   <div class='ocr_carea' id='block_1_20' title="bbox 539 1865 2110 1936">
    <p class='ocr_par' dir='ltr' id='par_1_20' title="bbox 539 1865 2110 1936">
     <span class='ocr_line' id='line_1_20' title="bbox 539 1865 2110 1936; baseline -0.001 -16"><span class='ocrx_word' id='word_1_114' title='bbox 539 1866 811 1921; x_wconf 72' lang='lat' dir='ltr'><strong>Maximus</strong></span> <span class='ocrx_word' id='word_1_115' title='bbox 851 1867 905 1920; x_wconf 92' lang='lat' dir='ltr'><strong>in</strong></span> <span class='ocrx_word' id='word_1_116' title='bbox 935 1867 1198 1936; x_wconf 80' lang='lat' dir='ltr'><strong>Apologia</strong></span> <span class='ocrx_word' id='word_1_117' title='bbox 1247 1866 1576 1934; x_wconf 88' lang='lat' dir='ltr'><strong>compendio</strong></span> <span class='ocrx_word' id='word_1_118' title='bbox 1624 1865 1900 1935; x_wconf 87' lang='lat' dir='ltr'><strong>exposita,</strong></span> <span class='ocrx_word' id='word_1_119' title='bbox 1941 1880 2110 1934; x_wconf 89' lang='lat' dir='ltr'><strong>quam</strong></span> 
     </span>
    </p>
   </div>
   <div class='ocr_carea' id='block_1_21' title="bbox 539 1957 2116 2028">
    <p class='ocr_par' dir='ltr' id='par_1_21' title="bbox 539 1957 2116 2028">
     <span class='ocr_line' id='line_1_21' title="bbox 539 1957 2116 2028; baseline -0.002 -16"><span class='ocrx_word' id='word_1_120' title='bbox 539 1975 638 2028; x_wconf 85' lang='lat' dir='ltr'><strong>pro</strong></span> <span class='ocrx_word' id='word_1_121' title='bbox 667 1958 1104 2014; x_wconf 87' lang='lat' dir='ltr'><strong>Chalcedonensi</strong></span> <span class='ocrx_word' id='word_1_122' title='bbox 1164 1961 1378 2028; x_wconf 87' lang='lat' dir='ltr'><strong>synodo</strong></span> <span class='ocrx_word' id='word_1_123' title='bbox 1423 1957 1764 2026; x_wconf 81' lang='lat' dir='ltr'><strong>compilavit,</strong></span> <span class='ocrx_word' id='word_1_124' title='bbox 1813 1957 1972 2028; x_wconf 86' lang='lat' dir='ltr'><strong>cujus</strong></span> <span class='ocrx_word' id='word_1_125' title='bbox 2011 1957 2116 2012; x_wconf 93' lang='lat' dir='ltr'><strong>ini-</strong></span> 
     </span>
    </p>
   </div>
   <div class='ocr_carea' id='block_1_22' title="bbox 537 2051 2116 2128">
    <p class='ocr_par' dir='ltr' id='par_1_22' title="bbox 537 2051 2116 2128">
     <span class='ocr_line' id='line_1_22' title="bbox 537 2051 2116 2128; baseline 0 -23"><span class='ocrx_word' id='word_1_126' title='bbox 537 2055 674 2128; x_wconf 87' lang='lat' dir='ltr'><strong>tium</strong></span> <span class='ocrx_word' id='word_1_127' title='bbox 714 2069 730 2106; x_wconf 86' lang='lat'><strong>:</strong></span> <span class='ocrx_word' id='word_1_128' title='bbox 765 2069 784 2104; x_wconf 83' lang='grc' dir='ltr'><strong>ι</strong></span> <span class='ocrx_word' id='word_1_129' title='bbox 826 2051 1097 2117; x_wconf 84' lang='lat' dir='ltr'><strong>Quoniam</strong></span> <span class='ocrx_word' id='word_1_130' title='bbox 1128 2051 1420 2106; x_wconf 84' lang='lat' dir='ltr'><strong>admodum</strong></span> <span class='ocrx_word' id='word_1_131' title='bbox 1452 2066 1720 2121; x_wconf 79' lang='lat' dir='ltr'><strong>generose</strong></span> <span class='ocrx_word' id='word_1_132' title='bbox 1751 2062 1848 2106; x_wconf 86' lang='lat' dir='ltr'><strong>aut</strong></span> <span class='ocrx_word' id='word_1_133' title='bbox 1899 2051 2116 2122; x_wconf 87' lang='lat' dir='ltr'><strong>ignavi-</strong></span> 
     </span>
    </p>
   </div>
   <div class='ocr_carea' id='block_1_23' title="bbox 537 2142 2116 2213">
    <p class='ocr_par' dir='ltr' id='par_1_23' title="bbox 537 2142 2116 2213">
     <span class='ocr_line' id='line_1_23' title="bbox 537 2142 2116 2213; baseline -0.001 -14"><span class='ocrx_word' id='word_1_134' title='bbox 537 2155 639 2208; x_wconf 84' lang='lat' dir='ltr'><strong>ter,</strong></span> <span class='ocrx_word' id='word_1_135' title='bbox 676 2154 734 2198; x_wconf 93' lang='lat' dir='ltr'><strong>ut</strong></span> <span class='ocrx_word' id='word_1_136' title='bbox 775 2146 955 2213; x_wconf 86' lang='lat' dir='ltr'><strong>aptius</strong></span> <span class='ocrx_word' id='word_1_137' title='bbox 982 2146 1197 2200; x_wconf 88' lang='lat' dir='ltr'><strong>dicam:</strong></span> <span class='ocrx_word' id='word_1_138' title='bbox 1232 2163 1252 2198; x_wconf 72' lang='grc' dir='ltr'><strong>ι</strong></span> <span class='ocrx_word' id='word_1_139' title='bbox 1275 2162 1371 2196; x_wconf 84' lang='grc' dir='ltr'>-ι</span> <span class='ocrx_word' id='word_1_140' title='bbox 1399 2142 1604 2210; x_wconf 86' lang='lat' dir='ltr'><strong>Quodsi</strong></span> <span class='ocrx_word' id='word_1_141' title='bbox 1641 2148 1710 2198; x_wconf 90' lang='lat' dir='ltr'><strong>de</strong></span> <span class='ocrx_word' id='word_1_142' title='bbox 1741 2143 1970 2199; x_wconf 84' lang='lat' dir='ltr'><strong>veritate</strong></span> <span class='ocrx_word' id='word_1_143' title='bbox 1997 2143 2116 2213; x_wconf 88' lang='lat' dir='ltr'><strong>ipsa</strong></span> 
     </span>
    </p>
   </div>
   <div class='ocr_carea' id='block_1_24' title="bbox 535 2236 2114 2306">
    <p class='ocr_par' dir='ltr' id='par_1_24' title="bbox 535 2236 2114 2306">
     <span class='ocr_line' id='line_1_24' title="bbox 535 2236 2114 2306; baseline -0.001 -14"><span class='ocrx_word' id='word_1_144' title='bbox 535 2254 663 2292; x_wconf 88' lang='lat' dir='ltr'><strong>vera</strong></span> <span class='ocrx_word' id='word_1_145' title='bbox 692 2238 920 2292; x_wconf 88' lang='lat' dir='ltr'><strong>dicenda</strong></span> <span class='ocrx_word' id='word_1_146' title='bbox 957 2247 1108 2301; x_wconf 91' lang='lat' dir='ltr'><strong>sunt,</strong></span> <span class='ocrx_word' id='word_1_147' title='bbox 1143 2253 1336 2292; x_wconf 85' lang='lat' dir='ltr'><strong>omnes</strong></span> <span class='ocrx_word' id='word_1_148' title='bbox 1367 2245 1489 2306; x_wconf 88' lang='lat' dir='ltr'><strong>post</strong></span> <span class='ocrx_word' id='word_1_149' title='bbox 1533 2236 1812 2292; x_wconf 68' lang='lat' dir='ltr'><strong>Nicaenam</strong></span> <span class='ocrx_word' id='word_1_150' title='bbox 1840 2237 2114 2306; x_wconf 81' lang='lat' dir='ltr'><strong>synodum</strong></span> 
     </span>
    </p>
   </div>
   <div class='ocr_carea' id='block_1_25' title="bbox 537 2329 2118 2391">
    <p class='ocr_par' dir='ltr' id='par_1_25' title="bbox 537 2329 2118 2391">
     <span class='ocr_line' id='line_1_25' title="bbox 537 2329 2118 2391; baseline -0.001 -7"><span class='ocrx_word' id='word_1_151' title='bbox 537 2346 568 2384; x_wconf 87' lang='lat' dir='ltr'><strong>a</strong></span> <span class='ocrx_word' id='word_1_152' title='bbox 606 2334 714 2385; x_wconf 87' lang='lat' dir='ltr'><strong>Deo</strong></span> <span class='ocrx_word' id='word_1_153' title='bbox 765 2331 925 2384; x_wconf 85' lang='lat' dir='ltr'><strong>electi</strong></span> <span class='ocrx_word' id='word_1_154' title='bbox 973 2329 1187 2391; x_wconf 86' lang='lat' dir='ltr'><strong>Patres,</strong></span> <span class='ocrx_word' id='word_1_155' title='bbox 1223 2341 1279 2383; x_wconf 89' lang='lat' dir='ltr'><strong>et</strong></span> <span class='ocrx_word' id='word_1_156' title='bbox 1331 2329 1514 2384; x_wconf 90' lang='lat' dir='ltr'><strong>omnis</strong></span> <span class='ocrx_word' id='word_1_157' title='bbox 1577 2331 2015 2384; x_wconf 83' lang='lat' dir='ltr'><strong>orthodoxorum</strong></span> <span class='ocrx_word' id='word_1_158' title='bbox 2061 2339 2118 2384; x_wconf 75' lang='lat' dir='ltr'><strong>et</strong></span> 
     </span>
    </p>
   </div>
   <div class='ocr_carea' id='block_1_26' title="bbox 539 2420 2115 2484">
    <p class='ocr_par' dir='ltr' id='par_1_26' title="bbox 539 2420 2115 2484">
     <span class='ocr_line' id='line_1_26' title="bbox 539 2420 2115 2484; baseline -0.001 -9"><span class='ocrx_word' id='word_1_159' title='bbox 539 2430 855 2475; x_wconf 84' lang='lat' dir='ltr'><strong>sanctorqu</strong></span> <span class='ocrx_word' id='word_1_160' title='bbox 905 2422 1187 2479; x_wconf 86' lang='lat' dir='ltr'><strong>hominum</strong></span> <span class='ocrx_word' id='word_1_161' title='bbox 1223 2431 1429 2484; x_wconf 68' lang='lat' dir='ltr'><strong>cretus.</strong></span> <span class='ocrx_word' id='word_1_162' title='bbox 1466 2437 1574 2475; x_wconf 92' lang='lat' dir='ltr'><strong>non</strong></span> <span class='ocrx_word' id='word_1_163' title='bbox 1625 2421 1787 2475; x_wconf 84' lang='lat' dir='ltr'><strong>aliam</strong></span> <span class='ocrx_word' id='word_1_164' title='bbox 1819 2420 1941 2475; x_wconf 78' lang='lat' dir='ltr'><strong>ﬁdei</strong></span> <span class='ocrx_word' id='word_1_165' title='bbox 1978 2421 2115 2476; x_wconf 63' lang='lat' dir='ltr'><strong>delio</strong></span> 
     </span>
    </p>
   </div>
   <div class='ocr_carea' id='block_1_27' title="bbox 541 2513 2118 2582">
    <p class='ocr_par' dir='ltr' id='par_1_27' title="bbox 541 2513 2118 2582">
     <span class='ocr_line' id='line_1_27' title="bbox 541 2513 2118 2582; baseline 0.001 -15"><span class='ocrx_word' id='word_1_166' title='bbox 541 2514 807 2568; x_wconf 82' lang='lat' dir='ltr'><strong>nitionem</strong></span> <span class='ocrx_word' id='word_1_167' title='bbox 877 2514 1224 2582; x_wconf 89' lang='lat' dir='ltr'><strong>propriorum</strong></span> <span class='ocrx_word' id='word_1_168' title='bbox 1274 2515 1567 2568; x_wconf 83' lang='lat' dir='ltr'><strong>verborum</strong></span> <span class='ocrx_word' id='word_1_169' title='bbox 1620 2513 2036 2568; x_wconf 90' lang='lat' dir='ltr'><strong>introductione</strong></span> <span class='ocrx_word' id='word_1_170' title='bbox 2063 2521 2118 2568; x_wconf 79' lang='lat' dir='ltr'><strong>et</strong></span> 
     </span>
    </p>
   </div>
   <div class='ocr_carea' id='block_1_28' title="bbox 541 2605 2116 2675">
    <p class='ocr_par' dir='ltr' id='par_1_28' title="bbox 541 2605 2116 2675">
     <span class='ocr_line' id='line_1_28' title="bbox 541 2605 2116 2675; baseline 0.001 -19"><span class='ocrx_word' id='word_1_171' title='bbox 541 2606 823 2659; x_wconf 71' lang='lat' dir='ltr'><strong>adclitionc</strong></span> <span class='ocrx_word' id='word_1_172' title='bbox 882 2605 1244 2667; x_wconf 80' lang='lat' dir='ltr'><strong>induxerunt.</strong></span> <span class='ocrx_word' id='word_1_173' title='bbox 1303 2619 1362 2658; x_wconf 93' lang='lat' dir='ltr'><strong>ut</strong></span> <span class='ocrx_word' id='word_1_174' title='bbox 1418 2620 1517 2661; x_wconf 78' lang='lat' dir='ltr'><strong>vos</strong></span> <span class='ocrx_word' id='word_1_175' title='bbox 1569 2605 1799 2660; x_wconf 87' lang='lat' dir='ltr'><strong>nimium</strong></span> <span class='ocrx_word' id='word_1_176' title='bbox 1829 2620 2116 2675; x_wconf 87' lang='lat' dir='ltr'><strong>perperam</strong></span> 
     </span>
    </p>
   </div>
   <div class='ocr_carea' id='block_1_29' title="bbox 541 2681 2117 2767">
    <p class='ocr_par' dir='ltr' id='par_1_29' title="bbox 541 2681 2117 2767">
     <span class='ocr_line' id='line_1_29' title="bbox 541 2681 2117 2767; baseline 0 -15"><span class='ocrx_word' id='word_1_177' title='bbox 541 2681 902 2767; x_wconf 85' lang='lat' dir='ltr'><strong>obloquentes</strong></span> <span class='ocrx_word' id='word_1_178' title='bbox 963 2708 1016 2752; x_wconf 89' lang='lat' dir='ltr'><strong>et</strong></span> <span class='ocrx_word' id='word_1_179' title='bbox 1071 2701 1231 2767; x_wconf 87' lang='lat' dir='ltr'><strong>plane</strong></span> <span class='ocrx_word' id='word_1_180' title='bbox 1270 2699 1610 2753; x_wconf 85' lang='lat' dir='ltr'><strong>insanientes</strong></span> <span class='ocrx_word' id='word_1_181' title='bbox 1662 2697 1983 2762; x_wconf 88' lang='lat' dir='ltr'><strong>decernitis,</strong></span> <span class='ocrx_word' id='word_1_182' title='bbox 2022 2697 2117 2752; x_wconf 90' lang='lat' dir='ltr'><strong>sed</strong></span> 
     </span>
    </p>
   </div>
   <div class='ocr_carea' id='block_1_30' title="bbox 539 2789 2119 2859">
    <p class='ocr_par' dir='ltr' id='par_1_30' title="bbox 539 2789 2119 2859">
     <span class='ocr_line' id='line_1_30' title="bbox 539 2789 2119 2859; baseline 0 -17"><span class='ocrx_word' id='word_1_183' title='bbox 539 2805 660 2844; x_wconf 89' lang='lat' dir='ltr'><strong>eam</strong></span> <span class='ocrx_word' id='word_1_184' title='bbox 690 2790 863 2859; x_wconf 89' lang='lat' dir='ltr'><strong>ipsam</strong></span> <span class='ocrx_word' id='word_1_185' title='bbox 899 2791 1062 2844; x_wconf 83' lang='lat' dir='ltr'><strong>veluti</strong></span> <span class='ocrx_word' id='word_1_186' title='bbox 1095 2792 1330 2858; x_wconf 89' lang='lat' dir='ltr'><strong>primam</strong></span> <span class='ocrx_word' id='word_1_187' title='bbox 1362 2800 1416 2843; x_wconf 89' lang='lat' dir='ltr'><strong>et</strong></span> <span class='ocrx_word' id='word_1_188' title='bbox 1449 2790 1665 2844; x_wconf 86' lang='lat' dir='ltr'><strong>unicam</strong></span> <span class='ocrx_word' id='word_1_189' title='bbox 1696 2804 1726 2844; x_wconf 84' lang='lat' dir='ltr'><strong>a</strong></span> <span class='ocrx_word' id='word_1_190' title='bbox 1768 2789 1976 2844; x_wconf 84' lang='lat' dir='ltr'><strong>sanctis</strong></span> <span class='ocrx_word' id='word_1_191' title='bbox 2007 2799 2119 2843; x_wconf 80' lang='lat' dir='ltr'><strong>tre-</strong></span> 
     </span>
    </p>
   </div>
   <div class='ocr_carea' id='block_1_31' title="bbox 541 2882 2117 2938">
    <p class='ocr_par' dir='ltr' id='par_1_31' title="bbox 541 2882 2117 2938">
     <span class='ocr_line' id='line_1_31' title="bbox 541 2882 2117 2938; baseline 0 -4"><span class='ocrx_word' id='word_1_192' title='bbox 541 2883 717 2937; x_wconf 87' lang='lat' dir='ltr'><strong>centis</strong></span> <span class='ocrx_word' id='word_1_193' title='bbox 753 2885 942 2936; x_wconf 88' lang='lat' dir='ltr'><strong>decem</strong></span> <span class='ocrx_word' id='word_1_194' title='bbox 999 2893 1053 2938; x_wconf 86' lang='lat' dir='ltr'><strong>et</strong></span> <span class='ocrx_word' id='word_1_195' title='bbox 1090 2893 1214 2938; x_wconf 91' lang='lat' dir='ltr'><strong>octo</strong></span> <span class='ocrx_word' id='word_1_196' title='bbox 1266 2883 1523 2937; x_wconf 83' lang='lat' dir='ltr'><strong>Patribus</strong></span> <span class='ocrx_word' id='word_1_197' title='bbox 1573 2882 1843 2938; x_wconf 84' lang='lat' dir='ltr'><strong>sancitam</strong></span> <span class='ocrx_word' id='word_1_198' title='bbox 1890 2883 2117 2935; x_wconf 84' lang='lat' dir='ltr'><strong>ﬁrmiter</strong></span> 
     </span>
    </p>
   </div>
   <div class='ocr_carea' id='block_1_32' title="bbox 541 2974 2115 3043">
    <p class='ocr_par' dir='ltr' id='par_1_32' title="bbox 541 2974 2115 3043">
     <span class='ocr_line' id='line_1_32' title="bbox 541 2974 2115 3043; baseline -0.001 -15"><span class='ocrx_word' id='word_1_199' title='bbox 541 2975 965 3038; x_wconf 77' lang='lat' dir='ltr'><strong>Confirmarunt,</strong></span> <span class='ocrx_word' id='word_1_200' title='bbox 1002 2974 1369 3030; x_wconf 86' lang='lat' dir='ltr'><strong>dilucidantes</strong></span> <span class='ocrx_word' id='word_1_201' title='bbox 1397 2991 1517 3029; x_wconf 88' lang='lat' dir='ltr'><strong>eatn</strong></span> <span class='ocrx_word' id='word_1_202' title='bbox 1549 2983 1604 3043; x_wconf 88' lang='lat' dir='ltr'><strong>et</strong></span> <span class='ocrx_word' id='word_1_203' title='bbox 1632 2975 1984 3028; x_wconf 84' lang='lat' dir='ltr'><strong>enarratione</strong></span> <span class='ocrx_word' id='word_1_204' title='bbox 2019 2990 2115 3030; x_wconf 81' lang='lat' dir='ltr'><strong>sua</strong></span> 
     </span>
    </p>
   </div>
   <div class='ocr_carea' id='block_1_33' title="bbox 543 3050 2120 3137">
    <p class='ocr_par' dir='ltr' id='par_1_33' title="bbox 543 3050 2120 3137">
     <span class='ocr_line' id='line_1_33' title="bbox 543 3050 2120 3137; baseline -0.001 -16"><span class='ocrx_word' id='word_1_205' title='bbox 543 3069 787 3136; x_wconf 85' lang='lat' dir='ltr'><strong>apertius</strong></span> <span class='ocrx_word' id='word_1_206' title='bbox 852 3069 1206 3122; x_wconf 75' lang='lat' dir='ltr'><strong>eriiicleantes</strong></span> <span class='ocrx_word' id='word_1_207' title='bbox 1261 3075 1489 3136; x_wconf 87' lang='lat' dir='ltr'><strong>propter</strong></span> <span class='ocrx_word' id='word_1_208' title='bbox 1545 3083 1664 3134; x_wconf 92' lang='lat' dir='ltr'><strong>cos,</strong></span> <span class='ocrx_word' id='word_1_209' title='bbox 1721 3050 1816 3137; x_wconf 63' lang='lat' dir='ltr'><strong>oui</strong></span> <span class='ocrx_word' id='word_1_210' title='bbox 1871 3067 2018 3120; x_wconf 90' lang='lat' dir='ltr'><strong>illam</strong></span> <span class='ocrx_word' id='word_1_211' title='bbox 2064 3075 2120 3119; x_wconf 84' lang='lat' dir='ltr'><strong>et</strong></span> 
     </span>
    </p>
   </div>
   <div class='ocr_carea' id='block_1_34' title="bbox 2218 587 3778 658">
    <p class='ocr_par' dir='ltr' id='par_1_34' title="bbox 2218 587 3778 658">
     <span class='ocr_line' id='line_1_34' title="bbox 2218 587 3778 658; baseline 0.006 -21"><span class='ocrx_word' id='word_1_212' title='bbox 2218 587 2376 653; x_wconf 80' lang='grc' dir='ltr'>μόνον</span> <span class='ocrx_word' id='word_1_213' title='bbox 2409 587 2465 642; x_wconf 75' lang='lat' dir='ltr'><strong>al</strong></span> <span class='ocrx_word' id='word_1_214' title='bbox 2497 587 2636 655; x_wconf 70' lang='grc' dir='ltr'>μετὰ</span> <span class='ocrx_word' id='word_1_215' title='bbox 2671 587 2762 640; x_wconf 80' lang='grc' dir='ltr'>τὸν</span> <span class='ocrx_word' id='word_1_216' title='bbox 2815 587 3079 658; x_wconf 77' lang='grc' dir='ltr'>θεοφόρον</span> <span class='ocrx_word' id='word_1_217' title='bbox 3125 589 3411 655; x_wconf 75' lang='grc' dir='ltr'>’1γνάτιον.</span> <span class='ocrx_word' id='word_1_218' title='bbox 3445 590 3578 644; x_wconf 78' lang='grc' dir='ltr'><strong>ἀλλὰ</strong></span> <span class='ocrx_word' id='word_1_219' title='bbox 3612 596 3698 644; x_wconf 75' lang='grc' dir='ltr'>καὶ</span> <span class='ocrx_word' id='word_1_220' title='bbox 3726 595 3778 646; x_wconf 75' lang='lat' dir='ltr'><strong>al</strong></span> 
     </span>
    </p>
   </div>
   <div class='ocr_carea' id='block_1_35' title="bbox 2215 676 3778 749">
    <p class='ocr_par' dir='ltr' id='par_1_35' title="bbox 2215 676 3778 749">
     <span class='ocr_line' id='line_1_35' title="bbox 2215 676 3778 749; baseline 0.003 -21"><span class='ocrx_word' id='word_1_221' title='bbox 2215 678 2352 744; x_wconf 64' lang='lat' dir='ltr'><strong>per}:</strong></span> <span class='ocrx_word' id='word_1_222' title='bbox 2393 677 2486 727; x_wconf 73' lang='grc' dir='ltr'><strong>τὸν</strong></span> <span class='ocrx_word' id='word_1_223' title='bbox 2520 676 2668 745; x_wconf 61' lang='grc' dir='ltr'>ίερδιν</span> <span class='ocrx_word' id='word_1_224' title='bbox 2700 676 2984 729; x_wconf 79' lang='grc' dir='ltr'><strong>Βασίλειον</strong></span> <span class='ocrx_word' id='word_1_225' title='bbox 3033 681 3127 733; x_wconf 71' lang='grc' dir='ltr'><strong>καὶ</strong></span> <span class='ocrx_word' id='word_1_226' title='bbox 3176 679 3256 731; x_wconf 77' lang='grc' dir='ltr'><strong>ἐτι</strong></span> <span class='ocrx_word' id='word_1_227' title='bbox 3288 679 3378 730; x_wconf 79' lang='grc' dir='ltr'>τὸν</span> <span class='ocrx_word' id='word_1_228' title='bbox 3415 679 3666 748; x_wconf 84' lang='grc' dir='ltr'>Χρυσοῦν</span> <span class='ocrx_word' id='word_1_229' title='bbox 3688 683 3778 749; x_wconf 72' lang='grc' dir='ltr'>τὴν</span> 
     </span>
    </p>
   </div>
   <div class='ocr_carea' id='block_1_36' title="bbox 2213 763 3777 838">
    <p class='ocr_par' dir='ltr' id='par_1_36' title="bbox 2213 763 3777 838">
     <span class='ocr_line' id='line_1_36' title="bbox 2213 763 3777 838; baseline 0.007 -22"><span class='ocrx_word' id='word_1_230' title='bbox 2213 766 2485 833; x_wconf 76' lang='grc' dir='ltr'>γλῶτταν,</span> <span class='ocrx_word' id='word_1_231' title='bbox 2523 767 2696 821; x_wconf 81' lang='grc' dir='ltr'>πολλὰ</span> <span class='ocrx_word' id='word_1_232' title='bbox 2739 767 3113 836; x_wconf 79' lang='grc' dir='ltr'>διετράνωσαν</span> <span class='ocrx_word' id='word_1_233' title='bbox 3159 763 3272 823; x_wconf 59' lang='grc' dir='ltr'>καῖ</span> <span class='ocrx_word' id='word_1_234' title='bbox 3304 770 3649 838; x_wconf 74' lang='grc' dir='ltr'>ἐξήπὶωσαν,</span> <span class='ocrx_word' id='word_1_235' title='bbox 3691 776 3777 827; x_wconf 79' lang='grc' dir='ltr'>καὶ</span> 
     </span>
    </p>
   </div>
   <div class='ocr_carea' id='block_1_37' title="bbox 2210 855 3780 927">
    <p class='ocr_par' dir='ltr' id='par_1_37' title="bbox 2210 855 3780 927">
     <span class='ocr_line' id='line_1_37' title="bbox 2210 855 3780 927; baseline 0.006 -18"><span class='ocrx_word' id='word_1_236' title='bbox 2210 855 2385 922; x_wconf 68' lang='grc' dir='ltr'>οὐδεὶς</span> <span class='ocrx_word' id='word_1_237' title='bbox 2429 855 2705 910; x_wconf 82' lang='grc' dir='ltr'>κεκώλυκε</span> <span class='ocrx_word' id='word_1_238' title='bbox 2755 856 2936 921; x_wconf 81' lang='grc' dir='ltr'>τοῦτο,</span> <span class='ocrx_word' id='word_1_239' title='bbox 2969 857 3084 911; x_wconf 83' lang='grc' dir='ltr'>ἀλλ’</span> <span class='ocrx_word' id='word_1_240' title='bbox 3141 859 3237 912; x_wconf 77' lang='grc' dir='ltr'>οὖν</span> <span class='ocrx_word' id='word_1_241' title='bbox 3282 861 3362 922; x_wconf 84' lang='grc' dir='ltr'><strong>είς</strong></span> <span class='ocrx_word' id='word_1_242' title='bbox 3425 861 3650 927; x_wconf 78' lang='grc' dir='ltr'><strong>ἔνδειξιν</strong></span> <span class='ocrx_word' id='word_1_243' title='bbox 3690 865 3780 926; x_wconf 73' lang='grc' dir='ltr'>τῆς</span> 
     </span>
    </p>
   </div>
   <div class='ocr_carea' id='block_1_38' title="bbox 2204 947 3781 1024">
    <p class='ocr_par' dir='ltr' id='par_1_38' title="bbox 2204 947 3781 1024">
     <span class='ocr_line' id='line_1_38' title="bbox 2204 947 3781 1024; baseline 0.002 -20"><span class='ocrx_word' id='word_1_244' title='bbox 2204 947 2493 1019; x_wconf 73' lang='grc' dir='ltr'><strong>ἀληθείας,</strong></span> <span class='ocrx_word' id='word_1_245' title='bbox 2517 947 2593 1012; x_wconf 84' lang='grc' dir='ltr'><strong>ὡς</strong></span> <span class='ocrx_word' id='word_1_246' title='bbox 2627 949 2690 1002; x_wconf 80' lang='grc' dir='ltr'>οὐ</span> <span class='ocrx_word' id='word_1_247' title='bbox 2728 947 3004 1004; x_wconf 80' lang='grc' dir='ltr'><strong>κωλύεται</strong></span> <span class='ocrx_word' id='word_1_248' title='bbox 3037 953 3147 1004; x_wconf 79' lang='grc' dir='ltr'><strong>πᾶν</strong></span> <span class='ocrx_word' id='word_1_249' title='bbox 3174 950 3236 1003; x_wconf 79' lang='grc' dir='ltr'>τὸ</span> <span class='ocrx_word' id='word_1_250' title='bbox 3265 952 3671 1024; x_wconf 79' lang='grc' dir='ltr'>ἐξαπλούμενον</span> <span class='ocrx_word' id='word_1_251' title='bbox 3695 955 3781 1007; x_wconf 70' lang='grc' dir='ltr'>καὶ</span> 
     </span>
    </p>
   </div>
   <div class='ocr_carea' id='block_1_39' title="bbox 2213 1039 3778 1110">
    <p class='ocr_par' dir='ltr' id='par_1_39' title="bbox 2213 1039 3778 1110">
     <span class='ocr_line' id='line_1_39' title="bbox 2213 1039 3778 1110; baseline 0.007 -19"><span class='ocrx_word' id='word_1_252' title='bbox 2213 1039 2668 1110; x_wconf 74' lang='grc' dir='ltr'>σαφηνιξόμενον,</span> <span class='ocrx_word' id='word_1_253' title='bbox 2703 1040 2800 1095; x_wconf 72' lang='grc' dir='ltr'>καὶ</span> <span class='ocrx_word' id='word_1_254' title='bbox 2833 1043 2896 1094; x_wconf 83' lang='grc' dir='ltr'><strong>ἐκ</strong></span> <span class='ocrx_word' id='word_1_255' title='bbox 2924 1040 3022 1095; x_wconf 84' lang='grc' dir='ltr'>τοῦ</span> <span class='ocrx_word' id='word_1_256' title='bbox 3051 1042 3303 1103; x_wconf 78' lang='grc' dir='ltr'><strong>διαλόγου</strong></span> <span class='ocrx_word' id='word_1_257' title='bbox 3354 1045 3450 1100; x_wconf 80' lang='grc' dir='ltr'><strong>τοῦ</strong></span> <span class='ocrx_word' id='word_1_258' title='bbox 3495 1047 3644 1100; x_wconf 80' lang='grc' dir='ltr'>θείου</span> <span class='ocrx_word' id='word_1_259' title='bbox 3675 1049 3778 1102; x_wconf 80' lang='grc' dir='ltr'><strong>Μα-</strong></span> 
     </span>
    </p>
   </div>
   <div class='ocr_carea' id='block_1_40' title="bbox 2211 1131 3780 1210">
    <p class='ocr_par' dir='ltr' id='par_1_40' title="bbox 2211 1131 3780 1210">
     <span class='ocr_line' id='line_1_40' title="bbox 2211 1131 3780 1210; baseline 0.006 -27"><span class='ocrx_word' id='word_1_260' title='bbox 2211 1131 2371 1202; x_wconf 79' lang='grc' dir='ltr'>ξίμου</span> <span class='ocrx_word' id='word_1_261' title='bbox 2403 1133 2775 1202; x_wconf 77' lang='grc' dir='ltr'>προθήσομεν,</span> <span class='ocrx_word' id='word_1_262' title='bbox 2807 1133 2882 1196; x_wconf 82' lang='grc' dir='ltr'>ὡς</span> <span class='ocrx_word' id='word_1_263' title='bbox 2914 1134 3150 1189; x_wconf 73' lang='grc' dir='ltr'>ὑστάτου</span> <span class='ocrx_word' id='word_1_264' title='bbox 3185 1135 3261 1206; x_wconf 75' lang='grc'>(1)</span> <span class='ocrx_word' id='word_1_265' title='bbox 3283 1137 3437 1202; x_wconf 76' lang='grc' dir='ltr'>ὄντος</span> <span class='ocrx_word' id='word_1_266' title='bbox 3461 1140 3571 1191; x_wconf 80' lang='grc' dir='ltr'><strong>τῶν</strong></span> <span class='ocrx_word' id='word_1_267' title='bbox 3601 1158 3780 1210; x_wconf 75' lang='grc' dir='ltr'>προει-</span> 
     </span>
    </p>
   </div>
   <div class='ocr_carea' id='block_1_41' title="bbox 2216 1225 3782 1300">
    <p class='ocr_par' dir='ltr' id='par_1_41' title="bbox 2216 1225 3782 1300">
     <span class='ocr_line' id='line_1_41' title="bbox 2216 1225 3782 1300; baseline 0.002 -21"><span class='ocrx_word' id='word_1_268' title='bbox 2216 1225 2468 1294; x_wconf 79' lang='grc' dir='ltr'>ρημένων</span> <span class='ocrx_word' id='word_1_269' title='bbox 2524 1226 2718 1292; x_wconf 82' lang='grc' dir='ltr'><strong>ἁγίων,</strong></span> <span class='ocrx_word' id='word_1_270' title='bbox 2753 1228 2847 1280; x_wconf 74' lang='grc' dir='ltr'>καὶ</span> <span class='ocrx_word' id='word_1_271' title='bbox 2878 1225 2954 1289; x_wconf 87' lang='grc' dir='ltr'><strong>ὡς</strong></span> <span class='ocrx_word' id='word_1_272' title='bbox 3001 1227 3064 1280; x_wconf 81' lang='grc' dir='ltr'>οὐ</span> <span class='ocrx_word' id='word_1_273' title='bbox 3117 1231 3226 1289; x_wconf 75' lang='grc' dir='ltr'>πᾶν</span> <span class='ocrx_word' id='word_1_274' title='bbox 3271 1229 3332 1286; x_wconf 78' lang='grc' dir='ltr'>τὸ</span> <span class='ocrx_word' id='word_1_275' title='bbox 3386 1231 3782 1300; x_wconf 80' lang='grc' dir='ltr'>ἐξαπλοὺμενον</span> 
     </span>
    </p>
   </div>
   <div class='ocr_carea' id='block_1_42' title="bbox 2213 1317 3782 1392">
    <p class='ocr_par' dir='ltr' id='par_1_42' title="bbox 2213 1317 3782 1392">
     <span class='ocr_line' id='line_1_42' title="bbox 2213 1317 3782 1392; baseline 0.004 -22"><span class='ocrx_word' id='word_1_276' title='bbox 2213 1317 2308 1370; x_wconf 74' lang='grc' dir='ltr'><strong>καὶ</strong></span> <span class='ocrx_word' id='word_1_277' title='bbox 2345 1317 2777 1387; x_wconf 80' lang='grc' dir='ltr'>σαφηνιζόμενον</span> <span class='ocrx_word' id='word_1_278' title='bbox 2806 1321 2900 1371; x_wconf 73' lang='grc' dir='ltr'>καὶ</span> <span class='ocrx_word' id='word_1_279' title='bbox 2935 1321 3048 1382; x_wconf 87' lang='grc' dir='ltr'>τοῖς</span> <span class='ocrx_word' id='word_1_280' title='bbox 3104 1320 3273 1384; x_wconf 86' lang='grc' dir='ltr'>θείοις</span> <span class='ocrx_word' id='word_1_281' title='bbox 3309 1322 3459 1390; x_wconf 84' lang='grc' dir='ltr'>ὅροις</span> <span class='ocrx_word' id='word_1_282' title='bbox 3491 1323 3782 1392; x_wconf 81' lang='grc' dir='ltr'>προστεθὲν</span> 
     </span>
    </p>
   </div>
   <div class='ocr_carea' id='block_1_43' title="bbox 2213 1408 3784 1483">
    <p class='ocr_par' dir='ltr' id='par_1_43' title="bbox 2213 1408 3784 1483">
     <span class='ocr_line' id='line_1_43' title="bbox 2213 1408 3784 1483; baseline 0.004 -23"><span class='ocrx_word' id='word_1_283' title='bbox 2213 1408 2314 1462; x_wconf 85' lang='grc' dir='ltr'>οὐκ</span> <span class='ocrx_word' id='word_1_284' title='bbox 2347 1408 2505 1461; x_wconf 80' lang='grc' dir='ltr'>ἄλλον</span> <span class='ocrx_word' id='word_1_285' title='bbox 2543 1408 2668 1477; x_wconf 83' lang='grc' dir='ltr'>ὅρον</span> <span class='ocrx_word' id='word_1_286' title='bbox 2699 1409 2922 1476; x_wconf 78' lang='grc' dir='ltr'>ἐμποιεῖ</span> <span class='ocrx_word' id='word_1_287' title='bbox 2949 1409 3040 1466; x_wconf 76' lang='grc' dir='ltr'><strong>διὰ</strong></span> <span class='ocrx_word' id='word_1_288' title='bbox 3064 1411 3165 1480; x_wconf 85' lang='grc' dir='ltr'><strong>τῆς</strong></span> <span class='ocrx_word' id='word_1_289' title='bbox 3209 1413 3621 1483; x_wconf 76' lang='grc' dir='ltr'>ἐπεισαγωγῆς,</span> <span class='ocrx_word' id='word_1_290' title='bbox 3657 1415 3784 1467; x_wconf 74' lang='grc' dir='ltr'>ἀλλὰ</span> 
     </span>
    </p>
   </div>
   <div class='ocr_carea' id='block_1_44' title="bbox 2213 1497 3783 1573">
    <p class='ocr_par' dir='ltr' id='par_1_44' title="bbox 2213 1497 3783 1573">
     <span class='ocr_line' id='line_1_44' title="bbox 2213 1497 3783 1573; baseline 0.004 -24"><span class='ocrx_word' id='word_1_291' title='bbox 2213 1498 2427 1551; x_wconf 73' lang='grc' dir='ltr'>καὶ-τὰ</span> <span class='ocrx_word' id='word_1_292' title='bbox 2472 1497 2548 1570; x_wconf 75' lang='grc' dir='ltr'>μὴ</span> <span class='ocrx_word' id='word_1_293' title='bbox 2597 1498 2904 1569; x_wconf 78' lang='grc' dir='ltr'>ζητηθέντα</span> <span class='ocrx_word' id='word_1_294' title='bbox 2959 1499 3250 1572; x_wconf 87' lang='grc' dir='ltr'>πρότερον,</span> <span class='ocrx_word' id='word_1_295' title='bbox 3288 1502 3701 1573; x_wconf 71' lang='grc' dir='ltr'>ἐρμηνευθέντα</span> <span class='ocrx_word' id='word_1_296' title='bbox 3730 1505 3783 1557; x_wconf 86' lang='grc' dir='ltr'><strong>δέ</strong></span> 
     </span>
    </p>
   </div>
   <div class='ocr_carea' id='block_1_45' title="bbox 2217 1589 3786 1666">
    <p class='ocr_par' dir='ltr' id='par_1_45' title="bbox 2217 1589 3786 1666">
     <span class='ocr_line' id='line_1_45' title="bbox 2217 1589 3786 1666; baseline 0.004 -24"><span class='ocrx_word' id='word_1_297' title='bbox 2217 1589 2445 1660; x_wconf 77' lang='grc' dir='ltr'>ὕστερον</span> <span class='ocrx_word' id='word_1_298' title='bbox 2477 1590 2660 1655; x_wconf 84' lang='grc' dir='ltr'>καλῶς</span> <span class='ocrx_word' id='word_1_299' title='bbox 2692 1591 3088 1662; x_wconf 80' lang='grc' dir='ltr'><strong>προσδέχονται</strong></span> <span class='ocrx_word' id='word_1_300' title='bbox 3118 1594 3211 1650; x_wconf 77' lang='grc' dir='ltr'>καὶ</span> <span class='ocrx_word' id='word_1_301' title='bbox 3242 1596 3629 1663; x_wconf 82' lang='grc' dir='ltr'><strong>φυλάττονται.</strong></span> <span class='ocrx_word' id='word_1_302' title='bbox 3656 1597 3786 1666; x_wconf 70' lang='grc' dir='ltr'>Φησὶ</span> 
     </span>
    </p>
   </div>
   <div class='ocr_carea' id='block_1_46' title="bbox 2214 1682 3782 1758">
    <p class='ocr_par' dir='ltr' id='par_1_46' title="bbox 2214 1682 3782 1758">
     <span class='ocr_line' id='line_1_46' title="bbox 2214 1682 3782 1758; baseline 0.003 -22"><span class='ocrx_word' id='word_1_303' title='bbox 2214 1682 2323 1752; x_wconf 78' lang='grc' dir='ltr'>γὰρ</span> <span class='ocrx_word' id='word_1_304' title='bbox 2349 1684 2378 1735; x_wconf 82' lang='grc' dir='ltr'><strong>ὁ</strong></span> <span class='ocrx_word' id='word_1_305' title='bbox 2407 1682 2658 1753; x_wconf 76' lang='grc' dir='ltr'><strong>Μάξιμος</strong></span> <span class='ocrx_word' id='word_1_306' title='bbox 2697 1684 2755 1736; x_wconf 84' lang='grc' dir='ltr'><strong>ἐν</strong></span> <span class='ocrx_word' id='word_1_307' title='bbox 2786 1685 2853 1754; x_wconf 79' lang='grc' dir='ltr'>τῇ</span> <span class='ocrx_word' id='word_1_308' title='bbox 2891 1683 3144 1754; x_wconf 78' lang='grc' dir='ltr'>συντόμῳ</span> <span class='ocrx_word' id='word_1_309' title='bbox 3177 1687 3450 1758; x_wconf 77' lang='grc' dir='ltr'>ἀπολογίᾳ</span> <span class='ocrx_word' id='word_1_310' title='bbox 3488 1687 3566 1757; x_wconf 72' lang='grc'>(2)</span> <span class='ocrx_word' id='word_1_311' title='bbox 3602 1686 3782 1749; x_wconf 82' lang='grc' dir='ltr'>αὑτοῦ,</span> 
     </span>
    </p>
   </div>
   <div class='ocr_carea' id='block_1_47' title="bbox 2217 1773 3784 1850">
    <p class='ocr_par' dir='ltr' id='par_1_47' title="bbox 2217 1773 3784 1850">
     <span class='ocr_line' id='line_1_47' title="bbox 2217 1773 3784 1850; baseline 0.004 -22"><span class='ocrx_word' id='word_1_312' title='bbox 2217 1777 2282 1847; x_wconf 80' lang='grc' dir='ltr'>ῆν</span> <span class='ocrx_word' id='word_1_313' title='bbox 2315 1777 2550 1829; x_wconf 85' lang='grc' dir='ltr'>ποιεῖται</span> <span class='ocrx_word' id='word_1_314' title='bbox 2600 1775 2744 1845; x_wconf 80' lang='grc' dir='ltr'>ὑπὲρ</span> <span class='ocrx_word' id='word_1_315' title='bbox 2794 1775 2894 1844; x_wconf 82' lang='grc' dir='ltr'>τῆς</span> <span class='ocrx_word' id='word_1_316' title='bbox 2945 1777 3003 1829; x_wconf 83' lang='grc' dir='ltr'><strong>ἐν</strong></span> <span class='ocrx_word' id='word_1_317' title='bbox 3033 1777 3344 1849; x_wconf 81' lang='grc' dir='ltr'>Χαλκηδόνι</span> <span class='ocrx_word' id='word_1_318' title='bbox 3394 1780 3638 1843; x_wconf 84' lang='grc' dir='ltr'><strong>συνόδου,</strong></span> <span class='ocrx_word' id='word_1_319' title='bbox 3664 1773 3784 1850; x_wconf 75' lang='grc' dir='ltr'><strong>ἦςή</strong></span> 
     </span>
    </p>
   </div>
   <div class='ocr_carea' id='block_1_48' title="bbox 2219 1866 3786 1939">
    <p class='ocr_par' dir='ltr' id='par_1_48' title="bbox 2219 1866 3786 1939">
     <span class='ocr_line' id='line_1_48' title="bbox 2219 1866 3786 1939; baseline 0.002 -21"><span class='ocrx_word' id='word_1_320' title='bbox 2219 1866 2363 1936; x_wconf 82' lang='grc' dir='ltr'>ἀρχή</span> <span class='ocrx_word' id='word_1_321' title='bbox 2383 1882 2396 1895; x_wconf 87' lang='grc'><strong>·</strong></span> <span class='ocrx_word' id='word_1_322' title='bbox 2440 1884 2458 1917; x_wconf 80' lang='grc' dir='ltr'><strong>ι</strong></span> <span class='ocrx_word' id='word_1_323' title='bbox 2503 1867 2721 1934; x_wconf 83' lang='grc' dir='ltr'>Ἐπειδὴ</span> <span class='ocrx_word' id='word_1_324' title='bbox 2751 1867 2827 1939; x_wconf 76' lang='grc'>(3)</span> <span class='ocrx_word' id='word_1_325' title='bbox 2856 1867 2979 1920; x_wconf 83' lang='grc' dir='ltr'>λίαν</span> <span class='ocrx_word' id='word_1_326' title='bbox 3010 1869 3280 1936; x_wconf 76' lang='grc' dir='ltr'><strong>γενναίως</strong></span> <span class='ocrx_word' id='word_1_327' title='bbox 3313 1871 3345 1939; x_wconf 80' lang='grc' dir='ltr'>ἢ</span> <span class='ocrx_word' id='word_1_328' title='bbox 3381 1870 3597 1938; x_wconf 80' lang='grc' dir='ltr'>ἀγενῶς</span> <span class='ocrx_word' id='word_1_329' title='bbox 3620 1873 3786 1924; x_wconf 78' lang='grc' dir='ltr'>εἰπεῖν</span> 
     </span>
    </p>
   </div>
   <div class='ocr_carea' id='block_1_49' title="bbox 2220 1958 3787 2034">
    <p class='ocr_par' dir='ltr' id='par_1_49' title="bbox 2220 1958 3787 2034">
     <span class='ocr_line' id='line_1_49' title="bbox 2220 1958 3787 2034; baseline 0.005 -25"><span class='ocrx_word' id='word_1_330' title='bbox 2220 1958 2548 2028; x_wconf 73' lang='grc' dir='ltr'>οἰκειότερον</span> <span class='ocrx_word' id='word_1_331' title='bbox 2572 1975 2586 1988; x_wconf 76' lang='grc' dir='ltr'><strong><em>ο</em></strong></span> <span class='ocrx_word' id='word_1_332' title='bbox 2625 1979 2644 2009; x_wconf 75' lang='lat' dir='ltr'><strong>a</strong></span> <span class='ocrx_word' id='word_1_333' title='bbox 2679 1987 2744 1998; x_wconf 89' lang='lat'><strong>--</strong></span> <span class='ocrx_word' id='word_1_334' title='bbox 2782 1978 2800 2009; x_wconf 75' lang='grc' dir='ltr'><strong>ι</strong></span> <span class='ocrx_word' id='word_1_335' title='bbox 2857 1960 2917 2012; x_wconf 87' lang='grc' dir='ltr'><strong>Εί</strong></span> <span class='ocrx_word' id='word_1_336' title='bbox 2967 1959 3078 2030; x_wconf 72' lang='grc' dir='ltr'><strong>γὰρ</strong></span> <span class='ocrx_word' id='word_1_337' title='bbox 3126 1960 3204 2029; x_wconf 71' lang='grc'>(4)</span> <span class='ocrx_word' id='word_1_338' title='bbox 3240 1961 3356 2016; x_wconf 79' lang='grc' dir='ltr'>ἐστι</span> <span class='ocrx_word' id='word_1_339' title='bbox 3396 1965 3608 2034; x_wconf 80' lang='grc' dir='ltr'>τάληθῆ</span> <span class='ocrx_word' id='word_1_340' title='bbox 3659 1965 3787 2031; x_wconf 83' lang='grc' dir='ltr'>ὑπὲρ</span> 
     </span>
    </p>
   </div>
   <div class='ocr_carea' id='block_1_50' title="bbox 2219 2049 3787 2124">
    <p class='ocr_par' dir='ltr' id='par_1_50' title="bbox 2219 2049 3787 2124">
     <span class='ocr_line' id='line_1_50' title="bbox 2219 2049 3787 2124; baseline 0.003 -20"><span class='ocrx_word' id='word_1_341' title='bbox 2219 2049 2476 2121; x_wconf 80' lang='grc' dir='ltr'><strong>ἀληθείας</strong></span> <span class='ocrx_word' id='word_1_342' title='bbox 2522 2049 2717 2114; x_wconf 77' lang='grc' dir='ltr'>εἰπεῖν,</span> <span class='ocrx_word' id='word_1_343' title='bbox 2755 2053 2957 2114; x_wconf 79' lang='grc' dir='ltr'>πάντες</span> <span class='ocrx_word' id='word_1_344' title='bbox 2985 2053 3034 2106; x_wconf 81' lang='grc' dir='ltr'>οἱ</span> <span class='ocrx_word' id='word_1_345' title='bbox 3065 2055 3206 2119; x_wconf 79' lang='grc' dir='ltr'>μετὰ</span> <span class='ocrx_word' id='word_1_346' title='bbox 3254 2055 3356 2124; x_wconf 81' lang='grc' dir='ltr'>τὴν</span> <span class='ocrx_word' id='word_1_347' title='bbox 3394 2055 3647 2109; x_wconf 75' lang='grc' dir='ltr'><strong>Νικαέων</strong></span> <span class='ocrx_word' id='word_1_348' title='bbox 3675 2056 3787 2110; x_wconf 66' lang='grc' dir='ltr'>θεόι</span> 
     </span>
    </p>
   </div>
   <div class='ocr_carea' id='block_1_51' title="bbox 2220 2142 3788 2216">
    <p class='ocr_par' dir='ltr' id='par_1_51' title="bbox 2220 2142 3788 2216">
     <span class='ocr_line' id='line_1_51' title="bbox 2220 2142 3788 2216; baseline 0.004 -22"><span class='ocrx_word' id='word_1_349' title='bbox 2220 2157 2395 2212; x_wconf 85' lang='grc' dir='ltr'>κριτοι</span> <span class='ocrx_word' id='word_1_350' title='bbox 2437 2143 2701 2210; x_wconf 85' lang='grc' dir='ltr'>Πατέρες.</span> <span class='ocrx_word' id='word_1_351' title='bbox 2738 2142 2832 2196; x_wconf 80' lang='grc' dir='ltr'>καὶ</span> <span class='ocrx_word' id='word_1_352' title='bbox 2889 2145 3042 2200; x_wconf 82' lang='grc' dir='ltr'>πᾶσα</span> <span class='ocrx_word' id='word_1_353' title='bbox 3094 2146 3310 2210; x_wconf 83' lang='grc' dir='ltr'>σύνοδος</span> <span class='ocrx_word' id='word_1_354' title='bbox 3353 2148 3659 2216; x_wconf 75' lang='grc' dir='ltr'>ὀρθοδὸξων</span> <span class='ocrx_word' id='word_1_355' title='bbox 3702 2151 3788 2201; x_wconf 80' lang='grc' dir='ltr'>καὶ</span> 
     </span>
    </p>
   </div>
   <div class='ocr_carea' id='block_1_52' title="bbox 2222 2232 3788 2309">
    <p class='ocr_par' dir='ltr' id='par_1_52' title="bbox 2222 2232 3788 2309">
     <span class='ocr_line' id='line_1_52' title="bbox 2222 2232 3788 2309; baseline 0.008 -26"><span class='ocrx_word' id='word_1_356' title='bbox 2222 2232 2393 2301; x_wconf 81' lang='grc' dir='ltr'>ἁγίων</span> <span class='ocrx_word' id='word_1_357' title='bbox 2443 2234 2674 2304; x_wconf 78' lang='grc' dir='ltr'>ἀνδρῶν,</span> <span class='ocrx_word' id='word_1_358' title='bbox 2707 2235 2806 2288; x_wconf 73' lang='grc' dir='ltr'>οὐκ</span> <span class='ocrx_word' id='word_1_359' title='bbox 2858 2235 3019 2292; x_wconf 77' lang='grc' dir='ltr'>ἄλλον</span> <span class='ocrx_word' id='word_1_360' title='bbox 3069 2239 3308 2302; x_wconf 82' lang='grc' dir='ltr'>πίστεως</span> <span class='ocrx_word' id='word_1_361' title='bbox 3365 2239 3492 2309; x_wconf 84' lang='grc' dir='ltr'>ὅρον</span> <span class='ocrx_word' id='word_1_362' title='bbox 3548 2242 3637 2295; x_wconf 79' lang='grc' dir='ltr'>διὰ</span> <span class='ocrx_word' id='word_1_363' title='bbox 3698 2241 3788 2309; x_wconf 81' lang='grc' dir='ltr'>τῆς</span> 
     </span>
    </p>
   </div>
   <div class='ocr_carea' id='block_1_53' title="bbox 2221 2325 3787 2399">
    <p class='ocr_par' dir='ltr' id='par_1_53' title="bbox 2221 2325 3787 2399">
     <span class='ocr_line' id='line_1_53' title="bbox 2221 2325 3787 2399; baseline 0.004 -22"><span class='ocrx_word' id='word_1_364' title='bbox 2221 2325 2605 2396; x_wconf 81' lang='grc' dir='ltr'>ἐπεισαγωγῆς</span> <span class='ocrx_word' id='word_1_365' title='bbox 2629 2327 2738 2380; x_wconf 84' lang='grc' dir='ltr'><strong>τῶν</strong></span> <span class='ocrx_word' id='word_1_366' title='bbox 2759 2329 2975 2384; x_wconf 72' lang='grc' dir='ltr'>οἰκείων</span> <span class='ocrx_word' id='word_1_367' title='bbox 3008 2331 3272 2399; x_wconf 79' lang='grc' dir='ltr'>ῥημάτων</span> <span class='ocrx_word' id='word_1_368' title='bbox 3299 2332 3583 2396; x_wconf 70' lang='grc' dir='ltr'>παντελῶς</span> <span class='ocrx_word' id='word_1_369' title='bbox 3613 2337 3787 2388; x_wconf 71' lang='grc' dir='ltr'>ἐπειπ-</span> 
     </span>
    </p>
   </div>
   <div class='ocr_carea' id='block_1_54' title="bbox 2219 2417 3788 2495">
    <p class='ocr_par' dir='ltr' id='par_1_54' title="bbox 2219 2417 3788 2495">
     <span class='ocr_line' id='line_1_54' title="bbox 2219 2417 3788 2495; baseline 0.005 -26"><span class='ocrx_word' id='word_1_370' title='bbox 2219 2418 2448 2486; x_wconf 80' lang='grc' dir='ltr'>ήγαγον,</span> <span class='ocrx_word' id='word_1_371' title='bbox 2482 2417 2558 2481; x_wconf 83' lang='grc' dir='ltr'>ὡς</span> <span class='ocrx_word' id='word_1_372' title='bbox 2614 2419 2772 2488; x_wconf 75' lang='grc' dir='ltr'>ὑμεῖς</span> <span class='ocrx_word' id='word_1_373' title='bbox 2811 2421 3179 2488; x_wconf 78' lang='grc' dir='ltr'>ἀποφαίνεσθε</span> <span class='ocrx_word' id='word_1_374' title='bbox 3212 2423 3289 2493; x_wconf 87' lang='grc'>(5)</span> <span class='ocrx_word' id='word_1_375' title='bbox 3337 2424 3591 2478; x_wconf 81' lang='grc' dir='ltr'>πλεῖστον</span> <span class='ocrx_word' id='word_1_376' title='bbox 3624 2444 3788 2495; x_wconf 80' lang='grc' dir='ltr'>παρα-</span> 
     </span>
    </p>
   </div>
   <div class='ocr_carea' id='block_1_55' title="bbox 2219 2507 3790 2582">
    <p class='ocr_par' dir='ltr' id='par_1_55' title="bbox 2219 2507 3790 2582">
     <span class='ocr_line' id='line_1_55' title="bbox 2219 2507 3790 2582; baseline 0.004 -21"><span class='ocrx_word' id='word_1_377' title='bbox 2219 2507 2515 2579; x_wconf 84' lang='grc' dir='ltr'>ληροῦντες</span> <span class='ocrx_word' id='word_1_378' title='bbox 2569 2511 2667 2564; x_wconf 73' lang='grc' dir='ltr'>καὶ</span> <span class='ocrx_word' id='word_1_379' title='bbox 2713 2511 2774 2564; x_wconf 77' lang='grc' dir='ltr'>τὸ</span> <span class='ocrx_word' id='word_1_380' title='bbox 2820 2512 2942 2567; x_wconf 76' lang='grc' dir='ltr'>ὅλον</span> <span class='ocrx_word' id='word_1_381' title='bbox 3001 2513 3342 2582; x_wconf 83' lang='grc' dir='ltr'>μαινόμενοι,</span> <span class='ocrx_word' id='word_1_382' title='bbox 3371 2515 3487 2568; x_wconf 85' lang='grc' dir='ltr'>ἀλλ’</span> <span class='ocrx_word' id='word_1_383' title='bbox 3523 2517 3684 2570; x_wconf 67' lang='grc' dir='ltr'>αὐτὸν</span> <span class='ocrx_word' id='word_1_384' title='bbox 3721 2518 3790 2577; x_wconf 79' lang='grc' dir='ltr'>ὡς</span> 
     </span>
    </p>
   </div>
   <div class='ocr_carea' id='block_1_56' title="bbox 2222 2601 3790 2677">
    <p class='ocr_par' dir='ltr' id='par_1_56' title="bbox 2222 2601 3790 2677">
     <span class='ocr_line' id='line_1_56' title="bbox 2222 2601 3790 2677; baseline 0.001 -20"><span class='ocrx_word' id='word_1_385' title='bbox 2222 2601 2440 2669; x_wconf 85' lang='grc' dir='ltr'>πρῶτον</span> <span class='ocrx_word' id='word_1_386' title='bbox 2488 2606 2582 2658; x_wconf 76' lang='grc' dir='ltr'><strong>καὶ</strong></span> <span class='ocrx_word' id='word_1_387' title='bbox 2629 2605 2794 2672; x_wconf 81' lang='grc' dir='ltr'>μόνον</span> <span class='ocrx_word' id='word_1_388' title='bbox 2838 2603 2932 2657; x_wconf 73' lang='grc' dir='ltr'><strong>τὸν</strong></span> <span class='ocrx_word' id='word_1_389' title='bbox 2981 2604 3046 2658; x_wconf 86' lang='grc' dir='ltr'><strong>ἐκ</strong></span> <span class='ocrx_word' id='word_1_390' title='bbox 3086 2605 3196 2657; x_wconf 85' lang='grc' dir='ltr'><strong>τῶν</strong></span> <span class='ocrx_word' id='word_1_391' title='bbox 3240 2605 3414 2674; x_wconf 80' lang='grc' dir='ltr'>ἁγίων</span> <span class='ocrx_word' id='word_1_392' title='bbox 3463 2609 3790 2677; x_wconf 75' lang='grc' dir='ltr'>τριακοσίων</span> 
     </span>
    </p>
   </div>
   <div class='ocr_carea' id='block_1_57' title="bbox 2219 2692 3788 2768">
    <p class='ocr_par' dir='ltr' id='par_1_57' title="bbox 2219 2692 3788 2768">
     <span class='ocr_line' id='line_1_57' title="bbox 2219 2692 3788 2768; baseline 0.003 -20"><span class='ocrx_word' id='word_1_393' title='bbox 2219 2695 2351 2748; x_wconf 79' lang='grc' dir='ltr'>δέκα</span> <span class='ocrx_word' id='word_1_394' title='bbox 2383 2695 2479 2748; x_wconf 82' lang='grc' dir='ltr'>καὶ</span> <span class='ocrx_word' id='word_1_395' title='bbox 2504 2692 2649 2748; x_wconf 85' lang='grc' dir='ltr'>ὀκτὼ</span> <span class='ocrx_word' id='word_1_396' title='bbox 2682 2693 2758 2764; x_wconf 86' lang='grc' dir='ltr'>(ϐ)</span> <span class='ocrx_word' id='word_1_397' title='bbox 2792 2695 3054 2765; x_wconf 82' lang='grc' dir='ltr'>Πατέρων</span> <span class='ocrx_word' id='word_1_398' title='bbox 3082 2696 3526 2768; x_wconf 77' lang='grc' dir='ltr'>νομοθετηθέντα</span> <span class='ocrx_word' id='word_1_399' title='bbox 3561 2699 3657 2765; x_wconf 77' lang='grc' dir='ltr'>βεδ</span> <span class='ocrx_word' id='word_1_400' title='bbox 3702 2703 3788 2760; x_wconf 73' lang='lat' dir='ltr'><strong>im;</strong></span> 
     </span>
    </p>
   </div>
   <div class='ocr_carea' id='block_1_58' title="bbox 2219 2786 3796 2862">
    <p class='ocr_par' dir='ltr' id='par_1_58' title="bbox 2219 2786 3796 2862">
     <span class='ocr_line' id='line_1_58' title="bbox 2219 2786 3796 2862; baseline -0.001 -18"><span class='ocrx_word' id='word_1_401' title='bbox 2219 2788 2529 2860; x_wconf 74' lang='grc' dir='ltr'>ἐκύρωσαν,</span> <span class='ocrx_word' id='word_1_402' title='bbox 2577 2787 2907 2858; x_wconf 81' lang='grc' dir='ltr'>τρανοῦντες</span> <span class='ocrx_word' id='word_1_403' title='bbox 2954 2789 3114 2843; x_wconf 69' lang='grc' dir='ltr'>αὐτὸν</span> <span class='ocrx_word' id='word_1_404' title='bbox 3178 2790 3270 2843; x_wconf 71' lang='grc' dir='ltr'>καὶ</span> <span class='ocrx_word' id='word_1_405' title='bbox 3325 2786 3440 2844; x_wconf 75' lang='grc' dir='ltr'>οἷον</span> <span class='ocrx_word' id='word_1_406' title='bbox 3502 2792 3796 2862; x_wconf 80' lang='grc' dir='ltr'>ἐπεξηγού·</span> 
     </span>
    </p>
   </div>
   <div class='ocr_carea' id='block_1_59' title="bbox 2223 2879 3793 2951">
    <p class='ocr_par' dir='ltr' id='par_1_59' title="bbox 2223 2879 3793 2951">
     <span class='ocr_line' id='line_1_59' title="bbox 2223 2879 3793 2951; baseline -0.003 -15"><span class='ocrx_word' id='word_1_407' title='bbox 2223 2882 2377 2951; x_wconf 88' lang='grc' dir='ltr'>μενοί</span> <span class='ocrx_word' id='word_1_408' title='bbox 2409 2897 2467 2933; x_wconf 87' lang='grc' dir='ltr'>τε</span> <span class='ocrx_word' id='word_1_409' title='bbox 2498 2880 2594 2940; x_wconf 76' lang='grc' dir='ltr'>καὶ</span> <span class='ocrx_word' id='word_1_410' title='bbox 2646 2879 3147 2951; x_wconf 76' lang='grc' dir='ltr'>ἐπεξεργαζόμενοι</span> <span class='ocrx_word' id='word_1_411' title='bbox 3173 2881 3260 2934; x_wconf 79' lang='grc' dir='ltr'>διὰ</span> <span class='ocrx_word' id='word_1_412' title='bbox 3286 2881 3414 2943; x_wconf 69' lang='grc' dir='ltr'>τοὺς</span> <span class='ocrx_word' id='word_1_413' title='bbox 3445 2883 3658 2934; x_wconf 83' lang='grc' dir='ltr'>ἐκεῖνον</span> <span class='ocrx_word' id='word_1_414' title='bbox 3705 2881 3793 2934; x_wconf 68' lang='grc' dir='ltr'>καὶ.</span> 
     </span>
    </p>
   </div>
   <div class='ocr_carea' id='block_1_60' title="bbox 2221 2973 3792 3042">
    <p class='ocr_par' dir='ltr' id='par_1_60' title="bbox 2221 2973 3792 3042">
     <span class='ocr_line' id='line_1_60' title="bbox 2221 2973 3792 3042; baseline -0.002 -14"><span class='ocrx_word' id='word_1_415' title='bbox 2221 2975 2290 3028; x_wconf 80' lang='grc' dir='ltr'><strong>τὰ</strong></span> <span class='ocrx_word' id='word_1_416' title='bbox 2321 2974 2534 3027; x_wconf 81' lang='grc' dir='ltr'>ἐκείνου</span> <span class='ocrx_word' id='word_1_417' title='bbox 2564 2973 2816 3041; x_wconf 68' lang='grc' dir='ltr'>δόγματα</span> <span class='ocrx_word' id='word_1_418' title='bbox 2843 2973 2978 3042; x_wconf 79' lang='grc' dir='ltr'>πρὸς</span> <span class='ocrx_word' id='word_1_419' title='bbox 3005 2973 3104 3042; x_wconf 80' lang='grc' dir='ltr'>τὴν</span> <span class='ocrx_word' id='word_1_420' title='bbox 3135 2973 3346 3027; x_wconf 77' lang='grc' dir='ltr'>οἰκείαν</span> <span class='ocrx_word' id='word_1_421' title='bbox 3373 2975 3564 3036; x_wconf 81' lang='grc' dir='ltr'>κακῶς</span> <span class='ocrx_word' id='word_1_422' title='bbox 3595 2974 3792 3041; x_wconf 82' lang='grc' dir='ltr'>ἐκλαμ-</span> 
     </span>
    </p>
   </div>
   <div class='ocr_carea' id='block_1_61' title="bbox 2225 3062 3789 3135">
    <p class='ocr_par' dir='ltr' id='par_1_61' title="bbox 2225 3062 3789 3135">
     <span class='ocr_line' id='line_1_61' title="bbox 2225 3062 3789 3135; baseline -0.001 -19"><span class='ocrx_word' id='word_1_423' title='bbox 2225 3066 2482 3128; x_wconf 76' lang='grc' dir='ltr'>ϐάνοντας</span> <span class='ocrx_word' id='word_1_424' title='bbox 2509 3067 2602 3118; x_wconf 71' lang='grc' dir='ltr'>καὶ</span> <span class='ocrx_word' id='word_1_425' title='bbox 2633 3064 3151 3135; x_wconf 73' lang='grc' dir='ltr'>παρεξηγουμὲνους</span> <span class='ocrx_word' id='word_1_426' title='bbox 3178 3064 3522 3121; x_wconf 77' lang='grc' dir='ltr'>δυσσέϐειαν.</span> <span class='ocrx_word' id='word_1_427' title='bbox 3557 3085 3576 3118; x_wconf 73' lang='grc' dir='ltr'><strong>ι</strong></span> <span class='ocrx_word' id='word_1_428' title='bbox 3602 3067 3664 3119; x_wconf 85' lang='grc' dir='ltr'>Τί</span> <span class='ocrx_word' id='word_1_429' title='bbox 3684 3062 3789 3128; x_wconf 84' lang='grc' dir='ltr'>οὖν,</span> 
     </span>
    </p>
   </div>
   <div class='ocr_carea' id='block_1_62' title="bbox 547 3157 2111 3228">
    <p class='ocr_par' dir='ltr' id='par_1_62' title="bbox 547 3157 2111 3228">
     <span class='ocr_line' id='line_1_62' title="bbox 547 3157 2111 3228; baseline -0.001 -16"><span class='ocrx_word' id='word_1_430' title='bbox 547 3159 699 3213; x_wconf 91' lang='lat' dir='ltr'><strong>illius</strong></span> <span class='ocrx_word' id='word_1_431' title='bbox 729 3159 980 3228; x_wconf 75' lang='lat' dir='ltr'><strong>dogmata</strong></span> <span class='ocrx_word' id='word_1_432' title='bbox 1013 3158 1078 3211; x_wconf 90' lang='lat' dir='ltr'><strong>ad</strong></span> <span class='ocrx_word' id='word_1_433' title='bbox 1130 3159 1407 3226; x_wconf 85' lang='lat' dir='ltr'><strong>prOpriam</strong></span> <span class='ocrx_word' id='word_1_434' title='bbox 1462 3158 1803 3227; x_wconf 88' lang='lat' dir='ltr'><strong>impietatem</strong></span> <span class='ocrx_word' id='word_1_435' title='bbox 1834 3157 2111 3212; x_wconf 86' lang='lat' dir='ltr'><strong>constabi-</strong></span> 
     </span>
    </p>
   </div>
   <div class='ocr_carea' id='block_1_63' title="bbox 2220 3157 3792 3228">
    <p class='ocr_par' dir='ltr' id='par_1_63' title="bbox 2220 3158 3792 3228">
     <span class='ocr_line' id='line_1_63' title="bbox 2220 3158 3792 3228; baseline 0.001 -18"><span class='ocrx_word' id='word_1_436' title='bbox 2220 3160 2266 3210; x_wconf 83' lang='grc' dir='ltr'><strong>εἱ</strong></span> <span class='ocrx_word' id='word_1_437' title='bbox 2294 3159 2386 3211; x_wconf 78' lang='grc' dir='ltr'>καὶ</span> <span class='ocrx_word' id='word_1_438' title='bbox 2416 3158 2618 3225; x_wconf 84' lang='grc' dir='ltr'>ὁμοίως</span> <span class='ocrx_word' id='word_1_439' title='bbox 2639 3159 2859 3212; x_wconf 87' lang='grc' dir='ltr'>Λατῖνοι</span> <span class='ocrx_word' id='word_1_440' title='bbox 2887 3159 3295 3228; x_wconf 82' lang='grc' dir='ltr'>ἐπεποιήκεσαν</span> <span class='ocrx_word' id='word_1_441' title='bbox 3319 3158 3406 3212; x_wconf 81' lang='grc' dir='ltr'>διὰ</span> <span class='ocrx_word' id='word_1_442' title='bbox 3441 3160 3571 3222; x_wconf 80' lang='grc' dir='ltr'>τοὺς</span> <span class='ocrx_word' id='word_1_443' title='bbox 3614 3159 3792 3222; x_wconf 81' lang='grc' dir='ltr'>ᾷνισον</span> 
     </span>
    </p>
   </div>
   <div class='ocr_carea' id='block_1_64' title="bbox 543 3249 2108 3320">
    <p class='ocr_par' dir='ltr' id='par_1_64' title="bbox 543 3249 2108 3320">
     <span class='ocr_line' id='line_1_64' title="bbox 543 3249 2108 3320; baseline -0.002 -16"><span class='ocrx_word' id='word_1_444' title='bbox 543 3249 1211 3320; x_wconf 79' lang='lat' dir='ltr'><strong>liendanidetorquebant</strong></span> <span class='ocrx_word' id='word_1_445' title='bbox 1262 3259 1315 3303; x_wconf 91' lang='lat' dir='ltr'><strong>et</strong></span> <span class='ocrx_word' id='word_1_446' title='bbox 1358 3265 1642 3320; x_wconf 75' lang='lat' dir='ltr'><strong>perperam</strong></span> <span class='ocrx_word' id='word_1_447' title='bbox 1687 3249 2058 3316; x_wconf 81' lang='lat' dir='ltr'><strong>exponebant.</strong></span> <span class='ocrx_word' id='word_1_448' title='bbox 2089 3267 2108 3301; x_wconf 77' lang='grc' dir='ltr'><strong>ι</strong></span> 
     </span>
    </p>
   </div>
   <div class='ocr_carea' id='block_1_65' title="bbox 541 3341 2116 3412">
    <p class='ocr_par' dir='ltr' id='par_1_65' title="bbox 541 3341 2116 3412">
     <span class='ocr_line' id='line_1_65' title="bbox 541 3341 2116 3412; baseline -0.001 -16"><span class='ocrx_word' id='word_1_449' title='bbox 541 3345 682 3412; x_wconf 86' lang='lat' dir='ltr'><strong>Quid</strong></span> <span class='ocrx_word' id='word_1_450' title='bbox 721 3345 910 3412; x_wconf 78' lang='lat' dir='ltr'><strong>igitur,</strong></span> <span class='ocrx_word' id='word_1_451' title='bbox 943 3346 988 3396; x_wconf 89' lang='lat' dir='ltr'><strong>si</strong></span> <span class='ocrx_word' id='word_1_452' title='bbox 1024 3343 1138 3412; x_wconf 89' lang='lat' dir='ltr'><strong>pari</strong></span> <span class='ocrx_word' id='word_1_453' title='bbox 1179 3357 1400 3412; x_wconf 81' lang='lat' dir='ltr'><strong>quoque</strong></span> <span class='ocrx_word' id='word_1_454' title='bbox 1431 3342 1592 3396; x_wconf 84' lang='lat' dir='ltr'><strong>modo</strong></span> <span class='ocrx_word' id='word_1_455' title='bbox 1621 3341 1800 3406; x_wconf 86' lang='lat' dir='ltr'><strong>Latini</strong></span> <span class='ocrx_word' id='word_1_456' title='bbox 1852 3341 2116 3396; x_wconf 76' lang='lat' dir='ltr'><strong>fecissent</strong></span> 
     </span>
    </p>
   </div>
   <div class='ocr_carea' id='block_1_66' title="bbox 542 3433 2109 3508">
    <p class='ocr_par' dir='ltr' id='par_1_66' title="bbox 542 3433 2109 3508">
     <span class='ocr_line' id='line_1_66' title="bbox 542 3433 2109 3508; baseline -0.004 -18"><span class='ocrx_word' id='word_1_457' title='bbox 542 3448 762 3508; x_wconf 83' lang='lat' dir='ltr'><strong>propter</strong></span> <span class='ocrx_word' id='word_1_458' title='bbox 793 3453 885 3493; x_wconf 84' lang='lat' dir='ltr'><strong>eos</strong></span> <span class='ocrx_word' id='word_1_459' title='bbox 917 3453 1009 3504; x_wconf 82' lang='lat' dir='ltr'><strong>qui</strong></span> <span class='ocrx_word' id='word_1_460' title='bbox 1049 3433 1246 3490; x_wconf 84' lang='lat' dir='ltr'><strong>Filium</strong></span> <span class='ocrx_word' id='word_1_461' title='bbox 1276 3436 1422 3489; x_wconf 85' lang='lat' dir='ltr'><strong>Patri</strong></span> <span class='ocrx_word' id='word_1_462' title='bbox 1459 3435 1784 3504; x_wconf 65' lang='lat' dir='ltr'><strong>inaaqualern</strong></span> <span class='ocrx_word' id='word_1_463' title='bbox 1823 3433 2109 3500; x_wconf 84' lang='lat' dir='ltr'><strong>dicebant,</strong></span> 
     </span>
    </p>
   </div>
   <div class='ocr_carea' id='block_1_67' title="bbox 541 3525 2112 3597">
    <p class='ocr_par' dir='ltr' id='par_1_67' title="bbox 541 3525 2112 3597">
     <span class='ocr_line' id='line_1_67' title="bbox 541 3525 2112 3597; baseline -0.003 -15"><span class='ocrx_word' id='word_1_464' title='bbox 541 3543 702 3582; x_wconf 79' lang='lat' dir='ltr'><strong>sacro</strong></span> <span class='ocrx_word' id='word_1_465' title='bbox 761 3525 1022 3597; x_wconf 86' lang='lat' dir='ltr'><strong>Sytnbolo</strong></span> <span class='ocrx_word' id='word_1_466' title='bbox 1083 3527 1346 3581; x_wconf 82' lang='lat' dir='ltr'><strong>addentes</strong></span> <span class='ocrx_word' id='word_1_467' title='bbox 1402 3526 1864 3595; x_wconf 85' lang='lat' dir='ltr'><strong>explanationem,</strong></span> <span class='ocrx_word' id='word_1_468' title='bbox 1926 3541 2112 3579; x_wconf 87' lang='lat' dir='ltr'><strong>vocem</strong></span> 
     </span>
    </p>
   </div>
   <div class='ocr_carea' id='block_1_68' title="bbox 545 3614 2113 3688">
    <p class='ocr_par' dir='ltr' id='par_1_68' title="bbox 545 3614 2113 3688">
     <span class='ocr_line' id='line_1_68' title="bbox 545 3614 2113 3688; baseline -0.001 -17"><span class='ocrx_word' id='word_1_469' title='bbox 545 3619 806 3673; x_wconf 82' lang='lat' dir='ltr'><strong>videlicet</strong></span> <span class='ocrx_word' id='word_1_470' title='bbox 835 3615 1104 3688; x_wconf 80' lang='lat' dir='ltr'><strong>Filioque,</strong></span> <span class='ocrx_word' id='word_1_471' title='bbox 1167 3633 1330 3686; x_wconf 79' lang='lat' dir='ltr'><strong>quam</strong></span> <span class='ocrx_word' id='word_1_472' title='bbox 1374 3626 1430 3671; x_wconf 87' lang='lat' dir='ltr'><strong>et</strong></span> <span class='ocrx_word' id='word_1_473' title='bbox 1482 3617 1598 3685; x_wconf 72' lang='lat' dir='ltr'><strong>ipse</strong></span> <span class='ocrx_word' id='word_1_474' title='bbox 1649 3615 1808 3670; x_wconf 88' lang='lat' dir='ltr'><strong>divus</strong></span> <span class='ocrx_word' id='word_1_475' title='bbox 1841 3614 2113 3669; x_wconf 77' lang='lat' dir='ltr'><strong>Maximus</strong></span> 
     </span>
    </p>
   </div>
   <div class='ocr_carea' id='block_1_69' title="bbox 542 3709 2114 3780">
    <p class='ocr_par' dir='ltr' id='par_1_69' title="bbox 542 3709 2114 3780">
     <span class='ocr_line' id='line_1_69' title="bbox 542 3709 2114 3780; baseline -0.005 -14"><span class='ocrx_word' id='word_1_476' title='bbox 542 3729 596 3766; x_wconf 82' lang='lat' dir='ltr'><strong>Ill</strong></span> <span class='ocrx_word' id='word_1_477' title='bbox 634 3711 855 3780; x_wconf 84' lang='lat' dir='ltr'><strong>propria</strong></span> <span class='ocrx_word' id='word_1_478' title='bbox 887 3711 1117 3780; x_wconf 85' lang='lat' dir='ltr'><strong>epistola</strong></span> <span class='ocrx_word' id='word_1_479' title='bbox 1149 3710 1224 3780; x_wconf 88' lang='lat' dir='ltr'><strong>(a)</strong></span> <span class='ocrx_word' id='word_1_480' title='bbox 1273 3709 1496 3762; x_wconf 82' lang='lat' dir='ltr'><strong>Patrum</strong></span> <span class='ocrx_word' id='word_1_481' title='bbox 1545 3723 1732 3762; x_wconf 88' lang='lat' dir='ltr'><strong>vocem</strong></span> <span class='ocrx_word' id='word_1_482' title='bbox 1783 3722 1908 3761; x_wconf 89' lang='lat' dir='ltr'><strong>esse</strong></span> <span class='ocrx_word' id='word_1_483' title='bbox 1945 3716 2114 3762; x_wconf 88' lang='lat' dir='ltr'><strong>testa-</strong></span> 
     </span>
    </p>
   </div>
   <div class='ocr_carea' id='block_1_70' title="bbox 542 3795 2111 3867">
    <p class='ocr_par' dir='ltr' id='par_1_70' title="bbox 542 3795 2111 3867">
     <span class='ocr_line' id='line_1_70' title="bbox 542 3795 2111 3867; baseline -0.003 -13"><span class='ocrx_word' id='word_1_484' title='bbox 542 3803 674 3855; x_wconf 81' lang='lat' dir='ltr'><strong>tur?</strong></span> <span class='ocrx_word' id='word_1_485' title='bbox 707 3800 978 3856; x_wconf 66' lang='lat' dir='ltr'><strong>l’rmtcrea</strong></span> <span class='ocrx_word' id='word_1_486' title='bbox 1007 3815 1072 3854; x_wconf 90' lang='lat' dir='ltr'><strong>ex</strong></span> <span class='ocrx_word' id='word_1_487' title='bbox 1108 3799 1482 3867; x_wconf 87' lang='lat' dir='ltr'><strong>disputatione</strong></span> <span class='ocrx_word' id='word_1_488' title='bbox 1510 3798 1687 3853; x_wconf 80' lang='lat' dir='ltr'><strong>sancti</strong></span> <span class='ocrx_word' id='word_1_489' title='bbox 1723 3795 1945 3850; x_wconf 81' lang='lat' dir='ltr'><strong>Maximi</strong></span> <span class='ocrx_word' id='word_1_490' title='bbox 1987 3811 2111 3849; x_wconf 87' lang='lat' dir='ltr'><strong>cunt</strong></span> 
     </span>
    </p>
   </div>
   <div class='ocr_carea' id='block_1_71' title="bbox 541 3889 2116 3962">
    <p class='ocr_par' dir='ltr' id='par_1_71' title="bbox 541 3889 2116 3962">
     <span class='ocr_line' id='line_1_71' title="bbox 541 3889 2116 3962; baseline -0.003 -15"><span class='ocrx_word' id='word_1_491' title='bbox 541 3893 732 3962; x_wconf 80' lang='lat' dir='ltr'><strong>coqui</strong></span> <span class='ocrx_word' id='word_1_492' title='bbox 770 3892 1024 3946; x_wconf 66' lang='lat' dir='ltr'><strong>Anomaai</strong></span> <span class='ocrx_word' id='word_1_493' title='bbox 1073 3891 1424 3962; x_wconf 61' lang='lat' dir='ltr'><strong>(Macedonii)</strong></span> <span class='ocrx_word' id='word_1_494' title='bbox 1480 3889 1809 3944; x_wconf 68' lang='lat' dir='ltr'><strong>sententiam</strong></span> <span class='ocrx_word' id='word_1_495' title='bbox 1865 3890 2116 3943; x_wconf 53' lang='lat' dir='ltr'><strong>sertabac</strong></span> 
     </span>
    </p>
   </div>
   <div class='ocr_carea' id='block_1_72' title="bbox 541 3981 2110 4052">
    <p class='ocr_par' dir='ltr' id='par_1_72' title="bbox 541 3981 2110 4052">
     <span class='ocr_line' id='line_1_72' title="bbox 541 3981 2110 4052; baseline -0.002 -13"><span class='ocrx_word' id='word_1_496' title='bbox 541 3998 652 4052; x_wconf 90' lang='lat' dir='ltr'><strong>tur,</strong></span> <span class='ocrx_word' id='word_1_497' title='bbox 697 3987 784 4041; x_wconf 89' lang='lat' dir='ltr'><strong>ubi</strong></span> <span class='ocrx_word' id='word_1_498' title='bbox 841 3985 1270 4040; x_wconf 85' lang='lat' dir='ltr'><strong>Macedonianus</strong></span> <span class='ocrx_word' id='word_1_499' title='bbox 1306 3983 1441 4046; x_wconf 81' lang='lat' dir='ltr'><strong>dicit</strong></span> <span class='ocrx_word' id='word_1_500' title='bbox 1479 3985 1546 4036; x_wconf 90' lang='lat' dir='ltr'><strong>ad</strong></span> <span class='ocrx_word' id='word_1_501' title='bbox 1586 3981 1882 4036; x_wconf 75' lang='lat' dir='ltr'><strong>Maximum</strong></span> <span class='ocrx_word' id='word_1_502' title='bbox 1921 4000 1934 4035; x_wconf 90' lang='lat'><strong>:</strong></span> <span class='ocrx_word' id='word_1_503' title='bbox 1971 4001 1989 4034; x_wconf 82' lang='grc' dir='ltr'><strong>ι</strong></span> <span class='ocrx_word' id='word_1_504' title='bbox 2031 3986 2110 4036; x_wconf 79' lang='lat' dir='ltr'><strong>An</strong></span> 
     </span>
    </p>
   </div>
   <div class='ocr_carea' id='block_1_73' title="bbox 540 4074 2114 4151">
    <p class='ocr_par' dir='ltr' id='par_1_73' title="bbox 540 4074 2114 4151">
     <span class='ocr_line' id='line_1_73' title="bbox 540 4074 2114 4151; baseline -0.004 -13"><span class='ocrx_word' id='word_1_505' title='bbox 540 4081 709 4151; x_wconf 77' lang='lat' dir='ltr'><strong>igitur</strong></span> <span class='ocrx_word' id='word_1_506' title='bbox 733 4079 1037 4136; x_wconf 84' lang='lat' dir='ltr'><strong>subscribis</strong></span> <span class='ocrx_word' id='word_1_507' title='bbox 1069 4079 1400 4148; x_wconf 87' lang='lat' dir='ltr'><strong>expositioni</strong></span> <span class='ocrx_word' id='word_1_508' title='bbox 1435 4075 1704 4132; x_wconf 79' lang='lat' dir='ltr'><strong>Luciani?</strong></span> <span class='ocrx_word' id='word_1_509' title='bbox 1742 4095 1762 4130; x_wconf 78' lang='grc' dir='ltr'><strong>ι</strong></span> <span class='ocrx_word' id='word_1_510' title='bbox 1797 4074 2070 4130; x_wconf 75' lang='lat' dir='ltr'><strong>Maximus</strong></span> <span class='ocrx_word' id='word_1_511' title='bbox 2093 4092 2114 4131; x_wconf 80' lang='lat'><strong>.&#39;</strong></span> 
     </span>
    </p>
   </div>
   <div class='ocr_carea' id='block_1_74' title="bbox 544 4169 2114 4240">
    <p class='ocr_par' dir='ltr' id='par_1_74' title="bbox 544 4169 2114 4240">
     <span class='ocr_line' id='line_1_74' title="bbox 544 4169 2114 4240; baseline -0.002 -14"><span class='ocrx_word' id='word_1_512' title='bbox 544 4193 564 4226; x_wconf 82' lang='grc' dir='ltr'><strong>ι</strong></span> <span class='ocrx_word' id='word_1_513' title='bbox 607 4173 746 4238; x_wconf 89' lang='lat' dir='ltr'><strong>Quid</strong></span> <span class='ocrx_word' id='word_1_514' title='bbox 779 4170 1163 4227; x_wconf 89' lang='lat' dir='ltr'><strong>condemnasti</strong></span> <span class='ocrx_word' id='word_1_515' title='bbox 1213 4169 1617 4240; x_wconf 81' lang='lat' dir='ltr'><strong>expositionem</strong></span> <span class='ocrx_word' id='word_1_516' title='bbox 1645 4184 1674 4222; x_wconf 91' lang='lat' dir='ltr'><strong>a</strong></span> <span class='ocrx_word' id='word_1_517' title='bbox 1710 4170 1970 4223; x_wconf 86' lang='lat' dir='ltr'><strong>trecentis</strong></span> <span class='ocrx_word' id='word_1_518' title='bbox 2007 4169 2114 4224; x_wconf 83' lang='lat' dir='ltr'><strong>de-</strong></span> 
     </span>
    </p>
   </div>
   <div class='ocr_carea' id='block_1_75' title="bbox 537 4259 2117 4331">
    <p class='ocr_par' dir='ltr' id='par_1_75' title="bbox 537 4259 2117 4331">
     <span class='ocr_line' id='line_1_75' title="bbox 537 4259 2117 4331; baseline -0.004 -12"><span class='ocrx_word' id='word_1_519' title='bbox 537 4282 656 4320; x_wconf 72' lang='lat' dir='ltr'><strong>cem</strong></span> <span class='ocrx_word' id='word_1_520' title='bbox 690 4274 743 4319; x_wconf 88' lang='lat' dir='ltr'><strong>et</strong></span> <span class='ocrx_word' id='word_1_521' title='bbox 770 4275 897 4319; x_wconf 82' lang='lat' dir='ltr'><strong>Octo</strong></span> <span class='ocrx_word' id='word_1_522' title='bbox 921 4265 1128 4319; x_wconf 85' lang='lat' dir='ltr'><strong>sanctis</strong></span> <span class='ocrx_word' id='word_1_523' title='bbox 1159 4264 1412 4317; x_wconf 87' lang='lat' dir='ltr'><strong>l‘atribus</strong></span> <span class='ocrx_word' id='word_1_524' title='bbox 1465 4262 1661 4316; x_wconf 60' lang='lat' dir='ltr'><strong>Nicwa:</strong></span> <span class='ocrx_word' id='word_1_525' title='bbox 1711 4259 1953 4331; x_wconf 73' lang='lat' dir='ltr'><strong>[Sithynii</strong></span> <span class='ocrx_word' id='word_1_526' title='bbox 1987 4276 2117 4314; x_wconf 88' lang='lat' dir='ltr'><strong>cou-</strong></span> 
     </span>
    </p>
   </div>
   <div class='ocr_carea' id='block_1_76' title="bbox 539 4353 2110 4428">
    <p class='ocr_par' dir='ltr' id='par_1_76' title="bbox 539 4353 2110 4428">
     <span class='ocr_line' id='line_1_76' title="bbox 539 4353 2110 4428; baseline -0.004 -20"><span class='ocrx_word' id='word_1_527' title='bbox 539 4358 776 4428; x_wconf 69' lang='lat' dir='ltr'><strong>gregatis</strong></span> <span class='ocrx_word' id='word_1_528' title='bbox 834 4357 1260 4426; x_wconf 80' lang='lat' dir='ltr'><strong>promulgatam,</strong></span> <span class='ocrx_word' id='word_1_529' title='bbox 1323 4365 1383 4408; x_wconf 86' lang='lat' dir='ltr'><strong>ut</strong></span> <span class='ocrx_word' id='word_1_530' title='bbox 1449 4363 1503 4408; x_wconf 89' lang='lat' dir='ltr'><strong>et</strong></span> <span class='ocrx_word' id='word_1_531' title='bbox 1587 4353 1752 4407; x_wconf 87' lang='lat' dir='ltr'><strong>aliam</strong></span> <span class='ocrx_word' id='word_1_532' title='bbox 1803 4353 2051 4421; x_wconf 66' lang='lat' dir='ltr'><strong>quaeras?</strong></span> <span class='ocrx_word' id='word_1_533' title='bbox 2091 4368 2110 4402; x_wconf 77' lang='grc' dir='ltr'><strong>ι</strong></span> 
     </span>
    </p>
   </div>
   <div class='ocr_carea' id='block_1_77' title="bbox 539 4444 2114 4515">
    <p class='ocr_par' dir='ltr' id='par_1_77' title="bbox 539 4444 2114 4515">
     <span class='ocr_line' id='line_1_77' title="bbox 539 4444 2114 4515; baseline -0.003 -12"><span class='ocrx_word' id='word_1_534' title='bbox 539 4449 824 4503; x_wconf 79' lang='lat' dir='ltr'><strong>Macedon.</strong></span> <span class='ocrx_word' id='word_1_535' title='bbox 855 4464 874 4501; x_wconf 89' lang='lat'><strong><em>:</em></strong></span> <span class='ocrx_word' id='word_1_536' title='bbox 909 4469 928 4500; x_wconf 73' lang='grc' dir='ltr'><strong>ι</strong></span> <span class='ocrx_word' id='word_1_537' title='bbox 967 4447 1048 4501; x_wconf 86' lang='grc' dir='ltr'>Τιι</span> <span class='ocrx_word' id='word_1_538' title='bbox 1109 4463 1238 4501; x_wconf 84' lang='lat' dir='ltr'><strong>vero</strong></span> <span class='ocrx_word' id='word_1_539' title='bbox 1276 4446 1406 4515; x_wconf 82' lang='lat' dir='ltr'><strong>quid</strong></span> <span class='ocrx_word' id='word_1_540' title='bbox 1453 4445 1833 4500; x_wconf 86' lang='lat' dir='ltr'><strong>condemnasti</strong></span> <span class='ocrx_word' id='word_1_541' title='bbox 1885 4444 2114 4499; x_wconf 88' lang='lat' dir='ltr'><strong>Luciani</strong></span> 
     </span>
    </p>
   </div>
   <div class='ocr_carea' id='block_1_78' title="bbox 539 4536 2115 4596">
    <p class='ocr_par' dir='ltr' id='par_1_78' title="bbox 539 4536 2115 4596">
     <span class='ocr_line' id='line_1_78' title="bbox 539 4536 2115 4596; baseline -0.003 -2"><span class='ocrx_word' id='word_1_542' title='bbox 539 4541 988 4596; x_wconf 77' lang='lat' dir='ltr'><strong>confessionem?</strong></span> <span class='ocrx_word' id='word_1_543' title='bbox 1019 4559 1038 4591; x_wconf 83' lang='grc'><strong>›</strong></span> <span class='ocrx_word' id='word_1_544' title='bbox 1076 4539 1414 4593; x_wconf 73' lang='lat' dir='ltr'><strong>Orthodoxus</strong></span> <span class='ocrx_word' id='word_1_545' title='bbox 1463 4555 1475 4592; x_wconf 90' lang='lat'>:</span> <span class='ocrx_word' id='word_1_546' title='bbox 1531 4555 1551 4590; x_wconf 83' lang='grc' dir='ltr'><strong>ι</strong></span> <span class='ocrx_word' id='word_1_547' title='bbox 1591 4537 1969 4591; x_wconf 78' lang='lat' dir='ltr'><strong>Condemuari</strong></span> <span class='ocrx_word' id='word_1_548' title='bbox 2016 4536 2115 4591; x_wconf 85' lang='lat' dir='ltr'><strong>ad-</strong></span> 
     </span>
    </p>
   </div>
   <div class='ocr_carea' id='block_1_79' title="bbox 541 4628 2109 4702">
    <p class='ocr_par' dir='ltr' id='par_1_79' title="bbox 541 4628 2109 4702">
     <span class='ocr_line' id='line_1_79' title="bbox 541 4628 2109 4702; baseline -0.004 -13"><span class='ocrx_word' id='word_1_549' title='bbox 541 4635 828 4700; x_wconf 84' lang='lat' dir='ltr'><strong>ditionem,</strong></span> <span class='ocrx_word' id='word_1_550' title='bbox 861 4649 1022 4702; x_wconf 87' lang='lat' dir='ltr'><strong>quam</strong></span> <span class='ocrx_word' id='word_1_551' title='bbox 1051 4632 1382 4702; x_wconf 85' lang='lat' dir='ltr'><strong>expositioni</strong></span> <span class='ocrx_word' id='word_1_552' title='bbox 1447 4628 1676 4683; x_wconf 80' lang='lat' dir='ltr'><strong>Luciani</strong></span> <span class='ocrx_word' id='word_1_553' title='bbox 1733 4630 2109 4697; x_wconf 87' lang='lat' dir='ltr'><strong>apposuistis;</strong></span> 
     </span>
    </p>
   </div>
   <div class='ocr_carea' id='block_1_80' title="bbox 542 4720 2104 4796">
    <p class='ocr_par' dir='ltr' id='par_1_80' title="bbox 542 4720 2104 4796">
     <span class='ocr_line' id='line_1_80' title="bbox 542 4720 2104 4796; baseline -0.003 -18"><span class='ocrx_word' id='word_1_554' title='bbox 542 4742 874 4796; x_wconf 80' lang='lat' dir='ltr'><strong>possuntque</strong></span> <span class='ocrx_word' id='word_1_555' title='bbox 909 4725 1223 4786; x_wconf 84' lang='lat' dir='ltr'><strong>ostendere,</strong></span> <span class='ocrx_word' id='word_1_556' title='bbox 1259 4722 1594 4776; x_wconf 86' lang='lat' dir='ltr'><strong>additionem</strong></span> <span class='ocrx_word' id='word_1_557' title='bbox 1639 4720 1714 4773; x_wconf 88' lang='lat' dir='ltr'><strong>illi</strong></span> <span class='ocrx_word' id='word_1_558' title='bbox 1750 4721 2054 4775; x_wconf 83' lang='lat' dir='ltr'><strong>adversari.</strong></span> <span class='ocrx_word' id='word_1_559' title='bbox 2084 4739 2104 4773; x_wconf 73' lang='grc' dir='ltr'><strong>ι</strong></span> 
     </span>
    </p>
   </div>
   <div class='ocr_carea' id='block_1_81' title="bbox 541 4811 2104 4874">
    <p class='ocr_par' dir='ltr' id='par_1_81' title="bbox 541 4811 2104 4874">
     <span class='ocr_line' id='line_1_81' title="bbox 541 4811 2104 4874; baseline -0.004 -2"><span class='ocrx_word' id='word_1_560' title='bbox 541 4818 868 4874; x_wconf 66' lang='lat' dir='ltr'><strong>Nuceriam:</strong></span> <span class='ocrx_word' id='word_1_561' title='bbox 908 4837 926 4870; x_wconf 76' lang='grc' dir='ltr'><strong>ι</strong></span> <span class='ocrx_word' id='word_1_562' title='bbox 962 4817 1028 4872; x_wconf 85' lang='lat' dir='ltr'><strong>Et</strong></span> <span class='ocrx_word' id='word_1_563' title='bbox 1068 4834 1164 4874; x_wconf 86' lang='lat' dir='ltr'><strong>vos</strong></span> <span class='ocrx_word' id='word_1_564' title='bbox 1221 4832 1403 4871; x_wconf 88' lang='lat' dir='ltr'><strong>nonne</strong></span> <span class='ocrx_word' id='word_1_565' title='bbox 1432 4813 1722 4868; x_wconf 84' lang='lat' dir='ltr'><strong>addidistis</strong></span> <span class='ocrx_word' id='word_1_566' title='bbox 1778 4811 2044 4868; x_wconf 65' lang='lat' dir='ltr'><strong>Nicaeum?</strong></span> <span class='ocrx_word' id='word_1_567' title='bbox 2084 4833 2104 4866; x_wconf 75' lang='grc' dir='ltr'><strong>ι</strong></span> 
     </span>
    </p>
   </div>
   <div class='ocr_carea' id='block_1_82' title="bbox 544 4903 2114 4988">
    <p class='ocr_par' dir='ltr' id='par_1_82' title="bbox 544 4903 2114 4988">
     <span class='ocr_line' id='line_1_82' title="bbox 544 4903 2114 4988; baseline -0.001 -25"><span class='ocrx_word' id='word_1_568' title='bbox 544 4911 768 4988; x_wconf 74' lang='lat' dir='ltr'><strong>Qrtlwd.</strong></span> <span class='ocrx_word' id='word_1_569' title='bbox 805 4930 820 4967; x_wconf 92' lang='lat'><strong>:</strong></span> <span class='ocrx_word' id='word_1_570' title='bbox 855 4932 872 4962; x_wconf 76' lang='grc' dir='ltr'><strong>ι</strong></span> <span class='ocrx_word' id='word_1_571' title='bbox 907 4909 1017 4966; x_wconf 80' lang='lat' dir='ltr'><strong>Scd</strong></span> <span class='ocrx_word' id='word_1_572' title='bbox 1065 4926 1173 4966; x_wconf 86' lang='lat' dir='ltr'><strong>non</strong></span> <span class='ocrx_word' id='word_1_573' title='bbox 1233 4910 1311 4962; x_wconf 88' lang='lat' dir='ltr'><strong>illi</strong></span> <span class='ocrx_word' id='word_1_574' title='bbox 1370 4905 1667 4962; x_wconf 86' lang='lat' dir='ltr'><strong>contraria.</strong></span> <span class='ocrx_word' id='word_1_575' title='bbox 1709 4923 1728 4957; x_wconf 74' lang='grc' dir='ltr'><strong>ι</strong></span> <span class='ocrx_word' id='word_1_576' title='bbox 1775 4903 2059 4960; x_wconf 82' lang='lat' dir='ltr'><strong>Macedon.</strong></span> <span class='ocrx_word' id='word_1_577' title='bbox 2101 4924 2114 4961; x_wconf 93' lang='lat'><strong>:</strong></span> 
     </span>
    </p>
   </div>
   <div class='ocr_carea' id='block_1_83' title="bbox 611 5093 1924 5165">
    <p class='ocr_par' dir='ltr' id='par_1_83' title="bbox 611 5093 1924 5165">
     <span class='ocr_line' id='line_1_83' title="bbox 611 5093 1924 5165; baseline -0.003 -17"><span class='ocrx_word' id='word_1_578' title='bbox 611 5098 686 5165; x_wconf 88' lang='lat' dir='ltr'><strong>(l)</strong></span> <span class='ocrx_word' id='word_1_579' title='bbox 723 5095 796 5148; x_wconf 81' lang='lat' dir='ltr'><strong>lla</strong></span> <span class='ocrx_word' id='word_1_580' title='bbox 823 5094 1058 5159; x_wconf 56' lang='lat' dir='ltr'><strong>Monam;</strong></span> <span class='ocrx_word' id='word_1_581' title='bbox 1087 5093 1257 5150; x_wconf 83' lang='lat' dir='ltr'><strong>Marc.</strong></span> <span class='ocrx_word' id='word_1_582' title='bbox 1284 5096 1322 5150; x_wconf 81' lang='grc' dir='ltr'>ί.</span> <span class='ocrx_word' id='word_1_583' title='bbox 1355 5095 1461 5149; x_wconf 73' lang='grc'><strong>250</strong></span> <span class='ocrx_word' id='word_1_584' title='bbox 1493 5095 1547 5158; x_wconf 86' lang='grc'>1),</span> <span class='ocrx_word' id='word_1_585' title='bbox 1595 5093 1924 5147; x_wconf 59' lang='lat' dir='ltr'><strong>ominatae.</strong></span> 
     </span>
    </p>
   </div>
   <div class='ocr_carea' id='block_1_84' title="bbox 613 5161 2106 5237">
    <p class='ocr_par' dir='ltr' id='par_1_84' title="bbox 613 5161 2106 5237">
     <span class='ocr_line' id='line_1_84' title="bbox 613 5161 2106 5237; baseline -0.005 -17"><span class='ocrx_word' id='word_1_586' title='bbox 613 5161 688 5237; x_wconf 64' lang='grc' dir='ltr'>(τὶ)</span> <span class='ocrx_word' id='word_1_587' title='bbox 732 5169 846 5227; x_wconf 79' lang='lat' dir='ltr'><strong>AL,</strong></span> <span class='ocrx_word' id='word_1_588' title='bbox 879 5165 1162 5232; x_wconf 80' lang='grc' dir='ltr'>ὁμολογία.</span> <span class='ocrx_word' id='word_1_589' title='bbox 1185 5166 1276 5218; x_wconf 87' lang='lat' dir='ltr'><strong>Sic</strong></span> <span class='ocrx_word' id='word_1_590' title='bbox 1314 5168 1474 5237; x_wconf 57' lang='lat' dir='ltr'><strong>habet</strong></span> <span class='ocrx_word' id='word_1_591' title='bbox 1503 5165 1816 5237; x_wconf 28' lang='lat' dir='ltr'><strong>noster-lib.</strong></span> <span class='ocrx_word' id='word_1_592' title='bbox 1851 5166 1936 5237; x_wconf 80' lang='lat' dir='ltr'><strong>ad_</strong></span> <span class='ocrx_word' id='word_1_593' title='bbox 1974 5161 2106 5237; x_wconf 72' lang='lat' dir='ltr'><strong>imp.</strong></span> 
     </span>
    </p>
   </div>
   <div class='ocr_carea' id='block_1_85' title="bbox 540 5231 2114 5305">
    <p class='ocr_par' dir='ltr' id='par_1_85' title="bbox 540 5231 2114 5305">
     <span class='ocr_line' id='line_1_85' title="bbox 540 5231 2114 5305; baseline -0.004 -15"><span class='ocrx_word' id='word_1_594' title='bbox 540 5231 769 5303; x_wconf 81' lang='lat' dir='ltr'><strong>&#39;|&#39;rapcz.</strong></span> <span class='ocrx_word' id='word_1_595' title='bbox 808 5253 859 5292; x_wconf 91' lang='lat' dir='ltr'><strong>c.</strong></span> <span class='ocrx_word' id='word_1_596' title='bbox 898 5231 963 5288; x_wconf 14' lang='lat'><strong>1’6</strong></span> <span class='ocrx_word' id='word_1_597' title='bbox 1008 5231 1198 5303; x_wconf 76' lang='lat' dir='ltr'><strong>(infra,</strong></span> <span class='ocrx_word' id='word_1_598' title='bbox 1237 5237 1336 5289; x_wconf 82' lang='lat' dir='ltr'><strong>col.</strong></span> <span class='ocrx_word' id='word_1_599' title='bbox 1369 5235 1518 5305; x_wconf 71' lang='lat'><strong>251),</strong></span> <span class='ocrx_word' id='word_1_600' title='bbox 1563 5236 1653 5290; x_wconf 88' lang='lat' dir='ltr'><strong>ubi</strong></span> <span class='ocrx_word' id='word_1_601' title='bbox 1704 5234 1846 5287; x_wconf 85' lang='lat' dir='ltr'><strong>idem</strong></span> <span class='ocrx_word' id='word_1_602' title='bbox 1895 5231 2114 5285; x_wconf 82' lang='lat' dir='ltr'><strong>Maximi</strong></span> 
     </span>
    </p>
   </div>
   <div class='ocr_carea' id='block_1_86' title="bbox 542 5308 1074 5375">
    <p class='ocr_par' dir='ltr' id='par_1_86' title="bbox 542 5308 1074 5375">
     <span class='ocr_line' id='line_1_86' title="bbox 542 5308 1074 5375; baseline -0.008 -13"><span class='ocrx_word' id='word_1_603' title='bbox 542 5308 810 5375; x_wconf 72' lang='lat' dir='ltr'><strong>scriptum</strong></span> <span class='ocrx_word' id='word_1_604' title='bbox 859 5308 1074 5372; x_wconf 63' lang='lat' dir='ltr'><strong>allegat.</strong></span> 
     </span>
    </p>
   </div>
   <div class='ocr_carea' id='block_1_87' title="bbox 607 5377 1506 5447">
    <p class='ocr_par' dir='ltr' id='par_1_87' title="bbox 607 5377 1506 5447">
     <span class='ocr_line' id='line_1_87' title="bbox 607 5377 1506 5447; baseline -0.003 -16"><span class='ocrx_word' id='word_1_605' title='bbox 607 5379 681 5447; x_wconf 83' lang='grc'>(5)</span> <span class='ocrx_word' id='word_1_606' title='bbox 717 5377 1044 5441; x_wconf 81' lang='lat' dir='ltr'><strong>Sid.codd.;</strong></span> <span class='ocrx_word' id='word_1_607' title='bbox 1079 5377 1232 5447; x_wconf 78' lang='lat' dir='ltr'><strong>alias,</strong></span> <span class='ocrx_word' id='word_1_608' title='bbox 1281 5377 1401 5429; x_wconf 71' lang='grc' dir='ltr'>ἐπεὶ</span> <span class='ocrx_word' id='word_1_609' title='bbox 1431 5377 1506 5428; x_wconf 85' lang='grc' dir='ltr'>δέ.</span> 
     </span>
    </p>
   </div>
   <div class='ocr_carea' id='block_1_88' title="bbox 609 5442 2114 5517">
    <p class='ocr_par' dir='ltr' id='par_1_88' title="bbox 609 5442 2114 5517">
     <span class='ocr_line' id='line_1_88' title="bbox 609 5442 2114 5517; baseline -0.006 -15"><span class='ocrx_word' id='word_1_610' title='bbox 609 5442 686 5517; x_wconf 65' lang='grc'>(4⁷)</span> <span class='ocrx_word' id='word_1_611' title='bbox 722 5447 843 5500; x_wconf 68' lang='lat' dir='ltr'><strong>llaec</strong></span> <span class='ocrx_word' id='word_1_612' title='bbox 892 5449 1098 5517; x_wconf 68' lang='lat' dir='ltr'><strong>profert</strong></span> <span class='ocrx_word' id='word_1_613' title='bbox 1135 5446 1429 5515; x_wconf 77' lang='lat' dir='ltr'><strong>Gregorius</strong></span> <span class='ocrx_word' id='word_1_614' title='bbox 1481 5460 1569 5498; x_wconf 72' lang='lat' dir='ltr'><strong>oo.</strong></span> <span class='ocrx_word' id='word_1_615' title='bbox 1618 5446 1750 5512; x_wconf 86' lang='lat' dir='ltr'><strong>cit.,</strong></span> <span class='ocrx_word' id='word_1_616' title='bbox 1789 5443 1895 5498; x_wconf 91' lang='lat' dir='ltr'><strong>col.</strong></span> <span class='ocrx_word' id='word_1_617' title='bbox 1923 5442 2030 5496; x_wconf 76' lang='lat'><strong>9.55</strong></span> <span class='ocrx_word' id='word_1_618' title='bbox 2062 5449 2114 5494; x_wconf 88' lang='lat' dir='ltr'><strong>et</strong></span> 
     </span>
    </p>
   </div>
   <div class='ocr_carea' id='block_1_89' title="bbox 535 5516 1084 5588">
    <p class='ocr_par' dir='ltr' id='par_1_89' title="bbox 535 5516 1084 5588">
     <span class='ocr_line' id='line_1_89' title="bbox 535 5516 1084 5588; baseline 0 -18"><span class='ocrx_word' id='word_1_619' title='bbox 535 5516 648 5588; x_wconf 84' lang='lat' dir='ltr'><strong>jam</strong></span> <span class='ocrx_word' id='word_1_620' title='bbox 677 5528 800 5588; x_wconf 81' lang='lat' dir='ltr'><strong>ante</strong></span> <span class='ocrx_word' id='word_1_621' title='bbox 822 5517 927 5570; x_wconf 83' lang='lat' dir='ltr'><strong>col.</strong></span> <span class='ocrx_word' id='word_1_622' title='bbox 957 5516 1084 5588; x_wconf 61' lang='lat'><strong>906.</strong></span> 
     </span>
    </p>
   </div>
   <div class='ocr_carea' id='block_1_90' title="bbox 612 5581 2116 5654">
    <p class='ocr_par' dir='ltr' id='par_1_90' title="bbox 612 5581 2116 5654">
     <span class='ocr_line' id='line_1_90' title="bbox 612 5581 2116 5654; baseline -0.013 -2"><span class='ocrx_word' id='word_1_623' title='bbox 612 5589 688 5654; x_wconf 69' lang='grc' dir='ltr'><strong>(ὅ)</strong></span> <span class='ocrx_word' id='word_1_624' title='bbox 721 5587 796 5640; x_wconf 88' lang='lat' dir='ltr'><strong>Ita</strong></span> <span class='ocrx_word' id='word_1_625' title='bbox 841 5598 987 5644; x_wconf 83' lang='lat' dir='ltr'><strong>recte</strong></span> <span class='ocrx_word' id='word_1_626' title='bbox 1017 5587 1177 5644; x_wconf 87' lang='lat' dir='ltr'><strong>Marc.</strong></span> <span class='ocrx_word' id='word_1_627' title='bbox 1213 5605 1228 5653; x_wconf 87' lang='lat'><strong>;</strong></span> <span class='ocrx_word' id='word_1_628' title='bbox 1259 5587 1403 5643; x_wconf 83' lang='lat' dir='ltr'><strong>Mou.</strong></span> <span class='ocrx_word' id='word_1_629' title='bbox 1446 5585 1538 5652; x_wconf 73' lang='lat'><strong>27,</strong></span> <span class='ocrx_word' id='word_1_630' title='bbox 1569 5585 1606 5640; x_wconf 83' lang='lat' dir='ltr'><strong>l&#39;.</strong></span> <span class='ocrx_word' id='word_1_631' title='bbox 1660 5587 1759 5642; x_wconf 72' lang='grc'><strong>142</strong></span> <span class='ocrx_word' id='word_1_632' title='bbox 1801 5598 1850 5648; x_wconf 81' lang='lat' dir='ltr'><strong>a,</strong></span> <span class='ocrx_word' id='word_1_633' title='bbox 1883 5581 2116 5648; x_wconf 76' lang='grc' dir='ltr'>ἀποφαί-</span> 
     </span>
    </p>
   </div>
   <div class='ocr_carea' id='block_1_91' title="bbox 542 5661 756 5710">
    <p class='ocr_par' dir='ltr' id='par_1_91' title="bbox 542 5661 756 5710">
     <span class='ocr_line' id='line_1_91' title="bbox 542 5661 756 5710; baseline 0 -1"><span class='ocrx_word' id='word_1_634' title='bbox 542 5661 756 5710; x_wconf 80' lang='grc' dir='ltr'>νεσθαι.</span> 
     </span>
    </p>
   </div>
   <div class='ocr_carea' id='block_1_92' title="bbox 618 5836 2050 5913">
    <p class='ocr_par' dir='ltr' id='par_1_92' title="bbox 618 5836 2050 5913">
     <span class='ocr_line' id='line_1_92' title="bbox 618 5836 2050 5913; baseline -0.003 -20"><span class='ocrx_word' id='word_1_635' title='bbox 618 5841 690 5913; x_wconf 90' lang='lat' dir='ltr'><strong>(a)</strong></span> <span class='ocrx_word' id='word_1_636' title='bbox 727 5840 963 5912; x_wconf 80' lang='lat' dir='ltr'><strong>Epistula</strong></span> <span class='ocrx_word' id='word_1_637' title='bbox 997 5843 1063 5899; x_wconf 74' lang='lat' dir='ltr'><strong>al</strong></span> <span class='ocrx_word' id='word_1_638' title='bbox 1095 5840 1388 5896; x_wconf 79' lang='lat' dir='ltr'><strong>Marinum.</strong></span> <span class='ocrx_word' id='word_1_639' title='bbox 1429 5839 1561 5895; x_wconf 80' lang='lat' dir='ltr'><strong>Vide</strong></span> <span class='ocrx_word' id='word_1_640' title='bbox 1591 5853 1778 5907; x_wconf 85' lang='lat' dir='ltr'><strong>supra,</strong></span> <span class='ocrx_word' id='word_1_641' title='bbox 1812 5850 1936 5905; x_wconf 85' lang='lat' dir='ltr'><strong>cap.</strong></span> <span class='ocrx_word' id='word_1_642' title='bbox 1957 5836 2009 5891; x_wconf 69' lang='grc'><strong>4.</strong></span> <span class='ocrx_word' id='word_1_643' title='bbox 2044 5855 2050 5868; x_wconf 70' lang='grc' dir='ltr'><strong>ι</strong></span> 
     </span>
    </p>
   </div>
   <div class='ocr_carea' id='block_1_93' title="bbox 2219 3249 3798 3320">
    <p class='ocr_par' dir='ltr' id='par_1_93' title="bbox 2219 3249 3798 3320">
     <span class='ocr_line' id='line_1_93' title="bbox 2219 3249 3798 3320; baseline 0.001 -18"><span class='ocrx_word' id='word_1_644' title='bbox 2219 3249 2310 3302; x_wconf 83' lang='grc' dir='ltr'>τὸν</span> <span class='ocrx_word' id='word_1_645' title='bbox 2333 3249 2458 3302; x_wconf 77' lang='grc' dir='ltr'>Υίὺν</span> <span class='ocrx_word' id='word_1_646' title='bbox 2483 3249 2738 3318; x_wconf 82' lang='grc' dir='ltr'>λέγοντας</span> <span class='ocrx_word' id='word_1_647' title='bbox 2761 3249 2837 3319; x_wconf 83' lang='grc' dir='ltr'>τῷ</span> <span class='ocrx_word' id='word_1_648' title='bbox 2870 3249 3066 3320; x_wconf 76' lang='grc' dir='ltr'>Πατρὶ,</span> <span class='ocrx_word' id='word_1_649' title='bbox 3087 3249 3418 3318; x_wconf 81' lang='grc' dir='ltr'>προσθέντες</span> <span class='ocrx_word' id='word_1_650' title='bbox 3437 3250 3538 3318; x_wconf 80' lang='grc' dir='ltr'>τὴν</span> <span class='ocrx_word' id='word_1_651' title='bbox 3568 3251 3798 3305; x_wconf 75' lang='grc' dir='ltr'>ἀνάπτυ-</span> 
     </span>
    </p>
   </div>
   <div class='ocr_carea' id='block_1_94' title="bbox 2221 3339 3797 3410">
    <p class='ocr_par' dir='ltr' id='par_1_94' title="bbox 2221 3339 3797 3410">
     <span class='ocr_line' id='line_1_94' title="bbox 2221 3339 3797 3410; baseline 0 -18"><span class='ocrx_word' id='word_1_652' title='bbox 2221 3339 2303 3405; x_wconf 79' lang='grc' dir='ltr'>ξιν</span> <span class='ocrx_word' id='word_1_653' title='bbox 2339 3341 2414 3409; x_wconf 79' lang='grc' dir='ltr'>τῷ</span> <span class='ocrx_word' id='word_1_654' title='bbox 2451 3339 2581 3410; x_wconf 78' lang='grc' dir='ltr'>ἱερῷ</span> <span class='ocrx_word' id='word_1_655' title='bbox 2613 3339 2890 3408; x_wconf 71' lang='grc' dir='ltr'>συμϐόλῳ,</span> <span class='ocrx_word' id='word_1_656' title='bbox 2936 3340 3035 3408; x_wconf 85' lang='grc' dir='ltr'>τὴν</span> <span class='ocrx_word' id='word_1_657' title='bbox 3063 3339 3162 3394; x_wconf 74' lang='grc' dir='ltr'>καὶ</span> <span class='ocrx_word' id='word_1_658' title='bbox 3185 3340 3254 3394; x_wconf 83' lang='grc' dir='ltr'><strong>ἐκ</strong></span> <span class='ocrx_word' id='word_1_659' title='bbox 3289 3341 3395 3395; x_wconf 84' lang='grc' dir='ltr'>τοῦ</span> <span class='ocrx_word' id='word_1_660' title='bbox 3425 3341 3567 3396; x_wconf 82' lang='grc' dir='ltr'><strong>Υιοῦ</strong></span> <span class='ocrx_word' id='word_1_661' title='bbox 3599 3344 3797 3410; x_wconf 75' lang='grc' dir='ltr'>φωνὴν,</span> 
     </span>
    </p>
   </div>
   <div class='ocr_carea' id='block_1_95' title="bbox 2219 3433 3792 3508">
    <p class='ocr_par' dir='ltr' id='par_1_95' title="bbox 2219 3433 3792 3508">
     <span class='ocr_line' id='line_1_95' title="bbox 2219 3433 3792 3508; baseline 0 -22"><span class='ocrx_word' id='word_1_662' title='bbox 2219 3437 2285 3506; x_wconf 81' lang='grc' dir='ltr'><strong>ἦν</strong></span> <span class='ocrx_word' id='word_1_663' title='bbox 2311 3434 2406 3488; x_wconf 77' lang='grc' dir='ltr'>καὶ</span> <span class='ocrx_word' id='word_1_664' title='bbox 2429 3435 2591 3498; x_wconf 70' lang='grc' dir='ltr'>αὐτὸς</span> <span class='ocrx_word' id='word_1_665' title='bbox 2619 3436 2647 3487; x_wconf 84' lang='grc' dir='ltr'><strong>ό</strong></span> <span class='ocrx_word' id='word_1_666' title='bbox 2682 3435 2822 3496; x_wconf 87' lang='grc' dir='ltr'>θεῖος</span> <span class='ocrx_word' id='word_1_667' title='bbox 2845 3433 3094 3502; x_wconf 77' lang='grc' dir='ltr'>Μάξιμος</span> <span class='ocrx_word' id='word_1_668' title='bbox 3131 3438 3406 3506; x_wconf 88' lang='grc' dir='ltr'>μαρτυρεῖ</span> <span class='ocrx_word' id='word_1_669' title='bbox 3432 3437 3489 3486; x_wconf 87' lang='grc' dir='ltr'><strong>ἐν</strong></span> <span class='ocrx_word' id='word_1_670' title='bbox 3515 3439 3586 3508; x_wconf 80' lang='grc' dir='ltr'><strong>τῇ</strong></span> <span class='ocrx_word' id='word_1_671' title='bbox 3619 3436 3792 3504; x_wconf 60' lang='grc' dir='ltr'>οἰκείᾳ.</span> 
     </span>
    </p>
   </div>
   <div class='ocr_carea' id='block_1_96' title="bbox 2219 3527 3798 3598">
    <p class='ocr_par' dir='ltr' id='par_1_96' title="bbox 2219 3527 3798 3598">
     <span class='ocr_line' id='line_1_96' title="bbox 2219 3527 3798 3598; baseline 0.001 -18"><span class='ocrx_word' id='word_1_672' title='bbox 2219 3527 2476 3598; x_wconf 75' lang='grc' dir='ltr'>ἐπιστολῇ</span> <span class='ocrx_word' id='word_1_673' title='bbox 2511 3529 2585 3591; x_wconf 86' lang='grc' dir='ltr'>ὠς</span> <span class='ocrx_word' id='word_1_674' title='bbox 2609 3527 2726 3581; x_wconf 80' lang='grc' dir='ltr'>ἐστι</span> <span class='ocrx_word' id='word_1_675' title='bbox 2757 3529 2865 3581; x_wconf 82' lang='grc' dir='ltr'>τῶν</span> <span class='ocrx_word' id='word_1_676' title='bbox 2901 3529 3160 3597; x_wconf 85' lang='grc' dir='ltr'>Πατέρων</span> <span class='ocrx_word' id='word_1_677' title='bbox 3208 3533 3360 3595; x_wconf 78' lang='grc' dir='ltr'>φωνή</span> <span class='ocrx_word' id='word_1_678' title='bbox 3389 3548 3401 3588; x_wconf 74' lang='grc' dir='ltr'><strong>ς</strong></span> <span class='ocrx_word' id='word_1_679' title='bbox 3445 3530 3572 3581; x_wconf 80' lang='grc' dir='ltr'><strong>Ἔτι</strong></span> <span class='ocrx_word' id='word_1_680' title='bbox 3607 3533 3670 3584; x_wconf 83' lang='grc' dir='ltr'><strong>ἐκ</strong></span> <span class='ocrx_word' id='word_1_681' title='bbox 3705 3533 3798 3593; x_wconf 76' lang='grc' dir='ltr'>τῆς</span> 
     </span>
    </p>
   </div>
   <div class='ocr_carea' id='block_1_97' title="bbox 2219 3619 3798 3690">
    <p class='ocr_par' dir='ltr' id='par_1_97' title="bbox 2219 3619 3798 3690">
     <span class='ocr_line' id='line_1_97' title="bbox 2219 3619 3798 3690; baseline -0.001 -16"><span class='ocrx_word' id='word_1_682' title='bbox 2219 3619 2510 3684; x_wconf 79' lang='grc' dir='ltr'>διαλέξεως</span> <span class='ocrx_word' id='word_1_683' title='bbox 2539 3621 2633 3674; x_wconf 77' lang='grc' dir='ltr'>τοῦ</span> <span class='ocrx_word' id='word_1_684' title='bbox 2664 3619 2823 3688; x_wconf 77' lang='grc' dir='ltr'>ἁγίου</span> <span class='ocrx_word' id='word_1_685' title='bbox 2855 3620 3134 3688; x_wconf 75' lang='grc' dir='ltr'>Μαξίμου,</span> <span class='ocrx_word' id='word_1_686' title='bbox 3163 3620 3232 3688; x_wconf 82' lang='grc' dir='ltr'>ἣν</span> <span class='ocrx_word' id='word_1_687' title='bbox 3259 3622 3497 3675; x_wconf 81' lang='grc' dir='ltr'>ποιεῖται</span> <span class='ocrx_word' id='word_1_688' title='bbox 3535 3623 3682 3690; x_wconf 76' lang='grc' dir='ltr'>μετὰ</span> <span class='ocrx_word' id='word_1_689' title='bbox 3711 3621 3798 3673; x_wconf 80' lang='grc' dir='ltr'>τοῦ</span> 
     </span>
    </p>
   </div>
   <div class='ocr_carea' id='block_1_98' title="bbox 2219 3710 3800 3781">
    <p class='ocr_par' dir='ltr' id='par_1_98' title="bbox 2219 3710 3800 3781">
     <span class='ocr_line' id='line_1_98' title="bbox 2219 3710 3800 3781; baseline -0.001 -16"><span class='ocrx_word' id='word_1_690' title='bbox 2219 3712 2288 3765; x_wconf 68' lang='grc' dir='ltr'><strong>τὰ</strong></span> <span class='ocrx_word' id='word_1_691' title='bbox 2345 3711 2627 3780; x_wconf 77' lang='grc' dir='ltr'>Ἀνομοίου</span> <span class='ocrx_word' id='word_1_692' title='bbox 2683 3713 2758 3781; x_wconf 84' lang='grc'><strong>(7)</strong></span> <span class='ocrx_word' id='word_1_693' title='bbox 2825 3710 3198 3780; x_wconf 82' lang='grc' dir='ltr'>φρονοῦντος,</span> <span class='ocrx_word' id='word_1_694' title='bbox 3255 3713 3422 3779; x_wconf 68' lang='grc' dir='ltr'>φησὶν</span> <span class='ocrx_word' id='word_1_695' title='bbox 3472 3715 3500 3765; x_wconf 87' lang='grc' dir='ltr'>ὁ</span> <span class='ocrx_word' id='word_1_696' title='bbox 3557 3714 3800 3766; x_wconf 74' lang='grc' dir='ltr'>Μακεδό-</span> 
     </span>
    </p>
   </div>
   <div class='ocr_carea' id='block_1_99' title="bbox 2220 3801 3799 3873">
    <p class='ocr_par' dir='ltr' id='par_1_99' title="bbox 2220 3801 3799 3873">
     <span class='ocr_line' id='line_1_99' title="bbox 2220 3801 3799 3873; baseline 0.003 -21"><span class='ocrx_word' id='word_1_697' title='bbox 2220 3818 2336 3862; x_wconf 76' lang='grc' dir='ltr'>νιος</span> <span class='ocrx_word' id='word_1_698' title='bbox 2385 3801 2462 3869; x_wconf 93' lang='grc'><strong>(8)</strong></span> <span class='ocrx_word' id='word_1_699' title='bbox 2494 3801 2630 3871; x_wconf 74' lang='grc' dir='ltr'>πρὸς</span> <span class='ocrx_word' id='word_1_700' title='bbox 2656 3803 2748 3854; x_wconf 81' lang='grc' dir='ltr'>τὸν</span> <span class='ocrx_word' id='word_1_701' title='bbox 2799 3802 3058 3872; x_wconf 77' lang='grc' dir='ltr'>Μάξιμον</span> <span class='ocrx_word' id='word_1_702' title='bbox 3082 3819 3096 3832; x_wconf 88' lang='grc'><strong>·</strong></span> <span class='ocrx_word' id='word_1_703' title='bbox 3129 3820 3147 3853; x_wconf 82' lang='grc' dir='ltr'><strong>ι</strong></span> <span class='ocrx_word' id='word_1_704' title='bbox 3198 3801 3579 3872; x_wconf 70' lang='grc' dir='ltr'>’Υπογρὰφεις</span> <span class='ocrx_word' id='word_1_705' title='bbox 3607 3803 3700 3856; x_wconf 81' lang='grc' dir='ltr'>οὖν</span> <span class='ocrx_word' id='word_1_706' title='bbox 3737 3805 3799 3873; x_wconf 78' lang='grc' dir='ltr'>τῇ</span> 
     </span>
    </p>
   </div>
   <div class='ocr_carea' id='block_1_100' title="bbox 2221 3891 3800 3962">
    <p class='ocr_par' dir='ltr' id='par_1_100' title="bbox 2221 3891 3800 3962">
     <span class='ocr_line' id='line_1_100' title="bbox 2221 3891 3800 3962; baseline 0.001 -18"><span class='ocrx_word' id='word_1_707' title='bbox 2221 3892 2434 3947; x_wconf 79' lang='grc' dir='ltr'>ἐκθέσει</span> <span class='ocrx_word' id='word_1_708' title='bbox 2463 3893 2556 3945; x_wconf 76' lang='grc' dir='ltr'>τοῦ</span> <span class='ocrx_word' id='word_1_709' title='bbox 2589 3893 2892 3948; x_wconf 82' lang='grc' dir='ltr'>Λουκιανοῦ</span> <span class='ocrx_word' id='word_1_710' title='bbox 2919 3909 2934 3958; x_wconf 90' lang='lat'><strong>;</strong></span> <span class='ocrx_word' id='word_1_711' title='bbox 2971 3912 2988 3945; x_wconf 72' lang='grc' dir='ltr'><strong>ι</strong></span> <span class='ocrx_word' id='word_1_712' title='bbox 3026 3891 3298 3960; x_wconf 77' lang='grc' dir='ltr'>Μάξιμος</span> <span class='ocrx_word' id='word_1_713' title='bbox 3322 3909 3336 3922; x_wconf 87' lang='grc'>⁶</span> <span class='ocrx_word' id='word_1_714' title='bbox 3375 3912 3394 3944; x_wconf 74' lang='grc' dir='ltr'><strong>ι</strong></span> <span class='ocrx_word' id='word_1_715' title='bbox 3425 3893 3490 3944; x_wconf 78' lang='grc' dir='ltr'>Τί</span> <span class='ocrx_word' id='word_1_716' title='bbox 3523 3897 3800 3962; x_wconf 83' lang='grc' dir='ltr'>κατέγνως</span> 
     </span>
    </p>
   </div>
   <div class='ocr_carea' id='block_1_101' title="bbox 2219 3984 3801 4057">
    <p class='ocr_par' dir='ltr' id='par_1_101' title="bbox 2219 3984 3801 4057">
     <span class='ocr_line' id='line_1_101' title="bbox 2219 3984 3801 4057; baseline 0.003 -21"><span class='ocrx_word' id='word_1_717' title='bbox 2219 3984 2320 4053; x_wconf 76' lang='grc' dir='ltr'>τῆς</span> <span class='ocrx_word' id='word_1_718' title='bbox 2361 3984 2465 4036; x_wconf 80' lang='grc' dir='ltr'>ὑπὸ</span> <span class='ocrx_word' id='word_1_719' title='bbox 2513 3985 2622 4036; x_wconf 83' lang='grc' dir='ltr'>τῶν</span> <span class='ocrx_word' id='word_1_720' title='bbox 2668 3986 3004 4053; x_wconf 80' lang='grc' dir='ltr'>τριακοσίων</span> <span class='ocrx_word' id='word_1_721' title='bbox 3047 3985 3179 4038; x_wconf 77' lang='grc' dir='ltr'>δέκα</span> <span class='ocrx_word' id='word_1_722' title='bbox 3230 3987 3324 4038; x_wconf 74' lang='grc' dir='ltr'>καὶ</span> <span class='ocrx_word' id='word_1_723' title='bbox 3359 3985 3508 4039; x_wconf 79' lang='grc' dir='ltr'>ὀκτὼ</span> <span class='ocrx_word' id='word_1_724' title='bbox 3543 3989 3801 4057; x_wconf 83' lang='grc' dir='ltr'>Πατέρων</span> 
     </span>
    </p>
   </div>
   <div class='ocr_carea' id='block_1_102' title="bbox 2221 4073 3802 4146">
    <p class='ocr_par' dir='ltr' id='par_1_102' title="bbox 2221 4073 3802 4146">
     <span class='ocr_line' id='line_1_102' title="bbox 2221 4073 3802 4146; baseline -0.001 -19"><span class='ocrx_word' id='word_1_725' title='bbox 2221 4074 2391 4142; x_wconf 83' lang='grc' dir='ltr'>ἁγίων</span> <span class='ocrx_word' id='word_1_726' title='bbox 2419 4075 2526 4126; x_wconf 81' lang='grc' dir='ltr'>τῶν</span> <span class='ocrx_word' id='word_1_727' title='bbox 2566 4079 2624 4126; x_wconf 80' lang='grc' dir='ltr'><strong>ἐν</strong></span> <span class='ocrx_word' id='word_1_728' title='bbox 2667 4073 2875 4144; x_wconf 62' lang='grc' dir='ltr'>Νίκαια</span> <span class='ocrx_word' id='word_1_729' title='bbox 2904 4075 3002 4144; x_wconf 82' lang='grc' dir='ltr'>τῆς</span> <span class='ocrx_word' id='word_1_730' title='bbox 3039 4074 3296 4137; x_wconf 83' lang='grc' dir='ltr'>Βιθυνίας</span> <span class='ocrx_word' id='word_1_731' title='bbox 3348 4075 3692 4146; x_wconf 81' lang='grc' dir='ltr'>ἐκτεθείσης,</span> <span class='ocrx_word' id='word_1_732' title='bbox 3721 4077 3802 4128; x_wconf 79' lang='grc' dir='ltr'>ἶνα</span> 
     </span>
    </p>
   </div>
   <div class='ocr_carea' id='block_1_103' title="bbox 2221 4166 3800 4240">
    <p class='ocr_par' dir='ltr' id='par_1_103' title="bbox 2221 4166 3800 4240">
     <span class='ocr_line' id='line_1_103' title="bbox 2221 4166 3800 4240; baseline 0.001 -19"><span class='ocrx_word' id='word_1_733' title='bbox 2221 4167 2316 4230; x_wconf 81' lang='grc' dir='ltr'>καὶ</span> <span class='ocrx_word' id='word_1_734' title='bbox 2364 4166 2531 4236; x_wconf 85' lang='grc' dir='ltr'>ἄλλην</span> <span class='ocrx_word' id='word_1_735' title='bbox 2579 4167 2928 4240; x_wconf 76' lang='grc' dir='ltr'>περιϐλέψῃς</span> <span class='ocrx_word' id='word_1_736' title='bbox 2965 4187 2984 4220; x_wconf 69' lang='grc' dir='ltr'><strong>ι</strong></span> <span class='ocrx_word' id='word_1_737' title='bbox 3013 4167 3240 4222; x_wconf 60' lang='lat' dir='ltr'><strong>Mazaeo.</strong></span> <span class='ocrx_word' id='word_1_738' title='bbox 3281 4188 3300 4220; x_wconf 77' lang='grc' dir='ltr'><strong>ι</strong></span> <span class='ocrx_word' id='word_1_739' title='bbox 3337 4170 3409 4222; x_wconf 80' lang='grc' dir='ltr'><strong>Σὺ</strong></span> <span class='ocrx_word' id='word_1_740' title='bbox 3442 4169 3492 4222; x_wconf 86' lang='grc' dir='ltr'><strong>τί</strong></span> <span class='ocrx_word' id='word_1_741' title='bbox 3521 4170 3800 4237; x_wconf 80' lang='grc' dir='ltr'>κατέγνως</span> 
     </span>
    </p>
   </div>
   <div class='ocr_carea' id='block_1_104' title="bbox 2220 4259 3800 4331">
    <p class='ocr_par' dir='ltr' id='par_1_104' title="bbox 2220 4259 3800 4331">
     <span class='ocr_line' id='line_1_104' title="bbox 2220 4259 3800 4331; baseline 0 -17"><span class='ocrx_word' id='word_1_742' title='bbox 2220 4261 2320 4331; x_wconf 80' lang='grc' dir='ltr'>τῆς</span> <span class='ocrx_word' id='word_1_743' title='bbox 2351 4259 2444 4316; x_wconf 80' lang='grc' dir='ltr'>τοῦ</span> <span class='ocrx_word' id='word_1_744' title='bbox 2474 4260 2779 4316; x_wconf 86' lang='grc' dir='ltr'>Λουκιανοῦ</span> <span class='ocrx_word' id='word_1_745' title='bbox 2809 4280 2821 4325; x_wconf 88' lang='grc'><strong>;</strong></span> <span class='ocrx_word' id='word_1_746' title='bbox 2857 4281 2876 4312; x_wconf 76' lang='grc' dir='ltr'><strong>ι</strong></span> <span class='ocrx_word' id='word_1_747' title='bbox 2914 4261 2979 4315; x_wconf 85' lang='lat'><strong>&#39;0</strong></span> <span class='ocrx_word' id='word_1_748' title='bbox 3015 4261 3366 4330; x_wconf 81' lang='grc' dir='ltr'>Ὀρθόδοξος</span> <span class='ocrx_word' id='word_1_749' title='bbox 3392 4275 3406 4290; x_wconf 88' lang='grc'><strong>·</strong></span> <span class='ocrx_word' id='word_1_750' title='bbox 3448 4282 3467 4314; x_wconf 75' lang='grc' dir='ltr'><strong>ι</strong></span> <span class='ocrx_word' id='word_1_751' title='bbox 3509 4263 3800 4330; x_wconf 83' lang='grc' dir='ltr'>Κατέγνων</span> 
     </span>
    </p>
   </div>
   <div class='ocr_carea' id='block_1_105' title="bbox 2221 4349 3801 4424">
    <p class='ocr_par' dir='ltr' id='par_1_105' title="bbox 2221 4349 3801 4424">
     <span class='ocr_line' id='line_1_105' title="bbox 2221 4349 3801 4424; baseline -0.003 -18"><span class='ocrx_word' id='word_1_752' title='bbox 2221 4354 2321 4422; x_wconf 73' lang='grc' dir='ltr'>τῆς</span> <span class='ocrx_word' id='word_1_753' title='bbox 2361 4354 2708 4424; x_wconf 66' lang='grc' dir='ltr'>προσθήκης,</span> <span class='ocrx_word' id='word_1_754' title='bbox 2746 4349 2813 4424; x_wconf 81' lang='grc' dir='ltr'>ἦς</span> <span class='ocrx_word' id='word_1_755' title='bbox 2850 4353 3228 4424; x_wconf 85' lang='grc' dir='ltr'>προσεθήκατε</span> <span class='ocrx_word' id='word_1_756' title='bbox 3264 4357 3322 4407; x_wconf 87' lang='grc' dir='ltr'><strong>ἐν</strong></span> <span class='ocrx_word' id='word_1_757' title='bbox 3349 4357 3415 4422; x_wconf 77' lang='grc' dir='ltr'>τῇ</span> <span class='ocrx_word' id='word_1_758' title='bbox 3450 4355 3666 4406; x_wconf 75' lang='grc' dir='ltr'>ἐκθέσει</span> <span class='ocrx_word' id='word_1_759' title='bbox 3711 4351 3801 4405; x_wconf 72' lang='grc' dir='ltr'><strong>τσιῦ</strong></span> 
     </span>
    </p>
   </div>
   <div class='ocr_carea' id='block_1_106' title="bbox 2222 4445 3800 4516">
    <p class='ocr_par' dir='ltr' id='par_1_106' title="bbox 2222 4445 3800 4516">
     <span class='ocr_line' id='line_1_106' title="bbox 2222 4445 3800 4516; baseline -0.004 -16"><span class='ocrx_word' id='word_1_760' title='bbox 2222 4445 2524 4500; x_wconf 77' lang='grc' dir='ltr'>Λουκιανοῦ</span> <span class='ocrx_word' id='word_1_761' title='bbox 2555 4463 2568 4477; x_wconf 90' lang='grc'><strong>·</strong></span> <span class='ocrx_word' id='word_1_762' title='bbox 2599 4447 2692 4499; x_wconf 78' lang='grc' dir='ltr'>καὶ</span> <span class='ocrx_word' id='word_1_763' title='bbox 2721 4445 2828 4516; x_wconf 76' lang='grc' dir='ltr'>ἔχω</span> <span class='ocrx_word' id='word_1_764' title='bbox 2879 4446 3075 4513; x_wconf 81' lang='grc' dir='ltr'>δεῖξαι,</span> <span class='ocrx_word' id='word_1_765' title='bbox 3100 4447 3184 4500; x_wconf 83' lang='grc' dir='ltr'>ὅτι</span> <span class='ocrx_word' id='word_1_766' title='bbox 3215 4446 3604 4514; x_wconf 79' lang='grc' dir='ltr'>προσεθήκατε</span> <span class='ocrx_word' id='word_1_767' title='bbox 3648 4447 3800 4497; x_wconf 80' lang='grc' dir='ltr'>ἐναν-</span> 
     </span>
    </p>
   </div>
   <div class='ocr_carea' id='block_1_107' title="bbox 2220 4537 3802 4608">
    <p class='ocr_par' dir='ltr' id='par_1_107' title="bbox 2220 4537 3802 4608">
     <span class='ocr_line' id='line_1_107' title="bbox 2220 4537 3802 4608; baseline -0.004 -17"><span class='ocrx_word' id='word_1_768' title='bbox 2220 4538 2310 4592; x_wconf 80' lang='grc' dir='ltr'><strong>τία</strong></span> <span class='ocrx_word' id='word_1_769' title='bbox 2342 4537 2416 4608; x_wconf 87' lang='grc'><strong>(9)</strong></span> <span class='ocrx_word' id='word_1_770' title='bbox 2450 4538 2642 4606; x_wconf 64' lang='grc' dir='ltr'>αὐτῆς.</span> <span class='ocrx_word' id='word_1_771' title='bbox 2669 4558 2687 4592; x_wconf 71' lang='grc' dir='ltr'><strong>ι</strong></span> <span class='ocrx_word' id='word_1_772' title='bbox 2719 4538 3011 4592; x_wconf 80' lang='grc' dir='ltr'>Μακεδον.</span> <span class='ocrx_word' id='word_1_773' title='bbox 3044 4557 3063 4590; x_wconf 72' lang='grc' dir='ltr'><strong>ι</strong></span> <span class='ocrx_word' id='word_1_774' title='bbox 3110 4537 3302 4607; x_wconf 77' lang='grc' dir='ltr'>Ὑμεῖς</span> <span class='ocrx_word' id='word_1_775' title='bbox 3328 4539 3389 4590; x_wconf 59' lang='lat' dir='ltr'><strong>ob</strong></span> <span class='ocrx_word' id='word_1_776' title='bbox 3423 4537 3802 4607; x_wconf 77' lang='grc' dir='ltr'>προσεθήκατε</span> 
     </span>
    </p>
   </div>
   <div class='ocr_carea' id='block_1_108' title="bbox 2221 4631 3804 4702">
    <p class='ocr_par' dir='ltr' id='par_1_108' title="bbox 2221 4631 3804 4702">
     <span class='ocr_line' id='line_1_108' title="bbox 2221 4631 3804 4702; baseline -0.003 -18"><span class='ocrx_word' id='word_1_777' title='bbox 2221 4635 2286 4702; x_wconf 77' lang='grc' dir='ltr'><strong>τῇ</strong></span> <span class='ocrx_word' id='word_1_778' title='bbox 2342 4634 2398 4684; x_wconf 85' lang='grc' dir='ltr'>ἐν</span> <span class='ocrx_word' id='word_1_779' title='bbox 2460 4632 2709 4702; x_wconf 74' lang='grc' dir='ltr'>Νικαία;</span> <span class='ocrx_word' id='word_1_780' title='bbox 2751 4652 2770 4685; x_wconf 72' lang='grc' dir='ltr'><strong>ι</strong></span> <span class='ocrx_word' id='word_1_781' title='bbox 2843 4634 3066 4701; x_wconf 85' lang='grc' dir='ltr'>Ὀρθόδ.</span> <span class='ocrx_word' id='word_1_782' title='bbox 3139 4653 3156 4685; x_wconf 85' lang='grc' dir='ltr'><strong>ι</strong></span> <span class='ocrx_word' id='word_1_783' title='bbox 3238 4632 3380 4686; x_wconf 79' lang='grc' dir='ltr'><strong>Ἀλλ’</strong></span> <span class='ocrx_word' id='word_1_784' title='bbox 3432 4633 3533 4684; x_wconf 83' lang='grc' dir='ltr'>οὐκ</span> <span class='ocrx_word' id='word_1_785' title='bbox 3589 4631 3804 4684; x_wconf 77' lang='grc' dir='ltr'>ἐναντία</span> 
     </span>
    </p>
   </div>
   <div class='ocr_carea' id='block_1_109' title="bbox 2222 4723 3796 4795">
    <p class='ocr_par' dir='ltr' id='par_1_109' title="bbox 2222 4723 3796 4795">
     <span class='ocr_line' id='line_1_109' title="bbox 2222 4723 3796 4795; baseline -0.006 -15"><span class='ocrx_word' id='word_1_786' title='bbox 2222 4725 2360 4795; x_wconf 81' lang='grc' dir='ltr'>αὐτῇ</span> <span class='ocrx_word' id='word_1_787' title='bbox 2423 4725 2556 4794; x_wconf 84' lang='grc' dir='ltr'>(ιο).</span> <span class='ocrx_word' id='word_1_788' title='bbox 2606 4743 2623 4776; x_wconf 81' lang='grc'>›</span> <span class='ocrx_word' id='word_1_789' title='bbox 2677 4724 2980 4778; x_wconf 79' lang='grc' dir='ltr'>Μακεδον.</span> <span class='ocrx_word' id='word_1_790' title='bbox 3019 4744 3037 4776; x_wconf 78' lang='grc' dir='ltr'><strong>ι</strong></span> <span class='ocrx_word' id='word_1_791' title='bbox 3091 4723 3270 4787; x_wconf 81' lang='grc' dir='ltr'>Ὅλως</span> <span class='ocrx_word' id='word_1_792' title='bbox 3318 4723 3726 4792; x_wconf 74' lang='grc' dir='ltr'>προσεθήκατε.</span> <span class='ocrx_word' id='word_1_793' title='bbox 3781 4737 3796 4770; x_wconf 81' lang='grc' dir='ltr'><strong>ι</strong></span> 
     </span>
    </p>
   </div>
   <div class='ocr_carea' id='block_1_110' title="bbox 2232 4797 3806 4886">
    <p class='ocr_par' dir='ltr' id='par_1_110' title="bbox 2232 4797 3806 4886">
     <span class='ocr_line' id='line_1_110' title="bbox 2232 4797 3806 4886; baseline -0.006 -15"><span class='ocrx_word' id='word_1_794' title='bbox 2232 4817 2460 4886; x_wconf 83' lang='grc' dir='ltr'>Ὀρθόδ.</span> <span class='ocrx_word' id='word_1_795' title='bbox 2498 4835 2516 4867; x_wconf 83' lang='grc' dir='ltr'><strong>ι</strong></span> <span class='ocrx_word' id='word_1_796' title='bbox 2556 4816 2636 4868; x_wconf 79' lang='grc' dir='ltr'><strong>Τὰ</strong></span> <span class='ocrx_word' id='word_1_797' title='bbox 2679 4815 2801 4868; x_wconf 86' lang='grc' dir='ltr'>τότε</span> <span class='ocrx_word' id='word_1_798' title='bbox 2838 4817 2913 4886; x_wconf 81' lang='grc' dir='ltr'>μὴ</span> <span class='ocrx_word' id='word_1_799' title='bbox 2953 4815 3258 4886; x_wconf 76' lang='grc' dir='ltr'>ζητηθέντα</span> <span class='ocrx_word' id='word_1_800' title='bbox 3308 4814 3402 4868; x_wconf 82' lang='grc' dir='ltr'>νῦν</span> <span class='ocrx_word' id='word_1_801' title='bbox 3449 4797 3806 4883; x_wconf 78' lang='grc' dir='ltr'>ἡρμήνευσαν</span> 
     </span>
    </p>
   </div>
   <div class='ocr_carea' id='block_1_111' title="bbox 2224 4906 3807 4980">
    <p class='ocr_par' dir='ltr' id='par_1_111' title="bbox 2224 4906 3807 4980">
     <span class='ocr_line' id='line_1_111' title="bbox 2224 4906 3807 4980; baseline -0.006 -18"><span class='ocrx_word' id='word_1_802' title='bbox 2224 4910 2274 4962; x_wconf 80' lang='grc' dir='ltr'>οἱ</span> <span class='ocrx_word' id='word_1_803' title='bbox 2318 4908 2561 4978; x_wconf 80' lang='grc' dir='ltr'>Πατέρες</span> <span class='ocrx_word' id='word_1_804' title='bbox 2607 4906 2870 4970; x_wconf 76' lang='grc' dir='ltr'><strong>εὐσεϐῶς.</strong></span> <span class='ocrx_word' id='word_1_805' title='bbox 2913 4927 2931 4960; x_wconf 71' lang='grc' dir='ltr'><strong>ι</strong></span> <span class='ocrx_word' id='word_1_806' title='bbox 2972 4908 3037 4960; x_wconf 83' lang='grc' dir='ltr'>Τί</span> <span class='ocrx_word' id='word_1_807' title='bbox 3077 4906 3168 4960; x_wconf 76' lang='grc' dir='ltr'>οὖν</span> <span class='ocrx_word' id='word_1_808' title='bbox 3214 4908 3331 4980; x_wconf 83' lang='grc' dir='ltr'>ἐρεῖ</span> <span class='ocrx_word' id='word_1_809' title='bbox 3373 4907 3466 4958; x_wconf 76' lang='grc' dir='ltr'>ἐπὶ</span> <span class='ocrx_word' id='word_1_810' title='bbox 3499 4907 3612 4967; x_wconf 81' lang='grc' dir='ltr'>τοῖς</span> <span class='ocrx_word' id='word_1_811' title='bbox 3659 4908 3807 4974; x_wconf 76' lang='grc' dir='ltr'>εἴρη-</span> 
     </span>
    </p>
   </div>
   <div class='ocr_carea' id='block_1_112' title="bbox 2143 5092 2785 5160">
    <p class='ocr_par' dir='ltr' id='par_1_112' title="bbox 2143 5092 2785 5160">
     <span class='ocr_line' id='line_1_112' title="bbox 2143 5092 2785 5160; baseline 0.006 -19"><span class='ocrx_word' id='word_1_812' title='bbox 2143 5099 2189 5155; x_wconf 83' lang='lat' dir='ltr'><strong>D</strong></span> <span class='ocrx_word' id='word_1_813' title='bbox 2289 5092 2365 5159; x_wconf 71' lang='lat'><strong>(6)</strong></span> <span class='ocrx_word' id='word_1_814' title='bbox 2402 5093 2571 5158; x_wconf 82' lang='lat' dir='ltr'><strong>Mnn.,</strong></span> <span class='ocrx_word' id='word_1_815' title='bbox 2604 5093 2785 5160; x_wconf 79' lang='grc' dir='ltr'>ὡκτῷ.</span> 
     </span>
    </p>
   </div>
   <div class='ocr_carea' id='block_1_113' title="bbox 2293 5157 3732 5228">
    <p class='ocr_par' dir='ltr' id='par_1_113' title="bbox 2293 5157 3732 5228">
     <span class='ocr_line' id='line_1_113' title="bbox 2293 5157 3732 5228; baseline -0.008 -8"><span class='ocrx_word' id='word_1_816' title='bbox 2293 5157 2370 5226; x_wconf 75' lang='lat' dir='ltr'><strong>i7)</strong></span> <span class='ocrx_word' id='word_1_817' title='bbox 2398 5163 2559 5218; x_wconf 76' lang='lat' dir='ltr'><strong>Forle</strong></span> <span class='ocrx_word' id='word_1_818' title='bbox 2587 5157 2942 5220; x_wconf 84' lang='grc' dir='ltr'>Μακεδονῐου.</span> <span class='ocrx_word' id='word_1_819' title='bbox 2977 5169 3035 5213; x_wconf 87' lang='lat' dir='ltr'><strong>ul</strong></span> <span class='ocrx_word' id='word_1_820' title='bbox 3069 5161 3297 5228; x_wconf 76' lang='lat' dir='ltr'><strong>Grcgor.</strong></span> <span class='ocrx_word' id='word_1_821' title='bbox 3334 5159 3370 5211; x_wconf 93' lang='grc' dir='ltr'><strong>Ι.</strong></span> <span class='ocrx_word' id='word_1_822' title='bbox 3407 5171 3483 5219; x_wconf 93' lang='lat' dir='ltr'><strong>c.,</strong></span> <span class='ocrx_word' id='word_1_823' title='bbox 3511 5173 3563 5228; x_wconf 87' lang='lat' dir='ltr'><strong>p.</strong></span> <span class='ocrx_word' id='word_1_824' title='bbox 3608 5157 3732 5210; x_wconf 67' lang='grc'><strong>449.</strong></span> 
     </span>
    </p>
   </div>
   <div class='ocr_carea' id='block_1_114' title="bbox 2295 5227 3806 5301">
    <p class='ocr_par' dir='ltr' id='par_1_114' title="bbox 2295 5227 3806 5301">
     <span class='ocr_line' id='line_1_114' title="bbox 2295 5227 3806 5301; baseline -0.006 -16"><span class='ocrx_word' id='word_1_825' title='bbox 2295 5234 2371 5298; x_wconf 72' lang='grc'>(8)</span> <span class='ocrx_word' id='word_1_826' title='bbox 2414 5235 2511 5287; x_wconf 81' lang='lat' dir='ltr'><strong>llic</strong></span> <span class='ocrx_word' id='word_1_827' title='bbox 2537 5245 2589 5288; x_wconf 91' lang='lat' dir='ltr'><strong>et</strong></span> <span class='ocrx_word' id='word_1_828' title='bbox 2614 5236 2665 5284; x_wconf 93' lang='lat' dir='ltr'><strong>in</strong></span> <span class='ocrx_word' id='word_1_829' title='bbox 2694 5232 3050 5301; x_wconf 65' lang='lat' dir='ltr'><strong>sequentibus</strong></span> <span class='ocrx_word' id='word_1_830' title='bbox 3083 5227 3282 5298; x_wconf 82' lang='lat' dir='ltr'><strong>legitur</strong></span> <span class='ocrx_word' id='word_1_831' title='bbox 3315 5229 3366 5301; x_wconf 87' lang='lat' dir='ltr'><strong>in</strong></span> <span class='ocrx_word' id='word_1_832' title='bbox 3422 5227 3582 5279; x_wconf 85' lang='lat' dir='ltr'><strong>codd.</strong></span> <span class='ocrx_word' id='word_1_833' title='bbox 3617 5229 3806 5278; x_wconf 83' lang='grc' dir='ltr'>Μακε-</span> 
     </span>
    </p>
   </div>
   <div class='ocr_carea' id='block_1_115' title="bbox 2222 5300 3414 5371">
    <p class='ocr_par' dir='ltr' id='par_1_115' title="bbox 2222 5300 3414 5371">
     <span class='ocr_line' id='line_1_115' title="bbox 2222 5300 3414 5371; baseline -0.007 -15"><span class='ocrx_word' id='word_1_834' title='bbox 2222 5305 2392 5362; x_wconf 75' lang='grc' dir='ltr'>δόνιος</span> <span class='ocrx_word' id='word_1_835' title='bbox 2423 5321 2436 5368; x_wconf 90' lang='grc'><strong>;</strong></span> <span class='ocrx_word' id='word_1_836' title='bbox 2473 5300 2958 5371; x_wconf 73' lang='lat' dir='ltr'><strong>legendunrlorel,</strong></span> <span class='ocrx_word' id='word_1_837' title='bbox 2987 5300 3414 5371; x_wconf 64' lang='grc' dir='ltr'><strong>Μακεδονιανὸςἶ</strong></span> 
     </span>
    </p>
   </div>
   <div class='ocr_carea' id='block_1_116' title="bbox 2299 5364 3798 5442">
    <p class='ocr_par' dir='ltr' id='par_1_116' title="bbox 2299 5364 3798 5442">
     <span class='ocr_line' id='line_1_116' title="bbox 2299 5364 3798 5442; baseline -0.009 -12"><span class='ocrx_word' id='word_1_838' title='bbox 2299 5375 2374 5440; x_wconf 87' lang='grc'>(9)</span> <span class='ocrx_word' id='word_1_839' title='bbox 2408 5364 2467 5426; x_wconf 41' lang='lat' dir='ltr'><strong>ll.</strong></span> <span class='ocrx_word' id='word_1_840' title='bbox 2495 5364 2560 5427; x_wconf 77' lang='lat' dir='ltr'><strong>ad</strong></span> <span class='ocrx_word' id='word_1_841' title='bbox 2597 5375 2728 5442; x_wconf 87' lang='lat' dir='ltr'><strong>imp.</strong></span> <span class='ocrx_word' id='word_1_842' title='bbox 2761 5373 2997 5442; x_wconf 50' lang='lat' dir='ltr'><strong>Trapez;</strong></span> <span class='ocrx_word' id='word_1_843' title='bbox 3032 5387 3080 5423; x_wconf 89' lang='lat' dir='ltr'><strong>c.</strong></span> <span class='ocrx_word' id='word_1_844' title='bbox 3113 5371 3200 5434; x_wconf 71' lang='grc'>16,</span> <span class='ocrx_word' id='word_1_845' title='bbox 3228 5369 3336 5442; x_wconf 72' lang='lat' dir='ltr'><strong>col.</strong></span> <span class='ocrx_word' id='word_1_846' title='bbox 3364 5367 3493 5430; x_wconf 70' lang='grc'>251,</span> <span class='ocrx_word' id='word_1_847' title='bbox 3528 5364 3798 5442; x_wconf 64' lang='grc' dir='ltr'>ἐναντίον.</span> 
     </span>
    </p>
   </div>
   <div class='ocr_carea' id='block_1_117' title="bbox 2222 5433 3800 5510">
    <p class='ocr_par' dir='ltr' id='par_1_117' title="bbox 2222 5433 3800 5510">
     <span class='ocr_line' id='line_1_117' title="bbox 2222 5433 3800 5510; baseline 0.001 -14"><span class='ocrx_word' id='word_1_848' title='bbox 2222 5433 2367 5496; x_wconf 62' lang='lat' dir='ltr'><strong>Muli.</strong></span> <span class='ocrx_word' id='word_1_849' title='bbox 2401 5444 2470 5496; x_wconf 71' lang='lat'><strong>27</strong></span> <span class='ocrx_word' id='word_1_850' title='bbox 2499 5433 2699 5498; x_wconf 71' lang='lat' dir='ltr'><strong>omittit</strong></span> <span class='ocrx_word' id='word_1_851' title='bbox 2745 5433 2909 5498; x_wconf 76' lang='lat' dir='ltr'><strong>verba</strong></span> <span class='ocrx_word' id='word_1_852' title='bbox 2966 5435 3034 5510; x_wconf 79' lang='grc' dir='ltr'><strong>ἧς</strong></span> <span class='ocrx_word' id='word_1_853' title='bbox 3086 5437 3464 5510; x_wconf 69' lang='grc' dir='ltr'>προπεοήκατε</span> <span class='ocrx_word' id='word_1_854' title='bbox 3493 5465 3567 5479; x_wconf 88' lang='grc'><strong><em>-</em></strong></span> <span class='ocrx_word' id='word_1_855' title='bbox 3631 5433 3800 5498; x_wconf 71' lang='grc' dir='ltr'>δεῖξαι</span> 
     </span>
    </p>
   </div>
   <div class='ocr_carea' id='block_1_118' title="bbox 2223 5532 2326 5568">
    <p class='ocr_par' dir='ltr' id='par_1_118' title="bbox 2223 5532 2326 5568">
     <span class='ocr_line' id='line_1_118' title="bbox 2223 5532 2326 5568; baseline -0.01 0"><span class='ocrx_word' id='word_1_856' title='bbox 2223 5532 2326 5568; x_wconf 80' lang='grc' dir='ltr'>οτι.</span> 
     </span>
    </p>
   </div>
   <div class='ocr_carea' id='block_1_119' title="bbox 2295 5579 3316 5653">
    <p class='ocr_par' dir='ltr' id='par_1_119' title="bbox 2295 5579 3316 5653">
     <span class='ocr_line' id='line_1_119' title="bbox 2295 5579 3316 5653; baseline -0.001 -19"><span class='ocrx_word' id='word_1_857' title='bbox 2295 5583 2408 5653; x_wconf 71' lang='grc'>(10)</span> <span class='ocrx_word' id='word_1_858' title='bbox 2440 5581 2563 5639; x_wconf 63' lang='lat' dir='ltr'><strong>llaec</strong></span> <span class='ocrx_word' id='word_1_859' title='bbox 2593 5586 2756 5640; x_wconf 87' lang='lat' dir='ltr'><strong>etiam</strong></span> <span class='ocrx_word' id='word_1_860' title='bbox 2785 5583 2945 5638; x_wconf 89' lang='lat' dir='ltr'><strong>habet</strong></span> <span class='ocrx_word' id='word_1_861' title='bbox 2973 5589 3166 5637; x_wconf 88' lang='lat' dir='ltr'><strong>auctor</strong></span> <span class='ocrx_word' id='word_1_862' title='bbox 3197 5579 3232 5633; x_wconf 91' lang='grc' dir='ltr'><strong>Ι.</strong></span> <span class='ocrx_word' id='word_1_863' title='bbox 3266 5593 3316 5634; x_wconf 87' lang='lat' dir='ltr'><strong>c.</strong></span> 
     </span>
    </p>
   </div>
  </div>
