3998 6492
427 465 521 522 iit?

1370 462 1750 523 GliEGOllll
1792 458 2090 521 ΜΑΜΜᾸΕ
2132 456 2241 519 CP.
2276 454 2792 515 PATRIARCIMZ

3572 454 3679 520 108

422 594 479 630 se
514 576 733 641 habent,
769 584 957 644 aperte
1014 574 1325 640 declarant,
1377 590 1476 631 nos
1511 574 1646 629 nihil
1699 573 1992 627 conlictum

2120 567 2477 637 ταριστῶσιν,
2528 567 2603 629 ὡς
2654 567 2808 621 οὐδὲν
2858 564 3243 637 πεπλασμένον
3297 567 3682 636 πεποιήκαμεν

421 669 695 737 peregisse
745 681 926 736 neque
971 668 1223 736 spurium
1274 665 1572 735 quidquam
1620 662 1992 719 introduxissc

421 758 475 811 in
505 772 722 813 sacrum
755 755 1096 826 Symbolum.
1132 756 1599 825 quemadmodum
1636 753 1766 808 olim
1793 751 1874 807 illi
1901 752 1994 821 qui

420 865 612 907 vocem
640 845 882 918 ejusde‘m
924 847 1242 901 substantia
1284 863 1410 901 cum
1451 860 1585 901 voce
1634 844 1826 899 similis
1872 845 1998 897 sub-

2099 660 2218 713 οὐδὲ
2264 658 2518 726 κίϐδηλόν
2559 676 2609 711 τι
2657 657 2734 728 (1)
2783 658 3229 726 ὲπεισηγάγομεν
3290 656 3353 711 ιν
3418 656 3497 728 τῷ
3548 658 3684 728 ἱερῷ

2108 752 2484 823 συμϐόλῳ,ὠς
2534 753 2584 805 οί
2631 752 2756 804 τότε
2806 753 2855 805 οἱ
2900 751 2965 804 τὸ
3016 751 3348 818 ὁμοούσιον
3397 751 3521 804 ἀντὶ
3572 751 3685 805 τοῦ

2099 848 2449 916 ὀμοιουσίου
2481 846 2556 914 (2)
2590 843 2982 910 ἐναλλάξαντες
3013 844 3115 913 ('5).
3145 844 3282 897 Οὐδὲ
3313 841 3569 912 δεύτερον
3600 842 3686 895 αι’·

423 943 635 997 stantia:
669 948 1101 996 commutarunt.
1165 937 1354 1008 Neque
1413 939 1710 993 secundam
1769 948 1990 990 causam

2120 956 2211 992 ξιον
2239 939 2329 991 τδν
2362 937 2489 991 Υίὸν
2518 938 2755 1009 λέγομεν
2780 935 2875 991 τοῦ
2908 936 3070 1004 ἁγίου
3104 934 3447 1004 Πνεύματος,
3477 934 3554 998 ὡς
3586 936 3688 989 αὒ-

425 1033 599 1089 sancti
640 1032 879 1102 Spiritus
910 1032 1147 1086 dicimus
1175 1030 1398 1095 Filium,
1438 1038 1499 1083 ut
1538 1029 1660 1099 ipse
1686 1034 1876 1099 putat;
1920 1029 2002 1082 sic

425 1124 571 1177 enim
603 1132 658 1176 et
709 1122 849 1175 duos
901 1120 1031 1176 deos
1088 1121 1457 1184 crederemus,
1497 1122 1641 1175 sicut
1682 1120 1797 1189 ipse
1852 1132 2000 1174 som-

428 1217 635 1268 niatur.
673 1215 923 1267 Attamen
952 1220 1005 1266 et
1033 1211 1099 1266 de
1150 1213 1239 1267 his
1289 1210 1569 1267 sufﬁciens
1613 1226 1788 1280 supra
1812 1209 2001 1264 datum

429 1316 513 1359 est
544 1320 892 1373 responsum.
928 1305 1083 1369 Quod
1141 1312 1326 1359 autem
1386 1313 1598 1375 spectat
1638 1304 1706 1359 ad
1760 1302 2004 1373 reliquas

432 1395 823 1456 absurditatcs,
864 1408 1002 1461 quas
1031 1393 1249 1448 silentio
1280 1395 1542 1463 praeterit,
1591 1394 1636 1447 si
1682 1392 1907 1463 quidem
1937 1391 2007 1446 de

433 1484 771 1540 beatitudine
804 1498 868 1538 ac
906 1484 1168 1538 fruitione
1194 1493 1510 1539 sanctorum
1545 1484 1812 1555 loquitur,
1837 1497 2003 1552 quam

435 1576 673 1628 maxime
727 1577 843 1643 ipse
904 1575 1127 1629 sibimet
1178 1582 1443 1645 repugnat
1497 1574 1551 1628 in
1605 1588 1670 1628 ea
1731 1573 2004 1638 oratione,

437 1684 598 1740 quam
631 1669 684 1722 in
721 1677 969 1723 sanctum
1012 1665 1187 1719 Eliam
1247 1665 1433 1721 edidit.
1479 1665 1570 1719 Ait
1600 1664 1744 1719 enim
1780 1682 1793 1719 :
1834 1682 1854 1715 ι
1897 1663 2009 1734 Ego

440 1764 587 1827 vero,
645 1764 788 1832 quod
854 1776 1001 1815 nunc
1050 1760 1176 1814 licet
1232 1758 1360 1825 ipsi,
1437 1759 1583 1814 sicut
1624 1766 1681 1813 et
1723 1757 2010 1812 animabus

439 1868 774 1918 sanctorum,
843 1853 1153 1921 ubicunque
1235 1852 1368 1917 vult,
1425 1850 1727 1905 secundum
1795 1859 2009 1919 tempus

2100 1031 2192 1093 τὸς
2224 1030 2436 1099 νομίζει
2460 1046 2474 1061 ’
2572 1029 2680 1100 γὰρ
2711 1029 2778 1083 ἂν
2807 1031 2904 1084 καὶ
2930 1028 3024 1088 δύο
3053 1027 3180 1091 τοὺς
3212 1026 3369 1087 θεοὺς
3397 1027 3691 1080 ἐπιστεύο-

2106 1137 2230 1190 μεν,
2269 1121 2341 1181 ὡς
2392 1120 2554 1183 αὐτὸς
2602 1118 2955 1187 φαντάζεται.
2992 1117 3187 1185 Ὅμως
3234 1131 3300 1182 γε
3352 1116 3544 1187 μέντοι
3594 1118 3690 1169 καὶ

2106 1213 2234 1282 περὶ
2275 1212 2479 1266 τούτων
2524 1212 2724 1274 ἱκανῶς
2765 1208 3231 1278 ἁπελογησὰμεθα
3277 1209 3567 1280 πρότερον.
3610 1209 3693 1262 τὰ

2105 1303 2161 1357 δὲ
2194 1304 2358 1357 λοιπὰ
2388 1303 2498 1356 τῶν
2532 1306 2705 1370 ἀτοπη
2718 1301 2938 1372 μάτων,
2972 1300 3008 1355 ἁ
3044 1300 3272 1355 σιωπῶν
3305 1302 3653 1372 παρατρέχῖι
3677 1342 3692 1361 ,

2108 1397 2154 1447 εί
2189 1394 2289 1463 μὲν
2320 1394 2450 1463 περὶ
2480 1394 2581 1462 τῆς
2610 1391 2965 1470 ἀπολαύσεως
3013 1389 3124 1444 τῶν
3162 1391 3340 1457 ἁγίων
3370 1390 3523 1457 λέγει
3547 1431 3563 1453 ,
3597 1392 3694 1443 καὶ

2112 1487 2347 1556 μάλιστα
2381 1484 2541 1546 αὐτὸς
2577 1481 2759 1552 ἑαυτῷ
2794 1484 3030 1554 μάχεται
3065 1483 3123 1534 ὲν
3156 1480 3235 1550 τῷ
3267 1482 3411 1552 λόγῳ
3443 1481 3521 1552 τῷ
3556 1484 3693 1553 παρ’

2110 1577 2276 1634 αὐτοῦ
2320 1577 2597 1631 ἐκτεθέντι
2640 1578 2738 1640 είς.
2765 1575 2856 1630 τὸν
2900 1576 3059 1643 ἁγιον
3094 1573 3309 1629 Ἠλίαν.
3354 1576 3491 1645 Φησὶ
3536 1578 3651 1646 γάρ
3679 1591 3691 1605 ·

2115 1688 2135 1723 ι
2186 1670 2329 1739 Ἐγὼ
2360 1672 2403 1723 δ’
2432 1671 2514 1723 δτι
2551 1670 2649 1747 μεν
2683 1668 2893 1733 ἔξεστιν
2932 1666 3118 1738 αὐτῷ,
3155 1667 3407 1738 καθάπερ
3442 1668 3539 1720 καὶ
3573 1670 3695 1730 ταῖς

2110 1762 2221 1816 τῶν
2258 1762 2430 1830 ἁγίων
2479 1761 2681 1832 ψυχαῖς
2713 1761 2836 1814 ὅποι
2871 1758 3003 1813 ποτε
3038 1756 3287 1828 βούλεται
3319 1758 3463 1812 κατὰ
3497 1750 3696 1830 καιρδν

2114 1853 2532 1923 ἐπιχωριάζειν,
2578 1853 2724 1915 ναοῖς
2772 1866 2832 1904 τε
2883 1850 3108 1915 οἰκείοις
3158 1850 3561 1921 ὲμφιλοχωρεῖν
3616 1850 3695 1919 (4)

438 1949 788 2011 commorari,
816 1946 945 2001 dum
978 1945 1029 2000 iu
1065 1945 1306 2015 propriis
1339 1944 1559 2015 templis
1584 1935 2005 1999 libenter'man-

2120 1917 2341 2009 sal-soi;
2367 1945 2631 2000 ὲκὰστοτε
2665 1944 2741 2016 (5)
2769 1941 3047 2015 δεομένοις
3075 1917 3697 2013 ὲπιῴοιτᾷν-ἁναγκαῒόν

441 2043 652 2096 sionem
684 2040 811 2093 facit
842 2048 896 2093 et
930 2038 995 2092 iis
1036 2037 1129 2106 qui
1178 2050 1281 2106 ope
1320 2036 1553 2104 singulis
1592 2035 1810 2089 vicibus
1859 2033 2007 2088 indi-

440 2145 586 2204 gent.
626 2132 865 2196 advenit,
898 2141 952 2185 et
988 2130 1362 2185 necessarium
1407 2136 1460 2182 et
1496 2141 1683 2182 verum
1716 2141 1839 2183 esse
1876 2140 2006 2181 cen-

441 2238 570 2290 seo;
608 2238 716 2277 non
758 2237 884 2277 vero
908 2231 1195 2291 propterea
1239 2234 1363 2275 eum
1404 2220 1576 2275 cmlos
1626 2220 2009 2287 derelinquere

440 2315 669 2371 dixerim
696 2328 760 2368 ac
784 2314 967 2367 lumen
998 2312 1072 2366 ibi
1114 2311 1473 2382 resplendens
1532 2320 1586 2367 et
1643 2325 1769 2365 cum
1803 2310 2010 2381 angelis

443 2404 810 2462 assistentiam
874 2418 1059 2458 coram
1116 2417 1334 2457 summo
1403 2401 1676 2467 Domino;
1733 2402 1814 2458 sic
1863 2404 2009 2458 enim

445 2499 629 2554 minus
659 2510 822 2565 quam
880 2495 1061 2550 caeteri
1092 2493 1266 2550 sancti
1305 2492 1532 2548 haberet
1595 2494 1661 2559 is,
1717 2494 1810 2563 qui
1849 2508 2012 2561 super

445 2606 634 2646 omnes
665 2588 776 2643 fere
808 2595 916 2651 est,
961 2586 1006 2643 si
1056 2586 1279 2657 quidem
1326 2585 1472 2650 ideo,
1502 2586 1630 2656 quia
1655 2592 1819 2640 carne
1844 2586 2010 2640 indu-

449 2692 540 2736 tus
564 2689 644 2736 est
680 2678 781 2750 (a),
808 2694 838 2733 a
865 2676 1254 2734 communione
1300 2690 1426 2731 cum
1462 2676 1600 2746 ipsis
1628 2687 1682 2731 et
1713 2692 1744 2731 a
1770 2687 2011 2733 contem-

450 2772 692 2844 platione
733 2768 829 2823 Dei
863 2769 931 2823 ad
964 2766 1160 2823 faciem
1215 2775 1505 2836 separatus
1550 2777 1720 2835 esset,
1752 2783 1859 2839 qua
1900 2771 2016 2824 exi-

453 2865 564 2919 mio
605 2861 766 2916 modo
793 2874 891 2930 per
922 2873 1140 2916 omnem
1182 2858 1348 2913 vitam
1382 2856 1685 2914 fruebatur.
1721 2876 1742 2911 ›
1778 2857 1880 2915 Per
1909 2859 2016 2915 hoc

448 2954 618 3023 igitur
648 2952 857 3006 clarum
889 2958 977 3005 est
1007 2947 1257 3004 conﬁteri
1288 2956 1346 3004 et
1388 2948 1595 3017 ipsum,
1639 2958 1859 3007 sanctos
1886 2950 2015 3007 bea-

451 3045 687 3101 titudine
720 3042 930 3116 perfrui
956 3042 1055 3113 (b),
1080 3042 1188 3098 nisi
1219 3041 1362 3098 forte
1401 3043 1548 3099 aliud
1578 3044 1857 3115 quidpiam
1889 3059 2017 3101 cen-

449 3149 533 3194 set
601 3135 997 3193 beatitudinem
1056 3149 1086 3188 a
1126 3134 1592 3206 contemplatione
1652 3134 1750 3191 Dei
1813 3136 1879 3191 ad
1936 3136 2017 3192 fa-

2107 2056 2167 2093 τε
2201 2038 2440 2108 ἡγοῦμαι
2473 2037 2553 2107 (6)
2586 2038 2680 2090 καὶ
2711 2035 2912 2108 ἀληθὲς
2943 2029 3084 2090 εῖναι
3109 2049 3124 2065 °
3156 2035 3217 2088 οὐ
3255 2034 3362 2106 μὴν
3392 2035 3483 2089 διὰ
3511 2033 3694 2088 ταῦτα

2110 2129 2279 2200 φαίην
2312 2131 2379 2183 ἂν
2411 2130 2573 2185 αὐτὸν
2602 2129 2712 2183 τῶν
2745 2128 2995 2199 οὐρανῶν
3028 2127 3423 2183 ἀπολείπεσθαι
3462 2130 3561 2183 καὶ
3595 2128 3697 2198 τῆς

2110 2222 2291 2273 ἐκεῖσε
2324 2219 2741 2290 λαμπροφορίας
2778 2221 2873 2274 καὶ
2913 2219 3051 2291 μετὰ
3079 2219 3188 2275 τῶν
3217 2221 3468 2289 ἀγγέλων
3499 2221 3699 2274 δεσπι.

2111 2315 2269 2383 τικῆς
2314 2316 2750 2384 παραστάσεωςθ
2874 2313 2982 2383 γὰρ
3026 2312 3095 2367 ἂν
3137 2309 3282 2385 εἶχεν
3320 2312 3548 2368 ἔλαττον
3587 2316 3698 2367 τοῖιν

2112 2404 2285 2459 ἄλλων
2327 2405 2498 2471 ἁγίων
2535 2408 2562 2458 6
2604 2405 2745 2475 ὑπὲρ
2785 2406 2992 2469 πάντας
3032 2404 3260 2476 σχεδὸν,
3306 2405 3359 2460 sf
3398 2423 3461 2470 γε
3505 2406 3598 2460 διὰ
3643 2407 3698 2457 τὸ

2113 2496 2207 2567 τὴν
2235 2496 2410 2566 σάρκα
2441 2497 2628 2567 φορεῖν
2654 2496 2976 2566 ἀφειστήκει
3007 2497 3105 2568 τῆς
3141 2497 3265 2567 μετ’
3289 2498 3470 2551 αὐτῶν
3496 2516 3702 2574 κοινῳο

2114 2588 2230 2651 νίας
2264 2589 2357 2641 καὶ
2388 2590 2486 2654 τῆς
2517 2589 2610 2641 τοῦ
2641 2587 2776 2642 Θεοῦ
2808 2589 2941 2659 πρὸς
2975 2590 3273 2660 πρόσωπον
3305 2589 3547 2661 θεωρίας
3572 2632 3588 2654 ,
3629 2586 3697 2663 ἦς

2114 2682 2202 2732 καὶ
2226 2681 2382 2749 ’παρὶ
2414 2679 2589 2732 πάντα
2616 2679 2706 2734 τὸν
2732 2679 2846 2750 βίον
2874 2679 3168 2752 ἐξαιρέτως
3198 2680 3488 2751 ἀπήλαυσε
3522 2680 3631 2751 (ἶ).
3673 2702 3693 2734 ι

2116 2772 2394 2843 Γνὼριμον
2445 2768 2539 2827 οὖν
2568 2774 2685 2826 ἐστι
2714 2773 2804 2827 διὰ
2856 2771 3049 2827 τούτου
3070 2811 3085 2837 ,
3118 2772 3193 2837 ὡς
3221 2773 3349 2835 τοὺς
3370 2772 3565 2841 ἁγίους
3602 2775 3699 2843 τῆς

2119 2863 2519 2936 μακαριότητος
2556 2865 2651 2919 καὶ
2684 2862 2850 2928 αὐτὸς
2884 2862 3144 2933 ὁμολογεῖ
3175 2862 3495 2927 ἀπολαύειν,
3534 2866 3699 2933 εἴπερ

2120 2958 2194 3026 μὴ
2240 2958 2424 3027 ἕτερόν
2471 2974 2524 3010 τι
2573 2954 2782 3026 νομίζει
2825 2958 2924 3028 τὴν
2974 2956 3361 3027 μακαριότητα
3406 2955 3505 3024 τῆς
3554 2957 3697 3027 πρὸς

2119 3049 2410 3118 πρόσωπον
2445 3047 2583 3103 Θεοῦ
2623 3048 2877 3119 θεωρίας.
2920 3049 3060 3119 Περὶ
3105 3049 3203 3120 μὲν
3239 3047 3341 3118 τῆς
3380 3045 3553 3117 ἔνητῷ
3598 3067 3701 3103 παι

2120 3140 2265 3210 ρόντι
2308 3140 2542 3209 θεωρίας
2584 3141 2685 3207 τῆς
2727 3141 2865 3213 πρὸς
2907 3140 3201 3209 πρόσωπον
3246 3139 3403 3210 σιγᾷν
3443 3137 3697 3207 ἄμεινον.

449 3232 612 3285 ciem.
654 3228 729 3283 De
765 3227 859 3283 Dei
893 3237 1076 3283 autem
1126 3227 1182 3282 in
1241 3228 1499 3296 praesenti
1550 3229 1662 3284 vita
1717 3229 1783 3284 ad
1824 3230 2016 3289 faciem

2127 3232 2263 3299 Περὶ
2293 3231 2348 3284 δέ
2381 3249 2442 3298 γε
2473 3230 2582 3285 τῶν
2613 3232 2843 3300 ἀζύμων
2878 3222 3155 3295 Εὐσέὄιος,
3188 3230 3450 3301 Εὑτύχιος
3475 3233 3504 3284 6
3533 3232 3696 3286 Κων-

449 3318 912 3391 cOntemplatione
939 3320 1102 3375 silere
1145 3328 1369 3390 praestat
1405 3320 1498 3392 (ε).
1531 3320 1686 3387 Quod
1723 3322 1921 3379 deinde
1954 3326 2020 3381 ad

447 3430 637 3488 azyma
671 3415 930 3486 pertinet,
972 3411 1267 3479 Eusebius,
1296 3412 1599 3484 Eutycltius
1627 3414 2019 3473 Constantino-

446 3504 743 3576 politanus,
772 3502 1111 3573 Epiphanius
1166 3501 1355 3573 Cypri,
1410 3503 1651 3560 Joannes
1682 3504 2017 3576 Chrysosto-

449 3613 595 3662 mus,
650 3608 702 3653 et
741 3596 834 3651 alii
889 3604 1203 3652 sanctorum
1251 3592 1626 3654 defensionem
1672 3597 2013 3670 dabunt.(d).

448 3690 527 3746 De
556 3689 791 3760 primatu
823 3702 954 3743 vero
994 3687 1230 3744 Romani
1254 3688 1535 3759 pontiﬁcis
1567 3689 1851 3747 sufﬁciens
1895 3699 2017 3746 erat

447 3797 513 3835 ex
544 3780 754 3851 synodo
794 3791 1006 3845 octava,
1037 3780 1126 3834 cui
1180 3779 1297 3850 ipse
1331 3780 1706 3837 testimonium
1736 3781 2006 3851 perhibet,
2034 3848 2039 3851 _

456 3873 525 3927 ad
558 3871 772 3941 plenam
822 3870 1245 3940 persuasionem
1290 3869 1633 3926 efﬁciendam
1677 3886 1801 3926 eum
1845 3870 2019 3926 stabi-

454 3966 577 4020 lire.
615 3965 719 4019 Sed
775 3974 829 4017 et
877 3962 1200 4020 Theodorus
1247 3963 1457 4019 Studita
1497 3972 1552 4018 et
1596 3972 1910 4019 sanctarum
1937 3978 2024 4033 sy-
2066 4014 2083 4021 -

453 4056 722 4112 nodorum
772 4056 907 4111 Acta
961 4055 1247 4126 perspicue
1301 4068 1425 4110 eum
1458 4054 1803 4111 conﬁrmant.
1848 4056 2027 4124 Atque

453 4150 751 4218 quamlibet
806 4164 871 4202 ex
934 4148 1018 4203 his
1069 4148 1431 4219 quaestionem
1502 4148 1724 4218 propria
1771 4147 2028 4202 lucubra—

448 4241 597 4294 tione
627 4241 1002 4303 tractavimus,
1057 4246 1118 4291 ut
1146 4246 1572 4309 cognoscentes,
1613 4236 1730 4291 haec
1772 4251 1899 4292 eum
1930 4251 2026 4290 cx-

451 4332 711 4402 probrare
742 4328 980 4384 Latinis.
1012 4327 1246 4395 Quando
1283 4329 1453 4401 igitur
1471 4338 1526 4385 et
1552 4328 1659 4383 alia
1696 4327 2025 4398 cognoveri-

523 4538 601 4610 (υ
626 4534 821 4610 _0mitt.
852 4534 1015 4610 Attat.
1049 4550 1125 4610 τι.

524 4600 603 4677 (2)
626 4605 707 4659 Ita
737 4613 884 4659 recte
909 4602 990 4657 Ma
1001 4618 1080 4658 rc.
1101 4603 1138 4658 f.
1162 4602 1267 4657 2'52
1293 4617 1345 4671 a,
1370 4601 1499 4658 dum
1525 4600 1671 4658 Mon.
1691 4600 1875 4668 habet,
1900 4601 2028 4671 6pc-

433 4671 663 4733 ὀυόίὸυ.

547 4749 601 4814 3)
634 4742 782 4814 Mori.
806 4745 897 4814 ‘27,
925 4742 963 4797 f.
1000 4743 1104 4798 M3
1130 4758 1182 4808 a,
1238 4741 1618 4814 ἐναλάξαντες.

546 4812 601 4885 4)
638 4813 781 4885 Non.
817 4813 909 4878 27,
940 4812 1356 4884 ὲμφιλοχωρῶν.

527 4882 606 4955 (5)
638 4882 788 4955 μου.
825 4882 1210 4955 εἰιηξὲκάστιρ
1239 4899 1320 4936 τε.

524 4947 601 5027 (6)
632 4952 724 5007 Sic
762 4962 909 5010 recte
934 4947 1129 5020 Mam;
1164 4947 1335 5021 Mon.,
1368 4947 1674 5023 ἡγούμεθα.

526 5150 601 5221 (a)
642 5149 717 5206 De
748 5149 860 5204 Elia
882 5166 1006 5206 cum
1038 5164 1204 5206 carne
1235 5150 1289 5204 in
1319 5149 1517 5205 ctelum
1561 5159 1715 5220 rapto
1749 5137 1938 5205 Patres
1968 5149 2024 5204 in

350 5273 357 5280 ,
454 5219 520 5273 ιν
555 5219 685 5290 lleg.
711 5237 768 5281 tt,
813 5223 1057 5289 ll,s;epe
1085 5222 1385 5288 disputant.

523 5292 597 5361 (ὁ)
633 5289 896 5345 Nimirum
954 5300 1078 5360 ante
1124 5290 1482 5361 universalem
1541 5289 2020 5356 resurrectionem,

453 5357 595 5424 quod
650 5361 889 5429 MarcusA
908 5357 1211 5429 cum'aliis
1253 5357 1458 5415 Graecis
1506 5375 1737 5429 negasse
1778 5370 2015 5429 constat.

444 5429 588 5485 .the
637 5445 795 5499 conc.
849 5426 1116 5489 Flurent..
1172 5428 1337 5484 Hard.
1378 5439 1433 5496 ‘t.
1488 5426 1605 5499 IX;
1645 5445 1699 5499 p.
1756 5428 1823 5482 i9
1872 5442 2012 5497 seq.,

453 5502 651 5571 Syrop.
684 5498 821 5554 llist.
860 5513 1018 5571 conc.
1049 5500 1290 5571 Florent.
1324 5517 1378 5571 p.
1412 5500 1534 5555 156.
1569 5498 1705 5553 Hinc
1729 5499 2017 5571 Plusiatle-

389 5610 397 5617 .
456 5568 560 5623 nus
581 5568 660 5638 (⁷1)
684 5580 831 5622 notat
854 5586 878 5638 εΔ
910 5568 1071 5624 «Vide
1089 5568 1362 5624 hominem
1383 5571 1516 5624 alias
1532 5585 1641 5622 non
1674 5570 2021 5623 conﬁtentem

453 5634 676 5699 sanctos
706 5653 830 5694 esse
864 5634 915 5692 in
946 5655 1111 5711 regno
1139 5640 1252 5703 Dei,
1286 5644 1389 5694 hoc
1450 5654 1580 5711 vero
1628 5640 1748 5711 loco
1797 5638 2009 5711 perspi-

454 5724 557 5768 cue
607 5708 1030 5778 asseverantem'
1066 5725 1160 5763 eos
1199 5709 1660 5778 contentiplatione
1698 5710 1785 5760 lict
1818 5708 1884 5759 ad
1929 5708 2011 5758 fa-

455 5778 592 5831 cient
634 5777 739 5830 frui
789 5788 1009 5834 sanctos
1046 5798 1057 5809 ·
1093 5779 1235 5849 quod
1273 5789 1328 5834 et
1357 5777 1603 5833 mirabile
1646 5779 1856 5832 videtur
1884 5790 2015 5846 pru~

519 5895 591 5959 (ι)
617 5895 732 5947 Sive
758 5898 1005 5965 Iosephus
1040 5903 1395 5954 licthoneusis.
1431 5900 1553 5952 Vide
1579 5907 1761 5950 tomum
1785 5900 2110 5961 superiorem.

2131 3324 2641 3389 σταντινουπόλεως,
2676 3323 2996 3393 Ἐπιφάνιος
3028 3325 3057 3377 6
3093 3322 3348 3392 Κύπρου,
3385 3321 3642 3388 Ἰωάννης
3673 3326 3702 3376 6

2128 3418 2517 3486 Χρυσόστομος
2546 3419 2638 3469 καὶ
2663 3416 2845 3485 ἕτεροι
2872 3415 2980 3468 τῶν
3021 3414 3190 3483 ἁγίων
3236 3415 3698 3484 ἀπολογήσονται.

2131 3505 2265 3574 Περὶ
2296 3503 2352 3556 δὲ
2383 3504 2476 3556 τοῦ
2510 3504 2603 3556 τοῦ
2638 3504 2841 3556 πάππα
2877 3503 3146 3571 πρωτείου
3182 3504 3342 3575 ἢρκει
3378 3503 3470 3557 καὶ
3501 3490 3563 3557 ἔκ
3598 3505 3703 3574 τῆς

2128 3596 2582 3668 μαρτυρουμένης
2605 3596 2734 3668 παρ’
2748 3595 2915 3651 αὑτοῦ
2935 3596 3137 3668 ὀγδόης
3147 3595 3366 3651 συνόδου
3385 3597 3466 3661 είς
3480 3596 3700 3670 ἔναιε»,ςῆ

2129 3690 2506 3759 πληροφορίαν
2535 3689 2693 3743 τοῦτο
2714 3693 3009 3760 συστῆσαι.
3047 3690 3208 3743 Ἀλλὰ
3240 3690 3334 3743 καὶ
3363 3689 3643 3760 Θεόδωρος
3673 3692 3701 3744 ὁ

2131 3782 2422 3851 Στουδίτης
2452 3783 2547 3835 καὶ
2576 3785 2644 3835 τὰ
2677 3782 2963 3850 Πρακτικὰ
2989 3781 3098 3834 τῶν
3128 3781 3299 3849 ἁγίων
3333 3782 3564 3836 συνόῖων
3601 3802 3699 3836 σα-

2129 3873 2243 3943 φῶς
2284 3872 2593 3942 παριστῶσι
2635 3874 2766 3943 περὶ
2807 3872 3019 3929 τούτου.
3059 3873 3167 3927 Καὶ
3207 3872 3437 3928 ἕκαστον
3476 3873 3701 3945 ζήτημα

2129 3966 2236 4021 ἀπὸ
2287 3965 2494 4019 τούτων
2548 3964 2687 4020 ἰδίαν
2741 3965 3130 4036 πραγματείαν
3182 3967 3571 4035 πεποιήμεθα,
3625 3967 3703 4029 ὡς

2127 4058 2301 4111 ταῦτα
2343 4058 2704 4127 γινώσκοντες
2755 4044 3011 4126 ἐγκαλεῖν
3060 4057 3223 4111 αὑτὸν
3272 4060 3385 4120 τοῖς
3430 4057 3704 4119 Λατίνοις.

2132 4149 2229 4203 Ἂν
2259 4142 2353 4201 οὖν
2382 4149 2477 4201 καὶ
2505 4147 2670 4218 ἕτερα
2699 4146 2942 4218 γνῶμεν,
2972 4149 3022 4200 εί
3056 4147 3156 4217 μὲν
3186 4145 3385 4216 ἁληθῆ,
3416 4148 3507 4200 καὶ
3539 4147 3706 4215 ἡμεῖς

2131 4238 2248 4308 μετ’
2280 4236 2443 4292 αὐτοῦ
2497 4236 2809 4307 στησόμεθα
2867 4235 3331 4305 συνεγκαλοῦντες
3359 4251 3373 4266 ·
3426 4236 3474 4288 εἰ
3520 4233 3578 4288 δὲ
3629 4236 3703 4297 ὡς

2128 4328 2196 4381 τὰ
2234 4313 2637 4400 προειρημένα,
2681 4331 2806 4400 σιγῇ
2849 4326 3361 4399 παραδραμούμεθα
3401 4323 3700 4389 κανονικῶς

2204 4533 2279 4603 (7)
2357 4534 2413 4606 ιη
2463 4532 2609 4606 Mori.
2641 4542 2695 4588 et
2734 4532 2904 4606 Marc.
2932 4538 3057 4606 nota
3087 4530 3401 4606 Plusiadenj
3461 4534 3700 4606 legitur:

2138 4602 2283 4675 ξορα
2339 4604 2431 4675 τὸ]
2490 4605 2788 4675 ἀλλαχόθεν
2829 4603 2930 4675 μὲν
2968 4603 3086 4675 Ϋμὴη
3120 4602 3543 4675 δμολογοῦνταζ
3575 4610 3705 4675 τοὺς

2137 4669 2325 4745 ἁγίους
2360 4669 2501 4745 εἷναι
2548 4669 2778 4745 είςίτὴν
2819 4669 2923 4745 ⁸’τοῦ
2953 4669 3088 4745 Θεοῦ
3124 4669 3429 4745 βασιλείαν),
3461 4674 3707 4729 ἐνταῦθα

2137 4742 2194 4794 δὲ
2242 4743 2537 4813 προφανῶς
2588 4744 2687 4813 τῆς
2733 4742 2875 4811 πρὸς
2914 4742 3221 4813 πρόσωπον,
3256 4742 3426 4813 αὐτοῦ
3469 4745 3706 4809 θεωρίας

2136 4810 3161 4882 ἁπολὰμὸᾱινοντας’διισχυριζόμενονσ
3192 4810 3226 4882 Ῠὸ
3252 4813 3347 4865 καὶ
3384 4812 3703 4882 θαυμαστὸν

2134 4881 2281 4953 δοκεῖ
2312 4880 2433 4953 τοῖς
2453 4884 2730 4953 ὲχέφροσι.
2764 4881 2888 4946 Πῶς
2921 4880 2984 4935 οὐ
3014 4883 3145 4949 νοεῖ,
3187 4881 3271 4934 ὅτι
3300 4880 3584 4953 προδήλως
3611 4884 3706 4937 αὑ-

2017 5015 2021 5018 _
2134 4952 2225 5014 τὸς
2269 4952 2445 5022 ἐαυτῷ
2478 4952 2792 5019 ἀντιλέγεις

2132 5148 2407 5225 dentibus.
2445 5149 2735 5225 Quomodo
2765 5167 2871 5206 non
2896 5153 3151 5223 intelligit
3179 5169 3237 5209 se
3264 5162 3449 5225 aperte
3469 5155 3572 5209 sibi
3597 5155 3701 5225 ipsi

2130 5221 2510 5274 Contradicere
2537 5221 2559 5272 ?
2596 5238 2614 5271 ι

2199 5297 2270 5355 (r)
2301 5290 2498 5344 Ultima
2526 5290 2692 5345 Marci
2721 5292 2883 5362 verba
2918 5306 3081 5362 supra
3109 5292 3277 5347 citata
3307 5309 3431 5347 eum
3457 5308 3698 5348 errorem

2128 5357 2390 5416 iudicant.
2418 5373 2577 5427 posse
2611 5361 2885 5414 |i0mincm
2924 5357 3114 5417 ίιιἸιειο
3143 5365 3357 5417 mortali
3390 5366 3499 5417 vita
3533 5365 3699 5419 Deum

2127 5428 2264 5481 facie
2288 5434 2352 5498 agi
2389 5432 2580 5480 faciem
2614 5430 2957 5498 conspicere.
3522 5462 3527 5467 ι

2197 5497 2450 5572 (_d)_\'ide
2481 5500 2547 5552 de
2575 5497 2782 5572 azymis
2811 5502 3085 5570 dialogum
3110 5498 3423 5557 Plusiadeni
3453 5519 3549 5572 pro
3566 5518 3701 5558 con-

2130 5569 2257 5644 cilio
2286 5566 2506 5644 [florent
2536 5582 2551 5631 ;
2577 5566 2928 5644 lliiartoueuL
2942 5566 3276 5644 monachum
3307 5571 3384 5626 De
3415 5566 3554 5640 parte
3580 5588 3701 5644 my-

2114 5641 2253 5712 stico
2294 5638 2411 5712 (Gr.
2445 5639 2736 5712 ortti.__t._l,
2773 5656 2826 5705 ν.
2864 5638 3138 5712 657_seq.,
3311 5638 3478 5712 scq.),
3519 5654 3571 5696 et
3627 5638 3700 5696 Le

2112 5707 2313 5782 Q-iieu,
2341 5708 2563 5782 dissert.
2599 5708 2632 5760 6
2672 5707 3089 5776 Dutttascenica,
3116 5720 3171 5766 et
3200 5713 3255 5768 in
3291 5707 3548 5782 l‘anuptia
3571 5715 3697 5766 adv.

2113 5778 2363 5858 schisma
2392 5777 2734 5832 Graecorum.
