3998 6438
377 513 478 574 ‘IH

1297 459 1687 571 v-GIiE-GORH
1733 509 2030 570 ΜΑΜΜιἘ
2063 509 2172 570 CP.
2211 507 2721 570 PATRIARCIIAE

3527 510 3611 577 119

420 627 3608 666 W

485 819 1760 990 ΓΡΗΓΟΡΙΟΥ
1833 817 3500 996 ΙΕΡΟΜΟΝΑΧΟΥ

1035 1083 1171 1137 ΤΟΥ
1193 1083 1524 1140 ΜΕΓΔΛΟΥ
1555 1082 2207 1138 ΠΡΩΤΟΣΥΓΚΕΛΔΟΥ
2254 1083 2378 1137 ΚΑΙ
2418 1083 2937 1139 ΠΝΕΥΜΑΤΙΚΟΥ

615 1242 749 1297 ΤΟΥ
773 1243 1102 1298 ΥΣΤΕΡΟΝ
1149 1241 1760 1298 ΧΡΗΜΔΤΙΣΑΝΤΟΣ
1796 1242 1956 1296 ΠΑΊῘ

2063 1242 2294 1310 ιΡΧοΥ,
2325 1243 2440 1298 ΚΑΙ
2459 1241 2559 1296 ΕΝ
2597 1241 2802 1311 ΡΩΜῌ
2855 1241 3218 1298 ΤΔΦΕΝΤΟΣ
3254 1243 3382 1302 ΚΑΙ

627 1342 631 1347 ’
1599 1360 1690 1412 ΘΑ
1704 1359 1849 1412 rm
1861 1355 1950 1410 το
1962 1358 2392 1412 ΥΡΓΟΥΝΤΟΣ

688 1523 1261 1613 ΑΠΟΛΟΓΙΑ
1332 1523 1502 1610 ΕΙΣ
1555 1525 1786 1608 ΤΗΝ
1871 1522 2099 1607 ΤΟΥ
2154 1520 2595 1608 ΕΦΕΣΟΥ
2644 1519 3300 1609 ΕΠΙΣΤΟΛΗΝ

1506 1706 1616 1760 ΕΚ
1699 1701 2131 1757 ΔΙΔΦΟΡΩΝ
2198 1705 2486 1760 APION.

744 2044 1669 2204 GBEGORII
1745 2040 3220 2200 HIEROMONACHI

1133 2335 1346 2395 MAGNI
1387 2332 1954 2394 PBOTOSYNCELLI
2007 2336 2093 2392 ET
2152 2337 2197 2393 Δ
2235 2332 2825 2393 CONFESSIONIBUS

371 2500 494 2562 00f
526 2497 953 2550 POSTMODUM
981 2496 1282 2547 CREATUS
1321 2497 1442 2546 EST
1488 2496 1938 2554 PATRIARCHA,

2091 2493 2294 2543 ΗΟΙΕ
2341 2492 2704 2544 SEPULTUS
2739 2491 3172 2544 σοιιυςσΑνιτ
3221 2491 3628 2553 ιιιιυοσιιε.

634 2661 1298 2759 RES-PONSIO
1388 2661 1534 2752 AD
1643 2657 2318 2750 EPISTOLAM
2409 2657 2770 2748 MABCI
2882 2655 3362 2746 EPHESII

1359 2870 1444 2916 ex
1477 2867 1682 2915 unus
1712 2864 2087 2913 mucronum
2118 2863 2484 2915 sanemus
2520 2846 2628 2928 (1).

1941 3040 2010 3053 .—

986 3165 1343 3225 EPIIESIUS.

445 3265 708 3321 Omnibus
758 3261 954 3330 ubique
992 3270 1263 3314 terrarum
1298 3259 1623 3328 degentibus
1667 3257 1942 3315 Christlao

379 3359 468 3413 nis
514 3365 569 3409 et
603 3353 815 3409 insulas
866 3349 1270 3414 habitantibus,
1326 3348 1542 3403 Marcus
1573 3347 1940 3404 Ephesiorum

372 3445 724 3518 metropolita
757 3443 986 3498 salutem
1023 3441 1080 3496 in
1113 3441 1358 3496 domino.

948 3530 1369 3587 GREGOBIUS.

444 3630 770 3691 Exordinm,
835 3641 946 3696 quo
1018 3624 1350 3680 venerabilis
1411 3623 1680 3693 Ephesius
1746 3622 1942 3686 utitur,

377 3740 570 3779 omnes
595 3721 799 3790 ubique
830 3727 1102 3772 terrarum
1136 3715 1390 3770 homines
1436 3725 1490 3770 et
1523 3715 1828 3770 insularum
1863 3715 1946 3768 in-
1986 3730 1995 3739 ·

375 3817 530 3873 colas
579 3813 783 3868 excitat
835 3808 904 3862 ad
959 3808 1078 3878 ejus
1131 3821 1412 3862 sermones
1444 3807 1791 3860 audiendos:
1835 3803 1946 3858 Nos

379 3916 569 3962 contra
606 3904 721 3958 haec
752 3901 992 3956 dicimus
1025 3899 1244 3953 cunctis
1289 3909 1556 3951 terrarum
1591 3894 1742 3951 orbis
1794 3894 1948 3948 hahi-

379 3997 675 4058 latoribus,
731 4007 861 4047 suas
911 3998 970 4043 ut
1019 4003 1182 4042 aures
1235 3987 1389 4056 prius
1439 3986 1568 4040 dent
1606 3985 1726 4055 ejus
1758 3983 1944 4046 dictis,

375 4097 564 4142 nostra
593 4082 792 4139 deinde
825 4081 1051 4135 audiant
1075 4119 1088 4134 .
1125 4079 1374 4146 Namque
1410 4077 1512 4131 hac
1537 4077 1603 4131 de
1630 4089 1799 4130 causa
1827 4089 1948 4128 ver.

378 4181 446 4233 ba
477 4178 599 4247 ejus
641 4174 1032 4245 praeponimus,
1057 4178 1112 4224 et
1142 4177 1364 4223 nostras
1395 4167 1785 4237 responsiones
1814 4164 1945 4218 sub-

379 4267 624 4336 jicimns,
664 4272 724 4316 ut
760 4263 962 4316 veritas
1023 4260 1280 4314 omnibus
1334 4256 1576 4327 pateﬁat.
1617 4253 1772 4310 Sicut
1802 4254 1946 4308 enim

380 4359 485 4422 sol,
517 4356 608 4424 qui
665 4368 829 4407 sensu
870 4349 1177 4419 percipitur
1208 4389 1222 4412 ,
1259 4347 1535 4410 exoriens,
1575 4343 1949 4412 mundumque

2689 3165 2992 3222 ΕΦΕΣΙΟΣ.

2117 3258 2242 3323 Τοῖς
2265 3257 2579 3328 ἁπανταχοῦ
2610 3258 2710 3326 τῆς
2740 3250 2983 3328 γῆς’καὶ
3011 3258 3122 3312 τῶν
3159 3258 3340 3330 νήσων
3372 3258 3627 3332 εὕρισκο-

2047 3351 2232 3420 μένοις
2264 3350 2620 3418 Χριστιανοῖς
2639 3349 2871 3418 Μάρκος
2898 3349 3199 3414 ἐπίσκοπος
3227 3353 3327 3422 τῆς
3353 3350 3627 3422 Ἐφεσίων

2047 3441 2436 3512 μητροπόλεως
2465 3440 2523 3493 ὲν
2553 3438 2748 3509 Κυρίῳ
2781 3439 3022 3509 χαίρειν.

2620 3530 3020 3584 ΓΡΗΓΟΡΙΟΣ.

2116 3617 2190 3674 Τὸ
2220 3619 2318 3690 μὲν
2377 3620 2666 3689 προοίμιον
2717 3617 2812 3671 τοῦ
2869 3619 3152 3686 αίδεσίμου
3211 3620 3440 3690 Ἐφέσου
3495 3623 3631 3686 τοὺς

2045 3710 2365 3781 ἁπανταχοῦ
2401 3712 2506 3780 γῆς
2530 3711 2625 3764 καὶ
2653 3709 2763 3764 τῶν
2790 3711 2972 3779 νήσων
3003 3709 3142 3780 πρὸς
3201 3712 3471 3782 ἀκρόασιν
3511 3713 3628 3766 τῶν

2047 3801 2213 3854 αὑτοῦ
2247 3801 2506 3872 διεγείρει
2534 3819 2550 3833 ο
2587 3804 2752 3872 ἡμεῖς
2785 3801 2843 3855 δὲ
2867 3802 3032 3854 πάλιν
3065 3803 3205 3872 πρὸς
3261 3805 3388 3866 τοὺς
3443 3821 3631 3858 κατοι-

2047 3892 2281 3956 κοῦντας
2312 3892 2498 3946 πάντα
2525 3894 2624 3962 τῆς
2678 3892 2783 3963 γῆς
2829 3893 2899 3946 τὰ
2938 3893 3153 3960 πέρατά
3187 3909 3388 3963 φαμεν,
3424 3895 3630 3963 ἀκροᾶ-

2050 3984 2174 4036 σθαι
2203 3983 2310 4038 τῶν
2339 3979 2507 4038 αὐτοῦ
2568 3984 2766 4052 λογίων
2797 3985 3086 4053 πρότερον,
3108 3977 3228 4038 εἶτα
3285 3985 3396 4038 τῶν
3424 3985 3631 4054 ἡμετέο

2050 4093 2181 4148 ρων.
2222 4075 2320 4129 Διὰ
2358 4075 2518 4129 τοῦτο
2542 4076 2652 4146 γὰρ
2675 4075 2770 4129 καὶ
2795 4075 3123 4146 προτίθεμεν
3152 4075 3224 4128 τὰ
3278 4077 3348 4129 αὖ
3362 4076 3459 4129 τοῦ
3490 4079 3632 4147 πρό-

2051 4183 2233 4238 τερον,
2258 4162 2378 4220 εἶτα
2401 4167 2500 4229 τὰς
2540 4166 2816 4236 ἡμετέρας
2874 4166 3159 4237 ἑπάγομεν
3190 4167 3510 4235 ἀπολογίας,
3540 4168 3632 4222 ἶνα

2053 4260 2087 4329 ἡ
2119 4258 2351 4328 ἀλήθεια
2377 4260 2592 4328 φανερά
2613 4259 2722 4320 τοῖς
2746 4258 2880 4312 πᾶσι
2908 4257 3155 4328 γένηται.
3183 4258 3396 4328 Ὠσπερ
3452 4259 3564 4330 γὰρ
3603 4263 3633 4314 ό

2057 4349 2317 4419 at!anth
2350 4350 2501 4420 ἥλιος
2532 4348 2846 4402 ἀνατέλλων
2872 4347 2970 4402 καὶ
3005 4348 3099 4402 τὸν
3129 4350 3336 4414 κόσμον
3379 4351 3634 4418 φωτίζων

383 4462 482 4501 sua
519 4445 641 4498 luce.
672 4442 986 4507 complens,
1020 4447 1074 4492 et
1099 4437 1340 4505 seipsum
1374 4435 1528 4504 ponit
1555 4434 1624 4488 ob
1652 4432 1869 4495 oculos,
1894 4439 1950 4484 et

2063 4439 2298 4492 δείκνυσί
2320 4456 2376 4490 τε
2403 4439 2613 4502 ἑαυτὸν,
2639 4437 2736 4491 καὶ
2758 4440 2827 4490 τὰ
2859 4437 2950 4490 ὑπ’
2971 4439 3136 4492 αὐτὸν
3156 4438 3427 4506 γενόμενα
3447 4439 3630 4509 πράγ-

389 4533 652 4587 inferiora
725 4504 854 4581 facit
922 4534 983 4579 ut
1036 4504 1282 4593 conspici
1361 4521 1630 4592 possint:
1693 4519 1956 4589 quoniam

2069 4549 2214 4603 ματα
2243 4532 2460 4602 φανερὰ
2507 4531 2844 4600 καθίστησιο
2877 4529 2974 4584 καὶ
3019 4531 3130 4600 γὰρ
3170 4504 3338 4600 ⁷ἡλίου
3375 4504 3634 4600 φανέντος

387 4632 581 4679 exorto
627 4619 743 4672 sole
769 4631 878 4670 non
927 4629 1068 4685 opus
1105 4621 1189 4668 est
1214 4613 1309 4683 qui
1339 4613 1498 4668 nobis
1527 4613 1702 4666 lucem
1736 4610 1958 4674 indicet,

391 4718 511 4782 ipso
568 4711 718 4763 radio
747 4708 880 4764 solis
911 4705 1260 4778 praesentiam
1290 4703 1656 4770 ostendente;
1707 4716 1809 4756 nec
1855 4712 1958 4766 est,

391 4807 483 4876 qui
539 4804 683 4858 dicat
712 4801 871 4855 alteri
901 4817 914 4854 :
951 4798 1171 4854 Intuere
1202 4797 1370 4852 solem
1400 4814 1414 4851 :
1449 4795 1524 4850 ita
1549 4809 1711 4849 verus
1740 4807 1960 4863 quoque

391 4898 702 4950 divinorum
734 4893 1049 4961 dogmatum
1096 4903 1274 4944 sermo
1299 4895 1354 4943 et
1382 4894 1696 4943 sanctorum
1737 4885 1956 4941 Patrum

393 4989 699 5056 linguarum
749 4983 885 5037 solis
941 4981 1119 5036 instar
1143 4979 1428 5050 effulgens,
1464 4978 1751 5032 veritatem
1785 4978 1963 5047 aperit

395 5079 712 5132 hominibus
739 5116 753 5140 ,
785 5075 877 5145 qui
907 5081 1092 5129 mente
1124 5086 1231 5127 non
1266 5073 1562 5126 caecutiant
1592 5087 1606 5136 ;
1643 5080 1965 5140 certamque

396 5168 556 5222 fidem
607 5167 734 5221 facit
797 5166 864 5221 de
913 5163 1225 5219 divinorum
1276 5162 1593 5217 sinceritate
1620 5163 1959 5231 dogmatum,

394 5260 573 5329 ili-que
625 5255 952 5326 integrilate
1012 5263 1067 5308 et
1116 5252 1356 5323 puritate
1418 5251 1592 5318 fidei;
1650 5262 1702 5306 et
1762 5251 1959 5304 invitat

394 5364 608 5410 omnes,
633 5358 690 5400 ut
717 5346 781 5400 ad
810 5345 1057 5398 veritatis
1089 5351 1269 5397 castra
1300 5341 1692 5410 transfugiant.
1714 5339 1781 5395 Ut
1811 5341 1958 5394 enim

397 5441 818 5502 tenebras,cum
857 5437 987 5490 nihil
1019 5437 1150 5500 sint,
1189 5437 1409 5491 luminis
1444 5435 1727 5504 praesentia
1765 5433 1960 5504 fugat:

396 5544 523 5582 nam
565 5527 710 5595 quod
753 5527 887 5581 nihil
923 5535 1042 5590 est,
1077 5527 1154 5580 rei
1183 5541 1305 5595 quae
1334 5538 1529 5580 natura
1569 5541 1667 5580 sua
1705 5533 1962 5588 constat,

398 5633 502 5670 non
547 5623 683 5671 valet
723 5618 1032 5680 obsistere;
1072 5617 1145 5669 ita
1179 5615 1346 5670 divini
1391 5614 1632 5683 Spiritus
1665 5614 1961 5667 illustratio

396 5724 492 5778 per
525 5723 678 5762 sacra
724 5708 1055 5762 deiferorum
1095 5705 1315 5761 Patrum
1351 5707 1568 5777 eloquia
1601 5715 1654 5759 et
1681 5707 1963 5761 veritatem

2063 4625 2124 4679 οὐ
2149 4623 2382 4694 δεόμεθα
2411 4625 2522 4676 τῶν
2550 4623 2922 4678 διδασκόντων
2978 4622 3073 4675 καὶ
3109 4622 3471 4675 δεικνυόντων
3500 4624 3636 4692 ἡμῖν

2063 4717 2126 4769 τδ
2157 4714 2294 4784 φῶς,
2329 4713 2501 4782 αὐτῆς
2523 4716 2624 4784 τῆς
2655 4714 2874 4776 ἀκτῖνος
2907 4712 3072 4782 δήλην
3113 4713 3371 4782 ποιούσης
3398 4712 3498 4783 τὴν
3541 4713 3635 4768 τοῦ

2065 4805 2217 4875 ἡλίου
2254 4805 2566 4874 φανέρωσιν
2588 4817 2601 4832 ⁶
2635 4802 2745 4856 οὐδ’
2777 4803 2927 4855 ἐστιν
2950 4803 2996 4864 ~6
3033 4801 3212 4871 λέγων
3273 4801 3352 4870 τῷ
3386 4803 3637 4872 πλησίον,

2063 4895 2238 4948 Βλέπε
2267 4894 2358 4947 τὸν
2393 4894 2544 4964 ἥλιον
2567 4907 2586 4927 ο
2627 4891 2771 4944 οὕτω
2823 4891 2920 4944 καὶ
2945 4893 2974 4944 ό
3017 4891 3127 4945 τῶν
3158 4891 3318 4944 θείων
3349 4890 3641 4959 δογμάτων

2061 4985 2266 5057 ἀληθὴς
2305 4984 2462 5052 λόγος
2487 4984 2575 5036 διὰ
2625 4983 2723 5052 τῆς
2748 4981 2858 5035 τῶν
2907 4981 3071 5052 ίερῶν
3100 4981 3362 5050 Πατέρων
3391 4980 3641 5048 γλώττης

2060 5077 2487 5148 ὲμφαινόμενος,
2520 5075 2676 5144 ἡλίου
2729 5075 2887 5142 δίκην
2924 5073 3182 5143 λάμπων,
3229 5073 3330 5142 τὴν
3374 5073 3640 5141 ἀλήθειαν

2061 5183 2122 5218 τε
2157 5165 2419 5234 ἐμφαίνει
2453 5166 2564 5226 τοῖς
2603 5164 2678 5234 μὴ
2707 5164 2806 5233 τὴν
2839 5163 3087 5216 διάνοιαν
3123 5162 3522 5229 τυφλώττουσι,
3550 5166 3644 5212 καὶ

2064 5255 2455 5326 πληροφορίαν
2484 5255 2717 5325 παρέχει
2742 5253 2842 5321 τῆς
2875 5270 2933 5305 τε
2966 5253 3320 5321 είλικρινείας
3346 5252 3452 5304 τῶν
3479 5252 3642 5304 θεὲων

2062 5350 2374 5414 δογμάτων,
2405 5345 2606 5398 καὶτοῦ
2638 5345 2880 5414 καθαροῦ
2915 5347 3008 5398 καὶ
3041 5345 3229 5398 ἀδόλου
3252 5344 3352 5411 τῇς
3375 5344 3642 5407 πίστεως,

2069 5442 2164 5489 καὶ
2223 5438 2432 5496 πάντας
2470 5437 2792 5505 αὐτομολεῖν
2830 5439 2974 5490 ποιεῖ
3019 5437 3156 5506 πρὸς
3201 5437 3301 5504 τὴν
3359 5436 3642 5504 ἀλήθειαν.

2067 5528 2175 5580 Καὶ
2214 5527 2318 5596 γὰρ
2344 5525 2534 5596 ὥσπερ
2565 5528 2596 5594 ἡ
2623 5527 2904 5595 παρουσία
2933 5525 3028 5579 τοῦ
3061 5525 3242 5594 φωτὸς
3283 5525 3344 5578 τὸ
3393 5527 3648 5581 ἁνούσιον

2071 5619 2259 5679 σκότος
2300 5615 2632 5669 ἀπελαύνειο
2663 5617 2784 5669 οὐδὲ
2845 5617 2955 5686 γὰρ
3013 5616 3238 5670 δύναται
3273 5617 3335 5670 τὸ
3392 5618 3650 5676 ἀνούσιον

2073 5709 2209 5778 πρὸς
2241 5711 2300 5760 τὸ
2338 5708 2578 5761 ὲνούσιον
2607 5707 2942 5762 ἀντιϐαίνειν
2969 5725 2980 5738 ·
3006 5707 3152 5762 οὕτω
3183 5710 3281 5762 καὶ
3317 5711 3351 5780 ἡ
3385 5711 3479 5764 τοῦ
3501 5712 3650 5765 θείου

457 5884 531 5950 (l)
557 5885 833 5950 Ιηιονρυοιο
857 5885 996 5932 .loan.
1019 5885 1246 5950 “all‘il‘gq
1279 5883 1619 5948 Caryophyllo.
1652 5881 1832 5942 Labbe,
1852 5882 2037 5936 Concil.
2071 5889 2187 5934 tom.
2212 5881 2336 5935 Xlll.
2356 5880 2503 5934 Marci
2537 5881 2750 5946 epistola
2776 5883 2910 5936 edita
2933 5887 3011 5935 est
3031 5883 3079 5933 in
3101 5884 3374 5950 τάμῳίτάης
3403 5883 3651 5945 Dositliei,

409 5941 576 5999 [Lssiae
604 5951 649 5997 iu
689 5941 944 6007 Lioldavia,
975 5959 1103 5995 anno
1135 5945 1267 5994 IUJB.
