3998 6438
358 299 448 365 113

1562 305 1899 367 CONTRA
1932 306 2361 370 EPHESIUM.

3490 307 3589 373 114

352 415 659 487 Πνεύματος
689 417 953 491 ἔλλαμψις
984 420 1070 476 διὰ
1100 420 1195 492 τῆς
1213 421 1321 476 τῶν
1350 421 1626 493 θεοφόρων
1649 424 1909 491 Πατέρων

2015 424 2186 493 ipsam
2234 426 2525 491 declarat;
2589 432 2642 481 et
2701 440 2765 480 ea
2830 437 3181 494 usurpames,
3237 431 3593 494 mentemque

351 509 625 576 θεολογίας
654 513 753 579 τήν
780 529 837 564 τε
884 513 1146 584 ἀλήθειαν
1207 514 1486 584 ἐμφαίνει,
1523 515 1647 577 τούς
1700 533 1760 568 τε
1818 516 1909 567 λέ-

347 616 542 670 γοντας
571 603 667 655 καὶ
703 602 998 673 ἐχομένους
1040 606 1139 674 τῆς
1172 606 1380 660 τούτων
1438 606 1679 670 διανοίας
1712 607 1744 673 ἢ
1782 624 1911 674 συγ-

351 691 661 762 γράφοντας
690 693 939 762 φωτίζει,
966 697 1060 749 καὶ
1106 698 1221 760 τοῖς
1264 697 1526 751 ἀκούουσι
1555 699 1647 749 τὸν
1706 698 1913 752 ἄνωθεν

354 782 623 851 σωτήριον
651 786 936 855 φωτισμὸν
996 788 1379 858 ἐπιόραὸεύει.
1411 790 1637 844 Ἕνεκεν
1684 789 1775 843 οὖν
1814 790 1913 859 τῆς

351 874 533 944 κοινῆς
560 874 765 947 ταύτης
812 878 1101 946 ὠφελείας,
1142 882 1234 935 καὶ
1266 882 1365 952 τῆς
1396 883 1651 954 ἀληθείας
1683 885 1915 952 ἀνευρέ-

354 983 493 1030 σεως
526 968 670 1038 (ἥτις
693 969 905 1038 ὀφείλει
936 971 1298 1043 ζητεῖσθαιού
1327 974 1486 1046 μόνον
1509 977 1602 1029 ἐπὶ
1639 977 1736 1030 τῶν
1754 976 1915 1030 θείων

347 1058 652 1128 δογμάτων,
679 1062 816 1116 ἀλλὰ
837 1066 928 1117 καὶ
965 1065 1057 1119 ἐπὶ
1086 1069 1285 1129 παντὸς
1344 1067 1504 1121 ἄλλου
1563 1071 1911 1138 πράγματος,

348 1152 527 1217 καθώς
591 1173 757 1226 φησιν
810 1160 838 1211 6
892 1159 1135 1228 Κύριος·
1166 1162 1408 1228 Ζητεῖτε
1462 1160 1561 1215 καὶ
1600 1162 1914 1235 εὑρήσετε)

347 1247 556 1316 ταύτην
590 1250 681 1302 καὶ
709 1252 873 1320 ἡμεῖς
903 1252 1302 1323 ἐκζητήσωμεν
1356 1256 1419 1306 ἐκ
1468 1254 1569 1324 τῆς
1616 1255 1725 1308 τῶν
1768 1255 1916 1310 διδα-

348 1341 565 1393 σκάλων
596 1342 898 1412 θεολογίας,
936 1348 1030 1401 καὶ
1085 1347 1184 1418 τὴν
1241 1348 1636 1418 αὐτοαλήθειαν
1678 1350 1916 1420 Χριστὸν

344 1431 438 1484 τὸν
466 1432 602 1486 Θεὸν
650 1434 811 1504 ήμῶν
846 1436 1237 1509 ίκετεύσωμεν,
1288 1440 1438 1501 ὅπως
1488 1436 1584 1492 τὸν
1634 1439 1916 1509 φωτισμὸν

345 1525 442 1579 καὶ
472 1527 572 1593 τὴν
607 1526 813 1581 ἄνωθεν
844 1529 1006 1599 χάριν
1056 1530 1431 1601 καταπέμψας
1484 1532 1813 1604 καταυγάσῃ
1860 1532 1918 1585 τὸ

342 1617 445 1687 τῆς
465 1618 707 1683 διανοίας
766 1620 925 1693 ἡμῶν
961 1622 1136 1692 ὄμμα,
1198 1626 1280 1687 είς
1311 1625 1371 1678 τὸ
1414 1624 1490 1695 μὴ
1543 1625 1776 1679 κατόπιν
1817 1624 1916 1693 τῆς

342 1713 609 1814 danti-sia:
634 1714 808 1768 ἐλθεῖν
828 1730 841 1744 ·
892 1714 1055 1778 αὐτὸς
1110 1715 1220 1786 γάρ
1253 1716 1404 1770 ἐστιν
1430 1717 1458 1769 6
1491 1716 1662 1770 εἰπών
1682 1733 1696 1749 ο
1730 1719 1914 1785 Χωρίς
1947 1754 1988 1814 Β

342 1801 495 1874 ἐμοῦ
530 1807 603 1860 οὐ
633 1806 899 1863 δύνασθε
922 1808 1119 1863 ποιεῖν
1152 1808 1337 1864 οὐδέν
1360 1824 1376 1840 ο
1410 1809 1504 1863 καί
1538 1826 1555 1843 ο
1613 1808 1734 1876 Πᾶς
1765 1809 1796 1863 ὁ
1823 1812 1910 1864 αὶ-

342 1896 466 1951 τῶν
494 1899 805 1971 λαμϐάνει.
840 1900 1217 1972 Δύτοαλήθεια
1246 1901 1354 1970 γὰρ
1393 1901 1468 1955 ὢν
1509 1903 1770 1973 ἀληθείας
1816 1904 1910 1957 ἐκ·-

342 1990 521 2058 ζητεῖ,
575 1990 758 2055 καθὼς
800 1993 894 2046 καὶ
958 1994 1099 2056 θεῖος
1146 1992 1310 2047 Δαυῖδ
1360 1993 1556 2063 φησιν·
1592 1995 1910 2062 Ἀληθείας

339 2082 578 2149 ἐκζητεῖ
628 2084 881 2153 Κύριοςυ
942 2084 1073 2139 καίο
1149 2086 1471 2154 Ἀλήθειαν
1495 2087 1824 2157 μελετήσει
1876 2087 1907 2140 6

339 2176 577 2246 λάρυγξ
610 2194 753 2246 μου.
798 2178 948 2231 Ἐπεὶ
975 2172 1067 2232 οὖν
1103 2177 1200 2231 καὶ
1237 2180 1266 2233 6
1299 2178 1580 2249 αἰδέσιμος
1612 2172 1769 2243 οὗτος
1797 2183 1911 2245 τοῖς

340 2271 660 2342 ἁπανταχοῦ
694 2271 801 2342 γῆς
826 2272 1129 2345 ἐπιστέλλει
1158 2274 1255 2328 καὶ
1282 2274 1391 2327 τῶν
1441 2274 1627 2346 νήσων
1652 2274 1910 2343 εὑρισκο-

343 2364 531 2432 μένοις
549 2365 929 2436 Χριστιανοῖς,
958 2365 1037 2432 ὡς
1064 2365 1130 2420 ἂν
1162 2367 1227 2421 ἐκ
1269 2366 1377 2420 τῶν
1407 2366 1507 2437 ἢδη
1544 2366 1679 2437 πρὸς
1713 2350 1910 2430 αὐτους

338 2456 769 2527 ἐπεσταλμένων
820 2458 922 2528 τὴν
956 2458 1057 2529 τῆς
1113 2458 1349 2521 πίστεως
1378 2458 1641 2529 ἀλήθειαν
1679 2458 1908 2523 λάϐωσι,

338 2551 593 2614 καὶτοὺς
630 2551 740 2605 τῶν
777 2550 1023 2606 Λατίνων
1051 2551 1249 2607 ἕνωσιν
1282 2552 1592 2625 τηροῦντας
1631 2556 1912 2626 ἀποστρα-

339 2643 509 2712 φῶσι,
547 2643 679 2716 φέρε
714 2645 811 2699 καὶ⁷
838 2644 1000 2715 ἡμεῖς
1058 2645 1235 2700 ταῦτα
1278 2646 1344 2714 δὴ
1408 2646 1478 2699 τὰ
1531 2648 1911 2719 ἐπεσταλμένα

336 2738 689 2808 ἐξετάσωμεν
713 2755 730 2770 ο
765 2739 859 2795 καὶ
898 2740 947 2792 εί
1001 2740 1099 2811 μὲν
1130 2739 1158 2792 6
1218 2740 1404 2808 τίμιος
1442 2733 1599 2805 οὗτος
1628 2741 1727 2811 τῆς
1779 2742 1911 2811 άλη-

338 2828 493 2891 θείας
518 2828 725 2898 ἐχεται.
754 2831 850 2883 καὶ
870 2832 1036 2900 ἡμεῖς
1092 2830 1210 2899 μετ’
1232 2829 1400 2884 αύτοῦ
1438 2831 1749 2902 στησόμεθα
1774 2830 1910 2885 ταύο

337 2937 445 2990 την
472 2920 966 2992 ἀνακηρύττοντες,
1020 2921 1116 2975 καὶ
1171 2920 1336 2974 αύτδν
1389 2921 1804 2991 μεγαλύνοντες,
1836 2921 1914 2988 ῶς

335 3014 440 3080 τῆς
467 3012 725 3081 ἀληθείας
752 3011 1010 3083 ἐχόμενον
1036 3027 1053 3044 ⁶
1102 3014 1152 3066 εἰ
1180 3013 1240 3066 δέ
1272 3013 1465 3084 πόρρω
1512 3031 1616 3068 που
1646 3015 1746 3085 τῆς
1778 3014 1913 3085 ἀλη-

2016 516 2309 572 doctorum
2372 529 2668 588 sequentes
2711 520 3129 587 scribentesque
3196 517 3489 582 illuminat,
3535 527 3585 572 et

2015 609 2365 665 audientibus
2396 610 2693 665 salutarem
2726 611 2961 679 desuper
2993 610 3459 664 illuminationem
3488 610 3571 663 lar

2016 702 2184 771 gitur.
2248 702 2434 771 Itaque
2468 704 2533 757 ad
2571 718 2916 759 communem
2968 704 3111 757 hanc
3165 702 3412 756 omnium
3450 700 3570 754 utili

2017 800 2208 857 tatem,
2237 801 2290 846 et
2323 794 2575 850 veritatis
2605 794 3051 850 adinventionem
3089 795 3233 864 (qum
3265 808 3373 848 non
3412 793 3592 848 solum

2018 883 2072 935 in
2112 883 2315 939 divinis
2351 884 2723 956 dogmatibus,
2752 886 2847 941 sed
2879 886 3045 940 etiam
3080 885 3274 955 quavis
3300 885 3407 938 alia
3445 884 3497 937 in
3534 899 3587 936 re

2017 977 2186 1040 qumri
2232 975 2394 1031 debet
2437 976 2592 1047 juxta
2642 977 2851 1031 dictum
2894 975 3109 1031 Domini
3177 994 3192 1031 :
3257 976 3491 1041 Quwrite
3544 986 3588 1028 et

2018 1067 2298 1121 invenietis
2342 1066 2383 1137 ί)
2417 1067 2561 1122 illam
2593 1076 2648 1122 et
2672 1083 2772 1123 nos
2800 1068 3186 1138 perquiramus
3210 1082 3273 1121 ex
3306 1066 3591 1120 doctorum

2019 1160 2345 1226 sententiis;
2402 1158 2647 1230 fusisque
2679 1162 2745 1214 ad
2774 1160 3053 1214 Christum
3107 1158 3279 1212 Deum
3314 1167 3591 1218 nostrum,

1998 1254 2113 1324 qui
2145 1254 2261 1324 ipsa
2298 1254 2500 1309 veritas
2530 1262 2613 1308 est
2638 1294 2653 1317 ,
2689 1254 2945 1323 precibus
2998 1259 3275 1322 petamus.
3327 1257 3388 1304 ut
3427 1249 3592 1303 missa

2022 1362 2122 1401 nos
2179 1347 2301 1400 luce
2330 1360 2444 1400 suae
2473 1345 2661 1414 gratiae
2688 1384 2701 1407 ,
2735 1345 2938 1399 ruentis
2974 1350 3179 1396 nostra:
3216 1341 3437 1396 oculum
3472 1340 3591 1393 illii-

2021 1448 2181 1501 stret,
2235 1452 2306 1491 ne
2361 1437 2591 1505 quaesita
2652 1438 2859 1492 veritas
2887 1452 2990 1492 nos
3015 1433 3261 1504 effugiat.
3293 1432 3411 1500 ipse
3445 1433 3593 1486 enim

2019 1541 2106 1585 est.
2144 1529 2238 1599 qui
2280 1530 2422 1584 dixit
2452 1548 2467 1585 :
2512 1529 2640 1586 Sine
2669 1546 2747 1582 me
2784 1528 2921 1582 nihil
2950 1528 3168 1595 potestis
3200 1526 3376 1595 facere
3405 1525 3424 1555 '
3458 1542 3471 1590 ;
3501 1535 3550 1577 et
3579 1542 3590 1576 :

2020 1622 2208 1677 Omnis
2236 1624 2330 1693 qui
2358 1623 2488 1691 petit
2514 1664 2524 1686 ,
2560 1623 2749 1689 accipit
2790 1623 2833 1675 ³.
2865 1620 3000 1677 Cum
3030 1620 3101 1675 sit
3130 1620 3277 1673 enim
3310 1618 3427 1688 ipsa
3454 1633 3534 1671 vel
3554 1616 3594 1668 i-

2023 1723 2126 1777 tas,
2164 1728 2293 1768 vera
2328 1713 2600 1783 requirit,
2638 1721 2691 1767 ut
2753 1720 2987 1767 testatur
3017 1720 3073 1765 et
3111 1718 3336 1765 sanctus
3375 1707 3540 1760 David
3577 1726 3591 1761 :

2030 1803 2319 1859 Veritatem
2348 1805 2571 1876 requirit
2606 1804 2865 1858 Dominus
2900 1802 2955 1867 ‘;
3008 1809 3062 1857 et
3092 1820 3104 1855 :
3160 1800 3450 1855 Veritatem
3478 1817 3590 1852 mc-

2017 1896 2279 1950 ditubitur
2320 1906 2505 1968 guttur
2532 1913 2704 1951 meum
2729 1898 2773 1954 ⁵.
2794 1894 3066 1963 Quoniam
3098 1907 3231 1961 ergo
3264 1891 3594 1947 venerabilis

2018 1987 2103 2041 hic
2135 1987 2218 2040 vir
2252 1986 2448 2042 scribit
2490 1987 2556 2042 ad
2611 2001 2806 2041 omnes
2848 1984 3048 2055 ubique
3079 1993 3351 2041 terrarum
3386 1984 3593 2037 insula-

2019 2095 2251 2148 rumque
2306 2080 2518 2135 incolas
2583 2078 2963 2141 Christianos,
2997 2085 3087 2141 ut,
3129 2074 3589 2145 quemadmodum

2019 2174 2298 2245 prieribus
2344 2173 2458 2229 suis
2487 2172 2601 2242 jam
2634 2171 3046 2242 significaverat
3078 2168 3298 2234 litteris,
3342 2168 3465 2221 fidei
3496 2182 3592 2220 ve-

2019 2269 2239 2322 ritatem
2276 2265 2596 2336 accipiant,
2646 2273 2697 2319 et
2734 2272 3060 2318 aversentur
3092 2277 3210 2327 eos,
3253 2261 3345 2329 qui
3377 2270 3589 2328 pactam

2019 2378 2143 2418 cum
2182 2360 2392 2415 Latinis
2435 2360 2693 2414 unionem
2748 2366 2973 2413 tuentur
3020 2376 3035 2424 ;
3091 2372 3190 2427 age
3234 2370 3333 2409 nos
3377 2369 3595 2423 quoque

2017 2454 2401 2511 examinemus
2459 2452 2573 2507 haec
2622 2451 2741 2522 ipsa
2781 2466 2902 2522 quae
2936 2449 3129 2507 scribit
3161 2466 3176 2514 ;
3207 2457 3261 2503 et
3292 2448 3338 2503 si
3372 2447 3591 2518 quidem

2017 2547 2268 2619 egregius
2319 2546 2403 2600 vir
2459 2561 2488 2600 a
2535 2546 2768 2601 veritate
2825 2559 2933 2599 non
2974 2543 3256 2605 abhorret,
3290 2556 3392 2595 nos
3428 2538 3592 2594 etiam

2019 2654 2142 2694 cum
2178 2636 2299 2708 ipso
2343 2635 2615 2691 stabimus
2646 2649 2767 2690 eam
2810 2633 3268 2703 deprazdicantes,
3303 2631 3597 2700 ipsumque

2020 2730 2276 2786 laudibus
2309 2728 2664 2793 extollentes,
2703 2735 2894 2797 utpote
2919 2726 3175 2782 veritatis
3205 2726 3481 2788 amicum;
3512 2722 3595 2775 sin

2020 2830 2202 2879 autem
2232 2822 2390 2892 longe
2414 2821 2637 2876 aberrat
2669 2835 2698 2873 a
2736 2818 2993 2883 veritate,
3017 2814 3246 2887 prolatis
3279 2822 3595 2869 sanctorum

2018 2913 2203 2980 dictis,
2224 2913 2402 2982 palam
2430 2912 2739 2983 legentibus
2765 2910 3056 2973 faciemus,
3078 2907 3209 2978 quid
3230 2904 3295 2960 ad
3316 2904 3435 2974 ejus
3461 2904 3596 2957 scri-

2018 3014 2109 3077 pta
2142 3005 2609 3075 respondeamus;
2637 3013 2695 3058 ut
2728 3002 3056 3072 intelligant,
3092 3008 3213 3054 utra
3247 3013 3372 3067 pars
3406 3011 3595 3051 verum

340 3102 696 3172 θείαςλέγει,
728 3107 795 3159 τὰ
828 3104 936 3159 τῶν
969 3104 1142 3174 ἁγίων
1194 3105 1459 3176 Πατέρων
1498 3106 1816 3174 προθέντες,
1847 3107 1912 3161 δι’

2021 3099 2188 3163 dicat,
2220 3106 2274 3153 et
2320 3111 2510 3152 secum
2548 3097 2800 3152 veritatis
2842 3093 3136 3150 candorem
3190 3090 3437 3155 habeat;
3477 3103 3597 3158 quae

339 3196 526 3250 αὐτῶν
555 3196 655 3267 τὴν
681 3195 984 3265 ἀπολογίαν
1008 3198 1122 3259 τοῖς
1158 3196 1551 3267 ἐντυγχάνουσι
1604 3197 1912 3268 κατάδηλον

2020 3199 2209 3248 contra
2267 3189 2477 3243 vitiosis
2513 3197 2699 3242 utatur
2731 3186 3097 3258 syllogismis,
3134 3192 3189 3239 et
3236 3180 3584 3238 obscuritate

340 3290 662 3371 ποιήσομεν·
722 3288 871 3348 ὅπως
905 3286 1126 3356 γνῶσιν,
1175 3289 1439 3356 ὁπότερον
1496 3290 1664 3361 μέρος
1698 3288 1913 3359 τάληθῆ

343 3379 508 3447 λέγει,
534 3379 637 3433 καὶ
662 3378 723 3431 τδ
747 3377 1072 3450 λευκότερον
1117 3379 1238 3447 μεθ’
1268 3380 1470 3434 ἑαυτοῦ
1498 3382 1632 3451 ἔχει,
1662 3381 1747 3445 τίς
1783 3381 1839 3435 δέ
1886 3382 1914 3434 6

343 3469 953 3543 παρασυλλογιζόμενος
984 3471 1080 3525 καὶ
1102 3471 1172 3524 τὰ
1194 3470 1372 3541 ψευδῆ
1394 3470 1573 3541 λέγων
1606 3470 1704 3526 καὶ
1729 3473 1915 3539 ἀμαυ.

345 3565 431 3634 ρά.
486 3562 628 3617 Ἀλλ’
649 3563 771 3617 ἐπεὶ
803 3563 897 3616 καὶ
944 3562 1114 3634 ἄμφω
1145 3563 1216 3617 τὰ
1266 3564 1410 3635 μέρη
1461 3564 1625 3629 αὑτός
1653 3581 1712 3617 τε
1742 3563 1911 3635 δηλοῖ,
1968 3618 1971 3619 ,

343 3660 439 3712 καὶ
469 3659 633 3728 ἡμεῖς
662 3660 721 3711 τδ
745 3659 998 3730 κρεῖττον
1032 3659 1128 3713 καὶ
1155 3659 1363 3730 ἀληθὲς
1408 3660 1665 3730 κατέχειν
1696 3659 1919 3730 νομίζοέ

346 3768 470 3821 μεν,
502 3750 739 3806 ἔπεσθαι
788 3751 1010 3814 πάντως
1055 3752 1270 3823 ἀνάγκη
1316 3754 1441 3815 ταῖς
1487 3752 1597 3806 τῶν
1639 3752 1913 3824 θεοφόρων

346 3845 606 3916 Πατέρων
632 3843 964 3916 μαρτυρίαις
999 3844 1192 3915 ὥσπερ
1222 3846 1361 3915 φωτί
1386 3860 1400 3877 ·
1427 3844 1513 3898 ἵνα
1545 3845 1638 3898 δύο
1682 3845 1911 3916 χρωμά-

341 3954 450 3991 των
476 3937 666 4000 6ντων,
696 3936 932 4007 ἐρυθροῦ
957 3953 1014 3990 τε
1050 3938 1145 3991 καὶ
1177 3936 1431 4006 μέλανος,
1462 3936 1694 3989 ἐκάστου
1728 3936 1911 4007 λέγον-

337 4046 428 4092 τος
462 4028 523 4081 τὸ
551 4028 778 4097 ἐρυθρὸν
807 4030 1059 4099 κατέχειν
1097 4028 1194 4080 καὶ
1275 4027 1562 4097 βασιλικὸν
1620 4027 1715 4081 καὶ
1772 4029 1912 4099 χρή-

339 4135 514 4187 σιμον,
570 4118 658 4172 διὰ
703 4120 763 4171 τὸ
818 4119 922 4172 ὑπὸ
955 4118 1047 4172 τοῦ
1107 4118 1286 4187 φωτὸς
1339 4117 1416 4188 μὴ
1474 4118 1798 4189 ἐλέγχεσθαι
1848 4121 1910 4173 1:6

230 4234 239 4241 ο
335 4212 588 4272 ἑκάστου,
619 4211 715 4264 τοῦ
746 4210 846 4281 μὲν
884 4211 1141 4282 ἠπλάνη,
1173 4210 1267 4264 τοῦ
1304 4212 1360 4264 δὲ
1387 4212 1681 4283 φανερωθῇ
1715 4213 1748 4283 ἡ
1778 4213 1910 4282 ἀλή-

337 4304 457 4356 θεια
479 4319 495 4335 ·
526 4304 624 4357 οὐκ
657 4304 880 4358 ἄλλοθεν
905 4303 963 4356 δὲ
991 4304 1051 4356 τὺ
1084 4304 1222 4373 φῶς,
1249 4303 1324 4367 ῶς
1350 4302 1596 4374 εἴρηται,
1620 4305 1669 4357 εί
1702 4304 1777 4375 μὴ
1807 4305 1912 4357 ὑπὸ

334 4398 444 4450 τῶν
479 4396 751 4467 θεοφόρων
784 4398 879 4450 καὶ
905 4396 1079 4463 ἁγίων
1116 4396 1404 4468 Πατέρων,
1442 4396 1643 4456 οἵτινες
1671 4398 1777 4451 ὑπὸ
1810 4397 1907 4450 τοῦ

2022 3286 2293 3341 mendacii
2358 3284 2691 3340 tenebrosis.
2740 3281 2849 3337 Sed
2910 3281 3175 3351 quoniam
3223 3278 3341 3345 ipse
3390 3276 3598 3348 profert

2019 3394 2137 3448 quae
2169 3386 2299 3432 sunt
2330 3376 2620 3445 utriusque
2652 3373 2825 3445 partis
2850 3413 2869 3439 ,
2902 3381 2956 3427 et
2990 3385 3090 3426 nos
3128 3372 3337 3428 sentire
3372 3369 3593 3432 melius,

2017 3481 2071 3529 et
2099 3471 2389 3526 veritatem
2414 3484 2445 3523 a
2475 3467 2633 3524 nobis
2664 3482 2787 3523 esse
2818 3464 3172 3530 arbitramur,
3203 3472 3286 3518 est
3312 3462 3468 3532 plane
3502 3475 3595 3514 ne-

2017 3563 2322 3620 cessarium
2380 3570 2703 3616 sanctorum
2770 3542 2995 3612 Patrum
3055 3555 3212 3625 sequi
3274 3554 3590 3611 testimon’a
3692 3610 3695 3613 γ

2017 3654 2177 3728 quasi
2234 3654 2410 3709 facem
2476 3652 2900 3721 praelucentem,
2931 3658 2989 3705 ut
3017 3648 3433 3705 velutiduobus
3470 3664 3596 3719 pru-

2016 3748 2217 3821 positis
2268 3745 2570 3809 coloribus,
2620 3744 2788 3799 rubro
2830 3750 2887 3798 et
2918 3741 3100 3813 nigro,
3138 3740 3182 3796 si
3217 3741 3597 3811 unusquisque

2013 3840 2164 3896 dicat
2217 3854 2276 3894 se
2336 3838 2563 3892 rubrum
2597 3843 2653 3890 et
2682 3834 2895 3906 regium
2933 3836 2989 3889 et
3025 3832 3332 3903 pretiosum
3364 3831 3590 3895 habere,

2016 3947 2127 3987 non
2191 3936 2463 4001 praesente
2522 3927 2754 3993 lumine,
2807 3941 2905 3995 per
2951 3924 3096 3995 quod
3130 3925 3370 3981 discerni
3416 3923 3593 3994 puSsit

2018 4024 2148 4094 quid
2188 4023 2423 4092 quisque
2460 4021 2660 4076 habeat
2687 4058 2701 4083 ,
2740 4018 3113 4089 perspiciatur
3143 4019 3294 4083 luce,
3316 4018 3441 4086 quis
3483 4015 3593 4069 fal-

2014 4131 2163 4181 sum,
2200 4114 2324 4184 quis
2380 4127 2568 4167 verum
2627 4119 2857 4167 asserat.
2888 4111 3055 4165 Porro
3105 4110 3287 4165 lumen
3332 4111 3434 4163 hoc
3481 4123 3591 4161 nou

2014 4206 2257 4272 aliunde,
2321 4221 2488 4275 quam
2536 4218 2565 4257 a
2610 4202 2718 4257 Deo
2754 4203 2929 4273 plenis
2955 4202 3164 4257 sanctis
3193 4201 3451 4255 Patribus
3494 4200 3591 4253 ha-

2014 4299 2128 4355 beri
2185 4307 2388 4369 potest,
2437 4306 2495 4351 ut
2552 4297 2836 4352 diximus:
2894 4294 2988 4363 qui
3055 4309 3085 4348 a
3145 4302 3339 4349 saneto
3382 4292 3589 4362 Spiritu

2016 4390 2277 4447 illustrati
2323 4405 2422 4461 per
2454 4390 2709 4445 veritatis
2744 4389 3041 4459 dogmata,
3089 4385 3219 4441 solis
3254 4384 3431 4440 instar
3465 4385 3591 4438 illu-

336 4490 477 4542 θείου
520 4465 830 4558 Πνεύματος
857 4465 1283 4559 ἐλλαμφθέντες⁷
1324 4491 1442 4551 τοῖς
1494 4489 1595 4558 τῆς
1646 4490 1907 4559 ἀληθείας

2016 4485 2230 4538 minant
2277 4498 2374 4538 eos
2429 4482 2521 4551 qui
2560 4490 2673 4537 tota
2710 4488 2897 4535 mente
2928 4479 3252 4549 exquirunt,
3281 4487 3335 4532 et
3363 4492 3588 4532 sensum

333 4582 585 4652 δόγμασι,
634 4582 794 4652 δίκην
826 4581 979 4652 ἡλίου
1013 4579 1312 4649 φωτίζουσι
1375 4580 1500 4643 τοὺς
1537 4577 1907 4651 ἐκζητοῦντας

331 4679 631 4749 ὁλοσχερῶς
662 4678 758 4732 καὶ
794 4679 887 4731 τὸν
941 4676 1067 4732 νοῦν
1094 4677 1274 4731 αὐτῶν
1327 4677 1690 4746 ἐρευνῶντας.
1727 4677 1905 4745 Ποθή-

338 4787 526 4834 σαντες
554 4772 663 4842 γὰρ
693 4771 1054 4842 ἐξεζήτησαν,
1101 4771 1198 4824 καὶ
1257 4771 1669 4842 ὲκζητήσαντες
1720 4770 1902 4841 εὖρον,

332 4860 405 4925 ῶς
435 4864 645 4933 φησινή
667 4863 841 4932 Σοφία
860 4879 875 4894 ο
906 4864 971 4916 Ol
995 4860 1316 4931 ζητοῦντές
1331 4879 1407 4932 με
1430 4864 1541 4933 γὰρ
1566 4862 1906 4931 εὑρήσουσι

327 4967 421 5019 με·
453 4957 545 5004 καὶ
580 4953 728 5023 ἡμᾶς
767 4954 846 5015 είς
877 4953 1035 5006 τοῦτο
1067 4953 1494 5025 προτρέπουσιν,
1528 4954 1615 5009 ῖνα
1649 4955 1724 5026 μὴ
1754 4953 1897 5025 ψιλῷ

331 5043 406 5115 τῷ
429 5046 721 5116 γράμματι
746 5046 843 5116 τῆς
869 5044 1126 5116 ἀληθείας
1178 5047 1531 5118 ἐκπέσωμεν,
1567 5047 1643 5111 ὡς
1672 5048 1721 5101 οἱ
1766 5048 1899 5101 Ἰου-

330 5137 487 5194 δαῖοι.
520 5137 690 5192 Τοῦτο
716 5139 815 5192 σὺν
853 5141 967 5201 τοῖς
999 5138 1182 5203 ἄλλοις
1210 5140 1460 5210 Πατράσι
1481 5138 1577 5193 καὶ
1620 5138 1900 5203 Βασίλειος

331 5230 358 5282 ὁ
376 5231 564 5297 Μέγας
588 5231 647 5285 ἐν
674 5230 754 5301 τῷ
787 5231 911 5286 κατ’
939 5232 1211 5304 Εὐνόμιον
1268 5232 1475 5306 πρώτῳ
1515 5234 1663 5305 λόγῳ
1690 5234 1856 5304 φησιν
1882 5248 1895 5263 ·

331 5321 424 5389 ὡς,
456 5321 521 5376 Et
544 5340 628 5387 τις
660 5323 1040 5391 ἀϐασανίστως
1065 5329 1208 5381 κατὰ
1231 5325 1332 5396 τὴν
1360 5326 1651 5398 πρόχειρον
1673 5324 1902 5396 ἐκδοχὴν

339 5411 473 5482 ψιλῷ
508 5415 885 5485 παρίστασθαι
919 5418 1254 5488 φιλονεικοίη
1288 5416 1369 5488 τῷ
1419 5417 1731 5489 πράγματι,
1761 5417 1900 5484 πρὸς

344 5503 663 5572 Ἰουδαῖκοὺς
685 5510 784 5564 καὶ
803 5509 1073 5580 γραώδεις
1105 5510 1311 5581 μύθους
1365 5510 1721 5580 ἀνατραπεὶς,
1753 5525 1899 5561 πτω-

334 5595 421 5666 χδς
447 5601 727 5666 παντελῶς
756 5601 870 5655 τῶν
893 5602 1062 5668 ἀξίων
1088 5603 1217 5675 περὶ
1251 5601 1388 5656 Θεοῦ
1410 5601 1697 5672 νοημάτων
1722 5617 1893 5655 κατα-

395 5777 622 5841 ‘Hatth.
657 5799 754 5851 vu,
787 5783 845 5839 7.
925 5783 945 5814 ’
980 5781 1139 5839 Joan.
1165 5800 1255 5851 xv,
1279 5782 1347 5854 ,5.
1426 5782 1447 5815 ³
1471 5781 1663 5838 Matth.
1689 5797 1784 5849 vn,
1817 5781 1869 5839 8.

1970 5780 1988 5813 "
2020 5776 2169 5836 Psal.
2206 5790 2338 5845 xxx,
2368 5772 2460 5830 26.

2011 4575 2232 4631 illorum
2288 4571 2781 4630 scrutantur.Nam
2825 4572 2902 4626 illi
2946 4569 3227 4627 desiderio
3255 4567 3589 4625 incensiex-

2010 4669 2344 4739 quisierunt,
2370 4675 2425 4721 et
2470 4666 2827 4737 exquirentes
2867 4665 3223 4726 invenerunt,
3270 4668 3333 4716 ut
3381 4660 3457 4715 ait
3491 4658 3592 4714 Sa-

2008 4760 2249 4831 pientia:
2285 4758 2391 4824 Qui
2421 4765 2667 4828 quwrunt
2698 4772 2799 4823 me,
2862 4754 3124 4810 invenient
3158 4769 3239 4808 me
3273 4753 3295 4785 °
3325 4768 3343 4820 ;
3400 4760 3456 4808 et
3486 4767 3588 4807 nos

2009 4855 2076 4909 ad
2113 4854 2216 4908 hoc
2244 4852 2386 4906 idem
2424 4850 2736 4906 faciendum
2768 4849 3086 4909 hortantur.
3121 4861 3190 4902 ne
3226 4845 3468 4902 litteram
3501 4860 3590 4900 se-

2007 4956 2242 5017 quentes
2268 4942 2497 5010 nudam,
2534 4953 2595 5000 ut
2620 4941 2817 5009 Judaei,
2852 4941 2921 4996 ad
2953 4939 3240 4996 veritatem
3273 4939 3446 5010 ipsam
3481 4952 3587 4991 non

2009 5042 2418 5116 perveniamus.
2446 5037 2558 5092 Hoc
2583 5049 2716 5091 sane
2746 5043 2859 5089 tum
2888 5030 3086 5101 reliqui
3113 5028 3328 5094 Patres,
3346 5039 3462 5083 tum
3484 5026 3587 5081 Ba-

2009 5135 2170 5189 silius
2227 5132 2459 5202 Magnus
2525 5128 2702 5197 primo
2777 5133 2979 5178 contra
3051 5119 3382 5175 Eunomium
3447 5118 3589 5172 libro

2008 5229 2210 5284 docet:
2254 5224 2313 5279 Si
2354 5222 2479 5295 quis
2522 5219 2694 5285 enim,
2748 5216 2952 5286 inquit,
3006 5214 3157 5269 nulla
3192 5211 3589 5281 disquisitione

2008 5318 2252 5376 adhibita
2303 5331 2419 5371 rem
2459 5314 2532 5368 ita
2584 5305 3005 5378 intelligendam
3063 5319 3189 5359 esse
3252 5300 3586 5365 contendat,

2008 5421 2069 5465 ut
2113 5424 2233 5465 sese
2281 5407 2459 5479 primo
2508 5401 2668 5458 otl‘ert
2719 5406 2971 5469 aspectu,
3023 5398 3069 5451 is
3125 5397 3197 5449 ad
3231 5390 3493 5448 Judaicas
3528 5400 3584 5447 et

2005 5504 2215 5561 seniles
2266 5500 2484 5556 fabulas
2524 5494 2846 5560 devolutus,
2882 5493 3041 5562 inops
3072 5487 3298 5543 omnino
3337 5500 3366 5539 a
3408 5484 3587 5541 sensi-

2014 5599 2120 5654 bus
2142 5595 2257 5651 Deo
2318 5590 2502 5662 dignis
2552 5593 2939 5645 consenescet.
3000 5583 3193 5653 Itaque
3249 5580 3395 5651 quod
3457 5593 3590 5651 pro-

2584 5770 2747 5831 ?rov.
2780 5782 2837 5825 V;
2863 5783 2901 5835 I,
2933 5767 2986 5821 7.
3066 5768 3086 5799 ⁸
3121 5764 3481 5837 Sap.\tt,13.
