3998 6450
393 307 492 380 115

1293 305 1678 367 GREGORII
1709 305 2013 368 MAMaMi
2041 303 2154 367 cr.
2200 279 2716 370 Immunem:

3515 310 3608 376 Illi

389 430 665 490 misimus,
706 422 1040 479 venerabilis
1093 421 1320 492 Ephesii
1371 421 1518 477 dicta
1552 422 1706 492 prius
1739 422 1956 492 singula

2080 425 2318 496 γηράσει.
2354 425 2510 498 lia-:33
2537 425 2670 495 γοῦν
2697 425 2796 496 τὴν
2815 423 3154 495 ἐπαγγελίαν
3179 422 3338 496 ήμῶν
3367 427 3611 501 πρότερον

389 526 731 590 exponentes
757 557 774 582 ,
828 525 942 570 tum
990 522 1211 572 nostras
1241 514 1410 571 etiam
1442 515 1836 585 responsiones
1865 529 1961 582 ap-

389 625 657 680 ponemus
704 607 867 665 fultas
917 607 1249 665 deil'erorum
1281 615 1706 676 sanctorumque
1738 605 1958 661 Patrum

389 703 719 761 testimoniis
748 743 766 770 ,
797 711 858 758 ut
887 705 982 758 ﬁat
1014 718 1112 774 per
1143 717 1208 758 ea
1241 702 1538 758 manifesta
1571 702 1794 756 veritas.
1824 699 1958 755 Nam

389 810 573 851 sermo
609 795 717 850 ﬁde
745 796 1032 866 dignorum
1075 794 1404 850 auctoritate
1441 793 1692 850 ﬁrmatus
1738 793 1961 849 eviden-

390 896 500 946 tcm
536 888 698 945 habet
727 887 812 944 sui
848 887 1400 945 demonstrationem.

1052 1068 1298 1126 EPHES.

1052 1071 1298 1126 EPHES.

459 1163 568 1233 Qui
618 1165 742 1221 dira
793 1181 894 1221 nos
942 1165 1262 1235 captivitate
1293 1165 1640 1234 captivarunt
1668 1201 1682 1224 ,
1710 1170 1876 1230 atque
1908 1159 1962 1214 in

267 1265 277 1274 '
391 1255 717 1320 Latinorum
752 1261 955 1314 rituum
990 1259 1420 1328 dogmaturnque
1472 1256 1802 1325 Babylonem
1837 1257 1966 1310 alts-

393 1353 613 1408 trahere
651 1351 980 1418 voluerunt,
1029 1352 1081 1406 id
1131 1352 1348 1420 quidem
1417 1349 1717 1419 perducere
1746 1349 1812 1403 ad
1842 1350 1963 1404 exi-

393 1457 508 1501 tum
552 1459 895 1514 nequaquam
935 1451 1254 1514 potuerunt,
1295 1452 1493 1497 natura
1529 1442 1798 1498 absonum
1839 1457 1965 1498 esse

395 1537 815 1607 perspicientes,
840 1545 894 1591 et
932 1545 1207 1607 praeterea
1237 1536 1605 1606 impossibile.
1636 1536 1729 1590 sed
1763 1537 1817 1590 in
1853 1552 1967 1592 me-

395 1631 482 1683 dia
513 1614 746 1696 quadam
809 1628 1026 1684 itineris
1089 1637 1244 1698 parte
1297 1627 1658 1685 subsistentes
1693 1636 1806 1684 tum
1839 1627 1963 1696 ipsi,

2061 518 2130 571 τὰ
2165 517 2260 572 τοῦ
2295 517 2580 588 αίδεσίμου
2629 519 2860 586 Ἐφέσου
2923 517 3221 588 προθέντες
3268 519 3408 572 κατὰ
3438 523 3609 592 μέρος,

2063 611 2345 681 ἑπομένως
2379 610 2472 662 καὶ
2494 612 2592 674 τὰς
2621 610 2901 682 ἡμετέρας
2946 609 3248 678 ἀπολογίας
3299 609 3614 683 ἐπιθήσομεν

2065 703 2206 774 μετὰ
2239 704 2332 757 καὶ
2363 703 2464 773 τῆς
2495 703 2607 756 τῶν
2642 702 2928 772 θεοφόρων
2977 705 3244 773 Πατέρων
3307 707 3398 759 καὶ
3459 707 3614 776 ἁγίων

2065 795 2399 868 μαρτυρίας.
2470 795 2539 850 ῖν⁹
2593 795 2656 860 ἐξ
2695 795 2940 866 αύτῶνή
3009 794 3234 865 ἀλήθεια
3279 798 3480 867 φανερὰ
3529 799 3614 866 γέ-

2064 906 2220 959 νηται
2242 904 2256 918 ⁸
2306 890 2334 942 ὁ
2377 888 2484 957 γὰρ
2521 888 2580 956 ἐξ
2610 888 2836 954 ἐνδόξων
2859 887 3020 956 λόγος
3053 889 3437 960 βεϐαιούμενος
3467 893 3617 946 ἀναν-

2065 981 2322 1052 τίρῤητον
2350 981 2464 1052 ἔχει
2491 983 2590 1052 τὴν
2621 979 2925 1046 ἀπόδειξιν.
3021 1009 3027 1014 -

2735 1075 2927 1130 ΕΦΕΣ.

2135 1167 2198 1220 Οἱ
2225 1167 2324 1232 τὴν
2355 1165 2532 1234 κακὴν
2560 1167 2708 1236 ἡμᾶς
2738 1167 3130 1235 αίχμαλωσίαν
3154 1169 3623 1241 αίχμαλωτεύσαν-

2065 1273 2180 1322 τες,
2215 1257 2311 1312 καὶ
2363 1256 2502 1328 πρὸς
2537 1257 2634 1328 τὴν
2662 1258 2958 1312 Βαϐυλῶνα
3013 1259 3124 1312 τῶν
3155 1260 3459 1314 Λατινικῶν
3495 1260 3622 1312 ἐθῶν

2065 1350 2163 1404 καὶ
2188 1349 2475 1418 δογμάτων
2508 1349 2841 1420 θελήσαντες
2873 1350 3206 1421 κατασῦραι.
3236 1351 3394 1405 τοῦτο
3425 1352 3518 1421 μὲν
3532 1351 3624 1404 οὐκ

2065 1442 2414 1514 ἠδυνήθησαν
2439 1442 2674 1510 ἀγαγεῖν
2700 1444 2781 1506 είς
2813 1443 2987 1512 πέρας
3013 1443 3241 1498 αὐτόθεν
3270 1461 3330 1497 τε
3360 1444 3626 1513 ἀπεμφαῖ-

2067 1549 2159 1587 νον
2187 1534 2444 1603 ὁρῶντες,
2473 1533 2570 1587 καὶ
2587 1532 2762 1597 ἄλλως
2785 1533 3071 1602 ἀδύνατον,
3134 1536 3194 1588 ὲν
3241 1535 3392 1605 μέσῳ
3437 1534 3494 1587 δέ
3529 1551 3625 1587 που

2064 1624 2166 1694 τῆς
2197 1623 2319 1678 ὁδοῦ
2368 1624 2807 1695 καταμείναντες
2840 1624 3000 1679 αὐτοί
3033 1642 3091 1679 τε
3125 1628 3226 1679 καὶ
3276 1626 3392 1680 ὅσοι
3429 1624 3627 1688 τούτοις

395 1735 509 1775 tum
566 1729 870 1778 sectatores
919 1735 1152 1784 eorum,
1211 1735 1392 1788 neque
1419 1720 1532 1792 jam
1568 1728 1699 1778 sunt
1734 1721 1967 1792 amplius

2080 1713 2538 1787 ἐπηκολούθησαν,
2591 1714 2708 1770 οὔτ’
2766 1716 2946 1770 ἐκεῖνο
3004 1716 3190 1770 λοιπὸν
3243 1717 3628 1788 μεμενήκασιν,

395 1815 543 1883 quod
594 1822 774 1880 erant,
827 1830 1002 1886 neque
1060 1814 1194 1870 illud
1224 1829 1477 1879 evasere,
1507 1815 1572 1869 ad
1601 1815 1748 1883 quod
1777 1814 1969 1870 tende-

393 1905 525 1962 bant
551 1923 568 1973 ;
598 1921 723 1961 nam
761 1907 948 1963 relicta
992 1907 1210 1978 quidem
1243 1917 1326 1963 est
1362 1907 1431 1962 ab
1469 1908 1537 1964 iis
1567 1905 1966 1979 Hierosolyma,

394 2014 514 2066 quae
559 2012 685 2054 vere
735 2007 817 2054 est
857 2000 1006 2069 pacis
1033 1999 1193 2068 visio,
1247 2011 1302 2054 et
1339 1999 1470 2055 Sion
1504 2013 1684 2064 mons,
1755 1999 1860 2056 hoc
1887 2004 1971 2054 est

398 2090 554 2147 ﬁrma
581 2099 635 2145 et
669 2093 1002 2146 inconcussa
1038 2090 1210 2158 ﬁdes;
1240 2107 1432 2146 verum
1472 2089 1591 2145 ﬁeri
1630 2098 1685 2146 et
1718 2089 1826 2144 dici
1862 2104 1968 2145 un—

395 2199 558 2253 quam
613 2182 898 2256 Babjlonii
948 2199 1048 2239 nec
1087 2185 1308 2246 volunt,
1367 2199 1470 2238 nec
1518 2191 1791 2254 possunt;
1826 2183 1970 2238 hanc

395 2289 528 2327 sane
557 2274 628 2328 oh
656 2287 878 2332 causam
912 2273 1146 2328 vocandi
1172 2275 1370 2328 merito
1386 2271 1812 2336 Graeco-Latini,
1849 2273 1969 2330 usi-

399 2372 508 2419 tato
542 2372 721 2418 autem
755 2363 980 2420 nomine
1016 2364 1178 2434 vulgo
1212 2365 1464 2434 appellati
1492 2363 1891 2423 Latinizantes.

1097 2455 1299 2512 περ.

465 2549 603 2604 Cum
651 2549 899 2619 epistola
935 2565 1050 2605 sua:
1084 2550 1168 2605 vir
1197 2550 1434 2606 eximius
1491 2550 1708 2605 titulum
1753 2565 1969 2620 pramo-

399 2642 618 2707 tavrrit,
673 2642 740 2697 ad
789 2655 981 2699 omnes
1023 2642 1228 2712 ubique
1253 2643 1500 2698 locorum
1539 2653 1594 2698 et
1632 2641 1967 2705 insularum.

396 2739 451 2786 et
480 2731 713 2787 salutem
765 2731 880 2788 illis
924 2733 1314 2803 impertiverit',
1348 2735 1536 2789 statim
1576 2733 1865 2789 exorditur
1899 2733 1968 2788 ab

351 2835 355 2838 λ
399 2820 630 2876 historia
675 2821 1038 2892 captivitatis,
1082 2837 1204 2894 quae
1259 2821 1400 2879 facta
1442 2832 1528 2880 est
1568 2825 1845 2894 quondam
1900 2823 1970 2879 ab

396 2908 704 2967 Jerusalem
736 2913 791 2967 in
827 2912 1184 2982 Babylonem,
1222 2929 1536 2970 sermonem
1567 2917 1758 2972 volens
1787 2917 1972 2971 suavi-

400 3012 514 3056 tate
568 3003 801 3071 quadam
871 3003 1238 3073 perfundere,
1299 3015 1356 3060 et
1385 3005 1669 3062 auditores
1731 3014 1970 3062 attentos

2071 1805 2197 1861 οὔτε
2228 1805 2390 1861 τοῦτο
2419 1808 2750 1878 γέγονασιν⁶
2785 1807 3144 1878 Ἱεροσόλυμα
3203 1808 3302 1878 μὶν
3347 1805 3634 1862 ἀπολιπόνο

2069 1915 2186 1966 τις,
2215 1898 2316 1968 τὴν
2371 1898 2447 1962 ὡς
2501 1897 2722 1970 ἀληθῶς
2766 1899 2960 1970 ὅρασιν
3009 1897 3114 1967 τῆς
3166 1899 3418 1970 εἰρήνης,
3446 1897 3538 1951 καὶ
3579 1894 3637 1949 τὺ

2069 1990 2211 2046 Σιὼν
2255 1990 2405 2063 ὅρος,
2457 1992 2558 2063 τὴν
2597 1990 2826 2064 βεϐαίαν
2893 1993 3082 2048 πίστιν
3103 1993 3201 2047 καὶ
3225 1992 3513 2047 ἄσειστον·
3545 1987 3637 2042 καλ⁸

2071 2083 2411 2140 Βαϐυλώνιοι
2442 2084 2501 2138 δὲ
2549 2085 2808 2155 γενέσθαι
2849 2085 2984 2140 ποτὶ
3041 2085 3140 2141 καὶ
3187 2085 3460 2156 κληθῆναι
3509 2082 3638 2152 μήτε

2072 2175 2393 2247 βουλόμενοι
2425 2177 2563 2248 μήτε
2584 2175 2896 2248 δυνάμενοι,
2922 2177 3016 2230 καὶ
3037 2176 3125 2232 διὰ
3145 2176 3301 2231 τοῦτ’
3331 2175 3398 2231 ἂν
3416 2173 3634 2237 δικαίως

2069 2269 2364 2338 κληθέντες
2395 2270 2831 2341 Γραικολατῖνοι,
2860 2268 3185 2340 καλούμενοι
3208 2267 3257 2324 δ’
3291 2263 3388 2323 οὖν
3407 2266 3510 2321 ὑπὸ
3531 2265 3637 2324 τῶν

2071 2363 2282 2417 πολλῶν
2310 2361 2732 2433 Δατινόφρονες.

2665 2453 3035 2510 ΔΠΟΛΟΓΙΑ.

2145 2544 2272 2609 Τοῖς
2300 2543 2622 2616 ἁπανταχοῦ
2663 2549 2770 2615 γῆς
2813 2546 2908 2600 καὶ
2959 2545 3070 2599 τῶν
3103 2546 3291 2617 νήσων
3338 2543 3646 2608 ἐπιστείλας

2069 2637 2100 2690 ὁ
2135 2635 2318 2704 τίμιος
2343 2628 2501 2699 οὗτος
2532 2635 2696 2705 ἀνὴρ,
2732 2636 2827 2689 καὶ
2853 2635 3070 2708 χαίρειν
3115 2636 3462 2708 προσειπὼν,
3492 2635 3648 2698 εὐθὺς

2069 2729 2180 2784 ἀπὸ
2212 2728 2455 2799 ἱστορίας
2515 2727 2748 2800 ἄρχεται
2801 2731 2901 2800 τῆς
2959 2729 3132 2783 πάλαι
3170 2731 3307 2785 ποτὶ
3357 2730 3648 2800 γενομένης

2071 2821 2454 2892 αίχμαλωσίας
2505 2822 2618 2876 ἀπὸ
2660 2821 3029 2894 Ἰερουσαλὴμ
3070 2826 3149 2887 είς
3193 2824 3522 2897 Βαϐυλῶνα,
3561 2821 3650 2875 τὸν

2069 2913 2229 2982 λόγον
2255 2915 2521 2984 ήδύτερον
2552 2914 2979 2969 κατασκευάσαι
3023 2915 3373 2985 βουλόμενος,
3407 2917 3500 2969 καὶ
3528 2915 3649 2976 τοὺς

2071 3005 2350 3076 ἀκροατὰς
2397 3007 2663 3076 διεγεῖραι
2717 3006 2854 3075 πρὸς
2917 3008 3019 3076 τὴν
3089 3007 3200 3062 τῶν
3257 3007 3650 3079 ῥηθησομένων

399 3097 629 3151 ΐθιΙιΙρΓΘ
658 3096 724 3150 ad
758 3096 1029 3151 audienda
1061 3113 1182 3166 quae
1209 3097 1486 3154 dicentur.
1520 3099 1651 3154 Nam
1689 3101 1967 3172 allegorici

2080 3099 2366 3172 ἀκρόασιν.
2405 3099 2466 3153 '0
2490 3101 2600 3168 γὰρ
2645 3099 3010 3170 ἀλληγορικὸς
3068 3101 3230 3166 λόγος
3262 3103 3403 3169 πρὸς
3435 3102 3532 3170 τὴν
3565 3099 3651 3152 θέο

401 3188 680 3245 sermonis
715 3190 998 3259 pr0prium
1030 3197 1114 3245 est
1136 3229 1152 3255 ,
1177 3199 1236 3245 ut
1266 3191 1333 3246 ad
1367 3193 1704 3248 voluntatem
1737 3195 1970 3252 dicentis

400 3290 457 3338 ct
509 3296 620 3335 rem
675 3281 1035 3351 exprimentis
1094 3282 1235 3338 dicta
1289 3284 1710 3350 accommodet;
1769 3287 1972 3342 idcirco

403 3372 591 3427 attulit
617 3373 762 3428 hanc
791 3373 1100 3440 historiam,
1127 3382 1188 3428 ut
1219 3376 1497 3431 schemate
1529 3377 1832 3448 allegorice
1873 3395 1973 3448 pro

403 3482 500 3520 sua
533 3467 810 3521 voluntate
839 3473 1109 3522 uteretur.
1129 3456 1301 3522 'Licet
1341 3484 1471 3538 ergo
1514 3471 1676 3526 nobis
1697 3472 1862 3528 etiam
1891 3473 1976 3526 ni-

404 3557 475 3610 hil
509 3573 538 3611 a
573 3553 808 3612 veritate
841 3557 1251 3614 discedentibus
1285 3560 1468 3616 dicere
1499 3581 1512 3617 :
1556 3562 1664 3618 Nos
1699 3564 1964 3620 Hieroso-

405 3648 602 3720 lymam
637 3648 818 3719 potius
846 3657 1069 3716 tenere,
1095 3641 1159 3706 οἱ
1174 3667 1292 3707 eam
1317 3653 1576 3719 incolere,
1607 3648 1977 3724 quam'inter-

407 3747 693 3809 pretantur
726 3755 915 3811 pacem
952 3779 968 3804 ,
1014 3757 1178 3812 quam
1217 3742 1484 3801 Dominus
1519 3748 1682 3802 etiam
1716 3751 1978 3819 praecepit

407 3831 755 3897 servandam,
787 3847 913 3888 cum
945 3832 1158 3891 diceret
1192 3853 1207 3890 :
1248 3833 1442 3890 Pacem
1486 3853 1657 3891 meam
1706 3839 1772 3893 do
1808 3841 1975 3906 vobis,

406 3940 589 3994 pacem
628 3941 798 3980 meam
827 3927 1067 3996 relinquo
1097 3927 1238 3983 vobis
1269 3928 1314 3984 ⁷.
1341 3927 1492 3983 "anc
1531 3931 1700 3997 igitur
1729 3941 1980 3988 tenentes

409 4016 855 4082 Dominivocem,
887 4033 992 4088 qua
1031 4019 1082 4074 id
1110 4019 1354 4086 juhetur,
1373 4022 1537 4077 veluti
1561 4021 1691 4077 Sion
1715 4035 1977 4090 montem,

405 4122 503 4162 eos
530 4109 623 4177 qui
656 4109 917 4164 scindunt
938 4107 1146 4165 Christi
1180 4109 1506 4173 Ecclesiam,
1533 4113 1859 4184 Babylonios
1889 4132 1981 4169 vo-

407 4213 637 4254 camus:
676 4215 779 4257 nos
821 4216 956 4256 vero
995 4217 1098 4258 nec
1144 4202 1352 4259 fuimus
1387 4202 1629 4274 unquam
1666 4205 1978 4276 Babylonii,

407 4299 470 4344 ut
501 4291 595 4359 qui
629 4292 1017 4348 confusionem
1056 4302 1110 4349 et
1137 4295 1384 4352 schisma
1419 4297 1656 4353 vitemus
1689 4315 1703 4364 ;
1738 4315 1840 4354 nec
1875 4316 1976 4356 vo«

2077 3193 2238 3263 λησιν
2265 3191 2478 3246 τίθεται
2508 3195 2712 3263 κυρίως
2741 3192 2836 3246 τοῦ
2861 3192 3146 3262 χρωμένου
3197 3192 3294 3247 τὸν
3333 3194 3497 3260 λόγον
3523 3191 3555 3262 ἢ
3594 3188 3652 3244 τδ

2076 3288 2334 3357 πρᾶγμα,
2393 3283 2521 3339 καθ’
2577 3283 2606 3338 δ
2660 3285 2920 3351 λέγεται·
2978 3283 3059 3338 διὸ
3122 3286 3217 3338 καὶ
3261 3284 3362 3357 τὴν
3415 3283 3653 3354 ἱστορίαν

2079 3376 2357 3448 προύθηκε
2416 3376 2665 3446 ταύτην,
2722 3374 2810 3429 ῖνα
2875 3375 2951 3446 τῷ
3009 3375 3365 3448 ἁλληγορικῷ
3418 3377 3652 3448 σχήματι

2078 3471 2352 3541 χρήσηται
2386 3468 2572 3531 καθὼς
2607 3468 2885 3537 βούλεται.
2921 3467 3176 3532 Ἔξεστιν
3234 3468 3332 3523 οὖν
3373 3469 3472 3523 καὶ
3529 3466 3655 3536 ήμῖν

2077 3562 2433 3631 ἀληθεύουσιν
2465 3561 2661 3628 εἰπεῖν,
2713 3561 2789 3623 ὡς
2850 3559 2948 3629 τὴν
3007 3559 3376 3632 Ἰερουσαλὴμ
3452 3557 3657 3629 μᾶλλον

2079 3655 2406 3724 κατέχομεν,
2458 3655 2550 3706 καὶ
2580 3655 2638 3708 ὲν
2670 3652 2839 3727 ταύτῃ
2892 3653 3084 3722 ἐσμὲν,
3117 3653 3241 3723 ἥτις
3293 3650 3660 3724 ἑρμηνεύεται

2081 3751 2296 3819 εἰρήνη,
2337 3747 2405 3818 ἢν
2449 3748 2545 3800 καὶ
2593 3745 2622 3796 ὁ
2663 3745 2874 3816 Κύριος
2902 3745 3037 3814 ήμῖν
3070 3745 3389 3798 ἐνετείλατο
3445 3743 3657 3811 λέγων’

2082 3840 2356 3910 Εἰρήνην
2389 3839 2506 3907 τὴν
2564 3836 2720 3907 ἐμὴν·
2761 3836 2970 3906 διδωμι
3018 3836 3184 3906 ὑμῖν,
3245 3837 3505 3908 ειριήνην
3553 3833 3665 3901 τὴν

2077 3934 2236 4004 ἐμὴν
2263 3925 2482 4002 ἀφίημι
2529 3930 2693 4000 ὑμῖν.
2737 3928 2961 3999 Ταύτην
3021 3924 3114 3982 οὖν
3148 3928 3248 3999 τὴν
3307 3929 3406 3982 τοῦ
3458 3927 3664 3996 Κυρίου

2084 4029 2272 4095 φωνὴν
2304 4025 2403 4092 τὴν
2432 4022 2590 4076 τοῦτο
2634 4021 2973 4076 κελεύουσαν
3031 4019 3222 4089 ὥσπερ
3271 4021 3336 4074 τὸ
3366 4021 3509 4074 Σιὼν
3544 4020 3666 4092 ϐρος

2083 4117 2432 4186 κατέχοντες,
2470 4113 2600 4175 τοὺς
2629 4112 2920 4182 σχίζοντας
2962 4111 3064 4178 τὴν
3095 4110 3188 4163 τοῦ
3230 4110 3483 4181 Χριστοῦ
3547 4109 3668 4162 Ἐκ-

2086 4208 2322 4277 κλησίαν
2375 4203 2760 4265 Βαϐυλωνίους
2834 4199 3154 4269 καλοῦμενο
3211 4201 3560 4254 Βαϐυλώνιοι
3615 4199 3670 4252 δὲ

2084 4301 2246 4370 ήμεῖς
2287 4296 2410 4350 οὕτε
2467 4295 2797 4364 γεγόναμεν,
2861 4293 2937 4354 ὡς
3000 4293 3102 4361 τὴν
3159 4290 3437 4362 σύγχυσιν
3465 4291 3562 4344 καὶ
3611 4290 3672 4343 τὸ

409 4381 594 4437 luntas
658 4399 901 4452 unquam
967 4386 1074 4438 erit
1131 4395 1187 4439 ut
1250 4388 1470 4452 tiamus,
1507 4403 1632 4442 cum
1679 4405 1806 4445 vere
1835 4392 1974 4448 illius

2092 4391 2300 4461 σχίσμα
2333 4387 2742 4455 ἀποσειόμενοι,
2789 4383 2916 4438 οὔτε
2976 4385 3108 4437 ποτὲ
3163 4383 3479 4454 θελήσομεν
3525 4382 3675 4452 γενέ-

367 4551 372 4556 ,
411 4471 670 4544 discipuli
720 4475 921 4539 simus,
980 4476 1075 4546 qui
1139 4477 1457 4532 mandatum
1496 4479 1667 4544 dedit,
1699 4489 1760 4535 ut
1792 4499 1980 4548 pacem

411 4581 731 4636 sequamur.
753 4564 1157 4622 Suhsannando
1183 4585 1344 4636 porro
1373 4586 1470 4626 nos
1487 4581 1641 4626 vocat
1665 4571 2000 4628 Graeco-La»

412 4661 586 4722 tinos,
617 4657 940 4726 adinvento,
974 4668 1028 4713 ttt
1064 4661 1295 4729 putavit,
1323 4677 1464 4716 novo
1497 4663 1732 4732 quodam
1765 4676 1820 4720 et
1852 4681 1988 4721 con-

412 4759 644 4819 gruente
699 4751 963 4804 neruine:
1017 4757 1072 4803 at
1107 4765 1210 4805 uos
1286 4752 1420 4806 illud
1490 4768 1836 4824 nequaquam
1886 4771 1984 4825 pro

413 4842 853 4896 subsannatione
887 4841 1181 4907 habemus,
1218 4843 1313 4896 sed
1357 4858 1542 4898 verum
1575 4859 1696 4898 esse
1731 4843 1984 4899 fatemur.

414 4933 551 4989 Cum
596 4935 744 4989 enim
800 4933 1202 4990 Constantinus
1231 4934 1462 5006 Magnus
1498 4935 1670 4988 Roma
1703 4935 1983 5002 profectus

417 5027 796 5106 nobilissimos
851 5028 920 5081 ab
970 5029 1106 5082 urbe
1138 5027 1418 5084 Romanos
1445 5028 1741 5098 optimates
1774 5030 1986 5086 incolas

415 5119 638 5174 duxerit
704 5133 828 5173 eam
879 5119 934 5174 in
991 5117 1205 5184 urbem,
1254 5135 1378 5189 quae
1413 5135 1592 5190 nuper
1620 5130 1734 5174 tum
1767 5122 1987 5177 condita

417 5211 540 5280 ejus
598 5211 820 5265 nomine
873 5219 961 5265 est
1016 5211 1300 5279 insignita,
1336 5225 1568 5280 qumque
1613 5210 1762 5265 Nova
1813 5209 1988 5267 Roma

418 5308 739 5370 nuncupata
769 5309 855 5356 est
887 5317 903 5367 ;
939 5316 1130 5357 eorum
1183 5303 1427 5374 posteri,
1459 5299 1646 5357 Graece
1675 5302 1986 5373 loquentes,

417 5390 514 5451 sed
559 5389 778 5444 oriundi
837 5390 905 5446 ab
957 5390 1101 5455 illis,
1142 5392 1267 5459 jure
1319 5399 1448 5447 sunt
1489 5389 1722 5446 vocandi
1774 5391 1993 5447 Graeco-

418 5480 597 5541 Latiui
632 5499 644 5547 ;
701 5482 956 5541 Helleuas
1001 5485 1148 5539 enim
1172 5485 1392 5542 Graecos
1428 5495 1622 5540 vocant
1654 5484 1859 5539 Latini.
1888 5485 1992 5539 At-

2013 4439 2067 4504 D

2097 4485 2242 4546 σθαι,
2283 4481 2525 4552 μαθηταὶ
2554 4479 2706 4540 ὄντες
2737 4476 2880 4530 κατὰ
2907 4475 3169 4546 ἀλήθειαν
3199 4479 3298 4530 τοῦ
3325 4476 3672 4537 κελεύοντος

2093 4573 2366 4642 Ειρήνην
2395 4569 2661 4624 διώκετε.
2700 4567 3155 4638 Γραικοὶατίνους
3198 4568 3256 4621 δὲ
3294 4571 3449 4638 ἡμᾶς
3494 4566 3679 4622 διασύ-

2102 4684 2210 4735 ρων
2255 4663 2540 4728 ὀνομάζει,
2571 4660 2888 4729 καινότερόν
2937 4677 2989 4712 τι
3041 4659 3217 4730 ὄνομα
3262 4661 3362 4714 καὶ
3394 4661 3678 4731 προσῆκον

2097 4761 2171 4822 ὡς
2203 4759 2453 4825 ἐνόμισεν
2484 4752 2658 4822 εὑρών
2681 4769 2696 4783 ο
2729 4753 2869 4821 ὅπερ
2900 4753 3060 4822 ἡμεῖς
3091 4752 3153 4804 οὐ
3180 4751 3494 4821 διασυρμδν
3521 4749 3678 4803 τοῦτο

2094 4843 2445 4913 λογιζόμεθα,
2512 4840 2630 4893 ἀλλ’
2665 4839 2864 4907 ἀληθὲς
2929 4837 3071 4893 εἶναι
3124 4839 3529 4908 ὁμολογοῦμεν.
3570 4835 3675 4889 Τοῦ

2101 4941 2206 5009 γὰρ
2262 4935 2500 5007 μεγάλου
2570 4932 2982 4986 Κωνσταντίνου
3039 4931 3250 4984 ἐκεῖθεν
3309 4930 3676 5002 ὁρμωμένου,

2101 5031 2192 5082 καὶ
2225 5030 2354 5088 τους
2383 5025 2506 5078 λίαν
2543 5023 2965 5092 εὐγενεστάτους
3007 5023 3352 5092 μεγιστᾶνας
3381 5019 3680 5090 Ῥωμαίων

2097 5120 2163 5172 ὲκ
2199 5117 2419 5187 Ῥώμης
2448 5113 2911 5185 μετοικισαμένου
2953 5113 3035 5174 είς
3066 5112 3164 5181 τὴν
3188 5112 3274 5164 ἐπ’
3298 5112 3536 5177 ὀνόματι
3589 5109 3688 5161 αύ-

2095 5210 2192 5264 τοῦ
2223 5207 2610 5278 ἀνεγερθεῖσαν
2645 5205 2824 5269 πόλιν,
2860 5203 2964 5273 τὴν
2989 5205 3084 5256 καὶ
3114 5201 3266 5255 Νέαν
3304 5201 3537 5272 Ῥώμην
3569 5200 3688 5251 ὀνο-

2103 5304 2430 5375 μασθεῖσαν,
2463 5303 2513 5356 οί
2549 5301 2609 5367 ἐξ
2641 5301 2867 5352 ἐκείνων
2897 5295 3094 5365 φύντες
3120 5294 3220 5365 τὴν
3253 5293 3358 5363 μὲν
3407 5295 3525 5348 τῶν
3568 5291 3688 5346 Ἐλο

2099 5397 2278 5466 λήνων
2309 5393 2719 5462 ὲξασκήσαντες
2743 5389 3014 5458 γλῶτταν,
3049 5387 3146 5438 καλ⁸
3169 5385 3260 5438 διὰ
3276 5385 3491 5455 ταύτης
3523 5383 3690 5451 φθεγ-

2103 5487 2352 5554 γόμενοι,
2385 5484 2446 5538 τὸ
2479 5483 2534 5536 δὲ
2579 5483 2739 5551 γένος
2765 5479 2978 5534 ἐκεῖθεν
3014 5477 3293 5541 ἕλκοντες,
3325 5476 3569 5538 εἰκότως
3601 5473 3694 5526 καὶ

422 5591 531 5646 que
573 5579 645 5633 ita
691 5580 835 5650 quod
878 5580 1042 5637 nobis
1074 5581 1562 5652 praestantissimus
1601 5583 1683 5637 vir
1716 5581 1906 5652 objicit
1937 5599 1966 5636 ιι

2107 5579 2145 5631 Γ
2153 5575 2519 5649 ραικολατῖνοι
2544 5573 2826 5643 ὀφείλουσι
2866 5568 3146 5640 λέγεσθαι,
3188 5566 3329 5622 διότι
3380 5568 3434 5626 οῖ
3468 5568 3693 5624 Λατῖνοι

499 5757 696 5822 lloan.
726 5774 830 5827 xlv,
871 5758 963 5820 27,
