3998 6512
425 351 525 412 123
1291 348 1674 409 GREGORII
1711 347 1874 407 MAM
1888 345 2009 406 ΜΕ

2132 358 2151 407 '.
2199 346 2716 407 PATRIARCIIE
3590 346 3683 411 124

425 465 520 516 καὶ
583 463 720 524 μετά
783 479 945 517 τιειαο
996 462 1107 516 Kal.
1175 463 1282 533 μὴν
1347 463 1602 533 ὁΚύριος
1660 463 1720 526 ιξ
1774 459 1940 514 αὑτοῦ
1996 459 2211 522 δεικνὺς
2237 460 2368 514 αὐτὸ
2409 460 2988 532 ύπάρχειν,ὲμφυσῶν
3012 460 3122 524 τοῖς
3177 460 3376 514 ἑαυτοῦ
3416 461 3676 530 μαθητής

423 560 600 618 ἔλεγε·
632 558 850 613 Λάϐετε
875 558 1114 628 Πνεῦμα
1137 557 1328 627 ἅγιον.
1355 559 1479 611 ὀτι-
1500 558 1556 610 δὲ
1581 556 1734 610 τοῦδε
1764 553 2332 624 ὁλόγος,μαρτυρήσει
2355 553 2446 608 καὶ
2469 557 2502 625 η
2528 555 2742 617 σύνοδος
2759 556 2792 624 ὴ
2823 557 2968 609 κατὰ
2997 554 3334 616 Ἀκινδύνου,
3363 557 3665 625 μαρτυρίας

423 659 489 712 ὲκ
513 656 703 709 τούτου
741 657 1169 722 προκομίζουσα·
1210 656 1306 708 καὶ
1353 654 1460 724 κῦρ
1480 653 1670 715 Νεῖλος
1691 655 1719 706 6
1740 649 2079 709 Καϐασιλᾶςο
2282 699 2291 707 .

496 744 577 798 Ad
611 744 726 798 haec
772 742 1224 814 Epiphanius,de
1273 759 1385 813 quo
1422 752 1646 798 sanctus
1677 741 2003 796 Theodorus
2031 782 2034 790 ι

2187 742 2246 796 Ὀ
2268 744 2324 798 δὲ
2351 743 2508 814 ἅγιος
2549 743 2890 812 Ἐπιφάνιος,
2918 744 3051 813 περὶ
3083 735 3144 796 οὗ
3174 743 3200 795 ὁ
3232 742 3394 809 ἇγιος
3423 741 3689 811 Θεόδωρος

429 838 650 894 Studita
681 836 747 891 ad
782 836 942 890 tinem
979 836 1208 892 secundi
1269 837 1353 890 sui
1412 837 1538 891 libri
1571 846 1764 892 contra
1819 836 2011 890 [cono-

2132 870 2138 887 ν
2171 836 2458 903 Στουδίτης
2498 837 2557 889 ὲν
2600 835 2677 905 τῷ
2707 835 2852 889 τέλει
2884 833 2981 886 τοῦ
3013 834 3060 902 β’
3110 832 3280 886 αὑτοῦ
3339 831 3552 902 βιϐλίου
3601 833 3688 885 τοῦ

430 929 657 984 machos
681 927 791 982 ait:
824 926 1190 996 Epiphanium
1219 928 1430 982 scimus
1463 936 1517 982 et
1541 938 1793 984 sanctum
1826 937 1880 980 et
1907 927 2011 981 mi-

2132 929 2257 984 ιατὲι
2311 929 2701 999 Είκονομάχων
2743 927 2916 994 λέγει’
3007 925 3338 992 Ἐπιφάνιον
3390 923 3690 992 ίσμεν“καὶ

431 1023 750 1077 raculorum
801 1020 1010 1074 virtute
1041 1019 1360 1076 maximum.
1413 1020 1628 1075 Rursus
1653 1020 1790 1074 idem
1826 1020 1878 1074 in
1911 1035 2009 1073 sua

2132 1023 2270 1089 ἱγιον
2301 1021 2398 1075 καὶ
2451 1021 2712 1088 μέγιστον
2743 1021 2804 1072 ὲν
2837 1016 3308 1086 Θαυματουργίαις
3335 1032 3350 1046 θ
3388 1018 3483 1069 καὶ
3534 1015 3690 1068 πάλιν

431 1113 499 1166 ad
531 1112 863 1166 Naucratum
889 1111 1141 1172 epistola,
1169 1126 1288 1179 quae
1319 1111 1397 1164 sic
1431 1111 1659 1179 incipit:
1699 1111 1882 1164 Altera
1913 1110 2009 1164 tibi

2132 1117 2140 1164 ί
2170 1112 2330 1174 αὐτὸς
2364 1114 2421 1164 ὲν
2451 1115 2516 1182 τῇ
2545 1111 2684 1180 πρὸς
2710 1109 3036 1177 Ναύκρατον
3065 1107 3322 1177 ἐπιστολῇ
3351 1100 3636 1176 αὐτοῦ,-ἦς
3661 1108 3690 1174 ἡ

435 1203 632 1258 iterum
670 1202 907 1266 cautela,
931 1201 1006 1255 ﬁli
1049 1202 1281 1256 dilecte:
1317 1202 1386 1256 Ea
1411 1217 1562 1267 vero,
1599 1205 1797 1271 inquit.
1834 1218 1955 1267 qua:
1985 1216 2010 1251 a

438 1312 523 1346 me
550 1295 792 1362 quasisti
835 1293 902 1347 de
933 1296 1216 1350 hmreseon
1243 1304 1296 1348 et
1329 1295 1715 1358 baptismatnm
1751 1295 2015 1348 differen-

440 1385 516 1440 tia
579 1385 919 1455 singulatim,
950 1388 1103 1455 plura
1145 1395 1276 1441 sunt
1331 1402 1492 1456 quam
1543 1388 1738 1442 modus
1769 1385 2016 1454 epistolae

442 1477 588 1530 ferre
616 1478 806 1546 possit.
841 1478 906 1531 Et
931 1494 1156 1533 rursus;
1189 1477 1537 1546 superﬂuum
1573 1489 1659 1532 est
1698 1494 1758 1532 ea
1789 1493 2018 1548 perccn.

440 1582 584 1631 sere,
607 1583 732 1636 quae
759 1582 788 1621 a
813 1568 1020 1624 deifero
1052 1566 1360 1638 Epiphanio
1408 1570 1627 1625 inven'a
1667 1579 1795 1625 sunt
1823 1580 1874 1625 et
1924 1571 2018 1627 de-

439 1657 646 1726 scripta
678 1657 1019 1728 diligentius,
1057 1675 1220 1728 quam
1258 1662 1325 1715 ab
1356 1661 1466 1716 alio
1484 1661 1679 1731 quovis
1708 1663 1888 1717 Patre.
1923 1661 2021 1717 Sa-

442 1765 598 1826 crum
631 1765 762 1819 ergo
797 1751 866 1806 de
919 1752 1226 1809 hzercsibus
1285 1754 1485 1810 librum
1526 1755 1648 1824 ejus
1706 1757 1918 1824 evolve,
1964 1765 2019 1812 et

442 1855 565 1909 qua:
597 1840 738 1894 scire
770 1842 948 1910 cupis,
979 1857 1272 1912 pernosces
1303 1845 1509 1900 omnia.
1571 1845 1770 1901 Sancta
1803 1863 2021 1915 quoque

442 1942 592 1984 seua
611 1931 853 2000 synodus
890 1919 1035 1987 to‘mo
1055 1943 1270 2003 quarto,
1294 1937 1512 1990 actione
1538 1936 1769 2002 decima,
1798 1939 1864 1992 de
1893 1955 2021 1993 san-

443 2029 534 2073 cto
560 2022 658 2077 hoc
681 2021 757 2076 ita
785 2022 1061 2092 loquitur:
1085 2024 1243 2079 Lecta
1259 2034 1386 2079 sunt
1405 2035 1457 2080 et
1481 2026 2018 2082 multorumaliorum

443 2110 788 2179 testimonia,
831 2130 931 2169 nec
969 2131 1078 2169 non
1119 2119 1479 2174 auctoritates
1511 2119 1685 2172 sancti
1732 2117 2020 2188 Epiphanii

443 2218 505 2259 ex
544 2203 816 2270 Panariis,
875 2224 1133 2265 sermone
1197 2211 1544 2280 sexagesimo
1579 2228 1750 2266 nono.
1805 2211 2021 2268 Rursus

444 2297 631 2352 eadem
655 2299 898 2371 synodus
921 2301 1037 2357 haec
1071 2301 1272 2357 habet:
1304 2304 1368 2358 Et
1401 2305 1691 2373 persuadet
1739 2305 1842 2359 hoc
1861 2304 2023 2360 nobis

445 2475 701 2530 Arianos.
737 2478 936 2532 Sancta
968 2481 1196 2551 insuper
1225 2483 1500 2552 generalis
1526 2485 1760 2553 septima
1781 2486 2026 2554 synodus

449 2568 668 2622 aetione
699 2579 884 2624 sexta:
945 2571 1112 2638 Libri,
1149 2573 1350 2643 inquit,
1409 2576 1587 2630 Sancti
1628 2573 1809 2632 Patris
1846 2562 2025 2634 nostri

451 2657 770 2726 Epiplianii,
802 2661 1134 2731 Ancoratus,
1169 2674 1223 2719 ct
1257 2665 1451 2736 reliqui
1478 2665 1748 2721 notissimi
1779 2675 1905 2722 sunt
1928 2683 2028 2737 per

453 2757 622 2804 totum
654 2752 866 2818 orbem,
909 2763 963 2810 et
997 2771 1169 2810 sonus
1200 2771 1390 2810 eorum
1425 2756 1586 2825 longe
1619 2757 1836 2827 lateque
1861 2772 2028 2830 vaga-

454 2853 563 2908 tur,
599 2854 647 2897 et
677 2845 790 2901 fere
820 2862 915 2916 per
963 2864 1155 2904 ontnes
1209 2850 1477 2905 ecclesias
1506 2849 1846 2906 disseminati
1874 2859 2026 2907 sunt.

455 2931 642 3003 Itaque
666 2935 755 2990 hic
779 2938 1078 2992 sanctusin
1114 2937 1278 2992 (ἰὴ-ηε
1320 2939 1500 3005 libris,
1537 2945 1777 2994 tractatu
1839 2939 2030 2996 adver-

453 3040 550 3079 Sus
578 3026 951 3082 Semiarianos
984 3029 1037 3082 in
1065 3028 1313 3084 Panariis
1339 3047 1352 3084 :
1374 3029 1666 3096 Fateatur,
1691 3034 1890 3102 inquit,
1914 3033 2028 3089 dei-

460 3125 625 3170 tatem
654 3133 816 3172 unam
848 3131 897 3172 et
919 3120 1286 3190 principatum
1323 3132 1376 3176 et
1398 3123 1700 3178 dominium
1726 3140 2028 3196 :personas

458 3214 666 3280 pariter
697 3211 751 3265 in
789 3213 1216 3281 prpprietatibus
1279 3216 1644 3286 bypustaticis
1707 3218 1793 3286 pie
1862 3234 2032 3288 agno-

459 3313 669 3370 scunt;
710 3305 928 3359 Patrem
977 3305 1030 3358 in
1061 3306 1342 3375 majestate
1371 3318 1597 3379 paterna
1636 3311 2026 3367 subsistentem

460 3397 852 3469 intelligentes,
878 3397 1078 3453 Filium
1135 3415 1354 3471 quoque
1387 3418 1493 3456 non
1525 3411 1735 3473 partem
1792 3406 2026 3476 aliquam
2058 3395 2101 3454 Ο

465 3488 667 3554 Patris,
699 3490 793 3544 sed
830 3490 998 3560 plane
1029 3490 1332 3562 perfectum
1366 3510 1431 3549 ex
1492 3495 1734 3565 perfecto
1763 3507 1947 3552 natum
1980 3508 2036 3554 et
2070 3520 2080 3529 -

464 3579 862 3636 subsistentem
921 3594 1272 3651 asserentes;
1343 3595 1398 3639 et
1459 3585 1723 3656 Spiritum
1780 3598 2033 3643 sanctum

464 3686 626 3741 quem
651 3687 813 3727 sacra
838 3671 1126 3744 Scriptura
1160 3674 1503 3730 Paracletum
1530 3679 1801 3744 nominat,
1829 3695 1894 3734 ex
1929 3679 2034 3735 Pa-

465 3771 549 3818 tre
587 3779 682 3834 per
712 3762 909 3819 Filium
953 3768 1257 3822 subsistere
1290 3769 1694 3824 existimantes.
1726 3769 1790 3824 Et
1839 3772 1892 3825 in
1926 3773 2038 3826 An-

464 3867 696 3914 coratu:
735 3857 976 3930 Spiritus
1001 3871 1247 3928 sanctus,
1286 3859 1522 3933 Spiritus
1559 3865 1799 3918 veritatis
1816 3874 1923 3932 est,
1954 3866 2039 3922 lu-

467 3967 594 4006 men
629 3953 876 4018 tertinm,‘
909 3968 972 4009 es
998 3953 1160 4010 Patre
1189 3964 1244 4009 et
1264 3954 1423 4011 Filio.
1456 3956 1519 4010 Et
1549 3966 1672 4026 post
1698 3972 1913 4027 pauca:
1947 3958 2036 4012 Si-

464 4055 558 4098 cut
579 4043 722 4098 enim
753 4043 922 4101 Nemo
954 4047 1094 4102 novit
1123 4047 1340 4102 Patren:
1367 4049 1470 4102 nisi
1496 4047 1689 4113 Filius,
1713 4066 1805 4105 nec
1839 4049 2041 4105 Filium

467 4137 575 4190 nisi
607 4136 772 4192 Pater
795 4138 835 4171 ¹¹
853 4179 870 4207 ,
899 4140 971 4196 ita
997 4142 1202 4211 pariter
1215 4143 1400 4197 dicere
1422 4143 1620 4209 audeo,
1641 4160 1739 4199 nec
1755 4145 2038 4214 Spiritum,

467 4229 574 4289 nisi
609 4231 768 4288 Pater
785 4242 838 4289 et
859 4232 1059 4299 Filius,
1086 4250 1114 4288 a
1141 4251 1250 4306 quo
1274 4235 1522 4304 procedit
1543 4243 1594 4290 et
1620 4251 1650 4290 a
1678 4252 1788 4305 quo
1819 4238 2037 4306 accipit,

469 4335 572 4378 nec
603 4319 804 4377 Filium
855 4333 911 4379 et
935 4319 1176 4392 Patrem,
1212 4325 1322 4381 nisi
1389 4327 1630 4394 Spiritus
1695 4341 1924 4384 sanctus
1947 4328 2042 4400 qui

468 4425 598 4465 vere
635 4414 931 4481 gloriﬁcat,
964 4417 1056 4483 qui
1085 4417 1244 4471 docet
1266 4419 1471 4482 omnia,
1493 4421 1588 4488 qut
1625 4427 1709 4472 est
1731 4435 1758 4472 a
1793 4419 1956 4475 Patre
1987 4428 2044 4476 et

470 4501 630 4558 Filio.
661 4504 730 4558 Et
751 4521 988 4560 rursus:
1022 4507 1246 4576 Semper
1273 4509 1437 4576 igitur
1456 4520 1574 4565 erat
1616 4510 1796 4577 Pater,
1827 4527 2045 4582 semper

473 4604 592 4650 erat
625 4594 819 4662 Filius,
849 4607 904 4653 et
927 4595 1170 4665 Spiritus
1194 4614 1259 4654 ex
1287 4599 1450 4656 Patre
1483 4609 1538 4656 et
1591 4600 1732 4656 Filio
1777 4603 2041 4672 spiratus.

2114 1205 2278 1273 ἁρχὴ,
2305 1205 2473 1258 Πάλιν
2499 1203 2660 1271 ἑτέρα
2692 1219 2774 1254 σοι
2807 1199 3043 1271 φυλακὴ,
3075 1201 3273 1253 τέκνον
3306 1199 3690 1267 ἠγαπημένον,

2117 1296 2305 1366 φησίνο
2355 1295 2423 1348 Ἀ
2456 1294 2512 1348 δὲ
2563 1293 2910 1362 ὲπεζήτησας
2963 1290 3344 1360 ἀποκριθῆναι
3383 1305 3452 1359 με
3484 1288 3609 1355 περί
3637 1304 3691 1338 τε

2116 1392 2226 1443 τῶν
2253 1389 2524 1460 αἱρέσεων
2575 1389 2668 1441 καὶ
2695 1387 3092 1458 βαπτισμάτων
3120 1385 3242 1439 κατ’
3292 1385 3446 1450 ἔπος,
3480 1385 3692 1436 emoto-

2115 1480 2214 1549 λῆς
2261 1480 2580 1549 ὑπερϐαίνει
2633 1481 2836 1550 μέτρον
2861 1496 2876 1511 ·
2905 1479 3000 1533 καὶ
3044 1479 3243 1533 πάλιν⁸
3281 1476 3692 1548 Περιττολογεῖν

2117 1572 2236 1624 ἐστι
2265 1572 2332 1624 τὰ
2364 1571 2503 1624 αὐτὰ
2534 1571 2889 1642 ἀφηγεῖσθαι,
2939 1571 2976 1625 ἃ
3001 1571 3030 1623 6
3075 1570 3334 1638 θεοφόρος
3378 1567 3688 1635 Ἑπιφάνιος

2119 1661 2311 1729 ἐξεῦρε
2340 1661 2434 1715 καὶ
2459 1661 2776 1732 διέγραψεν,
2819 1662 2895 1723 ὡς
2919 1661 3095 1723 οὐδεὶς
3131 1661 3242 1715 τῶν
3273 1659 3540 1729 Πατέρων
3564 1673 3578 1688 °
3607 1657 3687 1710 εν-

2119 1768 2248 1821 τυχε
2277 1746 2372 1805 οὖν
2393 1753 2458 1820 τῇ
2505 1752 2636 1822 περὶ
2669 1751 2850 1805 αὐτῶν
2881 1752 3003 1822 ἱερᾷ
3027 1749 3194 1806 αὐτοῦ
3237 1748 3432 1820 βίϐλῳ,
3472 1749 3688 1801 κάκεῖσε

2120 1841 2397 1914 διαγνώσῃ
2441 1841 2477 1896 ἃ
2511 1844 2702 1912 μαθεῖν
2735 1841 2972 1910 ἐφίεσαι.
3016 1841 3081 1896 Ἥ
3103 1840 3159 1894 δὲ
3183 1840 3319 1908 ἁγία
3348 1829 3691 1906 οἱκουμενιιιὴ

2121 1933 2255 2002 ἕκτη
2283 1933 2496 1996 σύνοδος
2523 1935 2582 1987 ἐν
2607 1934 2760 2003 τόπῳ
2780 1933 3048 2003 τετάρτῳ,
3081 1930 3281 2000 πράξει
3312 1929 3536 2000 δεκάτῃ,
3571 1928 3691 1996 περὶ

2123 2024 2277 2079 τοῦδε
2308 2025 2401 2079 τοῦ
2451 2025 2611 2094 ἁγίου
2667 2026 2790 2080 τάδε
2835 2024 3031 2093 λέγει·
3101 2021 3555 2090 Ἀνεγνὼσθησαν
3605 2017 3694 2071 καὶ

2125 2117 2299 2172 ἄλλων
2327 2115 2541 2172 πολλῶν
2571 2116 2893 2187 μαρτυρίαι,
2929 2115 3010 2169 ἔτι
3037 2114 3129 2168 καὶ
3155 2115 3387 2185 χρήσεις
3409 2109 3504 2165 τοῦ
3543 2109 3690 2176 ἁγίου

2137 2207 2460 2277 Ἐπιφανίου
2491 2207 2556 2260 ὲκ
2602 2206 2709 2260 τῶν
2753 2205 3088 2274 Παναρίων,
3136 2203 3247 2256 ἀπὸ
3281 2202 3444 2270 λόγου
3477 2195 3571 2265 ξθ’·
3607 2197 3692 2248 καὶ

2091 2357 2100 2364 _
2126 2300 2290 2354 πάλιν
2317 2301 2349 2369 ὴ
2381 2298 2522 2370 αὑτὴ
2551 2299 2717 2365 λέγει·
2759 2299 2871 2353 Καὶ
2893 2296 3132 2350 πειθέτω
3155 2296 3310 2364 ἡμᾶς
3330 2295 3358 2347 6
3395 2288 3692 2361 περιφανὴς

445 2389 688 2444 eximius
727 2389 891 2446 Pater
939 2400 1126 2448 noster
1147 2393 1489 2464 Epiphanius
1538 2404 1774 2450 tractatu
1828 2405 2022 2452 contra
2074 2375 2094 2392 I

2127 2392 2317 2463 Πατὴρ
2345 2393 2501 2462 ἡμῶν
2541 2390 2860 2460 Ἐπιφάνιος
2891 2391 2950 2444 ὲν
2977 2389 3056 2458 τῷ
3086 2387 3230 2441 κατὰ
3275 2387 3331 2441 Ἀ
3345 2381 3692 2457 ρειομανιτῶν

2125 2483 2293 2554 λόγῳ.
2328 2485 2440 2537 Καὶ
2473 2485 2506 2554 ἡ
2537 2482 2670 2550 ἁγία
2693 2479 3046 2551 οίκουμενικὴ
3071 2479 3116 2544 ζ’
3144 2477 3364 2536 σύνοδος
3395 2479 3452 2528 ὲν
3478 2475 3542 2543 τῇ
3566 2471 3688 2540 ’έκτῃ

2127 2577 2325 2650 πράξει
2352 2575 2526 2647 αὐτῆς
2572 2573 2712 2629 οὕτω
2739 2574 2907 2644 λέγει·
2953 2573 3020 2628 Ai.
3056 2572 3229 2643 βίϐλοι
3259 2569 3358 2623 τοῦ
3409 2569 3562 2634 ἁγίου
3592 2567 3693 2617 Πα-

2127 2670 2255 2741 τρὺς
2283 2668 2440 2740 ἡμῶν
2484 2667 2828 2734 Ἐπιφανίου,
2859 2665 2893 2735 ἥ
2925 2681 2986 2718 τε
3010 2663 3285 2733 λεγομένη
3318 2656 3690 2728 Ἀγκυρωτὸς,

2127 2762 2223 2815 καὶ
2257 2761 2314 2815 αἱ
2349 2759 2538 2814 λοιπαὶ
2567 2759 2648 2822 είς
2670 2760 2851 2812 πᾶσαν
2892 2755 2991 2828 τὴν
3036 2756 3367 2824 οίκουμένην
3395 2749 3692 2815 διαϐεϐόην-

2127 2872 2234 2922 ται,
2269 2853 2363 2908 καὶ
2391 2854 2420 2907 6
2457 2852 2695 2923 φθόγγος
2735 2849 2918 2904 αὐτῶν
2974 2848 3263 2919 ἐξήχηται,
3305 2847 3402 2900 καὶ
3441 2842 3586 2913 παρὰ
3613 2857 3694 2910 μι-

2129 2947 2263 3018 κρὸν
2307 2944 2449 3000 κατὰ
2495 2945 2682 2998 πᾶσαν
2703 2941 3033 3012 Ἐκκλησίαν
3088 2937 3493 3008 διεσπαρμέναι
3540 2931 3691 2986 είσίν.

2129 3039 2300 3102 Οὗτος
2322 3033 2416 3092 οὖν
2444 3039 2473 3091 6
2518 3037 2674 3106 ἅγιος
2725 3037 2784 3092 ὲν
2815 3038 2929 3098 τοῖς
2983 3033 3305 3105 εἰρημένοις
3370 3028 3605 3101 βιϐλίοις,
3638 3025 3691 3076 ὲν

2132 3131 2231 3202 μὲν
2254 3133 2369 3194 τοῖς
2399 3131 2722 3199 Παναρίοις
2751 3129 2816 3180 ὲκ
2848 3124 2943 3180 τοῦ
2980 3125 3123 3180 κατὰ
3179 3121 3518 3193 Ἥμιαρείων
3539 3116 3690 3182 λόγου

2131 3222 2317 3294 φησίν
2357 3219 2716 3292 Ὀμολογοῦσι
2763 3218 2894 3290 μίαν
2925 3218 3157 3287 θεότητα
3184 3215 3282 3269 καὶ
3313 3209 3584 3307 βασιλείαν
3607 3205 3694 3307 καὶ

2130 3315 2304 3386 ἀρχὴν
2330 3329 2347 3346 °
2397 3313 2603 3384 ὁμοίως
2627 3313 2696 3367 τὰ
2744 3312 3012 3382 πρόσωπα
3056 3312 3114 3364 ὲν
3145 3309 3268 3372 ταῖς
3327 3305 3571 3374 tam-mor
3595 3305 3695 3350 τῶν

2135 3404 2490 3462 ὑποστάσεων
2520 3405 2764 3470 εὐσεϐῶς
2794 3403 3146 3474 γνωρίζουσι⁸
3181 3400 3274 3454 τὸν
3306 3396 3526 3467 Πατέρα
3555 3391 3608 3444 ἐν
3634 3387 3696 3455 τῇ

2135 3501 2380 3573 πατρικῇ
2413 3499 2678 3571 αὖθεντίᾳ
2718 3499 3013 3568 ὑφεστῶτα
3039 3495 3316 3560 νοοῦντες,
3353 3489 3556 3547 καὶτὸν
3579 3483 3698 3537 Υίδν

2135 3597 2196 3649 οὐ
2247 3595 2414 3666 μέρος
2460 3594 2589 3648 ὄντα
2639 3593 2734 3648 τοῦ
2771 3593 3009 3660 Πατρὸς,
3055 3589 3190 3644 ἀλλὰ
3221 3579 3699 3676 καθαρῶς-τέλειον

2136 3689 2200 3740 ὲκ
2233 3687 2440 3741 τελείου
2490 3685 2892 3754 γεγεννημένον
2919 3683 3012 3738 καὶ
3046 3679 3342 3751 ὑφεστῶτα
3393 3673 3700 3745 ὁμολογοῦν’

2135 3797 2264 3842 τεςο
2307 3781 2397 3833 καὶ
2440 3778 2499 3832 τὸ
2549 3777 2775 3847 Πνεῦμα
2807 3776 2863 3829 δὲ
2904 3775 2967 3828 τὸ
2993 3775 3168 3842 ἅγιον,
3217 3771 3246 3824 δ
3295 3767 3475 3839 ἡθεία
3523 3755 3699 3830 Γραφὴ

2138 3869 2497 3941 Παράκλητον
2528 3866 2807 3936 ὀνομάζει,
2835 3867 2895 3918 ἐκ
2929 3863 3141 3934 Πατρδς
3173 3863 3242 3916 δι’
3265 3859 3399 3915 Υἱοῦ
3432 3849 3699 3924 ὑφεστῶτα

2139 3963 2524 4034 γνωρίζοντες.
2559 3961 2646 4024 Ἐν
2669 3959 2726 4013 δὲ
2753 3959 2830 4028 τῷ
2877 3952 3256 4026 Ἀγκυρωτῷ·
3291 3948 3512 4019 Πνεῦμα
3535 3943 3696 4034 onor.

2140 4030 2364 4122 Πνεῦμα
2397 4053 2656 4123 ἀληθείας
2701 4052 2838 4115 ἐστὶ,
2881 4049 2998 4118 φῶς
3049 4048 3252 4118 τρίτον,
3300 4041 3456 4114 παρὰ
3501 4030 3697 4123 Πατρζις

2139 4147 2234 4201 καὶ
2266 4120 2397 4199 Ῠὶοῦ
2419 4160 2432 4175 '
2471 4120 2565 4198 διαὶ
2600 4145 2717 4212 μετ’
2741 4142 2898 4210 ὀλίγα
2925 4159 2939 4172 ·
2964 4153 2970 4160 ·
2995 4141 3093 4194 Ὃν
3116 4141 3224 4208 γὰρ
3254 4137 3458 4208 τρόπον
3502 4120 3699 4212 Οὐδείς

2139 4237 2294 4305 ἔγνω
2315 4235 2422 4289 τὸν
2445 4209 2678 4301 Πατέρα
2703 4234 2754 4285 st
2795 4209 2874 4301 μὴ
2903 4234 2936 4286 δ
2960 4232 3111 4295 Υἱὸς,
3159 4228 3305 4282 οὐδὲ
3337 4227 3446 4280 τὸν
3497 4217 3626 4273 nar
3653 4209 3701 4305 si

2137 4299 2223 4398 liii
2278 4331 2310 4382 δ
2366 4299 2609 4394 Πατὴρ,
2641 4299 2803 4378 οὗτοί
2853 4323 3038 4393 τολμῶ
3093 4321 3277 4388 λέγειν
3338 4320 3420 4372 ὃτι
3480 4309 3598 4365 οὐδὲ
3647 4299 3702 4353 τὸ

2146 4419 2397 4490 Πνεῦμα,
2430 4421 2479 4472 εί
2508 4420 2582 4488 μὴ
2616 4421 2642 4472 6
2673 4417 2865 4485 Πατὴρ
2901 4418 2996 4468 καὶ
3031 4406 3058 4467 6
3099 4413 3230 4475 Υἱὸς
3252 4453 3267 4476 ,
3301 4408 3431 4504 παρ’
3461 4403 3518 4504 οῦ

2148 4487 2393 4583 ρεύεται,
2429 4487 2525 4565 καί
2562 4487 2694 4580 παρ’
2736 4508 2796 4562 οῦ
2831 4507 3122 4577 λαμϐάνει’
3160 4505 3257 4558 καὶ
3303 4501 3427 4558 οὐδὲ
3456 4497 3543 4550 τὸν
3583 4487 3701 4583 Υξδν

2147 4579 2242 4660 οιαὶ
2271 4605 2362 4657 τὸν
2400 4579 2716 4673 Πατέρα,εί
2754 4602 2828 4670 μὴ
2874 4600 2935 4653 τὸ
2971 4596 3194 4666 Πνεῦμα
3226 4597 3288 4650 τὸ
3335 4595 3506 4662 ἅγιον»
3542 4583 3599 4637 τδ
3627 4579 3703 4673 δθξ

473 4687 661 4756 Itaque
702 4664 1058 4758 perspicuum
1088 4698 1174 4746 est
1203 4700 1257 4745 et
1282 4691 1442 4760 plane
1496 4664 1872 4758 manifestum,
1925 4703 1979 4750 et
2017 4711 2034 4749 ε

2153 4696 2313 4762 ξάξον
2340 4664 2578 4765 ἀληθῶς,
2624 4664 2695 4747 ’τὸ
2724 4664 2978 4747 διδάσκον
3019 4691 3088 4743 τὰ
3120 4664 3346 4794 πάντα,
3389 4683 3418 4737 ὃ
3453 4664 3702 4794 ﬂagitio:

474 4783 632 4837 nobis
661 4791 717 4835 et
766 4796 796 4834 a
831 4781 1038 4838 Latinis
1074 4797 1261 4837 vocem
1321 4783 1493 4850 illam,
1536 4784 1713 4838 Etiam
1765 4800 1828 4839 ex
1884 4785 2046 4852 Filio,

472 4874 818 4943 desumptam
849 4887 970 4930 esse
999 4889 1031 4929 a
1060 4874 1383 4930 doctoribus
1405 4886 1458 4930 et
1493 4876 1800 4946 theologis:
1831 4893 1898 4933 ex
1928 4881 2048 4950 qui-

473 4965 576 5021 bus
601 4975 807 5022 sancta:
845 4967 1042 5037 synodi
1079 4968 1454 5032 oecumenicae,
1477 4967 1609 5024 dum
1637 4969 1867 5039 quacStio
1897 4974 2050 5027 theo-

475 5058 648 5129 logica
669 5066 1020 5125 tractaretur,
1046 5059 1376 5115 adhibebant
1393 5061 1749 5129 testimonia,
1787 5071 1846 5117 ut
1874 5078 1936 5117 ex
1945 5064 2049 5133 pli-

474 5161 659 5210 Catum
687 5161 792 5209 est.

2153 4788 2365 4858 Πατρὸς
2397 4787 2492 4840 καὶ
2523 4789 2586 4839 ἐκ
2616 4784 2711 4838 τοῦ
2760 4783 2894 4836 Υἱοῦ
2917 4797 2932 4812 °
2992 4784 3084 4836 καὶ
3139 4779 3274 4848 μετά
3312 4791 3435 4830 τινα
3459 4789 3472 4803 ·
3525 4763 3703 4858 Τοίνυν

2151 4850 2442 4951 Πατῆρῆν
2474 4880 2583 4942 ἀεὶ,
2635 4869 2733 4932 καὶ
2761 4877 2890 4939 Υἱὸς
2919 4871 2988 4947 ἦν
3033 4875 3138 4938 ἀεὶ,
3170 4873 3265 4927 καὶ
3313 4870 3373 4922 τὸ
3401 4860 3615 4926 Πνεῦμα
3647 4850 3705 4951 ἐξ

2147 4974 2243 5028 τοῦ
2283 4939 2498 5042 ﬁat-pb;
2524 4939 2620 5026 καὶ
2651 4969 2784 5024 Υίοῦ
2809 4939 2988 5023 πνέει.
3025 4966 3301 5038 Πρόδηλον
3338 4957 3430 5014 οὖν
3467 4958 3578 5056 ἐστι

2151 5064 2408 5136 φανερὸν,
2435 5065 2518 5117 ὅτι
2550 5064 2643 5118 καὶ
2671 5064 2834 5134 ἡμεῖς
2881 5079 2938 5114 τε
2964 5061 3058 5114 καὶ
3086 5061 3134 5111 οἶ
3173 5058 3394 5112 Λατῖνοι
3427 5045 3571 5144 “clpa

2149 5155 2487 5212 διδασκάλων
2521 5157 2613 5208 καὶ
2645 5153 2911 5222 θεολόγων
2939 5152 3038 5220 τῆς
3075 5146 3426 5217 Ἐκκλησίας,
3455 5138 3512 5191 τὸ
3539 5136 3627 5185 καὶ
3650 5136 3707 5222 εξ

475 5245 571 5305 τοῦ
597 5246 752 5315 Υίοῦ,
783 5245 1274 5318 παρελάϐομενοὲξ
1302 5241 1378 5302 ὧν
1444 5251 1540 5303 καὶ
1597 5249 1651 5303 ai
1710 5248 1867 5318 ἆγιαι
1930 5250 2310 5319 οίκουμενικαὶ
2364 5248 2568 5302 σύνοδοι
2633 5246 2962 5318 μαρτυρίαις
3011 5244 3103 5295 ἐπὶ
3149 5241 3375 5312 ζητήσει
3418 5228 3707 5292 θεολογικου

478 5341 809 5412 πράγματος
838 5344 1227 5416 προεκόμιζον,
1255 5345 1332 5408 ὡς
1363 5333 1783 5413 προδεδήλώται.

1148 5439 1392 5496 EPHES.

555 5530 623 5587 Et
677 5546 802 5586 cum
849 5531 964 5590 illis
1027 5535 1248 5605 quidem
1311 5535 1463 5590 licite
1529 5549 1594 5589 ac
1647 5531 2051 5590 rationabiliter

489 5620 664 5685 fuisse
705 5625 1008 5695 appositum
1077 5627 1334 5700 Symboto
1381 5629 1807 5685 additamentum
1865 5627 2049 5689 aiunt;

569 5796 611 5839 ⁸¹
635 5796 826 5862 Matth.
857 5813 936 5870 ιι,
969 5803 1060 5860 9.7.

2900 5427 3050 5483 ΦΕΣ.

2228 5526 2340 5581 Καὶ
2371 5524 2488 5595 μετ’
2527 5524 2752 5578 ἐκείνων
2785 5429 2898 5592 μὲξ2
2929 5519 3169 5591 οεμιτῶς
3225 5518 3319 5572 καὶ
3365 5507 3591 5606 εὐλόγως
3618 5494 3708 5606 ﬁl:

2169 5587 2493 5692 προσθηκην
2542 5619 2602 5672 ὲν
2635 5616 2714 5688 τῷ
2755 5587 3014 5685 συμϐάλοι
3059 5611 3346 5681 γεγονέναι
3393 5600 3556 5677 φασί⁰
3600 5587 3690 5666 μεθ
