3998 6446
226 343 326 401 125

1455 334 1755 396 CONTRA
1798 336 2227 400 EPHESIUM.

3360 344 3459 408 1‘26

222 450 375 523 ἡμῶν
399 449 458 506 δὲ
487 447 670 518 λέγειν
698 448 904 521 ταύτην
931 448 991 504 οὐ
1032 448 1421 519 καταδέχονται
1449 464 1464 480 ο
1502 449 1682 502 καίτοι
1716 467 1759 516 γε

1888 450 2336 508 nobiscumer
2367 453 2499 509 illud
2524 454 2837 526 exprimere
2871 456 3189 527 neutiquam
3230 456 3454 519 volunt:

217 546 280 601 τὸ
306 544 534 614 θεμιτῶς
565 545 659 598 καὶ
694 543 933 613 εὐλόγως
963 545 1256 613 γενόμενον
1300 544 1381 607 τίς
1405 545 1471 597 ἂν
1500 545 1775 614 παραιτή-

221 653 370 693 σαιτο
399 637 579 708 λέγειν
608 654 627 702 ;

887 731 1092 787 ΔΠΟΛ.

285 816 329 870 Τ
330 817 359 871 b
390 816 490 888 μὲν
515 817 609 872 οὖν
632 818 871 890 θεμιτῶς
894 823 985 875 καὶ
1016 822 1255 891 εὐλόγως
1285 824 1455 892 λέγει,
1500 826 1561 878 τὸ
1581 827 1634 879 δὲ
1670 836 1774 898 προ

214 910 403 965 τούτου
428 915 782 983 παρασιωπᾷο
818 915 970 967 ποῖον
998 914 1060 984 δὴ
1086 898 1277 981 reﬁce;
1315 917 1386 970 Tb
1406 917 1502 986 τὴν
1531 919 1638 971 τῶν
1673 923 1774 988 ῥη-

215 1004 404 1074 μάτων
420 1006 639 1058 ἐκείνων
661 1007 960 1071 ἀνάπτυξιν
981 1007 1100 1075 τὴν,
1116 1008 1209 1061 καὶ
1228 1010 1292 1062 ὲκ
1315 1010 1410 1063 τοῦ
1439 1012 1590 1073 Υίοῦ,
1613 1014 1772 1082 χάριν

210 1094 306 1149 τοῦ
340 1097 443 1166 τὴν
479 1096 742 1164 ἀλήθειαν
787 1100 1206 1170 σαφηνισθῆναι,
1249 1104 1495 1172 ἀνάγκης
1515 1106 1633 1158 τότε
1656 1109 1774 1160 ὲπι-

209 1189 507 1258 κειμένης⁹,
575 1190 812 1259 θεμιτῶς
865 1193 959 1246 καὶ
992 1193 1229 1263 εὐλόγως
1285 1198 1343 1250 ἐν
1390 1198 1469 1267 τῷ
1520 1200 1774 1271 συμϐόλῳ

208 1278 599 1347 προστεθῆναι.
629 1280 694 1334 Τί
720 1278 854 1347 οὗνς
885 1285 1067 1338 πᾶσαν
1112 1286 1413 1353 ἀνάπτυξιν
1456 1289 1551 1342 καὶ
1592 1292 1772 1362 σαφή-

208 1388 359 1424 νειαν
390 1372 599 1444 ἀνάγκη
627 1374 714 1427 ἀεὶ
736 1378 1089 1445 προσκεῖσθαι
1111 1379 1188 1449 τῷ
1216 1382 1473 1453 κειμένῳ,
1536 1387 1629 1437 καὶ
1664 1404 1772 1455 χω-

209 1462 296 1531 ρὶς
314 1464 519 1534 ταύτης
547 1466 623 1534 μὴ
657 1467 1118 1535 ἀναγινώσκεσθαι
1142 1471 1202 1525 τὸ
1223 1478 1477 1543 κείμενον
1496 1480 1592 1544 τῆς
1624 1480 1774 1542 θείας

205 1553 465 1625 Γραφῗκῖ
498 1555 576 1612 Ἦ
604 1558 691 1614 διὰ
714 1562 775 1615 τὸ
804 1561 879 1633 μὴ
906 1563 1375 1631 ἀναγινώσκεσθαι
1398 1568 1540 1623 οὕτω
1567 1589 1773 1641 συνημ-

208 1646 413 1716 μένως,
439 1650 503 1702 οὐ
552 1650 795 1721 θεμιτῶς
840 1655 936 1709 καὶ
986 1657 1223 1727 εὐλόγως
1249 1661 1485 1731 ἐροῦμεν
1509 1662 1606 1733 τὴν
1640 1665 1773 1718 ἀνά-

205 1738 405 1808 πτυξιν
428 1744 709 1811 γεγονέναι
736 1746 827 1800 καὶ
852 1749 970 1819 τὴν
1004 1753 1305 1821 σαφήνειαν
1355 1754 1455 1823 τὴν
1500 1755 1640 1825 μετά
1669 1755 1764 1809 τοῦ

198 1830 467 1900 κειμένου
496 1833 821 1906 ἡνωμένην;
847 1839 957 1894 Καὶ
983 1842 1065 1905 τίς
1097 1843 1163 1897 ἂν
1202 1843 1361 1901 τοῦτο
1389 1846 1508 1916 ὲρεῖ
1550 1847 1643 1902 νοῦ
1677 1850 1763 1903 καί

204 1927 427 1997 φρενῶν
454 1924 676 2001 κύριοςς
694 1928 887 2002 Ἡμεῖς
906 1933 1014 2005 γὰρ
1045 1934 1292 2007 ἔγνωμεν
1316 1938 1415 2007 τὴν
1444 1942 1503 1995 ὲν
1531 1942 1609 2012 τῷ
1630 1944 1771 1996 κατά

212 2018 472 2088 Ἰωάννην
498 2021 817 2094 Etiam).qu
844 2026 1135 2096 δεκάλογον
1169 2033 1323 2102 παρὰ
1354 2032 1636 2087 Βασιλείου
1673 2033 1768 2088 τοῦ

200 2112 463 2179 Μεγάλου
518 2116 943 2185 σαφηνισθεῖσαν
970 2137 986 2156 ν
1031 2123 1127 2175 καὶ
1169 2124 1232 2177 τὸ
1263 2125 1396 2179 αὐτὸ
1444 2126 1591 2182 ἅπαν
1624 2129 1770 2199 ίερδν

199 2203 536 2274 Εὐαγγέλιον
588 2210 739 2279 παρά
801 2212 1048 2267 Ἰωάννου
1104 2215 1199 2269 τοῦ
1234 2217 1624 2289 Χρυσοστόμου
1668 2224 1769 2291 τὴν

198 2296 509 2364 σαφήνειαν
561 2296 856 2369 δεξάμενον
884 2342 901 2367 ,
956 2304 1052 2358 καὶ
1116 2306 1269 2376 παρὰ
1316 2308 1411 2360 τοῦ
1476 2307 1765 2364 θεσπεσίου

194 2385 475 2455 Κυρίλλου
511 2390 602 2442 καὶ
630 2389 806 2444 ἄλλων
827 2408 840 2422 ο
874 2394 988 2446 ἀλλ’
1032 2395 1090 2448 οὐ
1125 2399 1266 2467 μετὰ
1313 2400 1415 2470 τῆς
1449 2401 1768 2472 ἐξηγήσεως

201 2480 302 2531 καὶ
325 2480 620 2548 σαφηνείας
638 2482 724 2535 ἀεὶ
748 2485 833 2537 ἐπ’
853 2485 1182 2558 Ἐκκλησίαν
1204 2491 1660 2564 ἀναγινώσκεται,
1687 2497 1768 2551 διὸ

198 2569 251 2621 εί
278 2568 383 2637 μὲν
412 2570 472 2623 τὸ
503 2573 746 2629 ἐλλεῖπον
778 2576 810 2647 ἦ
841 2577 902 2631 τὸ
956 2582 1466 2655 παραλελειμμένον
1500 2587 1765 2659 ἐλέγομεν

193 2663 568 2732 προστεθῆναι
616 2666 649 2736 ἦ
698 2669 1158 2743 ἀναπληρωθῆναι
1180 2714 1195 2739 ,
1228 2673 1346 2730 εἶτα
1381 2680 1445 2731 οὐ
1504 2681 1641 2749 μετά
1670 2681 1764 2736 τοῦ

193 2758 597 2824 προστεθέντος
627 2762 703 2823 είς
739 2766 1130 2835 ἀναπλήρωσιν
1180 2770 1486 2843 ὲᾴάλλομεν
1520 2817 1534 2840 ,
1583 2776 1765 2842 καλῶς

191 2844 260 2900 ἂν
290 2848 440 2917 εῖχεν
470 2850 722 2919 ἐγκαλεῖν
754 2857 887 2924 ἡμῖν
909 2875 923 2890 ⁶
968 2861 1090 2915 ἐπεὶ
1120 2862 1175 2916 δὲ
1222 2864 1521 2934 ἀνάπτυξιν
1570 2867 1762 2923 ἀκούει

192 2939 290 2991 καὶ
320 2941 642 3011 σαφήνειαν,
690 2948 723 3016 ἡ
756 2948 812 3001 δὲ
862 2951 1159 3018 ἀνάπτυξις
1186 2956 1425 3011 οὐκνάει
1478 2961 1615 3026 μετά
1665 2960 1761 3014 τοῦ

192 3032 453 3100 κειμένου
479 3037 937 3107 ἀναγινώσκεται,
969 3044 1028 3096 οὐ
1052 3034 1298 3110 ’δικαίως
1341 3050 1567 3116 ἐγκαλεῖ
1604 3054 1759 3124 ἡμῖν.

190 3122 369 3176 Τοῦτο
399 3124 562 3193 μόνον
595 3128 741 3183 ἐστὶν
770 3131 1006 3200 ἀνάγκη,
1028 3134 1109 3188 ὅτι
1135 3139 1242 3190 πᾶν
1267 3140 1329 3190 τὸ
1353 3122 1757 3212 ὲξαπλούμενον

186 3215 219 3285 ἢ
258 3219 696 3288 σαφηνιζόμενον
726 3224 789 3275 ὲκ
808 3226 916 3277 τῶν
949 3227 1116 3295 ἁγίων
1141 3228 1223 3284 δεῖ
1244 3231 1389 3302 ἔχειν
1419 3233 1516 3305 τὴν
1552 3254 1757 3304 μαρτυ-

190 3309 341 3377 ρίαν·
372 3310 541 3373 καὶ,ὄ
567 3329 617 3365 τι
663 3313 730 3368 ἂν
770 3319 969 3390 ποιήσῃ
1014 3321 1250 3388 σύνοδος,
1299 3326 1397 3378 οὐκ
1443 3328 1602 3381 ἄλλον
1630 3332 1755 3398 ὅρον

186 3404 344 3459 ποιεῖ
368 3403 458 3457 διά
484 3405 583 3473 τῆς
613 3408 994 3480 ὲπεισαγωγῆς
1034 3413 1144 3467 τῶν
1172 3417 1602 3485 προστεθέντων,
1638 3424 1756 3477 ἀλλ’

185 3494 357 3550 αὐτὸν
387 3497 594 3551 ἐκεῖνον
617 3498 708 3553 τὸν
731 3501 947 3570 πρῶτον
976 3503 1102 3574 ὅρον
1135 3506 1358 3571 ὲξαπλοῖ
1398 3510 1492 3564 καὶ
1529 3513 1684 3579 ἐπεξε
1696 3533 1754 3585 ρ-

176 3587 446 3669 γάζεται.
479 3591 589 3646 Καὶ
613 3592 693 3646 ὅτι
718 3593 864 3647 τοῦθ’
904 3590 1077 3660 οὕτως
1100 3598 1235 3668 ἔχει,
1273 3601 1508 3657 ἄκουσον
1536 3607 1631 3660 καὶ
1658 3608 1752 3661 τοῦ

187 3681 343 3752 ίεροῦ
372 3682 625 3751 Μαξίμου
652 3683 798 3739 οὕτω
831 3686 1197 3756 βεϐαιοῦντος
1249 3696 1379 3762 φησὶ
1440 3697 1545 3768 γὰρ
1580 3700 1638 3753 ἐν
1686 3703 1751 3771 τῇ

188 3775 445 3845 συντόμῳ
470 3776 734 3849 ἀπολογίᾳ
767 3780 954 3847 αὐτοῦ,
995 3783 1062 3854 ἢν
1107 3788 1339 3841 ποιεῖται
1373 3789 1511 3861 ὑπὲρ
1547 3793 1645 3863 τῆς
1695 3797 1753 3847 ὲν

186 3866 499 3937 Καλχηδόνι
534 3870 772 3937 συνόδου,
804 3865 931 3945 ἦςή
982 3875 1149 3947 ἀρχήο
1223 3879 1442 3952 Ἐπειδὴ
1477 3884 1596 3937 λίαν
1628 3903 1753 3955 γεν-

184 3958 352 4022 ναίως
381 3959 412 4029 ἢ
441 3960 682 4027 ἀγεννῶς
706 3965 879 4018 είπεῖν
907 3967 1255 4037 οἰκειότερον·
1285 3973 1347 4025 Et
1373 3972 1482 4044 γὰρ
1514 3976 1628 4029 ἔστι
1658 3978 1753 4031 τά-

187 4050 329 4121 ληθῆ
360 4052 501 4124 ὑπὲρ
543 4055 803 4126 ἀληθείας
857 4060 1052 4125 εἰπεῖν,
1105 4064 1308 4128 πάντες
1358 4067 1408 4120 οἱ
1458 4070 1594 4137 μετά
1651 4073 1750 4142 τὴν

187 4145 446 4201 Νικαέων
480 4148 746 4221 θεόκριτοι
780 4152 1040 4224 Πατέρες,
1072 4159 1167 4212 καὶ
1211 4160 1362 4214 πᾶσα
1412 4162 1628 4227 σύνοδος
1658 4166 1752 4237 ὁρ-

189 4238 419 4325 θοδόξων
446 4245 538 4294 καὶ
566 4243 737 4308 ἁγίων
765 4246 998 4316 ἀνδρῶν,
1031 4247 1130 4301 οὐκ
1166 4249 1327 4306 ἄλλον
1361 4254 1599 4319 πίστεως
1625 4259 1750 4327 ὅρον

186 4320 276 4386 διὰ
299 4336 403 4404 τῆς
426 4337 817 4407 ὲπεισαγωγῆς
848 4340 957 4393 τῶν
1004 4343 1224 4397 οἰκείων
1254 4347 1519 4415 ῥημάτων
1550 4320 1750 4403 παντε-

1880 559 2193 613 quanquam
2227 548 2371 615 quod
2408 549 2558 605 licite
2580 564 2645 605 ac
2672 551 3075 607 rationabiliter
3107 551 3311 607 factum
3349 558 3455 617 est,

1877 638 2001 706 quis
2027 649 2244 696 recuset
2269 642 2616 711 exprimere?

2570 736 2766 792 RESP.

1952 825 2295 885 Deﬁnitionis
2347 830 2511 883 verba
2542 830 2631 883 illa
2663 849 2676 885 :
2711 830 2887 885 Licite
2926 845 2991 884 ac
3029 831 3452 895 rationabiliter,

1879 918 2067 985 ponit,
2098 920 2472 973 antecedentia
2499 937 2632 976 vero
2678 931 2856 989 tacet;
2889 931 2943 977 et
3007 938 3255 993 quaenam
3316 923 3450 986 Ιιιιιο,

1877 1008 2173 1062 verborum
2202 1011 2416 1065 scilicet
2438 1010 2681 1076 illorum,
2726 1013 2995 1082 Filioque,
3029 1013 3449 1083 explicationem

1878 1100 2126 1154 veritatis
2182 1102 2530 1157 declarandae
2564 1107 2782 1173 gratia,
2838 1115 2892 1160 et
2946 1104 3268 1158 imminente
3323 1113 3452 1156 tunc

1876 1194 2231 1257 necessitate,
2265 1195 2415 1250 licite
2446 1210 2508 1248 ac
2532 1197 2938 1251 rationabiliter
2988 1196 3249 1265 Symbolo
3283 1195 3453 1249 fuisse

1877 1287 2204 1355 appositam.
2227 1286 2367 1351 Quid
2416 1286 2626 1357 igitur?
2657 1304 2883 1344 necesse
2914 1299 2999 1343 est
3029 1304 3243 1342 omnem
3288 1287 3453 1352 expli-

1875 1378 2150 1432 cationem
2182 1388 2236 1433 et
2269 1378 2699 1434 declarationem
2758 1380 2932 1435 textui
2987 1395 3202 1450 semper
3263 1379 3451 1449 adjici.

1877 1484 1977 1523 nec
2012 1468 2118 1539 legi
2173 1477 2357 1539 potest
2388 1471 2509 1526 sine
2544 1472 2636 1525 illa
2685 1480 2868 1528 textus
2906 1488 3079 1527 sacrae
3114 1471 3453 1539 Scriptum?

1874 1562 1955 1617 An
1990 1561 2123 1630 quia
2146 1562 2445 1619 recitamus
2488 1564 2811 1636 Symbolum
2842 1565 2962 1620 sine
3018 1564 3324 1633 adjectione
3353 1582 3450 1618 ex-

1875 1654 2212 1725 plicationis,
2254 1656 2505 1711 dicemus
2535 1657 2980 1728 explanationem
3008 1668 3062 1713 et
3118 1658 3455 1721 declaratio;

1880 1763 2004 1802 nem
2040 1748 2209 1803 textui
2240 1750 2545 1819 appositam
2579 1766 2680 1807 nec
2717 1752 2890 1819 licite,
2920 1767 3020 1807 nec
3051 1752 3453 1807 rationabiliter

1870 1838 2113 1895 factam?
2146 1841 2212 1894 Et
2262 1842 2388 1910 quis
2435 1842 2540 1898 hoc
2572 1842 2723 1899 dicat
2787 1845 2989 1900 mentis
3039 1860 3153 1900 sum
3191 1844 3453 1915 compos?

1873 1930 2092 1986 Scimus
2145 1932 2335 1987 decem
2403 1933 2686 2004 Evangelii
2725 1933 2957 1992 Joannis
2984 1938 3163 2008 capita
3196 1935 3370 1992 [uisse
3421 1953 3449 1991 a

1870 2037 2069 2093 magno
2092 2023 2295 2079 Basilio
2327 2028 2739 2082 commentariis
2763 2028 3068 2096 illustrata;
3096 2038 3152 2085 et
3183 2031 3324 2085 idem
3364 2032 3449 2085 in-

1875 2121 2089 2184 tegrum
2115 2130 2334 2169 sacrum
2365 2115 2720 2187 Evangelium
2755 2134 2786 2173 a
2814 2118 3032 2175 Joanne
3059 2119 3451 2188 Chrysostomo

1868 2206 2234 2271 declaratum,
2302 2220 2402 2263 nec
2450 2224 2559 2263 non
2620 2224 2647 2263 a
2701 2211 3165 2280 prmstantissimo
3224 2213 3450 2269 doctore

1867 2298 2094 2370 Cyrillo,
2120 2308 2175 2354 et
2206 2300 2363 2355 aliis:
2396 2317 2504 2356 non
2534 2316 2753 2373 semper
2785 2313 2968 2360 tamen
3002 2304 3137 2359 illud
3192 2304 3245 2358 in
3277 2306 3450 2357 eccle-

1867 2390 1951 2446 sia
1983 2391 2181 2459 legitur
2231 2406 2355 2447 cum
2403 2396 2781 2452 enarratione.
2831 2395 3015 2463 Quare
3037 2396 3084 2453 si
3138 2396 3452 2452 diceremus

1866 2486 2109 2541 additum
2154 2503 2277 2543 esse
2309 2491 2455 2559 quod
2485 2492 2699 2559 deerat,
2747 2501 2802 2548 et
2838 2493 3227 2564 supplemento
3274 2494 3449 2563 perfr-

1867 2591 2011 2635 ctum
2041 2582 2186 2650 quod
2243 2598 2353 2638 non
2407 2591 2526 2640 erat
2562 2586 2856 2655 integrum,
2888 2586 3089 2642 deinde
3124 2602 3448 2642 caneremus

1865 2673 2185 2745 Symbolum
2226 2676 2429 2745 absque
2482 2678 2668 2732 addito
2720 2679 3124 2747 supplemento,
3154 2689 3297 2735 esset
3347 2694 3450 2733 cur

1862 2765 2060 2820 merito
2101 2767 2171 2821 ab
2206 2768 2297 2821 illo
2323 2770 2877 2839 reprehenderentur.
2903 2772 3210 2840 Atqnando
3243 2771 3442 2826 factum

1866 2856 2018 2909 audit
2051 2856 2473 2925 explicationem
2497 2859 3056 2930 declarationemque,
3087 2877 3149 2916 ea
3172 2876 3303 2916 vero
3332 2876 3441 2915 non

1864 2960 2085 3014 semper
2106 2961 2229 3001 Clllll
2268 2956 2417 3002 textu
2450 2950 2667 3019 legitur,
2731 2952 2878 3005 nullo
2905 2967 3037 3007 sane
3095 2954 3288 3007 merito
3335 2968 3435 3007 nos

1863 3047 2105 3090 accusat.
2142 3036 2256 3092 Hoc
2283 3056 2451 3093 unum
2484 3050 2570 3095 est
2602 3043 3004 3107 necessarium,
3037 3052 3096 3097 ut
3119 3053 3441 3099 sanctorum

1868 3129 2200 3184 testimoniis
2226 3131 2512 3197 probatum
2541 3133 2611 3187 sit
2657 3148 2820 3188 omne
2853 3134 3002 3203 quod
3048 3136 3444 3203 explanatione

1863 3219 2197 3276 declaratur.
2224 3222 2357 3277 Nam
2402 3224 2673 3294 quidquid
2699 3227 2951 3281 statuerit
2972 3226 3240 3297 synodus,
3260 3242 3357 3295 per
3376 3242 3441 3281 ea

1858 3310 2162 3380 quaeiniert
2185 3314 2455 3382 addendo,
2491 3332 2598 3371 non
2626 3318 2787 3373 aliam
2821 3317 3198 3373 deﬁnitionem
3227 3320 3438 3381 condit,

1856 3404 1951 3458 sed
1999 3405 2173 3473 ipsam
2208 3406 2419 3474 priman
2486 3408 2861 3464 deﬁnitionem
2912 3410 3172 3481 explicat,
3215 3419 3270 3464 et
3346 3428 3443 3466 ex-

1856 3494 2146 3564 plicatione
2169 3498 2378 3552 dilatat.
2406 3500 2565 3565 Quod
2597 3509 2779 3556 autem
2820 3502 2924 3556 hoc
2964 3516 3152 3556 verum
3189 3502 3282 3565 sit,
3312 3504 3438 3556 audi

1855 3595 2107 3642 sanctum
2152 3586 2449 3645 Maximum
2491 3592 2565 3647 ita
2597 3593 2974 3648 testimonium
3009 3594 3363 3649 tribuentem.
3392 3593 3443 3650 Is

1854 3679 1998 3733 enim
2032 3680 2085 3733 in
2133 3683 2527 3751 compendiosa
2581 3699 2680 3752 sua
2740 3701 2838 3755 pro
2872 3686 3085 3756 synodo
3131 3685 3441 3741 Chalcedo-

1854 3771 2308 3841 nensiapOIOgia,
2342 3775 2501 3845 cujus
2533 3776 2745 3831 initium
2779 3786 2865 3833 est
2905 3776 3220 3844 :Quoniam
3278 3778 3443 3831 nimis

1853 3876 2119 3931 generoso
2176 3862 2382 3929 animo,
2426 3864 2511 3919 vel
2568 3874 2628 3920 ut
2675 3866 2852 3936 aptius
2878 3865 3078 3932 dicam,
3114 3867 3350 3938 ignavo,
3385 3865 3443 3922 Si

1852 3954 2018 4019 enim,
2077 3955 2282 4023 inquit,
2321 3956 2681 4014 licetverum
2720 3974 2819 4029 pro
2867 3962 3100 4015 veritate
3165 3961 3443 4029 proloqui,

1853 4061 2049 4100 omnes
2080 4055 2203 4115 post
2234 4046 2508 4102 Nicaanam
2565 4050 2836 4121 synodum
2873 4065 2901 4104 a
2937 4049 3046 4106 Deo
3101 4052 3291 4105 selecti
3340 4052 3441 4107 Pa-

1854 4152 1990 4200 tres,
2039 4152 2313 4205 omneque
2363 4139 2792 4194 orthodoxorum
2846 4148 3275 4211 sanctorumque
3329 4158 3445 4199 om-

1851 4229 2003 4283 nium
2060 4229 2384 4295 concilium,
2412 4231 2566 4287 nullo
2596 4232 2759 4287 modo
2806 4232 2968 4287 aliam
3005 4232 3268 4289 induxere
3316 4234 3443 4290 ﬁdei

1851 4319 2226 4375 deﬁnitionem
2261 4320 2377 4377 suis
2409 4321 2544 4391 ipsis
2570 4322 2751 4379 verbis
2785 4323 3009 4391 utendo,
3042 4334 3100 4377 ut
3127 4340 3225 4380 vos
3262 4324 3444 4382 dicitis

185 4425 293 4489 λῶς
322 4428 695 4499 ὲπεισήγαγον
720 4472 734 4496 ,
764 4434 840 4495 ώς
872 4434 1029 4502 ὑμεῖς
1054 4410 1451 4505 ἀποφαίνεσθε,
1497 4443 1747 4496 πλεῖστον

1868 4410 2143 4466 )luriiuum
2211 4413 2508 4469 delirantes
2550 4423 2604 4470 et
2654 4415 2869 4484 penitus
2922 4416 3298 4482 insanientes;
3346 4418 3441 4487 sed

190 4519 636 4590 παραληροῦντες
659 4525 753 4577 καὶ
769 4524 827 4577 τὸ
851 4501 971 4579 ὅλον
996 4501 1332 4598 μαινόμενοι·
1353 4501 1467 4587 ἀλλ’
1491 4536 1652 4589 αὐτὸν
1672 4539 1751 4599 εἰς

1877 4517 2029 4570 psam
2057 4502 2130 4556 uti
2161 4502 2392 4573 primam
2427 4503 2754 4569 et‘unicam,
2780 4521 2900 4576 qua:
2925 4520 2955 4559 a
2989 4506 3195 4563 sanctis
3225 4513 3444 4562 trecen-

188 4613 404 4677 πρῶτον
429 4614 522 4667 καὶ
541 4617 698 4682 μόνον
712 4618 800 4669 τὸν
822 4619 886 4673 ὲκ
908 4620 1014 4674 τῶν
1040 4621 1143 4692 τιη¹
1167 4627 1428 4695 Πατέρων
1453 4630 1751 4700 νομοθετη-

190 4705 345 4759 θέντα
373 4706 603 4778 βεϐαίως
622 4710 929 4781 ἐκύρωσαν,
949 4717 1276 4783 τρανοῦντες
1334 4721 1496 4774 αὐτὸν
1523 4725 1614 4776 καὶ
1639 4720 1750 4777 οἷον

192 4798 617 4867 ἔπεξηγούμενοί
632 4819 689 4855 τε
710 4804 805 4856 καὶ
827 4803 981 4869 ὲπεξε
993 4808 1318 4877 ργαζόμενοι
1337 4812 1423 4865 διὰ
1450 4815 1575 4877 τοὺς
1605 4818 1751 4870 ὲκεί-

190 4905 275 4943 νσν
302 4893 396 4945 καὶ
420 4892 490 4947 τά
509 4893 718 4947 ἐκείνου
738 4897 983 4967 δόγματα
1006 4902 1141 4971 πρὸς
1170 4902 1271 4972 τὴν
1299 4905 1508 4961 οἰκείαν
1561 4912 1747 4975 κακῶς

189 4981 627 5054 ὲκλαμϐἀνοντας
695 4986 788 5040 καὶ
837 4989 1356 5067 παρεξηγουμμένους
1399 4996 1740 5056 δυσσέϐειαν.

861 5079 1053 5137 ΕΦΕΣ.

253 5165 369 5220 Καὶ
402 5165 521 5236 μετ’
552 5168 781 5224 ικείνων
811 5171 909 5237 μὲν
935 5172 995 5226 rb
1023 5170 1231 5244 ἄζυμον
1262 5176 1424 5249 σῶμα
1469 5179 1565 5233 τοῦ
1612 5182 1738 5253 Χρι-

194 5258 313 5312 στοῦ
341 5258 593 5328 λέγουσι,
640 5261 762 5331 μεθ’
790 5263 948 5335 ἡμῶν
990 5265 1046 5319 δὲ
1086 5267 1252 5322 αὐτοῦ
1307 5271 1748 5345 μεταλαμϐάνειν

193 5350 284 5405 οὐκ
310 5353 379 5408 ἂν
399 5353 751 5427 τολμήσαιεν.

854 5448 1066 5510 ΔΠΟΛ.

259 5532 380 5588 Ὅτι
423 5536 524 5607 μὲν
543 5528 641 5593 οὗν
668 5540 897 5609 δγκαλεῖ
938 5545 1090 5615 ἡμῖν,
1123 5548 1220 5602 καὶ
1265 5550 1513 5623 διασύρει
1559 5555 1747 5610 ἕνεκεν

197 5622 293 5679 τῶν
319 5629 562 5699 ἀζύμων,
596 5630 772 5689 οἶδεν*
810 5638 893 5690 ὅτι
920 5639 978 5692 δὲ
1007 5642 1033 5693 δ
1072 5642 1279 5713 Κύριος
1306 5646 1375 5699 δι’
1408 5622 1618 5717 ἀζύμου
1645 5650 1746 5722 τὴν

201 5723 448 5790 μυστικὴν
479 5725 697 5779 ἐτέλεσε
726 5726 923 5781 θυσίαν
948 5729 1093 5794 τότε,
1119 5734 1216 5786 οὐκ
1246 5732 1410 5799 οἶδεν,
1440 5740 1560 5792 οὐδὲ
1593 5742 1746 5795 ἀδιά-

203 5815 348 5886 φορον
393 5814 599 5889 ἡγεῖται
648 5816 710 5872 τὸ
744 5817 813 5872 δι’
843 5817 1079 5893 ἐνζύμου
1109 5822 1141 5902 ἢ
1170 5825 1238 5879 δι’
1273 5828 1486 5899 ἀζύμου
1524 5831 1618 5902 τὴν
1653 5834 1739 5886 Ou-

1860 4593 1930 4648 tis
1962 4593 2150 4657 decem
2175 4600 2228 4648 et
2251 4601 2378 4648 octo
2404 4594 2665 4651 Patribus
2718 4596 2928 4651 sancita
2960 4604 3067 4664 est,
3112 4596 3323 4652 ﬁrmam
3387 4605 3441 4650 et

1861 4692 2039 4740 ratam
2102 4700 2226 4742 esse
2258 4687 2571 4754 voluerunt,
2625 4688 2985 4746 dilucidantes
3042 4706 3185 4758 eam,
3241 4700 3296 4748 et
3327 4693 3442 4749 vel-

1860 4778 1940 4833 uti
1969 4779 2214 4849 apertius
2230 4782 2604 4847 enucleantes,
2627 4795 2850 4852 propter
2871 4799 2965 4839 eos
2984 4784 3074 4853 qui
3098 4784 3242 4840 illam
3268 4786 3444 4843 illius-

1854 4886 1960 4937 que
2013 4871 2266 4942 dogmata
2326 4876 2513 4943 pravis
2577 4875 3127 4946 interpretationibus
3151 4879 3218 4933 ad
3281 4894 3440 4936 suam

1858 4961 2110 5030 ipsorum
2164 4964 2497 5035 detorquent
2528 4965 2885 5037 impietatem.

2520 5103 2771 5161 EPHES.

1924 5192 1990 5246 Et
2015 5206 2139 5247 cum
2163 5192 2270 5249 illis
2288 5194 2514 5264 quidem
2546 5213 2801 5270 azymum
2838 5199 3045 5255 Christi
3077 5215 3277 5270 corpus
3317 5215 3441 5256 esse

1852 5282 2065 5349 dicunt,
2093 5285 2378 5342 nobiscum
2429 5303 2561 5344 vero
2585 5289 2718 5345 illud
2766 5289 2832 5345 ad
2866 5292 3309 5347 communionem
3344 5308 3440 5348 su-.

1854 5389 2003 5432 mere
2032 5393 2141 5432 non
2170 5380 2373 5436 ausint.

2542 5474 2739 5530 RESP.

1922 5557 2225 5633 Objurgare
2260 5564 2507 5634 quidem,
2564 5576 2618 5622 et
2675 5567 2964 5625 detrahere
3014 5570 3170 5626 nobis
3214 5582 3434 5643 prepter

1851 5667 2041 5725 azyma
2070 5657 2245 5724 novit,
2279 5659 2497 5730 ignorat
2530 5671 2709 5716 autem
2737 5678 2831 5731 per
2854 5679 3104 5735 azy-mum
3131 5681 3157 5719 a
3200 5663 3433 5725 Domino

1850 5745 2021 5802 fuisse
2045 5747 2173 5802 olim
2206 5759 2488 5819 peractum
2559 5753 2850 5824 mysticum
2901 5756 3277 5824 sacriﬁcium;
3331 5774 3431 5816 nec

1851 5847 2002 5909 putat
2033 5839 2373 5911 indiﬂ‘ercus,
2425 5842 2541 5901 sive
2568 5859 2665 5917 per
2687 5859 2959 5918 azymum,
3012 5848 3125 5905 sive
3175 5864 3268 5921 per
3317 5849 3428 5915 [ειη
