3998 6444
582 315 685 378 127
1509 319 1892 383 GREGORII
1920 323 2143 385 MAMM

2258 327 2371 388 (ΣΡ.
2403 329 2922 392 ΡΑΤΒΙΑΒΕΗᾸΞ
3694 340 3778 409 128

583 439 885 485 mentatum
914 429 1203 493 conﬁcere,
1237 430 1328 485 sed
1364 433 1546 487 omnia
1581 433 1781 490 frustra
1824 450 1948 492 esse
2001 437 2143 492 arbi-

2249 439 2370 495 σίαν
2403 427 2698 497 τελεῖσθαι.
2732 445 2896 510 Ἀλλ’,
2935 445 3009 508 ὡς
3032 446 3219 513 οἴεται,
3249 448 3448 512 πάντα.
3485 450 3518 521 ἦ
3548 468 3602 504 τε
3649 468 3781 525 ιερω.

584 532 780 589 tratur,
834 523 1227 590 sacerdotium,
1286 525 1476 589 altare,
1530 526 1870 581 Dominicam
1921 543 2143 585 vocem:

2255 528 2408 599 σύνη,
2437 533 2532 583 καὶ
2561 533 2621 584 τὸ
2646 534 3053 602 ϐυσιαστήριον,
3088 535 3182 588 καὶ
3211 537 3243 608 ἡ
3273 539 3423 608 φωνὴ
3454 539 3518 606 ἣν
3537 523 3781 612 προήιιατο

582 615 697 670 Iloc
723 617 883 686 facile
915 617 970 668 in
1011 633 1181 671 meam
1242 617 1826 686 commemorationem;
1855 629 1906 677 et
1964 621 2143 676 divina

2252 622 2280 674 ὁ
2307 621 2532 690 Κύριος,
2570 624 2754 678 Τοῦτο
2782 625 3004 679 ποιεῖτε
3025 628 3110 693 εις
3141 628 3257 696 τὴν
3277 628 3432 698 ἐμὴν
3454 630 3780 701 ἀνάμνησιν,

578 709 777 762 verba:
809 707 922 761 Hoc
961 718 1039 762 est
1073 725 1261 777 corpus
1302 727 1471 764 meum
1491 729 1512 777 ;
1547 721 1638 767 et:
1681 712 1781 767 Hic
1808 722 1884 768 est
1938 713 2143 783 sanguis

2251 717 2342 769 καὶ
2373 717 2437 770 τὰ
2488 718 2606 772 θεῖα
2660 721 2902 790 ῥήματα,
2941 723 3126 777 Τοῦτό
3177 725 3312 779 ἐστι
3364 727 3429 781 τὸ
3466 727 3627 798 σῶμά
3661 748 3780 798 μου,

580 815 726 852 meus
761 801 827 861 ¹²,
849 807 904 852 et
933 800 1179 869 reliquos
1210 802 1346 857 ritus
1370 802 1459 872 qui
1520 803 1907 869 observantur,
1941 806 1987 860 si
2039 820 2143 860 non

2250 807 2366 868 atati,
2424 809 2608 864 Τοῦτό
2637 811 2768 865 ἐστι
2807 814 2875 865 τὸ
2905 810 3050 882 αἷμά
3083 833 3227 885 μου,
3265 817 3362 870 καὶ
3404 819 3550 871 πᾶσα
3595 821 3779 891 τελετὴ,

579 889 724 942 adsit
749 889 990 956 ejusdem
1017 907 1234 956 massae,
1267 907 1360 947 seu
1388 894 1631 962 ejusdem
1685 897 1931 951 materiae
1970 895 2143 950 modi-

2251 901 2396 972 ἀργά
2417 905 2522 957 εἰσι
2557 905 2643 959 διὰ
2677 908 2738 959 τὺ
2791 909 2864 978 μὴ
2899 910 3046 980 ἔχειν
3079 913 3142 964 ἐκ
3170 912 3265 966 τοῦ
3319 914 3482 968 αὐτοῦ
3525 889 3782 985 ὑποκειμέ-

578 997 704 1036 cum
738 982 1062 1051 acidumque
1111 983 1461 1040 fermentum.
1501 986 1656 1051 Quod
1700 1003 1833 1042 vero
1887 989 2143 1047 Dominus

2250 1011 2364 1055 νου.
2424 997 2456 1066 ἢ
2517 997 2579 1049 ἐκ
2611 998 2714 1068 τῆς
2765 1001 2931 1070 αὐτῆς
2981 1003 3113 1073 ὕλης
3160 1005 3333 1076 ὀξώδη
3385 982 3780 1078 μικρὰνζύμην.

581 1087 645 1126 ac
675 1071 816 1125 Deus
851 1086 1033 1127 noster
1059 1075 1225 1143 legale
1257 1074 1466 1130 Pascha
1498 1079 1650 1146 prius
1708 1079 2016 1146 celebrarit,
2050 1080 2143 1136 de-

2252 1084 2377 1138 Ὀτι
2426 1085 2482 1139 δὲ
2532 1087 2560 1138 6
2595 1088 2802 1156 Κύριος
2855 1091 3012 1160 ἡμῶν
3067 1071 3161 1147 αα).
3211 1071 3346 1160 Θεδς
3380 1071 3595 1167 νομικὸν

583 1163 711 1216 inde
740 1167 993 1234 mysteria
1022 1166 1307 1236 discipulis
1357 1171 1665 1236 tradiderit,
1715 1172 1843 1226 audi
1899 1182 2143 1228 sanctum

2250 1176 2517 1240 ἐτέλεσεν,
2552 1174 2671 1232 εἶτα
2715 1179 2784 1232 τὰ
2819 1183 3098 1254 μυστήρια
3143 1185 3346 1241 δέδωκε
3381 1163 3491 1252 rei;
3523 1190 3782 1259 μαθηταῖς,

584 1253 800 1309 Patrem
835 1255 1286 1328 Cbrysostomum
1349 1260 1569 1315 homilia
1591 1264 1925 1334 octogesima
1977 1265 2143 1335 prima

2250 1266 2483 1321 ἄκουσον
2522 1268 2618 1321 τοῦ
2663 1268 2809 1323 θείου
2846 1272 3239 1342 Χρυσοστόμου
3285 1279 3344 1330 ἐν
3389 1253 3573 1352 ὁμιλία
3603 1253 3684 1332 πα¹
3711 1253 3784 1332 it-

583 1348 662 1400 sic
687 1349 954 1402 dicentem
986 1367 1000 1403 :
1033 1349 1138 1405 Sed
1163 1366 1325 1420 quam
1369 1353 1440 1408 ob
1471 1369 1693 1409 causam
1749 1353 1956 1410 Pascha
2011 1355 2143 1411 cele-

2251 1373 2470 1425 γοντοςο
2503 1358 2664 1424 Τίνος
2689 1359 2754 1432 δὴ
2784 1361 2970 1417 ἕνεκεν
2993 1365 3053 1418 τὸ
3087 1367 3281 1438 Πάσχα
3312 1369 3518 1438 basiet;
3547 1348 3640 1425 Ᾰιὰ
3670 1373 3782 1426 πάν-

581 1439 813 1492 hrahati
845 1437 1156 1496 Ostendens
1201 1457 1295 1509 per
1320 1442 1503 1499 omnia
1561 1459 1738 1515 usque
1771 1445 1838 1500 ad
1897 1446 2143 1502 ultimum

2250 1463 2362 1500 των
2412 1449 2628 1517 δεικνὺς
2665 1452 2831 1523 μέχρι
2879 1455 2979 1525 τῆς
3027 1437 3262 1530 ἐσχάτης
3319 1437 3553 1532 ἡμέρας,
3596 1463 3671 1516 ὅτι
3700 1464 3784 1517 οὐκ

579 1530 748 1596 diem,
781 1545 840 1584 se
872 1547 976 1585 non
1027 1546 1151 1587 esse
1177 1533 1283 1604 legi
1319 1535 1674 1590 contrarium.
1738 1534 1970 1593 Attende
2019 1536 2143 1608 quid

2251 1535 2397 1590 ἐστιν
2423 1539 2665 1607 ἐναντίος
2717 1543 2796 1615 τῷ
2827 1545 2998 1617 νόμῳ.
3030 1547 3174 1617 Ὀρα
3227 1548 3282 1603 τί
3338 1530 3535 1622 φησιν·
3573 1551 3679 1606 ἰνα
3721 1553 3782 1621 μὴ

578 1623 724 1678 dicat
749 1640 763 1676 :
794 1621 870 1676 Ne
903 1623 1005 1694 legi
1041 1634 1186 1680 esset
1218 1628 1548 1694 contrarius,
1577 1626 1785 1684 Pascha
1815 1629 2147 1688 celebrabat.

579 1713 717 1768 Num
741 1730 870 1782 ergo
888 1715 1140 1786 perfregit
1168 1716 1356 1788 legem,
1406 1732 1693 1774 asservans
1768 1719 2147 1776 fermentatum

579 1821 773 1875 panem
794 1807 816 1860 ?
837 1805 990 1874 Quod
1015 1822 1146 1862 vero
1174 1810 1335 1864 etiam
1360 1825 1455 1879 per
1484 1819 1691 1878 septem
1717 1811 1835 1867 dies
1870 1812 1962 1866 illo
2013 1822 2148 1867 tem-

576 1913 710 1967 pore
735 1897 1056 1954 fermentum
1085 1916 1190 1954 non
1215 1908 1480 1965 exstaret,
1511 1902 1662 1957 testis
1683 1903 1789 1958 erit
1821 1903 1962 1958 idem
1990 1920 2150 1960 sacer

579 1992 1010 2062 Chrysostomus
1034 1992 1088 2046 in
1118 1993 1356 2063 priorem
1385 1994 1452 2048 ad
1479 1993 1795 2050 Corinthios
1818 1996 2145 2066 Epistolam:

583 2083 860 2149 Dicamus,
893 2084 1092 2154 inquit,
1118 2086 1291 2154 prius,
1323 2100 1422 2140 cur
1444 2085 1512 2141 de
1533 2087 1744 2143 cunctis
1767 2087 1965 2145 ﬁnibus
1982 2089 2150 2159 pella-

585 2187 674 2231 tur
697 2176 1060 2246 fermentum;
1089 2179 1218 2248 quid
1248 2194 1379 2250 ergo
1411 2181 1515 2236 sibi
1546 2182 1662 2236 vult
1716 2183 1819 2238 hoc
1874 2185 2148 2255 aenigma?

575 2266 736 2322 Omni
771 2269 1013 2338 nequitia
1039 2269 1271 2326 liberum
1313 2281 1526 2340 oportet
1552 2287 1674 2329 esse
1710 2273 1943 2330 ﬁdelem.
1994 2276 2148 2333 Sicut

575 2360 725 2413 enim
752 2359 827 2413 ibi
889 2361 1098 2430 peribat
1144 2363 1212 2427 is,
1247 2363 1387 2437 apud
1450 2378 1612 2430 quem
1668 2375 1944 2434 repertum
2003 2378 2149 2424 esset

577 2458 735 2506 vetus
779 2449 1127 2518 fermentum,
1156 2454 1464 2510 itaenobis
1508 2456 1622 2521 ille,
1665 2459 1805 2528 apud
1833 2474 1994 2528 quem
2045 2461 2150 2516 erit

577 2542 846 2611 nequitia.
873 2543 1058 2614 Neque
1082 2544 1227 2600 enim
1272 2546 1372 2601 sub
1404 2548 1539 2619 legis
1572 2551 1783 2612 umbra,
1815 2567 1988 2621 paena:
2020 2568 2145 2621 gra-

578 2651 672 2690 ves
705 2637 1040 2702 constituta',
1067 2638 1226 2692 nobis
1257 2647 1437 2694 autem
1479 2639 1624 2695 haud
1651 2641 1820 2696 multo
1847 2643 2147 2713 graviores.

512 2773 513 2776 η
577 2731 632 2784 Si
667 2732 808 2786 enim
836 2733 1027 2786 domos
1065 2732 1138 2786 ita
1170 2740 1488 2802 repurgant,
1523 2743 1582 2788 ut
1631 2733 1869 2792 murium
1931 2749 2150 2804 quoque

577 2837 842 2877 cavernas
863 2823 1160 2886 rimentur,
1189 2823 1358 2877 multo
1389 2825 1561 2894 magis
1585 2823 1742 2880 decet
1765 2838 1864 2880 nos
1892 2840 2143 2894 perscru-

579 2914 683 2968 tari
710 2922 918 2968 secreta
948 2914 1139 2968 animi.
1195 2913 1329 2968 Cum
1383 2913 1550 2982 igitur
1601 2930 1865 2970 cavernas
1911 2916 2145 2971 tuurium

2249 1627 2493 1695 ἐναντίος
2538 1632 2763 1705 γένηται
2795 1635 2873 1706 τῷ
2908 1637 3080 1710 νόμῳ,
3125 1640 3187 1694 τὸ
3225 1639 3422 1712 Πάσχα
3453 1641 3698 1704 ἐπετέλει.
3729 1643 3784 1698 Τί

2249 1717 2378 1785 οὒν;
2410 1722 2652 1779 ἐναντίον
2685 1725 2780 1781 τοῦ
2806 1731 2973 1799 νόμου
3005 1731 3182 1787 ἐποίει
3223 1733 3514 1802 φυλάττων
3540 1733 3626 1788 τὸν
3653 1733 3784 1799 ἐνζυ-

2255 1827 2356 1880 μον
2414 1813 2612 1884 άρτονς
2656 1817 2796 1873 Ἀλλ’
2848 1820 2931 1875 ὅτι
2972 1823 3066 1876 καὶ
3115 1824 3174 1878 ἐν
3223 1825 3364 1880 ἑπτὰ
3411 1827 3635 1898 ἡμέραις
3682 1825 3784 1879 κατ’

2249 1901 2425 1956 ἐκεῖνο
2455 1907 2712 1978 καιροῦἠ
2766 1910 2916 1980 ζύμη
2960 1913 3059 1983 οὐχ
3109 1913 3423 1984 εὑρίσκετο,
3477 1919 3782 1987 μαρτυρήσει

2248 1992 2407 2049 τοῦτο
2438 1996 2594 2050 πάλιν
2622 2000 2650 2052 ὁ
2679 1997 2824 2064 θεῖος
2848 2001 3235 2074 Χρυσόπομος
3267 2007 3324 2059 ἐν
3353 2007 3420 2078 τῇ
3449 2006 3580 2075 πρὸς
3613 2007 3783 2074 Κοριν·

2249 2084 2398 2149 ϐίους
2426 2087 2614 2160 πρώτῃ
2649 2090 2956 2164 Ἐπιστολῇο
2985 2095 3257 2170 Πρότερον
3281 2098 3543 2169 εἴπωμεν,
3563 2098 3644 2151 διὰ
3661 2097 3706 2149 τί
3730 2097 3782 2148 ἐκ

2247 2176 2355 2228 τῶν
2377 2179 2542 2247 ὁρίων
2568 2183 2785 2236 πάντων
2817 2184 3188 2241 ἀπελαύνεται
3217 2191 3250 2259 ή
3279 2187 3430 2258 ζύμη
3450 2208 3465 2222 ο
3498 2191 3549 2243 τί
3577 2186 3663 2243 οὖν
3687 2190 3780 2240 ἐστι

2251 2268 2309 2322 τὸ
2342 2271 2605 2342 αῖνιγμας
2655 2275 2844 2346 Πάσης
2893 2277 3165 2348 πονηρίας
3222 2280 3566 2351 ἀπηλλάχθαι
3598 2280 3672 2333 δεῖ
3706 2279 3781 2331 τὸν

2249 2362 2459 2416 πιστόν.
2504 2363 2720 2436 Ὥσπερ
2767 2369 2876 2438 γάρ
2936 2371 3142 2433 ἐκεῖνος
3193 2372 3515 2438 ἀπόλλυται,
3569 2375 3691 2426 ὅπου
3726 2370 3781 2422 ἄν

2249 2453 2446 2526 εὑρεθῇ
2482 2455 2686 2511 παλαιὰ
2716 2457 2884 2531 ζύμη,
2922 2460 3064 2515 οὕτω
3098 2464 3192 2516 καὶ
3238 2467 3374 2535 παρ’
3405 2466 3536 2535 ἡμῖν
3583 2465 3698 2518 ἔνθα
3724 2463 3780 2516 ἂν

2248 2545 2446 2616 εὑρεθῇ
2482 2550 2750 2618 πονηρῖα·
2791 2551 2851 2603 ού
2903 2552 3011 2623 γὰρ
3041 2554 3214 2624 δήπου
3247 2558 3344 2610 ἐπὶ
3377 2557 3474 2626 μὲν
3514 2557 3611 2627 τῆς
3639 2557 3775 2615 σκιᾶς

2250 2636 2420 2706 πολλὴ
2452 2640 2484 2708 ὴ
2536 2640 2782 2708 κόλασις,
2818 2643 2912 2696 ἐπὶ
2956 2644 3013 2697 δέ
3046 2646 3203 2716 ήμῶν
3235 2648 3299 2701 οὐ
3351 2647 3528 2718 πολλῷ
3573 2646 3778 2717 μείζωνο

2249 2730 2297 2780 εί
2325 2729 2434 2800 γὰρ
2471 2719 2572 2795 τάς
2608 2733 2789 2798 οίκίας
2819 2735 2962 2790 οὕτω
2992 2739 3373 2811 καθαίρουσιν,
3411 2742 3484 2805 ὡς
3516 2742 3604 2795 καὶ
3656 2738 3780 2810 μυῶν

2246 2818 2387 2884 ὀπὰς
2417 2825 2908 2894 περιεργάζεσθαι,
2941 2830 3124 2898 πολλῷ
3155 2832 3358 2900 μᾶλλον
3386 2835 3531 2904 ἡμᾶς
3571 2832 3659 2902 τὴν
3696 2830 3779 2898 ψυ-

2248 2911 2350 2980 χὴν
2378 2911 2752 2982 διερευνᾶσθαι
2780 2919 2880 2974 δεῖ.
2908 2918 3063 2975 Ἐπεὶ
3089 2917 3182 2976 οὖν
3211 2925 3367 2994 μυῶν
3393 2926 3532 2991 ὀπὰς
3567 2941 3779 2993 περιειρ-

579 3008 935 3070 rimarentur,
986 3013 1042 3059 et
1101 3014 1326 3060 sanctus
1383 3005 1543 3059 Pater
1594 3004 1824 3061 afﬁrmet
1867 3007 2143 3063 Christum

2249 3005 2499 3071 γάζοντο,
2525 3009 2552 3060 ὁ
2596 3007 2652 3061 δὲ
2684 3009 2839 3077 ἀγιος
2881 3012 3052 3080 λέγει,
3075 3015 3157 3068 ὅτι
3208 3017 3378 3088 μέχρι
3435 3020 3530 3087 τῆς
3579 3017 3780 3084 ἐσχάτης

577 3102 646 3153 ad
673 3099 923 3153 ultimum
955 3113 1128 3166 usque
1153 3097 1294 3152 diem
1323 3112 1430 3152 non
1461 3096 1631 3154 fuisse
1659 3101 1758 3168 legi
1785 3101 2141 3166 contrarium,

2248 3097 2483 3168 ἡμέρας,
2507 3099 2592 3152 ἵνα
2622 3102 2698 3172 μὴ
2723 3103 2964 3168 ἐναντίος
2989 3107 3214 3177 γένηται
3236 3111 3320 3180 τῷ
3351 3113 3514 3179 νόμῳ,
3537 3109 3594 3162 τὸ
3617 3109 3779 3174 Πάσχα

576 3203 632 3248 et
657 3193 778 3247 ideo
813 3191 1019 3246 Pascha
1051 3191 1559 3252 celebrasse;certe
1587 3195 1900 3249 contrarius
1927 3193 2143 3263 fuisset,

2248 3189 2514 3260 ἐπετέλει,
2545 3193 2748 3259 μᾶλλον
2791 3195 2856 3249 ἂν
2902 3198 3143 3262 ἐναντίος
3192 3195 3260 3270 ἦν
3312 3203 3373 3254 τὸ
3410 3203 3595 3271 Πάσχα
3635 3199 3779 3250 τελῶν

577 3288 623 3340 si
657 3285 865 3342 Pascha
919 3285 1272 3348 celebrasset,
1313 3293 1367 3339 et
1411 3283 1791 3341 fermentatum
1845 3299 2141 3345 servasset.

2246 3279 2342 3331 καὶ
2364 3279 2425 3332 τὺ
2448 3278 2679 3352 ἐνζυμον
2696 3286 2996 3352 φυλάττων.
3022 3289 3147 3344 Ὀτι
3162 3290 3219 3344 δὲ
3242 3293 3272 3345 ὁ
3291 3293 3453 3363 νόμος
3480 3290 3781 3361 ἀπαγορεύει

577 3378 710 3433 Esse
740 3392 905 3448 porro
935 3377 986 3431 id
1019 3375 1136 3445 lege
1163 3377 1410 3440 vetitum,
1441 3376 1568 3431 audi
1615 3377 1778 3432 verba
1808 3378 1929 3450 ejus
1956 3383 2143 3451 prteci.

2246 3369 2423 3436 τοῦτο,
2481 3373 2713 3430 ἄκουσον
2769 3378 2912 3432 οὕτω
2963 3383 3399 3450 προστάττοντος
3427 3402 3441 3417 ⁶
3479 3387 3608 3456 φησὶ
3637 3383 3772 3452 γάρ·

577 3471 823 3542 pientis:
859 3469 1067 3537 Septem
1111 3468 1294 3524 diebus
1315 3486 1502 3540 azyma
1549 3469 1864 3526 comedetis:
1898 3471 1983 3528 die
2031 3475 2143 3544 pri-

2257 3457 2442 3516 Ἐπτὰ
2475 3462 2701 3533 ἡμέρας
2728 3467 2917 3538 ἄζυμα
2943 3469 3161 3526 ἐδεῖσθε
3181 3489 3193 3504 ·
3226 3474 3348 3530 ἀπὸ
3364 3476 3432 3530 δὲ
3457 3474 3563 3544 τῆς
3585 3468 3781 3543 ἡμέρας

577 3580 665 3619 mo
696 3579 799 3617 non
823 3562 924 3616 erit
955 3561 1272 3630 fermentum
1311 3563 1364 3613 in
1393 3559 1638 3616 domibus
1672 3564 1879 3620 uestris.
1911 3563 2143 3630 Quicun-

2246 3549 2354 3620 τῆς
2409 3554 2645 3625 πρώτης
2697 3558 3008 3628 ἀφανιεῒτε
3063 3562 3254 3633 ζύμην
3317 3567 3387 3622 ἐκ
3436 3567 3552 3625 τῶν
3602 3562 3780 3620 οικιῶν

578 3671 675 3726 que
711 3653 992 3709 comederit
1019 3653 1352 3723 fermentum,
1378 3653 1570 3722 peribit
1603 3654 1784 3709 anima
1830 3656 1929 3711 illa
1968 3657 2034 3713 de
2063 3657 2143 3714 Is-

2246 3644 2432 3714 ὐμῶνν
2469 3647 2595 3716 Πᾶς
2637 3648 2705 3717 ὃς
2741 3649 2821 3707 ἂν
2860 3651 3024 3724 φάγῃ
3061 3652 3270 3725 ζύμην,
3305 3654 3778 3727 ἐξολοθρευθήσε-

579 3747 709 3803 ruet.
739 3746 804 3801 Et
837 3745 998 3817 paulo
1022 3753 1182 3814 post:
1243 3741 1428 3799 Primo
1485 3761 1680 3810 mense,
1711 3755 1906 3818 quarta
1939 3749 2143 3804 decima

2246 3750 2338 3790 ται
2367 3738 2407 3806 ἠ
2453 3741 2626 3811 ψυχὴ
2664 3742 2867 3812 ἐκείνη
2896 3745 2966 3809 ἐξ
3003 3747 3253 3816 Ἰσραήλ
3276 3766 3290 3780 ·
3347 3750 3444 3804 καὶ
3473 3753 3612 3810 μετά
3635 3759 3740 3800 τινα
3765 3759 3777 3772 ’

579 3840 666 3894 die
689 3838 902 3904 mensis,
945 3837 1013 3890 ad
1033 3851 1308 3911 .t'esperam
1333 3836 1613 3892 comedetis
1657 3853 1846 3909 azyma
1875 3856 2040 3911 usque
2074 3843 2143 3896 ad

2257 3831 2680 3902 Ἑνσρχόμενοι
2709 3835 2784 3903 τῇ
2814 3839 3450 3908 τεσσαρεσκαιδεκάτῃ
3485 3838 3665 3910 ἡμέρα
3689 3833 3778 3892 τοῦ

1033 3905 1046 3983 ὲ
1089 3930 1314 3998 primam
1348 3929 1580 3998 ejusdem
1621 3905 1811 3997 mensis
1853 3933 1923 3986 ad
1951 3905 2144 4000 cespe-
2239 3923 2438 3992 μηνὸς
2471 3924 2579 3979 τοῦ
2619 3925 2875 3995 πρώτουο
2913 3905 3014 3996 ἀφ⁴
3069 3929 3340 4000 ἑσπέρας
3377 3905 3779 3994 5‘iS-lifi'wosvﬂt’l‘“

2244 4014 2355 4079 ἕως
2395 4014 2621 4084 ’ἡμέρας
2676 4013 2820 4086 μιᾶς
2850 4020 2949 4074 καί
3003 4022 3245 4089 εἰκάδος
3295 4024 3406 4080 τοῦ
3455 4022 3641 4093 μηνὸς
3686 4018 3780 4080 ἕως

2245 4106 2501 4175 ἑσπέρας
2528 4123 2544 4139 ⁸
2601 4108 2752 4164 ἑπτὰ
2805 4111 3026 4180 ἡμέρας
3066 4111 3212 4183 ζ’ύμη
3274 4118 3390 4186 οὐχ
3427 4112 3781 4184 εὑρεθήσεται

2244 4199 2315 4252 ἐν
2341 4192 2468 4266 ταῖς·
2499 4203 2716 4267 οἰκίαις
2746 4201 2933 4271 ὑμῶν.
2963 4203 3089 4271 Πᾶς
3123 4205 3191 4270 ὃς
3209 4205 3290 4262 ἂν
3330 4208 3490 4279 φάγῃ
3519 4200 3776 4274 ζυμωτὸν,

2246 4291 2824 4360 ἐξολοθρευθήσεται
2855 4296 2893 4362 ἠ
2924 4297 3097 4365 ψυχὴ
3125 4299 3329 4368 ἐκείνη
3353 4301 3422 4355 ἐκ
3453 4288 3780 4366 συναγωγῆς

2260 4385 2526 4454 Ἰσραήλ.
2549 4386 2740 4439 Ὅτιδέ
2761 4387 2900 4440 κατά
2914 4387 3078 4458 νόμον
3098 4391 3124 4443 ὁ
3144 4391 3385 4460 Χριστὸς
3401 4391 3460 4444 τὸ
3482 4389 3658 4458 Πάσχα
3681 4379 3781 4436 ἐτέ-

577 3935 713 3987 diem
735 3925 1046 3986 'vicesimam
1089 3930 1314 3998 primam
1348 3929 1580 3998 ejusdem
1621 3933 1811 3997 mensis
1853 3933 1923 3986 ad
1971 3950 2144 4004 vespe-

577 4035 734 4075 ram:
765 4030 956 4088 septem
987 4019 1173 4073 diebus
1231 4019 1542 4088 fermentum
1591 4037 1693 4075 non
1749 4023 2042 4077 invenietur
2090 4027 2144 4080 in

577 4113 815 4168 domibus
833 4114 1022 4168 uestris
1046 4128 1065 4166 :
1087 4113 1178 4181 qui
1204 4113 1484 4167 comederit
1519 4113 1912 4182 fermentatum,
1958 4119 2144 4185 peribit

575 4209 753 4260 anima
797 4206 909 4274 ejus
933 4206 996 4258 de
1018 4214 1153 4259 coetu
1203 4203 1379 4259 Israel
1403 4205 1467 4259 η.
1506 4205 1660 4271 Quod
1708 4221 1839 4262 vero
1891 4207 2144 4266 Christus

573 4308 787 4354 servato
818 4299 953 4368 legis
978 4297 1296 4367 praescripto
1347 4294 1559 4350 Pascha
1608 4295 1920 4365 celebrarit,
1969 4298 2142 4355 Judari

572 4404 704 4444 vero
743 4402 1085 4456 nequaquam
1118 4386 1252 4441 illud
1307 4386 1598 4452 servarint,
1630 4386 1725 4441 sed
1755 4388 1898 4443 diem
1963 4398 2147 4446 trans-

573 4481 746 4551 gressi
779 4479 1003 4542 fuerint,
1027 4481 1151 4531 audi
1183 4477 1297 4532 oris
1317 4478 1465 4532 aurei
1499 4477 1712 4531 Patrem
1737 4479 1961 4535 homilia
1992 4490 2143 4538 octo-

2248 4474 2422 4538 λεσεν,
2455 4475 2504 4528 oi
2529 4475 2586 4528 δέ
2630 4476 2871 4530 Ἰουδαῖοι
2901 4479 3235 4548 παρανόμως
3266 4483 3531 4551 ἐποίησαν
3566 4470 3779 4545 παραϐι-

572 4572 772 4640 gesima
803 4579 997 4638 quarta
1055 4568 1108 4622 in
1156 4567 1442 4632 Joannem,
1486 4567 1616 4622 dum
1646 4568 1808 4624 verba
1851 4570 1944 4625 illa
1977 4588 2143 4641 expo-

2246 4562 2508 4628 Βάςαντες
2537 4565 2594 4616 τὸ
2625 4564 2819 4635 Πάσχα
2841 4607 2854 4630 ,
2887 4565 3123 4621 ἄκουσον
3151 4569 3247 4621 τοῦ
3273 4566 3652 4638 Χρυσοστόμου
3680 4559 3777 4611 Πα-

571 4665 687 4719 nit:
718 4660 998 4714 Adducunt
1021 4658 1204 4715 Iesum
1231 4675 1263 4711 a
1291 4657 1494 4724 Caiplta
1537 4660 1592 4713 in
1632 4663 1940 4729 praetorium
1967 4680 1982 4717 :
2032 4664 2143 4720 Cur

2246 4656 2365 4726 τρὸς
2418 4658 2473 4708 ἐν
2509 4655 2591 4709 τπδ’
2628 4656 2819 4726 ὁμιλίᾳ
2889 4657 2980 4710 τοῦ
3034 4659 3178 4711 κατά
3246 4660 3516 4727 Ἰωάννην,
3569 4654 3643 4716 είς
3692 4645 3776 4700 τό⁸

573 4755 718 4808 enim
759 4753 892 4805 illuc
927 4767 1053 4805 eum
1106 4753 1404 4813 duxerunt,
1446 4749 1538 4804 ubi
1573 4765 1767 4806 omnes
1824 4756 2141 4826 congregati

2246 4748 2481 4816 Ἄγουσι
2508 4747 2616 4801 τὸν
2641 4748 2877 4814 Ἰησοῦν
2898 4748 3016 4804 ἀπὸ
3041 4749 3146 4804 τοῦ
3168 4750 3407 4820 Καῖάφα
3431 4751 3518 4814 εἰς
3542 4745 3604 4799 τὸ
3631 4755 3780 4810 πραι-

569 4846 765 4901 erant?
797 4841 864 4898 Ut
897 4858 984 4898 res
1006 4843 1156 4896 fieret
1185 4839 1466 4896 communi
1522 4841 1768 4896 omnium
1820 4844 2136 4912 pontiﬁcum

2246 4837 2465 4907 τώριον·
2503 4838 2600 4891 Διὰ
2629 4839 2682 4892 τί
2712 4840 2827 4892 ἐκεῖ
2857 4841 3148 4910 ἀπήγαγον
3180 4842 3364 4906 αὑτὸν,
3402 4840 3536 4896 ἔνθα,
3560 4837 3778 4891 ἅπαντες

569 4953 877 5004 consensu;
905 4945 1022 4990 erat
1050 4950 1196 4990 enim
1236 4934 1328 4988 ille
1365 4942 1496 4989 tunc
1544 4933 1809 5004 pontifex,
1847 4944 1902 4991 et
1946 4953 2136 4994 omnes

2246 4927 2381 5002 ἦσαν
2417 4931 2781 5002 συνηγμένοις
2818 4932 2937 4986 Ἵνα
2973 4934 3111 5001 μετᾶ
3141 4932 3368 5002 γνώμης
3397 4932 3606 4984 πάντων
3636 4919 3777 4986 ποι¹⁴Γ

570 5032 724 5085 illum
754 5027 1233 5100 praestolabantur.
1258 5027 1338 5080 Ita
1366 5025 1764 5096 pernoctabant
1805 5028 2138 5097 vigilabant-

570 5138 678 5191 que
706 5120 868 5190 hujus
896 5120 973 5174 rei
1002 5115 1353 5172 causazNon
1402 5117 1570 5184 enim,
1628 5118 1829 5188 inquit,
1887 5121 2136 5176 comede-

572 5226 699 5270 runt
729 5213 935 5269 Pascha
968 5220 1122 5273 tunc,
1156 5209 1253 5265 sed
1299 5219 1583 5279 propterea
1633 5211 1952 5281 vigilabant.
2001 5212 2134 5267 Nam

574 5321 696 5377 post
729 5308 817 5361 illa
853 5307 1044 5362 verba:
1087 5304 1218 5358 Erat
1247 5311 1420 5356 autem
1447 5300 1878 5366 mane,Joannes
1933 5304 2135 5370 intulit,

575 5397 646 5450 Et
673 5396 775 5462 ipsi
811 5412 912 5449 non
939 5395 1252 5449 introierunt
1286 5394 1341 5446 in
1390 5392 1716 5461 pratoriu'n,
1751 5402 1806 5445 ut
1846 5409 1955 5447 non
2009 5410 2136 5446 cen-

575 5491 981 5552 taminarentur,
1015 5485 1104 5540 sed
1139 5493 1196 5539 ut
1226 5485 1604 5539 manducarent
1656 5483 1860 5538 Pascha
1895 5485 1957 5538 ".
1993 5485 2134 5552 Quid

571 5595 703 5653 ergo
732 5581 799 5636 ad
827 5580 944 5635 haec
963 5579 1251 5634 dicemus?
1283 5577 1421 5633 Illud
1458 5591 1610 5642 sane,
1658 5577 1802 5648 quod
1836 5576 2004 5632 altera
2051 5579 2138 5633 die

648 5758 693 5791 "
725 5756 857 5815 Luc.
893 5777 1027 5834 xm,
1060 5763 1157 5832 19;
1195 5762 1213 5818 l
1245 5763 1372 5822 Cor.
1403 5776 1476 5829 xt,
1519 5762 1606 5820 24.

1717 5765 1758 5798 ¹⁸
1814 5765 1985 5822 Exod.
2026 5781 2118 5830 xu,
2169 5767 2232 5824 15
2272 5780 2421 5835 seqq.

2243 5041 2379 5077 σωσι
2406 5025 2513 5077 τῶν
2561 5025 2862 5094 ἀρχερέωνο
2918 5026 3123 5087 ἐκεῖνος
3161 5026 3271 5096 γὰρ
3317 5021 3386 5095 ἦν
3428 5021 3547 5075 τότε
3609 5019 3778 5086 ἀρχιε-

2243 5119 2391 5191 ρεὺς,
2443 5118 2536 5172 καὶ
2571 5117 2768 5181 πάντες
2815 5113 2958 5187 ἦσαν
3004 5117 3166 5172 αὑτὸν
3203 5115 3583 5186 ἀναμένοντες.
3638 5104 3776 5161 Οὕτω

2240 5209 2650 5280 διενυκτέρευον
2693 5209 2788 5263 καὶ
2822 5207 3137 5279 ἢγρύπνουν
3167 5208 3262 5261 ἐπὶ
3292 5207 3466 5277 τούτῳ
3488 5219 3504 5236 ·
3535 5199 3650 5256 ούδέ
3683 5199 3777 5263 γάρ

2243 5300 2447 5370 ἔφαγον
2499 5299 2622 5354 τότε
2675 5301 2736 5354 τὸ
2789 5301 3017 5372 Πάσχα,
3080 5301 3282 5371 φησὶν,
3333 5300 3470 5353 ἀλλὰ
3509 5295 3592 5350 διὰ
3639 5287 3776 5344 τοῦτο

2241 5391 2560 5462 ὴγρύπνουν
2581 5407 2594 5421 ⁸
2622 5390 2798 5446 εἰπὼν
2827 5391 2956 5462 γάρ,
2992 5394 3074 5446 ὅτι
3121 5393 3315 5463 Πρωΐα
3338 5389 3436 5464 ἦν,
3473 5393 3501 5444 δ
3547 5385 3777 5446 Ἰωάννης

2243 5483 2559 5552 ὲπήπίσιγιεν·
2606 5484 2728 5538 Οὐκ
2754 5483 3042 5551 εισῆλθον
3069 5486 3157 5550 είς
3186 5485 3254 5539 τὸ
3301 5473 3776 5578 πραιτώριορηα

2237 5576 2326 5649 μὴ
2355 5576 2713 5648 μιανθῶσιν,
2732 5577 2872 5633 ἀλλ’
2889 5576 2992 5631 ἵνα
3032 5575 3269 5647 φάγωσι
3289 5576 3355 5632 τὸ
3377 5564 3776 5663 Πάσχατίούν

2521 5763 2562 5796 ⁸⁸
2589 5763 2749 5820 Joau.
2775 5779 2931 5831 xvttt,
2971 5765 3061 5820 28.
