3998 6478
194 571 271 637 fill

1379 556 1684 619 CONTRA
1724 555 2158 617 EPHESIUM.

3315 553 3414 617 13‘)

193 691 305 741 ἐστιν
334 680 542 745 εἰπεῖνς
581 676 709 732 Ὀτι
746 675 807 731 ὲν
837 673 994 746 ἑτέρᾳ
1026 672 1250 743 ἔφαγον,
1304 673 1397 725 καὶ
1432 673 1523 726 τὸν
1563 670 1726 738 νόμον
1756 721 1758 727 ,

1864 670 2213 733 omederunt,
2246 674 2300 725 et
2348 682 2377 721 a
2427 666 2545 737 lege
2592 665 2968 721 discesserunt
3028 666 3193 721 cmilis
3252 667 3417 735 hujus

194 778 356 831 ἔλυσαν
384 771 479 825 ﬁuit
512 772 610 840 τὴν
635 764 937 836 ἐπιθυμίαν
960 764 1061 833 τὴν
1090 760 1216 829 περὶ
1236 759 1334 827 τὴν
1359 757 1575 826 σφαγὴν
1602 755 1733 808 ταύ-

1834 761 2434 817 facicndaedesidcrio.
2481 758 2672 828 Neque
2724 760 2869 813 enim
2904 757 3157 813 Christus
3199 766 3417 828 tempus

192 887 289 939 την.
316 864 447 921 Οὐδὲ
485 864 595 931 γὰρ
629 862 658 914 ό
701 858 939 929 Χριστὸς
985 852 1200 925 παρέϐη
1253 851 1343 905 τὸν
1392 848 1587 919 καιρὸν
1637 845 1731 900 τοῦ

1861 855 2059 911 ’ascbae
2084 871 2194 908 non
2227 854 2563 922 observavit,
2590 853 2685 909 sed
2710 852 2783 907 illi
2812 852 2903 921 qui
2934 851 3070 905 nihil
3099 866 3208 905 non
3254 851 3419 905 aude-

193 963 377 1029 Πάσχα,
408 955 519 1010 ἀλλ’
543 955 743 1006 ἐκεῖνοι
773 950 823 1003 οί
848 948 1024 1002 πάντα
1049 943 1361 1014 τολμῶντες
1385 942 1479 995 καὶ
1508 940 1735 1010 μυρίους

193 1048 606 1109 καταπατοῦντες
634 1044 859 1113 νόμους.
891 1039 1111 1093 Τούτων
1147 1036 1322 1098 οὕτως
1351 1033 1587 1105 ἐχόντων
1616 1030 1734 1092 πῶς

197 1140 621 1211 κατηγορήσομεν
666 1136 796 1197 τοὺς
848 1130 984 1204 μετὰ
1014 1129 1242 1198 ἀζύμων
1269 1125 1368 1197 τὴν
1421 1125 1614 1178 θυσίαν
1644 1139 1734 1175 τε-

194 1234 396 1296 λοῦντας
421 1248 438 1295 ;
467 1228 602 1300 Περὶ
633 1227 690 1281 δὲ
726 1224 885 1297 ήμῶν
929 1221 1113 1276 αὐτῶν
1174 1217 1318 1272 οὕτω
1366 1218 1622 1287 λέγομεν,
1655 1216 1738 1267 ὅτι

196 1326 321 1382 οὕτω
344 1320 738 1394 παρελάϐομεν,
768 1319 863 1372 καὶ
893 1313 1035 1369 οὕτω
1066 1314 1391 1383 στέργομεν,
1423 1309 1498 1373 ὡς
1526 1309 1574 1361 ol
1608 1306 1742 1360 ἀπό-

197 1415 356 1472 στολοι
382 1413 501 1468 κατ’
524 1406 670 1465 οἷκον
700 1408 935 1470 κλῶντες
966 1405 1130 1476 ἄρτον
1174 1402 1274 1473 τήν
1316 1400 1528 1469 θυσίαν,
1553 1399 1742 1450 ἐπετέ-

196 1510 326 1562 λουν·
357 1504 451 1557 καὶ
497 1499 735 1571 οὐδαμοῦ
786 1498 1034 1567 φαίνεται
1083 1494 1158 1557 ὡς
1204 1493 1414 1561 ἄζυμον
1448 1488 1744 1559 ζητοῦντες

197 1600 284 1670 τήν
305 1595 494 1651 θυσίαν
520 1592 827 1648 ἐπετέλουν.
860 1589 971 1643 Καὶ
1015 1587 1180 1642 πάλιν
1224 1587 1279 1638 ὲν
1314 1586 1439 1646 ταῖς
1473 1583 1581 1635 τῶν
1612 1581 1743 1644 ἀζύ-

199 1708 305 1762 μων
351 1689 587 1759 ἡμέραις
638 1681 890 1754 μηδαμοῦ
939 1683 998 1734 ὲν
1052 1677 1453 1748 Ἰεροσολύμοις
1506 1671 1743 1741 ὲνζύμου

193 1779 594 1851 εὑρισκομένου,
621 1767 857 1843 οὐδαμοῦ
892 1770 1052 1824 πάλιν
1087 1768 1360 1835 φαίνεται,
1399 1765 1482 1818 ὅτι
1513 1762 1745 1843 ἔνξυμρν

192 1870 480 1935 αἰτοῦντες,
527 1865 697 1928 οὕτως
765 1862 1005 1917 ἐποίουν.
1066 1861 1328 1931 ’ῌδεισαν
1378 1856 1511 1925 γὰρ,
1560 1854 1642 1907 ὅτι
1683 1852 1746 1905 τὸ

189 1962 313 2016 αὑτό
343 1962 489 2012 ἐστιν
540 1953 920 2023 ὑποκείμενον,
955 1953 984 2004 ό
1033 1951 1097 2002 ὲκ
1146 1947 1238 2001 τοῦ
1296 1947 1448 1999 σίτου
1494 1943 1743 2012 ἆλευρος.

1834 946 1987 1011 bant,
2020 956 2075 1001 et
2101 947 2249 1014 leges
2290 946 2604 1001 innumeras
2641 946 3092 1015 perrumpeliant.
3131 942 3267 998 Cum
3302 944 3419 997 haec

1836 1039 1910 1092 ita
1950 1053 2010 1093 se
2037 1039 2297 1099 habeant,
2329 1053 2436 1107 qua
2469 1039 2684 1092 ratione
2741 1048 2903 1092 erunt
2931 1052 2960 1089 a
3012 1037 3171 1091 nobis
3229 1051 3420 1104 repre-

1836 1128 2130 1193 hendendi,
2163 1132 2256 1200 qui
2287 1144 2481 1201 azymo
2505 1128 2866 1185 sacriﬁcant?
2918 1128 2990 1181 De
3043 1127 3203 1182 nobis
3241 1134 3422 1180 autem

1822 1223 1976 1292 ipsis
2012 1222 2270 1287 dicimus,
2295 1222 2372 1276 ita
2405 1236 2509 1276 nos
2552 1221 2854 1291 accepisse.
2889 1228 2943 1274 et
2999 1226 3244 1273 nostram
3294 1232 3425 1272 cou-

1840 1316 2188 1370 suctudincm
2219 1321 2395 1367 ratam
2434 1313 2635 1367 habere
2662 1329 2675 1376 ;
2706 1319 2759 1366 et
2790 1310 3018 1380 apostoli
3053 1310 3199 1364 domi
3232 1323 3424 1377 panem

1842 1407 2156 1476 frangentes
2178 1405 2511 1460 sacrificium
2540 1404 2908 1468 factitabant;
2948 1417 3127 1472 neque
3186 1416 3417 1469 usquam

1842 1506 2092 1568 apparet,
2123 1498 2415 1566 quaesitum
2448 1512 2571 1551 esse
2602 1497 2670 1551 ab
2704 1497 2809 1549 illis
2840 1510 3033 1564 panem
3076 1508 3325 1564 azymum
3362 1492 3425 1543 εισι

1843 1588 2296 1644 sacrificandum.
2325 1587 2543 1642 Rursus
2566 1601 2691 1640 cum
2727 1586 2843 1639 dies
2867 1593 3052 1640 essent
3080 1599 3427 1653 azymorum,

1843 1694 1898 1738 et
1931 1683 2293 1739 fermentatus
2324 1683 2483 1751 panis
2514 1696 2619 1735 non
2651 1688 2800 1737 esset
2856 1677 3269 1749 Hierosolymis,
3300 1691 3432 1729 nus-

1845 1793 2006 1847 quam
2037 1777 2289 1833 similiter
2323 1783 2571 1845 apparet,
2633 1773 2865 1843 qua'sito
2929 1770 3258 1826 fermentato
3312 1769 3434 1822 illos

1845 1884 2233 1932 consecrasse,
2258 1868 2404 1937 quod
2438 1866 2645 1922 scirent
2669 1866 2952 1919 materiam
2990 1878 3116 1918 esse
3156 1862 3432 1924 canitiem,

1847 1973 2046 2030 nempe
2077 1959 2312 2013 farinam
2348 1957 2646 2012 triticeam.
2678 1954 2869 2025 Neque
2897 1956 3045 2009 enim
3078 1950 3226 2023 quod
3260 1950 3435 2005 modi-

188 2053 258 2107 Οὔ
286 2050 390 2120 γὰρ
417 2048 507 2103 διὰ
531 2045 595 2100 τὸ
630 2044 709 2117 μὴ
741 2017 901 2114 ἒχειν
947 2041 1150 2113 μικρὰν
1199 2037 1403 2109 ζύμην,
1440 2035 1537 2107 ήδη
1570 2035 1747 2087 πάντα

1861 2017 1995 2107 cum.
2040 2065 2149 2106 non
2200 2048 2345 2105 adsit
2410 2017 3055 2113 fumentumiinvalida
3095 2017 3217 2114 'jam
3266 2052 3435 2096 erunt

186 2146 253 2200 τὰ
279 2140 574 2212 τελούμενα
598 2136 767 2208 ἀργὰ,
797 2135 893 2189 καὶ
927 2134 1161 2205 μάλιστα
1195 2131 1261 2184 τὰ
1291 2128 1385 2182 τοῦ
1419 2126 1627 2197 Κυρίου
1650 2125 1747 2195 ῥή-

190 2254 351 2308 ματα,
381 2236 538 2291 ἆτινα
559 2232 651 2286 καὶ
676 2226 1033 2301 μεταποιοῦσι
1055 2225 1148 2278 τὸν
1174 2222 1341 2294 ἄρτον
1356 2221 1451 2274 καὶ
1483 2218 1575 2274 τὸν
1604 2213 1750 2272 οἶνον

187 2330 283 2383 σὺν
303 2327 382 2399 τῷ
410 2324 664 2385 ῦδατιείς
714 2319 874 2391 σῶμα
922 2318 1017 2372 καὶ
1054 2311 1193 2387 αἷμα
1267 2311 1460 2369 αὑτοῦ.
1512 2309 1639 2364 Ὅτι
1691 2308 1750 2362 δὲ

187 2421 320 2475 αὐτὰ
347 2398 417 2470 τὰ
449 2416 671 2487 ῥήματα
701 2406 1207 2483 μεταρρυθμίζουσι
1237 2403 1337 2473 τὴν
1379 2402 1512 2474 ὓλην
1543 2398 1752 2469 ταύτην

185 2517 264 2576 εἰς
317 2512 387 2565 τὰ
420 2506 710 2580 εἰρημένα,
742 2503 979 2557 ἄκουσον
1026 2497 1121 2553 τοῦ
1162 2497 1311 2552 θείου
1359 2492 1750 2567 Χρυσοστόμου

184 2607 243 2659 ὲν
266 2602 341 2673 τῷ
368 2600 532 2669 λόγῳ,
557 2591 617 2651 οῦ
638 2596 674 2667 ή
704 2592 1008 2664 ἐπιγραφὴ,
1037 2593 1149 2659 Εἰς
1169 2587 1619 2658 τὴν-προδοσίαν
1639 2582 1751 2639 τοῦ

196 2697 415 2760 Ἰούδα,
445 2692 542 2747 καί
571 2694 657 2759 εἰς
687 2689 754 2744 τὸ
795 2686 1097 2758 μυστικὸν
1140 2682 1390 2738 δεῖπνον
1420 2681 1529 2737 τοῦ
1559 2678 1755 2747 Σωτῆ-

180 2808 311 2859 ρος,
351 2786 448 2842 καί
495 2786 646 2839 κατὰ
688 2780 1031 2838 Ἰουδαίωνο
1067 2779 1103 2850 ή
1136 2778 1192 2830 δὲ
1231 2775 1375 2848 ἀρχὴ
1422 2774 1518 2828 τοῦ
1567 2772 1749 2841 λόγου·

198 2880 549 2949 Ἐϐουλόμην,
594 2864 895 2945 ἀγαπητοί,
924 2870 1026 2939 τῆς
1057 2867 1201 2922 κατὰ
1253 2868 1346 2921 τὸν
1406 2864 1754 2935 πατριάρχην

186 2974 347 3029 πάλιν
378 2971 713 3032 ὑποθέσεως.
740 2967 979 3038 Πάρεστι
997 2964 1092 3017 καὶ
1120 2960 1214 3015 νῦν
1247 2961 1274 3013 ὁ
1295 2958 1528 3028 Χριστὸς
1545 2958 1755 3017 ἐκεῖνος

186 3067 284 3137 τὴν
313 3061 591 3134 τράπεζαν
633 3056 837 3126 ταύτην
866 3053 1088 3123 κοσμῶν
1106 3064 1121 3081 '
1148 3052 1176 3104 ὁ
1208 3048 1318 3118 γὰρ
1344 3048 1445 3119 τὴν
1472 3042 1754 3114 τράπεζαν

186 3136 406 3227 ἐκείνην
433 3152 714 3225 κοσμήσας
752 3148 894 3211 τότε,
922 3140 1075 3206 οὗτος
1100 3145 1194 3198 καὶ
1216 3141 1441 3211 ,ταύτην
1470 3136 1758 3205 διακοσμεῖ

184 3250 303 3305 νῦν.
346 3248 421 3302 Οὐ
470 3245 579 3316 γὰρ
634 3240 923 3313 ἄνθρωπός
952 3240 1097 3291 ἐστιν
1141 3239 1168 3290 ὁ
1205 3233 1379 3289 ποιῶν
1409 3232 1478 3286 τὰ
1527 3229 1753 3300 προκεί-

1849 2143 2037 2199 omnia
2065 2156 2190 2213 qua;
2221 2140 2290 2196 ad
2316 2139 2650 2196 sacrificium
2681 2145 2957 2209 spectant,
2992 2135 3300 2208 praesertim
3331 2134 3439 2189 Do-

1851 2233 1983 2289 miui
2013 2234 2207 2300 verba,
2244 2245 2369 2304 qua:
2398 2244 2594 2301 panem
2626 2237 2681 2286 et
2704 2230 2890 2284 vinum
2922 2244 3047 2286 cum
3082 2243 3228 2300 aqua
3258 2238 3438 2283 trans-

1850 2334 2071 2382 mutaut
2143 2324 2200 2380 in
2258 2338 2462 2395 corpus
2529 2321 2652 2392 eius
2706 2329 2763 2378 et
2821 2319 3215 2392 sanguinem?
3276 2317 3435 2387 Quod

1851 2429 2035 2474 autem
2070 2416 2238 2472 verba
2269 2416 2386 2471 haec
2430 2413 2718 2472 materiam
2750 2414 2903 2469 illam
2954 2422 3329 2470 transmutent
3378 2411 3435 2468 in

1851 2526 1915 2569 ea
1950 2526 2071 2583 quae
2099 2510 2363 2575 diximus,
2410 2508 2539 2563 audi
2581 2523 2650 2564 ex
2702 2507 2889 2564 divino
2935 2508 3332 2580 Chrysostomo
3382 2507 3436 2562 in

1851 2604 2100 2661 oratione
2131 2643 2147 2667 ,
2218 2617 2341 2674 quae
2403 2600 2729 2658 inscribitur
2779 2617 2795 2656 :
2848 2599 2914 2654 Iu
2970 2598 3130 2654 Iuda:
3180 2598 3440 2669 proditio-

1853 2712 2011 2764 nem,
2069 2704 2119 2749 et
2185 2695 2464 2764 mysticam
2528 2689 2834 2746 Saluatoris
2893 2706 3137 2754 mnam,
3199 2698 3246 2743 et
3316 2704 3443 2742 con-

1856 2800 1945 2845 tra
2002 2791 2246 2857 Judwos;
2306 2787 2575 2843 orationis
2628 2794 2810 2841 autem
2872 2784 3094 2840 initium
3135 2785 3243 2839 hoc
3295 2792 3378 2838 est
3425 2800 3440 2835 :

1854 2887 2118 2943 Volebam
2184 2897 2319 2940 sane
2354 2922 2370 2948 ,
2430 2877 2800 2943 dilectissimi,
2864 2892 3063 2932 rursus
3117 2875 3446 2943 patriam-me

1856 2987 2259 3051 argumentum,
2293 2981 2401 3030 etc.
2431 2971 2596 3028 Adest
2628 2984 2776 3025 nunc
2819 2968 2985 3024 etiam
3017 2968 3276 3023 Christus
3325 2968 3446 3037 ipse

1857 3084 2102 3128 mensam
2138 3069 2279 3122 hanc
2333 3079 2541 3120 ornans
2589 3062 2736 3132 :qui
2796 3059 2946 3115 enim
2999 3067 3129 3113 tunc
3196 3074 3442 3113 mensam

1857 3165 2002 3221 illam
2029 3162 2264 3227 ornavit,
2292 3159 2435 3214 idem
2462 3171 2609 3212 nunc
2633 3164 2687 3211 et
2714 3156 2855 3209 hanc
2882 3154 3056 3223 ipsam
3086 3153 3445 3208 condecorat.

1858 3257 2044 3327 Neque
2069 3254 2211 3310 enim
2238 3256 2408 3307 homo
2468 3257 2570 3314 est,
2597 3249 2692 3318 qui
2727 3248 2859 3302 facit
2894 3257 2955 3300 ut
2983 3247 3261 3317 proposita
3317 3246 3448 3298 fiant

188 3359 332 3412 μενα
370 3338 623 3410 γενέσθαι
656 3335 816 3406 σῶμα
843 3333 939 3385 καὶ
968 3325 1111 3401 αἷμα
1152 3327 1415 3397 Χριστοῦ,
1447 3324 1562 3378 ἀλλ’
1595 3324 1757 3386 αὐτὸς

1862 3324 2058 3418 corpus
2080 3354 2133 3401 et
2164 3345 2390 3414 sanguis
2407 3341 2636 3408 Christi,
2660 3342 2752 3395 sed
2774 3341 2866 3409 qui
2898 3355 3000 3409 pro
3052 3339 3214 3394 nobis
3268 3339 3450 3391 cruci-

182 3436 211 3486 ὁ
246 3429 588 3502 σταυρωθεὶς
616 3424 755 3496 ὑπὲρ
808 3422 964 3495 ήμῶν
994 3419 1249 3489 Χριστός.
1295 3417 1494 3487 Σχῆμα
1535 3414 1761 3486 πληρῶν

180 3533 212 3584 ὁ
240 3528 429 3598 ἱερεὺς
463 3525 619 3594 μόνον
652 3522 871 3590 ἕστηκε,
904 3503 1012 3572 καί
1034 3515 1334 3589 προσφέρει
1368 3512 1464 3583 τὴν
1484 3512 1668 3583 δέησιν
1696 3509 1764 3563 τὰ

187 3624 417 3694 ῥήματα
442 3616 811 3687 φθεγγόμενος
841 3613 1045 3665 ὲκείναο
1075 3610 1109 3680 ή
1135 3609 1192 3662 δὲ
1224 3608 1385 3678 χάρις
1416 3606 1511 3660 καὶ
1535 3607 1569 3675 ή
1603 3604 1766 3659 δύνα-

187 3714 286 3781 μίς
316 3712 434 3763 ἐστι
463 3705 557 3762 τοῦ
587 3704 720 3758 Θεοῦ
752 3705 785 3773 ή
814 3705 994 3758 πάντα
1022 3698 1391 3771 ἐργαζομένη.
1436 3696 1619 3751 Τοῦτό
1645 3695 1765 3764 μού

182 3804 323 3856 ἐστι
353 3800 421 3854 τὸ
460 3797 652 3868 σῶμα,
680 3794 835 3865 φησί·
866 3793 1025 3846 τοῦτο
1048 3792 1108 3844 τὺ
1136 3791 1289 3862 ῥῆμα
1325 3789 1393 3843 τὰ
1427 3789 1767 3859 προκείμενα

188 3890 655 3967 μεταῤῥυθμίζει.
687 3887 801 3942 Καὶ
830 3884 1084 3955 καθάπερ
1127 3883 1308 3945 ἐκείνη
1339 3883 1374 3953 ή
1423 3882 1575 3953 φωνὴ
1612 3882 1647 3952 ή
1682 3882 1768 3936 λέ-

183 4002 392 4057 γουσα·
431 3980 803 4048 Δύξὰγεσθε,
835 3979 933 4032 καί
968 3976 1375 4045 πληθύνεσθε,
1405 3972 1506 4028 καί
1534 3973 1770 4043 πληρώ-

184 4095 347 4136 σατε
379 4076 494 4144 τὴν
524 4073 665 4144 γῆν,
687 4070 889 4145 ἐρρέθη
917 4070 1016 4141 μὲν
1049 4066 1216 4131 ams,
1242 4066 1332 4120 διὰ
1355 4066 1556 4130 παντὸς
1585 4066 1641 4119 δὲ
1674 4063 1769 4119 τοῦ

185 4170 398 4242 χρόνου
428 4168 637 4236 γίνεται
689 4165 874 4235 ἔργον,
928 4159 1239 4230 δυναμοῦσα
1296 4156 1395 4226 τὴν
1454 4156 1618 4228 φύσιν
1670 4157 1772 4230 τὴν

190 4262 490 4336 ἡμετέραν
524 4256 660 4328 πρὸς
689 4253 1057 4310 παιδοποιίανο
1086 4250 1228 4306 οὕτω
1256 4253 1353 4306 καὶ
1382 4251 1522 4323 αὕτη
1550 4254 1585 4323 ή
1616 4251 1771 4323 φωνὴ

191 4352 356 4420 ἂπαξ
386 4349 639 4422 λεχθεῖσα
662 4346 814 4415 παρὰ
841 4345 940 4413 τῆς
975 4342 1125 4407 θείας
1147 4341 1395 4411 γλώττης
1426 4342 1663 4411 ἐκείνης,
1689 4340 1773 4409 τὸ,

193 4443 394 4502 Τοῦτό
437 4440 556 4512 μού
588 4439 718 4494 ἐστι
750 4436 818 4491 τὸ
856 4434 1049 4504 σῶμα,
1082 4432 1207 4487 καθ’
1237 4433 1474 4505 ἑκάστην
1492 4430 1776 4504 τράπεζαν

189 4540 253 4591 ἐν
284 4537 414 4598 ταῖς
437 4530 779 4602 ἐκκλησίαις,
808 4527 1017 4582 ἐκείνου
1070 4527 1163 4581 τοῦ
1208 4528 1454 4600 ῥήματος
1483 4527 1517 4597 ή
1546 4525 1775 4594 δύναμις

196 4626 372 4697 μέχρι
402 4622 502 4693 τῆς
536 4622 810 4691 σήμερον,
842 4618 939 4670 καὶ
968 4617 1096 4687 ἄχρι
1142 4615 1243 4686 τῆς
1273 4614 1439 4669 αὑτοῦ
1474 4615 1777 4686 παρουσίας

1866 3442 2004 3495 fixus
2038 3445 2143 3501 est,
2177 3437 2295 3506 ipse
2340 3434 2616 3491 Christus.
2672 3431 2937 3503 Figuram
2988 3439 3201 3485 tantum
3252 3445 3450 3500 gerens

1866 3541 1976 3590 stat
1995 3531 2276 3593 sacerdos,
2308 3536 2361 3581 et
2391 3540 2581 3597 preces
2604 3522 2781 3591 offert,
2807 3526 2935 3578 dum
2962 3524 3129 3578 verba
3160 3522 3248 3576 illa
3274 3537 3448 3576 enun-

1866 3625 1996 3688 tiat;
2032 3636 2219 3676 verum
2249 3618 2426 3688 gratia
2455 3627 2509 3671 et
2529 3616 2769 3671 efficacia
2800 3613 2895 3668 Dei
2949 3624 3056 3677 est,
3084 3628 3205 3683 qua:
3253 3628 3451 3682 opera~

1870 3723 1959 3769 tur
1985 3713 2187 3767 omnia.
2222 3709 2332 3763 Hoc
2370 3718 2473 3770 est,
2517 3706 2722 3777 inquit,
2780 3722 2968 3776 corpus
3024 3720 3235 3770 nicum;
3287 3703 3453 3758 verba

1867 3808 1984 3862 hinc
2021 3805 2357 3876 propositam
2407 3805 2782 3855 transmittant
2811 3798 3120 3852 materiam.
3151 3798 3217 3851 Et
3264 3782 3453 3868 quem-

1868 3897 2161 3952 admodum
2202 3908 2307 3946 vox
2345 3892 2480 3946 illa:
2525 3890 2756 3944 Crescite
2806 3900 2855 3943 et
2914 3888 3343 3957 multiplicamini
3405 3896 3455 3939 et

1868 3987 2062 4058 replete
2085 3994 2285 4040 terram
2309 3982 2374 4048 ⁸⁸,
2402 3982 2613 4051 prolata
2647 3980 2867 4050 quidem
2890 3988 2972 4034 est
2999 3978 3313 4053 semelqed
3343 3994 3460 4048 prr-

1872 4081 2051 4153 petuis
2082 4075 2418 4147 temporibus
2447 4074 2506 4129 lit
2555 4087 2713 4143 opus,
2780 4082 3029 4125 naturam
3088 4081 3336 4128 nostram
3387 4070 3454 4124 ad

1869 4170 2312 4242 procreationem
2337 4165 2742 4222 corroborans:
2773 4165 2850 4218 ita
2904 4173 2958 4219 et
2981 4165 3093 4219 lucc
3125 4179 3227 4218 vox
3287 4162 3460 4219 senui
3531 4192 3539 4194 ν

1871 4268 2045 4324 missa
2086 4262 2264 4320 abilla
2304 4260 2490 4315 divina
2524 4259 2745 4328 lingua:
2786 4257 2900 4312 Hoc
2944 4268 3023 4311 est
3046 4272 3238 4327 corpus
3264 4271 3460 4319 meum,

1872 4360 1929 4417 in
1960 4358 2193 4431 singulis
2222 4356 2494 4411 altaribus
2516 4352 2611 4424 per
2639 4352 2909 4408 ecclesias
2931 4351 3134 4407 virtute
3151 4366 3252 4406 sua
3274 4349 3459 4412 allicit,

1873 4460 1935 4507 ut
1967 4451 2033 4507 ad
2063 4452 2206 4504 banc
2246 4449 2390 4503 diem
2422 4454 2478 4501 et
2503 4459 2677 4514 usque
2703 4444 2767 4499 ad
2802 4442 3052 4497 futurum
3107 4442 3227 4513 ejus
3255 4442 3461 4495 adven-

1876 4553 1992 4600 tum
2024 4539 2357 4598 sacrificium
2386 4538 2658 4607 integrum
2687 4543 2995 4606 peragatur.
3028 4531 3087 4588 Si
3120 4547 3251 4604 ergo
3289 4534 3457 4586 verba

1878 4635 1995 4689 haec
2020 4639 2396 4688 transmutaut
2419 4629 2702 4684 materiam
2732 4626 3075 4697 propositam
3145 4627 3197 4679 in
3261 4640 3464 4695 corpus

193 4725 298 4788 τὴν
330 4716 527 4771 θυσίαν
566 4712 987 4784 ἀπηρτισμένην
1029 4709 1342 4788 ἐργάζεται.
1377 4709 1441 4762 Εἰ
1492 4707 1584 4762 οὖν
1615 4708 1758 4762 τοῦτ(

1880 4734 1935 4781 et
1959 4724 2281 4795 sanguinem
2323 4721 2549 4787 Christi,
2571 4720 2924 4789 chiciuutque
2956 4727 3016 4774 ut
3038 4718 3150 4775 sint
3181 4720 3463 4774 tremenda

194 4815 257 4865 τὸ
284 4813 441 4881 ῥῆμα
466 4812 547 4874 είς
576 4809 734 4879 σῶμα.
764 4806 1005 4878 Χριστοῦ
1039 4807 1133 4858 καὶ
1164 4800 1303 4875 αἷμα
1330 4803 1400 4857 τὰ
1434 4803 1775 4875 προκείμενα

202 4906 518 4975 μεταποιεῖ,
543 4902 637 4956 καὶ
660 4902 866 4971 φρικτὰ
918 4901 1197 4970 μυστήρια
1226 4897 1622 4968 ἀπεργάζεται,
1653 4897 1777 4951 ἁδυ-

196 4998 358 5049 νατεῑ
386 4994 443 5047 δὲ
494 4994 664 5046 ταῦτα
699 4988 839 5044 εἶναι
884 4991 1069 5043 τέλεια
1126 4989 1215 5043 διὰ
1259 4989 1321 5041 τὸ
1382 4990 1455 5059 μὴ
1490 4988 1636 5059 ἔχειν
1684 5006 1775 5058 μι-

197 5089 345 5156 κρὰν
400 5087 600 5156 ζύμην,
657 5084 840 5153 θαῦμα
870 5084 935 5136 ἂν
979 5083 1064 5153 εἴη
1094 5098 1109 5115 ο
1159 5082 1459 5136 καὶταῦτα
1510 5084 1567 5135 ὲν
1605 5082 1777 5153 ταύτῃ

197 5182 265 5248 τῇ
324 5176 434 5248 ὕλῃ
478 5177 572 5229 τοῦ
605 5174 843 5243 Χριστοῦ
892 5173 1234 5236 τελέσαντος,
1269 5173 1345 5237 ὡς
1391 5172 1779 5243 προαποδεδει-

201 5285 331 5322 κται
341 5306 357 5322 ο

899 5358 1088 5411 ΕΦΕΣ.

285 5452 409 5523 Ἆρ’
435 5450 533 5521 οὐχ
572 5451 732 5505 ἱκανὰ
761 5444 936 5503 ταῦτα
976 5450 1076 5520 τὴν
1107 5449 1339 5519 γνώμην
1369 5451 1550 5504 αὐτῶν
1581 5451 1784 5505 διαδεί-

204 5542 319 5609 Em,
351 5546 447 5598 καὶ
496 5545 575 5597 ὅτι
607 5544 709 5596 οὐκ
754 5542 1009 5612 ἀληθείας
1042 5543 1271 5614 ἔρευναν
1309 5544 1622 5615 ποιούμενοι
1670 5548 1785 5608 τοῖς

202 5636 463 5698 Λατίνοις
510 5634 795 5703 συνῆλθον,
824 5633 890 5704 ἢν
935 5636 992 5687 ὲν
1031 5636 1219 5704 χερσὶν
1254 5636 1470 5707 ἔχοντες

209 5822 424 5892 σμένην
458 5821 557 5874 οὐκ
592 5819 773 5890 ἀληθῆ
804 5821 1170 5891 συστήσασθαι
1200 5822 1434 5889 ἓνωσινς

280 6026 327 6061 ¹⁵
346 6026 483 6084 Gen.
508 6042 550 6094 ι,
572 6024 670 6081 28.

1516 5637 1785 5707 προδεδώ-

206 5745 394 5792 κασιν,
428 5727 562 5781 ἀλλὰ
608 5728 976 5797 χρυσοχοῆσαι
1032 5729 1368 5798 βουλόμενοι,
1422 5730 1515 5784 καὶ
1565 5732 1785 5786 πεπλα-

1883 4817 2182 4888 mysteria;
2221 4814 2421 4868 mirum
2466 4812 2709 4883 profecto
2755 4810 2945 4877 fuerit,
2980 4812 3025 4865 si
3079 4810 3326 4880 perfecta
3372 4809 3462 4861 illa

1882 4920 2005 4961 esse
2030 4920 2141 4960 non
2168 4919 2236 4975 po
2254 4904 2402 4968 ~siut,
2436 4902 2580 4973 quod
2607 4917 2713 4956 non
2739 4901 2884 4957 adsit
2913 4900 3187 4956 modicum
3224 4899 3465 4955 fel-mem

1885 5007 2038 5063 tum;
2067 4999 2230 5069 idque
2258 5012 2381 5053 cum
2414 4997 2471 5051 in
2497 4995 2588 5050 tali
2635 4997 2863 5052 materia
2893 4995 3148 5051 Christus
3198 4994 3313 5064 ipse
3334 5007 3466 5057 cou-

1888 5088 2100 5157 fecerit,
2126 5099 2185 5144 ut
2214 5087 2590 5158 probavimus.

2560 5364 2806 5420 EPHES.

2560 5364 2645 5418 EP
2791 5405 2806 5420 .

1958 5459 2039 5513 An
2080 5472 2188 5515 non
2216 5458 2354 5514 satis
2398 5458 2517 5513 base
2546 5364 3194 5511 sutnltlgjdeclarandum
3219 5449 3469 5506 animum

1888 5567 2113 5619 eorum,
2138 5551 2285 5621 quod
2308 5565 2419 5605 non
2446 5547 2770 5619 indaganda:
2789 5545 3041 5601 veritatis
3069 5544 3277 5609 studio,
3302 5558 3468 5615 quam

1893 5646 1947 5698 in
1984 5646 2237 5699 manibus
2270 5641 2536 5699 habentes
2596 5638 2917 5715 prodidere,
2976 5637 3035 5692 in
3106 5651 3280 5692 unum
3341 5653 3468 5693 cum

1895 5736 2110 5791 Latinis
2137 5748 2457 5790 convenere
2481 5733 2703 5800 locum;
2736 5731 2832 5787 sed
2860 5730 3145 5785 voluntate
3172 5730 3472 5803 cxpiscan-

1897 5830 1950 5883 di
1988 5842 2211 5903 aurum,
2242 5835 2300 5882 et
2329 5826 2535 5893 fictam,
2569 5840 2677 5882 non
2712 5838 2898 5881 veram
2958 5823 3225 5881 unionem
3289 5823 3480 5882 conci-

1903 5920 2119 5975 “andi?
