3998 6470
550 523 642 585 1:31

1230 633 1427 690 RESP.

623 727 778 794 Quod
849 741 950 781 nos
1029 726 1318 780 veritatem
1375 727 1703 798 indagantes
1767 729 1972 799 potius,
2018 744 2114 800 per

546 837 667 876 eam
709 819 992 890 conjuncti
1026 817 1297 872 fuerimus
1331 832 1458 872 cum
1483 817 1712 886 Latinis,
1753 829 1968 876 constat
2002 819 2116 886 pla-

551 927 616 966 ne
646 912 930 973 omnibus,
967 911 1062 980 qui
1098 911 1481 966 contentiones
1545 925 1656 965 non
1691 920 1882 965 amant
1921 929 1934 965 :
1989 925 2113 964 nam

549 1006 797 1060 veritatis
830 1003 1118 1072 inquisitio
1151 1019 1246 1074 per
1286 1013 1604 1059 sanctorum
1662 1004 1993 1074 theologiam
2020 1007 2116 1058 ha-

548 1099 657 1151 bita
694 1104 800 1160 est,
831 1111 939 1149 non
999 1103 1058 1149 ut
1086 1097 1203 1164 ipse
1259 1096 1356 1155 ait,
1413 1096 1558 1163 quod
1618 1103 1675 1150 et
1724 1095 1898 1165 ipsam
1953 1111 2114 1165 quam

548 1175 910 1249 habebamus,
940 1190 1222 1241 veritatem
1252 1188 1680 1253 prodiderimns.
1717 1187 1975 1256 Alioquin
2014 1188 2116 1242 hoc

546 1280 694 1334 idem
727 1277 799 1335 de
839 1280 1033 1348 quavis
1079 1277 1407 1332 mtttnienica
1477 1280 1688 1348 synodo
1733 1278 1842 1334 dici
1909 1289 2113 1347 posset,

548 1371 739 1426 relicta
758 1371 1013 1426 videlicet
1041 1372 1210 1440 prima
1237 1369 1365 1439 iide,
1396 1372 1556 1426 aliam
1575 1388 1698 1428 esse
1721 1368 1877 1426 abiis
1892 1372 2112 1427 editam.

551 1461 750 1516 Verum
781 1463 887 1518 hoc
921 1478 1188 1531 nusquam
1241 1465 1508 1532 scriptum
1561 1471 1667 1528 est,
1728 1465 1875 1535 quod
1933 1464 2117 1534 expla-

549 1553 730 1607 nando
761 1569 959 1607 novam
985 1553 1145 1606 [idem
1202 1552 1522 1608 conderent.
1588 1554 1763 1624 Hujus
1827 1555 1904 1609 rei
1962 1554 2118 1608 testis

549 1642 652 1694 erit
679 1653 734 1696 et
768 1651 992 1697 sanctus
1015 1641 1283 1698 Maximus
1332 1642 1390 1697 in
1417 1643 1512 1698 illo
1543 1653 1800 1710 tractatu,
1837 1645 1997 1714 cujus
2023 1660 2123 1697 an-

555 1743 638 1785 tea
675 1733 1005 1787 mentionem
1031 1731 1286 1788 fecimus.
1306 1732 1424 1800 Qua
1452 1735 1624 1798 enim,
1654 1735 1848 1804 inquit.
1880 1736 2114 1800 ratione,

549 1832 603 1878 et
635 1840 744 1894 quo
774 1834 933 1894 pacto
982 1834 1230 1878 sanctam
1269 1824 1772 1881 Chalcedonensem
1824 1810 2116 1896 synodum,

550 1931 676 1970 cum
705 1917 796 1988 illa
829 1918 1053 1971 Patrum
1090 1917 1314 1970 vocibus
1340 1925 1530 1986 aperte
1565 1933 1660 1972 usa
1693 1919 1786 1982 sit,
1847 1919 2114 1972 crimina-

1431 521 1473 578 G
1489 519 1809 579 REGCIUI
1855 521 2018 579 MAM
2032 519 2121 577 ΜΛ

2237 516 2296 576 P.
2343 513 2844 573 P.—\Tlil.\RCll.E
3652 517 3738 585 132

2898 633 3107 688 ΑΠΟΛ.

2289 728 2412 780 Ὀτι
2461 725 2561 796 μὲν
2603 719 2696 779 οὗν
2727 725 2989 794 ἀληθείας
3031 727 3261 798 ἔρευναν
3294 728 3589 800 ποιούμενοι
3619 732 3737 802 μᾶλ-

2214 817 2324 881 λον,
2357 817 2447 871 διὰ
2483 816 2688 888 ταύτης
2727 817 2982 880 Λατίνοις
3020 815 3333 889 ἡνὼθημεν,
3381 819 3630 888 πρόδηλον
3662 823 3742 873 καὶ

2216 910 2449 979 φανερὸν
2478 911 2591 972 τοῖς
2637 910 2712 981 μὴ
2756 910 3086 978 φιλονεικεῖν
3117 909 3379 965 ἐθέλουσι*
3417 912 3502 965 διὰ
3535 912 3634 982 γὰρ
3659 912 3741 980 τῆς

2215 1003 2325 1055 τῶν
2353 1001 2524 1068 ἁγίων
2567 1001 2851 1069 θεολογίας
2892 1003 2924 1072 ἡ
2958 1001 3157 1073 ἔρευνα
3188 1004 3400 1072 γέγονε,
3441 1004 3530 1058 καὶ
3572 1005 3660 1075 οὐχ
3681 1003 3747 1067 ὡς

2217 1095 2378 1157 αὐτός
2433 1111 2621 1164 φησιν,
2675 1095 2758 1147 ὅτι
2805 1093 3230 1164 προδεδώκαμεν
3276 1099 3373 1151 καὶ
3419 1096 3483 1168 ἢν
3529 1097 3742 1165 είχομεψ

2215 1187 2377 1241 τοῦτο
2405 1187 2514 1254 γὰρ
2539 1187 2632 1240 καὶ
2659 1186 2752 1240 ἐπὶ
2779 1189 2962 1260 πάσης
2997 1180 3385 1260 οίκουμίενικῆς
3415 1191 3623 1244 συνόδου
3645 1190 3746 1245 ἑλέ·

2217 1295 2347 1347 γετο
2377 1278 2467 1342 ἂν,
2498 1279 2582 1332 ὅτι
2627 1279 2726 1348 τὴν
2775 1279 3004 1351 πρώτην
3052 1281 3236 1336 πίστιν
3271 1283 3548 1346 ἐάσαντες.
3577 1281 3750 1350 ἑτίραν

2222 1369 2400 1440 ἔσχον.
2443 1369 2586 1424 Ἀλλ’
2617 1370 2856 1440 οὐδαμοῦ
2890 1371 3048 1426 τοῦτο
3089 1371 3421 1442 γέγραπται,
3450 1373 3529 1426 ὅτι
3557 1371 3639 1425 διὰ
3664 1370 3752 1440 τῆς

2219 1461 2580 1528 ἑξαπλὼσεως
2607 1461 2798 1530 ἑτέραν
2827 1462 3010 1515 πίστιν
3041 1463 3219 1532 [σχον.
3245 1465 3589 1535 Μαρτυρήσει
3613 1460 3754 1515 τοῦτο

2219 1552 2314 1603 καὶ
2346 1553 2373 1603 ὁ
2417 1553 2473 1603 ὲν
2507 1552 2683 1620 ἁγίοις
2730 1551 2980 1622 Μάξιμος
3029 1553 3088 1606 ιν
3137 1554 3214 1624 τῷ
3244 1553 3756 1624 προμνημονευθέντι

2218 1643 2364 1711 λόγῳ
2409 1643 2601 1696 αὐτοῦ’
2634 1645 2770 1714 φησι
2805 1645 2935 1713 γάρ·
2969 1644 3088 1696 Τίνι
3119 1644 3264 1717 λόγῳ
3307 1647 3403 1700 καὶ
3433 1647 3546 1708 πῶς
3581 1644 3673 1716 τὴν
3707 1650 3758 1698 ὲν

2220 1732 2527 1801 Καλχηδόνι
2555 1733 2718 1801 ἁγίαν
2762 1734 3002 1799 σύνοδον,
3034 1733 3215 1790 καίτοι
3266 1737 3557 1807 πατρικαῖς
3583 1735 3761 1804 προδή-

2219 1823 2324 1885 λως
2356 1826 2823 1896 ἁποχρησαμένην
2852 1829 3077 1896 φωναῖς,
3107 1828 3380 1890 αἰτιᾶσθε,
3413 1827 3508 1882 καὶ
3530 1829 3598 1890 ὼς
3621 1827 3762 1881 ἄλλον

2224 1917 2459 1977 πίστεως
2496 1917 2622 1985 ὅρον
2655 1917 3008 1984 εἰσάγουσαν,
3039 1917 3168 1988 τῇδε
3210 1920 3438 1975 κάκεῖσε
3467 1921 3556 1974 καὶ
3583 1917 3764 1987 ἐγγρά-

551 2006 725 2060 mini?
754 2015 806 2059 et
833 2006 990 2076 quasi
1014 2021 1210 2059 novam
1243 2007 1361 2059 iidei
1394 2006 1776 2061 deﬁnitionem
1850 2007 2115 2062 condide-

2229 2025 2338 2074 φως
2377 2010 2471 2061 καὶ
2518 2008 2781 2077 ἀγράφως
2822 2009 3206 2082 διαλοιδορείτε
3238 2014 3334 2066 καὶ
3372 2010 3763 2074 διασκώπτετες

548 2099 643 2162 rit,
682 2101 885 2168 passim
917 2099 1183 2153 conviciis
1229 2098 1375 2152 illam
1408 2106 1520 2151 tum
1546 2098 1791 2168 scriptis,
1863 2109 1977 2153 tum
2031 2099 2119 2153 di-

548 2194 652 2247 ctis
681 2191 1031 2261 proscinditis
1054 2192 1076 2245 ?
1098 2189 1301 2253 Nolite,
1358 2193 1536 2261 inquit
1564 2193 1849 2257 Dominus,
1869 2193 2123 2259 judicare

545 2286 831 2340 secundum
862 2283 1074 2353 facian,
1118 2284 1209 2338 sed
1232 2284 1445 2352 justum
1476 2285 1742 2353 judicium
1773 2283 2017 2352 judicare
2044 2284 2113 2338 ¹⁶.

548 2375 659 2430 Cur
689 2377 743 2429 in
772 2391 879 2430 una
910 2375 1214 2444 eademque
1245 2375 1471 2427 uzatcria
1504 2374 1572 2427 de
1607 2373 1864 2426 Patribua
1921 2375 2120 2443 synodi

549 2466 1014 2520 Chalcedonensis
1061 2464 1488 2533 conquer-imitri,
1520 2473 1575 2517 et
1616 2464 1961 2533 antiquiores
2021 2465 2124 2520 hoc

549 2562 670 2631 ipso
688 2559 918 2613 crimine
945 2557 1229 2613 liberatis?
1279 2555 1412 2610 Nam
1453 2557 1499 2610 si
1536 2557 1666 2610 licet
1695 2571 1960 2612 accusare
2017 2558 2124 2610 Pa-

551 2665 666 2708 tres
695 2652 1168 2707 Chalcedonensis
1209 2651 1454 2715 concilii,
1480 2660 1542 2704 ut
1575 2649 1736 2702 aliam
1801 2649 1926 2702 lidei
1985 2649 2121 2704 deli-

549 2749 814 2802 nitionem
841 2745 1272 2816 promulganles,
1299 2761 1364 2799 eo
1388 2743 1532 2813 quod
1562 2758 1725 2797 voces
1748 2744 2122 2810 adhibuerint,

548 2856 671 2909 qua:
706 2854 813 2892 non
844 2839 1115 2892 habentur
1146 2836 1202 2891 in
1267 2836 1588 2891 definitione
1617 2837 1834 2890 Patrum
1872 2837 2126 2890 Niceno-

547 2951 670 2987 rttm
709 2949 725 2997 ;
758 2936 1010 3001 sequitur
1032 2931 1281 2996 omnino,
1314 2941 1374 2986 ut
1428 2932 1532 2985 hoc
1597 2931 1737 2986 idem
1773 2931 1843 2986 ob
1875 2932 2120 2986 eamdem

555 3040 780 3080 causam
825 3025 930 3079 dici
971 3025 1150 3095 possit
1191 3033 1246 3078 et
1277 3033 1469 3077 contra
1505 3021 1792 3094 Cyrillum,
1831 3032 1886 3077 et
1932 3021 2126 3078 contra

551 3125 772 3170 centum
807 3116 1206 3185 quinquaginta
1242 3115 1432 3170 Patres
1467 3131 1482 3168 :
1519 3116 1614 3169 sed
1648 3115 1694 3170 si
1755 3115 1820 3170 de
1853 3115 1962 3171 illis
2022 3116 2128 3170 hoc

551 3207 660 3261 dici
697 3221 804 3261 non
835 3206 984 3273 licet,
1024 3221 1134 3259 non
1169 3205 1326 3260 video
1350 3221 1449 3260 cur
1479 3205 1638 3260 liceat
1662 3207 1728 3261 de
1754 3206 1859 3262 hac
1891 3207 2123 3278 synodo.

2223 2102 2320 2168 Μὴ
2355 2102 2487 2154 κατ’
2512 2101 2658 2171 ὄψιν
2678 2104 2942 2171 κρίνητε,
2974 2105 3062 2158 διὰ
3091 2106 3182 2159 τὸν
3203 2107 3432 2161 εἰπόντα
3457 2105 3604 2173 Θεὸν,
3627 2104 3771 2160 ἀλλὰ

2225 2193 2340 2260 τὴν
2368 2192 2609 2248 δικαίαν
2643 2195 2850 2261 κρίσιν
2873 2197 3136 2264 κρίνατε.
3172 2197 3270 2261 Τίς
3309 2199 3343 2267 ἡ
3378 2199 3469 2252 ἐπὶ
3497 2197 3591 2267 τῆς
3617 2194 3770 2263 αότῆς

2225 2285 2321 2336 καὶ
2376 2285 2503 2352 μιᾶς
2555 2284 2863 2350 ὑποθέσεως
2914 2287 3023 2340 τῶν
3072 2288 3132 2340 ὲν
3182 2289 3489 2360 Καλχηδόνι
3534 2288 3772 2354 Πατέρων

2225 2373 2485 2443 ιγκλησις
2518 2375 2693 2442 ὑμῶν,
2726 2377 2820 2429 καὶ
2865 2378 2950 2441 τίς
2993 2379 3028 2446 ἡ
3063 2378 3175 2433 τῶν
3213 2379 3600 2451 προλαϐόντων
3626 2379 3774 2449 ἁνὰῤ·

2228 2466 2419 2535 ῥησις;
2458 2467 2518 2519 Εἰ
2563 2467 2672 2536 γάρ
2704 2468 2821 2520 ἐστι
2865 2470 3008 2522 κλιτὰ
3056 2470 3152 2542 τῆς
3202 2470 3598 2544 Καλχηδονὲων
3631 2469 3775 2526 ἄλλον

2226 2558 2506 2612 αἰτιᾶσθαι
2538 2560 2777 2624 πίστεως
2808 2561 2935 2631 ὅρον
2959 2562 3048 2617 διὰ
3079 2563 3176 2628 τὰς
3216 2566 3321 2620 οὐκ
3365 2565 3680 2635 ὲγκειμίνας
3706 2561 3775 2632 τῷ

2225 2651 2336 2720 ὅρῳ
2380 2650 2477 2718 τῆς
2520 2651 2774 2706 Νικαέων
2817 2654 3025 2722 φωνὰς,
3067 2656 3226 2710 τοῦτό
3260 2674 3326 2726 γε
3359 2659 3577 2722 πὰντως
3607 2657 3778 2727 ἕψεται

2223 2745 2406 2812 λέγειν
2431 2746 2519 2798 διὰ
2544 2746 2643 2816 τὴν
2675 2746 2848 2818 αὐτὴν
2877 2746 3060 2800 αἰτίαν
3095 2748 3186 2802 καὶ
3219 2751 3368 2802 κατὰ
3401 2748 3666 2819 Κυρίλλου
3697 2744 3779 2798 καὶ

2225 2837 2367 2891 κατὰ
2393 2837 2502 2888 τῶν
2535 2837 2728 2890 ἑκατόν
2765 2839 3126 2909 πεντήκοντᾳ’
3163 2840 3213 2892 εί
3242 2840 3303 2893 δὲ
3336 2840 3458 2894 κατ’
3491 2838 3666 2893 αὐτῶν
3690 2835 3778 2888 οὐκ

2227 2928 2364 2994 ἔστι,
2397 2927 2511 2989 πῶς
2558 2926 2678 2980 κατ’
2705 2927 2944 2997 ἐκείνης,
2983 2928 3218 2982 συνιδεῖν
3247 2931 3352 2984 οὐκ
3385 2931 3512 3000 ἔχω.
3539 2929 3656 2982 ’Ὁτι
3701 2923 3784 2980 οὖν

2227 3023 2519 3092 πατρικαῖς
2553 3021 2811 3090 ἑπόμενοι
2841 3024 3069 3089 φωναῖς,
3095 3022 3182 3074 διὰ
3227 3024 3440 3077 τούτων
3475 3023 3571 3092 τὴν
3603 3021 3782 3075 ἕνωσιν

2228 3113 2616 3183 πεποιήκαμεν
2663 3110 3063 3166 ἀποδέδεικται·
3097 3113 3179 3165 διὸ
3225 3114 3351 3166 οὐδὲ
3383 3114 3609 3176 δικαίως
3640 3117 3789 3179 ἐγκα-

2225 3203 2328 3265 λεῖ,
2356 3205 2439 3256 ὅτι
2471 3203 2539 3274 ἣν
2574 3203 2796 3273 εἵλομεν
2825 3203 3272 3272 προδεδώκαμεν·
3308 3204 3427 3258 ἁλλ’
3462 3205 3583 3258 οὐδὲ
3612 3218 3790 3273 χρυσοο

553 3299 710 3366 Quod
747 3299 915 3369 igitur
947 3306 1208 3368 paternas
1243 3299 1414 3353 secuti
1446 3299 1628 3362 voces,
1681 3312 1776 3367 per
1807 3312 1900 3352 eas
1958 3298 2120 3354 unio-

2231 3296 2430 3368 χοῆσαι
2473 3293 2792 3363 βουλόμενοι
2843 3294 2943 3363 τὴν
2992 3279 3190 3347 ’ἕνωσιν
3243 3297 3656 3366 πεποιήκαμεν·
3709 3295 3793 3345 καὶ

2280 3383 3104 3402 .....,.,...
3380 3387 3393 3402 .

551 3410 676 3451 nem
711 3393 1123 3464 perfecerimus,
1149 3391 1261 3461 jam
1313 3391 1753 3445 demonstratum
1783 3397 1870 3444 est
1900 3407 1914 3442 :
1951 3389 2125 3446 idcir-

549 3503 617 3542 co
649 3501 750 3542 nec
781 3486 906 3556 jure
941 3500 1043 3540 nos
1069 3483 1372 3546 insimulat,
1417 3483 1560 3552 quod
1598 3481 1911 3550 veritatem,
1941 3499 2065 3552 quat
2093 3499 2125 3538 a

558 3578 722 3634 nobis
756 3586 896 3641 erat,
933 3576 1362 3646 prodiderimus.
1394 3573 1502 3630 Sed
1533 3589 1714 3645 neque
1736 3588 1873 3628 auro
1902 3575 2127 3629 inhian-

550 3679 635 3726 tes
672 3671 932 3726 unionem
975 3669 1312 3725 coniecimus
1339 3683 1498 3733 ;nam
1519 3675 1572 3722 et
1599 3668 1718 3737 ipse
1740 3681 1896 3734 aeque
1933 3682 1997 3723 ac
2021 3682 2124 3722 nos

551 3763 857 3818 constituta
887 3761 1090 3816 salaria
1145 3757 1418 3824 sumebat,
1461 3767 1518 3814 et
1585 3773 1873 3813 nummum
1930 3769 2126 3810 aureo-

552 3872 672 3909 rum
700 3869 900 3925 erpers
929 3868 1040 3908 non
1065 3863 1185 3908 erat
1210 3870 1224 3906 :
1260 3853 1394 3922 quin
1426 3851 1592 3906 etiam
1624 3851 1691 3906 de
1714 3850 1974 3920 pecunia,
2000 3863 2124 3917 quas

550 3945 658 3999 huc
689 3944 857 3998 missa
888 3951 1005 3998 erat
1040 3943 1107 3998 ad
1141 3951 1514 3996 commeatum
1565 3939 1962 4010 navigationis,
2019 3951 2124 3992 nec

555 4051 660 4087 nun
695 4033 958 4099 Vcnetiis,
1016 4042 1070 4089 et
1107 4039 1391 4088 menstrua
1447 4046 1570 4100 quae
1621 4031 1896 4085 dabantur
1956 4029 2124 4094 inibi,

551 4127 808 4182 similiter
843 4135 899 4181 et
933 4127 1049 4196 ipse
1091 4124 1420 4194 accipiebat.
1448 4120 1646 4178 Nescio
1669 4135 1858 4192 porro,
1893 4136 1962 4175 an
1989 4119 2122 4190 quia

551 4219 730 4273 sum-ti
763 4217 996 4288 Eugenii
1018 4215 1335 4286 depinxerit
1365 4216 1681 4284 imaginem,
1731 4222 1788 4269 ut
1821 4228 1940 4268 eam
1968 4227 2124 4284 papae

548 4313 808 4372 ullerrct,
862 4317 916 4362 et
975 4320 1288 4361 sermonem
1355 4304 1424 4358 ad
1485 4318 1612 4358 eum
1677 4303 1992 4373 scripserit,
2062 4303 2116 4356 in

2231 3389 2340 3457 γὰρ
2363 3384 2457 3440 καὶ
2482 3384 2644 3447 αὐτὸς
2667 3383 2868 3453 ὁμοίως
2900 3385 3031 3454 ἡμῖν
3054 3384 3114 3438 τὺ
3145 3387 3492 3456 τεταγμένον
3517 3385 3794 3454 ἐλάμϐανε,

2230 3475 2326 3530 καὶ
2356 3474 2464 3528 τῶν
2494 3475 2768 3544 χρυσίνων
2797 3473 3085 3545 στατήρων
3116 3474 3218 3528 οὐκ
3243 3477 3526 3548 ἀμέτοχος
3559 3472 3648 3545 ἦν*
3674 3475 3798 3530 ἁ).λὰ

2231 3569 2324 3622 καὶ
2353 3568 2417 3620 ὲκ
2447 3567 2557 3620 τῶν
2586 3565 2894 3620 σταλέντων
2925 3565 3168 3621 ἐνταῦθα
3199 3567 3272 3622 δι’
3297 3571 3494 3640 ἐφόδια
3527 3569 3621 3623 τοῦ
3652 3565 3797 3630 πλοῦ,

2232 3660 2326 3714 καὶ
2378 3662 2437 3713 ὲν
2483 3661 2547 3729 τῇ
2586 3659 2828 3730 Βενετίᾳ,
2877 3660 2973 3713 καὶ
3015 3660 3079 3713 τδ
3123 3661 3268 3716 κατὰ
3331 3664 3487 3734 μῆνα
3541 3662 3800 3732 διδόμενον

2231 3754 2437 3819 ἐκεῖσε,
2469 3752 2675 3822 ὁμοίως
2704 3752 3036 3822 ἐλάμϐανεν.
3071 3754 3186 3806 Οὐκ
3229 3753 3468 3825 οἴδαμεν
3494 3755 3574 3821 δὲ,
3605 3756 3652 3807 εί
3681 3751 3801 3805 διότι

2227 3845 2320 3898 τὸν
2349 3843 2504 3912 ἅγιον
2543 3843 2801 3913 Εὐγὲνιον
2829 3845 3138 3915 ἱστόρησεν,
3165 3845 3252 3898 ἵνα
3287 3845 3451 3920 δώσῃ
3477 3845 3556 3918 τῷ
3591 3847 3801 3914 πάππᾳ,

2229 3936 2322 3988 καὶ
2351 3937 2433 3988 ὅτι
2475 3936 2935 4005 προσφωνητικὸν
2983 3935 3194 4009 ἔγραψε
3241 3939 3384 4011 πρὸς
3420 3943 3656 4006 ἐκεῖνον,
3683 3936 3808 4007 γρὰ-

2230 4041 2348 4093 φων
2377 4026 2470 4078 καὶ
2506 4025 2685 4078 τοῦτο·
2719 4027 2899 4097 Πάτερ
2940 4026 3221 4098 Ἀϐραὰμ,
3248 4027 3467 4102 επαρον
3501 4031 3602 4094 τὰς
3632 4026 3811 4100 χεῖράς

2231 4134 2350 4181 σου,
2395 4117 2492 4170 καὶ
2525 4119 2825 4188 εὐλόγησον
2850 4121 2918 4173 τὰ
2948 4119 3116 4174 τέκνα
3157 4139 3250 4174 σου
3280 4122 3503 4195 ἥκοντα
3537 4122 3600 4189 ιε
3635 4123 3768 4194 ἑῴας
3794 4135 3806 4151 ·

2228 4212 2324 4263 καὶ
2377 4208 2454 4280 μὴ
2500 4209 2685 4262 λαϐὼν
2713 4211 3066 4282 ἀντιμισθίαν
3100 4213 3334 4286 τούτων,
3369 4217 3515 4288 μηδὲ
3559 4230 3812 4289 χρυσοχο-

2228 4304 2389 4372 qm,
2421 4303 2490 4357 τὰ
2523 4304 2749 4357 τοιαῦτα
2783 4305 3094 4373 ἐρεύγεται.

550 4419 660 4471 quo
691 4413 889 4470 praeter
946 4401 1053 4454 alia
1082 4402 1097 4412 '
1134 4399 1399 4454 dicebat:
1459 4396 1620 4452 Pater
1661 4397 1986 4456 Abraham,
2035 4394 2187 4449 eleva
2228 4411 2426 4452 manus
2484 4408 2627 4462 tuas,
2695 4409 2750 4453 et
2801 4401 3032 4455 benedic
3088 4401 3212 4456 ﬁliis
3269 4402 3416 4470 tuis,
3459 4405 3557 4476 qui
3604 4382 3702 4460 tibi
3758 4399 3820 4454 ab

548 4495 762 4546 Ol‘lt'nlc
793 4492 1018 4544 veniunt
1049 4508 1066 4555 ;
1099 4501 1157 4546 et
1205 4491 1342 4546 nihil
1374 4507 1440 4547 ex
1475 4506 1542 4546 eo
1578 4490 1852 4546 mercedis
1894 4487 2172 4555 habuerit,
2213 4506 2316 4547 nec
2350 4507 2546 4548 aurum
2607 4494 2923 4564 expiscatus
2989 4494 3206 4565 fuerit;
3245 4497 3586 4570 hujusmodi
3659 4496 3817 4554 verba

551 4594 783 4644 eruclei.

1281 4682 1522 4739 EPiiES.

631 4775 736 4831 Sed
769 4774 1230 4846 quemadmodum
1264 4789 1389 4828 cum
1444 4775 1555 4830 illis
1595 4774 1876 4844 conjuncti
1903 4773 2125 4838 iuerint,

555 4869 1037 4928 considerandum.
1060 4868 1197 4924 Nam
1223 4883 1386 4924 omne
1408 4870 1552 4939 quod
1598 4885 1722 4923 cum
1760 4869 1868 4923 alio
1891 4867 2125 4936 conjun-

555 4968 724 5036 gitur,
760 4978 859 5034 per
894 4963 1116 5032 aliquod
1146 4969 1298 5017 certe
1328 4961 1568 5016 medium
1591 4962 1800 5016 unitur.
1837 4961 1994 5028 Quod
2023 4959 2121 5028 igi-

560 5065 646 5107 tur
675 5051 741 5106 ad
774 5051 1102 5106 sententiam
1133 5051 1198 5106 de
1221 5050 1428 5120 Spiritu
1451 5087 1456 5092 ο
1481 5063 1679 5107 sancto
1728 5052 1948 5115 attinet,
2019 5049 2127 5103 visi

560 5159 687 5199 sum
715 5143 824 5198 illis
857 5143 1142 5213 conjungi,
1177 5144 1490 5200 sancientes
1524 5145 1676 5198 illum
1708 5161 1736 5199 a
1759 5145 1896 5199 Filio
1957 5141 2126 5200 etiam

557 5252 712 5291 suam
743 5235 1154 5291 subsistentiam
1193 5235 1430 5303 habere;
1467 5246 1523 5290 at
1552 5247 1752 5293 caetera
1791 5236 1980 5292 omnia
2025 5233 2132 5288 dif-

556 5328 762 5394 ferunt,
798 5340 901 5381 nec
932 5335 1014 5381 est
1046 5327 1188 5382 inter
1220 5340 1317 5382 eos
1339 5327 1634 5400 quidquam
1665 5344 1860 5395 unttm,
1891 5336 1988 5382 aut
2012 5339 2127 5379 me-

557 5420 728 5482 dium,
762 5427 856 5473 aut
877 5433 1192 5474 commune.

1055 5505 1058 5512 ’
1229 5507 1432 5567 RESP.

621 5597 736 5654 Nos
775 5601 953 5657 medio
977 5601 1042 5658 ad
1073 5603 1336 5660 unionem
1361 5604 1443 5660 usi
1471 5619 1664 5662 sumus
1697 5606 1968 5678 theologia
1996 5621 2124 5661 san-

555 5700 794 5754 ctorum,
829 5705 940 5745 non
969 5693 1160 5749 relicto
1184 5709 1269 5760 eo,
1305 5695 1450 5764 quod
1483 5704 1644 5751 antea
1665 5692 2033 5761 'tenebamus,
2068 5703 2127 5749 ut

555 5777 662 5847 jam
691 5782 823 5836 satis
863 5784 1000 5839 bene
1061 5785 1464 5854 perspicueque
1514 5784 1955 5840 demonstratum
2017 5793 2122 5839 est.

665 5958 708 5992 “
733 5959 892 6017 Joan.
917 5975 1014 6024 vn,
1054 5959 1145 6016 24.

2927 4681 3114 4736 ΕΦΕΣ.

2299 4776 2435 4830 Τίνα
2453 4776 2510 4829 δὲ
2535 4775 2630 4828 καὶ
2654 4773 2857 4843 τρόπον
2881 4774 3069 4836 αὐτοῖς
3091 4773 3416 4843 ήνώθησαν,
3443 4776 3826 4830 ἐπισκεπτέον.

2230 4866 2347 4920 Πᾶν
2396 4869 2506 4935 γὰρ
2557 4865 2621 4917 τὸ
2663 4863 2839 4934 ἑτέρῳ
2887 4862 3180 4933 ἑνούμενον
3209 4862 3278 4916 δι’
3309 4865 3440 4928 ἑνός
3471 4882 3624 4928 τινος
3665 4865 3828 4934 μέσου

2230 4960 2448 5021 πάντως
2481 4957 2716 5012 ἑνοῦται.
2749 4958 2827 5027 Τῇ
2860 4957 2959 5027 μὲν
2989 4950 3084 5010 οὖν
3112 4956 3240 5027 δόξῃ
3264 4960 3336 5027 τῇ
3368 4959 3516 5030 ,περὶ
3545 4957 3645 5012 τοῦ
3673 4956 3829 5026 ἁγίου

2230 5048 2556 5118 Πνεύματος
2601 5047 2790 5111 ἔδοξαν
2827 5043 3098 5114 ὲνωθῆναι
3149 5047 3246 5100 σὺν
3293 5047 3521 5114 αὐτοῖς,
3554 5044 3833 5116 ἀποφηνά-

2237 5157 2389 5212 μενοι
2423 5142 2516 5194 καὶ
2545 5141 2609 5191 ἐκ
2638 5138 2728 5191 τοῦ
2759 5137 2888 5190 Υἱοῦ
2933 5137 3092 5190 τοῦτο
3134 5137 3280 5208 ἔχειν
3317 5137 3430 5210 τὴν
3472 5136 3742 5209 ὕπαρξιν·
3771 5133 3837 5186 τὰ

2232 5229 2277 5282 δ’
2306 5229 2443 5284 ἄλλα
2497 5230 2678 5281 πάντα
2733 5227 2992 5297 διάφορα,
3029 5229 3126 5280 καὶ
3158 5227 3314 5280 οὐδὲν
3377 5231 3443 5282 ὲν
3503 5230 3699 5292 αὐτοῖς
3758 5224 3833 5288 ἓν,

2231 5322 2353 5376 οὐδὲ
2389 5321 2579 5392 μέσον,
2612 5322 2731 5375 οὐδὲ
2765 5323 2962 5375 κοινόν.

2913 5500 3122 5555 ΑΠΟΛ.

2316 5595 2508 5666 Ἡμεῖς
2554 5593 2642 5647 διὰ
2677 5592 2848 5662 μέσου
2879 5589 3172 5660 ἠνώϐημεν
3202 5592 3297 5662 τῆς
3348 5593 3472 5648 τῶν
3515 5593 3700 5662 ἁγίων
3733 5589 3850 5643 θεο-

2232 5689 2440 5757 λογίας,
2489 5687 2551 5739 οὐ
2586 5685 2982 5748 καταλιπόντες
3025 5687 3091 5756 ἢν
3133 5685 3360 5755 εἴχομεν
3419 5686 3733 5758 πρότερον,
3772 5681 3847 5743 ὼς

2234 5779 2724 5849 προαποδέδεικται
2770 5777 2914 5849 μάλα
2951 5777 3132 5842 καλῶς
3169 5778 3262 5832 καὶ
3296 5780 3670 5851 περιφανῶς·
3707 5773 3851 5830 κατὰ
