3998 6502
283 571 352 632 l33
524 554 528 560 '
1474 555 1780 617 CONTRA
1818 549 2257 614 EPHESIUM.

3407 551 3508 614 117:1;

277 684 354 750 γὰρ
373 681 435 733 τὰ
471 678 679 734 ἄνωθεν
712 680 979 752 εἰρημένα
1012 678 1162 748 παρᾶ
1193 676 1302 730 τῶν
1332 675 1607 744 θεοφόρων
1642 670 1819 724 Πατέ-

1928 664 2057 726 Nam
2091 665 2249 732 juxta
2282 679 2449 735 supra
2508 666 2707 721 citatas
2755 669 3060 728 sententias
3108 668 3330 723 Patrum
3393 671 3509 725 Dt-o

280 769 496 840 ρων“πᾶν
543 771 604 823 τὸ
633 770 1035 841 ἐξαπλούμενον
1067 771 1160 823 καὶ
1186 764 1689 836 ἐπεξεργαζόμενον
1713 761 1815 815 οὐκ

279 865 542 935 ἀνατρέπει
588 864 651 916 τὸ
683 862 922 933 πρῶτον,
964 863 1064 915 οὐκ
1091 860 1313 924 ἀλλοιοῖ,
1346 857 1462 911 ἀλλ’
1493 855 1602 919 οὐδ’
1629 856 1814 924 ἀμαυ-

279 959 347 1028 ροῖ
373 957 473 1010 οὐδ’
509 953 788 1024 ἀφανίζει,
827 954 963 1008 ἀλλὰ
1007 952 1209 1024 μᾶλλον
1252 951 1538 1018 συνίστησι
1576 948 1670 1001 καὶ
1701 946 1817 998 δια-

273 1051 453 1120 τρανοῖ,
483 1051 577 1103 καὶ
607 1046 988 1119 φανερώτερον
1013 1043 1494 1114 καθίστησιν.”οτι
1520 1041 1575 1094 δέ
1611 1039 1815 1111 ἀληθὴς

271 1142 298 1211 ή
322 1143 432 1213 περὶ
459 1139 554 1193 τοῦ
583 1140 742 1207 ἁγίου
774 1137 1091 1208 ιΙνεύματος
1120 1134 1244 1200 δόξα
1269 1136 1301 1204 ἡ
1331 1134 1425 1185 καὶ
1449 1133 1511 1184 ἐκ
1534 1129 1628 1184 τοῦ
1656 1127 1813 1193 Υἰοῦ,

271 1232 756 1302 προαποδέδεικται,
797 1232 878 1284 ὅτι
909 1229 1018 1283 τῶν
1057 1226 1342 1298 μακαρίων
1371 1224 1636 1296 Πατέρων
1667 1223 1816 1275 ἐστὶν

269 1325 464 1396 ήφωνὴ
513 1324 676 1394 αὕτη.
725 1323 1018 1390 Μεσότητα
1071 1321 1125 1373 δὲ
1163 1319 1274 1372 οὐδ’
1318 1317 1456 1381 ὅλως
1507 1319 1816 1385 ἐνοήσαμεν

267 1417 434 1486 ἄλλην,
470 1418 518 1469 εί
570 1417 645 1485 μὴ
705 1417 808 1482 τὴν
861 1413 1142 1482 ἀλήθειαν,
1191 1413 1257 1482 ἣν
1295 1411 1389 1463 καὶ
1439 1407 1738 1480 Γρηγόριος
1787 1409 1816 1459 6

268 1507 507 1572 Θεολόγος
542 1506 698 1578 φησί·
731 1507 1020 1574 Μεσότητα
1069 1503 1126 1556 δὲ
1173 1503 1303 1556 ὅταν
1358 1501 1517 1565 εἴπω,
1551 1502 1648 1568 τὴν
1687 1498 1819 1567 ἁλή-

267 1601 402 1652 θειαν
428 1598 592 1668 λέγω·
618 1598 712 1652 καὶ
739 1595 995 1667 ἀλλαχοῦ·
1032 1593 1222 1662 Ἡμεῖς
1249 1594 1306 1647 δὲ
1343 1594 1442 1664 τὴν
1467 1593 1660 1663 ’μέσην
1699 1590 1816 1644 ὁδον

267 1692 350 1743 καὶ
378 1689 658 1760 βασιλικὴν
704 1689 1033 1759 βαδίζοντες,
1070 1690 1127 1740 ἐν
1247 1686 1340 1738 καὶ
1371 1685 1431 1738 τὸ
1461 1685 1570 1737 τῶν
1605 1683 1817 1753 ἀρετῶν

260 1783 479 1852 ἕστηκεν
525 1782 846 1852 ἀκρότατον.
889 1781 1107 1850 Ταύτην
1169 1781 1337 1850 μόνην
1390 1780 1488 1849 τὴν
1541 1779 1816 1848 μεσότητα

260 1875 346 1925 καὶ
369 1874 527 1943 ἡμεῖς
561 1873 648 1926 ἀεὶ
679 1873 982 1944 στέργομεν
1017 1873 1244 1944 κυρίως,
1277 1871 1478 1933 εἰδότες
1513 1872 1597 1922 ὅτι
1627 1869 1686 1921 τὸ
1722 1867 1815 1937 μέ-

260 1980 343 2017 σον
372 1966 488 2017 ἐστὶ
513 1965 608 2019 καὶ
634 1965 892 2030 ἐνούσιον,
928 1966 996 2018 τὰ
1021 1964 1077 2017 δὲ
1109 1964 1240 2034 παρ’
1265 1964 1501 2032 ἐκάτερχ
1527 1960 1620 2013 τοῦ
1649 1961 1815 2030 μέσου

258 2056 413 2110 κακία
456 2056 737 2120 ἁνούσιος·
791 2056 887 2110 καὶ
931 2056 1056 2109 οὗτε
1104 2059 1168 2110 ἐκ
1217 2056 1382 2125 μόνου
1433 2053 1528 2107 τοῦ
1579 2051 1816 2122 Πατρός,

255 2148 370 2202 οὔτε
422 2151 530 2220 μὴν
569 2155 635 2203 ἐκ
685 2150 850 2218 μόνου
900 2149 994 2204 τοῦ
1049 2149 1180 2204 Υἱοῦ
1214 2149 1276 2203 τὺ
1323 2149 1543 2218 Πνεῦμα
1571 2147 1630 2199 τὸ
1661 2146 1817 2213 ἆγιον

256 2243 644 2314 ἐκπορεύεσθαι
691 2243 945 2314 λέγομεν,
988 2243 1126 2298 ἀλλὰ
1181 2243 1281 2311 τήν
1329 2238 1503 2311 μέσην
1545 2240 1665 2294 ὁδὸν
1708 2239 1817 2292 τῶν

255 2337 421 2399 ἁγίων
451 2337 546 2390 καὶ
572 2335 634 2387 ἐκ
673 2333 768 2389 τοῦ
805 2335 1038 2404 Πατρδς,
1073 2335 1169 2390 καὶ
1205 2333 1267 2399 ἐξ
1295 2333 1451 2397 Υίοῦ,
1479 2332 1573 2386 καὶ
1605 2330 1696 2385 διὰ
1721 2329 1817 2385 τοῦ

257 2427 401 2482 Υίοῦ.

940 2609 1130 2663 ΕΦΕΣ.
1213 2623 1226 2634 ·

341 2704 497 2756 Ἀλλᾶ
519 2703 611 2758 δύο
651 2703 747 2774 μὲν
776 2702 1020 2772 σύμϐολα
1059 2701 1155 2756 καὶ
1186 2699 1622 2772 παρηλλαγμένα
1656 2698 1817 2766 λέγε-

255 2810 341 2846 ται
366 2795 546 2861 πάλιν,
577 2794 766 2866 ὥσπερ
799 2795 894 2851 καὶ
937 2794 1223 2866 πρότερον·
1260 2794 1435 2848 διτταὶ
1479 2793 1536 2846 δὲ
1571 2793 1664 2846 κοιλ⁵
1701 2793 1820 2847 διά-

256 2902 413 2954 φοροι
468 2885 803 2958 λειτουργίαι
854 2887 1156 2955 τελοῦνται,
1202 2887 1237 2958 ή
1303 2886 1402 2956 μὲν
1454 2886 1522 2940 δι’
1578 2885 1817 2956 ἑνξύμου

256 2977 462 3046 θυσίας,
493 2981 524 3047 ὴ
553 2979 608 3032 δὲ
635 2980 704 3034 δι’
736 2979 970 3051 ἁζύμου.

923 3072 1130 3127 ΔΠΟΛ.

322 3163 428 3218 Δύο
467 3164 564 3234 μὲν
593 3165 835 3236 σύμϐολα
862 3164 961 3219 οῦκ
1005 3168 1165 3231 εἰσιν,
1208 3166 1332 3220 οὐδὲ
1359 3164 1816 3236 παρηλλαγμένα·

250 3255 312 3307 ἐν
342 3257 450 3327 γάρ
484 3259 598 3310 ἐστι
645 3258 703 3311 τὺ
746 3260 846 3324 τῆς
877 3258 1113 3321 πίστεως
1151 3255 1442 3329 σύμϐολον,
1478 3257 1506 3311 ὃ
1537 3257 1818 3328 ψάλλομεν

1919 758 2240 830 plenorum,
2281 771 2444 811 omne
2469 758 2613 827 quod
2633 759 2964 829 explanatur
2992 770 3048 815 et
3079 761 3244 817 latius
3265 764 3509 834 explica-

1919 859 2009 906 tur
2035 867 2144 905 non
2171 851 2392 914 evertit,
2419 867 2528 904 non
2575 852 2856 917 immutat,
2887 854 2996 908 non
3046 856 3335 918 obscurat,
3398 873 3505 912 non

1921 943 2057 998 tollit
2089 943 2325 1011 denique
2365 943 2506 1011 quod
2536 943 2688 1011 prius
2723 952 2829 1008 est,
2863 945 2955 998 sed
2989 948 3282 1000 conﬁrmat
3317 950 3504 1018 potius

1917 1044 1973 1090 et
2008 1034 2271 1098 declarat,
2321 1033 2732 1104 dilucidiusque
2793 1036 3101 1092 constituit.
3159 1037 3293 1094 Esse
3339 1056 3508 1110 porro

1920 1142 2107 1182 veram
2153 1129 2218 1180 de
2245 1126 2454 1196 Spiritu
2487 1137 2680 1181 sancto
2735 1129 3097 1193 sententiam,
3133 1131 3278 1196 quod
3306 1145 3334 1184 a
3366 1130 3506 1186 Filio

1918 1236 2136 1292 quoque
2167 1219 2450 1289 procedat,
2495 1219 2608 1289 jam
2662 1220 2953 1288 probatum
2981 1230 3067 1274 est
3101 1221 3407 1289 evidenter,
3441 1241 3508 1278 eo

1919 1313 2064 1382 quod
2103 1313 2314 1368 scilicet
2354 1312 2470 1366 haec
2501 1327 2605 1364 vox
2637 1327 2666 1364 a
2695 1312 2906 1366 sanctis
2937 1311 3192 1368 Patribus
3221 1317 3507 1385 desumpta

1918 1403 2012 1457 sit.
2052 1402 2287 1458 Medium
2330 1419 2458 1457 vero
2495 1403 2703 1455 nullum
2744 1405 2893 1456 venit
2970 1405 3130 1459 nobis
3164 1407 3216 1460 iu
3267 1420 3503 1464 mentem

1920 1505 2117 1565 preeter
2148 1494 2430 1549 veritatem
2467 1512 2481 1550 :
2529 1510 2640 1563 quo
2675 1494 2839 1548 etiam
2861 1495 3159 1567 Gregorius
3189 1498 3505 1570 Tlteologus

1920 1588 2068 1641 illam
2108 1587 2327 1641 nomine
2354 1597 2514 1642 vocat
2543 1587 2643 1656 (l),
2707 1587 2969 1653 Medium,
3025 1589 3224 1659 inquit,
3260 1609 3384 1646 cum
3421 1596 3505 1646 di-

1917 1696 2005 1744 co,
2039 1681 2324 1734 veritatem
2360 1679 2508 1734 dico.
2547 1678 2614 1734 Et
2645 1695 2838 1735 rursus
2867 1680 2994 1736 alibi
3035 1683 3111 1749 t2)
3139 1723 3152 1747 ,
3215 1684 3326 1738 Nos
3351 1701 3503 1751 vero,

1923 1773 2130 1843 inquit,
2168 1773 2341 1826 media
2365 1773 2625 1842 regiaque
2657 1774 2740 1827 via
2768 1775 3104 1840 incedentes,
3129 1777 3181 1830 in
3204 1793 3310 1847 qua
3335 1781 3499 1833 etiam

1919 1866 2210 1922 summitas
2237 1865 2503 1918 virtutum
2531 1865 2810 1920 consistit.
2841 1864 2965 1934 μου
3014 1883 3183 1921 unum
3231 1879 3500 1938 perpetuo

1923 1958 2079 2012 nobis
2141 1971 2362 2026 quoque
2426 1956 2667 2010 medium
2725 1958 3014 2026 probatur,
3065 1961 3216 2030 quod
3283 1963 3506 2032 proprie

1929 2047 2035 2102 tale
2056 2057 2160 2112 est,
2197 2049 2407 2102 scimus
2461 2047 2606 2100 enim
2668 2048 2908 2102 medium
2939 2064 3064 2105 esse
3131 2066 3244 2104 rem
3306 2063 3504 2109 natura

1928 2151 2298 2220 constantem,
2330 2149 2584 2196 extrema
2607 2156 2737 2198 vero
2771 2143 3000 2210 malum,
3055 2145 3203 2213 quod
3228 2143 3364 2198 nihil
3393 2157 3502 2202 est.

1926 2233 2114 2303 Itaque
2137 2234 2406 2305 Spiritum
2439 2245 2690 2290 sanctum
2741 2250 2922 2306 neque
2953 2251 3020 2291 ex
3041 2237 3160 2292 solo
3195 2237 3379 2305 Patre,
3407 2253 3507 2296 ne-

1927 2343 2034 2399 que
2064 2345 2130 2383 ex
2153 2329 2270 2383 solo
2295 2329 2434 2384 Filio
2460 2332 2760 2399 procedere
2804 2330 3068 2396 dicimus,
3135 2333 3229 2386 sed
3262 2333 3500 2388 mediam

1929 2429 2184 2475 tenentes
2215 2431 2538 2476 sam-torum
2568 2424 2736 2488 viam,
2777 2422 3011 2478 fatemur
3039 2431 3093 2477 et
3118 2438 3182 2478 ex
3213 2423 3394 2492 Patre,
3452 2432 3508 2480 et

1925 2525 1990 2567 ex
2015 2510 2176 2577 Filio,
2212 2511 2328 2566 sive
2359 2527 2454 2583 per
2480 2513 2705 2568 Filium.
2936 2583 2943 2592 ι

2597 2607 2840 2662 EPIIES.

2000 2697 2106 2753 Sed
2158 2699 2268 2754 duo
2297 2699 2513 2754 diversa
2549 2701 2989 2772 Symbola‘nunc
3011 2717 3231 2772 quoque
3257 2703 3504 2758 recitan-
3549 2745 3554 2750 .

1927 2799 2049 2856 tur,
2087 2792 2230 2847 sicut
2263 2803 2320 2848 et
2367 2805 2573 2859 antea;
2616 2793 2726 2847 duo
2761 2809 2983 2864 quoque
3024 2805 3153 2849 sunt
3194 2793 3507 2851 differentia

1927 2886 2326 2941 sacrificiorum
2352 2902 2578 2958 genera,
2627 2888 2861 2942 alterum
2896 2889 3040 2955 quod
3069 2904 3206 2959 pane
3267 2890 3508 2944 fermen-

1899 2986 2044 3042 ,ιιιιο
2075 2979 2390 3048 conﬁcitur,
2426 2980 2658 3035 alterum
2699 2980 2845 3050 quod
2871 2995 3084 3052 azymo.

2615 3072 2815 3128 BESP.

1999 3163 2118 3220 Duo
2136 3173 2283 3221 certe
2323 3164 2581 3235 Symbola
2614 3180 2719 3219 non
2768 3176 2915 3233 stmt,
2948 3180 3048 3221 nec
3077 3155 3292 3226 diversa
3329 3186 3344 3224 :
3379 3184 3506 3225 nam

1925 3255 2054 3312 ﬁdei
2083 3257 2421 3328 Symbolum,
2448 3260 2592 3327 quod
2613 3273 2709 3312 uos
2737 3269 2790 3312 et
2817 3257 2998 3314 Latini
3037 3261 3314 3328 canimus,
3336 3278 3506 3317 unum

250 3349 416 3417 ἡμεῖς
441 3365 499 3401 τε
521 3352 615 3403 καὶ
643 3349 884 3404 Λατῖνοι·
917 3350 976 3402 οὐ
1008 3349 1116 3419 γὰρ
1156 3349 1246 3404 διὰ
1272 3349 1374 3420 τὴν
1400 3349 1721 3421 σαφήνειαν,
1755 3350 1820 3421 ἢν

1928 3361 2016 3407 est
2047 3366 2063 3417 ;
2095 3364 2274 3422 neque
2305 3350 2455 3405 enim
2487 3351 2556 3405 ob
2581 3351 3037 3418 declarationem,
3076 3367 3238 3422 quam
3269 3354 3349 3409 illi
3415 3360 3510 3423 ap;

246 3439 472 3505 ἐδέξατο
498 3440 628 3511 παρ’
663 3440 910 3507 ἐκείνων,
945 3441 1048 3512 ήδη
1087 3441 1218 3496 ἄλλο
1247 3440 1521 3512 σύμϐολόν
1553 3442 1724 3496 ἐστιν.
1759 3442 1823 3496 Εἰ

248 3532 309 3585 δὲ
357 3535 452 3585 καὶ
481 3531 579 3586 δύο
610 3527 774 3604 ἦσαν,
805 3533 914 3586 οὐδ’
944 3533 1116 3597 οὕτως
1147 3534 1212 3587 ἂν
1245 3533 1541 3588 ἐκαλοῦντο
1580 3534 1696 3588 δύο·
1731 3535 1824 3590 καὶ

244 3627 358 3694 γὰρ
390 3627 486 3679 καὶ
518 3626 578 3680 τὸ
609 3627 666 3679 ἐν
709 3625 915 3698 Νικαίᾳ
944 3625 1216 3696 σύμϐολόν
1245 3625 1396 3680 ἐστιν
1435 3626 1586 3692 ἄλλο,
1625 3627 1720 3680 καὶ
1763 3626 1824 3680 τὸ

245 3720 364 3772 τῶν
393 3718 713 3802 ἀποστόλων
735 3719 943 3790 ⁸ἐτιερον·
978 3718 1113 3774 ἀλλὰ
1145 3719 1288 3774 κατὰ
1321 3718 1415 3774 τὸν
1451 3719 1578 3775 νοῦν
1612 3720 1674 3774 οὐ
1708 3720 1824 3774 δια-

246 3810 613 3881 φέρουσι,διὰ
660 3811 820 3865 τοῦτο
856 3811 976 3865 οὐδέ
1021 3811 1478 3882 παρηλλαγμένα.
1523 3812 1712 3865 Διτταὶ
1763 3811 1822 3864 δὲ

243 3903 586 3972 λειτουργίαι
616 3901 738 3956 οὔτε
768 3903 929 3970 εἰσιν,
956 3902 1081 3956 οὔτε
1103 3904 1377 3973 λέγονται,
1395 3904 1534 3957 διότι
1561 3901 1641 3967 εἷς
1669 3907 1821 3957 ἐστιν

243 4000 273 4049 6
307 3998 514 4060 σκοπὸς
542 3997 634 4051 τοῦ
662 3999 753 4051 τὸν
786 3997 934 4066 ἱερέα
963 3998 1244 4068 ὑπηρέτην
1281 3997 1540 4067 γενέσθαι
1575 3999 1672 4068 τῆς
1709 4015 1824 4051 τοι-

245 4089 430 4160 αύτης
460 4091 672 4153 θυσίας·
705 4091 800 4144 καὶ
836 4089 1039 4162 ταύτην
1063 4090 1179 4162 ἔχει
1214 4089 1470 4160 θεμέλιον
1504 4092 1610 4154 πᾶς
1640 4091 1823 4160 ἱερεὺς

247 4187 562 4256 ἀρχόμενος
591 4184 689 4255 τῆς
733 4182 887 4247 θείας
931 4175 1353 4253 ’μυσταγωγίας,
1399 4183 1501 4254 τὴν
1551 4182 1822 4254 κυριακὴν

247 4278 465 4348 φωνὴν,
489 4276 560 4348 ἢν
602 4279 630 4330 6
664 4274 868 4346 Κύριος
909 4275 1213 4347 προήκατο·
1262 4273 1446 4329 Τοῦτο
1482 4275 1703 4329 ποιεῖτε
1735 4277 1823 4342 είς

241 4372 366 4437 τὴν
403 4371 556 4440 ἐμὴν
584 4367 950 4439 ἀνάμνησιν,
982 4367 1072 4421 διὰ
1101 4367 1196 4422 τοῦ
1229 4369 1292 4421 ἐκ
1333 4366 1426 4420 τοῦ
1468 4367 1616 4421 σίτου
1651 4367 1820 4439 ἄρτου

239 4466 344 4516 καὶ
379 4462 477 4516 τοῦ
505 4463 650 4516 οἴνου
683 4463 776 4514 καὶ
813 4460 906 4513 τοῦ
935 4459 1152 4524 ὓδατος·
1187 4446 1327 4515 ὥστε
1358 4460 1447 4515 διὰ
1475 4461 1700 4527 τούτων,
1728 4463 1822 4514 καὶ

239 4559 334 4610 διὰ
369 4558 554 4625 πάσης
589 4554 830 4622 τελετῆς,
863 4556 957 4606 καὶ
987 4553 1096 4607 τῶν
1139 4553 1422 4622 κυριακῶν
1451 4557 1610 4609 θείων
1640 4555 1820 4626 ῥημά-

241 4669 384 4714 των,
420 4650 512 4702 καὶ
538 4647 633 4701 τοῦ
667 4647 1056 4717 θυσιαστηρίου
1085 4647 1360 4700 τελεῖσθαι
1394 4648 1454 4701 τὸ
1495 4644 1828 4719 μυστήριον,

237 4745 341 4796 καὶ
376 4741 624 4810 γίνεσθαι
657 4739 815 4810 σῶμα
843 4741 935 4792 καὶ
960 4735 1101 4810 αἷμα
1132 4738 1228 4793 τοῦ
1270 4739 1522 4811 Σωτῆρος
1555 4741 1816 4810 Χριστοῦ,

239 4835 422 4889 αὑτοῦ
457 4832 878 4904 μεταποιοῦντος
909 4835 971 4902 τῇ
1017 4832 1408 4902 παντοδυνάμῳ
1437 4833 1673 4905 θεότητι.
1712 4835 1822 4886 Καὶ

239 4929 415 4991 αὐτὸς
441 4928 498 4981 δὲ
521 4929 550 4979 6
573 4926 752 4996 τίμιος
776 4925 916 4995 ἀνὴρ
943 4927 1293 4998 ὁμολογήσει,
1334 4927 1417 4978 ὅτι
1451 4928 1547 4979 καὶ
1582 4927 1690 4996 πρὸ
1723 4927 1820 4980 τοῦ

239 5021 398 5090 ἱεροῦ
421 5018 706 5074 Βασιλείου
738 5019 830 5072 καὶ
851 5019 946 5072 τοῦ
971 5018 1116 5072 θείου
1156 5020 1550 5090 Χρυσοστόμου
1575 5021 1608 5092 ή
1632 5020 1823 5092 τελετὴ

211 5116 348 5182 -τῆς
382 5112 537 5174 θείας
567 5110 903 5181 λειτουργίας
947 5111 1008 5164 οὐ
1038 5110 1332 5177 διέλειπεν,
1361 5111 1475 5164 ἀλλ’
1503 5112 1566 5165 οὐ
1592 5114 1681 5168 διὰ
1712 5113 1826 5168 τῶν

239 5208 524 5260 ἐκθέσεων
544 5205 652 5258 τῶν
684 5205 988 5276 εἰρημένων
1021 5205 1192 5274 ἁγίων
1237 5205 1493 5259 ἐτελεῖτο·
1526 5205 1647 5269 πῶς
1689 5207 1820 5279 γὰρ,

243 5303 429 5370 μήπω
465 5297 794 5366 γεγονότων;
833 5299 946 5352 Καὶ
975 5298 1142 5352 πάλιν
1175 5298 1510 5370 γενομένων,
1547 5299 1725 5364 οὐδεὶς
1759 5301 1826 5355 ἂν

241 5395 364 5462 ἕλοι
390 5391 591 5456 δεῖξαι,
619 5392 675 5442 ἐν
701 5391 814 5452 τοῖς
843 5391 1125 5459 ἑσπερίοις
1147 5390 1238 5444 διὰ
1274 5391 1388 5444 τῶν
1419 5391 1690 5446 ἐκθέσεων
1718 5392 1827 5446 τῶν

242 5484 568 5553 εἰρημένων
612 5482 781 5548 ἁγίων
810 5481 1044 5534 ἐτελεῖτο
1094 5483 1126 5552 ή
1174 5482 1414 5552 μυστική
1449 5481 1588 5554 αὓτη
1639 5484 1824 5538 θυσία·

242 5575 370 5628 ἀλλ’
399 5575 661 5628 οὐδέποτε
705 5575 880 5627 διτταὶ
928 5577 1269 5647 λειτουργίαι
1320 5577 1648 5648 ἐρρέθησαν,
1690 5577 1826 5632 διότι

243 5671 354 5736 μία
385 5669 423 5738 ή
467 5667 554 5720 διὰ
600 5667 709 5719 τῶν
759 5667 923 5720 θείων
972 5669 1400 5738 ῥημάτων,-καὶ
1443 5669 1540 5724 τοῦ
1601 5671 1827 5738 σκοποῦ,

237 5759 346 5812 καὶ
404 5758 509 5825 τῆς
563 5754 715 5825 ὕλης,
773 5757 869 5811 καὶ
918 5758 1013 5812 τοῦ
1079 5759 1269 5831 ίερέως
1333 5761 1611 5832 ὑπηρέτου
1669 5763 1826 5828 τάξιν

237 5853 497 5921 ἔχοντος,
526 5850 617 5904 καὶ
651 5850 746 5920 τῆς
796 5851 1003 5905 ἄνωθεν
1035 5852 1192 5919 θείας,
1239 5855 1462 5928 χάριτος
1495 5856 1822 5930 τελουμένη.

324 6035 400 6103 (1)
432 6033 587 6089 Orat.
615 6038 680 6092 dc
712 6037 879 6092 theol.
919 6054 956 6091 I.

1928 3451 2253 3512 posuerunt,
2287 3442 2438 3497 aliud
2471 3452 2768 3514 propterea
2816 3442 3139 3513 Symbolum
3193 3453 3296 3501 est.
3349 3445 3506 3513 Quod
3580 3504 3585 3508 _

1927 3535 1974 3590 si
1997 3534 2163 3589 etiam
2189 3535 2295 3589 duo
2332 3547 2541 3600 essent,
2597 3552 2666 3590 ue
2721 3544 2849 3590 tunc
2907 3536 3128 3607 quidem
3173 3549 3508 3596 vocarentur

1926 3627 2038 3682 duo
2068 3667 2084 3695 ,
2140 3628 2414 3698 siquidem
2457 3628 2607 3683 aliud
2649 3628 2868 3682 Patrum
2919 3627 3291 3698 Nicanorum,
3356 3632 3507 3688 aliud

1924 3721 2298 3790 apostolorum
2320 3720 2638 3792 Symbolum
2674 3731 2794 3789 est;
2821 3723 2936 3778 haec
2965 3731 3146 3778 tamen
3171 3725 3301 3790 quia
3336 3739 3508 3781 sensu

1927 3828 2034 3868 non
2057 3812 2342 3882 differunt,
2373 3830 2724 3885 nequaquam
2774 3815 2996 3871 diversa
3037 3823 3328 3872 vocantur.
3389 3817 3508 3873 Duo

1925 3921 2147 3977 quoque
2176 3908 2572 3963 sacriﬁciorum
2636 3922 2834 3979 genera
2873 3923 2972 3962 nec
3003 3915 3155 3974 sunt,
3183 3923 3285 3964 nec
3316 3910 3510 3964 dicun-

1926 4005 2039 4062 tur,
2076 3997 2335 4066 quoniam
2374 4013 2578 4069 scOpus
2610 4014 2755 4054 unus
2786 4007 2888 4064 est,
2909 4007 2969 4052 ut
2998 3999 3211 4054 scilicet
3243 4000 3506 4056 sacerdos

1925 4091 2018 4146 ﬁat
2044 4092 2296 4147 minister
2332 4091 2494 4160 hujus
2517 4091 2774 4146 sacrificii
2807 4111 2819 4146 :
2856 4100 2910 4145 et
2951 4091 3051 4145 hoc
3081 4101 3168 4146 est
3200 4093 3352 4147 omni
3403 4108 3498 4148 sa-

1925 4184 2134 4240 cerdoti
2165 4183 2344 4239 sacris
2389 4193 2688 4254 operaturo
2725 4181 3169 4250 fundamentum,
3221 4181 3506 4238 Dominica

1923 4292 2031 4332 vox
2062 4291 2224 4347 quam
2261 4277 2493 4346 protulit
2529 4275 2794 4331 Dominus
2822 4295 2835 4331 :
2863 4275 2980 4329 Hoc
3037 4275 3198 4345 facile
3228 4277 3283 4330 in
3335 4291 3512 4331 meam

1925 4369 2502 4433 commemorationem,
2536 4383 2637 4438 per
2663 4368 2942 4425 triticeum
3001 4381 3198 4438 panem
3229 4378 3282 4423 et
3316 4368 3503 4424 vinum

1926 4475 2048 4513 cum
2077 4474 2260 4531 aqua;
2299 4467 2360 4514 ut
2392 4474 2492 4530 per
2526 4460 2664 4524 haec,
2709 4467 2764 4514 et
2788 4459 2929 4514 ritus
2968 4473 3181 4526 omnes,
3212 4469 3266 4514 et
3321 4475 3510 4518 sacra-

1928 4553 2140 4608 tissima
2180 4552 2398 4608 Domini
2428 4552 2612 4622 verba,
2628 4559 2685 4608 et
2715 4552 2910 4620 altare,
2942 4552 3265 4624 perﬁciatur
3297 4564 3506 4625 mystc-

1926 4648 2095 4712 rium,
2131 4647 2334 4717 fiatque
2358 4661 2560 4717 corpus
2590 4653 2644 4701 et
2675 4645 2903 4717 sanguis
2935 4645 3145 4702 Christi
3174 4645 3509 4714 Salvatoris,

1926 4741 2163 4811 ipsomct
2221 4747 2626 4796 transmutante
2694 4740 3092 4810 onmiputentis
3143 4740 3197 4795 vi
3262 4739 3508 4800 deitatis.

1923 4835 2060 4889 Nam
2093 4845 2147 4890 et
2166 4836 2284 4906 ipse
2341 4833 2671 4890 venerabilis
2711 4831 2984 4904 Ephesius
3012 4833 3301 4899 fatebitur,
3367 4833 3517 4889 divi-

1927 4945 2059 4984 num
2118 4929 2454 4985 sacriﬁcium
2521 4928 2792 4984 celebrari
2862 4929 3085 4984 solitum
3141 4928 3315 4983 etiam
3383 4937 3522 4984 ante-

1929 5031 2179 5093 tempora
2217 5030 2539 5078 sanctorum
2583 5019 2774 5076 Basilii
2828 5029 2884 5076 et
2935 5021 3336 5092 Chrysostomi,
3398 5035 3518 5076 non-

1931 5125 2110 5171 tamen
2144 5131 2210 5172 eo
2242 5116 2377 5178 ritu,
2410 5130 2573 5186 quem
2610 5115 2711 5186 ipsi
2767 5123 3154 5185 exposuerunt
3189 5131 3203 5168 :
3254 5113 3516 5184 quinam,

1931 5225 2052 5266 cum
2083 5210 2415 5281 posteriores
2445 5209 2522 5264 illi
2558 5207 2804 5264 fueriut?
2829 5207 2894 5262 Et
2943 5216 3235 5278 postquam
3271 5206 3348 5259 illi
3390 5219 3513 5258 tuo-

1931 5303 2061 5358 dum
2097 5301 2414 5358 celebrandi
2437 5301 2662 5358 missam
2694 5284 3028 5370 exposuere,
3063 5311 3226 5354 nemo
3275 5295 3521 5365 probare

1932 5396 2157 5466 poterit,
2188 5392 2596 5449 Occidentalem
2645 5389 2946 5446 Ecclesiam
2999 5403 3066 5444 eo
3119 5387 3284 5441 modo
3337 5384 3521 5439 fuisse

1932 5504 2090 5545 usam
2135 5504 2285 5543 :nec
2330 5495 2514 5542 tamen
2545 5486 2656 5540 duo
2693 5481 3044 5540 sacrificandi
3102 5493 3305 5550 genera
3368 5478 3520 5532 dicta

1935 5595 2176 5650 unquam
2211 5588 2362 5642 sunt,
2419 5583 2484 5631 eo
2505 5577 2650 5646 quod
2697 5588 2802 5627 uua
2851 5572 2926 5626 sit
2949 5584 3142 5625 vocum
3202 5568 3515 5622 divinarum
3615 5608 3624 5615 .

1939 5674 2143 5738 virtus,
2175 5681 2228 5726 et
2261 5669 2522 5734 intentio,
2551 5675 2606 5722 et
2662 5664 2914 5731 materia,
2947 5673 3004 5719 et
3053 5660 3357 5717 sacerdotis
3415 5657 3518 5713 nti-
3618 5686 3624 5722 ς

1937 5765 2172 5822 nisterio
2198 5760 2481 5830 fuugentis
2508 5757 2772 5822 facultas,
2809 5765 2862 5810 et
2908 5753 3149 5811 caelestis
3181 5753 3352 5822 gratia
3395 5765 3520 5822 quae

1935 5863 2218 5928 operatur.
2251 5851 2414 5918 Nam,
2445 5857 2504 5905 ut
2535 5863 2704 5919 supra
2747 5847 2952 5902 dictum
2988 5854 3094 5914 est,
3152 5843 3388 5900 intentio
3435 5851 3517 5898 est

2004 6039 2079 6111 (9.)
2111 6035 2268 6092 Orat.
2297 6035 2566 6106 apologet.
