3998 6484
283 480 383 546 “Et

1495 474 1801 554 CONTRA
1843 490 2271 559 EPHESIUM.

3448 498 3549 562 146

284 588 549 670 Παρσένιυ
597 600 751 655 ἐστί’
783 605 878 658 καὶ
908 607 1266 678 παρακατιὼν
1286 622 1302 640 ·
1338 608 1673 679 Γεγέννηται
1727 610 1854 664 καθ’

1967 613 2158 683 Inquit,
2181 621 2464 685 assumpta
2517 627 2683 669 carne
2707 613 2882 670 Filius
2922 629 3141 685 quoque
3182 613 3421 671 hominis
3452 633 3546 670 ex-

285 695 423 765 ήμᾶς
456 696 518 750 ἐκ
543 698 800 764 γυναικός
823 716 838 730 ·
869 701 963 754 καὶ
996 703 1119 771 μετ’
1140 702 1302 771 ὀλίγα
1321 718 1336 734 ⁸
1379 703 1440 757 '0
1466 706 1531 758 ἐκ
1571 704 1708 758 Θεοῦ
1744 705 1860 757 Πα-

284 786 402 854 τρδς
456 789 628 857 Λόγος
661 792 721 844 ὲν
758 795 942 864 μορφῇ
999 794 1094 849 τοῦ
1148 796 1542 867 γεγεννηκότος
1591 797 1855 868 ὑπάρχων

288 877 596 948 κατῴκησεν
646 883 707 935 ιν
755 885 1029 957 ἀνθρώπῳ
1062 890 1378 959 γεννηθέντι
1422 891 1511 945 διὰ
1567 891 1853 959 γυναικός.

300 964 445 1021 Ἐπεὶ
502 965 594 1024 οῦν
644 974 1091 1040 ἁντιμεθὶσταται
1126 978 1181 1048 ἡ,
1223 976 1345 1044 διὰ,
1381 980 1474 1048 τῇ,
1499 978 1599 1043 ἐκ,
1624 977 1855 1047 λέγουσι

290 1059 342 1113 δὲ
371 1062 418 1115 oi
452 1061 661 1116 δυτικοὶ
692 1066 959 1137 Πατέρες,
980 1070 1076 1122 κοιλ⁸
1107 1070 1170 1123 ὲκ
1203 1066 1293 1123 τοῦ
1330 1069 1482 1133 Υίοῦ,
1513 1071 1563 1123 oi
1619 1069 1681 1124 δὲ
1725 1070 1857 1122 ἀνα-

290 1151 505 1216 τολικοὶ,
534 1154 624 1210 διὰ
670 1158 764 1211 τοῦ
808 1158 941 1213 Υἱοῦ
990 1161 1083 1214 καὶ
1112 1162 1179 1216 ἐκ
1228 1160 1324 1216 τοῦ
1376 1161 1531 1226 Υἱοῦ,
1558 1162 1617 1215 οὑ
1647 1161 1857 1215 δίκαιόν

289 1242 400 1297 ἔστι
423 1245 647 1312 τούτους
683 1252 1034 1322 παριδόντας,
1066 1254 1187 1325 τὴν,
1224 1253 1346 1320 διὰ,
1382 1256 1505 1309 ἀντὶ
1536 1255 1657 1325 τῆς,
1679 1253 1855 1324 μετὰ,

290 1339 381 1391 καὶ
424 1340 546 1394 ἀντὶ
594 1342 714 1412 τῆς,
745 1344 888 1411 σὺν,
921 1348 1154 1400 ἐννοεῖν·
1185 1348 1248 1401 τὸ
1296 1349 1427 1419 γὰρ,
1455 1347 1563 1403 Σὺν
1614 1347 1692 1417 τῷ
1740 1344 1857 1416 Υἱῷ

290 1433 737 1505 ἐκπορευόμενον,
772 1440 806 1509 ἢ
860 1440 1015 1495 Μετὰ
1058 1441 1151 1495 τοῦ
1202 1441 1336 1496 Υίοῦ
1393 1442 1854 1513 ἐκπορευόμενον,

287 1525 459 1589 οὐδεὶς
495 1526 605 1579 τῶν
641 1529 816 1598 ἁγίων
847 1531 1041 1602 εἴρηκε
1062 1545 1079 1563 °
1112 1533 1273 1599 διότι,
1325 1534 1402 1598 ὡς
1437 1534 1535 1588 καὶ
1593 1533 1860 1605 προείρη-

288 1632 400 1679 ται,
430 1619 457 1671 6
488 1619 690 1689 τρόπος
737 1618 892 1685 οὗτος
947 1625 1194 1689 ὲνώσεως
1233 1627 1435 1697 μᾶλλόν
1484 1628 1601 1681 ἐστι
1653 1628 1749 1681 καὶ
1792 1627 1855 1681 οὐ

287 1709 626 1781 διακρίσεως.
670 1714 773 1769 Διὰ
822 1716 987 1771 τοῦτο
1033 1721 1131 1773 καὶ
1179 1718 1281 1791 τὴν
1338 1718 1616 1789 διάκρισιν
1648 1719 1857 1788 ταύτην

266 1804 491 1870 εἰδότες
516 1805 566 1859 oi
599 1806 778 1870 καλῶς
808 1809 1167 1881 ἐπιστάμενοι
1199 1811 1270 1865 τὰ
1294 1811 1389 1865 τοῦ
1420 1810 1744 1881 Πνεῦματος
1768 1810 1859 1865 λέ-

289 1912 426 1964 γειν,
462 1898 525 1950 οὐ
573 1898 710 1968 μετὰ
741 1899 837 1954 τοῦ
872 1900 1002 1956 Υίοῦ
1031 1902 1065 1971 ἢ
1099 1904 1199 1958 σὺν
1249 1904 1331 1974 τῷ
1365 1903 1482 1975 Υίῷ
1510 1903 1573 1959 τὸ
1629 1903 1856 1973 Πνεῦμα

288 1990 681 2060 ἐκπορεύεσθαι
733 1993 978 2065 ἔφησαν·
1012 1998 1061 2051 ei
1108 1998 1220 2068 γὰρ
1266 1997 1426 2054 τοῦτο
1457 1999 1724 2068 ἔγνωσαν,
1752 2001 1856 2054 οὐκ

285 2080 354 2137 ἃν
382 2085 411 2137 6
447 2086 617 2154 μέγας
657 2086 976 2154 Ἀθανάσιος
1006 2090 1037 2160 ἡ
1070 2093 1223 2162 πηγὴ
1254 2091 1357 2162 τῆς
1386 2092 1667 2162 θεολογίας
1697 2096 1755 2147 ιν
1778 2093 1858 2164 τῷ

286 2177 429 2230 κατὰ
458 2177 512 2230 ’Δ
523 2180 754 2248 ρειανῶν
775 2182 1022 2252 τετάρτῳ
1041 2184 1186 2253 λόγῳ
1212 2185 1427 2254 ἔλεγενο
1452 2187 1528 2240 Οὐ
1550 2187 1612 2240 τὸ
1632 2187 1857 2258 Πνεῦμα

290 2265 548 2319 συνάπτει
603 2267 697 2322 τὸν
748 2270 924 2337 Λόγον
973 2273 1049 2342 τῷ
1104 2275 1304 2345 "arpi,
1340 2275 1476 2330 ἀλλὰ
1543 2277 1745 2348 μᾶλλον
1794 2279 1858 2332 τὸ

293 2355 512 2426 Πνεῦμα
540 2358 692 2429 παρὰ
718 2362 813 2416 τοῦ
845 2363 1021 2432 Λόγου
1047 2367 1207 2421 τοῦτο
1237 2367 1510 2438 λαμϐάνει
1534 2387 1548 2402 ο
1574 2373 1668 2424 καὶ
1705 2372 1761 2423 ἐν
1788 2374 1854 2443 τῇ

289 2447 422 2518 πὼς
448 2450 766 2521 Σεραπίωνα
788 2471 805 2488 ο
827 2452 923 2508 Ἐν
949 2457 1172 2529 Χριστῷ
1200 2455 1269 2530 ἦν
1293 2461 1352 2514 τὸ
1384 2461 1632 2531 Πνεῦμα,
1665 2462 1856 2533 ὦτ’-ετ)

286 2541 317 2595 ὁ
348 2541 474 2605 Υἱὸς
503 2546 560 2596 ἐν
590 2545 665 2614 τῷ
693 2547 865 2619 Πατρί
884 2566 899 2584 ο
930 2551 1061 2603 καί·
1083 2550 1359 2620 Τοιαύτην
1390 2555 1555 2620 φύσιν
1583 2571 1677 2607 και
1702 2554 1859 2620 τάξιν

282 2635 400 2704 ἔχει
428 2636 485 2689 τὸ
512 2639 737 2709 Πνεῦμα
764 2641 902 2710 πρδς
934 2643 1025 2694 τὸν
1054 2643 1197 2705 Υἱδν,
1224 2643 1346 2697 οἷαν
1373 2644 1485 2714 ἔχει
1511 2648 1536 2700 6
1568 2647 1693 2709 Υἱὸς
1719 2648 1857 2715 πρὸς

279 2730 375 2783 τὸν
406 2731 648 2801 Πατέρα.
685 2735 794 2787 Καὶ
827 2735 1108 2800 Βασίλειος
1138 2737 1193 2791 δὲ
1224 2739 1250 2791 6
1287 2739 1462 2807 μέγας
1485 2740 1513 2792 6
1539 2739 1641 2809 τῆς
1675 2740 1858 2794 Θεολο·

279 2823 406 2889 γίας
452 2823 613 2889 βυδδς
658 2826 716 2878 ἐν
758 2823 821 2890 ιζ’
853 2827 962 2881 τῶν
996 2829 1135 2898 πρὸς
1193 2831 1548 2901 Ἀμφιλόχιον
1578 2833 1721 2888 οὕτω
1751 2837 1858 2901 φά-

281 2930 428 2971 σκει*
474 2918 562 2994 Ὠς
591 2918 769 2972 τοίνυν
798 2918 913 2989 ἔχει
936 2922 964 2972 ὁ
992 2922 1119 2986 Υἱὸς
1147 2923 1285 2994 πρὸς
1315 2922 1410 2978 τὸν
1441 2925 1683 2997 Πατέρα,
1714 2926 1860 2981 οὕτω

282 3009 380 3063 καὶ
409 3011 546 3081 πρὸς
576 3011 667 3065 τὸν
698 3013 825 3065 Υίξιν
856 3014 920 3066 τὸ
949 3013 1176 3084 Πνεῦμα
1208 3015 1353 3071 κατὰ
1384 3016 1486 3087 τὴν
1515 3020 1574 3072 ὲν
1602 3018 1680 3089 τῷ
1715 3018 1859 3087 βαπ-

280 3100 513 3168 τίσματι
559 3102 1007 3174 παραδεδομένην
1038 3105 1134 3159 τοῦ
1171 3105 1334 3175 λόγου
1389 3108 1646 3177 σύνταξιν
1667 3125 1685 3143 ο
1716 3112 1766 3163 εί
1797 3111 1858 3164 δὲ

279 3190 345 3244 τδ
378 3191 603 3261 Πνεῦμα
644 3193 721 3264 τῷ
770 3194 884 3265 Υἱῷ
915 3197 1298 3261 συντέτακται,
1330 3200 1359 3253 6
1388 3199 1446 3253 δὲ
1478 3201 1609 3264 Υἱὸς
1637 3201 1714 3272 τῷ
1751 3202 1861 3256 Πα-

1957 707 2128 774 stitit,
2193 707 2512 763 necessario
2559 705 2841 761 latendum
2872 714 2957 760 est
2994 704 3298 761 secundum
3322 721 3545 763 carnem

1951 809 2151 878 gnatum
2184 817 2308 857 esse
2337 817 2433 871 per
2466 800 2780 856 mulierem.
2808 799 2874 853 Et
2909 800 3076 870 paulo
3112 809 3234 870 post
3264 818 3280 855 :
3313 800 3407 855 Dei
3444 800 3548 855 Pa-

1959 898 2059 951 tris
2089 895 2328 951 Verbum
2356 893 2427 949 de
2450 893 2641 950 saneta
2668 894 2893 964 Virgine
2917 901 3021 949 est.
3061 893 3126 947 Et
3158 893 3299 948 infra
3324 912 3339 950 :
3370 893 3548 950 Natus

1958 999 2042 1045 est
2081 1006 2237 1058 aeque
2289 1005 2353 1045 ac
2387 1005 2488 1045 nos
2520 988 2589 1044 de
2623 989 2873 1045 muliere.
2910 989 2977 1043 Et
3022 1003 3129 1042 non
3162 990 3337 1042 muito
3372 999 3495 1054 post
3530 1009 3542 1044 :

1960 1082 2054 1136 Dei
2089 1082 2267 1137 Patris
2300 1080 2534 1136 Verbum
2561 1080 2613 1134 in
2647 1078 2825 1135 forma
2851 1079 2937 1134 sui
2965 1078 3231 1147 genitoris
3260 1078 3543 1134 exsisteus

1962 1171 2228 1225 habitavit
2258 1170 2313 1224 in
2349 1170 2575 1225 homine
2605 1177 2735 1223 nato
2754 1183 2851 1238 per
2880 1170 3191 1223 mulierem.
3220 1167 3358 1223 Cum
3379 1167 3550 1239 igitur
3640 1234 3645 1237 1

1956 1280 2049 1334 ρει·
2094 1272 2149 1317 ει
2190 1279 2255 1318 ea:
2316 1263 2392 1316 ita
2424 1276 2483 1316 se
2530 1260 2791 1325 habeant,
2849 1267 2909 1314 ut
2940 1260 3166 1314 alterius
3200 1260 3376 1314 altera
3432 1261 3550 1317 rice

1957 1359 2243 1426 fungatur,
2281 1362 2335 1410 et
2393 1355 2589 1410 Patres
2634 1352 3017 1409 Occidentales
3070 1361 3342 1415 asseraut,
3379 1354 3543 1407 etiam

1959 1466 2024 1505 ex
2057 1447 2222 1515 Filio,
2248 1446 2562 1504 Orientales
2594 1457 2783 1501 autem
2842 1462 2939 1514 per
2971 1445 3170 1501 Filium
3202 1453 3256 1501 et
3289 1460 3358 1501 ex
3383 1446 3546 1511 Filio,

1959 1558 2068 1598 non
2101 1552 2187 1598 est
2218 1557 2440 1612 mquum
2476 1540 2584 1596 iiiis
2622 1538 2957 1609 posthabitis
2983 1554 3205 1594 sumere
3255 1553 3369 1609 per,
3388 1539 3547 1609 quasi

1959 1638 2103 1692 idem
2135 1635 2541 1706 signiﬁcantem
2581 1632 2745 1704 atque
2784 1650 2921 1688 cum.
2954 1632 3353 1689 Procedentem
3399 1634 3544 1689 enim

1957 1746 2082 1785 cum
2119 1729 2282 1795 Filio,
2316 1742 2478 1783 nemo
2502 1727 2644 1782 dixit
2698 1735 3044 1791 sanctorum,
3093 1725 3545 1796 quandoquidem

1959 1819 2157 1876 modus
2183 1819 2310 1885 iste,
2339 1830 2399 1873 ut
2435 1825 2597 1874 antea
2633 1817 2841 1873 dictum
2872 1824 2979 1881 est,
3010 1816 3234 1871 unionis
3257 1815 3439 1887 potius
3466 1828 3552 1870 est

1958 1927 2124 1981 quam
2188 1910 2586 1967 distinctionis.
2648 1907 2861 1964 Idcirco
2932 1908 3344 1964 distinctionem
3402 1908 3545 1961 hanc
3636 1890 3641 1895 ’

1959 2005 2223 2069 scientes,
2248 2003 2342 2073 qui
2369 2004 2510 2058 bene
2551 2011 2759 2057 norunt
2798 2000 3182 2072 philosophari
3213 2000 3282 2055 de
3313 1999 3549 2070 Spiritu,

1961 2113 2238 2167 nunquam
2263 2096 2545 2151 dixerunt.
2581 2095 2851 2166 Spiritum
2885 2093 3188 2162 procedere
3211 2107 3335 2148 ειιιιι
3370 2093 3551 2158 Filio;

1960 2204 2087 2243 nam
2118 2189 2162 2243 si
2192 2189 2295 2243 hoc
2313 2188 2573 2251 srissent,
2598 2194 2749 2241 certe
2769 2200 3005 2257 magnus
3031 2184 3398 2249 Athanasius,
3427 2185 3553 2240 fons

1960 2282 2051 2337 ille
2076 2279 2362 2336 facultatis
2394 2281 2743 2351 theologicae,
2776 2293 2886 2334 non
2929 2277 3162 2333 dixisset
3185 2287 3386 2346 quarto
3419 2292 3556 2330 ron—

1963 2383 2044 2427 Ira
2090 2373 2327 2427 Arianos
2362 2373 2504 2426 libro
2539 2392 2553 2428 :
2584 2371 2705 2427 Non
2747 2378 2972 2440 coaptat
3025 2368 3269 2440 Spiritus
3309 2367 3550 2423 Verbum

1962 2465 2137 2526 Patri.
2166 2463 2260 2520 sed
2295 2463 2541 2534 Spiritus
2576 2463 2756 2535 potius
2795 2478 2825 2518 a
2859 2461 3037 2517 Verbo
3078 2462 3180 2516 hoe
3218 2460 3446 2530 accipit.
3488 2458 3555 2516 Et

1962 2558 2015 2612 in
2055 2558 2286 2629 epistola
2314 2558 2381 2611 ad
2408 2557 2765 2624 Serapionem
2801 2572 2814 2609 :
2857 2555 2916 2610 in
2958 2554 3186 2610 Christo
3215 2564 3333 2609 erat
3374 2552 3553 2622 Spiri-

1961 2660 2073 2719 tus,
2100 2652 2247 2706 sicut
2270 2649 2444 2705 Filius
2471 2651 2523 2703 in
2556 2648 2741 2703 Patre.
2777 2647 2841 2701 Et
2875 2666 2889 2703 :
2923 2646 3110 2702 Talem
3146 2656 3359 2702 natura:
3397 2646 3555 2700 ordi-

1963 2758 2085 2798 nem
2119 2741 2281 2797 habet
2336 2741 2579 2810 Spiritus
2613 2741 2678 2792 ad
2739 2738 2963 2805 Filium,
3000 2739 3219 2806 qualem
3268 2736 3441 2791 Filius
3483 2738 3552 2791 ad

1960 2835 2207 2889 Patrem.
2240 2834 2303 2887 Et
2325 2833 2565 2907 Basilius
2593 2831 2843 2902 Magnus,
2871 2830 3163 2901 theologia!
3185 2829 3546 2899 profundum,

1962 2928 2145 2996 capite
2195 2927 2263 2982 ad
2315 2925 2763 2995 Amphilochium
2794 2924 3011 2979 decimo
3040 2923 3325 2994 septimo:
3362 2921 3555 2989 itaque

1962 3018 2131 3083 sicut,
2164 3016 2371 3085 inquit,
2401 3014 2575 3071 Filius
2605 3030 2665 3071 se
2694 3015 2857 3069 habet
2887 3014 2951 3067 ad
2977 3013 3220 3080 Patrem,
3247 3013 3322 3067 ita
3351 3023 3403 3066 et
3432 3010 3568 3080 Spi-

1964 3112 2103 3166 ritus
2144 3110 2212 3163 ad
2251 3109 2476 3175 Filium,
2500 3110 2658 3177 iuxta
2698 3108 2897 3165 seriem
2932 3107 2987 3162 in
3021 3105 3279 3177 baptismi
3313 3105 3562 3161 ferunda-

1963 3203 2216 3257 traditam
2242 3221 2257 3269 ;
2293 3212 2347 3256 et
2372 3202 2417 3257 si
2452 3200 2590 3256 Filio
2611 3199 3234 3266 Spiritus-coordinatus
3252 3208 3357 3264 est,
3378 3198 3556 3254 Filius

281 3283 396 3353 τρὶ,
425 3285 520 3338 καὶ
548 3284 609 3338 τὸ
644 3286 868 3356 Πνεῦμα
890 3288 967 3357 τῷ
1008 3290 1185 3363 Πατρὶ
1217 3291 1399 3361 δῆλον.
1428 3294 1540 3346 Καὶ
1568 3293 1649 3348 ἐτι
1696 3295 1858 3351 Ἀθα-

1967 3308 2096 3348 vero
2149 3292 2321 3356 Patri.
2373 3290 2645 3363 Spiritum
2703 3306 2928 3362 quoque
2957 3290 3103 3344 Patri
3160 3290 3550 3344 coordinatum

282 3378 471 3440 νάσιος
503 3379 563 3433 ὲν
603 3377 682 3448 τῷ
725 3380 872 3450 λόγῳ
899 3381 976 3448 τῷ
1012 3384 1156 3437 κατὰ
1206 3384 1398 3438 πασῶν
1427 3386 1534 3439 τῶν
1568 3386 1860 3457 αἱρέσεων,

282 3465 410 3538 οὖή
452 3470 617 3542 ἀρχὴ.
662 3471 745 3537 T6]
767 3472 1136 3542 προκείμενον
1189 3476 1299 3528 ἀπὸ
1350 3477 1447 3530 τοῦ
1499 3477 1861 3547 Εὖαγγελίου,

226 3648 233 3653 μ
283 3564 457 3634 φησιν
482 3582 498 3597 ’
528 3567 763 3636 Ὁμοίως
790 3568 884 3621 καὶ
912 3568 941 3621 6
975 3569 1146 3636 μέγας
1181 3570 1432 3637 Παῦλος,
1471 3570 1866 3636 Ἐξααέστειο

282 3658 399 3729 λεν
428 3658 463 3711 ό
490 3656 635 3722 Θεὸς
666 3657 734 3711 τὸ
786 3656 1025 3728 Πνεῦμα
1057 3659 1164 3717 τοῦ
1224 3660 1368 3714 ΥΙοῦ
1414 3661 1603 3716 αὐτοῦ
1639 3662 1730 3728 εὶς
1758 3662 1866 3728 τὰς

286 3748 540 3817 καρδίας
591 3748 782 3819 ἡμῶν,
815 3749 1052 3817 κρᾶζον,
1094 3751 1271 3808 Ἀὄόἇ
1303 3754 1337 3807 ὁ
1366 3755 1571 3823 Πατήρ
1593 3770 1607 3786 ·
1638 3755 1733 3809 καὶ
1763 3757 1867 3810 αὐ-

286 3845 381 3904 τὸς
410 3845 440 3896 6
468 3843 654 3913 Πατὴρ
679 3843 826 3911 λέγει
846 3844 933 3897 διὰ
959 3844 1053 3898 τοῦ
1103 3845 1345 3914 μεγάλου
1380 3848 1664 3917 προφήτου
1689 3865 1704 3882 ο
1743 3849 1866 3903 Ἐκ-

285 3936 409 4003 κεῶ
439 3935 556 3989 ἀπὸ
590 3934 697 3990 τοῦ
729 3939 1079 4005 Πνεύματός
1102 3955 1222 4007 μου
1252 3937 1350 3991 ἐπὶ
1387 3935 1596 3994 πᾶσαν
1620 3939 1818 4009 σάρκα
1849 3958 1861 3971 ·

288 4025 393 4080 καί
435 4026 932 4095 προφητεύσουσι
957 4044 973 4064 ο
1007 4028 1101 4082 καὶ
1155 4028 1319 4088 αὐτὸς
1352 4030 1382 4082 6
1436 4031 1644 4102 Κύριος
1694 4032 1867 4086 ἐλθὼν

291 4119 470 4173 σῶσαι
502 4118 560 4173 τὸ
606 4119 764 4187 γένος
819 4118 976 4188 ἡμῶν
1017 4119 1127 4174 τῶν
1178 4119 1509 4190 ἀνθρώπων,
1566 4123 1863 4195 αὑθεντικῇ

287 4214 444 4282 φωνῇ
477 4207 631 4264 εἶπεν
653 4228 666 4242 ·
713 4208 861 4279 Ἐγὼ
906 4210 977 4265 ἐν
1028 4210 1108 4276 τῷ
1153 4212 1334 4280 Πατρί
1374 4212 1472 4267 καὶ
1503 4216 1537 4268 ό
1566 4214 1769 4284 Πατὴρ
1796 4215 1868 4270 ἐν

286 4305 426 4374 ἐμοι
444 4321 459 4335 ·
485 4304 600 4356 καί·
619 4303 767 4371 Ἐγώ
792 4306 915 4371 ειμι
936 4306 974 4372 ἡ
997 4305 1253 4373 ἀλήθεια
1269 4321 1284 4336 '
1315 4307 1433 4361 καί·
1451 4306 1599 4363 Ἐὰν
1627 4309 1868 4366 ἀπέλθω

290 4398 449 4465 πρὸς
477 4396 589 4448 τὸν
614 4395 846 4465 Πατέρα
889 4399 1169 4465 μου,οὐκ
1218 4398 1438 4467 ἀφήσω
1486 4398 1644 4467 ὑμᾶς
1687 4400 1867 4468 ὀρφα-

287 4488 463 4555 νοὺς.
495 4488 654 4543 ἀλλὰ
678 4487 1036 4551 ἀποστέλλω
1061 4490 1205 4559 ὑμῖν
1234 4491 1340 4544 τὸν
1372 4489 1773 4560 Παράκλητον
1799 4491 1868 4547 τὸ

292 4581 541 4650 Πνεῦμα
566 4579 677 4649 τῆς
698 4580 1011 4647 ἀληθείας.
1054 4582 1190 4636 Ἰδοὺ
1218 4583 1280 4637 τὸ
1310 4582 1535 4653 Πνεῦμα
1561 4584 1621 4638 ὲν
1645 4586 1711 4654 τῇ
1736 4583 1870 4656 ἁλη-

1963 3398 2087 3439 esse
2134 3384 2492 3454 perspicuum
2522 3391 2631 3438 est.
2681 3379 2896 3436 Rursus
2950 3380 3065 3435 haec
3105 3379 3266 3434 habet
3306 3379 3556 3433 Athana-

1965 3481 2081 3535 sius
2112 3478 2166 3533 in
2204 3492 2459 3533 sermone
2486 3484 2679 3532 contra
2715 3490 2906 3530 omnes
2937 3469 3214 3536 haereses,
3254 3473 3413 3542 cujus
3443 3472 3554 3526 ini-

1967 3571 2106 3625 tium
2148 3587 2163 3625 :
2202 3567 2554 3637 Propositum
2604 3566 2765 3622 nobis
2796 3575 2881 3621 est
2919 3579 2987 3621 ex
3024 3564 3341 3635 Evangelia.
3381 3563 3553 3617 Simi-

1967 3663 2092 3718 liter
2126 3669 2181 3716 et
2213 3675 2452 3731 magnus
2479 3658 2689 3715 Paulus
2724 3674 2740 3714 :
2775 3658 2923 3713 Misit
2955 3657 3094 3712 Deus
3125 3657 3391 3724 Spiritum
3426 3654 3553 3710 Elii

1967 3757 2052 3811 sui
2086 3755 2139 3809 in
2178 3754 2343 3809 corda
2374 3761 2561 3807 nostra
2600 3753 2947 3815 clamantem,
3009 3749 3158 3804 Abba
3194 3748 3359 3805 Pater
3388 3750 3456 3805 “.
3490 3748 3561 3804 Ει

1968 3850 2127 3904 Pater
2175 3844 2295 3920 ipse
2323 3863 2419 3916 per
2453 3859 2705 3914 magnum
2743 3845 3069 3917 prophetam
3099 3845 3176 3899 ait
3209 3862 3224 3898 :
3263 3842 3558 3913 E/fundam

1967 3942 2031 3997 de
2058 3940 2270 4010 Spiritu
2317 3955 2430 3994 meo
2460 3952 2619 4008 super
2647 3952 2850 3991 omnem
2902 3940 3158 4000 carnem}
3195 3947 3244 3990 et
3265 3937 3561 4006 prop/tela-

1968 4037 2095 4089 bunt
2128 4035 2197 4089 ¹¹.
2229 4033 2293 4087 Et
2318 4033 2438 4102 ipse
2461 4030 2730 4086 Dominus
2753 4043 2879 4087 cum
2903 4028 2970 4082 ad
3002 4027 3568 4084 ferendammimmauo

1969 4124 2155 4196 generi
2179 4124 2417 4179 salutem
2439 4121 2708 4185 venisset,
2735 4134 2871 4175 voce
2893 4135 3046 4181 usus,
3064 4135 3191 4185 ιιιιιε
3211 4118 3555 4187 majesmtcm

1974 4212 2195 4268 Domini
2225 4211 2460 4267 decebat
2507 4227 2520 4263 :
2554 4213 2693 4280 Ego,
2715 4209 2918 4278 inquit,
2941 4209 2992 4262 in
3025 4206 3211 4268 Patre,
3230 4215 3281 4262 et
3322 4207 3484 4261 Pater
3504 4208 3568 4261 iu

1971 4324 2053 4362 me
2104 4315 2183 4362 est
2215 4304 2283 4357 ".
2330 4303 2394 4356 Et
2428 4319 2442 4356 :
2477 4302 2590 4373 Ego
2641 4318 2760 4356 sum
2796 4302 2989 4356 veritas
3022 4300 3069 4331 ⁸³
3100 4316 3118 4364 ;
3153 4310 3208 4354 et
3235 4319 3256 4352 -:
3292 4299 3352 4354 Si
3375 4298 3561 4354 abiero

1971 4400 2041 4452 ad
2098 4395 2316 4451 Patrem
2371 4412 2568 4459 nteant,
2625 4411 2730 4449 mm
2786 4395 3083 4460 relinquam
3122 4410 3208 4447 ros
3246 4396 3510 4462 orphauos
3540 4432 3572 4457 ,.

1969 4490 2063 4547 sed
2097 4492 2306 4545 mittam
2337 4489 2482 4545 vobis
2530 4487 2874 4543 Paracletum
2912 4488 3178 4557 Spiritum
3209 4474 3451 4542 veritatis
3489 4485 3559 4539 ".

1977 4583 2187 4639 Eccein
2222 4582 2456 4636 veritate
2483 4579 2758 4652 Spiritus:
2792 4591 2847 4636 et
2881 4581 3084 4635 veritas
3107 4584 3160 4634 in
3188 4581 3394 4647 Patre;
3430 4594 3573 4634 ecce

292 4672 439 4742 θείᾳ,
464 4674 500 4742 ἡ
530 4672 757 4743 ἀλήθεια
785 4673 842 4725 ὲν
866 4670 944 4741 τῷ
973 4672 1148 4744 Πατρί
1174 4690 1188 4706 ο
1219 4673 1329 4727 ἰδοὺ
1361 4674 1395 4743 ἡ
1424 4674 1596 4744 Τριὰς
1626 4653 1861 4747 ἀδιαίρε·

1973 4677 2218 4732 Trinitas
2252 4675 2558 4730 individua.
2592 4673 2695 4740 Qui
2727 4688 2859 4742 ergo
2891 4672 3088 4727 dicunt
3116 4672 3578 4745 praepositionem.

292 4782 412 4827 τος.
445 4764 511 4817 Oi
554 4762 647 4817 οῦν
692 4762 947 4832 λέγοντες
978 4764 1108 4834 τὴν,
1132 4764 1253 4827 διὰ,
1277 4766 1402 4818 ἀντὶ⁸
1429 4765 1551 4837 τῆς,
1582 4766 1756 4836 μετὰ,
1780 4770 1874 4821 καὶ

297 4856 427 4926 τῆς,
450 4854 595 4923 σὺν,
619 4855 678 4909 οὐ
714 4855 1001 4925 προδήλως
1048 4857 1309 4919 ἐναντίως
1356 4856 1579 4925 λέγουσι
1608 4861 1730 4922 ταῖς
1764 4858 1875 4912 τῶν

301 4948 444 5002 [lati
454 4964 560 5017 ρων
590 4946 890 5015 θεολογίαις
920 4963 934 5013 ;

988 5039 1180 5095 ΕΦΕΣ.

367 5135 519 5207 Ὅρα
538 5135 594 5190 δὲ
617 5136 713 5190 καὶ
764 5136 861 5189 ἐπὶ
886 5135 981 5207 τῆς
1014 5137 1322 5207 γεννήσεως
1343 5153 1358 5169 ο
1388 5137 1492 5192 Τὸν
1520 5137 1591 5192 ἐκ
1619 5138 1726 5193 τοῦ
1753 5141 1875 5193 Πα-

297 5230 461 5299 τρός,
478 5229 631 5300 φησὶ,
661 5227 1029 5298 γεννηθέντα
1057 5229 1172 5297 πρὸ
1198 5228 1448 5284 πάντων
1474 5227 1594 5283 τῶν
1616 5228 1870 5285 αἰώνων.

295 5323 390 5393 Μή
421 5339 504 5386 τις
537 5321 772 5378 ἐνταῦθα
824 5322 907 5387 τὸ,
962 5324 1027 5376 ὲκ
1079 5323 1270 5392 μόνου,
1319 5322 1713 5394 «pactionem;
1751 5323 1871 5378 ἀλλ’

296 5413 452 5467 οὐδὲν
472 5408 640 5486 ἦττον
658 5412 889 5482 νοοῦμεν
914 5412 1092 5479 τοῦτο,
1114 5413 1211 5466 καὶ
1232 5401 1466 5483 λὲγομεν
1489 5412 1651 5483 ἡνίκα
1675 5411 1868 5485 δεήσῃο

298 5503 433 5576 παρ’
458 5505 672 5569 οὐδενὸς
720 5504 832 5576 γὰρ
864 5504 1028 5560 ἄλλου
1058 5504 1357 5576 γεννᾶσθαι
1407 5504 1500 5559 τὸν
1530 5505 1658 5560 Υἰὺν
1687 5522 1866 5578 μεμα-

300 5596 569 5668 θήκαμεν.

982 5692 1189 5747 ΑΠΟΛ.

362 5783 489 5838 Ὀτι
512 5784 612 5855 μὲν
646 5784 708 5838 ὲκ
746 5785 911 5854 μόνου
948 5784 1041 5839 τοῦ
1084 5786 1298 5857 Πατρὸς
1326 5784 1414 5840 τὸν
1445 5786 1572 5840 Υἱδν
1602 5780 1746 5838 εἶναι
1772 5787 1873 5840 καὶ

365 5962 410 5994 ’³
441 5962 617 6020 Gaiat.
652 5980 729 6039 iv,
763 5963 819 6020 6.
932 5964 969 5995 ²²
995 5963 1108 6021 Joei
1143 5981 1203 6031 lt,
1257 5965 1344 6022 9.9.

1446 5969 1488 5999 "
1509 5939 1515 5945 ’
1538 5961 1697 6021 Joan.
1742 5979 1855 6033 xw,
1890 5964 1979 6019 li.

1973 4786 2065 4837 per
2095 4770 2234 4824 sumi
2264 4768 2387 4823 loco
2418 4765 2828 4837 praepositionis
2861 4781 3004 4828 cum.
3041 4781 3229 4822 nonne
3266 4768 3580 4821 mauit‘esur

1975 4861 2340 4916 adversantur
2373 4857 2667 4929 theologia:
2723 4866 3044 4914 sanctorum
3071 4857 3109 4911 2'

2638 5032 2885 5092 EPHES.

2048 5130 2164 5189 lloc
2190 5134 2369 5202 ipsum
2406 5131 2784 5204 generationis
2820 5130 3078 5200 exemplo
3111 5129 3256 5184 scies
3286 5144 3354 5182 ex
3378 5125 3566 5191 Putre;

1978 5226 2177 5296 inquit,
2208 5233 2396 5281 natum
2427 5236 2554 5280 ante
2587 5223 2777 5281 onmia
2819 5222 3041 5278 secula.
3098 5219 3371 5290 Numquid
3413 5219 3574 5277 addit

1973 5319 2272 5391 quispiam,
2305 5318 2384 5372 Ex
2416 5316 2535 5372 solo
2566 5316 2590 5371 i
2616 5315 2802 5371 Nihilo
2832 5324 3017 5368 tamen
3050 5310 3235 5367 secius
3261 5313 3365 5363 hoc
3399 5309 3566 5362 intel-

1974 5411 2214 5483 ligimus,
2235 5418 2290 5463 et
2319 5411 2362 5464 si
2384 5409 2765 5480 quando-opus
2793 5405 2980 5468 fuerit,
3002 5401 3365 5472 exprimimus
3392 5417 3403 5450 :
3434 5414 3574 5457 nam.

1978 5501 2175 5558 Filium
2218 5516 2245 5555 ει
2275 5501 2426 5556 nullo
2459 5501 2709 5571 generari
2739 5496 3062 5552 didicimus.

2666 5676 2864 5733 RESP.
2896 5716 2899 5719 ρ
2926 5672 2929 5679 ’
2984 5725 2992 5732 .

2050 5778 2272 5834 Fatetur
2310 5786 2365 5832 et
2393 5778 2509 5845 ipse
2554 5774 2636 5827 vir
2694 5767 3213 5842 praestantissimus,
3269 5763 3463 5819 Filium
3492 5777 3573 5833 εξ

2080 5958 2284 6017 ²³.ἱΙ›ἰι1.
2320 5956 2374 6013 6.
2482 5952 2681 6011 "ibid.
2745 5950 2809 6007 18
2841 5968 2854 6019 ;
2893 5966 2983 6015 xv,
3024 5948 3116 6003 '26.
