3998 6448
435 431 538 498 151

1425 431 1810 494 GREGURII
1845 431 2147 494 MAMMIE
2188 432 2298 492 (ΣΡ.
2332 427 2851 492 ΡΑΤΒΙΑΠΕΠίΕ

3571 423 3661 491 152

439 567 585 618 esse,
638 551 734 607 scd
797 551 941 616 dici;
997 551 1136 606 alias
1168 566 1316 615 esse,
1353 553 1446 608 scd
1499 567 1607 607 non
1639 553 1783 616 dici;
1813 559 2006 607 rurst't's'

2135 551 2234 606 κῦτε
2267 553 2405 613 ἐστὶ,
2428 547 2556 602 οὔτε
2581 549 2823 616 λέγεται·
2853 543 2922 598 τὰ
2947 543 3002 597 δὲ
3034 545 3225 613 ἄμφω,
3245 542 3338 595 καὶ
3360 541 3468 596 ἔστι
3487 544 3572 597 καὶ
3590 544 3666 595 λέ-

432 643 645 715 aliqnas
665 659 766 699 nec
797 658 943 706 esse,
979 658 1079 698 nec
1110 641 1257 708 dici;
1289 644 1504 713 aliquas
1532 659 1663 698 vero
1689 653 2005 714 utrumque,

430 745 634 792 etesse
661 743 715 788 et
747 734 881 790 dici.
935 733 1089 788 Sicut
1129 735 1274 788 enim
1313 734 1402 789 llic
1455 736 1801 805 apertissime
1828 734 2008 788 decla-

429 828 574 883 ravit
601 869 617 891 ,
660 843 766 880 non
801 827 906 881 duci
933 827 1332 896 Cbristiparam
1368 839 1590 897 pmpter
1615 827 1926 882 Nestorium
1957 834 2012 879 et

427 929 729 970 sectatores
759 917 902 983 ejus,
961 933 1068 970 non
1106 919 1252 988 quod
1285 934 1345 970 ea
1378 935 1484 970 non
1522 919 1626 983 sit;
1679 919 1751 971 ita
1787 928 2013 989 propter

428 1009 759 1062 Runnmiutn
780 1020 1116 1064 asserenlem
1145 1027 1210 1063 ex
1244 1011 1361 1065 solo
1389 1009 1525 1064 Filio
1551 1025 1671 1064 esse
1699 1010 1964 1079 Spiritum
1995 1029 2009 1066 :

428 1102 504 1154 Ex
549 1099 708 1162 Filio,
745 1101 945 1170 inquit,
998 1099 1263 1168 Spiritum
1320 1117 1431 1155 non
1456 1103 1714 1158 dicimus.
1760 1102 1817 1158 Si
1867 1104 2010 1158 enim

427 1193 657 1245 sentiret
691 1192 843 1246 illum
879 1209 906 1244 a
934 1191 1074 1246 Filio
1105 1209 1209 1246 non
1244 1209 1391 1257 esse,
1420 1194 1493 1246 ita
1525 1196 1743 1250 locutus
1769 1204 1919 1249 esset
1947 1196 2014 1248 de

429 1285 554 1349 huc,
580 1286 724 1336 sicut
751 1283 828 1338 ait
859 1285 927 1338 de
977 1285 1150 1348 Filio;
1202 1285 1400 1338 Filium
1455 1302 1583 1341 vero
1641 1304 1742 1344 nec
1775 1287 2015 1357 Spiritus

426 1390 553 1429 esse
585 1375 844 1438 dicimus,
877 1391 1056 1444 neque
1082 1376 1148 1430 de
1179 1375 1423 1444 Spiritu;
1457 1379 1920 1447 quemadmodum
1958 1391 2017 1434 ct

427 1468 729 1538 Gregorius
776 1467 1058 1538 Nyssenus
1089 1470 1165 1522 ait
1194 1487 1207 1523 :
1241 1467 1414 1524 Filius
1452 1479 1636 1524 autem
1668 1486 1792 1525 cum
1820 1486 1884 1526 ex
1910 1473 2019 1528 Deo

427 1563 528 1626 sit,
564 1575 664 1615 nec
698 1569 806 1626 est,
840 1577 940 1615 nec
971 1562 1177 1616 dicitur
1207 1561 1378 1616 Filius
1401 1562 1678 1633 Spiritus;
1735 1581 1834 1620 nec
1870 1570 2016 1622 rela-

429 1653 537 1704 liva
584 1653 698 1706 lucc
733 1654 1126 1722 consequentia
1149 1656 1516 1710 convertitur.
1546 1654 1853 1711 Notandum
1882 1675 2021 1730 quo-

427 1757 535 1806 que
569 1741 700 1795 iliud
743 1741 1018 1808 :Quaudo
1050 1744 1195 1798 enim
1247 1745 1626 1801 Damascenus
1675 1748 1892 1818 inquit,
1939 1750 2020 1805 Ex

428 1831 492 1885 Fi
519 1832 572 1885 in
593 1848 701 1886 non
729 1833 988 1902 dicimus,
1051 1851 1158 1890 non
1187 1837 1334 1892 sistit
1383 1838 1498 1892 illic
1535 1854 1872 1906 sermonem,
1917 1843 2012 1897 sed

2118 661 2280 712 γεται
2306 659 2320 674 ο
2354 641 2544 710 ὥσπερ
2571 639 2681 708 γὰρ
2715 636 2952 691 ἐνταῦθα
2985 635 3298 703 σαφέστατα
3322 633 3562 702 ἐδήλωσε,
3585 632 3663 684 διὰ

2113 737 2202 788 τὸν
2245 733 2541 804 Νεστόριον
2572 731 2668 782 καὶ
2700 729 2829 789 τοὺς
2884 728 3006 780 κατ’
3042 726 3204 778 αὐτὸν
3237 724 3579 792 Χριστοτόκον
3613 722 3668 774 ού

2115 827 2367 895 λέγομεν,
2397 799 2459 876 οῦ
2493 823 2583 875 διὰ
2617 820 2677 873 τὸ
2706 819 2782 890 μὴ
2810 814 2985 870 εἷναιο
3019 815 3166 869 οὕτω
3196 815 3290 868 και
3313 813 3396 865 διὰ
3421 814 3506 865 τιν
3529 811 3673 864 sove-
3740 799 3746 810 ‘

2121 937 2242 990 μιον
2277 919 2526 983 λέγοντα,
2557 915 2617 965 ἐκ
2648 912 2812 980 μόνου
2838 911 2931 963 τοῦ
2960 908 3090 962 Υἱοῦ
3117 903 3256 960 εἶναι
3281 906 3340 957 τὸ
3369 903 3595 971 Πνεῦμα,
3618 905 3673 955 ἐκ

2116 1011 2211 1065 τοῦ
2247 1010 2399 1074 rio-3,
2426 1007 2582 1077 φησὶ,
2614 1006 2676 1057 τὸ
2704 1002 2928 1072 Πνεῦμα
2962 1002 3023 1054 οῦ
3049 1001 3301 1069 λέγομεν.
3331 998 3391 1052 Ei
3421 999 3520 1064 γὰρ
3552 996 3672 1065 ᾔδει,

2130 1106 2214 1158 ὅτι
2262 1102 2363 1155 οὐκ
2413 1099 2562 1152 ἐστιν
2588 1141 2603 1164 ,
2646 1098 2832 1164 ἔλεγεν
2869 1095 2936 1149 ἂν
2973 1095 3067 1148 καὶ
3103 1095 3232 1162 περὶ
3259 1091 3466 1153 τούτου,
3509 1089 3676 1154 ὥσπερ

2117 1195 2265 1262 λέγει
2317 1193 2414 1245 καὶ
2467 1191 2599 1258 περὶ
2661 1188 2756 1242 τοῦ
2808 1186 2979 1248 Υἱοῦ,
3029 1185 3124 1238 τὸν
3165 1186 3222 1237 δὲ
3275 1183 3399 1234 Υἱὺν
3437 1180 3551 1233 οὗτε
3593 1176 3676 1230 105

2122 1286 2446 1354 ΙΙνεύματος
2484 1283 2741 1350 λέγομεν,
2785 1278 2912 1332 οὕτε
2958 1278 3064 1349 μὴν
3115 1279 3180 1330 ἐκ
3209 1276 3301 1328 τοῦ
3351 1275 3676 1340 Πνεύματοςο

2122 1381 2197 1444 ὡς
2237 1379 2331 1430 καὶ
2385 1378 2412 1428 ὁ
2466 1375 2686 1439 Νύσης
2720 1371 3025 1442 Γρηγόρεός
3069 1386 3257 1438 φησιν’
3299 1367 3357 1420 Ὅ
3389 1367 3442 1419 δὲ
3488 1365 3603 1425 Υἱὸς
3626 1365 3679 1414 ὲκ

2119 1472 2213 1526 τοῦ
2249 1470 2386 1524 Θέοῦ
2437 1469 2514 1521 ὢν
2541 1508 2556 1530 ,
2589 1467 2688 1520 οὐκ
2725 1465 2842 1518 ἔστι
2899 1465 2994 1517 καὶ
3031 1462 3126 1516 τοῦ
3182 1459 3494 1530 Πνεύματος
3522 1498 3534 1516 ,
3571 1456 3682 1508 οὔτε

2121 1567 2274 1619 ἐστὶν
2330 1561 2456 1615 οὔτε
2516 1561 2764 1628 λέγεται,
2825 1557 2949 1611 οὐδὲ
2993 1556 3348 1623 ἀντιστρέφει
3387 1553 3420 1620 ἡ
3476 1549 3681 1618 σχετική

2123 1656 2416 1710 ἀκολουθία
2451 1653 2616 1725 αῦτη.
2669 1653 2988 1722 Σημεὶωσαι
3042 1649 3138 1702 καὶ
3173 1648 3382 1708 ἄλλως⁹
3419 1645 3544 1697 ὅταν
3589 1642 3684 1708 γάρ

2124 1763 2319 1816 φησιν,
2361 1743 2456 1799 Ἐκ
2483 1744 2578 1798 τοῦ
2620 1743 2754 1797 Υἰοῦ
2805 1743 2867 1794 οὐ
2909 1741 3167 1807 λέγομεν,
3202 1739 3264 1790 ού
3299 1737 3457 1806 μέχρι
3509 1731 3683 1785 τούτου

2129 1841 2373 1904 ἵσταται,
2411 1839 2528 1892 ἀλλ’
2554 1837 2717 1899 εὐθὺς
2751 1836 3118 1903 συνημμένως
3171 1830 3448 1897 ἐπιφέρει,
3480 1827 3572 1878 Διὰ
3601 1822 3687 1876 τοῦ

427 1926 696 1980 continuo
719 1926 906 1989 infert,
935 1927 1036 1982 Per
1058 1927 1298 1996 Filium;
1322 1946 1448 1984 nam
1467 1930 1660 1986 Rerum
1684 1935 2013 1998 divinarum,

2135 1932 2258 1987 Υἱοῦ
2284 1949 2298 1964 ο
2333 1933 2470 2002 Φησὶ
2505 1930 2611 1999 γὰρ
2643 1929 2740 1983 καὶ
2766 1932 2821 1980 ὲν
2850 1925 2928 1996 τῷ
2958 1922 3026 1992 ιγ’
3055 1923 3165 1977 τῶν
3195 1917 3583 1989 Θεολογικῶν·
3620 1916 3686 1968 Τὸ

429 2007 552 2083 cap.
622 2017 706 2081 l3,
761 2016 1024 2086 Spiritus,
1059 2023 1256 2092 inquit,
1291 2035 1518 2080 sanctus
1569 2027 1808 2096 Spiritus
1836 2037 1920 2082 est
1951 2044 2018 2082 cx

428 2105 592 2161 Patre
634 2111 961 2178 procedens,
1019 2115 1168 2168 nulla
1218 2117 1363 2173 enim
1404 2118 1579 2173 motio
1621 2120 1743 2174 sine
1774 2119 2012 2190 Spiritu;

428 2197 552 2253 Filii
613 2216 829 2273 quoque
866 2216 950 2259 est
991 2203 1254 2275 Spiritus,
1304 2225 1412 2264 non
1459 2219 1516 2265 ut
1550 2226 1617 2265 ex
1659 2211 1803 2280 ipso,
1835 2214 1929 2268 sed
1959 2223 2019 2267 ut

433 2307 530 2360 per
556 2295 730 2363 ipsum
773 2311 840 2350 ex
872 2295 1031 2354 Patre
1062 2300 1386 2369 procedens.
1411 2303 1767 2372 Perspectum
1813 2308 2017 2376 quippe

431 2395 552 2439 erat
582 2396 776 2442 sancto
810 2387 980 2456 Patri,
1007 2394 1210 2464 quippe
1233 2403 1293 2449 ut
1324 2397 1498 2465 perito
1545 2397 1848 2455 Graecanici
1883 2400 2020 2454 idio-

433 2479 601 2536 matis
649 2495 715 2535 ea:
778 2486 1220 2554 praepositionem
1298 2489 1615 2558 ubicunque
1679 2491 2015 2561 apponitur,

435 2571 571 2624 nihil
606 2571 918 2643 significare
945 2563 1231 2639 anterius;
1262 2579 1358 2634 scd
1395 2581 1641 2635 indicare
1678 2582 1831 2648 illud,
1867 2583 2014 2636 unde

435 2663 608 2727 Irintzt
650 2665 829 2735 origo,
862 2666 1046 2736 ibique
1096 2672 1292 2725 sistere
1317 2679 1554 2726 mentem
1607 2673 2021 2742 auditoris;pcr

431 2769 589 2821 vero,
627 2757 717 2811 tibi
777 2761 1024 2828 ponitur,
1067 2761 1335 2817 denotare
1388 2767 1619 2819 omnino
1684 2767 2017 2835 principium

437 2845 586 2902 aliud
627 2851 898 2920 originale
929 2861 984 2907 et
1018 2853 1372 2922 primarium.
1405 2855 1520 2910 Hac
1551 2857 1618 2912 de
1651 2873 1819 2912 causa
1858 2867 2020 2928 negat

436 2955 564 2995 esse
596 2941 914 3010 dicendum,
967 2943 1042 2998 Ex
1096 2946 1273 3011 Filio;
1331 2946 1434 3002 Per
1495 2948 1695 3002 Filium
1726 2964 1858 3002 vero
1889 2965 2021 3004 sane

435 3045 602 3098 quam
634 3032 981 3100 comprobat.
1034 3035 1111 3088 Ex
1146 3036 1310 3101 Filio,
1347 3038 1551 3106 inquit,
1604 3054 1712 3092 non
1753 3039 2019 3105 dicimus;

437 3134 558 3186 non
582 3120 751 3187 dicit,
782 3121 844 3178 Et
872 3139 936 3178 ex
973 3123 1112 3180 Filio
1147 3143 1258 3182 non
1294 3128 1554 3194 dicimus,
1582 3132 1767 3186 addita
1798 3133 2024 3203 copula-

2125 2027 2350 2096 Πνεῦμα
2383 2027 2442 2077 τὸ
2473 2025 2630 2090 ἅγιον
2671 2019 2893 2090 Πνεῦμα
2923 2020 2987 2070 ὲκ
3019 2015 3114 2069 τοῦ
3161 2012 3378 2082 lla-cpe;
3410 2007 3685 2078 ἐκπορευό-

2127 2138 2311 2192 μενον,
2347 2119 2577 2188 οὐδεμία
2606 2116 2715 2185 γὰρ
2749 2113 2892 2184 ὁρμὴ
2919 2112 3048 2166 ἄνευ
3084 2108 3425 2177 Πνεύματος·
3456 2104 3544 2156 καὶ
3569 2097 3688 2192 Υἰοῦ

2121 2191 2177 2269 δὲ
2201 2211 2452 2281 Πνεῦμα,
2488 2211 2586 2280 οῦχ
2618 2207 2694 2270 ὼς
2729 2203 2789 2270 ἐξ
2823 2201 3014 2265 αὐτοῦ,
3050 2200 3166 2252 ἀλλ’
3199 2199 3276 2260 ὡς
3321 2195 3388 2249 δι’
3442 2191 3602 2248 αὐτοῦ
3632 2191 3688 2240 ἐκ

2122 2307 2218 2359 τοῦ
2251 2305 2464 2372 Πατρός
2497 2298 2957 2369 ἐκπορευόμενον.
2993 2289 3118 2345 Οῐδε
3161 2291 3272 2359 γὰρ
3313 2290 3341 2340 ὁ
3368 2288 3520 2354 ἆγιος
3542 2284 3689 2372 ἀκρι-

2125 2397 2258 2458 ϐῶς,
2313 2394 2388 2456 ὡς
2444 2393 2771 2458 ἐπιστήμων
2828 2385 2929 2454 τῆς
2991 2381 3322 2450 Ἑλληνικῆς
3380 2375 3588 2441 σοφίας,
3623 2369 3690 2429 ὡς

2123 2490 2257 2541 ὅπου
2286 2487 2350 2539 ἂν
2387 2485 2598 2538 τίθεται
2652 2484 2708 2552 ἡ,
2751 2479 2842 2542 ἐκ,
2907 2476 3187 2546 πρίθεσις,
3221 2469 3497 2540 ἀνώτερῦν
3538 2483 3588 2517 τι
3633 2462 3688 2512 ού

2125 2583 2302 2653 ζητεῖ,
2339 2580 2455 2634 ἀλλ’
2482 2577 2691 2631 ἐκεῖθεν
2729 2575 2841 2644 ἔχει
2883 2573 2984 2640 τὴν
3020 2569 3251 2640 πρώτην
3284 2564 3480 2635 ἀργὴ-ι,
3515 2557 3686 2653 κακεῖ-

2127 2651 2191 2730 σε-
2219 2677 2398 2741 ἵστησι
2432 2672 2521 2724 τὸν
2557 2668 2859 2740 ἀκροατήν⁶
2910 2667 2942 2733 ἡ
2975 2665 3054 2727 δὲ,
3107 2662 3227 2726 διὰ,
3272 2657 3528 2726 πρόθεσις
3574 2651 3694 2702 ὅπου

2127 2771 2192 2824 ἂν
2224 2763 2529 2830 τίθεται,ὲξ
2561 2763 2802 2820 ἅπαντος
2836 2761 3034 2827 ἑτέραν
3065 2754 3322 2819 ἐπιζητεῖ
3351 2753 3445 2818 τὴν
3476 2751 3692 2815 ἁρχοει-,

2124 2863 2187 2927 δῇ
2220 2861 2314 2912 καὶ
2347 2854 2858 2929 προκαταρκτικὴν.
2891 2850 3096 2904 Τούτου
3127 2847 3220 2900 οῦν
3249 2847 3412 2914 χάριν
3448 2841 3504 2893 τὸ
3528 2842 3587 2890 ὲκ
3614 2851 3699 2888 τον

2127 2953 2256 3007 Υἱοῦ
2311 2952 2665 3019 ἁπαρνεῖται,
2701 2947 2760 3000 τι
2782 2947 2838 3000 δὲ
2873 2945 2940 2998 δι’
2970 2944 3126 3006 Υἱοῦ,
3162 2942 3262 2992 καὶ
3300 2939 3443 2991 πάνυ
3479 2931 3696 2987 τίθεται.

2139 3047 2233 3099 Ἐκ
2259 3043 2352 3098 τοῦ
2381 3043 2513 3097 Υἱοῦ
2544 3043 2605 3096 ού
2639 3041 2899 3108 λέγομεν,
2947 3035 3134 3108 φησὶνο
3167 3034 3229 3086 οῦ
3262 3033 3371 3102 γὰρ
3403 3029 3575 3094 λέγει,
3603 3024 3699 3081 ὃτι,

2128 3141 2238 3194 Καὶ¹
2273 3142 2338 3194 ὲκ
2393 3137 2486 3192 τοῦ
2513 3134 2646 3190 Υῐοῦ
2685 3135 2743 3187 οῦ
2786 3133 3022 3201 λέγομεν
3044 3171 3058 3194 ,
3097 3129 3238 3199 μετά
3273 3125 3392 3188 τοῦ,
3420 3122 3537 3184 καὶ,
3575 3132 3700 3181 συμ·

438 3212 549 3266 tiva
576 3215 970 3284 conjunctione
1002 3220 1184 3279 et.sed
1206 3219 1283 3276 Ex
1303 3221 1444 3278 Filio
1469 3238 1574 3279 non
1594 3225 1861 3291 dicimus;
1895 3242 2018 3279 nam

2135 3226 2428 3284 πλεκτικοῦ
2487 3227 2818 3294 συνδέσμου,
2871 3221 3012 3285 ἀλλ’,
3063 3221 3157 3272 Ἐκ
3191 3217 3291 3270 τοῦ
3338 3212 3495 3270 Υἱοῦ,
3530 3207 3700 3278 φησὶν,

440 3305 760 3374 conjunctio
802 3319 872 3372 et,
905 3311 1064 3366 sicuti
1101 3321 1158 3368 et
1202 3329 1315 3381 per,
1354 3315 1614 3385 quiddam
1663 3320 1827 3372 etiam
1876 3318 2024 3372 aliud

441 3400 674 3466 quaerit;
723 3401 1284 3476 eonjunctionemque
1339 3408 1502 3462 aliam
1548 3419 1620 3474 et,
1681 3410 2028 3480 pr'eintelligi

444 3490 676 3548 indicat.
718 3493 786 3548 Et
819 3495 965 3561 vide,
1005 3507 1066 3552 ut
1123 3499 1377 3569 exemplo
1413 3502 1793 3572 antiquiorum
1841 3505 2031 3558 docto-

453 3601 572 3639 rum
608 3596 660 3642 et
698 3587 816 3658 ipse
854 3589 1026 3654 dicat,
1070 3590 1173 3646 Per
1223 3591 1447 3648 Filium.
1495 3595 1586 3647 Ait
1636 3595 1781 3650 enim
1817 3595 2032 3664 :Spit'i-

447 3687 540 3734 tus
563 3691 794 3738 sanctus
829 3684 1237 3740 manifestativa
1268 3687 1352 3742 vis
1387 3689 1622 3742 occulta:
1674 3687 1857 3743 Patris
1891 3689 2033 3743 divi-

457 3773 673 3840 nitatis,
701 3777 1007 3842 procedens
1028 3786 1197 3832 estex
1223 3776 1385 3831 Patre
1421 3793 1516 3848 per
1535 3779 1758 3842 Filium,
1796 3788 1856 3832 ut
1884 3780 2035 3833 novit

452 3865 596 3933 ipse.
629 3866 844 3924 Rursus
873 3886 887 3924 :
923 3870 1046 3938 ipse
1084 3870 1276 3940 igitur,
1311 3886 1506 3941 nempe
1540 3871 1722 3938 Pater,
1747 3881 1832 3926 est
1857 3887 2034 3938 mens,

453 3951 617 4012 Verbi
645 3957 896 4029 abyssus,
931 3958 1091 4015 Verbi
1113 3961 1347 4028 genitor,
1377 3977 1582 4031 perque
1605 3961 1842 4017 Verbum
1865 3960 2040 4030 Spiri-

456 4057 548 4101 tus
617 4049 1015 4104 tnanifestatiri
1075 4051 1400 4120 productor.
1473 4051 1664 4122 Itaque
1718 4055 1811 4122 qui
1841 4054 2036 4109 dicunt

452 4140 896 4209 praepositionem
951 4157 1044 4210 per
1096 4146 1241 4198 sumi
1291 4145 1415 4199 loco
1446 4146 1857 4214 praepositionis
1897 4163 2038 4214 cum,

455 4232 765 4302 intelligant
805 4243 858 4288 et
915 4234 1193 4290 fateantur
1232 4237 1336 4291 hoc
1371 4238 1494 4291 loco
1534 4238 1722 4303 etiam,
1773 4251 2038 4305 mentem,

458 4323 624 4378 Verbi
662 4326 946 4396 abyssum,
995 4326 1161 4382 Verbi
1221 4331 1525 4400 genitorem
1563 4330 1671 4384 una
1706 4345 1833 4386 cum
1862 4329 2042 4385 Verbo

459 4414 764 4482 producere
795 4416 1087 4484 Spiritmn.
1120 4417 1344 4485 Verum,
1379 4430 1436 4474 ut
1461 4430 1614 4489 puto,
1651 4436 1759 4475 non
1793 4419 2044 4476 fatebun-

459 4516 573 4560 tur.
615 4506 796 4576 Atque
856 4507 986 4564 hinc
1039 4509 1192 4564 falsa:
1219 4514 1588 4581 expositionis
1635 4513 1914 4568 inventum
1960 4529 2046 4568 re-

2131 3325 2192 3376 ού
2243 3321 2496 3389 λέγομεν.
2539 3320 2598 3372 '0
2655 3320 2786 3386 γὰρ,
2823 3315 2947 3379 καὶ,
2997 3312 3303 3378 σύνδεσμος
3358 3307 3455 3360 καὶ
3487 3304 3610 3358 ἄλλο
3653 3315 3702 3350 τι

2133 3417 2304 3484 ζητεῖ,
2357 3414 2548 3482 ὥσπερ
2585 3411 2680 3464 καὶ
2724 3413 2778 3479 ἡ.
2809 3405 2928 3472 διὰ,
2981 3405 3271 3476 πρόθεσις.
3325 3399 3427 3455 καὶ
3479 3409 3702 3484 προεπιί

2133 3482 2427 3578 νοούμενον
2478 3506 2592 3576 ἔχει
2643 3504 2755 3562 τὸν,
2814 3499 2935 3564 καὶ,
2995 3497 3321 3564 σύνδεσμον.
3366 3493 3510 3562 Ὅρα
3555 3486 3608 3540 δὲ
3652 3482 3706 3578 εδ

2133 3602 2233 3654 Διὰ
2263 3599 2355 3653 τοῦ
2388 3598 2537 3662 Υἱοῦ,
2576 3597 2724 3658 ὅπως
2755 3593 3024 3662 ἑπόμενος
3059 3591 3170 3650 τοῖς
3217 3586 3438 3647 λοιποῖς
3486 3579 3588 3652 πρὸ
3619 3575 3710 3630 αῦο

2133 3676 2227 3747 ἶοῦ
2255 3693 2429 3760 ἁγίοις
2463 3690 2610 3758 λέγει
2641 3704 2656 3718 ο
2693 3687 2829 3757 φησὶ
2875 3685 2986 3752 γάρ
3010 3699 3026 3715 ·
3085 3682 3146 3733 τὸ
3185 3679 3419 3748 Πνεῦμα
3451 3676 3510 3727 τὸ
3543 3672 3708 3739 ἅγιον.

2135 3791 2168 3857 ὴ
2209 3784 2583 3855 ἐκφαντορικὴ
2630 3781 2727 3833 τοῦ
2766 3777 3000 3848 κρυφίου
3037 3777 3138 3842 τῆς
3183 3774 3449 3840 θεότητος
3493 3766 3711 3830 δύναμις

2135 3879 2230 3933 τοῦ
2257 3879 2493 3946 Πατρός.
2526 3877 2590 3927 ὲκ
2621 3872 2834 3942 Πατρός
2862 3873 2980 3922 ἐστι
3010 3867 3079 3921 δι’
3112 3865 3242 3918 Υἱοῦ
3278 3858 3707 3932 ἐκπορευομένη.

2137 3972 2214 4034 ὡς
2258 3967 2388 4022 οἶδε.
2442 3969 2554 4022 Καὶ
2587 3965 2768 4019 πάλιν·
2807 3962 2980 4024 Αὐτὸς
3014 3959 3111 4030 μέν
3136 3961 3259 4011 ἐστι
3295 3956 3448 4018 νοῦς,
3479 3955 3504 4005 ὁ
3537 3946 3714 4012 Πατὴρ

2140 4065 2326 4132 δῆλον.
2367 4063 2544 4126 Λόγου
2598 4058 2862 4118 ἆῦυσσος,
2904 4054 3080 4120 Λόγου
3133 4051 3450 4119 γεννήτωρ,
3503 4043 3595 4137 καὶ
3636 4035 3718 4137 διὰ

2140 4159 2316 4223 Λόγου
2345 4151 2646 4224 προὸολεὺς
2680 4143 3086 4216 ὲκφαντορικοῦ
3115 4141 3464 4210 ΙΙνεύματος.
3507 4135 3568 4190 Οἱ
3597 4135 3719 4224 γοῦν

2141 4223 2410 4316 λέγοντες,
2441 4245 2522 4296 ὅτι
2557 4243 2616 4310 ἡ.
2671 4241 2769 4294 διὰ
2804 4281 2818 4303 ,
2854 4236 3112 4309 πρόθεσις
3168 4235 3296 4285 ἀντὶ
3360 4231 3460 4300 τῆς
3487 4269 3503 4293 ,
3538 4223 3718 4294 μετὰ.

2146 4343 2466 4412 προθέσεως
2502 4339 2868 4406 λαμῦάνεται,
2921 4333 3016 4386 καὶ
3065 4330 3186 4399 τῆς,
3247 4326 3402 4391 σὺν,
3437 4321 3725 4412 νοείτωσαν

2145 4410 2243 4488 καὶ
2298 4433 2610 4501 λεγέτωσαν
2669 4429 2766 4481 καὶ
2809 4423 3068 4489 ἐνταῦθα,
3120 4423 3205 4475 ὅτι
3249 4421 3282 4472 ὁ
3315 4417 3446 4480 νοῦς
3489 4415 3518 4466 ὁ
3558 4410 3724 4477 Λόγου

2147 4529 2223 4580 ὢν
2256 4526 2513 4588 ἄϐυσσος,
2559 4523 2586 4573 ὁ
2622 4521 2800 4587 Λόγου
2858 4517 3144 4586 γεννήτωρ
3195 4513 3344 4583 μετὰ
3397 4507 3497 4564 τοῦ
3559 4502 3726 4568 Λόγου

458 4600 784 4669 dargnetur.
815 4599 932 4655 Non
972 4603 1116 4656 enim
1154 4604 1356 4658 frustra
1394 4615 1644 4665 sanctus,
1674 4605 1764 4658 ubi
1792 4620 2028 4674 negasse

2152 4618 2446 4690 προϐάλλει
2483 4616 2543 4668 τὸ
2586 4614 2811 4683 Πνεῦμα
2836 4653 2850 4676 ,
2895 4610 2929 4682 ἦ
2967 4610 3064 4662 σὺν
3101 4606 3179 4677 τῷ
3214 4606 3382 4674 Λόγῳ
3415 4596 3728 4672 προϐάλλει.

460 4693 909 4764 praepositionem
971 4709 1058 4756 ex,
1093 4694 1278 4748 intniit
1311 4711 1441 4762 per;
1474 4695 1573 4751 sed
1617 4696 1688 4750 ob
1728 4696 2042 4764 praedictam

461 4801 715 4850 causam,
758 4787 824 4840 ad
863 4785 1232 4842 refellendum
1263 4788 1475 4844 scilicet
1511 4788 1837 4843 Eunomium
1880 4799 1934 4844 et
1962 4805 2048 4846 see

462 4893 693 4948 (places.
732 4877 829 4948 qui
883 4877 1148 4948 Spiritum
1201 4896 1268 4934 ex
1323 4881 1442 4934 solo
1493 4881 1630 4936 Filio
1683 4881 2044 4936 affirmabant.

464 4969 626 5025 Novit
652 4970 799 5027 enim
825 4972 944 5040 ipse
983 4969 1252 5041 Spiritum
1287 4983 1539 5027 sanctum
1573 4973 1955 5041 procedentem
1979 4989 2044 5048 ett

463 5067 629 5120 Patre
663 5082 760 5136 per
791 5067 1026 5134 Filium;
1059 5075 1226 5136 atque
1258 5068 1330 5120 ita
1357 5067 1424 5122 de
1448 5083 1513 5123 eo
1546 5069 1784 5134 disserit,
1811 5079 1870 5122 ut
1899 5077 2050 5138 patet

465 5174 533 5213 ex
561 5152 713 5214 'lncis
736 5159 848 5227 jam
882 5159 1090 5222 citatis,
1142 5169 1197 5213 et
1232 5176 1296 5214 ex
1335 5159 1577 5230 hymnis,
1611 5177 1750 5229 quos
1785 5162 1898 5228 ipse
1936 5161 2042 5214 Do-

467 5251 620 5306 mino
651 5235 836 5307 canit:
861 5252 1190 5318 Pr0pitium,
1217 5251 1415 5320 inquit,
1447 5253 1647 5322 largire
1681 5253 1839 5306 nobis
1871 5253 2048 5321 Spiri-

468 5352 585 5397 tum
641 5359 671 5398 a
703 5360 813 5414 quo
869 5344 1090 5400 bonitas
1138 5355 1380 5409 emanat,
1419 5353 1473 5399 et
1509 5361 1569 5399 ex
1629 5345 1790 5401 Patre
1844 5361 1942 5416 per
1999 5355 2049 5400 te

468 5438 884 5507 procedentem.
944 5438 1018 5492 Ita
1065 5438 1226 5508 plane
1260 5454 1359 5493 nos
1412 5453 1633 5507 quoque
1697 5438 1935 5493 fatemur
1992 5448 2052 5492 ut

470 5530 716 5600 Spiritus
772 5547 836 5585 ex
894 5532 1035 5587 Filio
1099 5547 1449 5602 nequaquam
1496 5529 1900 5601 principaliter,
1953 5532 2050 5586 scd

468 5624 635 5678 etiam
663 5641 728 5678 ex
766 5625 884 5693 ipso
931 5627 1171 5680 dicatur.
1213 5625 1520 5680 Fatendum
1557 5628 1760 5697 quippe
1807 5634 1913 5690 est,
1953 5641 2050 5694 pa-

471 5725 687 5769 tcruam
716 5717 1055 5788 liypostasim
1085 5710 1209 5774 esse
1232 5719 1565 5788 principium
1593 5731 1640 5774 et
1675 5735 1898 5774 causam
1924 5718 2048 5773 Ριιίἰ

467 5817 524 5859 ιιι
557 5807 828 5877 Spiritus;
876 5808 1076 5863 Filium
1125 5827 1258 5865 vero
1313 5811 1670 5879 primordiale
1721 5811 2049 5880 principipm

471 5898 902 5974 haudquaquam
954 5901 1290 5974 fatebimur,
1347 5919 1446 5960 nec
1506 5903 1751 5960 dicemus
1783 5905 2046 5973 Spiritum

2163 4713 2304 4767 Ἀλλ’
2345 4712 2405 4765 ού
2433 4711 2782 4779 θελήσουσιν,
2817 4698 3093 4772 ὡςόἷμαυ
3125 4701 3221 4754 καὶ
3263 4696 3524 4752 ἐντεῦθεν
3555 4693 3588 4760 ἡ
3637 4703 3732 4779 μη-

2152 4804 2292 4876 χανὴ
2319 4804 2421 4872 τῆς
2453 4777 2888 4870 παρεξηγήσεως
2915 4792 3336 4863 ἐλεγχθήσεται.
3378 4789 3457 4840 Οὐ
3487 4784 3593 4852 γὰρ
3624 4777 3732 4876 ,μά-

2153 4873 2308 4967 έηνό
2349 4895 2534 4962 ἅγιος,
2579 4893 2709 4945 ὅταν
2739 4889 2860 4959 τὴν,
2896 4888 2986 4951 ἐκ,
3022 4885 3287 4956 πρόθεσιν
3323 4879 3586 4951 ἀρνῆται,
3620 4873 3738 4967 ἐπο-

2157 4962 2332 5056 μένως
2365 4986 2489 5056 τὴν,
2515 4982 2636 5046 διὰ,
2670 4982 2958 5050 ἐπιφέρει,
2994 4977 3132 5030 ἀλλὰ
3155 4975 3246 5027 διὰ
3269 4975 3374 5042 τὴν
3405 4962 3740 5056 προειρημέ-

2153 5053 2252 5147 νην
2279 5053 2460 5129 αἰτίαν
2510 5075 2604 5128 καὶ
2637 5075 2730 5125 τὸν
2782 5071 3048 5137 Εὐνόμιον
3103 5068 3199 5120 καὶ
3253 5064 3386 5125 τοὺς
3425 5057 3546 5113 κατ’
3585 5053 3739 5110 αὑτὸν

2155 5168 2470 5228 ἀποσοϐῶν,
2500 5167 2564 5217 ἐκ
2603 5163 2767 5232 μόνου
2807 5160 2904 5213 τοῦ
2937 5157 3066 5211 Υἱοῦ
3093 5156 3154 5208 τὸ
3191 5153 3430 5222 Πνεῦμα
3462 5150 3737 5216 λέγοντας⁹

2154 5257 2263 5312 οἶδε
2311 5260 2418 5326 γὰρ
2455 5257 2612 5319 οὗτος
2668 5257 2732 5308 ὲκ
2783 5253 2996 5322 Πατρὶς
3025 5249 3092 5302 δι’
3130 5248 3262 5301 Υἱοῦ
3301 5241 3741 5309 ἐκπορευόμενον

2156 5352 2220 5404 τὸ
2255 5351 2484 5416 Πνεῦμα
2513 5350 2574 5400 τὸ
2602 5348 2779 5415 ἆγιον·
2815 5347 2910 5397 καὶ
2941 5341 3088 5396 οὕτω
3130 5339 3397 5424 θεολιογεῐ·
3450 5335 3610 5418 δῆλον
3643 5328 3745 5424 γᾴρ

2157 5441 2221 5492 ἐκ
2255 5440 2365 5492 τῶν
2397 5437 2839 5508 προειρημένων,
2875 5435 2970 5500 καὶ
3025 5435 3084 5485 ἐν
3128 5424 3210 5494 οἷς
3247 5420 3397 5496 πρὸς
3449 5428 3654 5493 Κύριον
3692 5420 3747 5470 ὲν

2160 5533 2349 5602 ὕμνοις
2377 5531 2571 5600 ψάλλει
2602 5549 2614 5562 '
2648 5531 2842 5584 Ἵλεων
2892 5529 3078 5594 νέμοις
3123 5526 3257 5596 ἡμῖν
3300 5521 3543 5588 Πνεῦμα
3585 5531 3750 5586 μετα·-

2157 5626 2369 5678 δοτικὸν
2403 5623 2743 5693 ἀγαθότητος
2769 5664 2784 5686 ,
2827 5622 2892 5673 ἐκ
2923 5619 3139 5690 Πατρὸ;
3195 5616 3285 5669 διὰ
3345 5613 3447 5667 σοῦ
3481 5606 3747 5683 προερχό-

2160 5735 2347 5787 μενον.
2388 5717 2547 5769 Οὕτω
2605 5717 2702 5768 καὶ
2752 5716 2914 5786 ἡμεῖς
2951 5709 3360 5782 ὁμολογοῦμεν,
3417 5707 3496 5770 ὡς
3553 5705 3654 5757 οὐκ
3686 5701 3749 5752 ἂν
3831 5759 3838 5763 _

2159 5813 2223 5863 ἐκ
2255 5809 2348 5862 τοῦ
2382 5810 2513 5862 Υἱοῦ
2565 5808 3003 5878 προηγουμένως
3039 5804 3257 5875 λεχθείη
3285 5801 3353 5853 τὸ
3400 5797 3636 5863 Πνεῦμα
3688 5791 3746 5843 τὸ

2162 5906 2338 5974 ἇγιον,
2376 5904 2508 5957 ἀλλὰ
2541 5905 2634 5956 καὶ
2697 5905 2760 5955 ἐκ
2801 5899 2890 5955 τοῦ
2932 5897 3062 5953 Υῐοῦ
3088 5914 3110 5930 ’δ
3149 5895 3328 5968 χρῖὼν
3403 5895 3514 5965 γὰρ
3563 5893 3748 5958 ὁμοίην
