4102 6416
452 395 548 460 l'l

1345 395 1719 458 GREGORli
1766 383 2063 458 unum:
2104 395 2210 458 CP.
2257 379 2766 458 minuscum
3609 379 3707 458 ιῗέ

447 513 768 566 hommusion
793 524 919 565 vero
945 524 1056 564 rem
1090 509 1510 567 assimulatione
1535 528 1640 567 non
1678 510 2023 575 dissimilem,

2141 509 2347 579 Ὅμοια
2402 509 2575 564 ἐστίν
2617 511 2656 578 ἠ
2703 513 2996 576 ,βασιλεία
3043 497 3159 565 τῶν
3209 509 3485 578 οὐρανῶν
3509 511 3706 573 κόκκῳ

446 606 608 674 quale
630 615 710 659 est
750 603 880 658 illud
913 620 929 662 :
969 602 1151 658 Simile
1197 615 1272 658 est
1301 621 1518 676 regnum
1569 607 1820 661 calorum
1852 619 2022 676 grano

447 689 646 764 sinapis
707 698 794 761 ”;
833 705 888 751 et
947 694 1126 750 illud:
1201 695 1346 750 Cum.
1395 697 1635 752 Christus
1692 697 2019 764 apparuerit,

447 789 648 842 similes
675 789 722 842 ei
746 789 944 842 erimus
980 790 1096 852 ¹⁹⁶;
1140 789 1253 842 hac
1277 789 1420 843 enim
1460 805 1567 844 non
1605 789 1848 844 indicant
1871 789 2025 845 simio

2122 600 2429 666 σινάπεως
2456 617 2471 631 ·
2527 601 2664 656 καίο
2733 602 2912 656 Ὅταν
2975 606 3009 657 ό
3067 604 3322 668 Χριστὸς
3366 601 3701 670 φανερωθῇ.

2125 693 2314 762 ὅμοιοι
2338 691 2499 756 αὐτῷ
2533 693 2795 763 ἐσόμεθα
2825 709 2840 724 °
2873 695 2934 746 οὐ
2974 695 3041 764 τῇ
3077 693 3238 764 οὐσίᾳ
3267 693 3436 762 δηλοῖ.
3485 693 3611 744 Ἐπὶ
3649 693 3704 745 δὲ

2123 782 2217 837 τοῦ
2263 783 2397 836 Υίοῦ
2445 781 2542 836 τοῦ
2592 783 2730 836 Θεοῦ
2782 783 2874 836 τοῦ
2930 785 3181 856 Σωτῆρος
3241 783 3400 850 ἡμῶν
3463 782 3562 852 οὐχ
3613 782 3705 835 οὐσ

450 879 738 934 litudinem
763 878 1133 933 essentialem.
1167 879 1232 932 At
1265 893 1393 932 vero
1422 879 1474 932 in
1521 878 1613 934 Dei
1649 878 1786 933 Filio
1835 878 2022 931 Salva-

2128 893 2252 941 τως,
2285 876 2400 929 ἀλλ’
2457 876 2743 946 όμοούσιον
2793 876 3063 944 ἔγνωμεν,
3100 875 3266 930 αὐτοῦ
3314 874 3410 928 τοῦ
3463 874 3702 945 Χριστοῦ

449 982 566 1025 tore
617 981 807 1023 uosno
844 983 950 1022 non
984 971 1081 1030 ita,
1113 971 1206 1023 sed
1261 971 1785 1025 consubstantialem
1841 971 2017 1038 ipsum

448 1065 727 1127 IlHVllllllS,
778 1062 1057 1117 Christum
1131 1062 1308 1130 ipsum
1365 1063 1652 1119 audientes
1705 1045 2019 1117 dicentem:

446 1156 560 1224 Ego
592 1167 636 1208 et
677 1155 839 1209 Pater
867 1171 1024 1207 unum
1059 1171 1240 1209 sumus
1286 1156 1350 1209 ³⁸.
1382 1153 1483 1230 Ubi
1515 1171 1607 1223 per
1651 1155 1805 1214 illud.
1833 1170 2018 1212 unum.

449 1247 788 1300 identitatem
817 1248 1071 1303 essentia:
1098 1263 1220 1300 cum
1249 1247 1675 1300 invariabilitate
1701 1247 2020 1308 declaravit;

413 1410 420 1413 ν
448 1355 546 1408 per
576 1342 705 1393 illud
735 1350 937 1404 autem,
974 1351 1182 1405 sumus,
1219 1340 1357 1396 duas
1380 1339 1656 1408 expressit
1681 1338 2020 1409 liypostases.

447 1431 714 1486 Caeterum
764 1432 974 1494 Ariani,
1023 1431 1151 1501 quia
1193 1447 1300 1486 non
1339 1431 1638 1486 credebant
1684 1429 1776 1484 Dci
1809 1429 1924 1484 veri
1969 1437 2023 1483 et

448 1523 627 1578 Patris
667 1523 861 1577 Filium
891 1523 1138 1578 eamdem
1186 1539 1350 1593 quam
1385 1533 1440 1578 et
1467 1523 1626 1578 Pater
1658 1523 1859 1576 habere
1891 1521 2024 1575 διώσ-

445 1616 728 1678 stantiam,
768 1621 979 1668 remota
1004 1626 1234 1684 prorsus
1251 1613 1403 1666 omni
1431 1611 1755 1677 variatione,
1789 1624 2022 1679 esseque

446 1704 527 1758 illi
569 1704 854 1773 aequalem,
899 1703 942 1755 si
997 1701 1408 1771 generationem
1441 1700 1710 1768 excipias,
1739 1705 2022 1752 mutarunt

447 1795 773 1850 liomousiou
801 1796 856 1848 in
893 1793 1238 1848 llOllNBllSlOﬂ
1267 1810 1280 1847 :
1313 1793 1474 1860 idque
1500 1791 1734 1844 medium
1766 1788 2023 1842 nomina-

447 1889 606 1952 liaut,
631 1895 686 1940 et
718 1883 1148 1956 simplicioribus
1193 1883 1567 1953 imponebant.
1605 1881 1719 1934 Hoc
1753 1879 1806 1932 iu
1840 1895 1941 1933 nos
1966 1867 2022 1933 εὶ
2055 1863 2095 1917 θ

404 2025 406 2029 μ
447 1980 673 2035 Latinos
700 1977 973 2048 quomodo
1002 1975 1312 2046 quadrabit,
1355 1973 1447 2042 qui
1496 1972 1707 2026 Patrem
1742 1979 1794 2024 ct
1823 1970 2019 2023 Filium

445 2083 501 2126 et
527 2072 789 2140 Spiritum
806 2075 1057 2121 sanctum
1080 2082 1246 2120 unum
1272 2067 1436 2120 Deum
1459 2067 1658 2134 pariti-r
1681 2068 1947 2126 fatemur;
1970 2070 2020 2115 et

447 2162 713 2234 quidquid
759 2171 845 2216 est
891 2161 1051 2216 Pater
1106 2169 1158 2213 et
1203 2159 1397 2219 Filius.
1459 2160 1707 2212 ωδε-δερ
1757 2156 2026 2226 Spiritum

447 2265 717 2317 sanctum,
759 2253 872 2307 sive
905 2251 1189 2314 virtutem,
1244 2250 1359 2305 sive
1414 2249 1786 2318 principatum
1847 2245 2024 2307 dicas.

446 2347 561 2402 sive
588 2351 914 2416 potestatem
948 2353 1004 2398 et
1028 2342 1311 2407 deitatem,
1345 2341 1780 2411 proprietatibus
1824 2338 2023 2392 iinmoo

446 2440 518 2495 tis
541 2433 940 2492 manentibus?

1105 2521 1352 2576 EPllES.

514 2618 654 2686 Quid
683 2624 811 2688 ergo
846 2618 1090 2672 futurum
1117 2625 1200 2670 est
1230 2614 1422 2668 mediis
1455 2613 1602 2666 hisce
1621 2610 2026 2675 ercolatiuis,

445 2716 536 2780 qui
571 2712 807 2765 medium
851 2711 1271 2779 amplcctcntes,
1310 2722 1374 2761 ex
1402 2706 1726 2761 Latinorum
1762 2703 2028 2757 institutis

445 2814 498 2858 et
542 2803 894 2872 dogmatibus
943 2799 1190 2870 quu‘datn
1235 2809 1420 2867 aperte
1467 2797 1812 2866 approbant;
1849 2795 2028 2864 aliqua

443 2910 576 2950 vero
634 2893 867 2964 probant
893 2891 1134 2959 quidem,
1170 2890 1262 2943 sed
1294 2889 1396 2958 ipsi
1434 2901 1784 2958 nequaquam
1820 2887 2028 2957 ample-

445 2985 638 3040 ctenda
684 2983 987 3046 duxerint,
1041 2981 1148 3035 alia
1199 2994 1330 3034 vero
1377 2995 1444 3034 ne
1483 2979 1718 3048 probant
1765 2975 2032 3046 quidem?

447 3073 730 3129 Devitandi
767 3081 894 3130 sunt
922 3088 1029 3128 non
1055 3085 1218 3126 secus
1248 3079 1412 3140 atque
1437 3068 1648 3123 colubri
1675 3085 1691 3134 ;
1729 3083 1835 3122 non
1869 3081 2032 3121 secus

2124 967 2415 1028 ἀκούοντες
2447 969 2698 1036 λέγοντος
2725 983 2739 998 °
2795 969 2944 1038 Ἐγὼ
2971 969 3068 1022 καὶ
3097 971 3132 1023 ὁ
3160 967 3360 1035 Πατὴρ
3387 968 3457 1022 ἓν
3481 969 3668 1036 ἐσμεν
3686 985 3704 1003 σ

2123 1057 2211 1111 διὰ
2260 1057 2381 1123 τοῦ,
2413 1058 2504 1122 ἐν,
2533 1058 2594 1110 τὸ
2646 1061 2842 1112 ταυτὸν
2891 1061 2988 1129 τῆς
3036 1060 3228 1119 οὐσίας
3279 1060 3565 1129 ἐμφαίνων
3608 1055 3705 1113 κοιλ⁸

2123 1149 2582 1219 ἀπαράλλακτον*
2613 1150 2701 1202 διὰ
2733 1150 2789 1202 δὲ
2821 1149 2938 1214 τοῦ,
2963 1151 3176 1226 ἐσμὲν,
3207 1151 3306 1214 τὰς
3339 1151 3432 1203 δύο
3464 1143 3678 1204 ὑποστᾶ

2125 1257 2239 1298 σεις
2267 1240 2463 1308 δηλῶν.
2512 1241 2677 1294 Ὅθεν
2708 1241 2759 1292 οί
2791 1243 2918 1310 περὶ
2948 1243 3039 1295 τδν
3081 1245 3303 1313 Ἀρειον
3334 1241 3408 1311 μὴ
3444 1240 3708 1311 φρονοῦν-

2123 1349 2214 1392 τες
2273 1333 2366 1384 τον
2403 1331 2528 1385 Υίδν
2561 1332 2654 1386 τοῦ
2709 1332 2966 1402 ἀληθινοῦ
3015 1333 3157 1387 Θεοῦ
3212 1334 3306 1386 καὶ
3343 1333 3557 1405 Πατρὸς
3605 1334 3710 1402 τῆς

2123 1423 2296 1491 αὐτῆς
2329 1424 2520 1487 οὐσίας
2568 1424 2712 1478 κιτά
2769 1425 2947 1478 πάντα
2978 1426 3427 1496 ἀπαράλλακτον,
3459 1429 3556 1481 καὶ
3591 1426 3709 1478 ἴσον

2123 1515 2203 1585 τῷ
2243 1517 2422 1584 Πατρὶ
2470 1515 2610 1586 πλὴν
2641 1515 2736 1569 τοῦ
2770 1517 2992 1587 γεννᾷν,
3021 1516 3348 1586 ἀμείϐοντες
3396 1517 3455 1569 τὸ
3505 1517 3706 1586 ὁμὴού·

2127 1602 2264 1675 σιον,
2303 1612 2365 1662 τὸ
2387 1608 2695 1678 ὁμοιούσιον
2721 1608 2996 1672 ἐτίθεσαν,
3029 1610 3124 1662 καὶ
3160 1611 3444 1678 μεσότητα
3481 1609 3703 1673 ὠνόμα-

2125 1699 2217 1765 ζον
2264 1701 2584 1764 ἀπατῶντες
2615 1703 2740 1764 τοὺς
2791 1701 3213 1772 ἀφελεστέρους.
3245 1700 3368 1765 Πῶς
3401 1703 3706 1771 ἐφαρμόζει

2125 1793 2282 1847 τοῦτο
2325 1793 2412 1862 ἐφ’
2460 1793 2620 1862 ἡμῶν
2672 1809 2731 1845 τε
2789 1797 2884 1845 καὶ
2941 1794 3210 1857 Λατίνων,
3266 1795 3461 1856 οἵτινες
3515 1793 3708 1856 κοινῶς

2124 1884 2498 1954 ἱμολογοῦμεν
2535 1885 2624 1938 τδν
2679 1886 2896 1955 Πατέρα
2927 1885 3022 1938 καὶ
3051 1884 3142 1936 τὸν
3174 1877 3301 1937 Tim
3335 1887 3430 1939 καὶ
3458 1887 3515 1936 ti;
3549 1885 3708 1951 ἅγιον

2127 1979 2351 2046 Πνεῦμα
2403 1977 2501 2030 ἕνα
2545 1979 2712 2031 Θεόν·
2750 1980 2846 2030 καὶ
2877 1978 3062 2030 πάντα
3097 1977 3198 2030 ὅσα
3230 1978 3256 2030 δ
3291 1969 3498 2047 Πατὴρ.
3531 1976 3707 2030 ταῦτα

2127 2075 2217 2124 καὶ
2241 2071 2270 2124 ὂ
2300 2069 2426 2132 Υἱός
2453 2085 2469 2101 ο
2504 2069 2600 2121 καὶ
2627 2070 2727 2122 ὅσα
2757 2071 2784 2122 ὁ
2815 2067 3004 2138 Πατὴρ
3037 2071 3134 2121 καὶ
3167 2068 3194 2120 ό
3225 2067 3372 2132 Υἱὸς,
3410 2067 3585 2120 ταῦτα
3614 2067 3710 2119 καὶ

2123 2163 2184 2214 τὸ
2214 2162 2438 2232 Πνεῦμα
2466 2163 2526 2214 τὸ
2552 2161 2710 2230 ἆγιον
2737 2161 2794 2214 ἐν
2832 2177 2890 2213 τε
2918 2159 3145 2230 δυνάμει
3179 2161 3272 2212 καὶ
3297 2161 3584 2228 κυριότητι
3613 2161 3712 2212 καὶ

2127 2252 2347 2324 ἐξουσίᾳ
2407 2253 2520 2308 καὶ·
2557 2253 2797 2321 θεότητι,
2857 2249 3214 2322 τηρουμένων
3267 2251 3372 2302 τῶν
3432 2249 3712 2318 ίδιοτήτων

2126 2344 2432 2416 ἀκινήτων;

2824 2529 3014 2581 eam.

2219 2618 2379 2672 Ἀλλὰ
2409 2617 2489 2674 τί.
2521 2617 2674 2686 φησὶδ
2708 2618 2980 2686 δράσομεν
3011 2617 3148 2686 πρδς
3184 2621 3307 2680 τοὺς
3347 2617 3546 2685 μέσους
3588 2617 3710 2670 τοῦδ

2131 2729 2256 2771 τους
2296 2711 2770 2781 Γραικολατίνους,
2796 2711 2846 2764 οἶ
2876 2710 2972 2780 τὴν
3013 2710 3288 2781 μεσότητα
3322 2713 3708 2779 περιέποντες.

2130 2803 2198 2856 τὰ
2227 2801 2327 2872 μὲν
2361 2799 2645 2854 ἐπαινοῦσι
2669 2801 2780 2854 τῶν
2802 2801 3108 2854 Λατινικῶν
3138 2801 3277 2854 ἐθῶν
3301 2803 3394 2854 καὶ
3421 2802 3713 2872 δογμάτων

2133 2892 2482 2962 ἀναφανδὸν,
2532 2895 2600 2946 τά
2658 2891 2704 2946 δ’
2776 2891 3057 2946 ἐπαινοῦσι
3126 2892 3246 2962 μὲν,
3296 2893 3410 2946 ἀλλ’
3478 2895 3580 2946 οὐκ
3643 2894 3713 2946 ἂν

2132 2987 2336 3039 ἕλοιντο
2362 3025 2376 3048 ,
2411 2986 2478 3037 τὰ
2511 2984 2557 3038 δ’
2599 2983 2710 3038 οὐδ’
2757 2983 3072 3038 ἐπαινοῦσιν
3107 2984 3278 3050 ὃλιυςς
3308 2985 3576 3037 Φευκτέον
3607 2979 3676 3037 σύ
3697 3015 3711 3027 ο

2133 3079 2280 3141 τούς,
2307 3077 2379 3139 ὡς
2411 3075 2602 3146 ᾳεύγει
2634 3093 2715 3140 τις
2741 3076 2850 3131 ἀπὸ
2874 3076 3050 3144 ὄφεως
3079 3091 3093 3106 ⁸
3117 3075 3193 3138 ὡς
3215 3075 3412 3138 αὐτοὺς
3443 3074 3716 3142 ἐκείνους,

447 3176 608 3236 atque
637 3166 737 3232 illi,
774 3171 896 3219 eum
929 3164 1039 3219 sint
1061 3163 1222 3217 etiam
1249 3162 1573 3230 deteriores,-
1600 3161 1690 3230 qui
1730 3160 2016 3213 Christum

2135 3170 2167 3240 ἢ
2211 3168 2480 3222 κάκείνων
2516 3165 2700 3236 πολλῷ
2731 3166 2902 3236 δήπου
2949 3165 3204 3236 χείρονας
3252 3165 3378 3228 τούς
3407 3163 3720 3234 Χριστοκα-

447 3267 850 3327 cauponantur,
893 3255 1208 3324 habentque
1257 3253 1408 3306 illum
1458 3252 1690 3321 quaestui
1731 3267 1746 3305 :
1784 3250 1855 3304 Ili
1888 3251 2028 3304 enim

453 3361 602 3412 sunt,
645 3357 700 3400 ut
735 3348 913 3416 inquit
951 3346 1272 3416 Apostolus,
1305 3344 1394 3414 qui
1417 3344 1721 3397 existimant
1768 3351 2029 3411 quaestum

445 3457 561 3494 esse
587 3441 879 3508 pietatem;
910 3438 979 3494 de
1005 3437 1209 3507 quibus
1257 3437 1374 3506 ipse
1415 3435 1703 3504 subiungit
1753 3451 1766 3487 :
1825 3432 2031 3502 Hujus-

445 3532 589 3586 modi
621 3531 854 3600 homines
883 3529 1056 3584 devita
1093 3527 1176 3595 ³¹;
1211 3543 1322 3582 non
1373 3525 1520 3581 enim
1578 3536 1636 3580 ut
1699 3525 2027 3588 addiscant,

446 3627 539 3680 sed
571 3635 629 3679 ut
652 3625 756 3680 sibi
791 3621 1002 3692 aliquid
1036 3621 1334 3685 asciscant,
1363 3619 1429 3674 ad
1469 3619 1595 3674 illos
1637 3617 2027 3688 transfugiunt.

449 3718 581 3784 Quae
615 3732 744 3770 vero
775 3714 1016 3769 societas
1045 3713 1152 3767 luci
1188 3712 1251 3765 ail
1302 3711 1555 3766 tenebras
1585 3742 1600 3776 ,
1632 3721 1722 3762 aut
1751 3723 1873 3778 quae
1902 3723 2031 3761 con-

447 3807 631 3863 ventio
667 3806 870 3863 Christi
900 3804 967 3860 ad
1001 3803 1212 3860 Belial?
1264 3803 1329 3858 Et
1383 3818 1501 3873 qua:
1550 3815 1678 3872 pars
1723 3801 1865 3856 lideli
1903 3813 2028 3855 cum

447 3898 696 3956 inlldeli?

1138 3988 1340 4045 RESP.

516 4083 597 4138 Ad
629 4082 744 4139 base
770 4082 916 4137 nulla
944 4081 1306 4151 responsione
1333 4088 1416 4136 est
1447 4094 1619 4149 opus;
1659 4077 2025 4135 contumelias

445 4175 592 4230 enim
618 4175 670 4229 in
692 4174 942 4246 nosjacit
977 4173 1056 4228 ira
1091 4174 1342 4243 percitus
1373 4186 1437 4226 ac
1467 4171 1858 4226 inﬂammatus.
1885 4168 2030 4223 Bene

443 4283 576 4337 ergo
603 4265 775 4330 dicat,
805 4280 1005 4331 necne,
1081 4266 1472 4336 responsiones
1507 4279 1644 4334 quas
1671 4265 1928 4318 dedimus
1975 4270 2031 4316 et

445 4357 629 4410 daturi
663 4373 875 4426 sumus,
911 4357 1238 4419 ostendunt,
1290 4366 1343 4412 et
1383 4356 1592 4426 patebit
1643 4355 1748 4409 hoc
1780 4353 2027 4410 cordatis

449 4446 786 4502 hominibus.

1122 4536 1363 4592 EPHES.

519 4625 800 4696 Siquidem
830 4642 930 4682 nos
955 4643 1078 4682 cum
1120 4629 1458 4682 Damasceno
1499 4633 1554 4682 et
1601 4626 1818 4682 cunctis
1850 4624 2028 4679 Patri-

447 4717 570 4782 bus,
601 4733 665 4772 ex
695 4716 832 4773 Filio
871 4733 1005 4774 vero
1031 4717 1294 4788 Spiritum
1345 4733 1456 4770 non
1493 4716 1726 4771 dicimus
1758 4735 1772 4770 :
1805 4717 1896 4772 isti
1933 4731 2030 4770 ου·

448 4817 554 4861 tem
589 4821 712 4863 cum
745 4805 956 4864 Latinis
984 4823 1051 4863 ex
1089 4805 1228 4863 Filio
1261 4807 1527 4876 Spiritum
1574 4805 1784 4862 dicunt.

1131 4986 1333 5041 RESP.

423 5059 430 5066 ’
511 5075 623 5134 Nos
645 5093 864 5149 quoque
885 5094 1011 5133 eum
1041 5085 1232 5134 sancto
1259 5079 1598 5136 Daiuasceno
1620 5079 1886 5152 Spiritum
1914 5098 2022 5136 non

443 5168 680 5224 dicimus
704 5185 770 5225 ex
804 5168 966 5235 Filio,
993 5169 1088 5224 sed
1116 5170 1284 5224 etiam
1315 5186 1378 5225 ex
1417 5170 1588 5234 Filio;
1627 5187 1750 5226 nam
1781 5173 2020 5242 conjun-

444 5262 556 5314 ctio
588 5260 900 5330 copulativa
931 5260 1138 5330 optime
1167 5261 1371 5314 iudicat
1396 5260 1664 5331 Spiritum
1695 5271 1748 5316 ct
1770 5279 1834 5318 ex
1863 5263 2020 5320 Patre

441 5367 492 5407 et
524 5369 587 5407 ex
617 5351 782 5407 Filio.
820 5353 1006 5408 Dicere
1051 5361 1234 5407 autem
1269 5355 1517 5409 absolute
1543 5353 1808 5425 Spiritum
1841 5372 1906 5411 ex
1933 5357 2021 5411 Fi~

443 5443 539 5506 lio,
570 5444 796 5498 denotat
831 5443 1029 5499 Filium
1064 5460 1190 5500 esse
1221 5461 1445 5500 causam
1483 5448 1865 5517 originariam,
1900 5465 2024 5519 qua:

442 5545 560 5588 erat
586 5535 844 5590 Eunomii
875 5545 931 5591 et
957 5537 1273 5606 sequacium
1305 5539 1422 5608 ejus
1447 5542 1737 5593 sententia.
1763 5539 1874 5596 Nos
1899 5557 2028 5596 vero

444 5640 569 5679 cum
605 5624 946 5683 Damasceno
995 5637 1050 5684 et
1099 5629 1371 5683 univers‘s
1409 5629 1665 5686 Pati-ibus
1695 5631 1806 5686 dici
1835 5650 1936 5689 uus
1970 5641 2025 5687 et

533 5801 578 5833 "
599 5802 799 5861 Matth.
834 5821 948 5864 xm.
983 5808 1072 5863 51.
1201 5809 1265 5840 ’⁵⁸
1297 5807 1314 5860 l
1357 5807 1512 5864 Joan.
1541 5825 1626 5876 Ill,
1648 5811 1701 5866 9..

2064 4537 2112 4592 D

1799 5814 1842 5846 ³⁰
1859 5812 2010 5868 Joan.
2040 5830 2091 5882 it,
2116 5816 2204 5872 30.

2134 3264 2339 3333 πήλους
2367 3263 2462 3315 καὶ
2497 3260 2979 3331 Χριστεμπόρους.
3027 3254 3201 3314 Οὗτοι
3250 3256 3358 3327 γάρ
3390 3263 3534 3323 εισι,
3569 3263 3714 3312 κατὰ

2131 3355 2220 3407 τὸν
2249 3356 2396 3408 θετον
2437 3353 2782 3419 Ἀπόστολον,
2815 3355 2871 3407 οι
2899 3351 3202 3420 πορισμὸν
3238 3350 3564 3419 ἡγούμενοι
3595 3350 3720 3417 τὴν

2131 3444 2452 3499 εὐσέϐειαν
2476 3461 2489 3475 ⁸
2530 3444 2659 3514 περὶ
2687 3437 2761 3498 ὧν
2779 3444 2973 3513 ἐπάγει
3004 3444 3177 3511 λέγων
3196 3458 3210 3472 ο
3243 3441 3564 3510 Ἆφίστιισο
3596 3442 3719 3496 ἀπὸ

2130 3536 2252 3590 τῶν
2287 3539 2607 3592 τοιούτων-ο
2652 3538 2711 3590 οὐ
2763 3537 2872 3606 γὰρ
2920 3538 3008 3590 ἵνα
3055 3537 3324 3606 μάθωσιν,
3359 3534 3474 3590 ἀλλ’
3507 3533 3596 3588 ἵνα
3624 3534 3720 3587 λά·-

2132 3628 2268 3683 6ωσι
2317 3629 2452 3699 πρὸς
2508 3630 2751 3690 ἑκείνους
2786 3627 3169 3699 αὐτομολοῦσι.
3202 3629 3339 3682 Ποία
3367 3627 3425 3682 δὲ
3455 3628 3718 3681 κοινωνία

2131 3721 2273 3788 φωτὶ
2304 3722 2440 3790 πρὸς
2481 3721 2670 3783 σκότος
2692 3759 2709 3784 ,
2737 3720 2770 3790 ἢ
2805 3721 3162 3790 συμφώνησις
3193 3718 3414 3790 Χριστῷ
3447 3718 3582 3789 πρὸς
3614 3717 3720 3769 δε.

2130 3812 2255 3883 λίαρ
2281 3829 2298 3881 ς
2325 3814 2395 3867 Ἦ
2419 3813 2502 3877 τίς
2537 3814 2693 3884 μερὶς
2724 3813 2897 3883 πιπτῷ
2923 3814 3062 3881 μετά
3089 3813 3360 3876 ἀπίστουῖ

2818 3998 3025 4053 ΑΠΟΛ.

2217 4089 2482 4144 Ἐνταῦθα
2524 4089 2754 4159 οὐδεμία
2807 4091 3108 4156 ἀπολογίας
3149 4091 3338 4162 χρεία·
3377 4089 3567 4160 ὕϐρεις
3604 4089 3716 4160 γὰρ

2131 4182 2258 4236 καθ’
2297 4181 2458 4252 ἡμῶν
2489 4181 2761 4252 προφέρει
2798 4181 3142 4251 θυμούμενος
3181 4183 3385 4253 μᾶλλον
3431 4182 3526 4234 καὶ
3565 4181 3719 4252 όργιά

2131 4273 2380 4344 ζόμενος.
2431 4271 2556 4325 Εἴτε
2610 4266 2704 4326 οὖν
2736 4271 2921 4334 καλῶς
2969 4272 3141 4340 λέγει,
3172 4273 3283 4326 εἴτε
3319 4271 3415 4341 μὴ,
3447 4271 3505 4326 αι
3540 4287 3712 4340 προα-

2131 4365 2591 4433 ναγεγραμμέναι
2640 4362 2930 4432 ἀπολογίαι
2960 4363 3204 4432 δηλοῦσι,
3244 4363 3343 4417 καὶ
3377 4361 3459 4415 ἔτι
3505 4362 3560 4415 αἱ
3611 4362 3718 4431 ὁδῷ

2131 4455 2531 4524 προϐαίνουσαι
2552 4469 2567 4486 ο
2602 4454 2700 4508 καὶ
2729 4456 2758 4509 ό
2787 4453 2926 4508 νοῶν
2954 4455 3161 4526 νοήσει.

2833 4545 3022 4602 ΕΦΕΣ.

2225 4631 2422 4702 Ἡμεῖς
2463 4634 2562 4704 μὲν
2609 4633 2717 4704 γὰρ
2758 4635 2897 4704 μετὰ
2926 4634 3022 4687 τοῦ
3063 4633 3430 4705 Δαμασκηνοῦ
3485 4633 3581 4686 καὶ
3613 4632 3720 4684 τῶν

2130 4724 2392 4794 Πατέρων
2426 4726 2704 4793 ἁπάντων,
2739 4727 2802 4779 ἐκ
2835 4727 2930 4780 τοῦ
2961 4727 3092 4780 Υἱοῦ
3129 4727 3186 4780 δὲ
3213 4727 3436 4798 Πνεῦμα
3469 4727 3530 4779 οὐ
3561 4725 3717 4790 λέγ’-

2133 4833 2270 4886 μενο
2302 4810 2447 4872 οὗτοι
2477 4818 2533 4872 δὲ
2585 4818 2727 4886 μετά
2779 4819 2886 4872 τῶν
2941 4820 3190 4874 Λατίνων
3239 4821 3306 4874 ὲκ
3354 4819 3447 4874 τοῦ
3495 4818 3626 4872 Υίοῦ
3657 4816 3718 4870 τὸ

2134 4907 2354 4977 Πνεῦμα
2385 4909 2628 4977 λέγουσι.
2857 4959 2866 4966 .

2818 5003 3027 5056 ΑΠΟΛ.

2204 5091 2316 5145 Καὶ
2361 5093 2524 5160 ἡμεῖς
2578 5092 2718 5162 μετά
2759 5093 2854 5146 τοῦ
2900 5094 3058 5162 ἁγίου
3106 5093 3475 5165 Δαμασκηνοῦ
3524 5096 3586 5147 ἐκ
3620 5094 3716 5149 τοῦ

2131 5183 2262 5236 Υίοῦ
2294 5184 2354 5236 τὸ
2390 5184 2614 5254 Πνεῦμα
2640 5187 2702 5238 οὐ
2735 5186 2989 5256 λέγομεν.
3020 5185 3155 5240 ἀλλά
3201 5188 3295 5240 καὶ
3325 5187 3392 5238 ἐκ
3416 5183 3512 5239 τοῦ
3545 5185 3676 5238 rio-3
3701 5201 3715 5212 ι

2129 5274 2263 5327 διότι
2292 5276 2320 5326 ό
2351 5275 2760 5344 συμπλεκτικδς
2797 5276 3096 5346 σύνδεσμος
3113 5278 3413 5346 παρίστησι
3438 5276 3580 5345 μάλα
3608 5286 3709 5322 κα-

2131 5364 2240 5428 λῶς
2273 5368 2369 5420 καὶ
2398 5367 2464 5418 ὲκ
2495 5365 2588 5418 τοῦ
2643 5367 2858 5436 Πατρὸς
2893 5368 2988 5420 καὶ
3021 5367 3117 5421 τοῦ
3153 5365 3286 5420 Υίοῦ
3312 5382 3326 5397 ·
3349 5365 3413 5410 τὸ
3442 5358 3489 5411 δ’
3519 5361 3582 5411 ὲκ
3611 5358 3708 5411 τοῦ

2132 5456 2264 5509 Υἱοῦ
2312 5457 2737 5527 ἀπολελυμένως
2775 5458 2977 5527 λέγειν,
3006 5450 3486 5524 προκαταρκτικὸν
3536 5451 3716 5504 αἴτιον

2129 5545 2222 5598 τὸν
2267 5547 2394 5600 Υίὺν
2429 5549 2665 5616 τίθησιν,
2725 5551 2862 5618 ὅπερ
2891 5551 2919 5599 ό
2949 5544 3219 5614 Εὐνόμιος
3250 5541 3346 5597 καλ⁸
3372 5543 3420 5595 oi
3451 5541 3592 5595 κατὰ
3619 5541 3716 5593 τὶν

2132 5637 2396 5708 Εὐνόμιον
2429 5638 2711 5706 ἐφρόνουν.
2749 5638 2942 5704 Ἡμεῖς
2967 5635 3024 5688 δὲ
3047 5633 3188 5706 μετὰ
3215 5632 3308 5687 τοῦ
3343 5628 3714 5701 Δαμασκηνοῦ

2302 5817 2340 5848 ³⁸
2371 5817 2388 5870 l
2415 5814 2556 5870 Tim.
2588 5831 2661 5884 Iv,
2705 5815 2788 5871 l5.
