4102 6452
311 524 409 589 l'i'I

1593 536 1897 598 CONTRA
1926 537 2078 600 ΕΡΠ
2090 541 2355 606 ESIUM.

3521 544 3621 606 17%

314 654 405 707 tu".
455 654 543 724 μὴ
585 652 655 708 τί,
701 653 802 724 μὲν
834 653 923 709 διὰ
977 651 1071 708 τοῦ
1106 650 1238 707 Υἰοῦ
1276 650 1686 723 παραδραμεῖν,
1733 655 1794 705 τὸ
1831 653 1890 706 δέ
1913 669 1929 686 ο
1963 705 1966 714 ,

2068 659 2194 729 llud,
2260 661 2363 718 Per
2397 661 2623 729 Filium,
2677 664 2963 733 praeterire
3021 664 3277 731 silentio;
3313 663 3434 718 illas
3492 679 3622 719 vero

318 748 438 800 ϐὅτι
476 749 681 803 αἰτίαν
714 746 1010 811 ποιοῦντας
1060 748 1154 801 τὸν
1213 745 1340 801 Υἰὺν
1388 748 1534 815 σφᾶς
1572 747 1772 811 αὐτοὺς
1802 747 1933 801 ἀπέ-

328 841 545 905 δειξαψ
573 841 679 894 καὶ
724 841 889 910 μόνον
928 839 1312 913 προκομίζειν.
1361 840 1504 895 Ἀλλ’
1531 841 1698 912 ἡμεῖς
1734 840 1794 894 τὸ
1820 859 1931 911 χω-

340 935 449 1004 ρίον
478 936 610 990 ὅλον
658 935 992 1007 ἐκθήσομεν,
1046 935 1132 989 ’ίνα
1185 937 1280 990 καὶ
1315 936 1628 1007 σαφεστέρα
1690 935 1933 1004 γένηται

344 1032 373 1092 ἡ
418 1028 665 1099 δήλωσις
689 1071 705 1096 ,
735 1027 1000 1092 ὡσαύτως
1040 1030 1141 1083 καὶ
1180 1030 1214 1099 ἡ
1242 1029 1576 1097 ἀπάντησις.
1605 1028 1749 1096 Φησὶ
1786 1029 1895 1099 γάρ
1916 1041 1935 1063 ο

348 1123 466 1175 Τῶν
497 1123 596 1176 τοῦ
630 1123 728 1177 νῦν
777 1123 1089 1190 ἁγιωτάτου
1127 1124 1330 1177 πάππα
1386 1121 1689 1176 συνοδικῶν
1734 1122 1838 1176 οὐκ
1877 1123 1936 1176 ὲν

351 1216 626 1279 τοσούτοις
663 1218 813 1281 ὅσοις
849 1215 1180 1285 γεγράφατε-
1213 1216 1540 1287 κεφαλαίοις
1563 1216 1613 1271 οἰ
1652 1217 1750 1288 τῆς
1783 1216 1938 1287 βασι-

352 1308 493 1372 λίδος
525 1307 873 1373 ἐπελάϐοντο,
901 1307 1023 1364 δυσί
1053 1309 1110 1361 δὲ
1145 1309 1357 1377 μόνοις·
1393 1302 1470 1363 ὧν
1514 1308 1575 1362 τὸ
1609 1309 1712 1380 μὲν
1759 1309 1939 1378 ὑπάρ-

358 1418 440 1471 χει
494 1402 623 1469 περὶ
668 1400 993 1470 θεολογίας,
1050 1401 1132 1454 ὅτι
1166 1392 1260 1463 τε,⁴
1293 1401 1481 1471 φησὶν,
1536 1397 1731 1468 εἶπεν,
1771 1404 1941 1456 ἐκπο-

363 1494 613 1562 ρεύεσθαι
648 1496 755 1549 κάκ
784 1494 881 1549 τοῦ
938 1494 1071 1548 Υἰοῦ
1098 1495 1161 1548 τὸ
1188 1493 1422 1566 Πνεῦμα
1467 1495 1530 1548 τὸ
1563 1495 1724 1564 ἆγιον
1747 1511 1760 1526 ο
1797 1495 1857 1549 τὺ
1895 1494 1941 1549 δ’

362 1586 487 1639 ἄλλο
529 1588 659 1658 περὶ
715 1586 817 1657 τῆς
860 1586 1013 1648 Θείας
1067 1588 1426 1658 σαρκώσεως.
1460 1588 1571 1642 Καὶ
1606 1588 1745 1657 μετὰ
1796 1587 1943 1640 πάνυ

366 1678 587 1747 βραχέα¹
631 1679 742 1733 Καὶ
785 1679 866 1748 τῷ
911 1678 1010 1748 μὲν
1066 1677 1276 1750 πρώτῳ
1325 1680 1657 1750 συμφώνους
1690 1680 1947 1750 παρήγα-

366 1787 460 1838 γον
499 1772 728 1842 χρήσεις
779 1771 1071 1841 Ῥωμαίων
1118 1772 1422 1842 Πατέρων,
1452 1772 1537 1826 ἔτι
1574 1789 1638 1839 γε
1692 1771 1801 1842 μὴν
1849 1773 1948 1826 καὶ

369 1858 639 1934 Κυρΰιλου
680 1863 1097 1933 Ἀλεξανδρείας
1154 1866 1219 1919 ἐκ
1268 1866 1371 1935 τῆς
1429 1863 1763 1935 πονηθείσης
1797 1865 1948 1937 αὐτῷ

367 1954 446 2016 εἰς
468 1953 559 2007 τὸν
601 1953 994 2025 εὐαγγελιστὴν
1033 1956 1292 2027 Ἰωάννην
1322 1956 1484 2026 ἱερᾶς
1512 1957 1907 2026 πραγματείας
1930 1974 1945 1989 ⁹

2035 757 2250 806 tantum
2280 768 2448 809 vocas
2468 752 2684 819 aﬂ'erre,
2735 752 3102 810 Ostenderunt
3125 770 3154 808 a
3191 771 3251 810 se
3283 754 3480 809 Filium
3516 770 3623 809 non

2037 846 2206 900 statui
2236 860 2461 902 causam
2488 847 2730 906 Spiritus
2762 849 2964 904 sancti.
2997 850 3138 921 Ergo
3172 864 3272 904 nos
3316 847 3498 904 locum
3537 849 3591 902 in
3612 876 3627 889 ο

2039 948 2251 1009 tegrnm
2284 955 2647 1007 exponemus,
2689 951 2751 998 ut
2793 957 2884 998 res
2915 942 3118 997 clarius
3173 942 3529 1012 intelligatur,
3570 948 3629 997 et

2037 1031 2338 1102 objectioni
2373 1032 2673 1090 dilucidius
2708 1022 3135 1105 respondeatur.
3187 1035 3279 1089 Ait
3313 1034 3481 1105 igitur
3515 1051 3529 1088 :
3569 1034 3626 1089 In

2041 1125 2327 1196 synodicis
2410 1128 2752 1183 sanctissimi
2820 1143 2994 1198 papae,
3054 1128 3146 1196 qui
3209 1142 3353 1182 nunc
3414 1138 3632 1197 prmest,

2041 1216 2242 1273 litteris
2284 1234 2390 1272 non
2453 1226 2533 1274 tot
2565 1219 2766 1288 capita,
2797 1230 2857 1275 ut
2911 1220 3239 1290 scripsistis;
3297 1221 3460 1289 regiae
3484 1221 3637 1274 urbis

2042 1308 2239 1365 incolze
2262 1318 2542 1372 notarunt.
2569 1312 2663 1367 sed
2698 1312 2808 1365 duo
2833 1320 3047 1366 tantum
3078 1329 3092 1378 ;
3125 1328 3363 1383 quorum
3398 1315 3634 1367 alterum

2044 1390 2110 1455 ad
2145 1401 2327 1456 divina
2381 1411 2617 1470 spectat,
2670 1403 2824 1473 quod
2878 1405 3147 1474 Spiritum
3196 1413 3448 1459 sanctum
3483 1404 3641 1458 aiunt

2044 1495 2208 1549 etiam
2245 1510 2308 1549 ex
2353 1494 2490 1548 Filio
2515 1495 2817 1563 procedere
2864 1496 3090 1560 dixerit,
3125 1496 3362 1550 alterum
3413 1510 3546 1550 vero
3572 1495 3641 1549 ad

2048 1586 2510 1643 incarnationem.
2568 1587 2635 1642 Et
2703 1590 2892 1660 paucis
2933 1590 3233 1646 admodum
3292 1589 3642 1659 interiectis:

2046 1677 2116 1732 Et
2142 1680 2194 1732 in
2220 1679 2457 1746 primtnn
2482 1679 2701 1749 quidem
2726 1696 3000 1737 consonas
3021 1682 3397 1736 Romanorum
3419 1679 3642 1735 Patrum

2051 1771 2287 1828 attulere
2328 1774 2660 1840 sententias,
2723 1789 2826 1829 nec
2879 1791 2986 1829 non
3042 1774 3231 1846 Cyrilli
3289 1772 3647 1829 Alexandrini

2050 1881 2114 1920 ex
2168 1864 2346 1921 sacris
2411 1864 2531 1935 ejus
2593 1866 2646 1921 in
2716 1856 2981 1922 Joannem
3042 1867 3492 1933 coonnentariis;
3550 1880 3647 1935 per

2054 1972 2191 2027 quas
2220 1957 2506 2012 evidenter
2549 1958 2933 2022 ostenderunt,
2968 1975 3091 2014 sese
3115 1974 3225 2014 non
3286 1968 3528 2013 statuere
3557 1956 3646 2012 Fi-

368 2045 427 2110 ὲξ
470 2037 545 2098 ὧν
599 2045 661 2099 οὐ
713 2045 807 2098 τὸν
847 2046 978 2099 Υἰδν
1012 2048 1195 2101 αἰτίαν
1235 2048 1527 2112 ποιοῦντας
1562 2048 1659 2103 τοῦ
1698 2050 1953 2115 Πνεῦμα-

2068 2051 2187 2104 ιίυιιι
2221 2049 2464 2121 Spiritus
2500 2053 2679 2107 sancti
2710 2068 2935 2108 causam
2971 2055 3162 2121 (unam
3209 2053 3412 2123 quippe
3442 2061 3649 2106 norunt

367 2155 459 2202 τος
488 2140 628 2207 σφᾶς
663 2139 862 2204 αὐτοὺς
896 2139 1209 2206 ἀπέδειξαν.
1257 2140 1406 2195 Μίαν
1445 2140 1555 2212 γὰρ
1590 2142 1775 2195 ῐσασιν
1818 2142 1950 2195 Υίοῦ

370 2234 467 2288 καὶ
505 2233 824 2307 Πνεῦματος
860 2235 952 2289 τὸν
993 2237 1215 2306 Πατέρα
1271 2236 1475 2304 αἰτίαν,
1506 2235 1605 2291 τοῦ
1654 2239 1754 2308 μὲν
1806 2239 1953 2292 κατὰ

371 2325 646 2395 γέννησιν,
674 2328 769 2380 τοῦ
824 2328 881 2381 δὲ
918 2327 1035 2382 κατ’
1067 2328 1401 2399 ὲκπόρευσιν
1425 2344 1439 2359 ·
1473 2328 1593 2382 ἀλλ’
1632 2330 1723 2384 ἵνα
1776 2329 1836 2383 τὸ
1884 2328 1954 2383 δι’

371 2418 533 2474 αὑτοῦ
568 2421 819 2491 προϊέναι
849 2420 1142 2489 δηλώσωσι
1172 2461 1188 2483 ,
1232 2421 1328 2475 καὶ
1382 2421 1561 2495 ταύτῃ
1598 2420 1661 2475 τδ
1716 2423 1957 2491 συναφὲς

373 2513 469 2579 τῆς
495 2512 681 2576 οὐσίας
731 2514 827 2566 καὶ
875 2513 1307 2582 ἀπαράλλακτον
1341 2517 1798 2584 παραστήσωσιν.
1835 2516 1957 2569 Οὐκ

387 2605 494 2658 ἔδει
523 2603 619 2658 οὖν
668 2604 760 2658 τὸν
802 2604 1085 2677 αἰδέσιμον
1114 2606 1286 2675 ἄνδρα
1311 2606 1503 2662 τοῦτον
1532 2606 1716 2676 λέγειν
1746 2607 1827 2673 τὸ,
1859 2607 1957 2663 Ἐκ

380 2697 537 2765 μόνου
561 2712 578 2728 ο
622 2696 734 2752 ἰδοὺ
772 2697 883 2768 γὰρ
942 2698 1237 2766 προφανῶς
1301 2701 1396 2753 καὶ
1437 2698 1708 2770 ἀριδήλως
1737 2701 1767 2754 ό
1800 2699 1959 2769 ἁγιος

378 2790 623 2861 Μάξιμος
673 2794 963 2864 μαρτυρεῖ.
1019 2791 1094 2854 ὡς
1152 2792 1202 2845 οἰ
1235 2784 1403 2860 ’ἅγιοι
1461 2792 1711 2864 Πατέρες
1762 2794 1811 2846 οἰ
1857 2791 1958 2861 τῆς

390 2878 657 2951 Ἑσπέρας
713 2882 852 2950 μετὰ
892 2882 983 2933 καί
1014 2880 1109 2934 τοῦ
1141 2881 1294 2936 Θείου
1327 2881 1603 2953 Κυρίλλου
1641 2884 1738 2937 καὶ
1771 2884 1834 2937 ὲκ
1864 2883 1959 2937 τοῦ

381 2970 509 3025 Υἰοῦ
548 2972 950 3042 ἐκπορεύεσθαι
998 2975 1060 3027 τὸ
1114 2973 1273 3043 ἅγιον
1307 2974 1535 3045 Πνεῦμα
1589 2975 1959 3043 θεολογοῦσιν.

381 3061 440 3115 Εἰ
470 3050 562 3116 οὖν
588 3066 683 3118 καὶ
712 3066 775 3118 ἐκ
807 3066 901 3120 τοῦ
937 3065 1093 3129 Υίοῦ,
1118 3054 1281 3138 δῆλον
1312 3066 1390 3130 ὡς
1416 3068 1520 3121 οὐκ
1552 3067 1619 3121 ἑκ
1652 3066 1818 3138 μόνου
1863 3064 1961 3122 τοῦ

379 3154 608 3225 Πατρός,
638 3156 712 3220 ὡς
758 3158 921 3216 αὐτὸς
972 3158 1239 3221 πολλάκις
1286 3158 1513 3229 εἴρηκε.
1552 3159 1692 3229 Περὶ
1741 3159 1799 3213 δὲ
1837 3159 1958 3222 τοῦ.

377 3245 477 3298 οὐκ
531 3247 711 3300 αἰτίαν
733 3253 831 3300 τὸν
879 3247 1010 3302 Υίὺν
1074 3247 1393 3315 ποιοῦντας,
1423 3248 1711 3304 τουτέστιν
1763 3249 1903 3307 οἴανχ
1935 3252 1965 3305 ό

2055 2159 2282 2199 causam
2310 2143 2433 2199 Filii
2460 2155 2516 2200 et
2548 2146 2788 2216 Spiritus
2829 2147 3070 2210 Patrem,
3105 2147 3252 2201 illius
3290 2160 3384 2217 per
3414 2158 3646 2212 genera-

2057 2236 2285 2300 tionem,
2318 2237 2479 2306 lmjus
2526 2252 2624 2308 per
2670 2224 3131 2307 processioneni),
3164 2238 3260 2293 sed
3300 2237 3542 2291 voluisse
3568 2236 3652 2289 si-

2057 2329 2319 2400 gniﬁcare
2352 2329 2620 2401 Spiritum
2687 2332 2916 2402 produci
2976 2347 3073 2399 per
3128 2330 3378 2396 Filium;
3433 2339 3486 2384 et
3544 2328 3651 2383 hac

2059 2423 2277 2477 ratione
2348 2426 2584 2492 probare
2645 2425 2901 2479 essentia:
2975 2423 3122 2477 nulla
3195 2438 3321 2477 cum
3382 2421 3651 2476 varietate

2037 2517 2533 2594 communionem.
2570 2515 2689 2571 Non
2720 2532 2850 2586 ergo
2887 2516 3119 2572 debebat
3173 2515 3427 2587 egregius
3456 2515 3546 2570 bic
3568 2513 3655 2568 vir

2061 2620 2334 2675 usurpare
2390 2622 2603 2667 vocem.
2669 2608 2744 2662 Ex
2817 2612 2959 2663 solo.
3016 2605 3094 2661 En
3165 2606 3368 2677 quippe
3428 2616 3655 2662 sanctus

2060 2695 2335 2755 Maximus
2368 2710 2554 2769 aperte
2589 2700 2883 2771 palamque
2911 2709 3169 2767 testatur,
3211 2707 3435 2756 sanctos
3466 2700 3656 2754 l’atres

2062 2788 2446 2847 Occidentales
2473 2809 2576 2846 una
2602 2808 2726 2847 eum
2753 2802 2945 2849 sancto
2973 2793 3183 2863 Cyrillo
3216 2807 3464 2847 asserere
3483 2791 3658 2861 Spiri-

2064 2890 2177 2937 tum
2196 2896 2445 2939 Sanctnm
2464 2885 2625 2940 etiam
2645 2902 2711 2940 ex
2726 2885 2865 2940 Filio
2907 2885 3237 2954 procedere;
3259 2883 3404 2954 quod
3422 2885 3473 2939 si
3493 2883 3655 2937 etiam

2064 2990 2130 3031 ex
2153 2973 2312 3041 Filio,
2345 2984 2583 3041 constat,
2615 2994 2722 3032 non
2749 2994 2811 3032 ex
2846 2977 3006 3033 Patre
3045 2978 3186 3041 solo,
3223 2976 3367 3044 quod
3405 2990 3551 3044 saepe
3581 2975 3664 3030 di-

2062 3074 2214 3121 ctum
2243 3066 2315 3120 ab
2335 3068 2457 3143 ipso
2472 3078 2577 3123 est.
2593 3066 2763 3123 Porro
2781 3077 2963 3123 autem
2984 3083 3146 3124 voces
3171 3068 3299 3132 illa},
3321 3082 3444 3123 sese
3459 3065 3661 3122 Filium

2067 3172 2177 3211 non
2195 3166 2438 3213 statuere
2455 3176 2700 3224 causam,
2719 3160 3090 3230 intelligenda:
3108 3170 3242 3216 sunt
3258 3161 3324 3214 de
3341 3174 3509 3213 causa
3525 3173 3660 3227 qua-

2067 3250 2172 3306 lem
2208 3254 2445 3321 ponebat
2487 3253 2811 3320 Eunomius,
2848 3255 3317 3322 quemadrnmlnnt
3355 3254 3664 3308 declaravi-

374 3335 648 3409 Εὖνόμιος
674 3339 890 3408 ἔλεγεν,
914 3340 996 3403 ὡς
1029 3341 1124 3395 καὶ
1157 3342 1215 3394 ιν
1245 3343 1361 3405 τοῖς
1390 3339 1710 3413 ἔμπροσθεν
1759 3340 1965 3412 ἐδηλώ-

2070 3357 2214 3397 mus.
2236 3341 2471 3398 Causam
2503 3345 2650 3399 enim
2681 3346 2903 3414 proprie
2925 3334 3337 3416 pritnonlialeni
3361 3342 3537 3400 sancti
3565 3345 3666 3399 l‘a-

378 3451 553 3502 σπμεν
572 3450 586 3464 ο
623 3435 715 3488 καὶ
743 3435 849 3505 γὰρ
880 3434 1060 3489 αἰτίαν
1087 3434 1309 3505 κυρίως
1350 3436 1399 3488 οἰ
1440 3434 1591 3504 ἅγιοι
1622 3432 1722 3507 τὴν
1748 3434 1965 3507 ἀρχοει-

308 3580 317 3587 ,
376 3526 446 3596 δῆ
468 3530 565 3581 καί
594 3527 1081 3599 προκαταρκτικὴν
1119 3529 1346 3584 εἰώθασι
1396 3528 1599 3597 λέγειν,
1636 3528 1823 3592 καθὼς
1868 3528 1965 3582 καὶ

373 3621 409 3672 ό
464 3620 721 3690 θεολόγος
761 3622 1066 3692 Γρηγόριος
1112 3621 1268 3693 δηλοί
1313 3622 1371 3675 ὲν
1425 3622 1505 3691 τῷ
1558 3622 1640 3687 εἰς
1673 3620 1768 3676 τὸν
1798 3619 1967 3675 κατά-

385 3712 551 3765 πλουν
579 3713 671 3766 τὸν
705 3713 800 3767 ἀπ’
836 3713 1142 3782 Αἰγύπτου,
1181 3714 1414 3780 φάσκων
1469 3712 1648 3776 οὕτως
1673 3730 1689 3744 ·
1739 3712 1877 3775 Θεὸς
1908 3714 1969 3766 ἐν

384 3802 561 3871 τρισὶν
598 3804 821 3858 ἵσταται
875 3805 988 3868 τοῖς
1024 3804 1330 3875 μεγίστοις,
1362 3803 1546 3874 αἰτίῳ,
1572 3804 1669 3858 καὶ
1701 3803 1966 3873 δημιουρ-

382 3892 488 3961 γῷ,
521 3895 612 3947 καὶ
655 3894 999 3965 τελειοποιῷ,
1059 3894 1136 3966 τῷ
1190 3896 1372 3962 ﬂatth
1415 3894 1561 3963 λέγω
1593 3895 1689 3949 καὶ
1737 3895 1817 3965 τῷ
1857 3894 2003 3965 Ἠῷ-

388 3986 483 4039 καί
529 3986 604 4058 τῷ
647 3987 787 4059 ἁγίῳ
828 3987 1130 4058 Πνεῦματι.
1168 3986 1235 4041 Τί
1266 3987 1384 4053 οὖν,
1417 3987 1523 4040 οὒκ
1549 3989 1725 4052 atrio;
1760 3988 1789 4041 ό
1838 3987 1968 4051 Υἱὸς

385 4081 484 4149 τῆς
513 4079 606 4132 τοῦ
645 4080 852 4151 κόσμου
903 4080 1311 4151 δημιουργίας;
1369 4079 1493 4144 Πῶς
1531 4074 1625 4134 οὖν
1675 4096 1886 4159 φαμεν-
1916 4082 1974 4133 ὲν

389 4174 456 4240 τῇ
495 4173 757 4244 ὁμολογία
781 4176 875 4244 τῆς
910 4175 1172 4238 πίστεως,
1200 4173 1289 4229 Δι’
1334 4167 1407 4230 οὗ
1448 4172 1522 4237 τὰ
1578 4172 1779 4239 πάντα
1846 4172 1974 4243 ἐγέ-

390 4282 527 4320 νετο
556 4283 578 4329 ,ς
624 4266 771 4320 Ἀλλ’
802 4270 829 4320 ὁ
858 4267 1120 4335 Θεολόγος
1154 4268 1251 4321 καὶ
1277 4269 1306 4320 ό
1331 4266 1620 4330 Βασίλειος
1654 4268 1738 4331 τὸ,
1774 4267 1972 4333 αἴτιος,

392 4357 487 4409 ἐπὶ
521 4359 681 4426 μόνον
712 4357 806 4412 τοῦ
859 4360 1071 4428 Πατρὸς
1104 4359 1337 4430 ἔφησαν.
1385 4358 1527 4414 Ἀλλ’
1565 4359 1685 4414 οὐδὲ
1738 4359 1916 4430 μάτην
1944 4360 1975 4413 ό

2070 3442 2182 3490 tres
2203 3450 2526 3505 nuncupare
2550 3436 2752 3501 solent,
2773 3447 2832 3492 nt
2857 3436 3158 3507 Gregorius
3177 3436 3559 3493 Nazianzenus
3571 3438 3669 3492 do-

2070 3533 2158 3579 cet
2198 3526 2446 3580 oratione
2489 3526 2553 3580 ad
2597 3541 2692 3581 eos
2732 3530 2823 3596 qui
2857 3542 2925 3581 ex
2961 3526 3196 3598 Egypto
3230 3527 3662 3598 adnavigarunt.

2072 3615 2160 3672 bis
2181 3617 2363 3673 verbis
2394 3636 2408 3671 :
2435 3617 2579 3673 Deus
2603 3618 2655 3672 in
2687 3619 2861 3673 tribus
2895 3618 3045 3673 hisce
3080 3618 3338 3673 maximis
3387 3617 3666 3681 subsistit,

2072 3721 2264 3769 causa,
2300 3718 2551 3763 creatore
2589 3704 2644 3763 et
2672 3707 3007 3778 perfectore,
3031 3706 3211 3772 Patre,
3237 3711 3480 3778 inquam,
3501 3717 3557 3763 et
3583 3707 3640 3762 Fi
3664 3737 3673 3747 -

2073 3800 2171 3863 lio,
2196 3799 2475 3870 etSpiritu
2499 3814 2710 3854 sancto.
2732 3801 2889 3856 Anne
2910 3800 3076 3870 igitur
3095 3799 3268 3855 Filius
3301 3816 3407 3854 non
3447 3800 3554 3854 erit
3576 3815 3673 3854 au-

2075 3900 2196 3950 ctor
2214 3891 2515 3949 creationis
2532 3892 2754 3948 mundi?
2770 3892 3061 3963 Quomodo
3075 3909 3205 3963 ergo
3230 3893 3283 3948 in
3311 3894 3431 3948 tidei
3452 3893 3670 3946 conres-

2077 3988 2229 4042 sione
2255 3987 2530 4042 dicimus:
2562 3984 2667 4041 Per
2694 4002 2848 4057 quem
2873 3988 3052 4041 omnia
3085 3986 3232 4056 facta
3263 3968 3385 4041 sunt
3412 3989 3438 4042 .9
3469 3985 3671 4040 Verum

2076 4076 2453 4137 Nazianzenus
2483 4089 2537 4133 et
2561 4078 2797 4134 Basilius
2825 4092 3008 4133 causae
3029 4094 3226 4133 nomen
3261 4079 3361 4134 soli
3393 4077 3546 4133 Patri
3579 4080 3676 4133 tri-

2078 4169 2277 4226 buunt.
2322 4169 2431 4225 Nec
2481 4186 2612 4225 vero
2665 4169 2873 4226 frustra
2918 4171 3141 4226 divinus
3190 4170 3462 4225 Maximus
3511 4170 3677 4225 infert

2079 4264 2244 4321 verba
2273 4264 2387 4329 illa,
2432 4262 2537 4318 Per
2572 4264 2751 4334 ipsum
2779 4262 3007 4333 produci
3035 4279 3050 4329 ;
3083 4280 3210 4319 cum
3238 4263 3577 4333 impossibile
3607 4269 3694 4318 εἰι

2080 4375 2177 4430 per
2211 4357 2414 4413 Filium
2454 4355 2778 4426 procedere,
2807 4356 2939 4426 quin
2983 4356 3055 4410 sit
3084 4367 3136 4410 et
3162 4355 3278 4425 ipse
3306 4353 3482 4410 Filius
3510 4370 3677 4409 causa

387 4449 535 4514 θεῖος
570 4450 823 4520 Μάξιμος
878 4454 964 4518 τὸ,
1018 4455 1097 4506 Δι’
1135 4453 1307 4507 αὑτοῦ
1362 4454 1642 4520 προϊέναι,
1695 4454 1966 4525 ἐπιφέρει·

2081 4450 2458 4523 processionis
2492 4448 2759 4520 Spiritus.
2802 4445 2918 4501 lloc
2962 4446 3106 4502 idem
3134 4448 3351 4518 egregie
3383 4447 3678 4502 admodum

397 4545 520 4597 ἐπεὶ
563 4545 823 4600 ἀδύνατον
853 4547 944 4601 διὰ
976 4546 1068 4600 τοῦ
1104 4546 1236 4601 Υίοῦ
1291 4549 1570 4619 προϊέναι,
1614 4550 1711 4603 καὶ
1768 4548 1844 4619 μὴ
1882 4548 1966 4602 καί

2087 4544 2383 4599 conllrtnat
2431 4543 2599 4598 etiam
2654 4541 2954 4611 Gregorius
3010 4538 3292 4612 Nyssenus
3357 4541 3530 4611 prium
3581 4557 3680 4596 sua

393 4639 485 4690 τὸν
528 4638 653 4692 Υίὸν
686 4641 860 4693 αἴτιον
894 4640 1163 4712 ὑπάρχειν
1191 4641 1294 4712 τῆς
1332 4640 1428 4695 τοῦ
1461 4642 1780 4711 Πνεῦματος
1811 4644 1966 4695 ἐκπο-

2088 4639 2339 4693 oratione
2373 4639 2517 4693 inter
2539 4652 2654 4699 eas,
2686 4636 2890 4706 quibus
2932 4635 3185 4691 confutat
3209 4633 3560 4699 Enuominm,
3590 4651 3685 4705 per

398 4733 653 4802 ρεύσεως.
678 4733 849 4788 Τοῦτο
879 4736 975 4787 καὶ
1008 4733 1314 4804 Γρηγόριος
1357 4737 1386 4788 ό
1434 4734 1663 4802 Νύσσης
1708 4733 1853 4803 μάλα
1883 4750 1966 4786 κα-

2091 4731 2205 4785 lttec
2237 4732 2403 4785 verba
2445 4745 2458 4781 :
2493 4728 2628 4783 Nam
2664 4732 2714 4785 si
2743 4728 2984 4799 spatium
3018 4729 3286 4799 temporis
3336 4737 3463 4782 ante
3497 4743 3686 4796 persn—

399 4825 503 4889 λῶς
531 4822 739 4895 βεῦαιοῖ
781 4832 841 4881 ἑν
873 4827 950 4897 τῷ
980 4828 1104 4881 κατ’
1146 4829 1419 4898 Εὑνομίου
1469 4828 1847 4901 ἀντιρῤητικῷ
1877 4828 1979 4882 αὺ-

400 4918 493 4971 τοῦ
523 4918 667 4989 λὸγῳ
697 4919 921 4992 πρώτῳ,
971 4921 1149 4988 λέγων
1180 4922 1355 4984 οὕτως
1380 4938 1395 4952 °
1446 4919 1512 4975 Εἰ
1548 4921 1649 4992 μὲν
1675 4916 1772 4975 οὖν
1797 4938 2009 4993 χρονιν

401 5015 500 5082 χὴν
542 5012 785 5083 ἔμφασιν
817 5014 1120 5086 ὑπερετίθη
1165 5015 1267 5085 τῆς
1315 5015 1413 5068 τοῦ
1468 5015 1815 5085 Μονογενοῦς
1847 5015 1985 5069 ὑπο-

404 5105 642 5169 στάσεως
678 5108 707 5160 ό
759 5107 852 5161 τδν
885 5109 1107 5179 Πατέρα
1153 5107 1249 5163 τοῦ
1305 5107 1439 5163 Υἰοῦ
1479 5108 1629 5181 μόνῳ
1652 5107 1731 5180 τῷ
1758 5109 1861 5175 τῆς
1893 5110 1987 5162 αἰο

400 5197 519 5261 τίας
546 5197 689 5269 λόγῳ
718 5199 1055 5271 προθεωρῶν
1087 5240 1101 5261 ,
1137 5202 1366 5265 εἰκότως
1407 5201 1475 5255 ἂν
1525 5204 1554 5255 ό
1592 5202 1695 5271 τῆς
1741 5201 1988 5272 ἁῖδιότη-

402 5303 495 5348 τος
534 5289 664 5357 ἡμῖν
719 5290 847 5357 περὶ
897 5289 995 5343 τοῦ
1042 5288 1175 5343 Υίοῦ
1225 5288 1384 5358 λόγος
1424 5291 1822 5345 ἑκινδυνεύετο.
1876 5291 1990 5344 Καὶ

411 5380 550 5449 μετά
574 5399 695 5434 τινα
719 5397 733 5412 ⁸
778 5384 866 5446 Ὠς
907 5383 1016 5453 γὰρ
1053 5383 1391 5437 συνάπτεται
1429 5386 1509 5454 τῷ
1552 5384 1729 5454 Πατρλ.
1776 5384 1805 5437 ὀ
1837 5383 1987 5450 Υἱὸς,
2036 5420 2039 5423 λ

405 5476 501 5527 καὶ
546 5474 625 5544 τῷ
673 5475 733 5539 ἐξ
790 5476 957 5530 αὑτοῦ
1018 5472 1160 5530 εἶναι
1221 5477 1321 5547 οὐχ
1379 5477 1656 5549 ὑστερίζει
1704 5479 1848 5531 κατὰ
1892 5477 1990 5548 τὴν

409 5565 680 5634 ὕπαρξινο
715 5566 859 5622 οὕτω
914 5569 1080 5623 πάλιν
1132 5569 1226 5623 τοῦ
1291 5568 1633 5639 Μονογενοῦς
1692 5569 1883 5642 ἔχεται
1931 5571 1992 5625 τὸ

412 5659 635 5728 Πνεῦμα
684 5660 745 5712 τὸ
796 5661 975 5729 ἅγιον,
1009 5660 1406 5735 ὲπινοίςίμόνῃ
1466 5663 1609 5717 κατὰ
1660 5663 1756 5717 τὸν
1809 5664 1994 5727 αίτίας

414 5751 572 5817 λόγον
600 5751 1090 5823 προοεωρουμένου
1140 5757 1240 5826 τῆς
1273 5753 1370 5808 τοῦ
1404 5754 1725 5824 Πνεύματος
1758 5754 1996 5809 ὑποστά-

416 5860 573 5905 σεως.
604 5844 713 5897 Καὶ
740 5843 1026 5910 Βασίλειος
1070 5849 1129 5900 ὲν
1167 5846 1247 5917 τῷ
1278 5846 1417 5915 πρὸς
1443 5845 1799 5918 Ἀμφιλόχιον
1836 5850 1894 5902 ἒν
1918 5844 1998 5918 τῷ

419 5943 494 5999 ις’
518 5937 814 6006 κεψαλαίῳ,
843 5930 904 5991 οὗ
935 5940 967 6010 ἠ
1000 5939 1312 6010 ἐπιγραφὴ,
1349 5939 1480 5992 Ὅτι
1511 5940 1863 6011 ἀχώριστον
1892 5940 1994 5995 ἐπὶ

415 6028 617 6099 πάσης
666 6030 907 6099 ἐννοίας
952 6031 1181 6102 Πατρός
1229 6030 1357 6088 καί.
1390 6029 1528 6089 Υίοῦ
1589 6035 1654 6093 τὸ
1713 6033 1994 6110 Πνεῦμα,

2088 4838 2215 4878 nam
2242 4822 2510 4892 unigeniti
2535 4828 2829 4885 statueret,
2865 4820 2957 4891 qui
2991 4818 3211 4875 Patrem
3245 4817 3387 4876 Filio
3412 4819 3686 4890 praeintvl-

2089 4915 2208 4987 ligit
2233 4915 2351 4972 sola
2380 4929 2565 4970 causa:
2593 4913 2906 4985 prioritate,
2932 4912 3058 4980 jure
3092 4911 3344 4985 proiecto
3371 4912 3533 4966 nobis
3560 4909 3684 4965 Filii

2089 5007 2372 5064 asternitas
2398 5007 2828 5078 periclitaretur.
2882 5006 2948 5061 Et
2992 5005 3157 5076 paulo
3211 5013 3379 5076 post:
3413 5002 3689 5070 Quemad-

2091 5101 2315 5155 modum
2363 5100 2511 5156 enim
2540 5100 2875 5170 conjunctns
2907 5107 2992 5153 est
3040 5096 3184 5152 Patri
3230 5096 3424 5159 Filius,
3462 5110 3559 5147 nec
3602 5104 3687 5148 eat

2091 5192 2186 5246 illo
2234 5193 2530 5261 posterior,
2581 5188 2728 5262 quod
2784 5190 2851 5244 ab
2894 5189 3016 5260 ipso
3070 5188 3179 5247 sit:
3228 5187 3301 5241 ita
3361 5194 3415 5239 et
3438 5183 3689 5253 Spiritus

2094 5296 2321 5342 sanctus
2344 5271 2701 5356 Unigenitum
2732 5283 3008 5351 sequitur,
3038 5281 3155 5336 sola
3200 5278 3402 5333 mentis
3434 5276 3691 5331 conside—

2096 5379 2313 5435 ratione
2345 5381 2707 5433 anteccdt-nte
2738 5376 2878 5436 Fili.)
2930 5375 3248 5454 ltypostasin
3312 5371 3551 5454 Spiritus
3598 5360 3686 5424 ra—

2096 5475 2246 5532 tione
2274 5474 2644 5533 causalitatis.
2681 5472 2746 5524 Et
2802 5445 3037 5528 Basilius
3086 5469 3137 5521 iu
3175 5467 3314 5527 libro
3362 5466 3428 5521 ad
3462 5445 3692 5534 “Amphi-

2097 5569 2365 5631 locbium,
2424 5568 2607 5636 capite
2638 5566 2856 5621 decimo
2889 5576 3070 5625 sexto,
3128 5562 3217 5617 cui
3265 5561 3457 5615 titulus
3493 5578 3505 5614 :
3536 5559 3690 5626 Quod

2097 5661 2474 5729 ittreparabilis
2498 5661 2565 5713 sit
2608 5658 2840 5728 Spiritus
2871 5666 3141 5710 structura
3182 5652 3344 5707 Putre
3375 5664 3424 5707 et
3468 5652 3603 5706 Filio
3634 5652 3692 5706 in

2099 5756 2282 5823 quavis
2316 5769 2489 5811 rerum
2517 5762 2793 5820 conceptu.
2817 5747 3256 5820 Contprebcude.
3282 5746 3478 5818 inquit,
3508 5746 3692 5800 animo

2102 5848 2349 5915 Patrem,
2383 5863 2567 5902 rerum
2614 5860 2735 5915 qua:
2764 5844 2902 5898 linnt
2959 5842 3371 5915 primordialem
3433 5854 3683 5901 causam,

2104 5936 2429 5992 creatricem
2457 5932 2679 5996 Filium,
2705 5934 3087 6003 perlectricent
3112 5930 3381 6000 Spiritum
3408 5938 3686 5985 sanetum.

2105 6029 2173 6088 Hi
2210 6044 2403 6089 omnes
2446 6026 2828 6087 causalitatem
2884 6028 3130 6087 rcl‘crunt
3160 6025 3227 6083 ad
3274 6024 3513 6090 Patrem,
3563 6035 3689 6078 cum
