4102 6432
364 434 454 499 lSl

1603 446 1911 507 CONTRA
1957 446 2380 512 El‘llESlUM.

3534 457 3634 522 182

359 553 577 622 Πατέρα
610 551 706 604 καὶ
737 549 829 603 τὸν
871 551 1003 604 Υίὶν
1033 551 1217 622 ἀρχὴν
1251 546 1393 605 εἷναι
1446 551 1540 606 τοῦ
1577 554 1735 622 ἁγίου
1768 555 1942 608 Πνεῦ-

2055 556 2224 614 Filins
2278 576 2419 614 unus
2473 560 2634 631 Deus.
2691 572 2743 618 et
2772 564 2839 619 ad
2874 574 3178 622 creaturam
3233 569 3456 624 relative
3490 588 3632 625 unus

364 663 555 711 ματος,
588 646 647 698 οὒ
683 644 774 698 δύο
801 646 1001 715 ἀρχάς·
1030 645 1167 699 ἀλλὰ
1213 645 1471 717 καθάπερ
1501 648 1528 700 6
1577 649 1768 718 Πατὴρ
1795 648 1888 701 καὶ
1911 649 1939 701 6

364 736 491 798 Υἱὸς
520 733 600 800 εἷς
628 736 780 801 Θεὸς,
809 737 903 789 καὶ
946 735 1081 808 πρὸς
1119 736 1219 801 τὴν
1261 738 1439 790 κτίσιν
1473 738 1826 808 ἀναφορικῶς
1856 732 1938 802 εἷς

2050 660 2271 705 creator
2303 662 2356 706 et
2411 670 2559 709 unus
2588 655 2857 712 Dominus
2904 675 2919 713 :
2956 660 3035 714 sic
3074 661 3296 716 relative
3335 668 3400 716 ad
3453 664 3633 733 Spiri-

2046 751 2159 796 tutn
2185 757 2437 801 sant-tum
2467 764 2637 803 unum
2671 750 2999 821 principium
3029 770 3045 808 :
3070 754 3135 808 ad
3162 766 3474 810 creaturam
3503 774 3635 811 vero

363 830 580 899 κτίστης
607 831 699 882 καὶ
728 823 809 891 εἷς
842 829 1071 897 Κύριος,
1099 828 1274 893 οὕτως
1309 831 1665 902 ἀναφορικῶς
1701 832 1839 902 πρὸς
1870 833 1934 885 τὸ

2055 833 2202 890 Pater
2238 848 2291 891 et
2328 837 2500 896 Filius
2552 852 2608 898 et
2662 843 2906 913 Spiritus
2933 855 3162 903 sanctus
3205 865 3375 902 unum
3427 850 3635 917 princi-

364 920 588 989 Πνεῦμα
635 921 697 973 τὸ
725 921 885 991 ἂγιον
920 922 1051 992 μίαν
1095 922 1294 992 ἀρχὴν,
1334 923 1593 995 καθάπερ
1654 925 1791 996 πρὸς
1833 925 1932 994 τὴν

2055 928 2217 989 ;ιίιιιιι.
2240 932 2391 986 sicut
2426 952 2567 987 unus
2596 949 2814 991 creator
2844 946 2896 991 et
2951 955 3096 995 unus
3136 939 3418 997 Dominus.

362 1017 535 1068 κτίσιν
569 1018 595 1069 6
624 1016 814 1087 Πατὴρ
843 1015 939 1068 καὶ
968 1018 996 1069 6
1051 1014 1176 1079 Υἱὸς
1206 1017 1302 1070 καὶ
1340 1016 1402 1069 τὸ
1435 1015 1664 1109 Πνεῦμα
1698 1018 1758 1070 τὸ
1818 1015 1976 1096 ἅγιον
2016 1016 2162 1088 ἀρχὴ
2219 1022 2318 1091 μία
2369 1024 2547 1091 εἰσὶν,
2628 1026 2817 1095 ὥσπερ
2875 1022 2956 1093 εἷς
3014 1030 3352 1102 δημιουργὶς
3406 1034 3500 1085 καὶ
3558 1029 3637 1097 εῗς

367 1110 586 1180 Κύριος.

439 1205 718 1258 Δέδεικται
748 1205 958 1273 σαφῶς,
995 1205 1080 1258 ὅτι
1113 1206 1169 1257 αἱ
1222 1206 1471 1275 χρήσεις,
1502 1205 1568 1269 ἃς
1605 1206 1877 1276 μαρτυροῖ
1910 1205 1938 1255 ὁ

366 1299 505 1362 θεῖος
534 1298 806 1367 Μάξιμος,
838 1299 930 1350 καὶ
957 1300 1050 1352 τὸν
1098 1299 1226 1352 Υίδν
1286 1299 1459 1351 αἴτιον
1496 1301 1594 1368 τῆς
1624 1297 1720 1351 τοῦ
1765 1296 1941 1350 Πνεῦ-

371 1407 536 1459 ματος
567 1390 858 1461 ὑπάρξεως
906 1394 1303 1461 μαρτυροῦσιν.
1341 1392 1464 1445 Ὀτι
1493 1392 1550 1444 δὲ
1580 1391 1668 1445 διὰ
1702 1390 1811 1443 τῶν
1846 1389 1942 1443 δύο

376 1487 445 1554 ρῤ
466 1485 615 1551 λέγει
676 1486 845 1555 τιμᾷν
902 1485 993 1537 τὸν
1046 1486 1173 1554 ὒρον
1224 1485 1386 1555 (οὕτω
1422 1486 1553 1555 γὰρ,
1581 1485 1741 1555 φησὶ,
1772 1485 1941 1555 τιμᾷν

365 1576 524 1629 αὐτὸν
552 1576 784 1629 δίκαιον·
808 1577 909 1629 καὶ
934 1576 1001 1628 τὰ
1040 1576 1233 1647 ἑξῆς),
1268 1576 1487 1647 πρῶτον
1523 1577 1622 1645 μὲν
1672 1574 1942 1646 θαυμάζω

370 1670 469 1740 τὴν
520 1669 613 1723 τοῦ
661 1670 854 1739 ἀνδρὸς
888 1669 1201 1732 εὐλάϐειαν,
1240 1673 1335 1722 καὶ
1379 1669 1460 1722 ὅτι
1503 1668 1604 1721 οὐκ
1652 1664 1793 1720 οἶδεν
1816 1667 1944 1719 ὅσον

371 1764 532 1830 τιμῆς
586 1763 822 1826 ἄξιοντὸ
860 1763 1000 1817 Οεῖον
1058 1763 1251 1833 ὄνομα.
1306 1763 1368 1817 Et
1408 1763 1515 1832 γὰρ
1568 1764 1636 1815 τὰ
1684 1762 1790 1814 ὑπὸ
1845 1761 1942 1813 τοῦ

370 1856 548 1908 Δαθὰν
581 1857 675 1908 καὶ
718 1855 984 1926 Ἀὂειρὼν
1033 1856 1555 1910 κατασκευασθέντα
1608 1858 1686 1917 είς
1744 1855 1944 1924 ὑπουρ-

368 1952 491 2013 γειν
538 1949 635 2000 καὶ
666 1947 926 2018 λατρείαν
973 1949 1107 2002 Θεοῦ
1170 1950 1198 1999 6
1246 1949 1480 2017 Θεόπτης
1548 1944 1786 2017 Μωῦσῆς
1838 1947 1941 2000 οὐκ

2119 1199 2415 1267 Perspicue
2445 1212 2736 1259 ostensum
2764 1215 2871 1271 est,
2904 1205 3050 1260 dicta
3070 1209 3636 1271 Sanctorum,quibus

2047 1302 2274 1348 sanctus
2301 1293 2574 1350 Maximus
2605 1296 2699 1352 dat
2735 1300 3141 1365 testimonium,
3168 1300 3331 1353 etiam
3370 1299 3512 1354 Filio
3537 1303 3641 1356 tri-

2046 1386 2213 1441 buere
2237 1389 2623 1445 eausalitatem
2654 1391 3024 1446 subsistentize
3043 1392 3299 1463 Spiritus.
3325 1394 3479 1462 Quod
3505 1411 3633 1450 vero

2045 1478 2425 1535 deﬁnitionem
2455 1497 2575 1552 qua:
2605 1483 2730 1553 ὄρος
2752 1480 2940 1539 Grmce
2964 1485 3188 1549 dicitur,
3256 1486 3632 1540 hunorandam

2047 1587 2169 1628 esse
2192 1574 2269 1627 ait
2306 1589 2400 1645 per
2434 1575 2634 1645 duplex
2690 1592 2782 1646 ρρ.
2816 1577 3119 1632 scribendo
3155 1579 3342 1649 ὄῤῥον,
3395 1580 3495 1630 huc
3552 1588 3640 1633 est

2046 1674 2351 1722 extremam
2385 1667 2620 1722 caudam
2643 1669 2738 1732 (ita
2767 1670 2934 1734 enim,
2962 1671 3162 1740 inquit,
3201 1671 3350 1724 illam
3376 1672 3635 1724 honorari

2045 1774 2258 1828 aequum
2279 1767 2383 1823 est,
2417 1761 2572 1831 etc.),
2614 1763 2853 1829 primum
2888 1764 3107 1833 quidem
3145 1764 3318 1819 miror
3378 1765 3633 1834 pietatem

2046 1852 2308 1917 hominis;
2332 1855 2589 1925 quodque
2626 1856 2860 1923 ignoret,
2893 1856 2983 1911 Dei
3016 1872 3212 1911 nomen
3239 1869 3446 1929 quanto
3474 1858 3546 1913 sit
3581 1857 3635 1911 iu

2047 1946 2263 2001 honore
2284 1947 2617 2003 habendum.
2652 1946 2786 2002 Nam
2810 1964 2854 2002 su
2887 1964 3017 2003 vasa
3050 1966 3077 2002 a
3114 1949 3326 2002 Dathan
3351 1958 3403 2002 vt
3430 1950 3636 2002 Abiron

372 2042 603 2113 ἠθέλησε
641 2016 797 2096 κοινᾶ
847 2038 1009 2104 εἶναι,
1044 2041 1133 2095 διὰ
1184 2043 1243 2095 τὸ
1295 2041 1443 2105 ἅπαξ
1502 2043 1584 2105 είς
1640 2016 1947 2109 ὑπουργίαν

2055 2040 2283 2094 conﬂata
2321 2039 2389 2093 ad
2427 2039 2796 2095 ministerium
2820 2051 2868 2094 et
2897 2041 3112 2094 cultum
3144 2040 3259 2107 Dei,
3323 2041 3502 2096 Moses
3552 2042 3640 2093 illo

369 2134 503 2187 Θεοῦ
549 2134 644 2187 καὶ
695 2134 954 2205 λατρείαν
983 2135 1397 2204 ὀνομασθῆναι·
1436 2132 1595 2186 τοῦτο
1643 2132 1753 2203 γὰρ
1782 2133 1876 2185 καὶ
1918 2133 1947 2184 ὀ

371 2228 500 2290 Θεὸς
529 2227 602 2297 τῷ
638 2228 939 2297 θεράποντι
974 2225 1142 2280 αὐτοῦ
1186 2227 1499 2280 ἐνετείλατο
1527 2243 1542 2258 ο
1576 2226 1739 2287 αὐτὸς
1776 2225 1835 2277 ὲν
1868 2222 1947 2292 τῷ

375 2322 484 2389 ὅρῳ
522 2319 580 2371 τδ
615 2317 707 2371 τοῦ
740 2315 878 2371 Θεοῦ
908 2317 1137 2386 φρικτὸν
1168 2316 1339 2385 ὄνομα
1374 2316 1684 2385 περιέχοντι
1731 2312 1952 2383 Πατρδς

374 2414 467 2465 καὶ
496 2410 627 2465 Υίοῦ
661 2411 752 2465 καὶ
802 2409 959 2477 ἁγίου
991 2409 1310 2480 Πνεῦματος
1343 2407 1618 2477 πολλαχοῦ
1656 2407 1781 2477 μηδ’
1808 2407 1948 2469 ὅλως

371 2504 691 2572 εὐλαϐηθεὶς
725 2503 954 2556 τοιαῦτα
992 2501 1282 2572 ἐρεύγεται
1306 2515 1323 2567 ;
1351 2500 1496 2554 Ἀλλ’
1527 2502 1693 2569 ἡμεῖς
1741 2498 1951 2550 παντο-

372 2598 462 2647 οεν
500 2597 558 2648 τὸ
610 2595 808 2664 σεμνὸν
855 2594 1311 2664 περιποιούμενοι
1354 2594 1410 2644 ὲν
1445 2595 1567 2655 ταῖς
1602 2589 1947 2657 ἀπολογίαις,

370 2687 777 2758 ἀναπολόγητον
814 2685 973 2739 τοῦτο
1002 2687 1204 2757 ἐῶμεν,
1233 2682 1424 2754 ὥσπερ
1452 2684 1549 2737 καὶ
1572 2682 1764 2746 τᾶλλα,
1801 2681 1950 2751 ἅπερ

371 2782 481 2834 ἀπὸ
523 2780 700 2850 θυμοῦ
744 2780 841 2835 καὶ
867 2778 1062 2850 ὀργῆς,
1097 2779 1175 2843 ὡς
1218 2779 1386 2840 ἔοικε,
1418 2776 1746 2846 κινούμενος
1771 2773 1945 2841 λέγει,

379 2874 503 2942 μηδ’
542 2874 679 2936 ὅλως
731 2874 819 2926 διὰ
868 2873 978 2926 τῶν
1020 2872 1267 2942 ἐλέγχων
1318 2871 1567 2941 ἀπαντᾷν
1600 2867 1945 2938 βουλόμενοι’

378 2967 541 3035 μόνην
571 2967 677 3033 γὰρ
704 2964 801 3035 τὴν
832 2963 1095 3034 ἀλήθειαν
1129 2960 1402 3032 φανεροῦν
1432 2960 1738 3025 ἐθέλοντες,
1767 2959 1942 3013 τᾶλλα

375 3060 732 3129 παρορῶμεν,
791 3056 935 3126 ἅπερ
988 3056 1049 3109 οὐ
1102 3056 1236 3126 πρὸς
1283 3053 1455 3125 αὐτὴν
1492 3052 1780 3124 φέρουσιν,
1813 3053 1951 3109 ἀλλὰ

374 3150 510 3221 πρὸς
558 3152 727 3221 μόνην
764 3148 1048 3213 ἐπίδειξιν.

1072 3240 1262 3293 ΕΦΕΣ.

2048 2130 2236 2185 divino
2253 2139 2481 2202 aspectu
2509 2131 2769 2202 dignatus
2791 2133 2971 2187 noluit
2990 2148 3111 2188 esse
3129 2134 3468 2192 communia.
3492 2132 3651 2201 quod-

2048 2224 2215 2279 semel
2254 2222 2463 2278 fuerint
2508 2214 2598 2278 Dei
2653 2224 2963 2279 ministerio
3020 2234 3073 2279 et
3108 2225 3283 2278 culmi
3328 2225 3506 2279 dicata
3541 2226 3640 2293 (ita

2048 2313 2194 2370 enim
2228 2312 2373 2368 Deus
2404 2314 2521 2381 ipse
2547 2312 2754 2369 famulo
2781 2330 2886 2370 suo
2928 2314 3333 2385 mandaverat),
3364 2315 3647 2385 quomodo

2050 2406 2133 2461 vir
2161 2406 2267 2460 iste
2296 2406 2351 2460 in
2374 2406 2782 2470 deﬁnitionem,
2821 2423 2942 2476 qua:
2970 2408 3215 2463 continet
3248 2416 3300 2463 et
3321 2424 3463 2477 saepe
3486 2424 3642 2478 repe-

2051 2500 2115 2553 tit
2151 2497 2501 2553 formidabile
2530 2497 2624 2554 Dei
2660 2514 2886 2565 nomen,
2930 2500 3109 2554 Patris
3153 2509 3209 2554 et
3243 2499 3366 2554 Filii
3414 2510 3469 2555 et
3521 2501 3644 2571 Spi-

2049 2591 2191 2647 ritus
2217 2591 2415 2658 sancti,
2448 2591 2586 2646 nihil
2620 2592 2827 2649 veritus
2850 2593 2982 2647 talia
3031 2596 3291 2649 eructat?
3318 2592 3517 2649 Veluzn
3541 2610 3643 2648 nos

2050 2684 2460 2755 respondendo,
2503 2685 2710 2755 ubique
2777 2685 3110 2741 modestiam
3170 2696 3473 2746 sectantes.
3504 2687 3653 2740 nihil-

2048 2778 2115 2831 ad
2147 2778 2250 2833 hoc
2283 2777 2549 2843 dicimus,
2581 2787 2640 2833 ut
2680 2780 2746 2835 ad
2779 2781 2887 2833 alia
2929 2794 3148 2851 quoque
3173 2780 3245 2835 ab
3290 2781 3407 2851 ipso
3430 2795 3528 2849 per
3563 2780 3643 2833 bi-

2050 2868 2157 2925 lem
2193 2872 2358 2941 plane
2390 2881 2442 2926 et
2474 2871 2817 2927 iracundiam
2848 2875 3083 2945 prolata,
3140 2890 3263 2944 qua:
3311 2875 3644 2941 redarguere

2048 2977 2161 3019 non
2193 2974 2277 3020 est
2305 2964 2362 3018 in
2384 2965 2610 3025 animo;
2657 2966 2830 3021 solam
2882 2969 3083 3037 quippe
3126 2968 3410 3021 veritatem
3468 2968 3655 3020 denu-7

2050 3057 2183 3111 dare
2219 3057 2495 3121 volentes.
2521 3069 2719 3113 caetera
2749 3060 3200 3130 parvipendimus
3240 3076 3361 3130 quae
3430 3075 3537 3113 non
3578 3075 3658 3113 ρο-

2050 3149 2309 3215 tendunt,
2349 3150 2444 3207 sed
2471 3152 2899 3206 ostentationem
2958 3168 3066 3221 prae
3102 3168 3160 3206 se
3188 3154 3395 3208 lerunt.

2689 3243 2929 3298 EPIIES.

447 3335 555 3389 Καὶ
582 3336 741 3405 ἡμεῖς
779 3334 877 3403 μὲν
913 3331 1053 3403 μετὰ
1080 3332 1173 3387 τοῦ
1207 3330 1505 3401 φιλοσόφου
1542 3331 1637 3385 καὶ
1668 3331 1949 3404 μάρτυρος

2126 3336 2190 3391 Et
2233 3351 2332 3390 nos
2357 3336 2577 3405 quidem
2608 3352 2734 3390 eum
2760 3337 2982 3393 Justino
3023 3338 3352 3408 philosopho
3404 3346 3459 3392 et
3503 3352 3646 3388 mar-

388 3426 698 3492 ἰουστίνου,
735 3425 809 3489 ὡς
841 3429 868 3479 ὁ
914 3425 1043 3489 Υἱὸς
1084 3426 1147 3478 ὲκ
1187 3425 1282 3478 τοῦ
1313 3423 1547 3496 Πατρὸς,
1578 3422 1724 3477 οὕτω
1764 3426 1858 3477 καὶ
1889 3425 1949 3475 τὸ

2058 3438 2175 3499 tyre
2199 3427 2438 3484 dicimus
2471 3446 2488 3485 :
2525 3427 2999 3495 Quemadmodum
3029 3447 3094 3485 ex
3147 3431 3307 3484 Patre
3341 3431 3530 3493 Filius,
3568 3429 3656 3481 ita.

382 3519 605 3590 Πνεῦμα
646 3522 710 3573 ὲκ
738 3519 835 3572 τοῦ
872 3519 1084 3586 Πατρδς
1114 3517 1373 3587 λέγομεν*
1403 3516 1549 3570 οῦτοι
1574 3517 1632 3571 δὲ
1672 3517 1811 3588 μετὰ
1846 3515 1955 3570 τῶν

383 3614 629 3668 Λατίνων
662 3614 751 3667 τδν
789 3612 887 3682 μὲν
923 3611 1053 3665 Υίδν
1093 3610 1339 3680 ἀμέσως,
1369 3610 1429 3662 τὸ
1478 3609 1809 3682 δὲίῐῐνεῦμα
1854 3612 1956 3677 έμ-

384 3708 559 3777 ρέσως
594 3710 654 3759 ὲκ
685 3681 1030 3773 τοῦπατρὸς
1069 3703 1315 3771 λέγουσι.
1346 3703 1455 3755 Καὶ
1488 3681 1653 3773 ἡμεῖς
1679 3702 1779 3771 μὲν
1815 3703 1958 3769 μετὰ.

380 3799 471 3852 τοῦ
528 3794 913 3868 Δαμασκηνοῦ*
940 3795 1039 3848 καὶ
1083 3794 1193 3848 τῶν
1258 3793 1519 3863 Πατέρων
1557 3795 1814 3848 ἁπάντων
1855 3795 1955 3862 τὴν

378 3892 637 3960 διαφορὰν
667 3890 766 3958 τῆς
805 3888 1117 3959 γεννήσεως
1156 3890 1249 3939 καὶ
1283 3885 1670 3956 ἐκπορεύσεως
1734 3887 1954 3953 ἀγνοεῖν

378 3979 640 4049 ὁμολογοῦ
656 3997 775 4050 μεν’
812 3970 959 4033 οὗτοι
989 3978 1046 4031 δὲ
1080 3978 1221 4049 μετὰ
1246 3977 1339 4030 τοῦ
1363 3978 1538 4047 Θωμᾶ
1568 3978 1663 4031 καὶ
1702 3978 1812 4031 τῶν
1846 3981 1947 4033 Δα-

376 4073 531 4125 τίνων
558 4071 635 4140 τῷ
669 4071 895 4141 ὲμμέσῳ
941 4071 1037 4123 καὶ
1095 4068 1287 4141 ἁμέσῳ
1348 4070 1631 4141 διαφέρειν
1663 4070 1800 4138 φασὶ
1853 4071 1954 4135 τὰς

382 4185 417 4217 π
424 4166 603 4235 ροὸδου
612 4183 659 4228 ς.

1063 4258 1272 4312 ΔΠΟΔ.

450 4353 559 4407 Καὶ
588 4352 748 4419 ἡμεῖς
798 4351 862 4403 ἐκ
914 4350 1009 4403 τοῦ
1063 4350 1275 4417 Πατρδς
1304 4350 1538 4417 λέγομεν
1579 4348 1669 4402 τὸν
1701 4348 1827 4401 Υίὸν
1859 4349 1954 4402 καὶ

379 4448 439 4497 τὸ
471 4443 730 4511 Πνεῦμα,
782 4441 921 4510 πλὴν
972 4441 1066 4493 τοῦ
1116 4440 1326 4510 τρόπου
1372 4441 1471 4510 τῆς
1521 4440 1847 4510 ὑπάρξεως,
1877 4440 1954 4501 ὡς

383 4538 543 4597 αὐτὸς
580 4536 744 4589 πάλιν
774 4537 801 4588 6
829 4532 1008 4602 ἅγιος,
1037 4533 1142 4587 κᾶν
1173 4533 1338 4596 αὐτὸς
1368 4532 1527 4586 τοῦτο
1572 4532 1945 4603 παρέδραμεν.

384 4632 443 4683 El
472 4631 579 4699 γὰρ
614 4629 710 4682 καὶ
753 4628 1085 4697 ἀμφοτέρων
1110 4628 1139 4679 6
1166 4625 1355 4697 Πατὴρ
1392 4626 1565 4690 αἴτιός
1614 4627 1784 4689 ἐστιν,
1818 4626 1952 4679 ἀλλὰ

2056 3521 2222 3576 etiam
2252 3536 2317 3576 ex
2347 3520 2508 3575 Patre
2544 3522 2787 3592 Spiritus
2816 3540 2829 3587 ;
2866 3524 2954 3576 isti
2992 3538 3121 3578 vero
3152 3539 3275 3577 cum
3324 3523 3533 3576 Latinis
3557 3522 3683 3581 ΡΑ,

2058 3615 2191 3669 lium
2223 3615 2447 3685 quidem
2482 3616 2829 3684 immediate,
2872 3615 3137 3685 Spiritum
3184 3633 3313 3672 vero
3358 3633 3421 3669 ex
3486 3615 3652 3669 Pner

2058 3706 2295 3762 mediate
2317 3717 2597 3763 asserunt.
2626 3706 2688 3761 Et
2721 3725 2819 3764 nos
2855 3710 3075 3778 quidem
3126 3726 3246 3764 cum
3306 3709 3648 3763 mrumsccnu

2055 3809 2111 3856 et
2129 3799 2345 3856 cunctis
2364 3798 2620 3855 Patrihus
2641 3800 3005 3855 dim-rentiam
3027 3802 3398 3870 generationis
3431 3810 3485 3854 ct
3520 3816 3648 3870 pro—

2058 3893 2333 3948 cessionis
2365 3893 2619 3961 ignorare
2654 3893 2891 3948 fatemur
2926 3911 2939 3955 ;
2971 3895 3060 3947 isti
3097 3910 3226 3949 vero
3252 3910 3377 3948 cum
3430 3893 3643 3947 Tlmma

2057 3994 2112 4039 et
2134 3982 2344 4040 Latinis
2390 3985 2725 4040 mediatione
2752 3995 2805 4040 et
2833 3986 3246 4043 imtuediatione
3273 3987 3411 4040 hanc
3432 3984 3649 4038 dim-ne

2057 4081 2215 4135 aiunt
2246 4080 2661 4151 productiOnes.

2745 4240 2944 4298 RESP.

2125 4340 2236 4399 Nos
2261 4358 2479 4414 quoque
2501 4341 2697 4396 Filium
2728 4346 2781 4395 et
2798 4336 3064 4407 Spiritqu
3098 4353 3160 4390 ex
3201 4337 3362 4390 Patre
3388 4333 3645 4397 dicimus,

2056 4436 2280 4493 diverso
2320 4446 2508 4489 tamen
2540 4431 2882 4489 subsistendi
2916 4429 3096 4491 modo,
3138 4441 3197 4482 ut
3241 4428 3474 4497 ipsemet
3524 4441 3651 4479 san-

2054 4540 2178 4587 ctus
2200 4528 2479 4598 exprimit,
2526 4527 2652 4581 licet
2685 4524 2788 4581 iste
2822 4524 2924 4577 hoc
2976 4521 3297 4576 trausilierit
3326 4520 3461 4590 (l8).
3528 4516 3650 4571 Etsi

2070 4624 2215 4679 enim
2253 4623 2419 4676 Pater
2447 4629 2532 4676 est
2565 4618 3081 4686 causautrinsque,
3113 4626 3296 4669 tamen
3350 4614 3499 4668 illius
3554 4627 3653 4681 per

378 4720 469 4773 τοῦ
510 4720 607 4790 μὲν
654 4717 772 4769 ἔστι
824 4716 969 4769 κατὰ
1021 4716 1317 4785 γέννησιν,
1366 4715 1462 4767 τοῦ
1512 4716 1569 4768 δὲ
1617 4715 1739 4769 κατ’
1787 4717 1949 4769 ἐκπό-

2063 4716 2504 4788 generationcm,
2538 4712 2701 4783 hujus
2732 4727 2862 4767 vero
2903 4719 2986 4764 est
3044 4725 3143 4779 per
3192 4708 3602 4779 processionrm
3636 4722 3651 4760 :

383 4828 564 4881 ρευσιν
587 4826 601 4840 ·
636 4811 731 4862 καὶ
764 4807 859 4861 τοῦ
898 4808 999 4878 μὲν
1030 4808 1105 4871 ὼς
1136 4808 1444 4876 γεννήτωρ,
1484 4806 1578 4860 τοῦ
1611 4807 1667 4860 δὲ
1696 4807 1772 4869 ὡς
1814 4825 1954 4878 προσ

383 4906 594 4966 6)λεύς’
628 4905 721 4957 καὶ
758 4902 855 4957 τοῦ
905 4903 1003 4973 μὲν
1036 4902 1323 4974 προσεχῶς
1352 4904 1445 4957 καὶ
1476 4904 1723 4972 ἀμέσως,
1753 4902 1956 4974 δηλαδὴ

383 4998 475 5052 τοῦ
509 4996 642 5051 Υἱοῦ
675 4998 739 5049 ὲκ
767 4996 864 5049 τοῦ
905 4996 1146 5065 Πατρδς,
1180 4994 1276 5048 τοῦ
1317 4996 1372 5047 δὲ
1410 4995 1497 5049 διὰ
1524 4993 1621 5049 τοῦ
1672 4996 1954 5065 προσεχῶς

381 5094 444 5143 ἐκ
471 5090 565 5143 τοῦ
625 5089 841 5159 [ἰατρὸς
871 5129 886 5153 ,
941 5088 1225 5141 τουτέστιν
1275 5088 1540 5159 ἐμμὲσως
1584 5088 1678 5141 καὶ
1730 5088 1816 5140 διὰ
1860 5086 1955 5140 τοῦ

379 5183 531 5248 Υἱοῦ,
559 5184 808 5237 τουτέστι
846 5183 941 5237 τοῦ
976 5182 1321 5253 Πνεύματος.
1350 5184 1457 5235 Κα.
1488 5182 1660 5236 ταῦτα
1695 5182 1959 5252 μαθόντες

378 5280 439 5332 οὐ
480 5281 629 5347 παρὰ
656 5279 922 5342 Λατίνων,
953 5276 1028 5340 ὼς
1062 5277 1228 5339 αὐτός
1262 5294 1453 5345 φησιν,
1491 5275 1631 5329 ἀλλὰ
1662 5277 1955 5347 ἀμφότερα

379 5372 485 5424 ἀπὸ
514 5371 621 5424 τῶν
676 5370 774 5439 τῆς
814 5368 1151 5435 Ἐκκλησίας
1207 5366 1566 5421 διδασκάλων.
1632 5369 1800 5420 Καὶό
1858 5367 1959 5436 μὲν

383 5463 683 5533 Γρηγόριος
718 5465 746 5515 ὁ
770 5460 1058 5529 Θεολόγος,
1082 5462 1157 5514 Τὸ
1190 5461 1288 5525 τῆς
1321 5462 1636 5529 ὲκφάνσεως
1671 5458 1956 5528 διάφορον,

381 5557 555 5625 φησὶ,
585 5555 844 5626 διάφορον
898 5556 994 5608 καὶ
1042 5555 1143 5624 τὴν
1200 5554 1395 5623 κλῆσιν
1442 5552 1766 5621 πεποίηκεν.
1814 5551 1876 5605 '0
1902 5550 1960 5617 δὲ

382 5648 602 5718 Νύσσης
650 5647 955 5717 Γρηγόριος
1038 5648 1096 5699 ἐν
1161 5644 1242 5715 τῷ
1297 5648 1434 5716 πρὸς
1495 5643 1781 5700 ’Λϐλάὸιον
1814 5643 1957 5714 λόγῳ

382 5740 534 5807 φησι·
569 5740 644 5792 Τὸ
678 5740 777 5809 μὲν
812 5738 920 5808 γάρ
955 5740 1070 5791 ἐστι
1102 5754 1393 5809 προσεχως
1445 5737 1506 5789 ἐκ
1560 5734 1656 5789 τοῦ
1714 5734 1954 5809 πρώτου,

453 5918 563 5988 (l8)
588 5916 643 5971 In
682 5916 1037 5988 Ejtpositione
1061 5916 1215 5983 ﬁdei.
1254 5986 1259 5991 ι

2065 4820 2119 4866 et
2156 4808 2303 4864 illius
2335 4806 2556 4875 quidem
2586 4813 2644 4859 ut
2676 4805 2914 4875 genitor,
2950 4801 3114 4870 hujus
3168 4816 3299 4855 vero
3346 4807 3403 4854 ut
3452 4798 3656 4868 produ-

2066 4910 2186 4955 ctor
2222 4916 2235 4952 :
2265 4908 2319 4953 et
2354 4898 2503 4952 illius
2540 4896 2762 4966 quidem
2800 4894 3051 4965 proxime
3086 4904 3141 4946 et
3189 4892 3525 4953 immediate,
3550 4892 3658 4943 sci-

2067 4992 2192 5046 licet
2232 4989 2354 5044 Filii
2384 5008 2398 5057 ;
2430 4986 2601 5057 hujus
2634 5000 2781 5042 vero.
2810 5000 2906 5055 per
2958 4984 3115 5038 illum
3142 4983 3234 5052 qui
3310 4983 3555 5051 proxime
3587 4996 3652 5033 ex

2066 5083 2229 5139 Patre
2258 5090 2362 5146 est,
2398 5082 2500 5139 hoc
2531 5090 2634 5144 est,
2671 5080 2933 5144 mediate,
2995 5088 3049 5133 et
3084 5092 3180 5146 per
3218 5072 3441 5140 Filium,
3477 5074 3653 5128 sam-ti

2068 5175 2324 5230 videlicet
2358 5174 2620 5245 Spiritus.
2656 5173 2719 5227 Et
2741 5174 2851 5227 ha‘c
2885 5172 2988 5241 ipsi
3025 5187 3130 5224 non
3162 5184 3189 5221 a
3217 5167 3427 5222 Latinis
3454 5167 3654 5221 didici-

2065 5286 2212 5334 mus,
2242 5279 2299 5322 ut
2328 5269 2432 5324 iste
2457 5268 2553 5331 ait,
2582 5267 2675 5322 sed
2707 5276 3003 5332 utrumque
3026 5263 3094 5316 ab
3122 5260 3381 5314 Ecclesiae
3411 5256 3654 5311 doctori-

2066 5363 2191 5418 bus.
2226 5361 2359 5416 Nam
2390 5360 2691 5431 Gregorius
2726 5357 3111 5411 Nazianzenus
3172 5351 3308 5422 (1.9),
3366 5352 3651 5412 Diversus,

2067 5457 2247 5527 inquit
2277 5497 2292 5522 ,
2350 5454 2733 5526 productionis
2772 5450 2971 5504 modus
3004 5448 3281 5501 diversam
3307 5460 3526 5513 quoque
3560 5458 3654 5511 ap-

2067 5551 2420 5619 pellationem
2454 5547 2599 5602 fecit.
2632 5542 3021 5612 EtGregorius
3065 5540 3366 5611 Nyssenus,
3430 5537 3483 5590 in
3546 5546 3653 5589 tra-

2067 5652 2218 5697 ctatu
2244 5642 2309 5694 ad
2337 5639 2649 5697 Ablahium.
2706 5636 2801 5689 Ille
2842 5634 2988 5687 enim
3024 5643 3128 5698 est,
3172 5632 3372 5700 inquit,
3402 5627 3652 5699 proxime

2066 5748 2098 5793 a
2124 5733 2303 5805 primo
2331 5746 2346 5797 ;
2384 5731 2470 5785 hic
2494 5745 2624 5784 vero
2657 5744 2751 5798 per
2782 5728 2933 5781 illum
2956 5726 3049 5798 qui
3085 5724 3333 5797 proxime
3367 5731 3451 5778 est
3480 5736 3508 5774 a
3537 5718 3649 5791 pri-

2141 5916 2253 5987 (l9)
2277 5914 2407 5973 Orat
2433 5914 2493 5968 de
2528 5910 2730 5983 Spiritu
2758 5919 2969 5966 sancto.
