4102 6456
452 421 553 487 137

1379 432 1759 494 GREGORII
1801 435 2101 494 MAXIM
2136 435 2248 497 ΟΡ.
2276 436 2791 496 ΡΑΤΗΙΛΒΕΠᾹΞ

3623 439 3722 509 188

447 547 553 612 psit
573 561 900 609 sermonem,
923 547 1081 617 cujus
1109 551 1438 622 principium
1467 556 1574 608 tale.
1597 565 1712 610 est:
1737 555 1886 622 Opus
1910 574 2031 626 pro-

2143 556 2292 610 Ἐδει
2329 561 2430 627 μὲν
2478 557 2697 626 ἀληθῶς
2760 557 2893 628 ήμῖν
2944 555 3348 627 ούρανοδρόμου
3386 555 3482 611 τοῦ
3534 560 3718 628 λόγου,

446 639 586 689 freto
657 649 800 692 esset
859 640 1019 694 nobis
1095 658 1278 697 sermo
1353 646 1660 712 granditate
1739 651 2030 705 verborum

446 729 690 796 turgidus
721 732 966 800 atquein
997 735 1243 788 cmlestia
1283 739 1594 806 pervolans,
1627 739 1754 793 dum
1786 744 2038 811 eupimus

448 838 544 890 per
563 840 684 879 eum
702 840 808 878 una
835 841 960 880 cum
981 841 1170 884 sancto
1186 831 1277 886 Dei
1300 843 1518 902 aspectu
1537 833 1760 906 dignato
1781 836 2034 892 sublimia

447 929 658 984 petere.
706 920 769 975 In
803 921 903 976 hoc
937 922 1055 990 ipso
1090 924 1255 994 igitur
1316 932 1479 984 verba
1511 933 1626 986 haec
1658 934 1819 988 habet
1866 951 1880 988 :
1923 932 2035 1005 Ego

445 1024 576 1061 vero
617 1011 780 1066 licere
807 1016 1030 1082 quidem
1064 1016 1187 1084 ipsi,
1258 1020 1399 1074 sicut
1461 1033 1515 1076 et
1569 1024 1854 1078 animabus
1907 1041 2033 1080 san-

445 1111 683 1164 c'ornm,
727 1118 1055 1174 quocunque
1087 1107 1341 1174 voluerit,
1371 1128 1467 1178 per
1513 1122 1724 1181 tempus
1754 1130 1875 1169 sese
1897 1131 2036 1169 cons

453 1191 614 1258 ferr",
644 1196 858 1265 sibique
884 1200 1062 1254 dicata
1112 1204 1309 1270 templa
1367 1205 1619 1269 invisere,
1647 1221 1808 1276 atque
1837 1206 1904 1262 ad
1935 1224 2031 1264 eos

449 1287 734 1351 accedere,
769 1290 863 1357 qui
919 1294 1038 1358 ejus
1065 1309 1222 1361 Opem
1278 1297 1590 1366 implorant,
1655 1299 2028 1354 necessarium

447 1376 686 1431 arbitror
716 1391 764 1433 et
801 1397 987 1436 verum
1025 1400 1168 1443 esse:
1204 1403 1309 1438 non
1343 1398 1519 1440 tamen
1549 1399 1840 1459 propterea
1875 1390 2031 1446 disco

451 1470 549 1518 rim
589 1469 783 1524 abesse
821 1473 1023 1527 illum'a
1042 1477 1196 1529 caelis
1242 1485 1295 1528 ct
1342 1478 1673 1536 micantibus
1708 1481 1816 1536 illic
1841 1484 2028 1552 splen-

451 1559 702 1622 duribus,
740 1573 978 1616 autcum
1009 1565 1214 1633 angelis
1267 1577 1321 1622 et
1371 1569 1548 1638 ipsum
1609 1587 1715 1625 nou
1768 1575 2029 1628 assistere

454 1651 722 1716 Domino;
765 1656 836 1708 ita
865 1657 1010 1710 enim
1033 1659 1205 1721 fieret,
1240 1671 1296 1713 ut
1322 1662 1532 1715 caeteris
1582 1665 1786 1719 sanctis
1844 1667 2025 1722 minus

455 1744 692 1811 haberet,
729 1749 822 1815 qui
857 1747 969 1803 fere
995 1751 1252 1807 munibus
1310 1754 1503 1818 anteit,
1541 1754 1585 1807 si
1613 1755 1743 1823 quia
1804 1772 2022 1811 carnem

453 1845 647 1898 gestat,
687 1839 910 1894 orbatus
937 1851 1081 1896 esset
1143 1857 1330 1897 eormn
1401 1847 1704 1910 c0nsnrli0,
1764 1859 1817 1898 et
1879 1849 2022 1902 rlai-a

451 1929 546 1984 Dei
581 1933 794 1988 visione
823 1949 929 1987 nou
965 1935 1265 1997 frueretur,
1293 1939 1456 2007 cujus
1511 1941 1784 2008 pra-cipue
1809 1941 2025 1995 fruitio-

452 2038 518 2073 ne
545 2039 651 2076 non
681 2027 858 2079 caruit
893 2042 990 2096 per
1028 2036 1200 2080 totum
1257 2030 1380 2082 vitze
1444 2032 1801 2087 curriculum.
1848 2032 2026 2088 Testi-

452 2117 631 2168 mouio
659 2117 792 2171 mihi
829 2130 914 2173 est
949 2121 1077 2173 illud
1105 2121 1292 2185 etiam,
1348 2126 1492 2190 quod
1530 2124 1582 2177 in
1635 2140 1758 2178 eum
1793 2127 1875 2180 his
1906 2141 2028 2178 ver-

451 2207 532 2260 bis
567 2209 712 2261 canit
733 2209 970 2266 Erclcsia
999 2231 1011 2266 :
1077 2213 1342 2284 Propheta
1365 2213 1566 2269 Christi
1590 2230 1766 2285 praeco
1795 2226 1849 2270 tn
1881 2235 2026 2271 nun-

453 2313 614 2360 quam
671 2314 702 2352 n
762 2301 891 2356 sede
951 2304 1253 2372 majestatis
1296 2305 1633 2375 abjungeris,
1692 2319 1743 2362 et
1797 2309 2026 2375 singulis

450 2392 847 2456 :t-grotantibus
875 2409 1090 2465 semper
1119 2397 1272 2464 ades,
1311 2399 1363 2452 iu
1401 2400 1632 2453 excelsis
1661 2400 1895 2455 fundens
1929 2417 2025 2470 pro

450 2478 708 2533 ouinibus
737 2497 947 2550 preces,
973 2485 1092 2540 orbi
1152 2496 1423 2543 terrarum
1481 2489 1746 2544 beneficia
1804 2492 2022 2555 tribuis,

452 2580 506 2622 rt
542 2572 1014 2644 laudibusnbique
1061 2578 1382 2635 celebraris.
1411 2581 1487 2634 Eu
1515 2584 1594 2635 vir
1647 2583 1883 2639 eximius
1937 2600 2026 2651 pa-

451 2661 557 2712 lmi
586 2673 879 2735 aperteque
907 2679 1188 2724 asseverat
1246 2682 1468 2728 sanctos
1517 2673 1625 2729 frui
1656 2675 1802 2730 clara
1827 2675 1917 2731 Dei
1951 2677 2029 2730 vi-

451 2753 961 2819 sione,etsanctum
993 2761 1163 2815 Eliam
1192 2762 1272 2815 vel
1305 2779 1430 2818 cum
1463 2764 1582 2834 ipso
1639 2781 1868 2836 corpore
1924 2767 2028 2822 hu-

445 2846 686 2912 iusmodi
723 2850 938 2907 visione
963 2867 1069 2907 non
1091 2853 1271 2910 deﬁci.
1295 2857 1493 2909 Doceat
1516 2872 1649 2927 ergo
1679 2872 1803 2923 nos,
1832 2873 1898 2911 an
1931 2873 2028 2928 pa-

451 2945 630 2992 ratum
663 2955 891 3010 regnum
917 2951 972 2997 et
1004 2957 1206 2999 arcana
1237 2945 1326 2998 illa
1362 2947 1504 3001 bona
1562 2947 1846 3003 diversum
1897 2949 2026 3019 quid

449 3029 608 3084 s’uta
639 3031 783 3084 clara
820 3031 914 3087 Dei
947 3033 1182 3100 visione,
1210 3034 1280 3090 ita
1349 3036 1494 3093 enim
1541 3037 1730 3093 fruitio
1788 3039 1877 3093 illa
1923 3040 2028 3095 erit

452 3121 662 3178 tis-ioue
693 3123 784 3178 Dei
813 3125 940 3194 quid
1003 3127 1204 3197 majus.
1256 3129 1328 3183 At
1381 3143 1542 3184 nemo
1588 3140 1904 3186 sanctorum
1958 3134 2024 3186 ad

452 3214 594 3268 hanc
627 3214 769 3270 diem
800 3216 957 3284 dixit,
994 3220 1466 3291 esse‘quidpiam,
1511 3223 1655 3292 quod
1688 3240 1792 3279 una
1819 3225 2027 3280 visione

454 3302 544 3364 l‘ci
579 3303 701 3371 plus
726 3303 974 3362 conferat
1005 3307 1070 3361 ad
1091 3308 1405 3364 fruitionem
1446 3327 1459 3362 :
1500 3311 1642 3366 sicut
1672 3314 1836 3366 etiam
1869 3329 2030 3368 nemo

449 3397 607 3459 dixit,
637 3397 781 3466 quod
817 3398 935 3468 ipse
959 3401 1181 3466 asserit,
1215 3401 1268 3454 in
1325 3404 1495 3472 hujus
1524 3404 1876 3461 scilicetvitaa
1906 3422 2030 3460 cur-

447 3488 621 3542 riculo
659 3488 932 3559 ejusmodi
971 3491 1233 3553 visionem
1258 3495 1508 3550 concedi.
1547 3495 1709 3562 Quod
1755 3512 1882 3552 vero
1905 3513 2032 3554 san-

451 3594 482 3633 e
513 3580 526 3632 i
563 3579 727 3634 Deum
761 3581 910 3636 clare
945 3597 1093 3640 nunc
1122 3584 1365 3652 videant,
1390 3598 1763 3657 congruenter
1793 3603 2032 3658 vereque

448 3671 724 3742 afﬁrmat;
787 3675 949 3735 habet
995 3677 1140 3735 enim
1190 3678 1354 3748 hujus
1418 3681 1495 3735 rei
1561 3690 1724 3736 testes
1781 3691 1834 3737 et
1870 3683 2030 3744 alios.

450 3779 646 3834 nempe
681 3775 926 3829 sanctos,
984 3769 1129 3823 inter
1158 3785 1299 3838 quos
1359 3770 1576 3826 Patrem
1642 3773 2032 3844 doctoremque

445 3852 713 3910 Joannem
745 3856 1228 3930 Chrysostomum,
1260 3862 1358 3931 qui
1393 3864 1445 3916 in
1470 3862 1563 3916 illo
1625 3878 1904 3932 sermone,
1932 3883 2032 3920 cu-
2059 3881 2070 3890 '

441 3945 535 4016 jus
588 3948 877 4019 inscriptio
933 3961 1017 4006 est
1063 3969 1077 4006 :
1139 3951 1296 4018 Quod
1349 3963 1655 4024 peccatores
1709 3955 2030 4025 deplorandi

445 4042 576 4102 sint,
629 4042 868 4112 quodque
913 4045 1294 4099 dormientibus
1344 4062 1593 4116 magnam
1629 4047 1862 4116 aferant
1925 4053 2035 4104 uti-

449 4132 651 4186 litatem
685 4134 956 4203 sacriﬁcia
984 4152 1079 4203 pro
1111 4138 1218 4191 illis
1257 4138 1439 4191 oblata
1470 4153 1488 4192 :
1515 4138 1733 4193 initium
1765 4156 1894 4195 vero
1917 4157 2034 4197 ser-

448 4223 626 4278 monis
673 4225 821 4280 tale:
887 4223 1058 4292 Mors,
1113 4232 1336 4293 fratres,
1399 4243 1487 4284 res
1548 4238 1634 4284 cst
1690 4229 2026 4297 indifferens,

447 4313 814 4381 Gaudeamus,
847 4317 1047 4387 inquit,
1077 4329 1298 4386 propter
1345 4319 1524 4388 justos
1569 4335 1677 4375 non
1736 4323 1912 4375 solum
1940 4337 2033 4378 sn.

451 4407 729 4474 pcrstites,
747 4407 840 4462 sed
868 4406 1031 4460 etiam
1054 4410 1161 4462 vita
1180 4410 1419 4479 functos,
1444 4411 1520 4464 ΙΙΙί
1544 4411 1670 4473 dum
1692 4410 1870 4465 adhuc
1893 4412 2034 4473 hanc

454 4497 628 4551 lucem
649 4499 945 4567 aspiciunt,
973 4501 1270 4555 miserandi
1309 4503 1568 4556 omnibus
1592 4511 1744 4566 sunt,
1772 4504 2030 4573 quoniam

2143 650 2557 719 συνεπαρθῆναι
2592 650 2660 703 δι’
2720 648 2889 703 αὑτοῦ
2948 647 3026 718 τῷ
3087 649 3297 724 θεόπτῃ
3331 651 3718 721 προθυμουμέ-

2137 757 2250 803 νοις
2271 759 2286 772 ο
2311 743 2370 795 ἐν
2391 741 2567 809 τούτῳ
2597 743 2762 812 φησιν
2783 758 2795 772 ’
2841 741 2988 810 Ἐγὼ
3008 741 3054 796 δ’
3068 744 3151 796 ὅτι
3185 743 3285 813 μὲν
3310 744 3519 810 ἔξεστιν
3541 745 3718 812 αὐτῷ,

2138 832 2392 903 καθάπερ
2417 835 2507 888 καὶ
2533 836 2648 896 ταῖς
2675 834 2786 888 τῶν
2815 834 2986 901 ἁγίων
3017 832 3238 903 ψυχαῖς,
3269 834 3394 888 ὅποι
3422 834 3552 890 ποτὲ
3585 835 3716 904 βού-

2135 927 2285 980 λεται
2310 927 2448 980 κατὰ
2467 927 2658 996 καιρδν
2689 927 3100 996 ἐπιχωριάζειν,
3120 929 3267 990 ναοῖς
3286 944 3345 980 τε
3372 927 3594 989 οἰκείοις
3615 929 3718 992 ἐμ-

2135 1019 2484 1088 φιλοχωρεῖν,
2516 1019 2612 1072 καὶ
2650 1020 2761 1080 τοῖς
2787 1019 3046 1074 ἑκάστοτε
3087 1018 3362 1088 δεομένοις
3397 1019 3709 1096 ἐπιφοιτᾷν,

2134 1110 2432 1178 ἀναγκαῖόν
2466 1128 2523 1164 τε
2554 1110 2800 1181 ἠγοῦμαι
2829 1112 2924 1165 καὶ
2953 1111 3156 1180 ἀληθὲς
3187 1107 3360 1164 εἶναι·
3395 1111 3456 1162 οὑ
3490 1109 3598 1180 μὴν
3626 1109 3717 1163 διὰ

2131 1199 2306 1254 ταῦτα
2332 1201 2500 1272 φαίην
2535 1202 2602 1256 ἂν
2633 1203 2796 1256 αὐτὸν
2835 1201 2944 1255 τῶν
2995 1199 3242 1272 οὐρανῶν
3293 1198 3713 1264 ἀπολείπεσθαι,

2133 1292 2230 1344 καὶ
2264 1293 2365 1361 τῆς
2404 1284 2585 1346 ἐκεῖσε
2615 1293 3064 1364 λαμπροφορίας,
3110 1294 3206 1346 καὶ
3241 1292 3378 1363 μετὰ
3405 1293 3513 1344 τῶν
3541 1292 3714 1360 άγγέο

2131 1382 2239 1435 λων
2297 1384 2626 1454 δεσποτικῆς
2683 1379 3180 1454 παραστάσεως’ἦ
3218 1385 3327 1454 γὰρ
3363 1384 3431 1438 ἂν
3488 1382 3713 1435 ἔλαττον

2129 1475 2244 1549 ετχε
2290 1479 2400 1531 τῶν
2433 1477 2609 1531 ἄλλων
2635 1477 2808 1545 ἁγίων
2833 1480 2860 1532 ὁ
2884 1477 3024 1546 ὑπὲρ
3065 1477 3275 1540 πάντας
3327 1475 3539 1546 σχεδὸν,
3572 1474 3626 1528 ετ
3647 1491 3713 1540 γε

2128 1568 2215 1621 διὰ
2245 1568 2305 1620 τὸ
2328 1567 2426 1636 τὴν
2448 1567 2627 1636 σάρκα
2655 1569 2842 1636 φορεῖν
2869 1566 3194 1637 ἀφειστήκει
3228 1567 3329 1636 τῆς
3375 1565 3490 1634 μετ’
3528 1563 3711 1617 αὐτῶν

2129 1659 2412 1721 κοινωνίας
2435 1659 2651 1728 καὶτῆς
2671 1659 2766 1712 τοῦ
2792 1657 2929 1712 Θεοῦ
2955 1657 3091 1728 πρὸς
3122 1657 3416 1727 πρόσωπον
3448 1655 3708 1726 Θεωρίας,

2127 1746 2193 1821 ἦς
2225 1751 2320 1804 καὶ
2354 1749 2507 1821 παρᾶ
2539 1752 2716 1803 πάντα
2743 1749 2836 1802 τὸν
2866 1748 2981 1818 βίον
3059 1748 3356 1816 ἐξαιρέτως
3395 1746 3705 1813 άπήλαυσε.

2127 1844 2416 1912 Μαρτυρεῖ
2463 1859 2554 1911 μοι
2583 1841 2660 1911 τῷ
2708 1841 2849 1910 λόγῳ
2885 1839 2978 1893 καὶ
3008 1841 3068 1893 τὸ
3121 1843 3201 1900 είς
3239 1839 3400 1892 αὐτὸν
3431 1837 3580 1908 παρὰ
3609 1838 3713 1906 τῆς

2144 1932 2470 2000 Ἐκκλησίας
2511 1931 2771 2002 ᾀδόμενον
2809 1928 2981 1992 οὕτως
3017 1928 3137 1998 ἕχον
3161 1941 3177 1956 ⁶
3214 1928 3472 1998 Προφῆτα
3531 1922 3712 1994 κήρυξ

2135 2023 2374 2096 Χριστοῦ
2428 2022 2523 2076 τοῦ
2586 2022 2778 2091 θρόνου
2829 2020 2930 2089 τῆς
2995 2018 3392 2089 μεγαλωσύνης
3451 2017 3711 2069 οὐδέποτε

2134 2114 2363 2186 χωρίζῃ,
2417 2116 2504 2165 κα)
2563 2112 2778 2181 ἑκάστῳ
2829 2109 3145 2163 ἀσθενοῦντι
3205 2109 3292 2160 ἀεὶ
3348 2108 3712 2175 παρίστασαι,

2135 2209 2191 2258 ὲν
2211 2209 2323 2270 τοῖς
2343 2204 2588 2274 ὑψίστοις
2619 2203 2952 2272 λειτουργῶν
2975 2201 3071 2272 τὴν
3105 2203 3254 2254 οἰκον
3265 2200 3436 2269 μένην
3463 2198 3710 2266 εὐλογεῖς

2136 2295 2413 2367 πανταχοῦ
2450 2297 2837 2368 δοξαζόμενος.
2877 2295 3009 2350 Ἰδοὺ
3053 2294 3322 2366 λαμπρῶς
3363 2294 3457 2346 καὶ
3491 2308 3707 2361 προφα-

2135 2393 2502 2459 νῶςὸτίμιος
2575 2385 2728 2454 οὗτος
2756 2394 2856 2461 τῆς
2911 2389 3049 2458 πρὸς
3123 2389 3415 2453 πρόσωπον
3473 2384 3710 2453 Θεωρίας

2132 2483 2225 2537 τοῦ
2268 2483 2402 2536 Θεοῦ
2453 2484 2581 2545 τοὺς
2631 2483 2820 2551 ἁγίους
2850 2481 3144 2535 ἀπολαύειν
3165 2477 3580 2548 διισχυρίζεται,
3617 2474 3713 2528 καὶ

2134 2574 2225 2629 τὸν
2254 2575 2410 2642 ἆγιον
2442 2574 2629 2629 Ἠλίαν
2649 2573 2744 2627 καὶ
2768 2574 2908 2643 μετὰ
2924 2573 3020 2626 τοῦ
3050 2571 3296 2642 σώματος
3329 2571 3430 2640 τῆς
3451 2570 3712 2638 τοιαύτης

2133 2667 2414 2734 ἀξιοῦσθαι
2465 2650 2704 2737 Θεωρίας
2771 2667 2994 2734 φάσκει.
3063 2667 3124 2719 Et
3173 2664 3265 2717 οῦν
3303 2664 3433 2718 ἄλλο
3475 2665 3529 2715 τί
3561 2666 3711 2716 ἐστιν

2135 2759 2169 2828 ἠ
2202 2757 2582 2827 ἡτοιμασμένη
2619 2754 2867 2826 βασιλεία
2926 2753 3023 2807 καὶ
3073 2753 3140 2806 τά
3185 2755 3478 2823 ἀπόρρητα
3530 2748 3711 2818 ἀγαθά

2133 2849 2182 2900 εί
2215 2847 2289 2917 μὴ
2311 2849 2344 2917 ἡ
2381 2846 2474 2901 τοῦ
2503 2846 2640 2900 Θεοῦ
2679 2846 2884 2915 Θεωρία
2919 2847 2952 2915 ἡ
2987 2845 3282 2914 πρόσωπον
3321 2843 3458 2912 πρὸς
3488 2840 3711 2912 πρόσω-

2133 2957 2259 3006 πον,
2293 2939 2651 3010 ἑμφανισάτω
2683 2940 2816 3009 ἡμῖν
2841 2955 2854 2970 ο
2905 2937 3060 2991 ἐσται
3101 2937 3207 3005 γὰρ
3266 2936 3448 3006 ἐκείνη
3505 2933 3710 3003 μείζων

2133 3034 2234 3103 τῆς
2267 3033 2503 3102 Θεωρίας
2532 3030 2700 3086 αὑτοῦ
2733 3029 2826 3082 τοῦ
2861 3029 2995 3082 Θεοῦ
3029 3030 3062 3099 ἡ
3098 3029 3415 3089 ἀπόλαυσις.
3447 3026 3595 3079 Ἀλλ’
3621 3025 3711 3078 ού-

2133 3124 2246 3188 δεὶς
2280 3123 2390 3175 τῶν
2424 3121 2599 3190 ἁγίων
2633 3121 2799 3192 μέχρι
2850 3119 2947 3174 καὶ
2993 3119 3236 3189 τήμερον
3285 3117 3433 3172 τοῦτ’
3460 3116 3709 3188 εἴρηκεν,

2134 3216 2217 3269 ὅτι
2251 3214 2368 3268 ἔστι
2399 3231 2452 3267 τι
2485 3213 2672 3284 μεῖζον
2706 3215 2787 3276 είς
2820 3211 3146 3276 ἀπόλαυσιν,
3184 3210 3231 3262 εἰ
3266 3209 3343 3279 μὴ
3377 3209 3517 3278 μόνη
3548 3211 3581 3277 ἡ
3613 3207 3712 3261 τοῦ

2133 3307 2268 3362 Θεοῦ
2303 3308 2528 3378 Θεωρία.
2561 3307 2728 3362 Ἀλλά
2762 3307 2858 3360 καὶ
2892 3305 2951 3357 τὸ
3003 3304 3157 3374 παρα
3210 3302 3402 3356 τοῦτον
3451 3301 3544 3355 τὸν
3595 3300 3712 3372 βίον

2134 3402 2394 3471 τοιαύτης
2429 3398 2716 3465 ἀξιοῦσθαι
2751 3398 3014 3470 Θεωρίας,
3049 3399 3125 3462 ὡς
3169 3397 3334 3461 αὐτός
3389 3415 3574 3467 φησιν,
3623 3399 3717 3450 ού-

2131 3494 2240 3556 δεὶς
2264 3495 2454 3563 εἴρηκε
2475 3507 2487 3521 ·
2521 3493 2582 3546 τὸ
2620 3493 2680 3545 δὲ
2709 3492 3006 3560 πρόσωπον
3051 3490 3188 3561 πρὸς
3220 3489 3513 3559 πρόσωπον
3571 3489 3708 3558 όρᾷν

2131 3587 2260 3650 τοὺς
2294 3584 2484 3652 ἁγίους
2518 3584 2615 3638 νῦν
2641 3586 2734 3637 τὸν
2761 3583 2890 3636 Θεὸν
2928 3583 3111 3644 καλῶς
3137 3583 3232 3634 xui.
3261 3581 3480 3650 ἀληθῶς
3527 3581 3713 3650 λέγει’

2131 3679 2248 3749 ἔχει
2283 3679 2391 3750 γὰρ
2444 3678 2538 3732 καὶ
2589 3677 2781 3740 ἄλλους
2843 3678 2950 3730 τῶν
2999 3676 3172 3743 ἁγίων
3224 3673 3485 3742 λέγοντας
3537 3671 3717 3737 τοῦτο,

2133 3756 2269 3827 ἀλλὰ
2296 3773 2391 3826 καὶ
2424 3773 2516 3826 τὸν
2552 3771 2773 3842 Πατέρα
2805 3772 2902 3825 καὶ
2954 3769 3279 3822 διδάσκαλον
3327 3768 3584 3836 Ἰωάννην
3625 3765 3718 3818 τὸν

2133 3865 2369 3936 χρυσοῦν
2407 3865 2506 3936 τὴν
2541 3863 2827 3933 γλῶτταν·
2884 3863 3020 3932 φησὶ
3049 3861 3160 3930 γὰρ
3198 3862 3256 3914 ὲν
3312 3859 3390 3930 τῷ
3438 3859 3606 3928 λόγῳ,
3654 3850 3718 3912 οὗ

2134 3959 2166 4028 ἡ
2185 3957 2488 4026 ἐπιγραφή·
2511 3955 2639 4008 Ὅτι
2667 3953 2810 4021 τοὺς
2829 3952 3220 4023 ἁμαρτωλοὺς
3244 3951 3341 4006 δεῖ
3359 3950 3602 4020 θρηνεῖν
3617 3949 3718 4005 καί

2134 4047 2222 4102 ὅτι
2256 4046 2529 4117 μεγάλως
2571 4043 2877 4114 ὠφελοῦσι
2914 4044 3059 4112 τοὺς
3103 4043 3580 4112 κεκοιμημένους
3649 4044 3710 4095 al

2134 4141 2288 4209 ὑπὲρ
2337 4137 2538 4194 αὐτῶν
2589 4137 2953 4207 λειτουργίαι
2981 4153 2996 4169 ν
3029 4137 3062 4208 ἡ
3105 4137 3163 4191 δὲ
3207 4133 3352 4207 ἀρχὴ
3389 4135 3483 4189 τοῦ
3515 4135 3676 4202 λόγου
3700 4149 3717 4165 ο

2133 4233 2396 4296 Θάναττς,
2442 4231 2680 4301 ἀδελφοὶ,
2703 4229 2813 4283 τῶν
2834 4229 3151 4300 ἀδιαφόρων
3171 4229 3317 4282 ὲστίε
3343 4227 3640 4297 Χαίρωμεν
3664 4223 3722 4278 δὲ

2135 4321 2231 4374 ἐπὶ
2261 4325 2375 4384 τοῖς
2409 4321 2643 4386 δικαίοις
2678 4321 2754 4392 μὴ
2797 4320 2932 4385 ζῶσι
2983 4319 3168 4389 μόνον,
3197 4318 3334 4372 ἀλλὰ
3387 4319 3481 4371 καὶ
3563 4333 3720 4369 τετε-

2136 4415 2480 4487 λευτηκόσιν.
2537 4413 2772 4467 Ἐκεῖνοι
2832 4413 2930 4464 καὶ
2992 4410 3233 4466 ἐνταῦθα
3286 4410 3442 4472 ὄντες
3493 4409 3720 4462 ὲλεεινοὶ

2137 4509 2300 4563 πᾶσίν
2332 4508 2494 4570 εἰσιν,
2539 4506 2727 4572 ἐπειδὴ
2760 4504 3202 4575 προσκρούουσιν
3225 4520 3238 4534 ·
3286 4502 3432 4556 οῦτοι
3461 4503 3554 4554 καὶ
3592 4501 3712 4553 ἐκεῖ

449 4586 760 4656 offendunt,
793 4590 846 4643 hi
869 4604 997 4644 vero
1021 4592 1108 4645 ubi
1137 4592 1299 4645 etiam
1322 4594 1450 4646 illuc
1495 4595 1874 4664 migraveriut,
1900 4596 2022 4651 bea-

2139 4603 2508 4670 μεταστάντες
2543 4598 2825 4666 μακάριοι,
2885 4597 2970 4649 ὅτι
3005 4596 3144 4666 πρὸς
3179 4595 3416 4665 Χριστὸν
3446 4593 3717 4663 ἀπῆλθον’

454 4679 488 4730 Ii
539 4689 692 4741 sunt,
725 4681 986 4749 quoniam
1028 4682 1320 4736 evolarunt
1370 4683 1436 4736 ad
1490 4685 1798 4741 Christum.
1830 4686 2029 4742 Pecca-

453 4782 598 4825 tores
629 4773 943 4843 ubicunque
972 4774 1199 4840 fuerint,
1255 4778 1444 4846 procul
1506 4793 1536 4831 a
1591 4794 1716 4847 rege
1769 4793 1916 4846 sum,
1978 4791 2032 4835 et

449 4875 733 4932 p'optcrea
770 4865 1005 4920 dcﬂendi
1025 4885 1040 4934 ;
1064 4867 1197 4936 justi
1228 4879 1408 4924 autem
1433 4871 1546 4926 sive
1570 4871 1683 4935 hic,
1709 4872 1824 4926 sive
1851 4874 1922 4926 ibi
1956 4875 2033 4927 vi-

451 4965 558 5010 tam
579 4969 763 5029 agant,
783 4975 905 5014 cum
928 4974 1052 5028 rege
1066 4969 1226 5017 sunt:
1251 4971 1412 5031 atque
1445 4962 1517 5017 ibi
1543 4965 1767 5034 prOpius
1804 4964 2033 5044 conjun-

448 5052 722 5121 rtiusque,
760 5068 866 5106 non
892 5068 986 5122 per
1014 5054 1322 5124 speculum,
1356 5071 1465 5110 non
1496 5072 1590 5123 per
1621 5057 1800 5120 fidem,
1827 5061 1920 5112 sed
1946 5075 2038 5112 co-

449 5145 758 5213 ram_ipsum
779 5144 1071 5200 intuentes.
1099 5144 1165 5200 Et
1182 5145 1477 5216 Gregorius
1493 5147 1869 5204 Nazianzenus
1894 5150 1960 5204 ad
1980 5149 2040 5204 li-

451 5251 572 5288 uem
592 5237 861 5293 sermonis
890 5239 942 5292 in
968 5238 1584 5310 sanctumCyprianum,
1627 5241 1692 5295 Et
1714 5243 2040 5306 radiantem,

455 5328 653 5396 inquit,
682 5328 948 5399 fulgorem
983 5345 1188 5386 sancta:
1227 5332 1533 5398 Trinitatis,
1560 5333 1648 5386 cui
1690 5349 1835 5388 nunc
1867 5344 2039 5388 astas.

452 5420 599 5474 Idem
633 5419 812 5476 fusius
838 5422 907 5478 de
945 5424 1048 5478 hac
1078 5425 1193 5494 ipsa
1227 5441 1282 5480 re
1313 5427 1367 5479 in
1433 5425 1648 5480 funebri
1701 5426 1947 5480 oratione
1986 5428 2036 5479 in

454 5526 723 5567 sororem.
748 5512 816 5567 At
838 5515 968 5584 quid
986 5530 1124 5585 opus
1149 5515 1448 5571 estaﬂ‘erre
1467 5517 1638 5569 multa
1683 5517 1995 5570 testimonia
2020 5515 2042 5568 Ἰ

458 5603 596 5656 Nam
638 5605 692 5658 in
722 5614 982 5672 tractatu,
1015 5624 1177 5678 quem
1206 5608 1273 5664 de
1325 5609 1429 5662 hac
1481 5607 1706 5663 materia
1745 5605 2037 5676 edidimus,

463 5697 744 5767 copiosius
796 5701 1238 5771 cXpIicatiusque
1316 5699 2037 5770 disseruimus,apologiam

539 5873 650 5942 (Ἥ)
688 5874 846 5930 DCCS!
871 5877 1133 5948 ὑπάρχεις
1167 5890 1258 5935 aut
1300 5877 1430 5953 quid
1481 5877 1679 5932 simile.

2131 4694 2194 4747 Οἱ
2261 4691 2577 4762 ἁμαρτωλοὶ
2637 4691 2770 4743 ὅπου
2822 4689 2888 4744 ἂν
2941 4681 3045 4740 ὦσι
3078 4687 3270 4758 πόρρω
3308 4686 3401 4739 τοῦ
3455 4684 3722 4754 βασιλέως

2132 4787 2263 4853 εἰσὶ,
2297 4785 2385 4838 διὰ
2432 4784 2589 4844 τοῦτο
2637 4784 2732 4834 καὶ
2785 4781 3040 4850 δακρύων
3078 4778 3256 4847 ἄξιοι·
3298 4780 3347 4832 ot
3401 4779 3459 4831 δὲ
3499 4778 3707 4832 δίκαιοι

2133 4882 2198 4934 άν
2228 4897 2288 4932 τε
2325 4877 2579 4941 ἐνταῦθα,
2609 4874 2674 4942 ἄν
2706 4891 2765 4926 τε
2801 4874 2941 4939 ἐκεῖ,
2977 4871 3119 4940 μετὰ
3151 4869 3245 4925 τοῦ
3278 4870 3548 4940 βασιλέως
3581 4872 3715 4935 εἰσὶ,

2135 4973 2296 5027 κάκεῖ
2333 4970 2534 5039 μᾶλλον
2566 4968 2660 5020 καὶ
2691 4967 3014 5037 ἐγγύτερον,
3068 4964 3130 5017 οὗ
3191 4962 3281 5017 διὰ
3316 4963 3612 5030 ἐσόπτρου,
3656 4963 3720 5014 οὐ

2139 5063 2228 5126 διὰ
2253 5063 2478 5123 πίστως,
2517 5058 2654 5111 ἀλλὰ
2699 5057 2990 5129 πρόσωπον
3039 5056 3176 5124 πρῦς
3229 5053 3548 5124 πρόσωπον.
3609 5052 3721 5104 Καὶ

2144 5153 2451 5224 Γρηγόριοτς
2482 5149 2537 5202 δὲ
2565 5152 2592 5203 ὁ
2618 5131 2884 5215 Θεολόγος
2926 5151 2984 5200 ἐν
3015 5145 3092 5215 τῷ
3123 5145 3270 5198 τέλει
3297 5143 3392 5197 τοῦ
3423 5144 3581 5210 λόγου
3626 5142 3722 5195 τοῦ

2140 5249 2219 5310 εἰς
2250 5246 2341 5298 τὸν
2367 5246 2524 5316 ἅγιον
2557 5241 2880 5311 Κυπριανόν
2927 5252 3087 5308 φησιο
3134 5237 3243 5289 Καὶ
3272 5237 3372 5308 τὴν
3417 5235 3516 5304 τῆς
3559 5234 3723 5302 ἁγίας

2141 5341 2184 5392 Τ
2193 5341 2372 5408 ριάδος
2423 5337 2716 5406 ἐλλαμψιν,
2777 5329 2842 5407 ἧς
2902 5332 2998 5386 νῦν
3026 5331 3390 5400 παραστάτης
3431 5328 3586 5400 (21)’
3642 5327 3723 5379 ἔτι

2146 5423 2729 5492 πλατύτερονόαύτδς
2794 5421 2925 5490 περὶ
2990 5419 3184 5472 τούτου
3237 5420 3296 5469 ὲν
3359 5416 3438 5486 τῷ
3494 5417 3575 5479 εἰς
3621 5413 3723 5482 τὴν

2147 5515 2388 5585 ἀδελφὴν
2418 5513 2717 5583 ἐπιταφίῳ.
2756 5512 2867 5566 Καὶ
2895 5511 2949 5564 τί
2970 5510 3054 5563 δεῖ
3086 5508 3287 5570 πολλὰς
3314 5507 3558 5574 εἰσάγειν
3586 5520 3725 5575 μαρ-

2145 5608 2376 5676 τυρίας;
2409 5607 2501 5659 Ἐν
2547 5606 2655 5676 γάρ
2693 5606 2760 5675 τῇ
2793 5603 2921 5673 περὶ
2955 5601 3149 5666 τούτου
3185 5595 3544 5670 πραγματείᾳ
3589 5595 3728 5646 πλα-

2148 5699 2374 5770 τύτερον
2405 5697 2632 5768 εἴπομεν
2665 5679 2763 5750 καί
2792 5692 3147 5765 σαφέστερον,
3197 5684 3728 5757 ὕπεραπολογούμε-
