4102 6470
512 445 615 513 195

1411 433 1790 513 GREGORII
1830 440 2128 513 litium:
2166 437 2278 518 ὀρ.
2325 431 2835 516 Phariaene

3655 447 3758 524 ιῖιι

505 581 640 620 vero
671 578 763 619 seu
793 562 1022 632 mystica
1073 561 1332 633 abrogata
1358 607 1375 631 ,
1412 546 1909 628 circumcisionem,
1946 566 2082 620 Sab-

2195 570 2287 623 καὶ
2339 569 2672 634 ἁπεδῐωξαν,
2707 567 2806 636 τὴν
2852 567 2906 620 δὲ
2951 558 3255 636 σεμνότητα
3298 563 3636 637 ἐτρᾶνωσαν,
3668 577 3762 626 καὶ

504 659 716 720 batnm,
745 656 1151 710 immolationes
1177 655 1522 720 animalium,
1551 657 1755 712 Pascha
1780 668 1832 712 ct
1863 675 2087 728 agnum.

503 751 850 820 Quapropter
883 747 1278 816 Hierosolymis
1309 756 1519 803 tantum
1552 749 1832 804 observari
1867 751 1957 804 illa
1995 766 2090 804 vo-

511 843 710 903 luerat,
743 849 803 894 ut
842 839 1018 894 facilis
1067 849 1209 894 esset
1245 854 1433 893 eorum
1461 839 1765 906 abrogatio,
1802 841 2004 910 templo
2034 848 2089 894 et

509 933 650 987 urbe
667 930 914 985 funditus
939 932 1168 985 eversis.
1193 928 1327 985 Cum
1361 931 1506 984 enim
1529 932 1657 984 alibi
1690 930 1796 985 non
1833 940 1978 986 esset
2007 931 2088 986 fas

508 1026 599 1079 illa
632 1038 872 1087 servare,
899 1031 1046 1076 certe
1071 1021 1226 1074 ﬁnem
1252 1021 1503 1076 habitura
1527 1027 1699 1077 erant.
1737 1023 1974 1078 Umbras
1992 1023 2085 1078 de-

509 1133 656 1170 mum
691 1120 748 1170 in
783 1116 959 1169 lucem
996 1114 1248 1169 veritatis
1275 1113 1445 1168 fuisse
1476 1123 1731 1169 nmtatas.
1762 1116 1871 1172 Iste
1903 1125 2086 1170 autem

511 1210 864 1261 incruentum
904 1212 1360 1274 tremendumque
1404 1207 1762 1272 sacriﬁcium,
1794 1209 1940 1276 quod
1973 1208 2084 1261 vir-

513 1306 627 1350 tute
661 1295 902 1364 Spiritus
929 1305 982 1349 et
1013 1295 1184 1364 ipsius
1213 1294 1415 1350 Christi
1443 1294 1730 1363 Patrisque
1765 1296 2082 1364 perﬁcitur:

508 1387 740 1441 indivisa
787 1387 929 1440 enim
979 1394 1109 1440 sunt
1153 1401 1316 1456 opera
1373 1396 1576 1441 sanctze
1609 1385 1916 1452 Trinitatis,
1958 1388 2086 1442 licet

508 1497 610 1534 vox
652 1480 739 1533 illa
772 1478 963 1533 eﬁicax
987 1479 1059 1533 sit
1083 1478 1381 1534 Salvatoris
1403 1495 1415 1531 :
1439 1479 1551 1533 Hoc
1569 1489 1647 1533 est
1676 1495 1866 1546 corpus
1889 1481 2085 1546 meum;

505 1579 614 1626 et:
657 1570 757 1625 Hic
797 1579 872 1626 est
923 1571 1140 1640 sanguis
1191 1586 1376 1634 meus;
1425 1585 1531 1639 qua
1587 1570 1744 1638 panis
1798 1581 1855 1624 et
1898 1571 2085 1625 vinum

508 1678 633 1717 cum
683 1677 824 1731 aqua
861 1671 1302 1716 transmutantur
1334 1663 1386 1716 i'n
1432 1678 1637 1732 corpus
1675 1672 1729 1716 et
1760 1663 2084 1733 sanguinem

2189 664 2312 724 ταῖς
2360 661 2469 714 τῶν
2515 660 2820 731 ἀνθρώπων
2870 660 3071 730 ψυχαῖς
3128 659 3517 728 ἐνεφύτευσαν.
3575 648 3657 717 Τὰ
3707 665 3763 718 δὲ

2190 755 2394 808 coma
2442 753 2478 808 ἃ
2535 755 2631 806 καὶ
2693 755 2932 823 μυστικὰ
2994 753 3255 807 καλοῦσιν
3309 745 3552 824 ἀπέκοψε
3583 771 3599 788 ο
3663 758 3764 826 τὴν

2192 852 2520 921 περιτομὴν,
2559 847 2654 904 καὶ
2697 853 2759 906 τὸ
2814 851 3112 914 Σάϐϐατον,
3145 860 3241 904 καὶ
3287 854 3386 916 τὰς
3437 855 3761 920 ζωοθυσῖας,

2189 943 2283 994 καὶ
2317 943 2376 995 τὸ
2408 940 2621 1012 Πάσχα,
2665 944 2757 997 καί
2794 943 2885 997 τὸν
2924 945 3116 1012 ἀμνόν.
3143 945 3242 998 Διὰ
3274 945 3433 998 τοῦτο
3469 947 3564 999 καὶ
3589 947 3762 1000 ταῦτα

2188 1036 2246 1086 ὲν
2291 1035 2686 1107 Ἱεροσολύμοις
2717 1037 2970 1090 ἐκέλευσε
3020 1038 3112 1092 καὶ
3158 1039 3318 1105 μόνον
3346 1041 3640 1103 τελεῖσθαι,
3674 1042 3762 1094 ἵνα

2190 1121 2284 1179 καὶ
2318 1125 2517 1197 ῥᾳδίως
2565 1128 2600 1196 ή
2651 1119 2951 1191 κατάλυσις
2996 1126 3179 1180 αὐτῶν
3211 1129 3458 1196 γένηται,
3498 1121 3595 1182 τοῦ
3633 1129 3758 1182 ναοῦ

2188 1217 2286 1271 καὶ
2340 1221 2442 1287 τῆς
2490 1220 2700 1281 πόλεως
2743 1212 3243 1289 κατασκαφέντων,
3285 1211 3512 1274 ἄλλοθεν
3566 1222 3622 1275 δὲ
3688 1224 3761 1290 μὴ

2187 1311 2502 1380 δυναμένων
2549 1311 2722 1364 ταῦτα
2766 1312 2942 1366 τελεῖν
2973 1315 3316 1368 παύσωνται.
3354 1317 3432 1368 Τὰ
3461 1315 3519 1369 δὲ
3554 1317 3759 1385 σκιώδη

2187 1401 2600 1473 ἀνεμὸρφωσεν,
2628 1401 2750 1453 ἀντὶ
2796 1401 2955 1465 σκιᾶς
2986 1402 3086 1471 τὴν
3137 1403 3398 1473 ἀλήθειαν
3435 1405 3759 1475 μορφώσας.

2187 1490 2358 1555 ante;
2395 1490 2450 1545 δὲ
2483 1484 2580 1563 τὴν
2628 1493 2973 1562 ἀναίμακτον
3013 1494 3109 1546 καὶ
3136 1494 3375 1564 φρικτὴν
3419 1494 3634 1559 θυσίαν,
3661 1496 3760 1564 τὴν

2186 1584 2571 1653 τελειευμένην
2601 1579 2752 1654 παρὰ
2785 1583 2882 1637 τοῦ
2912 1577 3236 1655 ῐῐνεύματος
3273 1588 3372 1639 καὶ
3417 1585 3585 1641 αὐτοῦ
3618 1587 3758 1653 Χρι-

2190 1675 2315 1728 στοῦ
2374 1677 2471 1731 καὶ
2516 1675 2612 1730 τοῦ
2667 1679 2902 1748 Πατρδς,
2941 1679 3018 1741 ὡς
3071 1679 3394 1748 ἀδιαιρέτων
3449 1678 3621 1732 ὄντων
3651 1671 3761 1731 τῶν

508 1753 741 1818 Christi,
775 1763 831 1807 ut
883 1753 1062 1823 inquit
1095 1754 1557 1825 Chrysostomns;
1613 1754 1677 1808 ad
1723 1753 1938 1808 Judaici
1987 1752 2088 1806 Pa-

2195 1767 2364 1834 ἔργων
2389 1768 2489 1838 τῆς
2519 1761 2680 1836 ἇγίας
2710 1769 2960 1840 Τριάδος,
2999 1771 3048 1824 εἰ
3100 1769 3197 1825 καὶ
3233 1771 3372 1840 αὕτη
3409 1771 3443 1840 ή
3477 1759 3630 1840 φωνῆ
3663 1759 3758 1822 sui?

511 1846 718 1900 schatis
749 1846 1187 1901 observationem
1223 1844 1412 1907 refert,
1439 1853 1498 1900 et
1537 1860 1801 1899 canonem
1832 1860 2085 1914 perverse

2195 1861 2443 1930 Σωτῆρός
2479 1861 2644 1922 ἐστιν,
2675 1862 2707 1929 ἡ
2734 1861 3032 1915 κελεύουσα
3057 1877 3072 1894 ⁸
3121 1861 3302 1916 Τοῦτό
3341 1846 3472 1917 ἐστι
3498 1863 3563 1917 τὸ
3590 1861 3762 1932 σῶμά

511 1939 924 2006 interpretatur;
958 1938 1025 1990 At
1070 1947 1171 1992 nos
1219 1939 1480 2009 mysticas
1531 1953 1722 1992 omnes
1770 1937 2082 1991 Judaaorum

2195 1971 2314 2023 μου
2335 1904 2484 2006 Ιἰ’κέτί
2509 1969 2522 1983 ·
2559 1904 2740 2006 'I‘oiit‘d
2762 1953 2895 2026 ἐστι
2943 1953 3010 2010 τὸ
3039 1947 3182 2024 αἷμᾶ
3205 1971 3324 2024 μου
3344 1972 3360 1986 °
3389 1956 3423 2026 ἢ
3449 1957 3540 2008 τον
3573 1904 3759 2026 ipsi):

508 2030 866 2084 caeremonias
911 2046 1008 2099 pro
1057 2031 1286 2100 impuris
1331 2037 1385 2084 ct
1426 2029 1674 2100 profanis
1708 2030 2000 2090 habemus.
2032 2021 2093 2083 ιιι

2197 2021 2294 2098 καὶ
2322 2043 2413 2098 τὸν
2437 2041 2580 2096 οἶνον
2610 2044 2700 2097 καί
2732 2044 2790 2096 τὸ
2818 2023 2964 2114 ὕδωρ
2988 2045 3067 2106 είς
3093 2021 3250 2114 σῶμα
3281 2021 3521 2115 Χριστοῦ
3561 2021 3764 2115 μεταρσ

505 2122 935 2193 Chrysostomus
968 2123 1131 2176 etiam
1168 2123 1220 2176 in
1250 2122 1597 2177 sermonibus
1626 2127 1816 2176 contra
1861 2121 2093 2178 Judatos

2199 2133 2537 2208 ῥυθμίζουσὰ
2576 2137 2666 2188 καὶ
2698 2133 2857 2201 αἷμα,
2885 2135 2960 2199 ὥς
3013 2154 3181 2208 φησιν
3225 2138 3252 2190 δ
3279 2137 3424 2201 θεῖος
3453 2137 3766 2208 Χρυσὸστο-

509 2214 709 2268 habitis
735 2215 983 2284 apertius
1015 2215 1228 2284 probat,
1265 2217 1408 2270 inter
1451 2230 1590 2285 quas
1631 2227 1684 2269 et
1732 2215 1944 2270 Pascha
1989 2231 2088 2269 nu-

2198 2241 2292 2291 μος
2313 2241 2328 2255 ⁸
2359 2226 2440 2285 εἰς
2468 2224 2567 2293 τήν
2598 2224 2688 2278 τοῦ
2729 2225 3022 2279 Ἰουδαῖκοῦ
3056 2226 3250 2296 Πάσχα
3291 2227 3518 2297 τελετὴν
3545 2230 3763 2295 ἀνὰγει,

511 2316 757 2361 meratnr
793 2322 807 2359 :
844 2321 971 2360 cum
1003 2317 1154 2362 extra
1201 2308 1463 2374 templum
1521 2307 2082 2378 llierosolymitanum

2195 2317 2284 2370 καὶ
2315 2316 2406 2368 τον
2456 2317 2659 2370 κανόνα
2705 2316 3120 2388 παρεξηγεῖται.
3159 2306 3305 2373 Ἀλλ’
3356 2321 3522 2389 ἡμεῖς
3585 2311 3764 2375 πάντα

506 2409 700 2456 contra
730 2401 977 2456 divinum
1008 2408 1341 2470 prmeeptum
1376 2400 1529 2454 fiant.
1582 2399 1656 2453 De
1709 2400 1810 2454 hac
1864 2399 2087 2454 materia

2195 2403 2299 2455 τῶν
2359 2403 2636 2458 Ἰουδαίων
2693 2407 2758 2460 τὰ
2817 2404 3055 2473 μυστικὰ
3111 2401 3422 2479 ἀκάθαρτα,
3469 2410 3544 2474 ὡς
3601 2414 3694 2464 καὶ
3739 2416 3768 2465 ὁ

511 2493 726 2564 mystici
758 2493 1014 2549 sacriﬁcii
1035 2492 1146 2562 jam
1175 2503 1332 2546 antea
1383 2490 1643 2554 diximus,
1679 2506 1780 2545 nec
1823 2505 1961 2560 opus
2007 2498 2093 2544 est

2195 2496 2582 2564 Χρυσὸστομος
2613 2499 2670 2551 ὲν
2720 2500 2834 2562 τοῖς
2867 2501 3010 2553 κατὰ
3045 2499 3319 2555 Ἰουδαίων
3362 2502 3542 2569 λόγοις
3569 2495 3770 2572 τρανό-

511 2592 760 2654 rcpetere
779 2585 970 2639 eadem
1004 2601 1019 2638 :
1048 2598 1360 2653 quanquam
1397 2582 1464 2634 ab
1489 2581 1607 2651 ipso
1633 2584 1810 2635 coacti
1837 2581 1943 2634 hoc
1968 2580 2090 2634 loco

2195 2603 2350 2655 τερον
2399 2588 2754 2658 παρίστησιν,
2787 2584 2861 2645 ὧν
2903 2588 2964 2645 ἓν
3013 2593 3127 2647 ἐστι
3184 2595 3281 2648 καὶ
3340 2595 3402 2647 τδ
3449 2595 3663 2666 Πάσχα,
3691 2595 3769 2656 ὡς

507 2677 932 2746 disputavimus,
974 2675 1118 2730 haud
1151 2689 1285 2730 sane
1318 2674 1551 2729 libentes
1572 2713 1589 2738 ,
1621 2673 1742 2743 ipse
1778 2672 1921 2728 enim
1959 2687 2089 2726 can-

508 2784 627 2825 sam
653 2769 822 2827 dedit.

511 2862 767 2934 περὶτῆς
806 2859 1074 2929 μυστικῆς
1110 2857 1316 2928 ταύτης
1345 2855 1564 2920 θυσίας,
1600 2857 1694 2910 καὶ
1728 2857 1788 2910 οὐ
1823 2857 1930 2928 χρὴ
2009 2857 2138 2928 περὶ
2177 2861 2367 2914 τούτου
2424 2865 2806 2933 παλιλλογεῖνο

2194 2675 2299 2738 ἔξω
2337 2676 2430 2729 τοῦ
2469 2678 2596 2731 ναοῦ
2651 2680 2743 2732 τοῦ
2777 2681 2834 2733 ὲν
2875 2681 3280 2753 Ἰεροσολύμοις
3315 2685 3467 2754 παρὰ
3515 2683 3615 2752 τὴν
3671 2685 3765 2737 τοῦ

2193 2767 2339 2821 θείου
2392 2771 2562 2839 νόμου
2613 2773 2870 2827 κέλευσιν
2913 2775 3242 2845 τελούμενα.
3289 2777 3633 2846 Προείπομεν
3676 2785 3770 2834 καὶ

2888 2870 2937 2921 εί
2992 2873 3086 2924 καὶ
3153 2870 3391 2925 ἐνταῦθα
3452 2871 3544 2925 ὑπ’
3599 2871 3765 2926 αὐτοῦ

511 2951 952 3022 ἀναγκαζόμενοι
995 2949 1252 3020 λέγομεν,
1282 2950 1382 3001 ὅσα
1431 2949 1566 3017 δῆτα
1603 2947 1697 3001 καὶ
1723 2948 1957 3019 λέγομεν
1992 2950 2085 3002 καὶ⁸
2125 2951 2198 3023 μή
2229 2951 2566 3025 βουλόμενοι,
2601 2958 2763 3022 αὗτδς
2791 2963 2957 3037 γὲριδ
2984 2963 3176 3026 αἴτιος.

1176 3041 1422 3096 EPHES.

1176 3043 1422 3097 EPHES.

584 3135 652 3190 Et
696 3150 799 3191 nos
845 3133 1065 3204 quidem
1107 3143 1298 3189 contra
1349 3135 1524 3204 leges,
1575 3135 1730 3204 jussa
1782 3142 1836 3188 et
1869 3132 2084 3187 decreta

2852 3051 3042 3108 ΕΦΕΣ.

2265 3145 2377 3197 Καὶ
2423 3134 2583 3216 ἡμεῖς
2637 3147 2736 3216 μὶν
2775 3146 3070 3218 ἀθεμίτως,
3112 3150 3205 3202 καὶ
3267 3144 3622 3222 παρανόμωτ,
3671 3145 3768 3204 καὶ

511 3229 738 3283 Patrum
769 3229 1004 3287 dicimus
1047 3227 1366 3309 appositum
1415 3241 1536 3281 esse
1581 3223 1845 3295 Symbolo
1879 3223 2086 3277 addita-

2195 3239 2306 3300 τοῖς
2350 3239 2631 3309 Πατράσιν
2703 3238 2759 3305 ἐξ
2809 3231 3052 3293 ἐναντίου
3104 3240 3203 3313 τήν
3253 3241 3311 3294 ἐν
3375 3241 3453 3313 τῷ
3511 3226 3770 3312 συμϐὂλῳ

514 3333 782 3375 mentum.
822 3318 912 3372 isti
961 3332 1092 3372 vero
1141 3317 1292 3373 iicite
1337 3324 1392 3372 et
1439 3316 1840 3371 rationabiliter
1885 3313 2088 3370 factum

515 3413 650 3467 illud
679 3417 931 3466 asserunt
966 3427 979 3463 :
1013 3408 1148 3465 adeo
1187 3416 1396 3465 norunt
1435 3409 1653 3465 veritati
1699 3415 1754 3464 et
1805 3404 1911 3464 sibi
1959 3407 2093 3478 ipsis

512 3501 871 3575 congruentia
901 3501 1110 3558 dicere.

1202 3701 1400 3761 RESP.

587 3796 696 3852 Nos
723 3810 940 3852 omnem
976 3794 1399 3865 explicationem
1433 3804 1489 3853 et
1531 3796 1952 3851 declarationem
1987 3810 2093 3850 non
2145 3855 2150 3860 ,

511 3891 850 3948 contrariam
885 3890 1171 3945 sententiae
1194 3897 1533 3955 sanctorum,
1567 3890 1659 3943 sed
1687 3904 1781 3959 per
1811 3889 1961 3959 ipsos
2001 3904 2098 3957 po-

514 3983 627 4037 tius
657 3982 951 4048 firmatam,
982 3996 1010 4034 a
1046 3981 1255 4052 synodo
1303 3981 1498 4049 quovis
1543 3981 1596 4036 in
1631 3981 1752 4036 loco
1797 3981 2095 4050 appositam

513 4073 829 4142 recipimus.
861 4073 916 4126 ln
944 4072 1044 4126 hac
1064 4073 1336 4126 sententia
1361 4081 1445 4128 est
1475 4073 1636 4128 etiam
1673 4082 1899 4128 sanctus
1927 4072 2097 4126 Maxi-

517 4181 637 4218 mus
662 4203 677 4227 ,
715 4175 773 4217 ut
807 4172 1022 4219 constat
1051 4179 1116 4218 ex
1150 4163 1270 4232 ejus
1309 4163 1524 4233 dialogo
1557 4179 1682 4218 cum
1727 4163 2094 4218 Eunomiano.

515 4255 816 4326 lnterrogat
855 4258 1000 4310 enim
1059 4255 1131 4308 ibi
1190 4255 1542 4310 Macedonius
1607 4255 1897 4310 Maximum
1929 4296 1943 4317 ,
1994 4265 2094 4308 ct:

515 4348 929 4412 Subscribisne,
947 4347 1149 4418 inquit,
1168 4349 1494 4417 expositioni
1527 4344 1793 4403 Luciani?
1814 4347 2097 4409 Maximus,

514 4438 658 4503 Quid
690 4438 834 4492 enim
877 4447 962 4492 est
992 4453 1209 4502 causae,
1249 4447 1348 4491 c’ur
1391 4438 1699 4505 improbata
1753 4438 2098 4506 expositione

515 4540 828 4582 sanctorum
845 4529 1066 4582 Patrum
1088 4539 1456 4583 trecentorum
1477 4529 1663 4583 decem
1687 4539 1740 4582 et
1763 4538 1886 4583 octo
1908 4526 2098 4583 Nicmae

2194 3330 2513 3399 προσθήκην
2583 3330 2911 3398 γεγενῆσθαί
2975 3348 3192 3400 φαμενο
3248 3333 3394 3387 οὗτοι
3470 3333 3529 3386 δὲ
3599 3328 3769 3402 αὖτῆὶν

2193 3419 2435 3487 θεμιτῶς
2505 3422 2603 3473 καί
2671 3421 2910 3500 εὐλύγως
2985 3416 3315 3494 διορίζονται
3385 3423 3767 3492 γεγενῆσθαιο

2193 3511 2451 3564 τοσοῦτον
2500 3511 2678 3566 οἴδασι
2727 3513 2791 3584 τῇ
2851 3513 3081 3584 ἀληθείᾳ
3125 3517 3221 3570 καὶ
3273 3517 3490 3580 ἑαυτοῖς
3541 3533 3770 3586 συμφω-

2193 3605 2324 3656 νεῖν.

2881 3691 3089 3751 ΑΠΟΛ.

2268 3787 2374 3840 Καῖ
2426 3788 2585 3855 ἡμεῖς
2635 3787 2818 3840 πᾶσαν
2867 3788 3164 3854 ἀνάπτυξιν
3214 3793 3309 3844 καὶ
3343 3792 3643 3864 σαφήνειαν
3693 3793 3770 3860 μὴ

2199 3879 2447 3932 ἐναντίαν
2497 3875 2665 3932 οὖσαν
2713 3883 2778 3950 τῇ
2810 3881 2937 3953 δόξῃ
2967 3883 3074 3935 τῶν
3106 3878 3297 3952 ἁγίων,
3331 3886 3446 3938 ἀλλ’
3477 3885 3536 3950 ὲξ
3583 3885 3769 3939 αὐτό-ν

2202 3971 2399 4039 μᾶλλον
2427 3971 2849 4041 βεϐαιουμένην,
2887 3973 3038 4045 παρὰ
3073 3976 3292 4029 συνόδου
3345 3977 3764 4048 προστεθεῖσα-ι⁹

2199 4065 2332 4117 ὅπου
2381 4064 2448 4117 ἂν
2495 4066 2799 4136 προστεθῇ,
2829 4066 3119 4137 δεχόμεθα.
3155 4070 3326 4122 Τοῦτο
3374 4073 3468 4123 καὶ
3516 4071 3773 4142 Μάξιμος

2199 4156 2395 4218 ὁθεῖος
2427 4146 2638 4226 βεϐαιοῖ
2663 4159 2721 4210 ὲν
2749 4159 2815 4228 τῇ
2843 4159 3078 4226 διαλέξει
3114 4160 3280 4214 αὐτοῦ
3312 4164 3376 4232 τῇ
3406 4162 3544 4233 πρὸς
3573 4162 3668 4216 τὸν
3700 4163 3770 4217 τὰ

2200 4248 2466 4316 Εὖνομίου
2532 4249 2854 4318 φρονοῦντα.
2903 4251 3043 4320 Φησὶ
3095 4249 3430 4318 Μακεδόνως
3484 4237 3620 4324 πρδς
3673 4239 3770 4308 ea;

2199 4339 2452 4407 Μάξιμον
2475 4355 2488 4369 ·
2529 4340 2898 4412 Ὑπογράφεις
2945 4337 3040 4395 οὖν
3075 4341 3138 4412 τῇ
3176 4343 3393 4397 ἐκθέσει
3426 4331 3770 4410 Λουκιανοῦξ

2199 4430 2489 4500 Μάξιμος.
2521 4430 2586 4484 Τί
2618 4432 2902 4500 κατέγνως
2935 4433 3036 4502 τῆς
3088 4435 3191 4486 ὑπὸ
3224 4436 3335 4487 τῶν
3371 4440 3475 4506 τιη⁹
3509 4439 3774 4506 Πατέρων

2202 4523 2372 4590 ἁγίων
2421 4525 2527 4577 τῶν
2562 4525 2618 4576 ὲν
2644 4521 2851 4594 Νικαίᾳ
2885 4525 2980 4593 τῆς
3014 4525 3269 4590 Βιθυνίας
3300 4529 3644 4598 ἐκτεθείσης,
3681 4525 3772 4582 ἵνα

518 4622 575 4676 in
637 4620 887 4690 Bithynia
945 4634 1435 4692 congregatarum,
1493 4621 1739 4689 inquiras
1795 4620 2092 4674 aliam?—

2195 4609 2291 4660 καὶ
2312 4609 2479 4678 ἄλλην
2508 4611 2880 4683 περιὸλέψῃςς
2906 4642 2976 4653 -
3011 4615 3400 4682 Μακεδόνιος.
3441 4609 3514 4670 Σὺ
3553 4619 3606 4670 τί
3636 4631 3774 4672 κατ⁴

521 4711 884 4765 Hacedonias.
925 4710 1005 4764 Tu
1047 4727 1178 4766 vero
1211 4726 1315 4779 qua
1351 4711 1418 4766 de
1457 4701 1620 4764 causa
1669 4711 1948 4779 improbas
1985 4711 2093 4766 Lu-

513 4799 659 4859 ciani
699 4801 1137 4872 expositionem?
1169 4830 1240 4844 —
1274 4801 1636 4856 Ortliodoxus.
1667 4802 1923 4870 lmprobo
1949 4803 2093 4871 quod

515 4892 806 4948 addidistis
835 4891 1170 4947 contrarium
1204 4889 1327 4944 ﬁdei
1358 4889 1606 4944 Patrum.
1632 4917 1702 4930 —
1729 4889 2091 4942 Macedonius.

515 4985 679 5050 Quasi
730 5000 826 5038 vos
868 4999 975 5038 non
1025 4983 1342 5036 addideritis
1385 4983 1448 5035 ad
1501 4981 1658 5035 ﬁdem
1698 4981 1992 5035 Nicmnam.
2027 5007 2096 5021 —--

518 5076 890 5131 Ortliodoxus.
919 5073 1261 5136 Addidimns,
1295 5073 1390 5128 sed
1427 5089 1534 5128 non
1567 5073 1858 5128 contraria.
1883 5100 1952 5111 —
1982 5071 2098 5125 Ma-

517 5171 792 5222 cedonius.
846 5167 1084 5222 Omnino
1134 5166 1445 5220 addidistis.
1472 5175 1541 5205 -'—
1565 5163 1929 5219 Orthcdaxus.
1964 5166 2096 5232 Qua!

513 5273 645 5317 tunc
675 5262 728 5315 in
756 5260 1196 5331 disquisitionem
1229 5271 1338 5312 non
1374 5267 1655 5322 venerant,
1686 5257 1877 5311 Patres
1906 5265 2093 5326 postea

515 5354 605 5422 pie
630 5364 1020 5422 exposuerunt.
1055 5351 1265 5405 Idcirco
1287 5365 1386 5404 nos
1411 5350 1574 5404 etiam
1603 5348 1763 5417 hujus
1787 5356 1838 5400 et
1864 5347 2093 5400 aliorum

517 5442 737 5494 Patrum
771 5441 1086 5494 testimonio
1115 5440 1232 5491 fulti
1265 5439 1654 5496 assercntium,
1696 5437 2093 5505 expositionem

518 5549 686 5586 same
726 5533 1025 5603 Scriptura:
1076 5519 1464 5601 congruentem
1517 5546 1623 5583 non
1661 5544 1784 5583 csse
1830 5529 2051 5582 vetitam
2080 5565 2094 5588 ,

517 5624 796 5692 suﬁragati
838 5640 1026 5678 smnus
1065 5625 1306 5676 veritati.
1355 5622 1432 5674 An
1471 5636 1668 5690 negare
1703 5620 1820 5690 ipse
1872 5618 2094 5688 poterit,

521 5718 828 5767 universam
882 5729 1092 5768 sacrant
1129 5713 1474 5779 Scripturam
1504 5714 1792 5768 admittere
1837 5712 2094 5778 explana-

520 5804 760 5858 tionem?
787 5803 966 5870 Quare
1004 5805 1056 5856 id
1087 5805 1230 5872 quod
1282 5805 1528 5857 additum
1574 5814 1655 5857 est
1697 5801 1958 5873 Sytnbolo
2003 5818 2095 5855 nr-

519 5906 678 5967 genle
703 5896 1045 5960 necessitate,
1070 5898 1241 5949 visum
1272 5905 1352 5950 cst
1378 5897 1500 5965 jure
1527 5896 1732 5964 optimo
1759 5895 2092 5964 appositum.

2201 4700 2374 4769 έγνως
2429 4703 2526 4772 τῆς
2591 4702 2686 4756 τοῦ
2766 4705 3094 4767 Λουκιανοῦ;
3143 4735 3216 4747 --
3268 4707 3330 4760 Ὀ
3395 4708 3769 4777 Ὀρθόδοξος.

2199 4794 2495 4859 Κατέγνων
2529 4796 2627 4866 τῆς
2653 4796 2992 4868 προσθήκης,
3030 4793 3096 4867 ἧς
3125 4799 3505 4870 προσεθήκατε
3551 4803 3772 4854 ἐναντία

2199 4887 2390 4956 αὐτῆς.
2414 4917 2481 4926 -
2503 4887 2896 4954 Μακεδόνιος.
2941 4890 3128 4958 Ὑμεῖς
3163 4892 3269 4961 γὰρ
3299 4893 3360 4944 οὐ
3387 4893 3772 4963 προσεθήκατε

2197 4983 2263 5048 τῇ
2297 4981 2354 5032 ὲν
2383 4980 2624 5051 Νικαίας
2658 5011 2728 5023 -
2767 4983 2832 5034 '0
2873 4978 3244 5050 Ὀρθόδοξος.
3294 4985 3436 5037 Ἀλλ’
3478 4984 3579 5038 οὐκ
3609 4988 3768 5038 ὲναν-

2197 5071 2290 5126 τία
2318 5074 2454 5140 αὐτῇ
2508 5101 2576 5112 -
2607 5072 2997 5138 Μακεδόνιος.
3031 5075 3208 5136 Ὀλως
3262 5077 3662 5146 προσεθήκατε.
3701 5106 3775 5117 -

2213 5163 2578 5232 Ὀρθόδοξος.
2613 5164 2692 5216 Τὰ
2749 5165 2870 5217 τότε
2908 5164 2982 5233 μὴ
3017 5165 3324 5236 ζητηθέντα
3352 5167 3446 5218 νῦν
3490 5169 3775 5238 ἡρμήνευε

2201 5273 2300 5307 σαν
2338 5257 2385 5308 οί
2417 5255 2660 5321 Πατέρες
2689 5255 2952 5316 εὐσεϐῶς.
2981 5255 3072 5307 Διὸ
3117 5258 3209 5309 καὶ
3237 5259 3402 5326 ἡμεῖς
3447 5259 3545 5327 τὴν
3575 5259 3769 5313 τούτου

2203 5345 2512 5415 μαρτυρίαν
2565 5345 2780 5415 ἔχοντες
2834 5347 2928 5399 καὶ
2970 5346 3080 5400 τῶν
3119 5347 3324 5400 λοιπῶν
3359 5348 3618 5418 Πατέρων
3661 5350 3771 5402 τῶν

2199 5439 2486 5505 λεγόντων,
2517 5439 2599 5489 ὅτι
2633 5437 2928 5501 ἁνάπτυξις
2979 5440 3040 5492 οὐ
3082 5439 3354 5491 κωλύεται
3400 5441 3769 5508 συμφωνοῦσα

2199 5533 2263 5598 τῇ
2319 5531 2442 5599 ίερᾷ
2484 5529 2699 5614 Γραφῇ,
2753 5533 2817 5599 τῇ
2877 5529 3106 5601 ἀληθεία
3162 5532 3640 5601 συνηγορήσαμεν.
3693 5535 3770 5588 Οὐ

2200 5618 2307 5686 γὰρ
2359 5618 2584 5670 δύναται
2641 5618 2806 5680 αὐτὸς
2868 5621 3169 5682 ἀντειπεῖν,
3224 5621 3304 5672 ὅτι
3371 5623 3594 5690 πᾶταή
3646 5621 3772 5676 θεία

2199 5709 2389 5780 Γραφὴ
2439 5710 2742 5775 ἀνάπτυξιν
2785 5710 3049 5780 δεχομένη
3083 5713 3145 5764 οὐ
3198 5712 3510 5765 κωλύεται·
3558 5714 3638 5766 δὴ
3675 5719 3774 5767 καὶ

2199 5806 2258 5853 τὸ
2295 5801 2613 5872 προστεθὲν,
2649 5803 2895 5868 ἀνέγκης
2929 5804 3253 5872 γενομένης.
3290 5805 3350 5856 ὲν
3393 5804 3474 5873 τῷ
3507 5805 3771 5875 συμὸὁλῳ

2201 5894 2404 5946 δὲκαιον
2451 5892 2595 5956 ἔδοξε
2647 5894 3023 5949 προσκεῖσθαι,
3060 5895 3164 5946 Καὶ
3195 5893 3274 5947 ἔτι
3322 5896 3382 5946 ἐκ
3419 5897 3512 5960 τῆς
3564 5897 3770 5959 stem.
