4102 6482
339 488 422 556 m
1564 478 1870 554 comm
1911 471 2329 551 EPHESIUM.
3492 485 3591 560 ws

332 605 719 661 πανσυλλέκτου
781 603 1125 673 ’Δνθολογίας
1200 604 1467 673 Εὐλογίου
1544 605 1893 677 πατριάρχου

2008 600 2115 657 lloc
2152 601 2295 657 idem
2347 599 2612 671 probatur
2641 614 2706 655 ex
2739 580 3032 671 Florile’gio
3072 602 3527 662 rolleetaneorum
3561 627 3593 664 e

339 697 767 767 Ἀλεξανδρείας·
821 696 960 767 φησὶ
1026 696 1138 768 γάρ
1166 714 1182 731 ο
1225 696 1394 752 Ἀλλά
1440 696 1552 768 γὰρ
1597 699 1697 767 τῆς
1731 698 1893 768 αἰρέ-

2008 695 2141 750 libro
2170 693 2420 762 cujusvis
2458 693 2680 762 generis
2715 693 2929 764 Eulogii
2975 696 3305 766 patriarchae
3348 701 3593 756 Alexan-

331 807 449 853 σεως
498 788 662 844 πάλιν
719 790 754 861 ἡ
810 784 1049 846 ἀπόνοια
1108 787 1210 861 τὴν
1271 788 1546 862 τετάρτην
1610 789 1893 861 μέμφεται

2008 786 2161 842 drini.
2205 786 2298 842 Sic
2341 785 2487 842 enim
2517 787 2592 845 ait
2624 802 2639 841 :
2673 786 2886 843 Rursus
2924 789 3306 845 haereticorum
3353 796 3592 849 amentia

332 884 553 946 σύνοδον,
606 882 682 946 ὡς
755 883 882 951 ὅρον
946 882 1274 953 ἐκθεμένην,
1335 882 1717 954 διατεινομένη
1793 881 1895 953 τὴν

2008 877 2066 934 tle
2098 888 2308 951 quartae
2352 878 2548 951 synodi
2589 879 2913 936 deﬁnitione
2964 883 3338 948 cenqncritur,
3378 900 3596 941 asswe-

331 975 571 1043 τοιαύτην
617 974 965 1046 ἐπιχείρησιν
1019 977 1126 1031 ὑπὸ
1165 976 1269 1047 τῆς
1315 978 1459 1032 κατὰ
1516 977 1618 1055 τὴν
1651 978 1893 1055 Ἔφεσον

2008 985 2137 1027 rans
2165 971 2399 1040 primam
2428 971 2694 1045 synodum
2729 973 3060 1041 Ephesinam
3096 976 3199 1030 hoc
3226 979 3442 1046 penitus
3480 979 3593 1033 ﬁeri

334 1070 542 1139 πρώτης
577 1069 801 1124 συνόδου
860 1069 1143 1136 παντελῶς
1179 1070 1660 1126 ἀποκεκωλῦσοαι,
1703 1070 1896 1125 Καίτοι
1998 1062 2372 1130 prohibuisse.
2410 1065 2566 1130 Quod
2596 1067 2664 1129 si,
2701 1077 2759 1119 ut
2788 1065 2865 1120 illi
2909 1077 3207 1136 nugantur,
3236 1070 3479 1139 synodus
3510 1090 3599 1124 re.

334 1180 387 1232 γε
417 1164 466 1217 εί
521 1161 665 1217 κατὰ
699 1162 796 1216 τὸν
853 1162 1020 1234 λῆρον
1077 1162 1263 1217 αὑτῶν
1312 1163 1580 1236 ἀπεῖργεν
1612 1165 1648 1235 ἡ
1678 1162 1897 1227 σύνοδος

2008 1157 2106 1213 lttit
2131 1158 2350 1229 quidvis
2381 1159 2530 1214 aliud
2564 1159 2794 1213 omnino
2822 1158 3079 1229 proferri,
3105 1170 3252 1216 certe
3281 1163 3335 1216 in
3356 1164 3592 1230 seipsam

333 1255 501 1325 ἕτερον
546 1253 790 1323 μηδόλως
842 1254 1144 1323 προάγειν,
1192 1255 1335 1329 αὐτὴ
1381 1256 1507 1309 καθ’
1550 1255 1751 1327 ἑαυτῆς
1790 1256 1900 1327 πρὸ

2008 1251 2153 1321 prior
2188 1250 2277 1305 illa
2316 1251 2442 1305 tulit
2480 1250 2844 1306 sententiam.
2881 1251 3005 1322 Ipsa
3056 1252 3200 1308 enim
3230 1254 3432 1317 ‘tlelinit
3479 1272 3600 1321 «μιςρ

332 1346 426 1399 τῶν
456 1344 631 1399 ἄλλων
684 1345 783 1415 τὴν
815 1345 1304 1412 καταδικάζουσαν
1357 1349 1626 1421 ἐξήνεγκε
1673 1349 1855 1420 ψῆφον
1881 1365 1898 1381 ο

2008 1343 2153 1397 nulla
2202 1340 2356 1409 prior
2400 1341 2733 1397 deﬁniverat
2775 1341 3020 1414 synodus
3060 1360 3075 1398 :
3109 1344 3383 1414 siquidem
3425 1348 3598 1416 ipsim

333 1439 488 1510 ὁρίζει
532 1438 641 1511 γάρ
697 1438 832 1493 αὐτὸ
881 1437 1043 1493 τοῦτο
1088 1437 1359 1506 τυποῦσα,
1392 1440 1429 1496 ἃ
1478 1441 1756 1511 μηδετέρα
1788 1440 1899 1495 τῶν

2008 1434 2331 1489 auctoritate
2365 1439 2585 1506 recepta
2631 1443 2715 1490 est
2755 1450 2856 1490 vox
2891 1436 2979 1490 illa
3006 1477 3021 1503 ,
3051 1436 3412 1509 llypostatica
3446 1443 3597 1501 nnio.

335 1532 427 1602 πρὸ
453 1530 623 1601 αὐτῆς
650 1531 960 1602 διωρίσατο.
1008 1530 1173 1587 Ἀλλά
1202 1534 1300 1585 καὶ
1351 1532 1385 1603 ἠ
1426 1531 1551 1587 καθ’
1588 1532 1896 1586 ὑπόστασιν

2008 1523 2068 1579 de
2098 1541 2205 1597 qua
2233 1528 2424 1600 synodi
2478 1529 2820 1598 antiquiores
2868 1531 2944 1585 nil
2988 1542 3308 1586 sanxerant.
3364 1535 3505 1599 Quin
3547 1547 3600 1588 et

339 1622 523 1686 ἓνωσις
547 1622 720 1693 αὐτῆς
766 1623 915 1677 ἐστιν
943 1622 1090 1693 ὄρος,
1121 1623 1150 1676 δ
1179 1626 1297 1688 ταῖς
1341 1625 1753 1696 πρεσϐυτέραις
1789 1624 1900 1681 τῶν

2008 1618 2676 1690 Constantinopolitatnnn
2703 1634 2927 1677 centum
2954 1623 3352 1694 quinquaginta
3383 1638 3603 1681 sancto-

334 1715 555 1770 συνόδων
578 1713 639 1767 οὗ
669 1712 973 1786 διώρισται.
1009 1713 1114 1769 Ναὶ
1142 1715 1207 1788 δὴ
1237 1718 1331 1770 καὶ
1365 1717 1465 1789 τὴν
1496 1719 1554 1772 ἐν
1601 1720 1902 1774 Κωνσταν-

2008 1726 2123 1766 rum
2153 1710 2383 1768 Patrum
2419 1716 2714 1769 concilium
2749 1730 2846 1785 pro
2889 1716 3007 1770 suis
3045 1716 3205 1786 nugis
3234 1714 3528 1786 rejiciunt;
3567 1737 3593 1770 a

333 1807 623 1861 τινουπόλει
676 1806 788 1861 τῶν
841 1808 918 1880 ρν⁹
974 1809 1152 1878 ἁγίων
1205 1811 1470 1885 Πατέρων
1521 1813 1583 1880 ἐξ
1615 1809 1692 1869 ὧν
1744 1815 1901 1871 αὐτοὶ

2008 1819 2110 1875 quo
2143 1805 2431 1877 proﬂigata
2477 1809 2706 1865 haeresis
2738 1810 3181 1878 oppugnantium
3222 1808 3511 1880 Spiritum.
3542 1822 3596 1865 ιιι

333 1898 549 1970 ληροῦσι
578 1902 1059 1971 παραγράφονται,
1088 1902 1214 1974 ἣτις
1258 1902 1368 1977 τῶν
1403 1905 1893 1978 Πνευματομάχων

2008 1897 2207 1953 additis
2249 1896 2471 1954 Nieaeno
2498 1898 2760 1971 Symbolo
2798 1901 2982 1956 verbis
3036 1901 3105 1956 de
3141 1903 3317 1958 sancti
3363 1902 3603 1973 Spiritus

446 1959 676 2064 αἵρεσιν.
690 1959 1014 2061 καθελοῦσα,
1150 1959 1291 2052 κατᾶ
1316 1974 1417 2068 τὴν
1446 1959 1904 2073 Νίκαιανιέίφω-

2008 1989 2318 2053 divinitate,
2348 1989 2483 2046 fides
2514 1959 2882 2062 congruenter
2912 1992 3180 2062 explicata
3216 2002 3323 2050 est.
3356 1959 3418 2050 Si
3453 1997 3600 2050 enim

333 2085 538 2155 νηθέντι
564 2085 676 2157 ὅρῳ
709 2084 808 2157 τὴν
842 2086 973 2156 περὶ
1025 2085 1120 2142 τοῦ
1153 2087 1312 2157 ἁγίου
1346 2090 1669 2161 Πνεύματος
1713 2093 1899 2148 θεολο-

332 2178 449 2247 γίαν
472 2178 771 2249 προσθεῖσα
802 2179 1172 2251 συνήρμοσεν.
1205 2183 1268 2235 Ei
1300 2182 1411 2255 γὰρ
1438 2185 1494 2238 al
1525 2184 1904 2255 προλαϐοὖσαι

331 2270 698 2343 προστιθεῖσαι
726 2273 827 2326 ἐδ-δ’
874 2272 1070 2343 μῶμον
1118 2273 1512 2344 ἐκφεύγουσιν,
1541 2278 1654 2332 οὐδ’
1686 2280 1743 2333 αἱ
1780 2279 1901 2350 μετ’

331 2364 492 2427 αὐτὰς
540 2365 599 2418 ἐν
636 2366 751 2429 τοῖς
805 2366 1015 2434 ὁμοίοις
1061 2367 1335 2439 ἀνομοίως
1368 2368 1554 2435 ἕξουσι
1588 2370 1689 2441 τὴν
1731 2372 1903 2426 κατά-

330 2474 541 2525 τνωσιν.
577 2455 733 2511 Οὕτω
782 2458 841 2511 τὸ
891 2459 1157 2514 ἀσύνετον
1210 2462 1390 2516 πάντα
1438 2462 1604 2532 φύρει
1648 2464 1743 2517 καὶ
1787 2465 1907 2519 δια-

333 2551 570 2620 στρέφει.
595 2550 701 2604 Καὶ
740 2551 848 2620 γὰρ
877 2553 908 2620 ἡ
941 2553 1000 2605 ἐν
1043 2552 1260 2624 Ἐφέσῳ
1300 2553 1522 2620 σύνοδος
1568 2557 1753 2612 πίστιν
1798 2558 1903 2630 μὶν

332 2642 537 2711 ἐτέραν,
566 2636 634 2714 ἧς
664 2642 884 2698 ἐναντία
910 2645 979 2697 τὰ
1008 2643 1258 2714 δόγματα
1297 2646 1436 2717 πρὸς
1465 2647 1569 2718 τὴν
1602 2650 1663 2703 ἐν
1693 2650 1903 2724 Νικαίᾳ

331 2731 631 2803 καθέστηκε
663 2733 902 2799 σύνοδον,
941 2735 1228 2800 παντελῶς
1266 2736 1586 2793 ἐκτίθεσθαι
1635 2740 1901 2796 διεκώλυ-

333 2839 420 2878 σεν
440 2840 455 2855 ·
497 2826 787 2896 ἀκηράτων
805 2826 862 2880 δὲ
891 2826 1001 2880 τῶν
1029 2829 1093 2907 ἐν
1132 2828 1271 2900 αὐτῇ
1311 2828 1662 2900 σωζομένων,
1698 2834 1845 2903 άπερ
1874 2835 1903 2887 ὁ

332 2917 516 2986 καιρὸς
539 2919 764 2973 άπαιτεῖ
788 2920 1138 2990 προστιθέναι
1169 2923 1341 2994 αὐτῆς
1370 2941 1432 2978 τε
1460 2926 1691 2994 γέγονεν
1718 2927 1903 3005 ἔργον,

332 3011 556 3064 καὶτῶν
593 3011 936 3084 πραγμάτων
989 3015 1022 3080 ἡ
1081 3013 1245 3083 φύσις
1290 3014 1637 3083 διδάσκαλος,
1675 3019 1772 3072 καὶ
1802 3019 1903 3088 τῆς

344 3103 665 3173 Ἐκκλησίας
710 3104 906 3175 δρᾶται
938 3105 1103 3160 τοῦτο
1140 3106 1449 3177 στέργουσα
1497 3108 1587 3163 διὰ
1633 3109 1902 3183 παντὸςὴ

332 3196 648 3266 παράδοσις.
679 3197 772 3250 Διὸ
814 3196 909 3251 καὶ
941 3197 1086 3251 κατά
1134 3200 1236 3268 τὴν
1274 3199 1716 3273 Ἀλεξάνδρειαν,
1748 3200 1904 3257 οὔπω

2005 2081 2222 2151 priores
2270 2084 2465 2152 synodi
2502 2085 2755 2139 addendo
2799 2086 3291 2153 reprehensionem
3341 2088 3600 2159 fugiunt.

2008 2189 2114 2228 non
2156 2174 2357 2231 debent
2387 2177 2721 2247 posteriores
2755 2177 2809 2233 in
2847 2180 3121 2236 similibus
3145 2180 3492 2237 dissimiliter
3524 2183 3603 2237 vi-

2006 2270 2409 2339 tuperationem
2457 2270 2665 2327 subire.
2702 2274 2783 2328 ita
2827 2273 3216 2342 desipientittm
3265 2291 3423 2332 mens
3467 2291 3603 2332 con-

2008 2360 2187 2418 fundit
2218 2363 2402 2417 omnia
2440 2365 2832 2434 pervertitque.
2866 2363 3001 2420 Nam
3031 2365 3306 2435 Ephesina
3339 2370 3586 2440 synoelus

2007 2454 2166 2509 ﬁdem
2189 2454 2487 2519 diversam.
2515 2455 2672 2522 cujus
2698 2459 2953 2527 dogmata
2988 2456 3110 2512 lldei
3138 2455 3375 2516 Nicaeum
3404 2461 3604 2516 adver-

1973 2608 1978 2616 _
2008 2554 2220 2610 sentur,
2254 2545 2482 2601 omnino
2516 2547 2803 2614 prohibuit
2838 2564 2854 2603 :
2889 2549 3017 2605 dttm
3062 2557 3244 2605 tamen
3274 2550 3479 2606 illibata
3512 2553 3602 2607 illa

2010 2647 2289 2703 servetur,
2325 2638 2450 2692 addi
2504 2649 2765 2708 poterunt
2804 2657 2927 2712 quae
2974 2645 3195 2698 occasio
3225 2643 3432 2709 tulerit,
3463 2644 3606 2700 sicut

2009 2729 2238 2798 ipsamet
2285 2729 2495 2784 addidit
2534 2745 2549 2783 :
2596 2731 2700 2785 hoc
2739 2740 2794 2786 et
2848 2733 3113 2803 magistra
3169 2748 3355 2789 rerum
3408 2737 3642 2790 natura'

2006 2818 2190 2880 docet.
2220 2832 2275 2876 et
2308 2816 2572 2879 Ecclesia:
2599 2839 2735 2879 usus
2761 2824 2919 2894 juxta
2972 2839 3293 2896 perpetuam
3350 2827 3608 2882 traditio-

2008 2928 2131 2967 nem
2164 2914 2479 2969 conlirmat.
2517 2915 2815 2986 Pr0ptcrea
2851 2917 2935 2972 vir
2967 2918 3306 2977 admirabilis
3345 2918 3606 3004 Cyrillug.
3692 2926 3695 2929 λ

2007 3006 2347 3062 ωουηιεηίοε
2387 3007 2599 3078 synodo
2635 3009 2882 3063 nondum
2920 3010 3219 3076 celebrata,
3256 3015 3610 3083 congregatis

2007 3099 2304 3170 provincia:
2336 3115 2451 3156 sum
2479 3101 2782 3172 episcopis,
2808 3102 3200 3161 Alexandrina:
3238 3105 3360 3161 fidei
3385 3107 3611 3178 scripsit

2006 3193 2435 3263 expositionem.
2492 3210 2660 3265 quam
2718 3194 2976 3251 Nestorio
3012 3197 3182 3254 misit.
3235 3198 3300 3254 Et
3354 3198 3495 3254 infra
3555 3201 3611 3255 in

329 3286 427 3356 τῆς
459 3289 845 3359 οἱκουμενικῆς
890 3289 1364 3361 συγκροτηθείσης
1396 3293 1647 3361 συνόδου,
1676 3297 1805 3359 τοὺς
1841 3297 1901 3350 ἐν

2008 3284 2200 3341 eodem
2229 3285 2372 3343 libro
2406 3288 2573 3343 verba
2607 3286 2723 3344 hate
2762 3289 2943 3360 magni
2979 3287 3287 3360 Epltrasmii
3329 3291 3609 3361 reperies:

331 3381 461 3451 αὐτῇ
490 3381 597 3434 τῶν
627 3380 822 3452 ἱερέων
850 3381 1084 3452 λογάδας
1110 3386 1140 3439 ὁ
1171 3384 1464 3451 θεσπέσιος
1491 3386 1903 3459 άθροισάμενος

331 3471 616 3544 Κύριλλος,
678 3475 775 3528 καὶ
843 3475 1026 3530 πίστιν
1080 3475 1408 3546 διαθέμενος
1464 3478 1767 3552 ἔγγραφον,
1830 3483 1908 3551 τῷ

327 3564 603 3638 Νεστορίῳ
657 3566 1014 3638 διεπέμψατο.
1052 3569 1161 3622 Καὶ
1216 3569 1359 3639 μετά
1409 3588 1530 3625 τινα
1584 3574 1646 3627 ἐν
1673 3577 1739 3647 τῇ
1767 3577 1907 3649 αὐτῇ

328 3656 495 3727 βίϐλῳ
538 3658 863 3729 Ἐφραιμίου
918 3660 1014 3714 τοῦ
1068 3661 1332 3730 Μεγάλου
1381 3662 1480 3717 καὶ
1514 3662 1689 3739 ταῦτα
1737 3667 1908 3739 εὑρή-

328 3762 477 3812 σεις*
506 3749 678 3804 Πάλιν
708 3748 768 3802 δέ
817 3750 1223 3820 ἐπηρεάζουσιν
1269 3753 1319 3806 oi
1362 3753 1640 3824 αἱρετικοὶ
1691 3755 1794 3829 τὴν
1823 3775 1911 3812 τε·

324 3840 530 3910 τάρτην
557 3840 793 3906 σύνοδον,
827 3843 1107 3912 λέγοντες,
1143 3843 1219 3908 ὡς
1244 3843 1672 3916 ἐδεδογμάτιστο
1715 3848 1910 3920 μηδενὶ

327 3935 536 3998 ἐξεῖναι
586 3934 970 4007 προφέρειν,ἢ
1007 3936 1375 4007 συγγράφειν,
1415 3940 1449 4010 ἢ
1504 3939 1839 4006 συντιθέναι,
1872 3942 1906 4012 ἢ

322 4028 542 4096 φρονεῖν
566 4027 750 4080 πίστιν
779 4028 997 4098 ἑτέραν,
1031 4030 1166 4100 παρ’
1200 4030 1269 4100 ἥν
1298 4030 1516 4098 ἐξέθετο
1558 4032 1699 4104 αὐτή
1722 4048 1737 4064 ⁸
1781 4033 1909 4088 καί-

319 4134 409 4171 τοι
437 4118 498 4173 ού
526 4117 685 4172 τοῦτο
716 4120 751 4190 ἡ
781 4119 1347 4192 σύνοδοςκδιωρίσατο,
1386 4123 1494 4177 κάν
1524 4124 1907 4195 ἀναισχύντως

318 4210 470 4266 οὗτοι
495 4212 942 4282 καταψεύδωνται
970 4229 986 4246 ο
1019 4213 1156 4268 ἀλλὰ
1188 4213 1288 4286 τὴν
1319 4214 1521 4281 πίστιν,
1556 4216 1625 4290 ἣν
1671 4218 1722 4270 oi
1749 4235 1909 4290 1pm.-

317 4303 498 4358 κόσιοι
556 4297 689 4359 δέκα
747 4305 845 4358 καὶ
904 4305 1052 4359 ὀκτὼ
1115 4307 1268 4375 ἅγιοι
1328 4309 1572 4378 Πατέρες
1624 4309 1901 4379 ἐξέθεντο,

319 4396 542 4466 τιμῶσα
565 4414 623 4450 τε
650 4397 740 4450 καὶ
774 4396 1088 4463 θειάζουσα,
1123 4398 1274 4469 παρὰ
1333 4401 1542 4470 ταύτην
1589 4400 1761 4472 ἔφησε
1799 4422 1905 4477 μη-

314 4487 435 4541 δενὶ
466 4488 667 4553 ἐξεῖναι
713 4490 1011 4561 προφέρειν
1040 4489 1238 4560 ἐτέραν
1293 4490 1499 4563 πίστιν,
1531 4492 1627 4546 καὶ
1672 4494 1743 4548 τά
1772 4494 1906 4549 ὗπόο

314 4579 509 4645 λοιπά.
536 4580 708 4651 Δῆλον
747 4583 803 4636 δέ
834 4583 982 4634 ἐστιν
1018 4581 1079 4647 ἐξ
1108 4582 1290 4636 αὐτῶν
1325 4584 1568 4652 μάλιστα
1599 4585 1711 4640 τῶν
1742 4603 1904 4642 συνο-

2010 3374 2221 3430 Rursus
2265 3375 2512 3431 haeretici
2563 3389 2813 3448 quartam
2860 3379 3137 3449 synodum
3189 3381 3615 3437 calumniantur

2010 3469 2260 3524 dicentes
2288 3468 2571 3526 decretum
2608 3468 2785 3528 fuisse
2815 3482 2945 3528 ante
2974 3472 3149 3540 illam,
3196 3489 3264 3529 ne
3297 3475 3386 3530 cui
3419 3475 3611 3531 liceret

2010 3559 2282 3630 proferre.
2311 3574 2408 3619 aut
2442 3563 2714 3629 scribere,
2740 3572 2836 3619 aut
2863 3580 3197 3636 componere
3223 3606 3240 3633 ,
3294 3576 3390 3622 aut
3425 3577 3611 3623 tenere

2010 3653 2176 3708 aliam
2212 3652 2395 3719 Iidem,
2425 3662 2627 3727 praeter
2655 3671 2773 3712 eam
2808 3673 2932 3727 quae
2956 3669 3076 3713 erat
3107 3660 3353 3729 exposita
3382 3680 3396 3716 :
3433 3679 3612 3731 quan-

2009 3759 2172 3813 quam
2212 3745 2455 3816 synodus
2496 3762 2607 3802 non
2646 3748 2752 3802 hoc
2781 3748 3123 3812 decreverat,
3162 3748 3292 3805 licet
3321 3750 3613 3822 impuden-

2011 3845 2096 3889 ter
2141 3836 2248 3905 ipsi
2299 3839 2642 3893 mentiantur
2677 3857 2691 3894 :
2726 3841 2823 3895 sed
2861 3842 3021 3894 [idem
3057 3856 3087 3894 a
3119 3843 3382 3897 trecentis
3416 3845 3609 3900 decem

2011 3934 2065 3978 ct
2095 3934 2224 3981 octo
2253 3925 2513 3983 Patrihus
2544 3930 2852 3999 expositam
2902 3945 3122 3987 summo
3178 3931 3233 3986 in
3272 3933 3485 3989 honore
3512 3935 3613 3989 Ita-

2012 4019 2150 4075 beus
2180 4030 2546 4091 preceperat,
2582 4037 2654 4076 ne
2691 4020 2778 4076 eui
2833 4020 2917 4077 fas
2964 4031 3110 4077 esset
3161 4022 3323 4078 aliam
3365 4026 3613 4095 proferre

2013 4113 2198 4177 ﬁdem.
2230 4122 2289 4170 et
2333 4127 2456 4184 qua
2488 4123 2825 4175 sequuntur.
2858 4112 2915 4167 ld
2948 4125 3096 4170 certe
3126 4131 3191 4171 ex
3240 4117 3377 4185 ipsis
3413 4118 3609 4189 synodi

2008 4202 2244 4258 vocibus
2272 4202 2516 4257 maxime
2553 4211 2809 4269 constat;
2856 4202 3061 4272 patebit
3088 4205 3234 4259 enim
3282 4206 3399 4273 ipsa
3433 4223 3528 4278 per
3554 4224 3613 4260 se.

2023 4296 2230 4351 veritas
2277 4295 2429 4350 nulla
2464 4296 2789 4367 probatione.
2819 4297 3097 4367 indigens,
3127 4298 3172 4352 si
3215 4298 3391 4352 solum
3423 4314 3501 4356 ea:
3532 4303 3607 4354 le-

2009 4398 2233 4461 gantur.
2268 4388 2381 4444 Nec
2428 4389 2504 4445 ita
2547 4389 2773 4460 quidem
2802 4390 3066 4456 decrevit,
3103 4391 3250 4446 aliud
3285 4408 3415 4447 vero
3447 4395 3608 4459 fecit;

2009 4479 2105 4536 sed
2158 4480 2293 4536 illud
2346 4480 2552 4551 ubique
2602 4485 2881 4550 servavit,
2918 4485 3061 4555 quod
3110 4484 3179 4538 ab
3215 4500 3277 4539 ea
3327 4486 3549 4542 decreto
3597 4510 3606 4539 ι

2011 4574 2137 4629 fuit.
2163 4573 2300 4629 Nam
2331 4575 2397 4629 ad
2422 4588 2606 4629 veram
2640 4577 2975 4633 accedentes
2998 4577 3322 4644 religionem
3362 4595 3473 4634 non
3502 4580 3609 4634 alio

312 4672 487 4724 δικῶν
515 4673 728 4742 φωνῶν,
758 4667 833 4728 ὧν
878 4674 974 4727 καὶ
1021 4677 1201 4745 μόνων
1249 4676 1788 4748 ἀναγινωσκομένων
1817 4679 1904 4733 ού·-

2016 4665 2300 4738 Symbolo.
2329 4683 2492 4738 quam
2527 4684 2557 4723 a
2589 4672 2854 4725 trecentis
2887 4674 3074 4726 decem
3113 4680 3167 4726 et
3193 4681 3319 4727 octo
3352 4671 3609 4730 Patribus

314 4763 517 4833 δεμιᾶς
575 4763 743 4832 ἄλλης
815 4764 989 4818 δεῖται
1067 4766 1427 4835 κατασκευῆς
1487 4768 1520 4837 ἦ
1588 4770 1905 4833 συστάσεως

313 4856 693 4926 ἐπιδειχθείσα
761 4858 794 4928 ἡ
869 4857 1122 4927 ἀλήθεια.
1174 4858 1284 4911 Καὶ
1345 4860 1444 4929 οὐχ
1508 4858 1678 4931 ὥρισε
1738 4861 1904 4931 μόνον

310 4948 499 5009 τοῦτο,
531 4950 731 5022 ἔπραξε
782 4950 840 5002 δὲ
894 4950 1104 5013 ἄλλως⁸
1163 4948 1282 5003 ἀλλ’
1338 4951 1413 5015 ὡς
1471 4951 1697 5022 ὥρισεν,
1756 4953 1904 5008 οὕτω

310 5045 597 5112 πανταχοῦ
625 5043 999 5114 διαπραττομέ
1020 5060 1073 5113 .η
1107 5044 1460 5114 γνωρίζεται.
1494 5044 1602 5098 Καὶ
1630 5045 1739 5116 γὰρ
1771 5046 1900 5111 τοὺς

308 5138 380 5206 τῇ
443 5136 692 5204 εὐσεϐείᾳ.
750 5136 1082 5206 προσιόντας
1131 5134 1234 5187 οὐκ
1279 5134 1409 5188 ἄλλο
1461 5133 1731 5203 σύμθο)ον
1762 5134 1900 5189 ἀλλὰ

311 5228 434 5281 τῶν
472 5227 577 5298 τιη¹
608 5229 781 5296 ἁγίων
824 5227 1133 5281 ἐκδιδάσκει
1162 5225 1260 5280 καὶ
1287 5226 1644 5297 παραδίδωσι.
1679 5225 1903 5280 Γέλωτα

305 5317 372 5371 δὲ
407 5318 608 5387 μᾶλλον
636 5317 760 5372 καθ’
790 5318 1003 5372 ἑαυτῶν
1033 5317 1066 5387 ἢ
1096 5314 1357 5381 διαϐολὴν
1395 5316 1498 5382 τῆς
1542 5317 1763 5371 συνόδου
1800 5337 1902 5373 κα-

304 5409 603 5478 ταχέουσιν
631 5409 689 5461 ἐν
718 5402 799 5471 οἷς
837 5423 1006 5476 φασιν
1054 5404 1226 5478 αὐτὴν
1264 5404 1370 5459 ὑπὸ
1396 5404 1611 5458 πολλῶν
1641 5405 1899 5477 διασύρε-

304 5497 486 5550 σθαι·
540 5497 703 5552 πόσαι
751 5497 863 5569 γὰρ
914 5495 1016 5566 τῆς
1074 5494 1299 5567 πρώτης
1349 5496 1446 5549 καὶ
1504 5496 1898 5567 οίκουμενικῆς

301 5589 480 5658 ἁγίας
526 5590 746 5644 συνόδου
803 5592 1067 5645 κατεῖπον
1099 5588 1310 5643 σύνοδοι
1359 5586 1538 5642 καίτοι
1589 5589 1898 5660 ἀρχιερέων

299 5681 473 5737 οὖσαι
502 5683 811 5755 πλήρωμα;
839 5681 952 5753 Τὴν
980 5682 1038 5736 δέ
1068 5680 1179 5735 τῶν
1218 5687 1294 5753 ρν⁹
1321 5680 1432 5735 οὐδ’
1456 5682 1505 5734 εί
1528 5683 1721 5750 γέγονε
1753 5682 1901 5746 τινὲς

300 5774 425 5831 τῶν
463 5776 774 5845 Αἰγυπτίων
807 5775 1006 5829 εἰδέναι
1037 5773 1331 5844 ἠθέλησαν.
1379 5773 1522 5827 Ἀλλ’
1549 5775 1807 5845 ἐάσωμεν
1837 5774 1896 5827 τὸ

302 5871 636 5937 ἀλόγιστονο
680 5869 791 5924 τῶν
845 5870 956 5940 γὰρ
993 5868 1168 5938 ἁγίων
1222 5868 1485 5938 Πατέρων
1528 5866 1676 5945 οὕτω
1709 5868 1907 5921 διασα-

314 5965 596 6035 φούντων,
633 5968 729 6023 καὶ
776 5965 1428 6039 λήρους-ἀναισχύντους
1482 5966 1576 6019 καὶ
1611 5965 1936 6034 ἀλογίστους

2015 4760 2189 4823 edito.
2226 4761 2489 4816 instituit.
2532 4761 2726 4818 Risum
2758 4778 2891 4819 vero
2945 4765 3128 4830 potius
3163 4765 3215 4819 in
3249 4780 3307 4820 se
3336 4778 3557 4820 moveut
3590 4811 3601 4827 .

2014 4870 2177 4925 quam
2215 4864 2410 4925 petunt
2439 4855 2736 4911 calumniis
2774 4857 3047 4928 synodum
3069 4899 3086 4925 ,
3119 4859 3248 4913 dum
3282 4859 3439 4914 aiunt
3473 4862 3610 4915 mul-

2019 4956 2105 5001 tos
2137 4946 2214 5001 illi
2244 4949 2579 5003 obtrec=are.
2616 4948 2750 5003 Nam
2802 4951 2869 5006 de
2918 4951 3098 5021 prima
3151 4961 3341 5007 sancta
3374 4964 3427 5009 et
3458 4971 3609 5007 mro-

2002 5034 2229 5094 \neuica
2270 5040 2481 5111 synodo
2518 5051 2657 5110 quot
2704 5042 2901 5114 synodi
2958 5043 3346 5109 detraxerunt,
3378 5060 3502 5099 cum
3553 5057 3606 5099 et
3690 5037 3695 5043 ’

2011 5128 2147 5201 ipsae
2185 5141 2365 5188 castus
2402 5142 2589 5188 essent
2633 5133 3066 5205 episeOporum?
3115 5136 3261 5203 Quid
3304 5126 3485 5193 dieam
3539 5138 3606 5191 de

2013 5225 2228 5296 synodo
2251 5235 2472 5280 centum
2509 5228 2912 5297 quinquaginta
2939 5229 3188 5295 Patrum,
3215 5229 3283 5286 de
3310 5245 3417 5301 qua
3440 5228 3603 5309 mgy-

2014 5316 2111 5382 ptii
2148 5315 2399 5386 quidam,
2439 5331 2509 5372 ne
2548 5316 2774 5391 si'facta
2818 5320 3038 5387 quidem
3090 5320 3276 5383 fuerit,
3320 5321 3463 5376 scire
3504 5338 3602 5375 vo-

2002 5406 2253 5461 luerunt?
2277 5407 2380 5463 Sed
2401 5409 2569 5465 missa
2594 5409 2862 5464 faciamus
2890 5411 3244 5466 deliramenta
3273 5424 3288 5465 :
3313 5412 3446 5467 Nam
3475 5428 3605 5467 san-

2003 5502 2109 5554 t'tis
2145 5499 2401 5555 Patribus
2444 5500 2514 5554 ita
2567 5503 3001 5571 exponentilms,
3037 5512 3091 5556 et
3121 5520 3298 5573 nugas
3333 5505 3445 5558 Itan:
3479 5522 3599 5558 esse

2006 5592 2355 5661 impudentes
2402 5592 2681 5663 Verbaque
2748 5594 2924 5647 iutilia
2967 5594 3418 5656 affirmantibus.
3468 5596 3600 5665 qui!

2007 5700 2106 5739 nos
2138 5685 2204 5736 ad
2240 5681 2585 5753 proferetttcs
2608 5700 2671 5739 ea
2696 5684 2988 5739 dicamus?
3013 5686 3422 5743 llefellatnusne
3453 5687 3603 5749 illos.

2007 5790 2077 5828 an
2107 5790 2237 5828 vero
2258 5774 2402 5829 dicta
2435 5774 2769 5843 probemus?
2797 5774 3104 5847 litt-umque
3139 5779 3445 5848 negaverit,
3476 5782 3603 5853 qui~

2005 5882 2224 5936 conque
2264 5882 2377 5922 SILI!
2413 5868 2613 5922 mentis
2638 5875 2722 5922 est
2755 5882 3001 5937 compos.

1991 5964 2163 6019 ταῦτα
2214 5963 2659 6033 ἀποφηναμένων
2716 5965 2829 6029 τοῖς
2892 5964 2959 6017 τὰ
3002 5964 3223 6022 τοιαῦτα
3291 5966 3600 6039 φθεγγομέο
