  <div class='ocr_page' id='page_1' title='image "/cluster/home/n/w/nwhite01/storage/ocr_20150623/160/coo.31924054870658/109.png"; bbox 0 0 4102 6448; ppageno 0'>
   <div class='ocr_carea' id='block_1_1' title="bbox 2290 193 2518 209">
    <p class='ocr_par' dir='ltr' id='par_1_1' title="bbox 2290 193 2518 209">
     <span class='ocr_line' id='line_1_1' title="bbox 2290 193 2518 209; baseline 0.009 -5"><span class='ocrx_word' id='word_1_1' title='bbox 2290 198 2298 204; x_wconf 68' lang='grc' dir='ltr'><strong>η</strong></span> <span class='ocrx_word' id='word_1_2' title='bbox 2319 193 2518 209; x_wconf 46' lang='grc' dir='ltr'><strong>,κοτε-η</strong></span> 
     </span>
    </p>
   </div>
   <div class='ocr_carea' id='block_1_2' title="bbox 472 310 3700 392">
    <p class='ocr_par' dir='ltr' id='par_1_2' title="bbox 472 310 3700 392">
     <span class='ocr_line' id='line_1_2' title="bbox 472 310 3700 392; baseline 0.006 -19"><span class='ocrx_word' id='word_1_3' title='bbox 472 310 578 373; x_wconf 75' lang='lat' dir='ltr'><strong>2m</strong></span> <span class='ocrx_word' id='word_1_4' title='bbox 1383 310 1758 372; x_wconf 79' lang='lat' dir='ltr'><strong>GREGORII</strong></span> <span class='ocrx_word' id='word_1_5' title='bbox 1797 313 2093 374; x_wconf 67' lang='lat' dir='ltr'><strong>manus</strong></span> <span class='ocrx_word' id='word_1_6' title='bbox 2132 312 2238 375; x_wconf 89' lang='lat' dir='ltr'><strong>CP.</strong></span> <span class='ocrx_word' id='word_1_7' title='bbox 2279 315 2784 380; x_wconf 69' lang='lat' dir='ltr'><strong>PATRIARCH/E</strong></span> <span class='ocrx_word' id='word_1_8' title='bbox 3592 318 3700 392; x_wconf 69' lang='lat'><strong>204&#39;</strong></span> 
     </span>
    </p>
   </div>
   <div class='ocr_carea' id='block_1_3' title="bbox 468 425 2003 507">
    <p class='ocr_par' dir='ltr' id='par_1_3' title="bbox 468 425 2000 499">
     <span class='ocr_line' id='line_1_3' title="bbox 468 425 2000 499; baseline 0.002 -18"><span class='ocrx_word' id='word_1_9' title='bbox 468 427 536 481; x_wconf 82' lang='lat' dir='ltr'><strong>Et</strong></span> <span class='ocrx_word' id='word_1_10' title='bbox 569 426 696 480; x_wconf 83' lang='lat' dir='ltr'><strong>alibi</strong></span> <span class='ocrx_word' id='word_1_11' title='bbox 727 439 954 480; x_wconf 86' lang='lat' dir='ltr'><strong>rursus:</strong></span> <span class='ocrx_word' id='word_1_12' title='bbox 991 425 1049 480; x_wconf 87' lang='lat' dir='ltr'><strong>Si</strong></span> <span class='ocrx_word' id='word_1_13' title='bbox 1080 425 1354 491; x_wconf 76' lang='lat' dir='ltr'><strong>quis-vobis</strong></span> <span class='ocrx_word' id='word_1_14' title='bbox 1373 428 1804 498; x_wconf 78' lang='lat' dir='ltr'><strong>erangelizarerit</strong></span> <span class='ocrx_word' id='word_1_15' title='bbox 1840 439 2000 499; x_wconf 69' lang='lat' dir='ltr'><strong>praete</strong></span> 
     </span>
    </p>
   </div>
   <div class='ocr_carea' id='block_1_4' title="bbox 2107 425 3702 507">
    <p class='ocr_par' dir='ltr' id='par_1_4' title="bbox 2133 434 3702 507">
     <span class='ocr_line' id='line_1_4' title="bbox 2133 434 3702 507; baseline 0.006 -23"><span class='ocrx_word' id='word_1_16' title='bbox 2133 434 2382 500; x_wconf 77' lang='grc' dir='ltr'><em>στερρὸς</em></span> <span class='ocrx_word' id='word_1_17' title='bbox 2403 434 2674 504; x_wconf 78' lang='grc' dir='ltr'><strong>θεμέλιος</strong></span> <span class='ocrx_word' id='word_1_18' title='bbox 2701 434 2807 502; x_wconf 83' lang='grc' dir='ltr'><strong>τῆς</strong></span> <span class='ocrx_word' id='word_1_19' title='bbox 2835 436 3092 502; x_wconf 75' lang='grc' dir='ltr'><em>πίστεως</em></span> <span class='ocrx_word' id='word_1_20' title='bbox 3119 436 3378 505; x_wconf 82' lang='grc' dir='ltr'><em>ἔστηκεν</em></span> <span class='ocrx_word' id='word_1_21' title='bbox 3400 438 3556 506; x_wconf 80' lang='grc' dir='ltr'><em>ἔχων</em></span> <span class='ocrx_word' id='word_1_22' title='bbox 3587 441 3702 507; x_wconf 64' lang='grc' dir='ltr'><em>τὴν</em></span> 
     </span>
    </p>
   </div>
   <div class='ocr_carea' id='block_1_5' title="bbox 466 513 2003 595">
    <p class='ocr_par' dir='ltr' id='par_1_5' title="bbox 466 513 2003 590">
     <span class='ocr_line' id='line_1_5' title="bbox 466 513 2003 590; baseline 0.004 -18"><span class='ocrx_word' id='word_1_23' title='bbox 466 521 524 574; x_wconf 80' lang='lat' dir='ltr'><strong>id</strong></span> <span class='ocrx_word' id='word_1_24' title='bbox 551 517 689 588; x_wconf 84' lang='lat' dir='ltr'><strong>quod</strong></span> <span class='ocrx_word' id='word_1_25' title='bbox 715 518 1008 587; x_wconf 72' lang='lat' dir='ltr'><strong>accepistis,</strong></span> <span class='ocrx_word' id='word_1_26' title='bbox 1065 519 1192 572; x_wconf 79' lang='lat' dir='ltr'><strong>licet</strong></span> <span class='ocrx_word' id='word_1_27' title='bbox 1230 520 1446 590; x_wconf 75' lang='lat' dir='ltr'><strong>angelus</strong></span> <span class='ocrx_word' id='word_1_28' title='bbox 1472 523 1534 575; x_wconf 86' lang='lat' dir='ltr'><strong>de</strong></span> <span class='ocrx_word' id='word_1_29' title='bbox 1563 519 1710 589; x_wconf 76' lang='lat' dir='ltr'><strong>caelo,</strong></span> <span class='ocrx_word' id='word_1_30' title='bbox 1745 513 2003 578; x_wconf 42' lang='lat' dir='ltr'><strong>anathe&#39;nu</strong></span> 
     </span>
    </p>
   </div>
   <div class='ocr_carea' id='block_1_6' title="bbox 2107 513 3699 595">
    <p class='ocr_par' dir='ltr' id='par_1_6' title="bbox 2135 524 3699 595">
     <span class='ocr_line' id='line_1_6' title="bbox 2135 524 3699 595; baseline 0.003 -18"><span class='ocrx_word' id='word_1_31' title='bbox 2135 524 2437 592; x_wconf 66' lang='grc' dir='ltr'><em>σφραγῖδα</em></span> <span class='ocrx_word' id='word_1_32' title='bbox 2485 527 2743 590; x_wconf 82' lang='grc' dir='ltr'><em>ταύτην.</em></span> <span class='ocrx_word' id='word_1_33' title='bbox 2802 525 2912 578; x_wconf 72' lang='grc' dir='ltr'><strong>Καὶ</strong></span> <span class='ocrx_word' id='word_1_34' title='bbox 2965 525 3200 595; x_wconf 61' lang='grc' dir='ltr'><em>ἀλλαχοῦ</em></span> <span class='ocrx_word' id='word_1_35' title='bbox 3255 526 3454 580; x_wconf 79' lang='grc' dir='ltr'><em>πάλινο</em></span> <span class='ocrx_word' id='word_1_36' title='bbox 3507 529 3578 580; x_wconf 81' lang='lat' dir='ltr'><strong><em>El</em></strong></span> <span class='ocrx_word' id='word_1_37' title='bbox 3609 546 3699 595; x_wconf 74' lang='grc' dir='ltr'><strong>τις</strong></span> 
     </span>
    </p>
   </div>
   <div class='ocr_carea' id='block_1_7' title="bbox 463 609 2003 686">
    <p class='ocr_par' dir='ltr' id='par_1_7' title="bbox 463 609 2003 679">
     <span class='ocr_line' id='line_1_7' title="bbox 463 609 2003 679; baseline 0.004 -15"><span class='ocrx_word' id='word_1_38' title='bbox 463 611 532 664; x_wconf 79' lang='lat' dir='ltr'><strong>sit</strong></span> <span class='ocrx_word' id='word_1_39' title='bbox 566 610 628 662; x_wconf 74' lang='lat'><strong>“.</strong></span> <span class='ocrx_word' id='word_1_40' title='bbox 666 609 869 662; x_wconf 74' lang='lat' dir='ltr'><strong>Videtis</strong></span> <span class='ocrx_word' id='word_1_41' title='bbox 922 611 1239 679; x_wconf 82' lang='lat' dir='ltr'><strong>prophetico</strong></span> <span class='ocrx_word' id='word_1_42' title='bbox 1285 611 1492 666; x_wconf 89' lang='lat' dir='ltr'><strong>dictum</strong></span> <span class='ocrx_word' id='word_1_43' title='bbox 1524 613 1658 668; x_wconf 90' lang='lat' dir='ltr'><strong>illud</strong></span> <span class='ocrx_word' id='word_1_44' title='bbox 1692 633 1704 669; x_wconf 86' lang='lat'><strong>:</strong></span> <span class='ocrx_word' id='word_1_45' title='bbox 1751 614 1890 668; x_wconf 85' lang='lat' dir='ltr'><strong>Licet</strong></span> <span class='ocrx_word' id='word_1_46' title='bbox 1926 633 2003 670; x_wconf 32' lang='lat' dir='ltr'><strong>an!</strong></span> 
     </span>
    </p>
   </div>
   <div class='ocr_carea' id='block_1_8' title="bbox 2107 609 3698 686">
    <p class='ocr_par' dir='ltr' id='par_1_8' title="bbox 2131 613 3698 686">
     <span class='ocr_line' id='line_1_8' title="bbox 2131 613 3698 686; baseline 0.002 -19"><span class='ocrx_word' id='word_1_47' title='bbox 2131 613 2288 682; x_wconf 79' lang='grc' dir='ltr'><em>ὑμᾶς</em></span> <span class='ocrx_word' id='word_1_48' title='bbox 2319 614 2754 684; x_wconf 75' lang='grc' dir='ltr'><strong>εὐαγγελίζεται</strong></span> <span class='ocrx_word' id='word_1_49' title='bbox 2775 614 2910 679; x_wconf 85' lang='grc' dir='ltr'><em>παρ’</em></span> <span class='ocrx_word' id='word_1_50' title='bbox 2930 614 2962 667; x_wconf 81' lang='grc' dir='ltr'><strong>ὃ</strong></span> <span class='ocrx_word' id='word_1_51' title='bbox 2995 615 3379 682; x_wconf 75' lang='grc' dir='ltr'><em>παρελάϐετε,</em></span> <span class='ocrx_word' id='word_1_52' title='bbox 3433 616 3548 670; x_wconf 82' lang='grc' dir='ltr'><em>κᾶν</em></span> <span class='ocrx_word' id='word_1_53' title='bbox 3597 619 3698 686; x_wconf 76' lang='grc' dir='ltr'><strong>ἄγ-</strong></span> 
     </span>
    </p>
   </div>
   <div class='ocr_carea' id='block_1_9' title="bbox 461 702 2003 780">
    <p class='ocr_par' dir='ltr' id='par_1_9' title="bbox 461 702 2001 775">
     <span class='ocr_line' id='line_1_9' title="bbox 461 702 2001 775; baseline 0.005 -21"><span class='ocrx_word' id='word_1_54' title='bbox 461 702 604 769; x_wconf 75' lang='lat' dir='ltr'><strong>gelus</strong></span> <span class='ocrx_word' id='word_1_55' title='bbox 636 703 698 754; x_wconf 87' lang='lat' dir='ltr'><strong>de</strong></span> <span class='ocrx_word' id='word_1_56' title='bbox 725 702 856 754; x_wconf 70' lang='lat' dir='ltr'><strong>caelo</strong></span> <span class='ocrx_word' id='word_1_57' title='bbox 878 741 893 766; x_wconf 96' lang='lat'><strong>,</strong></span> <span class='ocrx_word' id='word_1_58' title='bbox 933 716 997 756; x_wconf 88' lang='lat' dir='ltr'><strong>ne</strong></span> <span class='ocrx_word' id='word_1_59' title='bbox 1023 704 1148 770; x_wconf 86' lang='lat' dir='ltr'><strong>quis</strong></span> <span class='ocrx_word' id='word_1_60' title='bbox 1178 704 1528 758; x_wconf 72' lang='lat' dir='ltr'><strong>eminentiam</strong></span> <span class='ocrx_word' id='word_1_61' title='bbox 1563 720 1712 775; x_wconf 73' lang='lat' dir='ltr'><strong>papa:</strong></span> <span class='ocrx_word' id='word_1_62' title='bbox 1741 707 2001 761; x_wconf 85' lang='lat' dir='ltr'><strong>obtendat</strong></span> 
     </span>
    </p>
   </div>
   <div class='ocr_carea' id='block_1_10' title="bbox 2107 702 3696 780">
    <p class='ocr_par' dir='ltr' id='par_1_10' title="bbox 2131 705 3696 780">
     <span class='ocr_line' id='line_1_10' title="bbox 2131 705 3696 780; baseline 0.003 -23"><span class='ocrx_word' id='word_1_63' title='bbox 2131 708 2309 772; x_wconf 73' lang='grc' dir='ltr'><em>γελος</em></span> <span class='ocrx_word' id='word_1_64' title='bbox 2339 705 2408 768; x_wconf 81' lang='grc' dir='ltr'><em>ἐξ</em></span> <span class='ocrx_word' id='word_1_65' title='bbox 2437 705 2716 773; x_wconf 83' lang='grc' dir='ltr'><em>οὐρανοῦ,</em></span> <span class='ocrx_word' id='word_1_66' title='bbox 2752 706 3018 774; x_wconf 74' lang='grc' dir='ltr'><em>ἀνάθεμα</em></span> <span class='ocrx_word' id='word_1_67' title='bbox 3053 706 3228 760; x_wconf 77' lang='grc' dir='ltr'><em>ἔστω.</em></span> <span class='ocrx_word' id='word_1_68' title='bbox 3271 708 3507 760; x_wconf 78' lang='grc' dir='ltr'><em>Βλέπετε</em></span> <span class='ocrx_word' id='word_1_69' title='bbox 3563 726 3696 780; x_wconf 86' lang='grc' dir='ltr'><em>προ-</em></span> 
     </span>
    </p>
   </div>
   <div class='ocr_carea' id='block_1_11' title="bbox 462 791 2003 870">
    <p class='ocr_par' dir='ltr' id='par_1_11' title="bbox 462 791 2003 864">
     <span class='ocr_line' id='line_1_11' title="bbox 462 791 2003 864; baseline 0.004 -20"><span class='ocrx_word' id='word_1_70' title='bbox 462 793 526 846; x_wconf 79' lang='lat' dir='ltr'><strong>Et</strong></span> <span class='ocrx_word' id='word_1_71' title='bbox 561 793 796 846; x_wconf 88' lang='lat' dir='ltr'><strong>dilectus</strong></span> <span class='ocrx_word' id='word_1_72' title='bbox 852 792 1156 860; x_wconf 80' lang='lat' dir='ltr'><strong>discipulus</strong></span> <span class='ocrx_word' id='word_1_73' title='bbox 1189 810 1202 845; x_wconf 90' lang='lat'>:</span> <span class='ocrx_word' id='word_1_74' title='bbox 1264 791 1323 848; x_wconf 87' lang='lat' dir='ltr'><strong>Si</strong></span> <span class='ocrx_word' id='word_1_75' title='bbox 1366 795 1510 864; x_wconf 72' lang='lat' dir='ltr'><strong>quis,</strong></span> <span class='ocrx_word' id='word_1_76' title='bbox 1553 796 1753 863; x_wconf 79' lang='lat' dir='ltr'><strong>inquit,</strong></span> <span class='ocrx_word' id='word_1_77' title='bbox 1785 799 1922 852; x_wconf 83' lang='lat' dir='ltr'><strong>venit</strong></span> <span class='ocrx_word' id='word_1_78' title='bbox 1954 816 2003 851; x_wconf 82' lang='lat' dir='ltr'><strong>at</strong></span> 
     </span>
    </p>
   </div>
   <div class='ocr_carea' id='block_1_12' title="bbox 2107 791 3693 870">
    <p class='ocr_par' dir='ltr' id='par_1_12' title="bbox 2130 791 3693 870">
     <span class='ocr_line' id='line_1_12' title="bbox 2130 791 3693 870; baseline 0.001 -20"><span class='ocrx_word' id='word_1_79' title='bbox 2130 799 2378 868; x_wconf 89' lang='grc' dir='ltr'><em>φητικῶς</em></span> <span class='ocrx_word' id='word_1_80' title='bbox 2410 799 2492 862; x_wconf 90' lang='grc' dir='ltr'><strong>τὸ,</strong></span> <span class='ocrx_word' id='word_1_81' title='bbox 2527 797 2646 852; x_wconf 83' lang='grc' dir='ltr'><em>κᾶν</em></span> <span class='ocrx_word' id='word_1_82' title='bbox 2687 799 2942 867; x_wconf 62' lang='grc' dir='ltr'><em>ἄγγελος</em></span> <span class='ocrx_word' id='word_1_83' title='bbox 2965 791 3034 863; x_wconf 73' lang='grc' dir='ltr'><em>ἐξ</em></span> <span class='ocrx_word' id='word_1_84' title='bbox 3055 799 3338 866; x_wconf 85' lang='grc' dir='ltr'><em>οὐρανοῦ,</em></span> <span class='ocrx_word' id='word_1_85' title='bbox 3371 801 3458 852; x_wconf 75' lang='grc' dir='ltr'><em>ἵνα</em></span> <span class='ocrx_word' id='word_1_86' title='bbox 3502 804 3574 870; x_wconf 86' lang='grc' dir='ltr'><strong>μή</strong></span> <span class='ocrx_word' id='word_1_87' title='bbox 3613 820 3693 866; x_wconf 80' lang='grc' dir='ltr'><strong>τις</strong></span> 
     </span>
    </p>
   </div>
   <div class='ocr_carea' id='block_1_13' title="bbox 391 879 2003 960">
    <p class='ocr_par' dir='ltr' id='par_1_13' title="bbox 391 879 2003 958">
     <span class='ocr_line' id='line_1_13' title="bbox 391 879 2003 958; baseline 0.006 -24"><span class='ocrx_word' id='word_1_88' title='bbox 391 906 399 910; x_wconf 90' lang='grc'><strong>·</strong></span> <span class='ocrx_word' id='word_1_89' title='bbox 459 901 566 947; x_wconf 79' lang='lat' dir='ltr'><strong>ros,</strong></span> <span class='ocrx_word' id='word_1_90' title='bbox 615 891 666 938; x_wconf 86' lang='lat' dir='ltr'><strong>et</strong></span> <span class='ocrx_word' id='word_1_91' title='bbox 713 887 846 938; x_wconf 84' lang='lat' dir='ltr'><strong>hanc</strong></span> <span class='ocrx_word' id='word_1_92' title='bbox 897 885 1190 937; x_wconf 73' lang='lat' dir='ltr'><strong>doctrinam</strong></span> <span class='ocrx_word' id='word_1_93' title='bbox 1237 901 1340 938; x_wconf 83' lang='lat' dir='ltr'><strong>non</strong></span> <span class='ocrx_word' id='word_1_94' title='bbox 1397 887 1573 954; x_wconf 72' lang='lat' dir='ltr'><strong>affert,</strong></span> <span class='ocrx_word' id='word_1_95' title='bbox 1608 879 1769 942; x_wconf 67' lang='lat' dir='ltr'><strong>nolite</strong></span> <span class='ocrx_word' id='word_1_96' title='bbox 1795 891 2003 958; x_wconf 71' lang='lat' dir='ltr'><strong>recipert</strong></span> 
     </span>
    </p>
   </div>
   <div class='ocr_carea' id='block_1_14' title="bbox 2107 879 3693 960">
    <p class='ocr_par' dir='ltr' id='par_1_14' title="bbox 2127 889 3693 960">
     <span class='ocr_line' id='line_1_14' title="bbox 2127 889 3693 960; baseline 0.001 -17"><span class='ocrx_word' id='word_1_97' title='bbox 2127 890 2225 960; x_wconf 78' lang='grc' dir='ltr'><em>τὴν</em></span> <span class='ocrx_word' id='word_1_98' title='bbox 2261 889 2536 960; x_wconf 81' lang='grc' dir='ltr'><em>ὑπεροχήν</em></span> <span class='ocrx_word' id='word_1_99' title='bbox 2561 890 2651 944; x_wconf 85' lang='grc' dir='ltr'><strong>τοῦ</strong></span> <span class='ocrx_word' id='word_1_100' title='bbox 2679 892 2878 943; x_wconf 78' lang='grc' dir='ltr'><em>πάππτ</em></span> <span class='ocrx_word' id='word_1_101' title='bbox 2923 890 3318 960; x_wconf 86' lang='grc' dir='ltr'><em>προϐάλληται.</em></span> <span class='ocrx_word' id='word_1_102' title='bbox 3366 892 3476 944; x_wconf 82' lang='grc' dir='ltr'><strong>Καὶ</strong></span> <span class='ocrx_word' id='word_1_103' title='bbox 3500 893 3528 943; x_wconf 87' lang='grc' dir='ltr'><strong>ό</strong></span> <span class='ocrx_word' id='word_1_104' title='bbox 3558 894 3693 960; x_wconf 82' lang='grc' dir='ltr'><em>ήγα-</em></span> 
     </span>
    </p>
   </div>
   <div class='ocr_carea' id='block_1_15' title="bbox 457 975 2003 1052">
    <p class='ocr_par' dir='ltr' id='par_1_15' title="bbox 457 975 1996 1049">
     <span class='ocr_line' id='line_1_15' title="bbox 457 975 1996 1049; baseline 0.004 -22"><span class='ocrx_word' id='word_1_105' title='bbox 457 993 570 1028; x_wconf 82' lang='lat' dir='ltr'><strong>eum</strong></span> <span class='ocrx_word' id='word_1_106' title='bbox 600 977 652 1028; x_wconf 87' lang='lat' dir='ltr'><strong>iu</strong></span> <span class='ocrx_word' id='word_1_107' title='bbox 683 975 927 1040; x_wconf 85' lang='lat' dir='ltr'><strong>domum,</strong></span> <span class='ocrx_word' id='word_1_108' title='bbox 965 991 1056 1030; x_wconf 85' lang='lat' dir='ltr'><strong>nec</strong></span> <span class='ocrx_word' id='word_1_109' title='bbox 1101 977 1206 1030; x_wconf 79' lang='lat' dir='ltr'><strong>Ave</strong></span> <span class='ocrx_word' id='word_1_110' title='bbox 1251 977 1306 1030; x_wconf 81' lang='lat' dir='ltr'><strong>ei</strong></span> <span class='ocrx_word' id='word_1_111' title='bbox 1329 977 1573 1033; x_wconf 71' lang='lat' dir='ltr'><strong>dixeritis</strong></span> <span class='ocrx_word' id='word_1_112' title='bbox 1598 993 1617 1032; x_wconf 91' lang='lat'><strong><em>:</em></strong></span> <span class='ocrx_word' id='word_1_113' title='bbox 1657 981 1747 1049; x_wconf 88' lang='lat' dir='ltr'><strong>qui</strong></span> <span class='ocrx_word' id='word_1_114' title='bbox 1780 983 1920 1034; x_wconf 86' lang='lat' dir='ltr'><strong>enim</strong></span> <span class='ocrx_word' id='word_1_115' title='bbox 1943 982 1996 1033; x_wconf 86' lang='lat' dir='ltr'><strong>di</strong></span> 
     </span>
    </p>
   </div>
   <div class='ocr_carea' id='block_1_16' title="bbox 2107 975 3688 1052">
    <p class='ocr_par' dir='ltr' id='par_1_16' title="bbox 2126 982 3688 1052">
     <span class='ocr_line' id='line_1_16' title="bbox 2126 982 3688 1052; baseline -0.001 -18"><span class='ocrx_word' id='word_1_116' title='bbox 2126 983 2372 1052; x_wconf 84' lang='grc' dir='ltr'><em>πημένος</em></span> <span class='ocrx_word' id='word_1_117' title='bbox 2409 984 2684 1052; x_wconf 75' lang='grc' dir='ltr'><em>μαθητήςο</em></span> <span class='ocrx_word' id='word_1_118' title='bbox 2711 983 2782 1035; x_wconf 80' lang='lat' dir='ltr'><strong>El</strong></span> <span class='ocrx_word' id='word_1_119' title='bbox 2815 996 2907 1048; x_wconf 83' lang='grc' dir='ltr'><strong>τις</strong></span> <span class='ocrx_word' id='word_1_120' title='bbox 2941 982 3172 1052; x_wconf 74' lang='grc' dir='ltr'><em>ἔρχεται</em></span> <span class='ocrx_word' id='word_1_121' title='bbox 3205 984 3354 1051; x_wconf 79' lang='grc' dir='ltr'><em>πρὸς</em></span> <span class='ocrx_word' id='word_1_122' title='bbox 3384 984 3562 1052; x_wconf 81' lang='grc' dir='ltr'><em>ὑμᾶς.</em></span> <span class='ocrx_word' id='word_1_123' title='bbox 3593 985 3688 1036; x_wconf 78' lang='grc' dir='ltr'><em>καὶ</em></span> 
     </span>
    </p>
   </div>
   <div class='ocr_carea' id='block_1_17' title="bbox 457 1068 2003 1144">
    <p class='ocr_par' dir='ltr' id='par_1_17' title="bbox 457 1068 1995 1142">
     <span class='ocr_line' id='line_1_17' title="bbox 457 1068 1995 1142; baseline 0.007 -23"><span class='ocrx_word' id='word_1_124' title='bbox 457 1070 525 1120; x_wconf 76' lang='lat' dir='ltr'><strong>rit</strong></span> <span class='ocrx_word' id='word_1_125' title='bbox 580 1068 662 1120; x_wconf 83' lang='lat' dir='ltr'><strong>illi</strong></span> <span class='ocrx_word' id='word_1_126' title='bbox 710 1068 813 1121; x_wconf 81' lang='lat' dir='ltr'><strong>Ave</strong></span> <span class='ocrx_word' id='word_1_127' title='bbox 833 1106 850 1129; x_wconf 88' lang='lat'><strong>,</strong></span> <span class='ocrx_word' id='word_1_128' title='bbox 885 1070 1236 1121; x_wconf 82' lang='lat' dir='ltr'><strong>communicat</strong></span> <span class='ocrx_word' id='word_1_129' title='bbox 1264 1071 1502 1138; x_wconf 79' lang='lat' dir='ltr'><strong>operibus</strong></span> <span class='ocrx_word' id='word_1_130' title='bbox 1528 1071 1642 1140; x_wconf 81' lang='lat' dir='ltr'><strong>ejus</strong></span> <span class='ocrx_word' id='word_1_131' title='bbox 1673 1073 1920 1142; x_wconf 81' lang='lat' dir='ltr'><strong>malignis</strong></span> <span class='ocrx_word' id='word_1_132' title='bbox 1949 1073 1995 1105; x_wconf 78' lang='lat'><strong>&quot;</strong></span> 
     </span>
    </p>
   </div>
   <div class='ocr_carea' id='block_1_18' title="bbox 2107 1068 3694 1144">
    <p class='ocr_par' dir='ltr' id='par_1_18' title="bbox 2131 1073 3694 1144">
     <span class='ocr_line' id='line_1_18' title="bbox 2131 1073 3694 1144; baseline 0.001 -19"><span class='ocrx_word' id='word_1_133' title='bbox 2131 1075 2356 1142; x_wconf 79' lang='grc' dir='ltr'><em>ταύτην</em></span> <span class='ocrx_word' id='word_1_134' title='bbox 2382 1073 2500 1142; x_wconf 81' lang='grc' dir='ltr'><em>τὴν</em></span> <span class='ocrx_word' id='word_1_135' title='bbox 2521 1073 2780 1142; x_wconf 80' lang='grc' dir='ltr'><em>διδαχὴν</em></span> <span class='ocrx_word' id='word_1_136' title='bbox 2827 1075 2899 1128; x_wconf 85' lang='grc' dir='ltr'><em>οὐ</em></span> <span class='ocrx_word' id='word_1_137' title='bbox 2931 1073 3115 1144; x_wconf 74' lang='grc' dir='ltr'><em>φέρει,</em></span> <span class='ocrx_word' id='word_1_138' title='bbox 3157 1077 3244 1141; x_wconf 84' lang='grc' dir='ltr'><strong>εἰς</strong></span> <span class='ocrx_word' id='word_1_139' title='bbox 3268 1077 3463 1129; x_wconf 77' lang='grc' dir='ltr'><em>οἰκίαν</em></span> <span class='ocrx_word' id='word_1_140' title='bbox 3507 1076 3694 1129; x_wconf 73' lang='grc' dir='ltr'><em>αὑτὸν</em></span> 
     </span>
    </p>
   </div>
   <div class='ocr_carea' id='block_1_19' title="bbox 458 1161 3690 1238">
    <p class='ocr_par' dir='ltr' id='par_1_19' title="bbox 458 1161 3690 1238">
     <span class='ocr_line' id='line_1_19' title="bbox 458 1161 3690 1238; baseline 0.001 -21"><span class='ocrx_word' id='word_1_141' title='bbox 458 1165 542 1234; x_wconf 81' lang='grc' dir='ltr'><em>μὴ</em></span> <span class='ocrx_word' id='word_1_142' title='bbox 574 1163 929 1233; x_wconf 80' lang='grc' dir='ltr'><em>λαμϐάνετε,</em></span> <span class='ocrx_word' id='word_1_143' title='bbox 961 1164 1061 1216; x_wconf 77' lang='grc' dir='ltr'><strong>καί</strong></span> <span class='ocrx_word' id='word_1_144' title='bbox 1120 1165 1350 1233; x_wconf 76' lang='grc' dir='ltr'><em>χαίρειν</em></span> <span class='ocrx_word' id='word_1_145' title='bbox 1393 1167 1554 1232; x_wconf 84' lang='grc' dir='ltr'><em>αὐτῷ</em></span> <span class='ocrx_word' id='word_1_146' title='bbox 1591 1169 1678 1238; x_wconf 77' lang='grc' dir='ltr'><em>μὴ</em></span> <span class='ocrx_word' id='word_1_147' title='bbox 1732 1169 1957 1238; x_wconf 78' lang='grc' dir='ltr'><em>λέγετε·</em></span> <span class='ocrx_word' id='word_1_148' title='bbox 1997 1172 2031 1224; x_wconf 81' lang='grc' dir='ltr'><em>ὀ</em></span> <span class='ocrx_word' id='word_1_149' title='bbox 2067 1168 2176 1238; x_wconf 71' lang='grc' dir='ltr'><em>γὰρ</em></span> <span class='ocrx_word' id='word_1_150' title='bbox 2207 1172 2400 1238; x_wconf 68' lang='grc' dir='ltr'><em>λέγων</em></span> <span class='ocrx_word' id='word_1_151' title='bbox 2450 1169 2610 1234; x_wconf 77' lang='grc' dir='ltr'><em>αὐτῷ</em></span> <span class='ocrx_word' id='word_1_152' title='bbox 2696 1161 2929 1238; x_wconf 71' lang='grc' dir='ltr'><em>χαίρειν</em></span> <span class='ocrx_word' id='word_1_153' title='bbox 3016 1171 3288 1224; x_wconf 82' lang='grc' dir='ltr'><em>κοινωνεῖ</em></span> <span class='ocrx_word' id='word_1_154' title='bbox 3327 1170 3452 1235; x_wconf 80' lang='grc' dir='ltr'><em>τοῖς</em></span> <span class='ocrx_word' id='word_1_155' title='bbox 3497 1170 3690 1238; x_wconf 76' lang='grc' dir='ltr'><em>ἔργοις</em></span> 
     </span>
    </p>
   </div>
   <div class='ocr_carea' id='block_1_20' title="bbox 454 1255 1116 1322">
    <p class='ocr_par' dir='ltr' id='par_1_20' title="bbox 454 1255 1116 1322">
     <span class='ocr_line' id='line_1_20' title="bbox 454 1255 1116 1322; baseline 0.003 -16"><span class='ocrx_word' id='word_1_156' title='bbox 454 1257 641 1310; x_wconf 73' lang='grc' dir='ltr'><em>αὐτοῦ</em></span> <span class='ocrx_word' id='word_1_157' title='bbox 670 1256 793 1320; x_wconf 81' lang='grc' dir='ltr'><em>τὸῖς</em></span> <span class='ocrx_word' id='word_1_158' title='bbox 812 1255 1116 1322; x_wconf 82' lang='grc' dir='ltr'><strong>πονηροῖς.</strong></span> 
     </span>
    </p>
   </div>
   <div class='ocr_carea' id='block_1_21' title="bbox 527 1351 2027 1429">
    <p class='ocr_par' dir='ltr' id='par_1_21' title="bbox 527 1351 2027 1429">
     <span class='ocr_line' id='line_1_21' title="bbox 527 1351 2027 1429; baseline 0.004 -24"><span class='ocrx_word' id='word_1_159' title='bbox 527 1351 660 1405; x_wconf 90' lang='lat' dir='ltr'><strong>Cum</strong></span> <span class='ocrx_word' id='word_1_160' title='bbox 703 1353 816 1405; x_wconf 67' lang='lat' dir='ltr'><strong>haec</strong></span> <span class='ocrx_word' id='word_1_161' title='bbox 870 1352 1022 1406; x_wconf 86' lang='lat' dir='ltr'><strong>vobis</strong></span> <span class='ocrx_word' id='word_1_162' title='bbox 1073 1353 1184 1407; x_wconf 90' lang='lat' dir='ltr'><strong>sint</strong></span> <span class='ocrx_word' id='word_1_163' title='bbox 1235 1369 1276 1406; x_wconf 67' lang='lat' dir='ltr'><strong>a&#39;</strong></span> <span class='ocrx_word' id='word_1_164' title='bbox 1323 1355 1532 1410; x_wconf 82' lang='lat' dir='ltr'><strong>sanctis</strong></span> <span class='ocrx_word' id='word_1_165' title='bbox 1581 1358 1842 1426; x_wconf 75' lang='lat' dir='ltr'><strong>apostolis</strong></span> <span class='ocrx_word' id='word_1_166' title='bbox 1885 1375 2027 1429; x_wconf 57' lang='grc' dir='ltr'><em>ιιι-τεά</em></span> 
     </span>
    </p>
   </div>
   <div class='ocr_carea' id='block_1_22' title="bbox 465 1429 2022 1518">
    <p class='ocr_par' dir='ltr' id='par_1_22' title="bbox 465 1429 2022 1518">
     <span class='ocr_line' id='line_1_22' title="bbox 465 1429 2022 1518; baseline 0.004 -19"><span class='ocrx_word' id='word_1_167' title='bbox 465 1429 702 1515; x_wconf 71' lang='lat' dir='ltr'><strong>scripta,</strong></span> <span class='ocrx_word' id='word_1_168' title='bbox 727 1451 868 1498; x_wconf 96' lang='lat' dir='ltr'><strong>state</strong></span> <span class='ocrx_word' id='word_1_169' title='bbox 901 1444 952 1496; x_wconf 92' lang='lat' dir='ltr'><strong>in</strong></span> <span class='ocrx_word' id='word_1_170' title='bbox 980 1445 1366 1501; x_wconf 77' lang='lat' dir='ltr'><strong>traditionibus</strong></span> <span class='ocrx_word' id='word_1_171' title='bbox 1397 1461 1535 1515; x_wconf 88' lang='lat' dir='ltr'><strong>quas</strong></span> <span class='ocrx_word' id='word_1_172' title='bbox 1564 1449 1874 1518; x_wconf 86' lang='lat' dir='ltr'><strong>accepistis,</strong></span> <span class='ocrx_word' id='word_1_173' title='bbox 1907 1451 2022 1505; x_wconf 79' lang='lat' dir='ltr'><strong>sive</strong></span> 
     </span>
    </p>
   </div>
   <div class='ocr_carea' id='block_1_23' title="bbox 459 1535 2022 1608">
    <p class='ocr_par' dir='ltr' id='par_1_23' title="bbox 459 1535 2022 1608">
     <span class='ocr_line' id='line_1_23' title="bbox 459 1535 2022 1608; baseline 0.003 -19"><span class='ocrx_word' id='word_1_174' title='bbox 459 1536 727 1604; x_wconf 74' lang='lat' dir='ltr'><strong>scriptas,</strong></span> <span class='ocrx_word' id='word_1_175' title='bbox 759 1535 873 1590; x_wconf 83' lang='lat' dir='ltr'><strong>sive</strong></span> <span class='ocrx_word' id='word_1_176' title='bbox 907 1549 1014 1589; x_wconf 91' lang='lat' dir='ltr'><strong>non</strong></span> <span class='ocrx_word' id='word_1_177' title='bbox 1049 1536 1319 1604; x_wconf 86' lang='lat' dir='ltr'><strong>scriptas;</strong></span> <span class='ocrx_word' id='word_1_178' title='bbox 1345 1553 1411 1592; x_wconf 89' lang='lat' dir='ltr'><strong>ne</strong></span> <span class='ocrx_word' id='word_1_179' title='bbox 1443 1538 1810 1608; x_wconf 86' lang='lat' dir='ltr'><strong>improborum</strong></span> <span class='ocrx_word' id='word_1_180' title='bbox 1835 1555 2022 1594; x_wconf 88' lang='lat' dir='ltr'><strong>errore</strong></span> 
     </span>
    </p>
   </div>
   <div class='ocr_carea' id='block_1_24' title="bbox 459 1626 2016 1695">
    <p class='ocr_par' dir='ltr' id='par_1_24' title="bbox 459 1626 2016 1695">
     <span class='ocr_line' id='line_1_24' title="bbox 459 1626 2016 1695; baseline 0.003 -17"><span class='ocrx_word' id='word_1_181' title='bbox 459 1627 690 1680; x_wconf 79' lang='lat' dir='ltr'><strong>traducti</strong></span> <span class='ocrx_word' id='word_1_182' title='bbox 721 1641 750 1679; x_wconf 90' lang='lat' dir='ltr'><strong>a</strong></span> <span class='ocrx_word' id='word_1_183' title='bbox 780 1627 996 1695; x_wconf 88' lang='lat' dir='ltr'><strong>propria</strong></span> <span class='ocrx_word' id='word_1_184' title='bbox 1038 1626 1307 1680; x_wconf 83' lang='lat' dir='ltr'><strong>excidatis</strong></span> <span class='ocrx_word' id='word_1_185' title='bbox 1360 1627 1638 1682; x_wconf 82' lang='lat' dir='ltr'><strong>ﬁrmitate.</strong></span> <span class='ocrx_word' id='word_1_186' title='bbox 1673 1629 1814 1684; x_wconf 90' lang='lat' dir='ltr'><strong>Deus</strong></span> <span class='ocrx_word' id='word_1_187' title='bbox 1841 1637 2016 1683; x_wconf 84' lang='lat' dir='ltr'><strong>autem</strong></span> 
     </span>
    </p>
   </div>
   <div class='ocr_carea' id='block_1_25' title="bbox 457 1718 2019 1791">
    <p class='ocr_par' dir='ltr' id='par_1_25' title="bbox 457 1718 2019 1791">
     <span class='ocr_line' id='line_1_25' title="bbox 457 1718 2019 1791; baseline 0.002 -20"><span class='ocrx_word' id='word_1_188' title='bbox 457 1718 552 1785; x_wconf 88' lang='lat' dir='ltr'><strong>qui</strong></span> <span class='ocrx_word' id='word_1_189' title='bbox 579 1718 757 1772; x_wconf 85' lang='lat' dir='ltr'><strong>omnia</strong></span> <span class='ocrx_word' id='word_1_190' title='bbox 789 1726 987 1787; x_wconf 81' lang='lat' dir='ltr'><strong>potest,</strong></span> <span class='ocrx_word' id='word_1_191' title='bbox 1013 1728 1065 1771; x_wconf 88' lang='lat' dir='ltr'><strong>et</strong></span> <span class='ocrx_word' id='word_1_192' title='bbox 1097 1718 1229 1782; x_wconf 87' lang='lat' dir='ltr'><strong>illis,</strong></span> <span class='ocrx_word' id='word_1_193' title='bbox 1259 1727 1316 1772; x_wconf 94' lang='lat' dir='ltr'><strong>ut</strong></span> <span class='ocrx_word' id='word_1_194' title='bbox 1344 1735 1503 1774; x_wconf 89' lang='lat' dir='ltr'><strong>suum</strong></span> <span class='ocrx_word' id='word_1_195' title='bbox 1537 1733 1836 1791; x_wconf 77' lang='lat' dir='ltr'><strong>agnoscant</strong></span> <span class='ocrx_word' id='word_1_196' title='bbox 1868 1736 2019 1775; x_wconf 89' lang='lat' dir='ltr'><strong>erro-</strong></span> 
     </span>
    </p>
   </div>
   <div class='ocr_carea' id='block_1_26' title="bbox 455 1809 2020 1882">
    <p class='ocr_par' dir='ltr' id='par_1_26' title="bbox 455 1809 2020 1882">
     <span class='ocr_line' id='line_1_26' title="bbox 455 1809 2020 1882; baseline 0.005 -23"><span class='ocrx_word' id='word_1_197' title='bbox 455 1825 589 1873; x_wconf 89' lang='lat' dir='ltr'><strong>rem,</strong></span> <span class='ocrx_word' id='word_1_198' title='bbox 649 1817 894 1879; x_wconf 68' lang='lat' dir='ltr'><strong>praestet,</strong></span> <span class='ocrx_word' id='word_1_199' title='bbox 951 1817 1004 1862; x_wconf 82' lang='lat' dir='ltr'><strong>et</strong></span> <span class='ocrx_word' id='word_1_200' title='bbox 1055 1823 1154 1865; x_wconf 82' lang='lat' dir='ltr'><strong>nos</strong></span> <span class='ocrx_word' id='word_1_201' title='bbox 1200 1809 1365 1865; x_wconf 82' lang='lat' dir='ltr'><strong>veluti</strong></span> <span class='ocrx_word' id='word_1_202' title='bbox 1417 1826 1611 1880; x_wconf 90' lang='lat' dir='ltr'><strong>purum</strong></span> <span class='ocrx_word' id='word_1_203' title='bbox 1653 1812 2020 1882; x_wconf 85' lang='lat' dir='ltr'><strong>seleetumque</strong></span> 
     </span>
    </p>
   </div>
   <div class='ocr_carea' id='block_1_27' title="bbox 453 1900 2018 1972">
    <p class='ocr_par' dir='ltr' id='par_1_27' title="bbox 453 1900 2018 1972">
     <span class='ocr_line' id='line_1_27' title="bbox 453 1900 2018 1972; baseline 0.003 -19"><span class='ocrx_word' id='word_1_204' title='bbox 453 1900 779 1955; x_wconf 80' lang='lat' dir='ltr'><strong>frumentum</strong></span> <span class='ocrx_word' id='word_1_205' title='bbox 823 1902 890 1956; x_wconf 91' lang='lat' dir='ltr'><strong>ab</strong></span> <span class='ocrx_word' id='word_1_206' title='bbox 920 1902 1028 1956; x_wconf 91' lang='lat' dir='ltr'><strong>illis</strong></span> <span class='ocrx_word' id='word_1_207' title='bbox 1078 1908 1337 1972; x_wconf 88' lang='lat' dir='ltr'><strong>tanquam</strong></span> <span class='ocrx_word' id='word_1_208' title='bbox 1371 1904 1553 1972; x_wconf 84' lang='lat' dir='ltr'><strong>pravis</strong></span> <span class='ocrx_word' id='word_1_209' title='bbox 1580 1904 1807 1959; x_wconf 87' lang='lat' dir='ltr'><strong>zizauiis</strong></span> <span class='ocrx_word' id='word_1_210' title='bbox 1837 1919 2018 1958; x_wconf 77' lang='lat' dir='ltr'><strong>serer-</strong></span> 
     </span>
    </p>
   </div>
   <div class='ocr_carea' id='block_1_28' title="bbox 454 1993 2019 2063">
    <p class='ocr_par' dir='ltr' id='par_1_28' title="bbox 454 1993 2019 2063">
     <span class='ocr_line' id='line_1_28' title="bbox 454 1993 2019 2063; baseline 0.005 -19"><span class='ocrx_word' id='word_1_211' title='bbox 454 2007 610 2055; x_wconf 83' lang='lat' dir='ltr'><strong>nens,</strong></span> <span class='ocrx_word' id='word_1_212' title='bbox 647 1996 699 2046; x_wconf 91' lang='lat' dir='ltr'><strong>in</strong></span> <span class='ocrx_word' id='word_1_213' title='bbox 733 1993 930 2048; x_wconf 89' lang='lat' dir='ltr'><strong>horreo</strong></span> <span class='ocrx_word' id='word_1_214' title='bbox 957 2007 1057 2048; x_wconf 91' lang='lat' dir='ltr'><strong>suo</strong></span> <span class='ocrx_word' id='word_1_215' title='bbox 1087 2001 1430 2062; x_wconf 81' lang='lat' dir='ltr'><strong>reponendos</strong></span> <span class='ocrx_word' id='word_1_216' title='bbox 1462 1995 1680 2063; x_wconf 81' lang='lat' dir='ltr'><strong>colligat</strong></span> <span class='ocrx_word' id='word_1_217' title='bbox 1715 1997 1766 2049; x_wconf 90' lang='lat' dir='ltr'><strong>in</strong></span> <span class='ocrx_word' id='word_1_218' title='bbox 1801 1995 2019 2052; x_wconf 83' lang='lat' dir='ltr'><strong>Christo</strong></span> 
     </span>
    </p>
   </div>
   <div class='ocr_carea' id='block_1_29' title="bbox 454 2083 2012 2156">
    <p class='ocr_par' dir='ltr' id='par_1_29' title="bbox 454 2083 2012 2156">
     <span class='ocr_line' id='line_1_29' title="bbox 454 2083 2012 2156; baseline 0.001 -18"><span class='ocrx_word' id='word_1_219' title='bbox 454 2083 582 2138; x_wconf 81' lang='lat' dir='ltr'><strong>Jesu</strong></span> <span class='ocrx_word' id='word_1_220' title='bbox 638 2083 868 2136; x_wconf 82' lang='lat' dir='ltr'><strong>Domino</strong></span> <span class='ocrx_word' id='word_1_221' title='bbox 915 2093 1137 2148; x_wconf 86' lang='lat' dir='ltr'><strong>nostro,</strong></span> <span class='ocrx_word' id='word_1_222' title='bbox 1171 2099 1331 2153; x_wconf 86' lang='lat' dir='ltr'><strong>quem</strong></span> <span class='ocrx_word' id='word_1_223' title='bbox 1394 2083 1552 2138; x_wconf 80' lang='lat' dir='ltr'><strong>decet</strong></span> <span class='ocrx_word' id='word_1_224' title='bbox 1605 2086 1784 2140; x_wconf 87' lang='lat' dir='ltr'><strong>omnis</strong></span> <span class='ocrx_word' id='word_1_225' title='bbox 1819 2087 2012 2156; x_wconf 80' lang='lat' dir='ltr'><strong>gloria,</strong></span> 
     </span>
    </p>
   </div>
   <div class='ocr_carea' id='block_1_30' title="bbox 459 2175 1040 2241">
    <p class='ocr_par' dir='ltr' id='par_1_30' title="bbox 459 2175 1040 2241">
     <span class='ocr_line' id='line_1_30' title="bbox 459 2175 1040 2241; baseline 0 -10"><span class='ocrx_word' id='word_1_226' title='bbox 459 2177 654 2241; x_wconf 81' lang='lat' dir='ltr'><strong>honor,</strong></span> <span class='ocrx_word' id='word_1_227' title='bbox 686 2185 738 2228; x_wconf 87' lang='lat' dir='ltr'><strong>et</strong></span> <span class='ocrx_word' id='word_1_228' title='bbox 771 2175 1040 2231; x_wconf 86' lang='lat' dir='ltr'><strong>adoratio.</strong></span> 
     </span>
    </p>
   </div>
   <div class='ocr_carea' id='block_1_31' title="bbox 1153 2351 1354 2411">
    <p class='ocr_par' dir='ltr' id='par_1_31' title="bbox 1153 2351 1354 2411">
     <span class='ocr_line' id='line_1_31' title="bbox 1153 2351 1354 2411; baseline 0.02 -4"><span class='ocrx_word' id='word_1_229' title='bbox 1153 2351 1354 2411; x_wconf 76' lang='lat' dir='ltr'><strong>RESP.</strong></span> 
     </span>
    </p>
   </div>
   <div class='ocr_carea' id='block_1_32' title="bbox 525 2446 2012 2516">
    <p class='ocr_par' dir='ltr' id='par_1_32' title="bbox 525 2446 2012 2516">
     <span class='ocr_line' id='line_1_32' title="bbox 525 2446 2012 2516; baseline 0.003 -14"><span class='ocrx_word' id='word_1_230' title='bbox 525 2449 603 2503; x_wconf 81' lang='lat' dir='ltr'><strong>Ad</strong></span> <span class='ocrx_word' id='word_1_231' title='bbox 629 2449 740 2502; x_wconf 83' lang='lat' dir='ltr'><strong>haec</strong></span> <span class='ocrx_word' id='word_1_232' title='bbox 772 2461 924 2510; x_wconf 87' lang='lat' dir='ltr'><strong>sane,</strong></span> <span class='ocrx_word' id='word_1_233' title='bbox 957 2460 1077 2515; x_wconf 68' lang='lat' dir='ltr'><strong>tum</strong></span> <span class='ocrx_word' id='word_1_234' title='bbox 1106 2446 1195 2501; x_wconf 92' lang='lat' dir='ltr'><strong>hic</strong></span> <span class='ocrx_word' id='word_1_235' title='bbox 1219 2446 1442 2516; x_wconf 83' lang='lat' dir='ltr'><strong>profert,</strong></span> <span class='ocrx_word' id='word_1_236' title='bbox 1471 2448 1618 2503; x_wconf 85' lang='lat' dir='ltr'><strong>nulla</strong></span> <span class='ocrx_word' id='word_1_237' title='bbox 1659 2461 1803 2506; x_wconf 88' lang='lat' dir='ltr'><strong>esset</strong></span> <span class='ocrx_word' id='word_1_238' title='bbox 1838 2451 2012 2506; x_wconf 85' lang='lat' dir='ltr'><strong>danda</strong></span> 
     </span>
    </p>
   </div>
   <div class='ocr_carea' id='block_1_33' title="bbox 450 2537 2013 2610">
    <p class='ocr_par' dir='ltr' id='par_1_33' title="bbox 450 2537 2013 2610">
     <span class='ocr_line' id='line_1_33' title="bbox 450 2537 2013 2610; baseline 0.003 -14"><span class='ocrx_word' id='word_1_239' title='bbox 450 2541 772 2610; x_wconf 86' lang='lat' dir='ltr'><strong>responsio;</strong></span> <span class='ocrx_word' id='word_1_240' title='bbox 807 2553 928 2592; x_wconf 85' lang='lat' dir='ltr'><strong>nam</strong></span> <span class='ocrx_word' id='word_1_241' title='bbox 960 2551 1062 2593; x_wconf 87' lang='lat' dir='ltr'><strong>suo</strong></span> <span class='ocrx_word' id='word_1_242' title='bbox 1087 2537 1384 2607; x_wconf 87' lang='lat' dir='ltr'><strong>morejaeit</strong></span> <span class='ocrx_word' id='word_1_243' title='bbox 1405 2540 1458 2594; x_wconf 91' lang='lat' dir='ltr'><strong>in</strong></span> <span class='ocrx_word' id='word_1_244' title='bbox 1490 2555 1592 2596; x_wconf 82' lang='lat' dir='ltr'><strong>nos</strong></span> <span class='ocrx_word' id='word_1_245' title='bbox 1619 2543 2013 2600; x_wconf 84' lang='lat' dir='ltr'><strong>contumelias:</strong></span> 
     </span>
    </p>
   </div>
   <div class='ocr_carea' id='block_1_34' title="bbox 455 2629 2016 2698">
    <p class='ocr_par' dir='ltr' id='par_1_34' title="bbox 455 2629 2016 2698">
     <span class='ocr_line' id='line_1_34' title="bbox 455 2629 2016 2698; baseline 0.001 -12"><span class='ocrx_word' id='word_1_246' title='bbox 455 2643 634 2686; x_wconf 87' lang='lat' dir='ltr'><strong>tamen</strong></span> <span class='ocrx_word' id='word_1_247' title='bbox 689 2630 935 2685; x_wconf 86' lang='lat' dir='ltr'><strong>dicemus</strong></span> <span class='ocrx_word' id='word_1_248' title='bbox 987 2643 1180 2697; x_wconf 80' lang='lat' dir='ltr'><strong>pauca.</strong></span> <span class='ocrx_word' id='word_1_249' title='bbox 1217 2629 1355 2694; x_wconf 80' lang='lat' dir='ltr'><strong>Vox,</strong></span> <span class='ocrx_word' id='word_1_250' title='bbox 1409 2632 1925 2698; x_wconf 85' lang='lat' dir='ltr'><strong>Consubstantialis,</strong></span> <span class='ocrx_word' id='word_1_251' title='bbox 1960 2643 2016 2691; x_wconf 88' lang='lat' dir='ltr'><strong>et</strong></span> 
     </span>
    </p>
   </div>
   <div class='ocr_carea' id='block_1_35' title="bbox 446 2721 2009 2792">
    <p class='ocr_par' dir='ltr' id='par_1_35' title="bbox 446 2721 2009 2792">
     <span class='ocr_line' id='line_1_35' title="bbox 446 2721 2009 2792; baseline 0.004 -17"><span class='ocrx_word' id='word_1_252' title='bbox 446 2738 551 2778; x_wconf 79' lang='lat' dir='ltr'><strong>vox</strong></span> <span class='ocrx_word' id='word_1_253' title='bbox 608 2721 853 2791; x_wconf 86' lang='lat' dir='ltr'><strong>Deipara,</strong></span> <span class='ocrx_word' id='word_1_254' title='bbox 911 2731 966 2775; x_wconf 91' lang='lat' dir='ltr'><strong>et</strong></span> <span class='ocrx_word' id='word_1_255' title='bbox 1011 2736 1350 2791; x_wconf 71' lang='lat' dir='ltr'><strong>quaecunque</strong></span> <span class='ocrx_word' id='word_1_256' title='bbox 1401 2727 1576 2779; x_wconf 89' lang='lat' dir='ltr'><strong>sancti</strong></span> <span class='ocrx_word' id='word_1_257' title='bbox 1627 2727 2009 2792; x_wconf 78' lang='lat' dir='ltr'><strong>explanarunt.</strong></span> 
     </span>
    </p>
   </div>
   <div class='ocr_carea' id='block_1_36' title="bbox 453 2813 2009 2884">
    <p class='ocr_par' dir='ltr' id='par_1_36' title="bbox 453 2813 2009 2884">
     <span class='ocr_line' id='line_1_36' title="bbox 453 2813 2009 2884; baseline 0.003 -17"><span class='ocrx_word' id='word_1_258' title='bbox 453 2830 562 2869; x_wconf 88' lang='lat' dir='ltr'><strong>non</strong></span> <span class='ocrx_word' id='word_1_259' title='bbox 593 2823 731 2869; x_wconf 87' lang='lat' dir='ltr'><strong>suut-</strong></span> <span class='ocrx_word' id='word_1_260' title='bbox 751 2813 819 2868; x_wconf 91' lang='lat' dir='ltr'><strong>ab</strong></span> <span class='ocrx_word' id='word_1_261' title='bbox 861 2813 1122 2882; x_wconf 82' lang='lat' dir='ltr'><strong>apostolis</strong></span> <span class='ocrx_word' id='word_1_262' title='bbox 1156 2815 1411 2884; x_wconf 74' lang='lat' dir='ltr'><strong>explicita</strong></span> <span class='ocrx_word' id='word_1_263' title='bbox 1444 2815 1661 2872; x_wconf 81' lang='lat' dir='ltr'><strong>tradita.</strong></span> <span class='ocrx_word' id='word_1_264' title='bbox 1693 2816 1802 2871; x_wconf 83' lang='lat' dir='ltr'><strong>Nos</strong></span> <span class='ocrx_word' id='word_1_265' title='bbox 1834 2827 2009 2872; x_wconf 82' lang='lat' dir='ltr'><strong>tamen</strong></span> 
     </span>
    </p>
   </div>
   <div class='ocr_carea' id='block_1_37' title="bbox 445 2902 2005 2974">
    <p class='ocr_par' dir='ltr' id='par_1_37' title="bbox 445 2902 2005 2974">
     <span class='ocr_line' id='line_1_37' title="bbox 445 2902 2005 2974; baseline 0 -13"><span class='ocrx_word' id='word_1_266' title='bbox 445 2906 654 2969; x_wconf 76' lang='lat' dir='ltr'><strong>Omnia,</strong></span> <span class='ocrx_word' id='word_1_267' title='bbox 703 2919 825 2974; x_wconf 69' lang='lat' dir='ltr'><strong>qua:</strong></span> <span class='ocrx_word' id='word_1_268' title='bbox 873 2902 1062 2959; x_wconf 80' lang='lat' dir='ltr'><strong>Patres</strong></span> <span class='ocrx_word' id='word_1_269' title='bbox 1111 2905 1280 2958; x_wconf 81' lang='lat' dir='ltr'><strong>nostri</strong></span> <span class='ocrx_word' id='word_1_270' title='bbox 1319 2907 1383 2960; x_wconf 89' lang='lat' dir='ltr'><strong>de</strong></span> <span class='ocrx_word' id='word_1_271' title='bbox 1412 2905 1577 2961; x_wconf 85' lang='lat' dir='ltr'><strong>rebus</strong></span> <span class='ocrx_word' id='word_1_272' title='bbox 1608 2907 1812 2963; x_wconf 87' lang='lat' dir='ltr'><strong>divinis</strong></span> <span class='ocrx_word' id='word_1_273' title='bbox 1841 2909 2005 2961; x_wconf 91' lang='lat' dir='ltr'><strong>locuti</strong></span> 
     </span>
    </p>
   </div>
   <div class='ocr_carea' id='block_1_38' title="bbox 447 2995 2008 3068">
    <p class='ocr_par' dir='ltr' id='par_1_38' title="bbox 447 2995 2008 3068">
     <span class='ocr_line' id='line_1_38' title="bbox 447 2995 2008 3068; baseline 0.003 -18"><span class='ocrx_word' id='word_1_274' title='bbox 447 2997 615 3050; x_wconf 88' lang='lat' dir='ltr'><strong>latius</strong></span> <span class='ocrx_word' id='word_1_275' title='bbox 639 2995 1018 3065; x_wconf 80' lang='lat' dir='ltr'><strong>explicarunt,</strong></span> <span class='ocrx_word' id='word_1_276' title='bbox 1057 3004 1313 3064; x_wconf 87' lang='lat' dir='ltr'><strong>tanquam</strong></span> <span class='ocrx_word' id='word_1_277' title='bbox 1355 2997 1683 3066; x_wconf 87' lang='lat' dir='ltr'><strong>apostolicas</strong></span> <span class='ocrx_word' id='word_1_278' title='bbox 1715 2999 2008 3068; x_wconf 81' lang='lat' dir='ltr'><strong>recipimus</strong></span> 
     </span>
    </p>
   </div>
   <div class='ocr_carea' id='block_1_39' title="bbox 2199 1361 3690 1434">
    <p class='ocr_par' dir='ltr' id='par_1_39' title="bbox 2199 1361 3690 1434">
     <span class='ocr_line' id='line_1_39' title="bbox 2199 1361 3690 1434; baseline 0 -21"><span class='ocrx_word' id='word_1_279' title='bbox 2199 1362 2414 1414; x_wconf 79' lang='grc' dir='ltr'>Τούτων</span> <span class='ocrx_word' id='word_1_280' title='bbox 2467 1361 2597 1430; x_wconf 77' lang='grc' dir='ltr'><em>ὑμῖν</em></span> <span class='ocrx_word' id='word_1_281' title='bbox 2649 1361 2755 1414; x_wconf 78' lang='grc' dir='ltr'><em>ὑπὸ</em></span> <span class='ocrx_word' id='word_1_282' title='bbox 2802 1361 2910 1414; x_wconf 88' lang='grc' dir='ltr'><strong>τῶν</strong></span> <span class='ocrx_word' id='word_1_283' title='bbox 2958 1363 3140 1430; x_wconf 85' lang='grc' dir='ltr'><em>ἀγίων·</em></span> <span class='ocrx_word' id='word_1_284' title='bbox 3164 1361 3477 1414; x_wconf 76' lang='grc' dir='ltr'><em>ἀποστόλων</em></span> <span class='ocrx_word' id='word_1_285' title='bbox 3505 1361 3690 1434; x_wconf 84' lang='grc' dir='ltr'><em>διωρι-</em></span> 
     </span>
    </p>
   </div>
   <div class='ocr_carea' id='block_1_40' title="bbox 2129 1452 3689 1522">
    <p class='ocr_par' dir='ltr' id='par_1_40' title="bbox 2129 1452 3689 1522">
     <span class='ocr_line' id='line_1_40' title="bbox 2129 1452 3689 1522; baseline 0.001 -18"><span class='ocrx_word' id='word_1_286' title='bbox 2129 1455 2364 1521; x_wconf 82' lang='grc' dir='ltr'><em>σμένων,</em></span> <span class='ocrx_word' id='word_1_287' title='bbox 2415 1454 2643 1520; x_wconf 83' lang='grc' dir='ltr'><strong>στήκετε</strong></span> <span class='ocrx_word' id='word_1_288' title='bbox 2701 1452 3028 1522; x_wconf 81' lang='grc' dir='ltr'><em>κρατοῦντες</em></span> <span class='ocrx_word' id='word_1_289' title='bbox 3080 1454 3177 1516; x_wconf 84' lang='grc' dir='ltr'><em>τὰς</em></span> <span class='ocrx_word' id='word_1_290' title='bbox 3244 1453 3591 1522; x_wconf 85' lang='grc' dir='ltr'><em>παραδόσεις,</em></span> <span class='ocrx_word' id='word_1_291' title='bbox 3623 1454 3689 1515; x_wconf 78' lang='grc' dir='ltr'><em>ἃς</em></span> 
     </span>
    </p>
   </div>
   <div class='ocr_carea' id='block_1_41' title="bbox 2128 1541 3687 1615">
    <p class='ocr_par' dir='ltr' id='par_1_41' title="bbox 2128 1541 3687 1615">
     <span class='ocr_line' id='line_1_41' title="bbox 2128 1541 3687 1615; baseline 0 -17"><span class='ocrx_word' id='word_1_292' title='bbox 2128 1541 2466 1615; x_wconf 84' lang='grc' dir='ltr'><em>παρελάϐετε</em></span> <span class='ocrx_word' id='word_1_293' title='bbox 2498 1547 2597 1606; x_wconf 84' lang='grc' dir='ltr'><strong>τάς</strong></span> <span class='ocrx_word' id='word_1_294' title='bbox 2630 1561 2687 1595; x_wconf 86' lang='grc' dir='ltr'><strong>τε</strong></span> <span class='ocrx_word' id='word_1_295' title='bbox 2729 1543 3044 1612; x_wconf 70' lang='grc' dir='ltr'><strong>ἐγγράφους</strong></span> <span class='ocrx_word' id='word_1_296' title='bbox 3093 1544 3186 1598; x_wconf 76' lang='grc' dir='ltr'><em>καὶ</em></span> <span class='ocrx_word' id='word_1_297' title='bbox 3235 1544 3514 1613; x_wconf 76' lang='grc' dir='ltr'><strong>ἀγράφους</strong></span> <span class='ocrx_word' id='word_1_298' title='bbox 3542 1564 3555 1578; x_wconf 91' lang='grc'>·</span> <span class='ocrx_word' id='word_1_299' title='bbox 3603 1547 3687 1598; x_wconf 81' lang='grc' dir='ltr'><em>ἵνα</em></span> 
     </span>
    </p>
   </div>
   <div class='ocr_carea' id='block_1_42' title="bbox 2130 1635 3685 1707">
    <p class='ocr_par' dir='ltr' id='par_1_42' title="bbox 2130 1635 3685 1707">
     <span class='ocr_line' id='line_1_42' title="bbox 2130 1635 3685 1707; baseline 0.001 -20"><span class='ocrx_word' id='word_1_300' title='bbox 2130 1637 2204 1705; x_wconf 81' lang='grc' dir='ltr'><em>μὴ</em></span> <span class='ocrx_word' id='word_1_301' title='bbox 2233 1636 2298 1706; x_wconf 83' lang='grc' dir='ltr'><em>τῇ</em></span> <span class='ocrx_word' id='word_1_302' title='bbox 2328 1636 2435 1687; x_wconf 85' lang='grc' dir='ltr'><strong>τῶν</strong></span> <span class='ocrx_word' id='word_1_303' title='bbox 2467 1635 2719 1705; x_wconf 80' lang='grc' dir='ltr'><strong>ἀθέσμων</strong></span> <span class='ocrx_word' id='word_1_304' title='bbox 2748 1635 2925 1707; x_wconf 83' lang='grc' dir='ltr'><em>πλάνῃ</em></span> <span class='ocrx_word' id='word_1_305' title='bbox 2960 1635 3398 1704; x_wconf 79' lang='grc' dir='ltr'><strong>συναπαχθέντες</strong></span> <span class='ocrx_word' id='word_1_306' title='bbox 3421 1637 3685 1705; x_wconf 75' lang='grc' dir='ltr'><strong>ἐκπέσητε</strong></span> 
     </span>
    </p>
   </div>
   <div class='ocr_carea' id='block_1_43' title="bbox 2125 1724 3686 1798">
    <p class='ocr_par' dir='ltr' id='par_1_43' title="bbox 2125 1724 3686 1798">
     <span class='ocr_line' id='line_1_43' title="bbox 2125 1724 3686 1798; baseline 0 -20"><span class='ocrx_word' id='word_1_307' title='bbox 2125 1724 2219 1778; x_wconf 84' lang='grc' dir='ltr'><strong>τοῦ</strong></span> <span class='ocrx_word' id='word_1_308' title='bbox 2259 1727 2392 1778; x_wconf 78' lang='grc' dir='ltr'><em>ἰδίου</em></span> <span class='ocrx_word' id='word_1_309' title='bbox 2445 1725 2771 1796; x_wconf 82' lang='grc' dir='ltr'><strong>στηριγμοῦ.</strong></span> <span class='ocrx_word' id='word_1_310' title='bbox 2818 1726 2950 1787; x_wconf 81' lang='grc' dir='ltr'><em>Θεὸς</em></span> <span class='ocrx_word' id='word_1_311' title='bbox 2999 1726 3054 1778; x_wconf 74' lang='grc' dir='ltr'><em>δὲ</em></span> <span class='ocrx_word' id='word_1_312' title='bbox 3106 1730 3134 1780; x_wconf 86' lang='grc' dir='ltr'><strong>ό</strong></span> <span class='ocrx_word' id='word_1_313' title='bbox 3167 1728 3345 1780; x_wconf 84' lang='grc' dir='ltr'><em>πάντα</em></span> <span class='ocrx_word' id='word_1_314' title='bbox 3389 1727 3686 1798; x_wconf 82' lang='grc' dir='ltr'><em>δυνάμενος</em></span> 
     </span>
    </p>
   </div>
   <div class='ocr_carea' id='block_1_44' title="bbox 2121 1809 3680 1886">
    <p class='ocr_par' dir='ltr' id='par_1_44' title="bbox 2121 1809 3680 1886">
     <span class='ocr_line' id='line_1_44' title="bbox 2121 1809 3680 1886; baseline 0 -18"><span class='ocrx_word' id='word_1_315' title='bbox 2121 1815 2365 1878; x_wconf 75' lang='grc' dir='ltr'><strong>ἐκείνους</strong></span> <span class='ocrx_word' id='word_1_316' title='bbox 2393 1833 2451 1869; x_wconf 89' lang='grc' dir='ltr'><strong>τε</strong></span> <span class='ocrx_word' id='word_1_317' title='bbox 2486 1816 2779 1883; x_wconf 74' lang='grc' dir='ltr'><strong>ἐπιγνῶναι</strong></span> <span class='ocrx_word' id='word_1_318' title='bbox 2831 1816 2929 1885; x_wconf 84' lang='grc' dir='ltr'><strong>τήν</strong></span> <span class='ocrx_word' id='word_1_319' title='bbox 2978 1817 3188 1869; x_wconf 86' lang='grc' dir='ltr'><em>οἰκείαν</em></span> <span class='ocrx_word' id='word_1_320' title='bbox 3235 1815 3446 1886; x_wconf 87' lang='grc' dir='ltr'><em>πλάνην</em></span> <span class='ocrx_word' id='word_1_321' title='bbox 3499 1809 3680 1886; x_wconf 61' lang='grc' dir='ltr'><em>παρα-</em></span> 
     </span>
    </p>
   </div>
   <div class='ocr_carea' id='block_1_45' title="bbox 2124 1906 3677 1977">
    <p class='ocr_par' dir='ltr' id='par_1_45' title="bbox 2124 1906 3677 1977">
     <span class='ocr_line' id='line_1_45' title="bbox 2124 1906 3677 1977; baseline -0.001 -18"><span class='ocrx_word' id='word_1_322' title='bbox 2124 1908 2425 1970; x_wconf 84' lang='grc' dir='ltr'><em>σκευάσειε,</em></span> <span class='ocrx_word' id='word_1_323' title='bbox 2461 1906 2553 1960; x_wconf 80' lang='grc' dir='ltr'><em>καὶ</em></span> <span class='ocrx_word' id='word_1_324' title='bbox 2587 1909 2732 1977; x_wconf 75' lang='grc' dir='ltr'><em>ἡμᾶς</em></span> <span class='ocrx_word' id='word_1_325' title='bbox 2767 1907 2947 1960; x_wconf 82' lang='grc' dir='ltr'><em>αὐτῶν</em></span> <span class='ocrx_word' id='word_1_326' title='bbox 2974 1906 3290 1971; x_wconf 71' lang='grc' dir='ltr'><em>ἀπαλλάξας</em></span> <span class='ocrx_word' id='word_1_327' title='bbox 3323 1907 3398 1970; x_wconf 86' lang='grc' dir='ltr'><em>ὡς</em></span> <span class='ocrx_word' id='word_1_328' title='bbox 3425 1909 3677 1976; x_wconf 82' lang='grc' dir='ltr'><em>πονηρῶν</em></span> 
     </span>
    </p>
   </div>
   <div class='ocr_carea' id='block_1_46' title="bbox 2119 1993 3679 2068">
    <p class='ocr_par' dir='ltr' id='par_1_46' title="bbox 2119 1993 3679 2068">
     <span class='ocr_line' id='line_1_46' title="bbox 2119 1993 3679 2068; baseline 0 -18"><span class='ocrx_word' id='word_1_329' title='bbox 2119 1997 2377 2062; x_wconf 78' lang='grc' dir='ltr'><em>ζιζανίων</em></span> <span class='ocrx_word' id='word_1_330' title='bbox 2407 1993 2495 2052; x_wconf 72' lang='grc' dir='ltr'><em>οἷα</em></span> <span class='ocrx_word' id='word_1_331' title='bbox 2523 1998 2762 2068; x_wconf 86' lang='grc' dir='ltr'><em>καθαρὸν</em></span> <span class='ocrx_word' id='word_1_332' title='bbox 2793 1999 2886 2052; x_wconf 70' lang='grc' dir='ltr'><em>καὶ</em></span> <span class='ocrx_word' id='word_1_333' title='bbox 2932 1997 3232 2068; x_wconf 74' lang='grc' dir='ltr'><em>εὔχρηστον</em></span> <span class='ocrx_word' id='word_1_334' title='bbox 3261 2001 3406 2052; x_wconf 87' lang='grc' dir='ltr'><em>σῖτον</em></span> <span class='ocrx_word' id='word_1_335' title='bbox 3451 2001 3531 2061; x_wconf 89' lang='grc' dir='ltr'><strong>εἰς</strong></span> <span class='ocrx_word' id='word_1_336' title='bbox 3580 2001 3679 2060; x_wconf 77' lang='grc' dir='ltr'><em>τὰς</em></span> 
     </span>
    </p>
   </div>
   <div class='ocr_carea' id='block_1_47' title="bbox 2119 2088 3677 2159">
    <p class='ocr_par' dir='ltr' id='par_1_47' title="bbox 2119 2088 3677 2159">
     <span class='ocr_line' id='line_1_47' title="bbox 2119 2088 3677 2159; baseline -0.001 -17"><span class='ocrx_word' id='word_1_337' title='bbox 2119 2089 2312 2142; x_wconf 80' lang='grc' dir='ltr'><em>ἑαυτοῦ</em></span> <span class='ocrx_word' id='word_1_338' title='bbox 2347 2089 2630 2159; x_wconf 80' lang='grc' dir='ltr'><strong>ἀποθήκας</strong></span> <span class='ocrx_word' id='word_1_339' title='bbox 2683 2089 2964 2154; x_wconf 89' lang='grc' dir='ltr'><em>συνάξειεν</em></span> <span class='ocrx_word' id='word_1_340' title='bbox 2994 2091 3050 2141; x_wconf 84' lang='grc' dir='ltr'><strong>ἐν</strong></span> <span class='ocrx_word' id='word_1_341' title='bbox 3104 2088 3328 2158; x_wconf 83' lang='grc' dir='ltr'><em>Χριστῷ</em></span> <span class='ocrx_word' id='word_1_342' title='bbox 3376 2089 3554 2156; x_wconf 88' lang='grc' dir='ltr'><strong>Ἰησοῦ</strong></span> <span class='ocrx_word' id='word_1_343' title='bbox 3601 2090 3677 2156; x_wconf 86' lang='grc' dir='ltr'><em>τῷ</em></span> 
     </span>
    </p>
   </div>
   <div class='ocr_carea' id='block_1_48' title="bbox 2117 2173 3679 2250">
    <p class='ocr_par' dir='ltr' id='par_1_48' title="bbox 2117 2173 3679 2250">
     <span class='ocr_line' id='line_1_48' title="bbox 2117 2173 3679 2250; baseline -0.003 -16"><span class='ocrx_word' id='word_1_344' title='bbox 2117 2179 2504 2250; x_wconf 83' lang='grc' dir='ltr'><em>Κυρίῳήμῶν,</em></span> <span class='ocrx_word' id='word_1_345' title='bbox 2535 2173 2580 2246; x_wconf 82' lang='grc' dir='ltr'><strong>ᾧ</strong></span> <span class='ocrx_word' id='word_1_346' title='bbox 2605 2179 2805 2249; x_wconf 80' lang='grc' dir='ltr'><em>πρέπει</em></span> <span class='ocrx_word' id='word_1_347' title='bbox 2836 2181 2982 2233; x_wconf 84' lang='grc' dir='ltr'><em>πᾶσα</em></span> <span class='ocrx_word' id='word_1_348' title='bbox 3027 2177 3174 2241; x_wconf 89' lang='grc' dir='ltr'><em>δόξα,</em></span> <span class='ocrx_word' id='word_1_349' title='bbox 3194 2177 3329 2246; x_wconf 79' lang='grc' dir='ltr'><em>τιμή</em></span> <span class='ocrx_word' id='word_1_350' title='bbox 3385 2178 3479 2231; x_wconf 79' lang='grc' dir='ltr'><em>καὶ</em></span> <span class='ocrx_word' id='word_1_351' title='bbox 3511 2193 3679 2246; x_wconf 77' lang='grc' dir='ltr'><em>προο-</em></span> 
     </span>
    </p>
   </div>
   <div class='ocr_carea' id='block_1_49' title="bbox 2117 2267 2366 2340">
    <p class='ocr_par' dir='ltr' id='par_1_49' title="bbox 2117 2267 2366 2340">
     <span class='ocr_line' id='line_1_49' title="bbox 2117 2267 2366 2340; baseline 0 -18"><span class='ocrx_word' id='word_1_352' title='bbox 2117 2267 2366 2340; x_wconf 71' lang='grc' dir='ltr'><em>κύνησις.</em></span> 
     </span>
    </p>
   </div>
   <div class='ocr_carea' id='block_1_50' title="bbox 2788 2354 2995 2413">
    <p class='ocr_par' dir='ltr' id='par_1_50' title="bbox 2788 2354 2995 2413">
     <span class='ocr_line' id='line_1_50' title="bbox 2788 2354 2995 2413; baseline 0 -1"><span class='ocrx_word' id='word_1_353' title='bbox 2788 2354 2995 2413; x_wconf 79' lang='grc' dir='ltr'><strong>ΑΠοΛ’.</strong></span> 
     </span>
    </p>
   </div>
   <div class='ocr_carea' id='block_1_51' title="bbox 2192 2448 3673 2521">
    <p class='ocr_par' dir='ltr' id='par_1_51' title="bbox 2192 2448 3673 2521">
     <span class='ocr_line' id='line_1_51' title="bbox 2192 2448 3673 2521; baseline -0.003 -17"><span class='ocrx_word' id='word_1_354' title='bbox 2192 2451 2340 2504; x_wconf 84' lang='grc' dir='ltr'><em>Ἔδει</em></span> <span class='ocrx_word' id='word_1_355' title='bbox 2367 2451 2462 2517; x_wconf 84' lang='grc' dir='ltr'><em>μὲν</em></span> <span class='ocrx_word' id='word_1_356' title='bbox 2511 2452 2658 2521; x_wconf 81' lang='grc' dir='ltr'><em>ἡμᾶς</em></span> <span class='ocrx_word' id='word_1_357' title='bbox 2706 2451 2978 2520; x_wconf 81' lang='grc' dir='ltr'><em>μηδεμίαν</em></span> <span class='ocrx_word' id='word_1_358' title='bbox 3036 2449 3333 2517; x_wconf 83' lang='grc' dir='ltr'><em>ἀπολογίαν</em></span> <span class='ocrx_word' id='word_1_359' title='bbox 3363 2448 3566 2513; x_wconf 84' lang='grc' dir='ltr'><em>δοῦναι,</em></span> <span class='ocrx_word' id='word_1_360' title='bbox 3618 2451 3673 2500; x_wconf 82' lang='grc' dir='ltr'><strong>ἐν</strong></span> 
     </span>
    </p>
   </div>
   <div class='ocr_carea' id='block_1_52' title="bbox 2114 2532 3671 2608">
    <p class='ocr_par' dir='ltr' id='par_1_52' title="bbox 2114 2532 3671 2608">
     <span class='ocr_line' id='line_1_52' title="bbox 2114 2532 3671 2608; baseline -0.001 -18"><span class='ocrx_word' id='word_1_361' title='bbox 2114 2532 2193 2600; x_wconf 75' lang='grc' dir='ltr'><em>οἷς</em></span> <span class='ocrx_word' id='word_1_362' title='bbox 2216 2536 2449 2591; x_wconf 87' lang='grc' dir='ltr'><em>ἐνταῦθα</em></span> <span class='ocrx_word' id='word_1_363' title='bbox 2471 2539 2734 2607; x_wconf 75' lang='grc' dir='ltr'><em>προφέρει</em></span> <span class='ocrx_word' id='word_1_364' title='bbox 2753 2553 2768 2569; x_wconf 76' lang='grc' dir='ltr'><strong><em>ο</em></strong></span> <span class='ocrx_word' id='word_1_365' title='bbox 2803 2539 3048 2608; x_wconf 81' lang='grc' dir='ltr'><em>συνήθως</em></span> <span class='ocrx_word' id='word_1_366' title='bbox 3077 2541 3185 2607; x_wconf 77' lang='grc' dir='ltr'><em>γὰρ</em></span> <span class='ocrx_word' id='word_1_367' title='bbox 3214 2541 3360 2592; x_wconf 85' lang='grc' dir='ltr'><em>ποιεῖ</em></span> <span class='ocrx_word' id='word_1_368' title='bbox 3383 2539 3671 2608; x_wconf 79' lang='grc' dir='ltr'><em>προφέρων</em></span> 
     </span>
    </p>
   </div>
   <div class='ocr_carea' id='block_1_53' title="bbox 2116 2627 3668 2700">
    <p class='ocr_par' dir='ltr' id='par_1_53' title="bbox 2116 2627 3668 2700">
     <span class='ocr_line' id='line_1_53' title="bbox 2116 2627 3668 2700; baseline 0 -20"><span class='ocrx_word' id='word_1_369' title='bbox 2116 2627 2299 2696; x_wconf 79' lang='grc' dir='ltr'><em>ὕϐρεις</em></span> <span class='ocrx_word' id='word_1_370' title='bbox 2332 2627 2452 2680; x_wconf 81' lang='grc' dir='ltr'><em>καθ’</em></span> <span class='ocrx_word' id='word_1_371' title='bbox 2486 2630 2662 2698; x_wconf 84' lang='grc' dir='ltr'><em>ήμῶν·</em></span> <span class='ocrx_word' id='word_1_372' title='bbox 2686 2630 2834 2698; x_wconf 79' lang='grc' dir='ltr'><em>ὅμως</em></span> <span class='ocrx_word' id='word_1_373' title='bbox 2864 2629 3096 2699; x_wconf 86' lang='grc' dir='ltr'><em>ἐροῦμεν</em></span> <span class='ocrx_word' id='word_1_374' title='bbox 3124 2630 3299 2698; x_wconf 83' lang='grc' dir='ltr'><em>ὀλίγα.</em></span> <span class='ocrx_word' id='word_1_375' title='bbox 3331 2631 3436 2682; x_wconf 75' lang='grc' dir='ltr'><strong>Καὶ</strong></span> <span class='ocrx_word' id='word_1_376' title='bbox 3466 2632 3571 2700; x_wconf 77' lang='grc' dir='ltr'><em>γὰρ</em></span> <span class='ocrx_word' id='word_1_377' title='bbox 3587 2629 3668 2693; x_wconf 82' lang='grc' dir='ltr'><strong>τὸ,</strong></span> 
     </span>
    </p>
   </div>
   <div class='ocr_carea' id='block_1_54' title="bbox 2147 2719 3671 2799">
    <p class='ocr_par' dir='ltr' id='par_1_54' title="bbox 2147 2719 3671 2799">
     <span class='ocr_line' id='line_1_54' title="bbox 2147 2719 3671 2799; baseline 0.001 -30"><span class='ocrx_word' id='word_1_378' title='bbox 2147 2719 2468 2787; x_wconf 84' lang='grc' dir='ltr'><em>Ομοούσιον,</em></span> <span class='ocrx_word' id='word_1_379' title='bbox 2495 2721 2588 2772; x_wconf 73' lang='grc' dir='ltr'><em>καὶ</em></span> <span class='ocrx_word' id='word_1_380' title='bbox 2619 2719 2680 2770; x_wconf 89' lang='grc' dir='ltr'><strong>τὸ</strong></span> <span class='ocrx_word' id='word_1_381' title='bbox 2699 2758 2713 2782; x_wconf 93' lang='grc'><strong>,</strong></span> <span class='ocrx_word' id='word_1_382' title='bbox 2747 2719 3028 2785; x_wconf 85' lang='grc' dir='ltr'><em>Θεοτόκος,</em></span> <span class='ocrx_word' id='word_1_383' title='bbox 3063 2720 3157 2772; x_wconf 77' lang='grc' dir='ltr'><em>καὶ</em></span> <span class='ocrx_word' id='word_1_384' title='bbox 3185 2721 3284 2772; x_wconf 85' lang='grc' dir='ltr'><em>ὅσα</em></span> <span class='ocrx_word' id='word_1_385' title='bbox 3311 2721 3359 2773; x_wconf 88' lang='grc' dir='ltr'><strong>οἰ</strong></span> <span class='ocrx_word' id='word_1_386' title='bbox 3392 2720 3534 2787; x_wconf 69' lang='grc' dir='ltr'><em>ἅγιοι</em></span> <span class='ocrx_word' id='word_1_387' title='bbox 3564 2721 3671 2799; x_wconf 58' lang='grc' dir='ltr'><em>διες</em></span> 
     </span>
    </p>
   </div>
   <div class='ocr_carea' id='block_1_55' title="bbox 2112 2811 3673 2882">
    <p class='ocr_par' dir='ltr' id='par_1_55' title="bbox 2112 2811 3673 2882">
     <span class='ocr_line' id='line_1_55' title="bbox 2112 2811 3673 2882; baseline 0.002 -21"><span class='ocrx_word' id='word_1_388' title='bbox 2112 2811 2420 2878; x_wconf 79' lang='grc' dir='ltr'><em>τράνωσαν,</em></span> <span class='ocrx_word' id='word_1_389' title='bbox 2460 2811 2649 2872; x_wconf 81' lang='grc' dir='ltr'><em>αὑταῖς</em></span> <span class='ocrx_word' id='word_1_390' title='bbox 2678 2811 2885 2876; x_wconf 82' lang='grc' dir='ltr'><em>λέξεσιν</em></span> <span class='ocrx_word' id='word_1_391' title='bbox 2910 2813 2958 2864; x_wconf 92' lang='grc' dir='ltr'><strong>οἰ</strong></span> <span class='ocrx_word' id='word_1_392' title='bbox 2989 2811 3273 2864; x_wconf 82' lang='grc' dir='ltr'><em>ἀπόστολοι</em></span> <span class='ocrx_word' id='word_1_393' title='bbox 3303 2813 3404 2865; x_wconf 78' lang='grc' dir='ltr'><em>οὐκ</em></span> <span class='ocrx_word' id='word_1_394' title='bbox 3438 2812 3673 2882; x_wconf 83' lang='grc' dir='ltr'><em>εὐηγγε-</em></span> 
     </span>
    </p>
   </div>
   <div class='ocr_carea' id='block_1_56' title="bbox 2111 2902 3671 2972">
    <p class='ocr_par' dir='ltr' id='par_1_56' title="bbox 2111 2902 3671 2972">
     <span class='ocr_line' id='line_1_56' title="bbox 2111 2902 3671 2972; baseline 0 -17"><span class='ocrx_word' id='word_1_395' title='bbox 2111 2903 2348 2956; x_wconf 81' lang='grc' dir='ltr'><em>λίσαντο.</em></span> <span class='ocrx_word' id='word_1_396' title='bbox 2386 2902 2527 2954; x_wconf 85' lang='grc' dir='ltr'><em>Ἀλλ’</em></span> <span class='ocrx_word' id='word_1_397' title='bbox 2557 2904 2714 2972; x_wconf 82' lang='grc' dir='ltr'><em>ἡμεῖς</em></span> <span class='ocrx_word' id='word_1_398' title='bbox 2746 2903 2844 2955; x_wconf 84' lang='grc' dir='ltr'><em>ὅσα</em></span> <span class='ocrx_word' id='word_1_399' title='bbox 2869 2913 2927 2955; x_wconf 84' lang='grc' dir='ltr'><strong>τε</strong></span> <span class='ocrx_word' id='word_1_400' title='bbox 2972 2904 3021 2955; x_wconf 84' lang='grc' dir='ltr'><strong>οἰ</strong></span> <span class='ocrx_word' id='word_1_401' title='bbox 3052 2903 3293 2971; x_wconf 85' lang='grc' dir='ltr'><em>Πατέρες</em></span> <span class='ocrx_word' id='word_1_402' title='bbox 3340 2902 3496 2972; x_wconf 86' lang='grc' dir='ltr'><em>ήμῶν</em></span> <span class='ocrx_word' id='word_1_403' title='bbox 3523 2903 3671 2956; x_wconf 76' lang='grc' dir='ltr'><em>ἐθεοο</em></span> 
     </span>
    </p>
   </div>
   <div class='ocr_carea' id='block_1_57' title="bbox 2111 2992 3667 3066">
    <p class='ocr_par' dir='ltr' id='par_1_57' title="bbox 2111 2992 3667 3066">
     <span class='ocr_line' id='line_1_57' title="bbox 2111 2992 3667 3066; baseline -0.001 -21"><span class='ocrx_word' id='word_1_404' title='bbox 2111 2993 2348 3062; x_wconf 86' lang='grc' dir='ltr'><em>λόγησαν</em></span> <span class='ocrx_word' id='word_1_405' title='bbox 2380 2992 2474 3045; x_wconf 75' lang='grc' dir='ltr'><em>καὶ</em></span> <span class='ocrx_word' id='word_1_406' title='bbox 2495 2992 2916 3056; x_wconf 79' lang='grc' dir='ltr'><em>ἐξὴπλωσαν,ὡς</em></span> <span class='ocrx_word' id='word_1_407' title='bbox 2945 2993 3307 3066; x_wconf 55' lang='lat' dir='ltr'><strong>amoma;</strong></span> <span class='ocrx_word' id='word_1_408' title='bbox 3339 2995 3667 3062; x_wconf 67' lang='grc' dir='ltr'><em>παραδόσεις</em></span> 
     </span>
    </p>
   </div>
   <div class='ocr_carea' id='block_1_58' title="bbox 447 3082 2003 3160">
    <p class='ocr_par' dir='ltr' id='par_1_58' title="bbox 447 3085 2003 3160">
     <span class='ocr_line' id='line_1_58' title="bbox 447 3085 2003 3160; baseline 0.003 -22"><span class='ocrx_word' id='word_1_409' title='bbox 447 3085 796 3140; x_wconf 83' lang='lat' dir='ltr'><strong>traditiones.</strong></span> <span class='ocrx_word' id='word_1_410' title='bbox 833 3085 1019 3152; x_wconf 85' lang='lat' dir='ltr'><strong>Itaque</strong></span> <span class='ocrx_word' id='word_1_411' title='bbox 1053 3086 1094 3139; x_wconf 77' lang='lat' dir='ltr'><strong>si</strong></span> <span class='ocrx_word' id='word_1_412' title='bbox 1137 3086 1311 3140; x_wconf 88' lang='lat' dir='ltr'><strong>sancti</strong></span> <span class='ocrx_word' id='word_1_413' title='bbox 1345 3087 1421 3141; x_wconf 92' lang='lat' dir='ltr'><strong>illi</strong></span> <span class='ocrx_word' id='word_1_414' title='bbox 1448 3089 1623 3157; x_wconf 60' lang='lat' dir='ltr'><strong>poenis</strong></span> <span class='ocrx_word' id='word_1_415' title='bbox 1655 3104 1750 3160; x_wconf 89' lang='lat' dir='ltr'><strong>per</strong></span> <span class='ocrx_word' id='word_1_416' title='bbox 1783 3099 2003 3160; x_wconf 88' lang='lat' dir='ltr'><strong>aposto-</strong></span> 
     </span>
    </p>
   </div>
   <div class='ocr_carea' id='block_1_59' title="bbox 2107 3082 3665 3160">
    <p class='ocr_par' dir='ltr' id='par_1_59' title="bbox 2110 3082 3665 3153">
     <span class='ocr_line' id='line_1_59' title="bbox 2110 3082 3665 3153; baseline 0.001 -18"><span class='ocrx_word' id='word_1_417' title='bbox 2110 3085 2204 3135; x_wconf 81' lang='grc' dir='ltr'><em>καὶ</em></span> <span class='ocrx_word' id='word_1_418' title='bbox 2227 3082 2399 3136; x_wconf 86' lang='grc' dir='ltr'><em>ταῦτα</em></span> <span class='ocrx_word' id='word_1_419' title='bbox 2430 3083 2761 3152; x_wconf 87' lang='grc' dir='ltr'><em>στέργομεν.</em></span> <span class='ocrx_word' id='word_1_420' title='bbox 2801 3085 2864 3136; x_wconf 82' lang='grc' dir='ltr'><em>Εἰ</em></span> <span class='ocrx_word' id='word_1_421' title='bbox 2902 3083 2997 3137; x_wconf 77' lang='grc' dir='ltr'><strong>οῦν</strong></span> <span class='ocrx_word' id='word_1_422' title='bbox 3031 3084 3134 3136; x_wconf 86' lang='grc' dir='ltr'><em>ὑπὸ</em></span> <span class='ocrx_word' id='word_1_423' title='bbox 3167 3085 3228 3136; x_wconf 85' lang='grc' dir='ltr'><strong>τὸ</strong></span> <span class='ocrx_word' id='word_1_424' title='bbox 3258 3085 3533 3153; x_wconf 78' lang='grc' dir='ltr'><em>ἐπιτίμιον</em></span> <span class='ocrx_word' id='word_1_425' title='bbox 3571 3084 3665 3137; x_wconf 82' lang='grc' dir='ltr'><strong>τοῦ</strong></span> 
     </span>
    </p>
   </div>
   <div class='ocr_carea' id='block_1_60' title="bbox 441 3177 2008 3249">
    <p class='ocr_par' dir='ltr' id='par_1_60' title="bbox 441 3177 2008 3249">
     <span class='ocr_line' id='line_1_60' title="bbox 441 3177 2008 3249; baseline 0.004 -17"><span class='ocrx_word' id='word_1_426' title='bbox 441 3179 555 3233; x_wconf 86' lang='lat' dir='ltr'><strong>lum</strong></span> <span class='ocrx_word' id='word_1_427' title='bbox 616 3177 937 3232; x_wconf 82' lang='lat' dir='ltr'><strong>constitutis</strong></span> <span class='ocrx_word' id='word_1_428' title='bbox 989 3185 1264 3239; x_wconf 85' lang='lat' dir='ltr'><strong>tenentur.</strong></span> <span class='ocrx_word' id='word_1_429' title='bbox 1314 3189 1368 3234; x_wconf 88' lang='lat' dir='ltr'><strong>et</strong></span> <span class='ocrx_word' id='word_1_430' title='bbox 1420 3195 1521 3236; x_wconf 82' lang='lat' dir='ltr'><strong>nos</strong></span> <span class='ocrx_word' id='word_1_431' title='bbox 1573 3188 1839 3237; x_wconf 84' lang='lat' dir='ltr'><strong>tenemur.</strong></span> <span class='ocrx_word' id='word_1_432' title='bbox 1879 3183 2008 3249; x_wconf 68' lang='lat' dir='ltr'><strong>Quae</strong></span> 
     </span>
    </p>
   </div>
   <div class='ocr_carea' id='block_1_61' title="bbox 441 3266 2006 3341">
    <p class='ocr_par' dir='ltr' id='par_1_61' title="bbox 441 3266 2006 3341">
     <span class='ocr_line' id='line_1_61' title="bbox 441 3266 2006 3341; baseline 0.005 -19"><span class='ocrx_word' id='word_1_433' title='bbox 441 3283 606 3338; x_wconf 84' lang='lat' dir='ltr'><strong>porro</strong></span> <span class='ocrx_word' id='word_1_434' title='bbox 631 3268 682 3322; x_wconf 90' lang='lat' dir='ltr'><strong>in</strong></span> <span class='ocrx_word' id='word_1_435' title='bbox 720 3283 821 3323; x_wconf 82' lang='lat' dir='ltr'><strong>nos</strong></span> <span class='ocrx_word' id='word_1_436' title='bbox 851 3266 1061 3338; x_wconf 84' lang='lat' dir='ltr'><strong>profert</strong></span> <span class='ocrx_word' id='word_1_437' title='bbox 1086 3282 1159 3322; x_wconf 67' lang='grc' dir='ltr'><em>ετ·</em></span> <span class='ocrx_word' id='word_1_438' title='bbox 1185 3269 1444 3338; x_wconf 81' lang='lat' dir='ltr'><strong>Epistolis</strong></span> <span class='ocrx_word' id='word_1_439' title='bbox 1477 3273 1868 3341; x_wconf 85' lang='lat' dir='ltr'><strong>apostolorum,</strong></span> <span class='ocrx_word' id='word_1_440' title='bbox 1899 3289 2006 3330; x_wconf 91' lang='lat' dir='ltr'><strong>non</strong></span> 
     </span>
    </p>
   </div>
   <div class='ocr_carea' id='block_1_62' title="bbox 442 3359 2004 3434">
    <p class='ocr_par' dir='ltr' id='par_1_62' title="bbox 442 3359 2004 3434">
     <span class='ocr_line' id='line_1_62' title="bbox 442 3359 2004 3434; baseline 0.004 -21"><span class='ocrx_word' id='word_1_441' title='bbox 442 3360 650 3414; x_wconf 85' lang='lat' dir='ltr'><strong>faciunt</strong></span> <span class='ocrx_word' id='word_1_442' title='bbox 682 3359 763 3412; x_wconf 79' lang='lat' dir='ltr'><strong>ad-</strong></span> <span class='ocrx_word' id='word_1_443' title='bbox 794 3375 932 3414; x_wconf 89' lang='lat' dir='ltr'><strong>rem.</strong></span> <span class='ocrx_word' id='word_1_444' title='bbox 960 3360 1305 3417; x_wconf 81' lang='lat' dir='ltr'><strong>Traditiones</strong></span> <span class='ocrx_word' id='word_1_445' title='bbox 1337 3361 1482 3417; x_wconf 80' lang='lat' dir='ltr'><strong>enim</strong></span> <span class='ocrx_word' id='word_1_446' title='bbox 1527 3365 1859 3434; x_wconf 84' lang='lat' dir='ltr'><strong>apostolicas</strong></span> <span class='ocrx_word' id='word_1_447' title='bbox 1895 3373 2004 3420; x_wconf 88' lang='lat' dir='ltr'><strong>tam</strong></span> 
     </span>
    </p>
   </div>
   <div class='ocr_carea' id='block_1_63' title="bbox 443 3453 2003 3524">
    <p class='ocr_par' dir='ltr' id='par_1_63' title="bbox 443 3453 2003 3524">
     <span class='ocr_line' id='line_1_63' title="bbox 443 3453 2003 3524; baseline 0.001 -16"><span class='ocrx_word' id='word_1_448' title='bbox 443 3454 680 3524; x_wconf 86' lang='lat' dir='ltr'><strong>scriptas</strong></span> <span class='ocrx_word' id='word_1_449' title='bbox 737 3468 897 3523; x_wconf 82' lang='lat' dir='ltr'><strong>quam</strong></span> <span class='ocrx_word' id='word_1_450' title='bbox 965 3468 1070 3507; x_wconf 87' lang='lat' dir='ltr'><strong>non</strong></span> <span class='ocrx_word' id='word_1_451' title='bbox 1128 3453 1361 3523; x_wconf 88' lang='lat' dir='ltr'><strong>scriptas</strong></span> <span class='ocrx_word' id='word_1_452' title='bbox 1407 3455 1750 3510; x_wconf 83' lang='lat' dir='ltr'><strong>orationibus</strong></span> <span class='ocrx_word' id='word_1_453' title='bbox 1783 3457 2003 3510; x_wconf 89' lang='lat' dir='ltr'><strong>illorum</strong></span> 
     </span>
    </p>
   </div>
   <div class='ocr_carea' id='block_1_64' title="bbox 444 3543 2002 3610">
    <p class='ocr_par' dir='ltr' id='par_1_64' title="bbox 444 3543 2002 3610">
     <span class='ocr_line' id='line_1_64' title="bbox 444 3543 2002 3610; baseline 0.003 -12"><span class='ocrx_word' id='word_1_454' title='bbox 444 3544 566 3598; x_wconf 84' lang='lat' dir='ltr'><strong>fulti</strong></span> <span class='ocrx_word' id='word_1_455' title='bbox 605 3553 924 3599; x_wconf 89' lang='lat' dir='ltr'><strong>constanter</strong></span> <span class='ocrx_word' id='word_1_456' title='bbox 957 3552 1237 3610; x_wconf 89' lang='lat' dir='ltr'><strong>tenemus,</strong></span> <span class='ocrx_word' id='word_1_457' title='bbox 1271 3545 1558 3600; x_wconf 86' lang='lat' dir='ltr'><strong>credentes</strong></span> <span class='ocrx_word' id='word_1_458' title='bbox 1590 3547 1644 3600; x_wconf 91' lang='lat' dir='ltr'><strong>in</strong></span> <span class='ocrx_word' id='word_1_459' title='bbox 1677 3543 2002 3602; x_wconf 80' lang='lat' dir='ltr'><strong>Trinitatem</strong></span> 
     </span>
    </p>
   </div>
   <div class='ocr_carea' id='block_1_65' title="bbox 444 3634 2006 3708">
    <p class='ocr_par' dir='ltr' id='par_1_65' title="bbox 444 3634 2006 3708">
     <span class='ocr_line' id='line_1_65' title="bbox 444 3634 2006 3708; baseline 0.003 -19"><span class='ocrx_word' id='word_1_460' title='bbox 444 3635 985 3700; x_wconf 83' lang='lat' dir='ltr'><strong>consubstantialem,</strong></span> <span class='ocrx_word' id='word_1_461' title='bbox 1019 3634 1673 3705; x_wconf 85' lang='lat' dir='ltr'><strong>Deumqueincarnatum,</strong></span> <span class='ocrx_word' id='word_1_462' title='bbox 1691 3653 1758 3693; x_wconf 81' lang='lat' dir='ltr'><strong>ex</strong></span> <span class='ocrx_word' id='word_1_463' title='bbox 1789 3653 2006 3708; x_wconf 85' lang='lat' dir='ltr'><strong>semper</strong></span> 
     </span>
    </p>
   </div>
   <div class='ocr_carea' id='block_1_66' title="bbox 437 3723 2007 3796">
    <p class='ocr_par' dir='ltr' id='par_1_66' title="bbox 437 3723 2007 3796">
     <span class='ocr_line' id='line_1_66' title="bbox 437 3723 2007 3796; baseline 0.003 -18"><span class='ocrx_word' id='word_1_464' title='bbox 437 3723 660 3796; x_wconf 79' lang='lat' dir='ltr'><strong>Virgine</strong></span> <span class='ocrx_word' id='word_1_465' title='bbox 711 3727 803 3780; x_wconf 87' lang='lat' dir='ltr'><strong>Dei</strong></span> <span class='ocrx_word' id='word_1_466' title='bbox 857 3726 1136 3781; x_wconf 87' lang='lat' dir='ltr'><strong>Genitri-ce</strong></span> <span class='ocrx_word' id='word_1_467' title='bbox 1191 3736 1403 3781; x_wconf 88' lang='lat' dir='ltr'><strong>natum.</strong></span> <span class='ocrx_word' id='word_1_468' title='bbox 1436 3727 1541 3783; x_wconf 89' lang='lat' dir='ltr'><strong>Sed</strong></span> <span class='ocrx_word' id='word_1_469' title='bbox 1583 3729 1699 3784; x_wconf 68' lang='lat' dir='ltr'><strong>haec</strong></span> <span class='ocrx_word' id='word_1_470' title='bbox 1725 3729 1867 3784; x_wconf 85' lang='lat' dir='ltr'><strong>dicta</strong></span> <span class='ocrx_word' id='word_1_471' title='bbox 1894 3732 2007 3786; x_wconf 72' lang='lat' dir='ltr'><strong>sint</strong></span> 
     </span>
    </p>
   </div>
   <div class='ocr_carea' id='block_1_67' title="bbox 431 3817 1999 3893">
    <p class='ocr_par' dir='ltr' id='par_1_67' title="bbox 431 3817 1999 3893">
     <span class='ocr_line' id='line_1_67' title="bbox 431 3817 1999 3893; baseline 0.004 -21"><span class='ocrx_word' id='word_1_472' title='bbox 431 3834 544 3873; x_wconf 86' lang='lat' dir='ltr'><strong>non</strong></span> <span class='ocrx_word' id='word_1_473' title='bbox 597 3820 958 3874; x_wconf 70' lang='lat' dir='ltr'><strong>contentiosa:</strong></span> <span class='ocrx_word' id='word_1_474' title='bbox 1009 3821 1398 3877; x_wconf 77' lang='lat' dir='ltr'><strong>ostentationis</strong></span> <span class='ocrx_word' id='word_1_475' title='bbox 1424 3817 1598 3891; x_wconf 71' lang='lat' dir='ltr'><strong>ergo;</strong></span> <span class='ocrx_word' id='word_1_476' title='bbox 1633 3837 1815 3893; x_wconf 81' lang='lat' dir='ltr'><strong>neque</strong></span> <span class='ocrx_word' id='word_1_477' title='bbox 1853 3823 1999 3878; x_wconf 83' lang='lat' dir='ltr'><strong>enim</strong></span> 
     </span>
    </p>
   </div>
   <div class='ocr_carea' id='block_1_68' title="bbox 433 3909 1998 3976">
    <p class='ocr_par' dir='ltr' id='par_1_68' title="bbox 433 3909 1998 3976">
     <span class='ocr_line' id='line_1_68' title="bbox 433 3909 1998 3976; baseline 0.001 -12"><span class='ocrx_word' id='word_1_478' title='bbox 433 3911 603 3964; x_wconf 79' lang='lat' dir='ltr'><strong>rixari</strong></span> <span class='ocrx_word' id='word_1_479' title='bbox 637 3917 690 3965; x_wconf 89' lang='lat' dir='ltr'><strong>et</strong></span> <span class='ocrx_word' id='word_1_480' title='bbox 721 3909 1054 3966; x_wconf 82' lang='lat' dir='ltr'><strong>contendere</strong></span> <span class='ocrx_word' id='word_1_481' title='bbox 1083 3911 1354 3976; x_wconf 83' lang='lat' dir='ltr'><strong>volumus,</strong></span> <span class='ocrx_word' id='word_1_482' title='bbox 1388 3911 1483 3967; x_wconf 82' lang='lat' dir='ltr'><strong>sed</strong></span> <span class='ocrx_word' id='word_1_483' title='bbox 1518 3914 1802 3968; x_wconf 84' lang='lat' dir='ltr'><strong>veritatem</strong></span> <span class='ocrx_word' id='word_1_484' title='bbox 1837 3928 1998 3968; x_wconf 80' lang='lat' dir='ltr'><strong>seru-</strong></span> 
     </span>
    </p>
   </div>
   <div class='ocr_carea' id='block_1_69' title="bbox 432 4001 1999 4062">
    <p class='ocr_par' dir='ltr' id='par_1_69' title="bbox 432 4001 1999 4062">
     <span class='ocr_line' id='line_1_69' title="bbox 432 4001 1999 4062; baseline 0.002 -7"><span class='ocrx_word' id='word_1_485' title='bbox 432 4001 536 4062; x_wconf 90' lang='lat' dir='ltr'><strong>tari</strong></span> <span class='ocrx_word' id='word_1_486' title='bbox 571 4002 709 4056; x_wconf 85' lang='lat' dir='ltr'><strong>duce</strong></span> <span class='ocrx_word' id='word_1_487' title='bbox 737 4001 897 4058; x_wconf 87' lang='lat' dir='ltr'><strong>nobis</strong></span> <span class='ocrx_word' id='word_1_488' title='bbox 924 4001 1186 4058; x_wconf 79' lang='lat' dir='ltr'><strong>divinitus</strong></span> <span class='ocrx_word' id='word_1_489' title='bbox 1216 4003 1413 4057; x_wconf 87' lang='lat' dir='ltr'><strong>tradita</strong></span> <span class='ocrx_word' id='word_1_490' title='bbox 1446 4005 1676 4059; x_wconf 88' lang='lat' dir='ltr'><strong>scientia</strong></span> <span class='ocrx_word' id='word_1_491' title='bbox 1708 4013 1762 4059; x_wconf 90' lang='lat' dir='ltr'><strong>et</strong></span> <span class='ocrx_word' id='word_1_492' title='bbox 1793 4003 1999 4058; x_wconf 82' lang='lat' dir='ltr'><strong>doctri-</strong></span> 
     </span>
    </p>
   </div>
   <div class='ocr_carea' id='block_1_70' title="bbox 431 4093 1996 4166">
    <p class='ocr_par' dir='ltr' id='par_1_70' title="bbox 431 4093 1996 4166">
     <span class='ocr_line' id='line_1_70' title="bbox 431 4093 1996 4166; baseline 0.003 -20"><span class='ocrx_word' id='word_1_493' title='bbox 431 4108 500 4146; x_wconf 88' lang='lat' dir='ltr'><strong>na</strong></span> <span class='ocrx_word' id='word_1_494' title='bbox 549 4103 869 4148; x_wconf 89' lang='lat' dir='ltr'><strong>sanctorum</strong></span> <span class='ocrx_word' id='word_1_495' title='bbox 895 4106 972 4158; x_wconf 87' lang='lat' dir='ltr'><strong>,.a</strong></span> <span class='ocrx_word' id='word_1_496' title='bbox 1006 4093 1210 4162; x_wconf 89' lang='lat' dir='ltr'><strong>quibus</strong></span> <span class='ocrx_word' id='word_1_497' title='bbox 1242 4109 1399 4149; x_wconf 80' lang='lat' dir='ltr'><strong>sacra</strong></span> <span class='ocrx_word' id='word_1_498' title='bbox 1427 4095 1683 4165; x_wconf 78' lang='lat' dir='ltr'><strong>dogmata</strong></span> <span class='ocrx_word' id='word_1_499' title='bbox 1726 4097 1996 4166; x_wconf 82' lang='lat' dir='ltr'><strong>explicata</strong></span> 
     </span>
    </p>
   </div>
   <div class='ocr_carea' id='block_1_71' title="bbox 431 4183 1994 4260">
    <p class='ocr_par' dir='ltr' id='par_1_71' title="bbox 431 4183 1994 4260">
     <span class='ocr_line' id='line_1_71' title="bbox 431 4183 1994 4260; baseline 0.001 -21"><span class='ocrx_word' id='word_1_500' title='bbox 431 4191 582 4249; x_wconf 90' lang='lat' dir='ltr'><strong>sunt,</strong></span> <span class='ocrx_word' id='word_1_501' title='bbox 632 4199 740 4238; x_wconf 92' lang='lat' dir='ltr'><strong>non</strong></span> <span class='ocrx_word' id='word_1_502' title='bbox 778 4183 884 4237; x_wconf 87' lang='lat' dir='ltr'><strong>alia</strong></span> <span class='ocrx_word' id='word_1_503' title='bbox 924 4183 1012 4260; x_wconf 71' lang='lat' dir='ltr'><strong>vja</strong></span> <span class='ocrx_word' id='word_1_504' title='bbox 1043 4185 1370 4254; x_wconf 83' lang='lat' dir='ltr'><strong>persuadere</strong></span> <span class='ocrx_word' id='word_1_505' title='bbox 1387 4186 1994 4252; x_wconf 87' lang='lat' dir='ltr'><strong>volentes-hominibus,</strong></span> 
     </span>
    </p>
   </div>
   <div class='ocr_carea' id='block_1_72' title="bbox 431 4267 1997 4344">
    <p class='ocr_par' dir='ltr' id='par_1_72' title="bbox 431 4267 1997 4344">
     <span class='ocr_line' id='line_1_72' title="bbox 431 4267 1997 4344; baseline 0.003 -18"><span class='ocrx_word' id='word_1_506' title='bbox 431 4288 594 4343; x_wconf 85' lang='lat' dir='ltr'><strong>quam</strong></span> <span class='ocrx_word' id='word_1_507' title='bbox 625 4287 710 4339; x_wconf 86' lang='lat' dir='ltr'><strong>ea,</strong></span> <span class='ocrx_word' id='word_1_508' title='bbox 741 4287 863 4342; x_wconf 66' lang='lat' dir='ltr'><strong>qua)</strong></span> <span class='ocrx_word' id='word_1_509' title='bbox 889 4267 1047 4327; x_wconf 88' lang='lat' dir='ltr'><strong>nobis</strong></span> <span class='ocrx_word' id='word_1_510' title='bbox 1064 4286 1159 4341; x_wconf 87' lang='lat' dir='ltr'><strong>per</strong></span> <span class='ocrx_word' id='word_1_511' title='bbox 1176 4273 1380 4328; x_wconf 86' lang='lat' dir='ltr'><strong>lumina</strong></span> <span class='ocrx_word' id='word_1_512' title='bbox 1413 4276 1672 4329; x_wconf 57' lang='lat' dir='ltr'><strong>Ecclesiae</strong></span> <span class='ocrx_word' id='word_1_513' title='bbox 1694 4285 1860 4344; x_wconf 89' lang='lat' dir='ltr'><strong>patet.</strong></span> <span class='ocrx_word' id='word_1_514' title='bbox 1897 4275 1997 4330; x_wconf 87' lang='lat' dir='ltr'><strong>Te-</strong></span> 
     </span>
    </p>
   </div>
   <div class='ocr_carea' id='block_1_73' title="bbox 433 4359 1991 4434">
    <p class='ocr_par' dir='ltr' id='par_1_73' title="bbox 433 4359 1991 4434">
     <span class='ocr_line' id='line_1_73' title="bbox 433 4359 1991 4434; baseline -0.001 -14"><span class='ocrx_word' id='word_1_515' title='bbox 433 4367 535 4420; x_wconf 87' lang='lat' dir='ltr'><strong>stis</strong></span> <span class='ocrx_word' id='word_1_516' title='bbox 563 4359 954 4434; x_wconf 77' lang='lat' dir='ltr'><strong>cogitationum</strong></span> <span class='ocrx_word' id='word_1_517' title='bbox 1017 4363 1298 4429; x_wconf 79' lang='lat' dir='ltr'><strong>Dominus,</strong></span> <span class='ocrx_word' id='word_1_518' title='bbox 1315 4365 1416 4434; x_wconf 83' lang='lat' dir='ltr'><strong>.qui</strong></span> <span class='ocrx_word' id='word_1_519' title='bbox 1445 4367 1709 4420; x_wconf 88' lang='lat' dir='ltr'><strong>rationem</strong></span> <span class='ocrx_word' id='word_1_520' title='bbox 1741 4367 1812 4422; x_wconf 78' lang='lat' dir='ltr'><strong>ab</strong></span> <span class='ocrx_word' id='word_1_521' title='bbox 1845 4367 1991 4421; x_wconf 81' lang='lat' dir='ltr'><strong>omni</strong></span> 
     </span>
    </p>
   </div>
   <div class='ocr_carea' id='block_1_74' title="bbox 434 4437 1989 4525">
    <p class='ocr_par' dir='ltr' id='par_1_74' title="bbox 434 4437 1989 4525">
     <span class='ocr_line' id='line_1_74' title="bbox 434 4437 1989 4525; baseline 0.001 -15"><span class='ocrx_word' id='word_1_522' title='bbox 434 4437 784 4510; x_wconf 88' lang='lat' dir='ltr'><strong>mendacium</strong></span> <span class='ocrx_word' id='word_1_523' title='bbox 816 4453 1130 4525; x_wconf 71' lang='lat' dir='ltr'><strong>profbrente</strong></span> <span class='ocrx_word' id='word_1_524' title='bbox 1156 4465 1425 4524; x_wconf 79' lang='lat' dir='ltr'><strong>reposcet.</strong></span> <span class='ocrx_word' id='word_1_525' title='bbox 1457 4455 1567 4511; x_wconf 85' lang='lat' dir='ltr'><strong>Nos</strong></span> <span class='ocrx_word' id='word_1_526' title='bbox 1598 4458 1745 4511; x_wconf 89' lang='lat' dir='ltr'><strong>enim</strong></span> <span class='ocrx_word' id='word_1_527' title='bbox 1783 4459 1989 4513; x_wconf 90' lang='lat' dir='ltr'><strong>inimici</strong></span> 
     </span>
    </p>
   </div>
   <div class='ocr_carea' id='block_1_75' title="bbox 427 4547 1990 4618">
    <p class='ocr_par' dir='ltr' id='par_1_75' title="bbox 427 4547 1990 4618">
     <span class='ocr_line' id='line_1_75' title="bbox 427 4547 1990 4618; baseline 0.001 -15"><span class='ocrx_word' id='word_1_528' title='bbox 427 4549 580 4616; x_wconf 86' lang='lat' dir='ltr'><strong>pacis</strong></span> <span class='ocrx_word' id='word_1_529' title='bbox 605 4562 728 4602; x_wconf 85' lang='lat' dir='ltr'><strong>esse</strong></span> <span class='ocrx_word' id='word_1_530' title='bbox 761 4563 861 4602; x_wconf 88' lang='lat' dir='ltr'><strong>nec</strong></span> <span class='ocrx_word' id='word_1_531' title='bbox 897 4547 1188 4603; x_wconf 90' lang='lat' dir='ltr'><strong>habuimus</strong></span> <span class='ocrx_word' id='word_1_532' title='bbox 1213 4589 1227 4614; x_wconf 93' lang='lat'><strong>,</strong></span> <span class='ocrx_word' id='word_1_533' title='bbox 1263 4562 1364 4602; x_wconf 88' lang='lat' dir='ltr'><strong>nec</strong></span> <span class='ocrx_word' id='word_1_534' title='bbox 1399 4548 1726 4603; x_wconf 84' lang='lat' dir='ltr'><strong>habebimus</strong></span> <span class='ocrx_word' id='word_1_535' title='bbox 1752 4565 1990 4618; x_wconf 82' lang='lat' dir='ltr'><strong>unquam</strong></span> 
     </span>
    </p>
   </div>
   <div class='ocr_carea' id='block_1_76' title="bbox 426 4638 1991 4709">
    <p class='ocr_par' dir='ltr' id='par_1_76' title="bbox 426 4638 1991 4709">
     <span class='ocr_line' id='line_1_76' title="bbox 426 4638 1991 4709; baseline 0.001 -15"><span class='ocrx_word' id='word_1_536' title='bbox 426 4641 483 4694; x_wconf 90' lang='lat' dir='ltr'><strong>in</strong></span> <span class='ocrx_word' id='word_1_537' title='bbox 519 4639 742 4705; x_wconf 88' lang='lat' dir='ltr'><strong>animo;</strong></span> <span class='ocrx_word' id='word_1_538' title='bbox 777 4653 902 4692; x_wconf 87' lang='lat' dir='ltr'><strong>nam</strong></span> <span class='ocrx_word' id='word_1_539' title='bbox 950 4638 994 4694; x_wconf 88' lang='lat' dir='ltr'><strong>si</strong></span> <span class='ocrx_word' id='word_1_540' title='bbox 1039 4653 1228 4709; x_wconf 84' lang='lat' dir='ltr'><strong>pacem</strong></span> <span class='ocrx_word' id='word_1_541' title='bbox 1274 4639 1608 4705; x_wconf 86' lang='lat' dir='ltr'><strong>amittamus,</strong></span> <span class='ocrx_word' id='word_1_542' title='bbox 1662 4646 1847 4697; x_wconf 82' lang='lat' dir='ltr'><strong>hostes</strong></span> <span class='ocrx_word' id='word_1_543' title='bbox 1872 4643 1991 4696; x_wconf 85' lang='lat' dir='ltr'><strong>illo-</strong></span> 
     </span>
    </p>
   </div>
   <div class='ocr_carea' id='block_1_77' title="bbox 426 4730 1994 4800">
    <p class='ocr_par' dir='ltr' id='par_1_77' title="bbox 426 4730 1994 4800">
     <span class='ocr_line' id='line_1_77' title="bbox 426 4730 1994 4800; baseline 0.003 -17"><span class='ocrx_word' id='word_1_544' title='bbox 426 4745 550 4783; x_wconf 88' lang='lat' dir='ltr'><strong>rum</strong></span> <span class='ocrx_word' id='word_1_545' title='bbox 583 4730 811 4798; x_wconf 85' lang='lat' dir='ltr'><strong>erimus,</strong></span> <span class='ocrx_word' id='word_1_546' title='bbox 846 4731 1046 4800; x_wconf 87' lang='lat' dir='ltr'><strong>quibus</strong></span> <span class='ocrx_word' id='word_1_547' title='bbox 1072 4745 1099 4784; x_wconf 72' lang='grc' dir='ltr'><strong>ε</strong></span> <span class='ocrx_word' id='word_1_548' title='bbox 1127 4730 1580 4786; x_wconf 64' lang='grc' dir='ltr'><em>Οιιτίειονὰίοωηι</em></span> <span class='ocrx_word' id='word_1_549' title='bbox 1621 4740 1740 4788; x_wconf 86' lang='lat' dir='ltr'><strong>est:</strong></span> <span class='ocrx_word' id='word_1_550' title='bbox 1771 4731 1887 4787; x_wconf 71' lang='lat' dir='ltr'><strong>Pax</strong></span> <span class='ocrx_word' id='word_1_551' title='bbox 1903 4750 1994 4788; x_wconf 79' lang='lat' dir='ltr'><strong>uo-</strong></span> 
     </span>
    </p>
   </div>
   <div class='ocr_carea' id='block_1_78' title="bbox 427 4817 1992 4888">
    <p class='ocr_par' dir='ltr' id='par_1_78' title="bbox 427 4817 1992 4888">
     <span class='ocr_line' id='line_1_78' title="bbox 427 4817 1992 4888; baseline 0.004 -18"><span class='ocrx_word' id='word_1_552' title='bbox 427 4817 527 4883; x_wconf 80' lang='lat' dir='ltr'><strong>bis,</strong></span> <span class='ocrx_word' id='word_1_553' title='bbox 549 4819 642 4872; x_wconf 86' lang='lat' dir='ltr'><strong>sed</strong></span> <span class='ocrx_word' id='word_1_554' title='bbox 669 4818 806 4872; x_wconf 86' lang='lat' dir='ltr'><strong>hanc</strong></span> <span class='ocrx_word' id='word_1_555' title='bbox 828 4829 1014 4873; x_wconf 86' lang='lat' dir='ltr'><strong>tenere</strong></span> <span class='ocrx_word' id='word_1_556' title='bbox 1044 4819 1293 4874; x_wconf 86' lang='lat' dir='ltr'><strong>volumus</strong></span> <span class='ocrx_word' id='word_1_557' title='bbox 1310 4833 1362 4874; x_wconf 87' lang='lat' dir='ltr'><strong>et</strong></span> <span class='ocrx_word' id='word_1_558' title='bbox 1378 4821 1646 4888; x_wconf 71' lang='lat' dir='ltr'><strong>Optamus.</strong></span> <span class='ocrx_word' id='word_1_559' title='bbox 1668 4820 1867 4876; x_wconf 86' lang='lat' dir='ltr'><strong>Potens</strong></span> <span class='ocrx_word' id='word_1_560' title='bbox 1895 4837 1992 4876; x_wconf 89' lang='lat' dir='ltr'><strong>au-</strong></span> 
     </span>
    </p>
   </div>
   <div class='ocr_carea' id='block_1_79' title="bbox 425 4908 1990 4980">
    <p class='ocr_par' dir='ltr' id='par_1_79' title="bbox 425 4908 1990 4980">
     <span class='ocr_line' id='line_1_79' title="bbox 425 4908 1990 4980; baseline 0.003 -19"><span class='ocrx_word' id='word_1_561' title='bbox 425 4916 533 4961; x_wconf 90' lang='lat' dir='ltr'><strong>tem</strong></span> <span class='ocrx_word' id='word_1_562' title='bbox 599 4917 684 4962; x_wconf 90' lang='lat' dir='ltr'><strong>est</strong></span> <span class='ocrx_word' id='word_1_563' title='bbox 747 4908 886 4963; x_wconf 80' lang='lat' dir='ltr'><strong>Deus</strong></span> <span class='ocrx_word' id='word_1_564' title='bbox 935 4923 1119 4978; x_wconf 87' lang='lat' dir='ltr'><strong>pacem</strong></span> <span class='ocrx_word' id='word_1_565' title='bbox 1183 4910 1387 4964; x_wconf 87' lang='lat' dir='ltr'><strong>donare</strong></span> <span class='ocrx_word' id='word_1_566' title='bbox 1419 4919 1473 4964; x_wconf 88' lang='lat' dir='ltr'><strong>et</strong></span> <span class='ocrx_word' id='word_1_567' title='bbox 1521 4915 1847 4967; x_wconf 81' lang='lat' dir='ltr'><strong>continuare</strong></span> <span class='ocrx_word' id='word_1_568' title='bbox 1895 4927 1990 4980; x_wconf 87' lang='lat' dir='ltr'><strong>per</strong></span> 
     </span>
    </p>
   </div>
   <div class='ocr_carea' id='block_1_80' title="bbox 427 4998 1985 5058">
    <p class='ocr_par' dir='ltr' id='par_1_80' title="bbox 427 4998 1985 5058">
     <span class='ocr_line' id='line_1_80' title="bbox 427 4998 1985 5058; baseline 0.003 -7"><span class='ocrx_word' id='word_1_569' title='bbox 427 5001 736 5053; x_wconf 83' lang='lat' dir='ltr'><strong>universam</strong></span> <span class='ocrx_word' id='word_1_570' title='bbox 771 4998 1067 5056; x_wconf 80' lang='lat' dir='ltr'><strong>Ecclesiam</strong></span> <span class='ocrx_word' id='word_1_571' title='bbox 1099 5015 1254 5054; x_wconf 88' lang='lat' dir='ltr'><strong>suam</strong></span> <span class='ocrx_word' id='word_1_572' title='bbox 1284 5019 1297 5055; x_wconf 90' lang='lat'>:</span> <span class='ocrx_word' id='word_1_573' title='bbox 1333 5011 1393 5056; x_wconf 87' lang='lat' dir='ltr'><strong>ut</strong></span> <span class='ocrx_word' id='word_1_574' title='bbox 1432 5017 1623 5058; x_wconf 87' lang='lat' dir='ltr'><strong>omnes</strong></span> <span class='ocrx_word' id='word_1_575' title='bbox 1653 5003 1985 5056; x_wconf 89' lang='lat' dir='ltr'><strong>unanimiter</strong></span> 
     </span>
    </p>
   </div>
   <div class='ocr_carea' id='block_1_81' title="bbox 428 5091 1987 5161">
    <p class='ocr_par' dir='ltr' id='par_1_81' title="bbox 428 5091 1987 5161">
     <span class='ocr_line' id='line_1_81' title="bbox 428 5091 1987 5161; baseline 0.003 -17"><span class='ocrx_word' id='word_1_576' title='bbox 428 5091 569 5144; x_wconf 53' lang='lat' dir='ltr'><strong>idem</strong></span> <span class='ocrx_word' id='word_1_577' title='bbox 602 5091 905 5146; x_wconf 87' lang='lat' dir='ltr'><strong>sentientes</strong></span> <span class='ocrx_word' id='word_1_578' title='bbox 934 5100 987 5145; x_wconf 90' lang='lat' dir='ltr'><strong>et</strong></span> <span class='ocrx_word' id='word_1_579' title='bbox 1013 5092 1350 5161; x_wconf 82' lang='lat' dir='ltr'><strong>profitentes,</strong></span> <span class='ocrx_word' id='word_1_580' title='bbox 1380 5093 1599 5149; x_wconf 84' lang='lat' dir='ltr'><strong>Christo</strong></span> <span class='ocrx_word' id='word_1_581' title='bbox 1623 5093 1755 5158; x_wconf 88' lang='lat' dir='ltr'><strong>Deo,</strong></span> <span class='ocrx_word' id='word_1_582' title='bbox 1783 5094 1871 5148; x_wconf 87' lang='lat' dir='ltr'><strong>cui</strong></span> <span class='ocrx_word' id='word_1_583' title='bbox 1907 5095 1987 5149; x_wconf 87' lang='lat' dir='ltr'><strong>sic</strong></span> 
     </span>
    </p>
   </div>
   <div class='ocr_carea' id='block_1_82' title="bbox 425 5181 1984 5255">
    <p class='ocr_par' dir='ltr' id='par_1_82' title="bbox 425 5181 1984 5255">
     <span class='ocr_line' id='line_1_82' title="bbox 425 5181 1984 5255; baseline 0.001 -21"><span class='ocrx_word' id='word_1_584' title='bbox 425 5181 681 5248; x_wconf 79' lang='lat' dir='ltr'><strong>placitum</strong></span> <span class='ocrx_word' id='word_1_585' title='bbox 711 5189 796 5236; x_wconf 87' lang='lat' dir='ltr'><strong>est</strong></span> <span class='ocrx_word' id='word_1_586' title='bbox 819 5221 834 5245; x_wconf 94' lang='lat'><strong>,</strong></span> <span class='ocrx_word' id='word_1_587' title='bbox 861 5182 1090 5252; x_wconf 77' lang='lat' dir='ltr'><strong>gloriam</strong></span> <span class='ocrx_word' id='word_1_588' title='bbox 1125 5185 1454 5250; x_wconf 85' lang='lat' dir='ltr'><strong>tribuamus,</strong></span> <span class='ocrx_word' id='word_1_589' title='bbox 1511 5185 1767 5255; x_wconf 87' lang='lat' dir='ltr'><strong>quoniam</strong></span> <span class='ocrx_word' id='word_1_590' title='bbox 1803 5185 1984 5253; x_wconf 87' lang='lat' dir='ltr'><strong>ipsum</strong></span> 
     </span>
    </p>
   </div>
   <div class='ocr_carea' id='block_1_83' title="bbox 425 5273 1350 5342">
    <p class='ocr_par' dir='ltr' id='par_1_83' title="bbox 425 5273 1350 5342">
     <span class='ocr_line' id='line_1_83' title="bbox 425 5273 1350 5342; baseline 0.011 -21"><span class='ocrx_word' id='word_1_591' title='bbox 425 5273 580 5327; x_wconf 87' lang='lat' dir='ltr'><strong>decet</strong></span> <span class='ocrx_word' id='word_1_592' title='bbox 607 5273 779 5342; x_wconf 72' lang='lat' dir='ltr'><strong>gloria</strong></span> <span class='ocrx_word' id='word_1_593' title='bbox 805 5273 860 5328; x_wconf 86' lang='lat' dir='ltr'><strong>in</strong></span> <span class='ocrx_word' id='word_1_594' title='bbox 891 5275 1115 5330; x_wconf 83' lang='lat' dir='ltr'><strong>saecula.</strong></span> <span class='ocrx_word' id='word_1_595' title='bbox 1157 5276 1350 5331; x_wconf 85' lang='lat' dir='ltr'><strong>Amen.</strong></span> 
     </span>
    </p>
   </div>
   <div class='ocr_carea' id='block_1_84' title="bbox 496 5555 1493 5629">
    <p class='ocr_par' dir='ltr' id='par_1_84' title="bbox 496 5555 1493 5629">
     <span class='ocr_line' id='line_1_84' title="bbox 496 5555 1493 5629; baseline 0.002 -15"><span class='ocrx_word' id='word_1_596' title='bbox 496 5555 541 5588; x_wconf 69' lang='grc'><strong>⁸⁵</strong></span> <span class='ocrx_word' id='word_1_597' title='bbox 571 5556 750 5615; x_wconf 83' lang='lat' dir='ltr'><strong>Galat.</strong></span> <span class='ocrx_word' id='word_1_598' title='bbox 785 5573 832 5628; x_wconf 87' lang='lat' dir='ltr'><strong>t,.</strong></span> <span class='ocrx_word' id='word_1_599' title='bbox 851 5561 901 5616; x_wconf 92' lang='lat'><strong>8.</strong></span> <span class='ocrx_word' id='word_1_600' title='bbox 991 5562 1035 5595; x_wconf 70' lang='grc'>⁸³</span> <span class='ocrx_word' id='word_1_601' title='bbox 1057 5562 1098 5617; x_wconf 84' lang='lat' dir='ltr'><strong>II</strong></span> <span class='ocrx_word' id='word_1_602' title='bbox 1123 5561 1282 5617; x_wconf 82' lang='lat' dir='ltr'><strong>Joan.</strong></span> <span class='ocrx_word' id='word_1_603' title='bbox 1325 5579 1377 5629; x_wconf 73' lang='grc' dir='ltr'><em>χ,</em></span> <span class='ocrx_word' id='word_1_604' title='bbox 1410 5564 1493 5616; x_wconf 86' lang='lat' dir='ltr'><strong>H.</strong></span> 
     </span>
    </p>
   </div>
   <div class='ocr_carea' id='block_1_85' title="bbox 2122 3175 3665 3248">
    <p class='ocr_par' dir='ltr' id='par_1_85' title="bbox 2122 3175 3665 3248">
     <span class='ocr_line' id='line_1_85' title="bbox 2122 3175 3665 3248; baseline 0.005 -22"><span class='ocrx_word' id='word_1_605' title='bbox 2122 3175 2448 3227; x_wconf 85' lang='grc' dir='ltr'><em>Ἀποστόλου</em></span> <span class='ocrx_word' id='word_1_606' title='bbox 2497 3175 2743 3229; x_wconf 83' lang='grc' dir='ltr'><em>οἰταῦτα</em></span> <span class='ocrx_word' id='word_1_607' title='bbox 2791 3176 3094 3245; x_wconf 80' lang='grc' dir='ltr'><em>ἐκθέμενοι,</em></span> <span class='ocrx_word' id='word_1_608' title='bbox 3147 3178 3241 3230; x_wconf 82' lang='grc' dir='ltr'><em>καὶ</em></span> <span class='ocrx_word' id='word_1_609' title='bbox 3287 3180 3444 3248; x_wconf 76' lang='grc' dir='ltr'><em>ἡμεῖς</em></span> <span class='ocrx_word' id='word_1_610' title='bbox 3479 3180 3665 3246; x_wconf 82' lang='grc' dir='ltr'><em>ἐσμεν.</em></span> 
     </span>
    </p>
   </div>
   <div class='ocr_carea' id='block_1_86' title="bbox 2111 3265 3668 3340">
    <p class='ocr_par' dir='ltr' id='par_1_86' title="bbox 2111 3265 3668 3340">
     <span class='ocr_line' id='line_1_86' title="bbox 2111 3265 3668 3340; baseline 0.004 -23"><span class='ocrx_word' id='word_1_611' title='bbox 2111 3265 2254 3319; x_wconf 88' lang='grc' dir='ltr'><em>Ὅσα</em></span> <span class='ocrx_word' id='word_1_612' title='bbox 2284 3265 2340 3316; x_wconf 82' lang='grc' dir='ltr'><em>δὲ</em></span> <span class='ocrx_word' id='word_1_613' title='bbox 2367 3267 2430 3317; x_wconf 83' lang='grc' dir='ltr'><em>ὲκ</em></span> <span class='ocrx_word' id='word_1_614' title='bbox 2456 3265 2564 3318; x_wconf 89' lang='grc' dir='ltr'><strong>τῶν</strong></span> <span class='ocrx_word' id='word_1_615' title='bbox 2589 3266 2962 3321; x_wconf 78' lang='grc' dir='ltr'><em>ἀποστολικῶν</em></span> <span class='ocrx_word' id='word_1_616' title='bbox 2997 3267 3328 3322; x_wconf 79' lang='grc' dir='ltr'><em>Ἐπιστολῶν</em></span> <span class='ocrx_word' id='word_1_617' title='bbox 3357 3268 3480 3323; x_wconf 83' lang='grc' dir='ltr'><em>καθ’</em></span> <span class='ocrx_word' id='word_1_618' title='bbox 3513 3269 3668 3340; x_wconf 85' lang='grc' dir='ltr'><em>ήμῶν</em></span> 
     </span>
    </p>
   </div>
   <div class='ocr_carea' id='block_1_87' title="bbox 2108 3359 3668 3432">
    <p class='ocr_par' dir='ltr' id='par_1_87' title="bbox 2108 3359 3668 3432">
     <span class='ocr_line' id='line_1_87' title="bbox 2108 3359 3668 3432; baseline 0.004 -22"><span class='ocrx_word' id='word_1_619' title='bbox 2108 3359 2396 3428; x_wconf 82' lang='grc' dir='ltr'><em>προφέρει,</em></span> <span class='ocrx_word' id='word_1_620' title='bbox 2451 3359 2512 3411; x_wconf 83' lang='grc' dir='ltr'><em>οὐ</em></span> <span class='ocrx_word' id='word_1_621' title='bbox 2571 3359 2940 3426; x_wconf 88' lang='grc' dir='ltr'><em>συμϐάλλουσι</em></span> <span class='ocrx_word' id='word_1_622' title='bbox 2987 3360 3121 3430; x_wconf 86' lang='grc' dir='ltr'><em>πρὸς</em></span> <span class='ocrx_word' id='word_1_623' title='bbox 3177 3363 3344 3431; x_wconf 72' lang='grc' dir='ltr'><em>ἡμᾶς.</em></span> <span class='ocrx_word' id='word_1_624' title='bbox 3398 3363 3510 3426; x_wconf 82' lang='grc' dir='ltr'><strong>Τάς</strong></span> <span class='ocrx_word' id='word_1_625' title='bbox 3557 3365 3668 3432; x_wconf 86' lang='grc' dir='ltr'><em>γὰρ</em></span> 
     </span>
    </p>
   </div>
   <div class='ocr_carea' id='block_1_88' title="bbox 2107 3449 3670 3522">
    <p class='ocr_par' dir='ltr' id='par_1_88' title="bbox 2107 3449 3670 3522">
     <span class='ocr_line' id='line_1_88' title="bbox 2107 3449 3670 3522; baseline 0.003 -20"><span class='ocrx_word' id='word_1_626' title='bbox 2107 3449 2436 3517; x_wconf 84' lang='grc' dir='ltr'><em>παραδόσεις</em></span> <span class='ocrx_word' id='word_1_627' title='bbox 2474 3449 2584 3501; x_wconf 86' lang='grc' dir='ltr'><strong>τῶν</strong></span> <span class='ocrx_word' id='word_1_628' title='bbox 2617 3450 2952 3514; x_wconf 81' lang='grc' dir='ltr'><em>ἀποστόλων,</em></span> <span class='ocrx_word' id='word_1_629' title='bbox 2995 3452 3092 3513; x_wconf 87' lang='grc' dir='ltr'><strong>τάς</strong></span> <span class='ocrx_word' id='word_1_630' title='bbox 3115 3468 3174 3503; x_wconf 88' lang='grc' dir='ltr'><strong>τε</strong></span> <span class='ocrx_word' id='word_1_631' title='bbox 3215 3453 3529 3522; x_wconf 78' lang='grc' dir='ltr'><em>ἐγγράφους</em></span> <span class='ocrx_word' id='word_1_632' title='bbox 3567 3456 3670 3508; x_wconf 72' lang='grc' dir='ltr'><em>καὶ·</em></span> 
     </span>
    </p>
   </div>
   <div class='ocr_carea' id='block_1_89' title="bbox 2105 3539 3666 3612">
    <p class='ocr_par' dir='ltr' id='par_1_89' title="bbox 2105 3539 3666 3612">
     <span class='ocr_line' id='line_1_89' title="bbox 2105 3539 3666 3612; baseline 0.003 -20"><span class='ocrx_word' id='word_1_633' title='bbox 2105 3539 2409 3608; x_wconf 79' lang='grc' dir='ltr'><em>ἀγράφους,</em></span> <span class='ocrx_word' id='word_1_634' title='bbox 2437 3540 2556 3602; x_wconf 87' lang='grc' dir='ltr'><em>ταῖς</em></span> <span class='ocrx_word' id='word_1_635' title='bbox 2580 3540 2764 3608; x_wconf 76' lang='grc' dir='ltr'><em>εὐχαῖς</em></span> <span class='ocrx_word' id='word_1_636' title='bbox 2795 3540 2978 3594; x_wconf 86' lang='grc' dir='ltr'><em>αὐτῶν</em></span> <span class='ocrx_word' id='word_1_637' title='bbox 3016 3541 3397 3612; x_wconf 82' lang='grc' dir='ltr'><em>στηριζόμενοι</em></span> <span class='ocrx_word' id='word_1_638' title='bbox 3429 3543 3666 3612; x_wconf 81' lang='grc' dir='ltr'><em>βεϐαίως</em></span> 
     </span>
    </p>
   </div>
   <div class='ocr_carea' id='block_1_90' title="bbox 2105 3629 3659 3701">
    <p class='ocr_par' dir='ltr' id='par_1_90' title="bbox 2105 3629 3659 3701">
     <span class='ocr_line' id='line_1_90' title="bbox 2105 3629 3659 3701; baseline 0.005 -19"><span class='ocrx_word' id='word_1_639' title='bbox 2105 3630 2430 3700; x_wconf 82' lang='grc' dir='ltr'><em>κατέχομεν,</em></span> <span class='ocrx_word' id='word_1_640' title='bbox 2458 3631 2538 3692; x_wconf 87' lang='grc' dir='ltr'><strong>εἰς</strong></span> <span class='ocrx_word' id='word_1_641' title='bbox 2568 3629 2775 3698; x_wconf 84' lang='grc' dir='ltr'><em>Τριάδα</em></span> <span class='ocrx_word' id='word_1_642' title='bbox 2828 3631 3178 3695; x_wconf 83' lang='grc' dir='ltr'><em>πιστεύοντες</em></span> <span class='ocrx_word' id='word_1_643' title='bbox 3217 3633 3527 3701; x_wconf 85' lang='grc' dir='ltr'><em>ὁμοούσιον,</em></span> <span class='ocrx_word' id='word_1_644' title='bbox 3564 3637 3659 3689; x_wconf 68' lang='grc' dir='ltr'><em>καὶ</em></span> 
     </span>
    </p>
   </div>
   <div class='ocr_carea' id='block_1_91' title="bbox 2104 3718 3664 3792">
    <p class='ocr_par' dir='ltr' id='par_1_91' title="bbox 2104 3718 3664 3792">
     <span class='ocr_line' id='line_1_91' title="bbox 2104 3718 3664 3792; baseline 0.003 -19"><span class='ocrx_word' id='word_1_645' title='bbox 2104 3720 2237 3773; x_wconf 78' lang='grc' dir='ltr'><em>Θεὸν</em></span> <span class='ocrx_word' id='word_1_646' title='bbox 2269 3718 2689 3789; x_wconf 80' lang='grc' dir='ltr'><em>σεσαρκωμένον</em></span> <span class='ocrx_word' id='word_1_647' title='bbox 2734 3721 2806 3774; x_wconf 56' lang='lat' dir='ltr'><strong>tu</strong></span> <span class='ocrx_word' id='word_1_648' title='bbox 2849 3721 2946 3791; x_wconf 84' lang='grc' dir='ltr'><em>τῆς</em></span> <span class='ocrx_word' id='word_1_649' title='bbox 2995 3723 3357 3792; x_wconf 67' lang='grc' dir='ltr'><em>ἀειπαρθένου</em></span> <span class='ocrx_word' id='word_1_650' title='bbox 3401 3725 3664 3778; x_wconf 86' lang='grc' dir='ltr'><em>Θεοτόκου</em></span> 
     </span>
    </p>
   </div>
   <div class='ocr_carea' id='block_1_92' title="bbox 2102 3810 3666 3884">
    <p class='ocr_par' dir='ltr' id='par_1_92' title="bbox 2102 3810 3666 3884">
     <span class='ocr_line' id='line_1_92' title="bbox 2102 3810 3666 3884; baseline 0.003 -21"><span class='ocrx_word' id='word_1_651' title='bbox 2102 3810 2452 3880; x_wconf 85' lang='grc' dir='ltr'><em>γεννηθέντα.</em></span> <span class='ocrx_word' id='word_1_652' title='bbox 2493 3810 2652 3864; x_wconf 81' lang='grc' dir='ltr'><em>Ἀλλά</em></span> <span class='ocrx_word' id='word_1_653' title='bbox 2677 3810 2847 3864; x_wconf 78' lang='grc' dir='ltr'><em>ταῦτα</em></span> <span class='ocrx_word' id='word_1_654' title='bbox 2877 3812 2977 3879; x_wconf 76' lang='grc' dir='ltr'><em>μὲν</em></span> <span class='ocrx_word' id='word_1_655' title='bbox 3005 3813 3220 3884; x_wconf 75' lang='grc' dir='ltr'><em>εἴρηται</em></span> <span class='ocrx_word' id='word_1_656' title='bbox 3249 3815 3308 3867; x_wconf 74' lang='grc' dir='ltr'><em>οὐ</em></span> <span class='ocrx_word' id='word_1_657' title='bbox 3340 3819 3482 3868; x_wconf 84' lang='grc' dir='ltr'><strong>κατά</strong></span> <span class='ocrx_word' id='word_1_658' title='bbox 3513 3816 3666 3884; x_wconf 83' lang='grc' dir='ltr'><em>φιλό-</em></span> 
     </span>
    </p>
   </div>
   <div class='ocr_carea' id='block_1_93' title="bbox 2103 3900 3675 3975">
    <p class='ocr_par' dir='ltr' id='par_1_93' title="bbox 2103 3900 3675 3975">
     <span class='ocr_line' id='line_1_93' title="bbox 2103 3900 3675 3975; baseline 0.004 -20"><span class='ocrx_word' id='word_1_659' title='bbox 2103 3915 2285 3955; x_wconf 86' lang='grc' dir='ltr'><em>νεικον</em></span> <span class='ocrx_word' id='word_1_660' title='bbox 2305 3900 2602 3967; x_wconf 83' lang='grc' dir='ltr'><em>ἀπόδειξιν,</em></span> <span class='ocrx_word' id='word_1_661' title='bbox 2635 3902 2754 3954; x_wconf 84' lang='grc' dir='ltr'><em>οὐδέ</em></span> <span class='ocrx_word' id='word_1_662' title='bbox 2785 3902 2894 3974; x_wconf 82' lang='grc' dir='ltr'><em>γὰρ</em></span> <span class='ocrx_word' id='word_1_663' title='bbox 2917 3903 3218 3975; x_wconf 85' lang='grc' dir='ltr'><em>βουλόμεθα</em></span> <span class='ocrx_word' id='word_1_664' title='bbox 3248 3906 3452 3973; x_wconf 76' lang='grc' dir='ltr'><em>ἐρίζειν</em></span> <span class='ocrx_word' id='word_1_665' title='bbox 3480 3925 3537 3960; x_wconf 87' lang='grc' dir='ltr'><strong>τε</strong></span> <span class='ocrx_word' id='word_1_666' title='bbox 3573 3909 3675 3961; x_wconf 73' lang='grc' dir='ltr'><strong>καί.⁴</strong></span> 
     </span>
    </p>
   </div>
   <div class='ocr_carea' id='block_1_94' title="bbox 2102 3994 3664 4072">
    <p class='ocr_par' dir='ltr' id='par_1_94' title="bbox 2102 3994 3664 4072">
     <span class='ocr_line' id='line_1_94' title="bbox 2102 3994 3664 4072; baseline 0.005 -24"><span class='ocrx_word' id='word_1_667' title='bbox 2102 3995 2448 4064; x_wconf 79' lang='grc' dir='ltr'><em>φιλονεικεῖν,</em></span> <span class='ocrx_word' id='word_1_668' title='bbox 2479 3994 2616 4048; x_wconf 83' lang='grc' dir='ltr'><em>ἀλλὰ</em></span> <span class='ocrx_word' id='word_1_669' title='bbox 2641 3997 2742 4066; x_wconf 79' lang='grc' dir='ltr'><strong>τήν</strong></span> <span class='ocrx_word' id='word_1_670' title='bbox 2771 3998 3030 4069; x_wconf 81' lang='grc' dir='ltr'><em>ἀλήθειαν</em></span> <span class='ocrx_word' id='word_1_671' title='bbox 3051 4001 3279 4070; x_wconf 75' lang='grc' dir='ltr'><em>ἐρευνᾷν</em></span> <span class='ocrx_word' id='word_1_672' title='bbox 3307 4001 3392 4054; x_wconf 79' lang='grc' dir='ltr'><em>διὰ</em></span> <span class='ocrx_word' id='word_1_673' title='bbox 3420 4003 3515 4070; x_wconf 80' lang='grc' dir='ltr'><em>τῆς</em></span> <span class='ocrx_word' id='word_1_674' title='bbox 3539 4003 3664 4072; x_wconf 80' lang='grc' dir='ltr'><em>ὁδη-</em></span> 
     </span>
    </p>
   </div>
   <div class='ocr_carea' id='block_1_95' title="bbox 2100 4085 3676 4158">
    <p class='ocr_par' dir='ltr' id='par_1_95' title="bbox 2100 4085 3676 4158">
     <span class='ocr_line' id='line_1_95' title="bbox 2100 4085 3676 4158; baseline 0.004 -21"><span class='ocrx_word' id='word_1_675' title='bbox 2100 4085 2306 4152; x_wconf 86' lang='grc' dir='ltr'><em>γούσης</em></span> <span class='ocrx_word' id='word_1_676' title='bbox 2333 4087 2464 4155; x_wconf 82' lang='grc' dir='ltr'><em>ήμῐν</em></span> <span class='ocrx_word' id='word_1_677' title='bbox 2491 4085 2643 4156; x_wconf 85' lang='grc' dir='ltr'><strong>παρά</strong></span> <span class='ocrx_word' id='word_1_678' title='bbox 2670 4086 2806 4140; x_wconf 83' lang='grc' dir='ltr'><em>Θεοῦ</em></span> <span class='ocrx_word' id='word_1_679' title='bbox 2832 4088 3087 4154; x_wconf 78' lang='grc' dir='ltr'><em>γνώσεως</em></span> <span class='ocrx_word' id='word_1_680' title='bbox 3117 4090 3213 4141; x_wconf 75' lang='grc' dir='ltr'><em>καὶ</em></span> <span class='ocrx_word' id='word_1_681' title='bbox 3238 4089 3335 4158; x_wconf 80' lang='grc' dir='ltr'><em>τῆς</em></span> <span class='ocrx_word' id='word_1_682' title='bbox 3362 4090 3468 4143; x_wconf 86' lang='grc' dir='ltr'><strong>τῶν</strong></span> <span class='ocrx_word' id='word_1_683' title='bbox 3489 4091 3676 4158; x_wconf 72' lang='grc' dir='ltr'><em>ἁγίων</em></span> 
     </span>
    </p>
   </div>
   <div class='ocr_carea' id='block_1_96' title="bbox 2097 4177 3658 4252">
    <p class='ocr_par' dir='ltr' id='par_1_96' title="bbox 2097 4177 3658 4252">
     <span class='ocr_line' id='line_1_96' title="bbox 2097 4177 3658 4252; baseline 0.003 -20"><span class='ocrx_word' id='word_1_684' title='bbox 2097 4177 2696 4243; x_wconf 57' lang='grc' dir='ltr'><em>διδασκαλίας,-οίῖτινες</em></span> <span class='ocrx_word' id='word_1_685' title='bbox 2725 4179 2793 4232; x_wconf 81' lang='grc' dir='ltr'><em>τὰ</em></span> <span class='ocrx_word' id='word_1_686' title='bbox 2835 4179 2955 4233; x_wconf 82' lang='grc' dir='ltr'><em>θεῖα</em></span> <span class='ocrx_word' id='word_1_687' title='bbox 2996 4181 3243 4250; x_wconf 76' lang='grc' dir='ltr'><em>δόγματα</em></span> <span class='ocrx_word' id='word_1_688' title='bbox 3273 4182 3658 4252; x_wconf 79' lang='grc' dir='ltr'><em>διετράνωσανο</em></span> 
     </span>
    </p>
   </div>
   <div class='ocr_carea' id='block_1_97' title="bbox 2097 4265 3665 4341">
    <p class='ocr_par' dir='ltr' id='par_1_97' title="bbox 2097 4265 3665 4341">
     <span class='ocr_line' id='line_1_97' title="bbox 2097 4265 3665 4341; baseline 0.006 -24"><span class='ocrx_word' id='word_1_689' title='bbox 2097 4266 2200 4319; x_wconf 83' lang='grc' dir='ltr'><em>οὐκ</em></span> <span class='ocrx_word' id='word_1_690' title='bbox 2226 4266 2400 4329; x_wconf 81' lang='grc' dir='ltr'><em>άλλως</em></span> <span class='ocrx_word' id='word_1_691' title='bbox 2449 4265 2766 4337; x_wconf 85' lang='grc' dir='ltr'><em>βουλόμενοι</em></span> <span class='ocrx_word' id='word_1_692' title='bbox 2803 4269 3016 4322; x_wconf 83' lang='grc' dir='ltr'><em>πείθειν</em></span> <span class='ocrx_word' id='word_1_693' title='bbox 3064 4270 3443 4341; x_wconf 75' lang='grc' dir='ltr'><em>ἀνθρώπους-η</em></span> <span class='ocrx_word' id='word_1_694' title='bbox 3489 4273 3564 4334; x_wconf 80' lang='grc' dir='ltr'><em>ὡς</em></span> <span class='ocrx_word' id='word_1_695' title='bbox 3610 4275 3665 4326; x_wconf 74' lang='grc' dir='ltr'><em>οξ</em></span> 
     </span>
    </p>
   </div>
   <div class='ocr_carea' id='block_1_98' title="bbox 2097 4355 3661 4433">
    <p class='ocr_par' dir='ltr' id='par_1_98' title="bbox 2097 4355 3661 4433">
     <span class='ocr_line' id='line_1_98' title="bbox 2097 4355 3661 4433; baseline 0.006 -25"><span class='ocrx_word' id='word_1_696' title='bbox 2097 4355 2200 4424; x_wconf 79' lang='grc' dir='ltr'><em>τῆς</em></span> <span class='ocrx_word' id='word_1_697' title='bbox 2261 4356 2590 4427; x_wconf 75' lang='grc' dir='ltr'><em>Ἐκκλησίας</em></span> <span class='ocrx_word' id='word_1_698' title='bbox 2633 4359 2920 4429; x_wconf 77' lang='grc' dir='ltr'><em>φωστῆρες</em></span> <span class='ocrx_word' id='word_1_699' title='bbox 2963 4360 3298 4416; x_wconf 83' lang='grc' dir='ltr'><em>διδάσκουσι.</em></span> <span class='ocrx_word' id='word_1_700' title='bbox 3352 4363 3580 4433; x_wconf 83' lang='grc' dir='ltr'><em>Μάρτυς</em></span> <span class='ocrx_word' id='word_1_701' title='bbox 3632 4366 3661 4417; x_wconf 86' lang='grc' dir='ltr'>ὁ</span> 
     </span>
    </p>
   </div>
   <div class='ocr_carea' id='block_1_99' title="bbox 2097 4446 3660 4522">
    <p class='ocr_par' dir='ltr' id='par_1_99' title="bbox 2097 4446 3660 4522">
     <span class='ocr_line' id='line_1_99' title="bbox 2097 4446 3660 4522; baseline 0.004 -22"><span class='ocrx_word' id='word_1_702' title='bbox 2097 4447 2204 4500; x_wconf 84' lang='grc' dir='ltr'><strong>τῶν</strong></span> <span class='ocrx_word' id='word_1_703' title='bbox 2227 4446 2448 4502; x_wconf 79' lang='grc' dir='ltr'><em>ἐννοιῶν</em></span> <span class='ocrx_word' id='word_1_704' title='bbox 2495 4449 2796 4518; x_wconf 79' lang='grc' dir='ltr'><em>Δεσπότης,</em></span> <span class='ocrx_word' id='word_1_705' title='bbox 2824 4449 2884 4514; x_wconf 80' lang='grc' dir='ltr'><em>ὃς</em></span> <span class='ocrx_word' id='word_1_706' title='bbox 2933 4451 3230 4522; x_wconf 79' lang='grc' dir='ltr'><em>ἀπαιτήσει</em></span> <span class='ocrx_word' id='word_1_707' title='bbox 3274 4453 3431 4520; x_wconf 87' lang='grc' dir='ltr'><em>λόγον</em></span> <span class='ocrx_word' id='word_1_708' title='bbox 3481 4455 3660 4510; x_wconf 87' lang='grc' dir='ltr'><em>πάντα</em></span> 
     </span>
    </p>
   </div>
   <div class='ocr_carea' id='block_1_100' title="bbox 2099 4537 3667 4615">
    <p class='ocr_par' dir='ltr' id='par_1_100' title="bbox 2099 4537 3667 4615">
     <span class='ocr_line' id='line_1_100' title="bbox 2099 4537 3667 4615; baseline 0 -25"><span class='ocrx_word' id='word_1_709' title='bbox 2099 4537 2188 4593; x_wconf 87' lang='grc' dir='ltr'><strong>τὸν</strong></span> <span class='ocrx_word' id='word_1_710' title='bbox 2215 4538 2481 4594; x_wconf 79' lang='grc' dir='ltr'><em>λαλοῦντα</em></span> <span class='ocrx_word' id='word_1_711' title='bbox 2539 4541 2600 4594; x_wconf 81' lang='grc' dir='ltr'><strong>τὸ</strong></span> <span class='ocrx_word' id='word_1_712' title='bbox 2645 4540 2864 4611; x_wconf 80' lang='grc' dir='ltr'><em>ψεῦδος.</em></span> <span class='ocrx_word' id='word_1_713' title='bbox 2918 4542 3030 4595; x_wconf 76' lang='grc' dir='ltr'><strong>Καὶ</strong></span> <span class='ocrx_word' id='word_1_714' title='bbox 3061 4543 3170 4614; x_wconf 83' lang='grc' dir='ltr'><em>γὰρ</em></span> <span class='ocrx_word' id='word_1_715' title='bbox 3205 4543 3390 4613; x_wconf 77' lang='grc' dir='ltr'><em>ἐχθροὶ</em></span> <span class='ocrx_word' id='word_1_716' title='bbox 3433 4545 3667 4615; x_wconf 78' lang='grc' dir='ltr'><em>εἰρήνης.</em></span> 
     </span>
    </p>
   </div>
   <div class='ocr_carea' id='block_1_101' title="bbox 2097 4627 3654 4704">
    <p class='ocr_par' dir='ltr' id='par_1_101' title="bbox 2097 4627 3654 4704">
     <span class='ocr_line' id='line_1_101' title="bbox 2097 4627 3654 4704; baseline 0.003 -23"><span class='ocrx_word' id='word_1_717' title='bbox 2097 4627 2222 4682; x_wconf 74' lang='grc' dir='ltr'><em>οὔτε</em></span> <span class='ocrx_word' id='word_1_718' title='bbox 2275 4630 2648 4700; x_wconf 77' lang='grc' dir='ltr'><em>ἠθελήσαμεν,</em></span> <span class='ocrx_word' id='word_1_719' title='bbox 2684 4629 2810 4684; x_wconf 76' lang='grc' dir='ltr'><em>οὔτε</em></span> <span class='ocrx_word' id='word_1_720' title='bbox 2842 4632 2970 4684; x_wconf 87' lang='grc' dir='ltr'><strong>ποτέ</strong></span> <span class='ocrx_word' id='word_1_721' title='bbox 3026 4631 3328 4704; x_wconf 81' lang='grc' dir='ltr'><em>θελήσομεν</em></span> <span class='ocrx_word' id='word_1_722' title='bbox 3359 4634 3614 4702; x_wconf 85' lang='grc' dir='ltr'><em>γενέσθαι</em></span> <span class='ocrx_word' id='word_1_723' title='bbox 3639 4651 3654 4667; x_wconf 79' lang='grc' dir='ltr'><strong>ο</strong></span> 
     </span>
    </p>
   </div>
   <div class='ocr_carea' id='block_1_102' title="bbox 2096 4719 3657 4794">
    <p class='ocr_par' dir='ltr' id='par_1_102' title="bbox 2096 4719 3657 4794">
     <span class='ocr_line' id='line_1_102' title="bbox 2096 4719 3657 4794; baseline 0.004 -23"><span class='ocrx_word' id='word_1_724' title='bbox 2096 4720 2191 4772; x_wconf 74' lang='grc' dir='ltr'><em>ἐὰν</em></span> <span class='ocrx_word' id='word_1_725' title='bbox 2213 4719 2321 4790; x_wconf 84' lang='grc' dir='ltr'><em>γὰρ</em></span> <span class='ocrx_word' id='word_1_726' title='bbox 2345 4721 2442 4789; x_wconf 84' lang='grc' dir='ltr'><em>τὴν</em></span> <span class='ocrx_word' id='word_1_727' title='bbox 2465 4721 2691 4790; x_wconf 80' lang='grc' dir='ltr'><em>εἰρήνην</em></span> <span class='ocrx_word' id='word_1_728' title='bbox 2709 4721 3087 4792; x_wconf 87' lang='grc' dir='ltr'><em>ἀπολέσωμεν,</em></span> <span class='ocrx_word' id='word_1_729' title='bbox 3113 4721 3297 4794; x_wconf 80' lang='grc' dir='ltr'><em>ἐχθροί</em></span> <span class='ocrx_word' id='word_1_730' title='bbox 3321 4724 3487 4791; x_wconf 85' lang='grc' dir='ltr'><em>ἐσμεν</em></span> <span class='ocrx_word' id='word_1_731' title='bbox 3515 4725 3657 4777; x_wconf 82' lang='grc' dir='ltr'><em>ἐκεί-</em></span> 
     </span>
    </p>
   </div>
   <div class='ocr_carea' id='block_1_103' title="bbox 2096 4811 3655 4885">
    <p class='ocr_par' dir='ltr' id='par_1_103' title="bbox 2096 4811 3655 4885">
     <span class='ocr_line' id='line_1_103' title="bbox 2096 4811 3655 4885; baseline 0.003 -22"><span class='ocrx_word' id='word_1_732' title='bbox 2096 4828 2202 4864; x_wconf 88' lang='grc' dir='ltr'><strong>νων</strong></span> <span class='ocrx_word' id='word_1_733' title='bbox 2232 4811 2340 4864; x_wconf 90' lang='grc' dir='ltr'><strong>τῶν</strong></span> <span class='ocrx_word' id='word_1_734' title='bbox 2366 4811 2718 4866; x_wconf 85' lang='grc' dir='ltr'><em>ἀκουσάντων</em></span> <span class='ocrx_word' id='word_1_735' title='bbox 2745 4813 2894 4883; x_wconf 87' lang='grc' dir='ltr'><strong>παρά</strong></span> <span class='ocrx_word' id='word_1_736' title='bbox 2923 4814 3184 4884; x_wconf 83' lang='grc' dir='ltr'><em>Χριστοῦ·</em></span> <span class='ocrx_word' id='word_1_737' title='bbox 3211 4816 3451 4884; x_wconf 64' lang='grc' dir='ltr'><em>Εἰρήνηυ</em></span> <span class='ocrx_word' id='word_1_738' title='bbox 3472 4815 3617 4885; x_wconf 83' lang='grc' dir='ltr'><em>ὑμῖν</em></span> <span class='ocrx_word' id='word_1_739' title='bbox 3640 4834 3655 4849; x_wconf 81' lang='grc' dir='ltr'><strong><em>ο</em></strong></span> 
     </span>
    </p>
   </div>
   <div class='ocr_carea' id='block_1_104' title="bbox 2097 4899 3654 4974">
    <p class='ocr_par' dir='ltr' id='par_1_104' title="bbox 2097 4899 3654 4974">
     <span class='ocr_line' id='line_1_104' title="bbox 2097 4899 3654 4974; baseline 0.003 -22"><span class='ocrx_word' id='word_1_740' title='bbox 2097 4899 2462 4969; x_wconf 69' lang='grc' dir='ltr'><em>ἀλλὰιταύτην</em></span> <span class='ocrx_word' id='word_1_741' title='bbox 2494 4900 2722 4970; x_wconf 89' lang='grc' dir='ltr'><em>θέλομεν</em></span> <span class='ocrx_word' id='word_1_742' title='bbox 2752 4904 2847 4955; x_wconf 71' lang='grc' dir='ltr'><em>καὶ</em></span> <span class='ocrx_word' id='word_1_743' title='bbox 2871 4903 3141 4973; x_wconf 83' lang='grc' dir='ltr'><em>ποθοῦμεν</em></span> <span class='ocrx_word' id='word_1_744' title='bbox 3192 4906 3466 4974; x_wconf 82' lang='grc' dir='ltr'><em>κατέχειν·</em></span> <span class='ocrx_word' id='word_1_745' title='bbox 3492 4905 3654 4959; x_wconf 83' lang='grc' dir='ltr'><em>δυνα-</em></span> 
     </span>
    </p>
   </div>
   <div class='ocr_carea' id='block_1_105' title="bbox 2096 4991 3652 5065">
    <p class='ocr_par' dir='ltr' id='par_1_105' title="bbox 2096 4991 3652 5065">
     <span class='ocr_line' id='line_1_105' title="bbox 2096 4991 3652 5065; baseline 0.003 -21"><span class='ocrx_word' id='word_1_746' title='bbox 2096 4991 2186 5054; x_wconf 74' lang='grc' dir='ltr'><strong>τὸς</strong></span> <span class='ocrx_word' id='word_1_747' title='bbox 2215 4991 2270 5044; x_wconf 77' lang='grc' dir='ltr'><em>δὲ</em></span> <span class='ocrx_word' id='word_1_748' title='bbox 2300 4993 2328 5043; x_wconf 86' lang='grc' dir='ltr'>ὁ</span> <span class='ocrx_word' id='word_1_749' title='bbox 2374 4991 2507 5053; x_wconf 83' lang='grc' dir='ltr'><em>Θεὸς</em></span> <span class='ocrx_word' id='word_1_750' title='bbox 2556 4994 2778 5061; x_wconf 79' lang='grc' dir='ltr'><em>εἰρήνην</em></span> <span class='ocrx_word' id='word_1_751' title='bbox 2822 4993 3004 5046; x_wconf 87' lang='grc' dir='ltr'><em>δοῦναι</em></span> <span class='ocrx_word' id='word_1_752' title='bbox 3040 4996 3133 5046; x_wconf 72' lang='grc' dir='ltr'><em>καὶ</em></span> <span class='ocrx_word' id='word_1_753' title='bbox 3180 4997 3346 5063; x_wconf 81' lang='grc' dir='ltr'><em>πῆξαι</em></span> <span class='ocrx_word' id='word_1_754' title='bbox 3369 4998 3464 5048; x_wconf 73' lang='grc' dir='ltr'><em>καὶ</em></span> <span class='ocrx_word' id='word_1_755' title='bbox 3517 4996 3652 5065; x_wconf 85' lang='grc' dir='ltr'><em>βρα-</em></span> 
     </span>
    </p>
   </div>
   <div class='ocr_carea' id='block_1_106' title="bbox 2093 5081 3653 5156">
    <p class='ocr_par' dir='ltr' id='par_1_106' title="bbox 2093 5081 3653 5156">
     <span class='ocr_line' id='line_1_106' title="bbox 2093 5081 3653 5156; baseline 0.004 -22"><span class='ocrx_word' id='word_1_756' title='bbox 2093 5081 2285 5135; x_wconf 85' lang='grc' dir='ltr'><em>ϐεῦσαι</em></span> <span class='ocrx_word' id='word_1_757' title='bbox 2310 5083 2366 5134; x_wconf 83' lang='grc' dir='ltr'><strong>ἐν</strong></span> <span class='ocrx_word' id='word_1_758' title='bbox 2393 5081 2470 5151; x_wconf 84' lang='grc' dir='ltr'><em>τῷ</em></span> <span class='ocrx_word' id='word_1_759' title='bbox 2495 5082 2824 5152; x_wconf 74' lang='grc' dir='ltr'><em>πληρώματι</em></span> <span class='ocrx_word' id='word_1_760' title='bbox 2855 5085 2952 5151; x_wconf 82' lang='grc' dir='ltr'><em>τῆς</em></span> <span class='ocrx_word' id='word_1_761' title='bbox 2981 5085 3149 5139; x_wconf 85' lang='grc' dir='ltr'><em>αὐτοῦ</em></span> <span class='ocrx_word' id='word_1_762' title='bbox 3181 5086 3528 5156; x_wconf 77' lang='grc' dir='ltr'><em>Ἐκκλησίας,</em></span> <span class='ocrx_word' id='word_1_763' title='bbox 3568 5087 3653 5141; x_wconf 80' lang='grc' dir='ltr'><strong>ἰνα</strong></span> 
     </span>
    </p>
   </div>
   <div class='ocr_carea' id='block_1_107' title="bbox 2094 5173 3654 5248">
    <p class='ocr_par' dir='ltr' id='par_1_107' title="bbox 2094 5173 3654 5248">
     <span class='ocr_line' id='line_1_107' title="bbox 2094 5173 3654 5248; baseline 0.003 -23"><span class='ocrx_word' id='word_1_764' title='bbox 2094 5175 2294 5234; x_wconf 83' lang='grc' dir='ltr'><em>πάντες</em></span> <span class='ocrx_word' id='word_1_765' title='bbox 2318 5173 2662 5243; x_wconf 83' lang='grc' dir='ltr'><em>ὁμοθυμαδὸν</em></span> <span class='ocrx_word' id='word_1_766' title='bbox 2678 5175 2737 5228; x_wconf 92' lang='grc' dir='ltr'><strong>τὸ</strong></span> <span class='ocrx_word' id='word_1_767' title='bbox 2757 5175 2815 5228; x_wconf 85' lang='grc' dir='ltr'><em>ἒν</em></span> <span class='ocrx_word' id='word_1_768' title='bbox 2831 5175 3154 5246; x_wconf 85' lang='grc' dir='ltr'><em>φρονοῦντες</em></span> <span class='ocrx_word' id='word_1_769' title='bbox 3186 5180 3278 5230; x_wconf 74' lang='grc' dir='ltr'><em>καὶ</em></span> <span class='ocrx_word' id='word_1_770' title='bbox 3300 5178 3547 5243; x_wconf 82' lang='grc' dir='ltr'><em>λέγοντες</em></span> <span class='ocrx_word' id='word_1_771' title='bbox 3577 5179 3654 5248; x_wconf 82' lang='grc' dir='ltr'><em>τῷ</em></span> 
     </span>
    </p>
   </div>
   <div class='ocr_carea' id='block_1_108' title="bbox 2093 5263 3651 5340">
    <p class='ocr_par' dir='ltr' id='par_1_108' title="bbox 2093 5263 3651 5340">
     <span class='ocr_line' id='line_1_108' title="bbox 2093 5263 3651 5340; baseline 0.004 -24"><span class='ocrx_word' id='word_1_772' title='bbox 2093 5265 2269 5327; x_wconf 76' lang='grc' dir='ltr'><em>οὕτως</em></span> <span class='ocrx_word' id='word_1_773' title='bbox 2305 5263 2660 5318; x_wconf 73' lang='grc' dir='ltr'><em>εὐδοκήσαντι</em></span> <span class='ocrx_word' id='word_1_774' title='bbox 2690 5267 2911 5338; x_wconf 79' lang='grc' dir='ltr'><em>Χριστῷ</em></span> <span class='ocrx_word' id='word_1_775' title='bbox 2936 5269 3014 5338; x_wconf 83' lang='grc' dir='ltr'><em>τῷ</em></span> <span class='ocrx_word' id='word_1_776' title='bbox 3049 5268 3166 5339; x_wconf 83' lang='grc' dir='ltr'><strong>Θεῷ</strong></span> <span class='ocrx_word' id='word_1_777' title='bbox 3206 5270 3362 5336; x_wconf 86' lang='grc' dir='ltr'><em>δόξαν</em></span> <span class='ocrx_word' id='word_1_778' title='bbox 3401 5270 3651 5340; x_wconf 84' lang='grc' dir='ltr'><em>ἀναπέμ-</em></span> 
     </span>
    </p>
   </div>
   <div class='ocr_carea' id='block_1_109' title="bbox 2091 5357 3663 5432">
    <p class='ocr_par' dir='ltr' id='par_1_109' title="bbox 2091 5357 3663 5432">
     <span class='ocr_line' id='line_1_109' title="bbox 2091 5357 3663 5432; baseline 0.006 -24"><span class='ocrx_word' id='word_1_779' title='bbox 2091 5357 2322 5425; x_wconf 72' lang='grc' dir='ltr'><em>ψωμενσ</em></span> <span class='ocrx_word' id='word_1_780' title='bbox 2373 5359 2456 5412; x_wconf 80' lang='grc' dir='ltr'><em>ὅτι</em></span> <span class='ocrx_word' id='word_1_781' title='bbox 2507 5359 2658 5430; x_wconf 79' lang='grc' dir='ltr'><strong>αὖτῷ</strong></span> <span class='ocrx_word' id='word_1_782' title='bbox 2706 5360 2905 5432; x_wconf 82' lang='grc' dir='ltr'><em>πρέπει</em></span> <span class='ocrx_word' id='word_1_783' title='bbox 2951 5361 3076 5426; x_wconf 86' lang='grc' dir='ltr'><em>δόξα</em></span> <span class='ocrx_word' id='word_1_784' title='bbox 3123 5363 3204 5425; x_wconf 87' lang='grc' dir='ltr'><strong>εἰς</strong></span> <span class='ocrx_word' id='word_1_785' title='bbox 3246 5364 3372 5426; x_wconf 80' lang='grc' dir='ltr'><em>τοὺς</em></span> <span class='ocrx_word' id='word_1_786' title='bbox 3426 5362 3663 5426; x_wconf 68' lang='grc' dir='ltr'><em>αἰῶνας.»</em></span> 
     </span>
    </p>
   </div>
   <div class='ocr_carea' id='block_1_110' title="bbox 2104 5449 2294 5518">
    <p class='ocr_par' dir='ltr' id='par_1_110' title="bbox 2104 5449 2294 5518">
     <span class='ocr_line' id='line_1_110' title="bbox 2104 5449 2294 5518; baseline 0.005 -19"><span class='ocrx_word' id='word_1_787' title='bbox 2104 5449 2158 5499; x_wconf 78' lang='grc' dir='ltr'><strong>Ἀ</strong></span> <span class='ocrx_word' id='word_1_788' title='bbox 2170 5450 2294 5518; x_wconf 80' lang='grc' dir='ltr'><em>μήν.</em></span> 
     </span>
    </p>
   </div>
  </div>
