4102 6512
513 622 616 686 ἳθῖ
1433 616 1810 680 GREGORII
1845 617 2072 678 MAth

2184 619 2290 682 CP.
2331 619 2842 682 PATRIARCIIJE

2417 503 2579 516 -..ι-τ...-

3639 624 3752 688 208

513 735 870 803 praebeamus.
911 752 926 784 ι
965 731 1029 785 Et
1060 731 1417 786 nihilominus
1444 746 1565 796 nos,
1596 732 1845 792 veritate,
1880 738 1932 783 ct
1959 743 2077 782 mu—

2186 747 2283 800 μεν
2305 748 2317 762 ο
2349 734 2442 786 καὶ
2476 735 2638 788 πλέον
2686 734 2790 788 οὐκ
2839 732 3098 802 ἐθέλομεν
3128 731 3366 787 ἀκούειν.
3401 749 3418 782 t
3456 733 3648 787 Καίτοι
3682 751 3748 800 γε

516 841 666 889 mre,
713 826 997 895 gratiaque
1045 822 1257 876 Domini
1294 832 1346 876 et
1374 821 1687 875 Servatoris
1729 822 1904 874 nostri
1945 818 2075 873 Jesu

514 917 718 973 Christi
747 924 799 969 et
824 915 940 979 Dei,
976 923 1262 983 paternum
1295 914 1488 981 dogma
1518 911 1683 966 rebus
1734 911 1786 964 in
1821 910 2076 965 omnibus

517 1011 792 1078 integrum
845 1017 1115 1070 tenemus,
1153 1011 1204 1059 et
1233 1003 1662 1068 .conscrvamus,
1685 1010 1741 1058 ct
1771 1017 2074 1066 conserva-

521 1104 727 1168 bimus,
754 1085 818 1155 int
852 1101 1154 1170 procedens
1177 1099 1352 1152 oratio
1371 1097 1718 1165 apertissime
1751 1093 2072 1148 declarabit.

443 1217 481 1306 ἱ
521 1195 933 1270 l‘roptereaque
973 1191 1320 1260 simplicibus
1365 1186 1543 1242 verbis
1589 1187 1701 1240 haec
1727 1185 2075 1255 exponimus,

459 1279 486 1302 .⁴
521 1287 569 1306 9,-
590 1288 612 1306 λ
640 1297 700 1306 _-.
730 1287 773 1306 ιε
794 1302 803 1306 _
885 1294 926 1306 ,ι
966 1283 1259 1306 ,Ιῑ-.ε........ς
1295 1281 1452 1306 -ΑΙίΛζΑ
1529 1279 1746 1306 ἶΙΙΖηη--Α
1777 1278 2046 1306 ,ιη-ρλῑιι-ηιι

521 1287 805 1342 industriis
833 1325 849 1350 ,
879 1294 933 1339 et
961 1283 1261 1338 dictionum
1295 1281 1454 1351 plicis
1477 1319 1492 1343 ,
1529 1279 1746 1344 illisque
1777 1278 2077 1347 perobscu-

522 1380 600 1431 ris
627 1375 949 1437 eliminatis,
1005 1389 1074 1427 ne
1127 1386 1247 1440 quae
1273 1386 1301 1424 a
1333 1370 1488 1422 nobis
1519 1359 1796 1432 dicuntur,
1823 1374 1919 1420 aut
1948 1365 2080 1420 scri-

522 1467 730 1520 buntur
759 1462 1056 1532 perniciem
1079 1459 1331 1522 afferant,
1365 1459 1420 1512 in
1461 1459 1564 1511 hoc
1589 1470 1807 1525 quoque
1838 1469 2081 1510 commu-

482 1571 647 1608 .netn
709 1552 953 1607 omnium
1015 1549 1305 1603 Dominum
1362 1563 1424 1601 ac
1466 1546 1784 1614 Magistrum
1817 1545 2080 1610 aemulati,

521 1647 793 1701 dicentem
817 1661 833 1700 :
858 1643 1039 1698 Sermo
1067 1651 1114 1696 el
1137 1639 1445 1710 praedicatio
1489 1654 1553 1690 ne
1581 1639 1648 1690 sit
1681 1637 1734 1689 in
1762 1636 2081 1702 persuasibi-

521 1733 659 1786 libus
709 1732 953 1783 humana:
1004 1729 1278 1795 sapientia:
1322 1725 1511 1790 verbis,
1556 1724 1643 1779 sed
1681 1725 1733 1777 in
1789 1723 2082 1776 ostensione

528 1824 759 1894 Spiritus
798 1835 849 1877 et
880 1821 1119 1885 virtutis,
1191 1829 1247 1873 ut
1303 1819 1432 1887 ﬁdes
1463 1828 1640 1870 nostra
1674 1814 1776 1869 rion
1815 1817 1882 1869 sit
1912 1817 1964 1868 in
1996 1830 2084 1866 sa-

525 1917 723 1986 pientia
754 1915 1018 1968 hominum
1053 1952 1067 1974 ,
1099 1910 1190 1968 sed
1225 1911 1276 1964 in
1310 1911 1498 1962 virtute
1531 1909 1628 1961 Dei
1666 1909 1704 1960 ¹.
1739 1908 2082 1974 Quapropter

2185 824 2272 875 ἐπ’
2307 823 2564 895 ἀληθείας
2611 826 2707 878 καὶ
2767 824 2978 893 δωρεᾶς
3026 826 3121 876 καὶ⁶
3148 823 3368 890 χάριτος
3399 823 3494 875 τοῦ
3537 825 3747 892 Κυρίου

2187 916 2279 967 καὶ
2309 916 2556 986 Σωτῆρος
2586 916 2743 985 ἡμῶν
2787 913 2964 985 Ἰησοῦ
3013 912 3249 984 Χριστοῦ
3281 914 3374 966 καὶ
3400 913 3561 980 Θεοῦ,
3588 917 3748 986 ἡμεῖς

2186 1007 2248 1060 τὸ
2283 1008 2511 1076 πάτριον
2544 1007 2720 1076 δόγμα
2763 1007 2820 1059 ὲν
2855 1008 2990 1059 πᾶσι
3026 1005 3324 1076 τηροῦμεν,
3353 1003 3448 1058 καὶ
3487 1007 3748 1074 φυλάττο-⁸

2189 1113 2310 1166 μεν,
2363 1096 2458 1150 καὶ
2511 1096 2842 1168 φυλάξομεν,
2885 1096 2960 1160 ὡς
3017 1098 3224 1166 προῖὼν
3289 1097 3318 1148 ὁ
3360 1095 3516 1162 λόγος
3564 1112 3740 1165 παρα-

2188 1189 2373 1256 στήσει
2412 1189 2748 1257 σαφέστατα.
2791 1188 2888 1240 Διὰ
2931 1186 3093 1240 τοῦτο
3123 1185 3219 1240 καὶ
3251 1186 3308 1239 έν
3338 1186 3618 1246 ἀπλοῖκοῖς
3650 1189 3747 1256 ῥή-

2192 1297 2324 1350 μασι
2353 1281 2532 1335 ταῦτα
2560 1280 2870 1350 ἐκτίθεμεν,
2907 1279 3045 1350 μηδὲ
3071 1279 3280 1349 κομψὸν
3304 1257 3466 1348 ῥῆμα
3490 1278 3749 1340 τιθέντες,

2192 1373 2328 1441 μήτε
2383 1369 2589 1435 πλοκὰς
2639 1371 2838 1435 λέξεων
2867 1371 2948 1434 είς
2977 1370 3047 1424 τὰ
3081 1369 3264 1438 ἀσαφῆ
3336 1370 3433 1423 καὶ
3466 1368 3749 1438 δηλήματα

2189 1458 2328 1516 εἶναι
2363 1462 2431 1516 τὰ
2479 1464 2609 1531 παρ’
2650 1461 2808 1532 ἡμῶν
2849 1461 3148 1531 λεγόμενα,
3197 1460 3230 1531 ἦ
3279 1459 3621 1530 γραφόμενα,
3651 1459 3750 1510 κάν

2191 1555 2366 1623 τούτῳ
2390 1553 2480 1606 τὸν
2511 1553 2689 1606 κοινὸν
2723 1553 3054 1622 μιμούμενοι
3084 1550 3350 1617 δεσπότην
3379 1549 3472 1602 καὶ
3495 1549 3748 1601 διδάσκα-

2190 1644 2280 1697 λον
2309 1645 2610 1712 φάσκοντα,
2677 1644 2761 1696 ὅτι
2803 1642 2866 1696 '0
2898 1643 3082 1712 λόγος
3109 1641 3204 1695 καὶ
3234 1640 3300 1693 τὸ
3328 1638 3598 1707 κήρυγμὰ
3626 1655 3743 1707 μου

2190 1739 2301 1790 οὐκ
2331 1736 2400 1788 ἐν
2450 1733 2649 1791 πειθοῖ
2690 1734 3073 1804 ἀνθρωπίνης
3107 1734 3328 1802 σοφίας
3355 1733 3579 1800 λόγοις,
3606 1728 3744 1784 ἀλλ’

2189 1825 2258 1879 ἐν
2309 1825 2616 1890 ἀποδείξει
2665 1825 3004 1894 πνεύματος
3049 1824 3150 1877 καί
3202 1822 3531 1892 δυνάμεως.
3577 1821 3678 1874 ἵνα
3709 1822 3748 1886 ὴ

2193 1917 2399 1982 πίστις
2445 1916 2614 1986 ἡμῶν
2633 1917 2720 1987 μὴ
2743 1912 2785 1989 ᾖ
2813 1918 2880 1972 ἐν
2911 1916 3097 1986 σοφίᾳ
3132 1916 3473 1984 ἀνθρώπων,
3501 1915 3641 1969 ἀλλ’
3683 1914 3752 1967 ἐν

525 2022 628 2062 nos
667 2019 907 2074 quoque,
939 2003 1088 2055 illius
1109 2001 1413 2055 doctrinam
1441 2009 1751 2066 sequentes,
1778 2009 1898 2067 quae
1930 1997 2079 2050 nobis

2191 2003 2440 2076 δυόοάμὲι
2493 2000 2689 2065 Θεοῦ.’
2711 2009 2801 2063 Διδ
2845 2009 2940 2063 καὶ
2971 2011 3134 2080 ἡμεῖς
3181 2007 3437 2076 ἑπόμενοι
3465 2008 3532 2075 τῇ
3561 2004 3752 2059 τούτου

524 2099 723 2153 tradita
746 2104 876 2151 sunt
901 2111 928 2147 a
956 2093 1159 2148 Christi
1195 2091 1434 2146 Ecclesia
1461 2090 1698 2144 dicimus
1744 2099 1796 2144 et
1821 2089 2079 2158 praedica-

2189 2102 2536 2174 διδασκαλίᾳ,
2559 2102 2630 2155 τὰ
2679 2101 3054 2172 παραδοθέντα
3086 2101 3216 2170 ἡμῖν
3241 2098 3346 2152 ἀπὸ
3381 2098 3478 2165 τῆς
3521 2097 3753 2163 Ἐκκλη-

526 2206 673 2254 nius,
703 2204 811 2242 non
839 2187 1188 2242 sermonibus
1214 2184 1460 2236 venustis
1487 2183 1772 2252 scitisque,
1795 2179 2082 2248 rneque'ab

523 2279 775 2352 externis
791 2278 974 2346 petitis
1011 2272 1577 2344 argumentationibus
1606 2312 1620 2335 ,
1653 2281 1713 2324 ut
1743 2271 1948 2325 dictum
1973 2276 2078 2333 est,

525 2379 620 2430 sed
646 2388 710 2427 ex
745 2370 969 2424 Patrum
995 2367 1218 2421 monitis
1243 2376 1296 2418 ct
1317 2365 1524 2432 scripto
1555 2363 1714 2416 nobis
1745 2360 1942 2415 tradita
1972 2367 2082 2411 tra~

523 2467 750 2530 ditione,
768 2464 930 2517 verba
958 2471 1140 2515 nostra
1168 2459 1483 2526 scriptaque
1501 2454 1948 2522 comprobamns,
1980 2448 2081 2504 Pa-

525 2571 780 2627 trumque
803 2565 1117 2610 nostrorum
1153 2553 1208 2606 itt
1239 2549 1496 2605 omnibus
1517 2546 1743 2616 vestigia
1773 2545 2078 2614 sequimur,

523 2661 951 2720 sequemurque,
994 2658 1172 2712 neque
1215 2655 1454 2707 unquam
1495 2639 1656 2693 aliter
1699 2637 2083 2692 comminisce-

524 2760 647 2798 mur
683 2759 698 2795 :
729 2734 1188 2809 quemadmodum
1233 2743 1443 2784 sacram
1487 2738 1632 2782 tuam
1667 2738 1718 2782 ct
1747 2726 2079 2794 imperialem

522 2837 760 2890 animam
799 2829 1182 2898 imaginamur,
1204 2836 1258 2877 et
1283 2824 1585 2886 credimus,
1614 2833 1891 2887 nunquam
1924 2819 2081 2872 aliter

523 2941 582 2980 se
614 2925 942 2978 habituram.

591 3019 645 3070 5.
665 3016 850 3081 Neque
875 3019 1095 3086 propter
1117 3011 1180 3064 de
1207 3023 1343 3061 novo
1371 3006 1524 3060 statis
1549 3004 1879 3072 temporibus
1931 3017 2076 3071 qua)-

522 3109 726 3161 stioues
749 3113 984 3166 exortas,
1005 3109 1056 3155 et
1075 3099 1212 3152 male
1235 3096 1574 3164 opinantium
1633 3109 1766 3146 nova
1808 3108 2083 3146 commen-

525 3208 603 3259 ta,
629 3196 786 3250 ﬁdem
816 3194 977 3246 aliam
1014 3199 1234 3245 sanctos
1263 3187 1454 3241 Patres
1483 3188 1533 3239 id
1558 3185 1654 3239 invi
1687 3188 1736 3236 in
1762 3201 1925 3240 unum
1958 3198 2084 3236 eoa-

521 3298 642 3344 ctos
670 3283 1014 3356 propriorum
1041 3284 1325 3336 verborum
1360 3293 1495 3332 nova
1515 3278 1827 3332 inductione
1851 3275 2083 3330 edidisse

2186 2195 2304 2259 σίας
2337 2193 2573 2262 Χριστοῦ
2602 2175 2833 2263 λέγομέν
2865 2208 2929 2246 τε
2965 2192 3061 2245 καὶ
3091 2189 3440 2261 κηρύττομεν
3471 2188 3532 2241 ού
3564 2188 3748 2256 λόγοις

2185 2287 2421 2356 κομψοῖς
2465 2286 2558 2340 καὶ
2597 2284 2981 2354 συλλογισμοῖς
3012 2286 3076 2336 ἐκ
3124 2282 3231 2336 τῶν
3259 2281 3482 2346 ἔξωθεν,
3507 2280 3582 2341 ὡς
3614 2296 3748 2348 προ-

2185 2377 2460 2443 λέλεκται,
2491 2377 2606 2431 ἀλλ’
2664 2379 2728 2430 ὲκ
2776 2377 2878 2444 τῆς
2926 2375 3034 2429 τῶν
3083 2373 3342 2443 Πατέρων
3377 2371 3748 2432 διδασκαλίας,

2185 2469 2280 2522 καὶ
2314 2468 2410 2538 τῆς
2441 2468 2720 2540 ἐγγράφου
2757 2467 2914 2538 ἡμῶν
2941 2465 3293 2536 παραδόσεως
3324 2461 3648 2525 πιστοῦντες
3679 2462 3747 2514 τὰ

2185 2555 2316 2626 παρ’
2366 2557 2524 2626 ἡμῶν
2574 2555 2847 2625 λεγόμενά
2881 2571 2941 2607 τε
2977 2555 3071 2606 καὶ
3121 2551 3470 2623 γραφόμενα,
3504 2550 3598 2603 καὶ
3637 2551 3747 2611 τοῖς

2185 2647 2460 2717 Πατράσιν
2505 2647 2660 2718 ἡμῶν
2702 2648 2761 2701 ὲν
2807 2645 3011 2702 ᾶπασιν
3056 2643 3456 2712 άκολουθοῦμεν
3501 2642 3594 2696 καὶ
3623 2641 3751 2718 ἀκο-

2183 2714 2651 2810 λουθνήσομενξκαὶ
2671 2739 2924 2793 οὐδέποτε
2953 2737 3127 2800 ἄλλως
3152 2737 3349 2806 ἕξομεν
3373 2751 3387 2766 ⁸
3411 2731 3601 2804 ὥσπερ
3624 2714 3743 2810 ούδε

2183 2833 2282 2902 τὴν
2313 2807 2590 2903 σὴν-ἱερὰν
2641 2832 2734 2884 καὶ
2765 2829 3049 2900 βασιλικὴν
3100 2827 3278 2899 ψυχὴν
3312 2826 3601 2895 ἐννοοῦμεν
3652 2807 3746 2880 καὶ

2186 2923 2512 2991 πιστεύομεν
2547 2923 2718 2985 ἄλλως
2741 2923 2881 2988 ἕξειν
2912 2919 3149 2974 πώποτε.
3434 2917 3439 2922 ’

2255 3021 2328 3083 γ’.
2376 3014 2508 3067 Οὐδὲ
2555 3015 2644 3067 διὰ
2686 3013 2783 3075 τὰς
2811 3013 3144 3081 ἀναφυείσας
3180 3011 3320 3064 κατὰ
3356 3010 3546 3080 καιρὸν
3576 3009 3742 3077 Curi;

2187 3123 2320 3171 σεις,
2349 3103 2576 3158 καὶτῶν
2617 3102 2923 3167 κακοδόξων
2975 3101 3336 3168 καινοφωνίας
3369 3100 3534 3168 άλλην
3567 3101 3748 3152 πίστιν

2183 3201 2307 3261 τοὺς
2339 3199 2522 3264 ἁγίους
2558 3198 2806 3265 Πατέρας
2836 3194 3066 3264 ἐροῦμεν
3081 3194 3206 3248 τοὺς
3227 3191 3367 3245 κατὰ
3397 3189 3584 3260 καιρὸν
3613 3207 3739 3243 συν-

2184 3289 2446 3358 αχθέντας
2500 3288 2854 3356 πεποιηκέναι
2901 3285 2992 3338 διὰ
3067 3284 3168 3354 τῆς
3225 3281 3604 3351 έπεισαγωγῆς
3637 3280 3744 3331 τῶν

523 3377 937 3438 aﬂirmabimus,
969 3382 1029 3427 ut
1058 3381 1278 3428 sanctus
1310 3369 1576 3423 Maximus
1615 3367 1788 3437 palam
1824 3366 2079 3434 explicat,

2184 3381 2400 3444 οἰκείων
2437 3381 2716 3450 ῥημάτων,
2751 3380 2826 3442 ὡς
2853 3381 2948 3433 καὶ
2977 3380 3003 3430 ό
3034 3377 3173 3439 θεῖος
3207 3375 3456 3443 Μάξιμος
3488 3374 3744 3439 διασαφεῖ

520 3471 842 3528 cum.hunc
883 3467 937 3520 in
972 3466 1191 3520 modum
1227 3462 1479 3516 edisserit
1510 3477 1524 3513 :
1557 3482 1573 3510 ι
1611 3459 1854 3526 Namque
1901 3459 1946 3511 si
1984 3472 2080 3525 pro

520 3562 748 3615 veritate
788 3571 913 3612 vera
962 3551 1294 3610 enuntianda
1333 3561 1480 3615 sunt,
1517 3565 1706 3603 omnes
1739 3559 1858 3616 post
1905 3548 2078 3601 Nican-

519 3668 642 3707 nam
675 3650 937 3720 synodum
971 3661 1000 3700 a
1035 3648 1140 3700 Deo
1168 3644 1325 3698 electi
1349 3642 1557 3704 Patres,
1594 3641 1965 3708 universa-que
1993 3654 2080 3708 sy-

519 3744 647 3799 nodi
675 3749 821 3796 recte
847 3736 1228 3797 sentientium,
1260 3743 1314 3788 et
1337 3735 1624 3788 sanctitate
1650 3731 1942 3784 illustrium
1976 3728 2080 3781 Pa-

518 3846 690 3897 trum,
718 3847 825 3886 non
850 3830 1014 3882 aliam
1048 3825 1169 3881 ﬁdei
1189 3825 1563 3881 deﬁnitionem
1592 3820 1934 3892 propriorum
1957 3835 2078 3873 ver-

518 3927 709 3980 borum
732 3921 1004 3976 additione
1023 3932 1245 3989 prorsus
1264 3915 1782 3986 superinduxernnt,
1803 3911 1968 3966 veluti
1983 3923 2080 3964 vos

517 4015 748 4070 nimium
786 4024 1068 4081 perperam
1100 4008 1479 4076 obloquentes,
1513 4014 1566 4058 et
1607 4003 1768 4072 plane
1800 4000 2079 4060 insanien-

513 4117 598 4161 tes
645 4103 962 4165 decernitis,
994 4121 1012 4152 ι
1056 4107 1110 4154 et
1156 4115 1278 4168 quae
1319 4105 1644 4165 sequuntur,
1689 4107 1815 4162 quae
1867 4100 2076 4156 tempo-

515 4214 576 4254 re
621 4205 928 4265 opportuno
953 4193 1019 4246 ad
1061 4192 1349 4258 v‘eiitatem
1398 4198 1641 4239 nostram
1682 4177 2076 4250 explanandam

517 4289 571 4342 in
612 4287 849 4340 medium
885 4281 1238 4336 adducemus.
1268 4277 1513 4347 Namque
1531 4287 1870 4342 unaqumque
1893 4277 2078 4324 sancta

517 4391 689 4446 atque
721 4375 1056 4430 (ecumeniea
1087 4371 1324 4440 synodus
1357 4367 1750 4436 superaddidit,
1779 4363 1922 4432 quod
1956 4376 2080 4415 ver-

516 4469 600 4522 bis
631 4467 764 4536 ipsis
807 4463 952 4518 haud
981 4471 1097 4515 erat
1134 4462 1188 4514 iu
1223 4474 1374 4514 sacra
1411 4459 1692 4525 Scriptura
1737 4453 2075 4522 explicitum,

517 4559 614 4613 sed
661 4558 747 4610 illa
793 4570 888 4608 sua
919 4553 1193 4606 additione
1239 4553 1396 4605 aliam
1447 4562 1746 4614 novamque
1791 4544 1946 4599 [idem
1980 4543 2080 4597 mi—

517 4650 664 4703 nime
695 4646 1064 4706 concinnavit,
1104 4643 1228 4696 licet
1267 4641 1508 4694 additum
1560 4638 1793 4692 nulloin
1825 4636 1944 4688 loco
1984 4648 2079 4686 an-

2183 3473 2356 3538 λέγων
2385 3470 2592 3532 οὕτως’
2627 3488 2646 3522 ι
2694 3471 2757 3524 Εἰ
2783 3470 2890 3538 γάρ
2922 3470 3037 3522 ἐστι
3077 3468 3286 3537 τάληθῆ
3315 3465 3455 3535 ὑπὲρ
3484 3465 3746 3535 ἀληθείας

2183 3567 2377 3628 εἰπεῖν,
2397 3562 2592 3624 πάντες
2625 3563 2674 3615 οἱ
2712 3562 2850 3631 μετὰ
2883 3562 2980 3631 τὴν
3031 3559 3282 3613 Νικαέων
3331 3559 3598 3629 θεόκριτοι
3627 3559 3744 3610 Ila-

2181 3661 2359 3729 τέρας,
2383 3658 2480 3711 καὶ
2504 3656 2652 3708 πᾶσα
2675 3654 2890 3716 σύνοδος
2907 3651 3204 3722 ὀρθοδόξων
3227 3652 3318 3702 καὶ
3339 3649 3511 3716 ἁγίων
3532 3648 3742 3715 ἀνδρῶν
3765 3695 3767 3698 ι

2179 3752 2280 3805 οὐκ
2325 3749 2486 3804 ἄλλον
2531 3748 2767 3810 πίστεως
2816 3746 2942 3814 ὅρον
2968 3743 3055 3798 διὰ
3088 3743 3185 3811 τῆς
3220 3739 3603 3809 έπεισαγωγῆς
3635 3738 3744 3791 τῶν

2181 3843 2395 3896 οἰκείων
2430 3841 2696 3910 ῥημάτων
2739 3835 3018 3899 παντελῶς
3067 3834 3457 3900 ὲπεισήγαγον,
3485 3830 3559 3890 ὡς
3587 3830 3746 3897 ὑμεῖς

2181 3931 2549 4000 ἀποφαίνεσθε
2604 3931 2854 3983 πλεῖστον
2887 3924 3360 3997 παραληροῦντες,
3393 3922 3486 3976 καὶ
3514 3922 3574 3974 τὸ
3617 3921 3742 3972 ὅλον

2184 4025 2535 4096 μαινόμενοι·
2574 4042 2592 4076 t
2639 4022 2735 4075 καὶ
2761 4021 2827 4075 τὰ
2855 4019 2982 4089 ἑξῆς
3025 4020 3082 4071 ὲν
3115 4015 3192 4087 τῷ
3221 4016 3557 4087 προσήκοντι
3589 4013 3740 4081 τόπῳ

2181 4118 2506 4186 ἐκθήσομεν,
2558 4114 2974 4184 διατρανούντες
3002 4109 3099 4180 τὴν
3135 4109 3393 4180 ἀλήθειαν
3423 4108 3597 4178 ἡμῶν.
3635 4108 3746 4160 Καὶ

2181 4209 2291 4279 γὰρ
2317 4209 2523 4275 ἑκάστη
2556 4205 2688 4273 ἁγία
2721 4204 2819 4257 καὶ
2867 4201 3222 4273 οἰκουμενικη
3275 4199 3492 4262 σύνοδος
3543 4199 3741 4268 προσέ-

2181 4300 2370 4369 θηκεν,
2399 4299 2429 4351 δ
2460 4298 2534 4368 μὴ
2563 4297 2742 4366 ῥητῶς
2775 4295 3100 4364 προσέκειτο
3129 4295 3196 4362 τῇ
3232 4291 3353 4360 θείᾳ
3384 4282 3596 4361 Γραφῇ,
3628 4288 3743 4341 ἀλλ’

2179 4389 2278 4441 οὐκ
2325 4387 2491 4454 ἄλλην
2537 4385 2718 4437 πίστιν
2753 4383 3023 4452 πεποίηκε
3073 4381 3158 4434 διὰ
3188 4382 3286 4450 τῆς
3313 4379 3696 4446 ὲπεισαγωγῆς
3724 4395 3739 4410 ο

2183 4481 2361 4533 καίτοι
2395 4496 2458 4546 γε
2486 4477 2580 4530 τοῦ
2605 4475 2997 4545 προστεθέντος
3023 4470 3263 4542 οὐδαμοῦ
3293 4469 3741 4540 προκηρυττομέ-

2181 4589 2272 4626 νου
2320 4570 2494 4633 ὄντος.
2545 4568 2750 4621 Αὐτίκα
2803 4566 2912 4636 γὰρ
2944 4565 3003 4618 τὸ
3051 4563 3399 4631 ὀμοούσιον,
3450 4561 3478 4613 δ
3516 4561 3653 4630 μήτε
3686 4560 3744 4612 έν

2181 4665 2246 4730 τῇ
2284 4662 2403 4730 ἱερᾷ
2438 4660 2626 4730 Γραφῇ
2657 4658 3046 4726 εῦρισκόμενον
3072 4655 3330 4722 ὑπάρχει,
3367 4654 3506 4721 μήτε
3527 4653 3585 4703 ἐν
3622 4650 3744 4702 Ἐλ-

517 4752 602 4795 tea
639 4739 982 4793 enuntiatqu
1025 4744 1204 4798 esset;
1254 4744 1307 4787 ct
1355 4741 1479 4786 ante
1521 4731 1703 4784 ornnia
1743 4727 2073 4789 homousion,

2184 4727 2398 4824 λήνικῇ,
2449 4727 2564 4805 ἀλλ’
2595 4727 2716 4803 eoat
2747 4751 2852 4802 τῶν
2903 4748 3077 4817 ἁγίων
3107 4745 3423 4800 ἀποστόλων
3456 4741 3611 4794 τοῦτο
3645 4743 3747 4810 an.

517 4835 630 4885 sive
655 4827 1125 4888 consubstantiale,
1155 4840 1329 4894 neque
1355 4825 1408 4876 iu
1445 4836 1604 4877 sacra
1636 4820 1943 4887 Scriptura,
1979 4832 2074 4870 ne-

517 4937 623 4992 que
663 4920 827 4974 etiam
882 4919 936 4970 iri
987 4914 1271 4986 gentilium
1331 4911 1718 4974 monumentis,
1767 4911 1874 4962 imo
1921 4922 2020 4962 nec
2050 4922 2080 4960 α

515 5011 720 5064 sanctis
745 5007 1004 5077 apostolis
1035 5019 1291 5073 expresse
1316 5003 1572 5056 traditum
1597 5002 1708 5054 haec
1729 4998 1969 5069 synodus
1990 4995 2084 5049 ad-

515 5101 683 5166 didit;
717 5113 822 5151 non
873 5098 989 5151 ideo
1031 5107 1209 5149 tamen
1241 5097 1383 5163 apud
1425 5108 1521 5147 eos
1549 5093 1636 5160 qui
1685 5091 1965 5144 veritatem
1993 5103 2083 5141 se-

497 5189 1024 5265 .duloquuirunt,
1072 5188 1231 5240 aliam
1279 5186 1436 5239 (idem
1484 5183 1794 5238 condidisse
1835 5187 2080 5248 reputata

515 5298 616 5341 est.
648 5283 764 5337 Non
796 5282 901 5335 alia
934 5281 1142 5334 ratione
1171 5289 1224 5333 et
1249 5287 1435 5333 sancta
1465 5273 1801 5330 (ecumenica
1835 5272 2074 5326 secunda

517 5375 760 5444 synodus
788 5373 1194 5429 sanctissimum
1216 5368 1476 5440 Spiritum
1502 5368 1668 5421 Deum
1690 5380 1811 5420 esse
1833 5380 2078 5434 pronun-

515 5471 688 5528 tiavit.
736 5478 792 5521 et
838 5481 986 5531 vere,
1036 5460 1495 5534 quemadmodum
1530 5467 1585 5513 et
1634 5459 1807 5528 prima
1853 5458 2080 5509 Itomou-

516 5561 661 5613 sion.
681 5559 784 5612 Sed
813 5557 863 5611 id
889 5570 1157 5624 nusquam
1184 5557 1240 5608 in
1272 5551 1472 5606 divinis
1519 5548 1742 5603 Litteris
1772 5556 1910 5600 erat.
1941 5544 2079 5596 San-

514 5663 712 5718 ciaque
746 5650 873 5702 item
921 5647 1080 5701 tertia
1117 5647 1357 5714 synodus
1391 5657 1600 5706 vocem,
1644 5639 1900 5706 Deipara.
1951 5635 2081 5700 Quae

515 5741 698 5793 omnia
732 5739 1012 5792 verissima
1046 5747 1194 5801 sunt,
1225 5749 1399 5804 eoque
1441 5732 1600 5787 modo
1630 5745 1689 5785 se
1716 5731 1938 5795 habent,
1972 5739 2079 5794 quo

519 5831 692 5883 sancti
715 5829 899 5883 divino
926 5827 1131 5896 Spiritu
1161 5827 1361 5881 conciti
1390 5826 1772 5880 decreverunt.
1809 5822 1873 5874 Et
1907 5833 2078 5889 quar-

515 5924 571 5972 ta
602 5923 726 5974 item
767 5923 1029 5989 synodus,
1059 5918 1195 5974 duas
1224 5926 1449 5975 naturas
1491 5928 1542 5974 et
1579 5921 1830 5975 unionem
1874 5935 2077 5975 secun-

590 6055 610 6087 ¹
641 6054 659 6110 ι
689 6053 818 6108 Cor.
849 6053 974 6115 11,4.

2184 4845 2292 4908 τῶς
2326 4844 2615 4906 εἰπόντων,
2649 4845 2681 4910 ἡ
2717 4841 2936 4902 σύνοδος
2966 4838 3103 4907 αῦτη
3134 4836 3492 4908 προσέθηκεν,
3523 4833 3745 4886 ἀλλὀὐ-

2180 4936 2364 5004 δαμῶς
2395 4934 2652 5002 ἐνομίσθη
2685 4934 2840 5002 παρὰ
2881 4934 2995 4994 τοῖς
3046 4931 3144 5001 τὴν
3191 4930 3450 4999 ἀλήθειαν
3478 4925 3740 4995 ἐκζητοῦ-

2184 5044 2290 5088 σιν,
2345 5025 2539 5095 ἑτέραν
2596 5025 2779 5076 πίστιν
2830 5025 3214 5092 πεποιηκέναι.
3279 5020 3552 5080 Ὡσαύτως
3599 5018 3657 5070 δὲ
3709 5019 3742 5088 ἡ

2185 5117 2318 5184 ἁγία
2352 5113 2706 5184 οἱκουμενικὴ
2737 5111 2963 5181 δευτέρα
2993 5110 3208 5172 σύνοδος
3239 5109 3374 5162 Θεδν
3397 5109 3458 5160 τὸ
3478 5108 3743 5174 πανάγιου

2183 5205 2407 5274 Πνεῦμα
2438 5204 2684 5272 εἴρηκεν,
2720 5204 2813 5254 καὶ
2843 5201 3080 5269 ἀληθῶς,
3119 5200 3307 5269 ὥσπερ
3334 5198 3432 5251 καὶ
3457 5199 3518 5250 τὸ
3547 5197 3743 5267 όμοούο

2184 5311 2319 5350 σιον.
2364 5293 2503 5345 Ἀλλ’
2529 5291 2770 5361 οὐδαμοῦ
2803 5294 2861 5345 ὲν
2890 5294 2958 5361 τῇ
3011 5291 3200 5360 Γραφῇ
3241 5288 3401 5342 τοῦτο
3433 5289 3741 5358 εὑρίσκετο.

2179 5385 2350 5453 Καὶή
2386 5384 2518 5452 ἁγία
2568 5383 2626 5436 δὲ
2680 5383 2839 5451 τρίτη
2901 5381 3115 5441 σύνοδος
3165 5382 3245 5443 τὸ,
3281 5383 3588 5446 Θεοτόκος.
3638 5383 3748 5434 Καὶ

2183 5478 2406 5547 ἀληθῶς
2462 5477 2646 5545 έχουσι
2701 5474 2801 5545 μὲν
2853 5473 3046 5536 ταῦτα,
3088 5474 3183 5526 καί⁵
3233 5472 3403 5535 οὕτως
3439 5473 3514 5533 ὼς
3571 5473 3665 5525 καὶ
3696 5477 3745 5525 οἱ

2185 5569 2329 5636 ἆγιοι
2381 5567 2900 5634 πνευματοκινήτως
2948 5563 3406 5634 ὲθεσμοθέτησαν.
3457 5563 3624 5633 Καὶή
3661 5581 3750 5617 τε-

2187 5661 2358 5732 τάρτη
2405 5660 2461 5713 δὲ
2510 5657 2608 5719 τὰς
2639 5657 2731 5710 δύο
2768 5656 2980 5725 φύσεις,
3025 5658 3121 5710 καὶ
3169 5656 3264 5725 τὴν
3296 5657 3417 5709 καθ’
3453 5657 3750 5711 ὑπόστασιν

2183 5750 2399 5812 ἕνωσιν,
2432 5750 2526 5800 καὶ
2565 5749 2598 5817 ἡ
2635 5747 2859 5815 πέμπτη
2889 5747 2946 5799 δὲ
2975 5747 3043 5798 τὰ
3075 5747 3168 5798 δύο
3196 5746 3497 5816 θελήματα,
3521 5747 3615 5799 καὶ
3649 5747 3752 5803 ἕνα

2186 5841 2276 5893 τὸν
2325 5841 2567 5902 θέλοντα,
2602 5841 2697 5889 καὶ
2729 5840 2761 5907 ἡ
2797 5838 2930 5906 ἕκτη
2962 5839 3019 5888 δὲ
3053 5838 3148 5899 τὰς
3195 5837 3290 5889 δύο
3317 5837 3619 5907 ἐνεργείας,
3656 5839 3754 5894 καὶ

2190 5932 2286 5982 ἕνα
2322 5933 2412 5985 τὸν
2468 5929 2815 6000 ἐνεργοῦντα.
2867 5930 3002 5981 Ἀλλ’
3035 5929 3268 6000 οὐδαμοῦ
3294 5930 3548 5998 εὑρήσεις
3580 5929 3752 5982 ταῦτα
