4102 6458
336 554 440 616 209

1444 534 1951 611 intuemur.
1995 546 2487 613 'l‘RAPEZUN'l‘.

3497 551 3603 615 210

338 669 570 739 κείμενα
598 667 653 720 ἐν
681 670 744 739 τῇ
781 667 997 737 Γραφῇ.
1051 665 1194 721 Ἀλλ’
1227 667 1284 721 al
1321 665 1532 721 σύνοδοι
1567 668 1916 740 θαρρούντως

2034 669 2150 723 lum
2196 670 2571 740 hypostasim:
2629 678 2682 724 et
2732 671 2923 739 quinta
2973 670 3111 726 duas
3152 669 3499 732 voluntates,
3555 676 3612 758 et

234 813 241 818 .
342 760 710 832 προσέθηκαν,
735 761 798 813 ὲκ
825 759 935 814 τῶν
971 759 1135 813 θείων
1170 758 1411 831 Γραφῶν
1442 759 1617 814 ταῦτα
1652 762 1911 829 συνάγουι

2024 764 2193 818 unum
2227 764 2533 833 volentem;
2565 772 2618 819 et
2641 772 2795 820 sexta
2819 764 2956 819 duas
2980 764 3335 834 operatioues
3363 772 3418 819 et
3442 776 3610 817 unum

344 869 458 916 cur,
483 851 660 922 ἀληθῆ
690 868 753 920 γε
784 852 935 905 ὄντα.
959 852 1068 905 Καὶ
1097 853 1198 905 οὐκ
1223 851 1478 905 ἐντεῦθεν
1510 852 1707 923 ἑτέραν
1733 852 1919 905 πίστιν

2034 866 2340 926 Jperantem
2392 875 2406 912 :
2446 873 2569 925 qum
2610 865 2800 921 tamen
2841 864 3137 927 'nunquam
3192 857 3249 911 in
3321 855 3612 923 Scriptura

341 945 726 1017 πεποιήκασιν,
759 945 836 1009 ὡς
864 945 961 1001 καὶ
997 945 1291 1018 προλαϐὼν
1313 946 1342 999 6
1369 945 1513 1009 θεῖος
1538 947 1795 1015 Μάξιμος
1816 961 1922 1001 ’σα-

343 1038 581 1107 φέστατα
609 1037 902 1106 ἐδήλωσεν,
932 1035 1103 1091 εἰπών
1131 1053 1145 1069 ·
1189 1056 1210 1090 ι
1258 1038 1415 1093 Πᾶσα
1450 1036 1667 1102 σύνοδος
1699 1037 1921 1107 ὀρθοδὸ-

253 1180 256 1182 γ
348 1129 454 1195 ξων
499 1129 594 1182 καὶ
640 1127 814 1195 ἁγίων
841 1127 1054 1199 ἀνδρῶν
1094 1129 1195 1182 obit
1224 1128 1387 1183 ἄλλον
1418 1127 1661 1193 πίστεως
1684 1129 1809 1199 ὅρον
1835 1129 1923 1184 διὰ

344 1219 441 1291 τῆς
471 1220 857 1289 ἐπεισαγωγῆς
904 1219 1014 1273 τῶν
1068 1220 1287 1275 οἰκείων
1340 1220 1605 1292 ῥημάτων
1643 1222 1925 1284 παντελῶς

347 1315 733 1386 ἔπεισήγαγον,
758 1312 835 1377 ὠς
879 1313 1036 1384 ὑμεῖς
1065 1312 1460 1382 ἀποφαίνεσθε,
1489 1329 1511 1365 ι
1542 1314 1636 1368 καὶ
1669 1313 1736 1367 τά
1772 1313 1921 1383 ἑξῆς.

346 1409 457 1462 Kal
486 1410 518 1478 ἠ
553 1407 683 1473 ἁγία
712 1407 769 1462 δὲ
815 1405 1172 1477 οίκουμενικὴ
1209 1404 1415 1476 ἑϐδόμη
1464 1404 1686 1468 σύνοδος
1720 1407 1785 1459 ὲκ
1816 1406 1928 1467 Πα-

344 1500 470 1570 rpb;
489 1498 556 1555 δι’
577 1499 706 1552 Υίοῦ
736 1500 1138 1569 ἐκπορεύεσθαι
1163 1499 1225 1553 τὸ
1254 1495 1486 1575 Πνεῦμα
1507 1497 1569 1552 rb
1591 1497 1751 1567 ἅγιον
1778 1498 1927 1552 ἔθεο-

346 1590 566 1662 λόγησε.
605 1590 720 1645 Καὶ
779 1591 889 1659 πρὸ
915 1590 1121 1661 ταύτης
1158 1573 1404 1644 πλεῖστοι
1437 1573 1547 1642 τῶν
1573 1590 1750 1659 ἁγίων
1781 1589 1928 1645 οὕτω

345 1699 408 1750 γε
462 1682 849 1755 ὲθεολόγησαν,
886 1682 985 1754 καὶ
1010 1681 1080 1757 ἐξ
1103 1681 1294 1737 αὐτοῦ
1322 1681 1432 1736 τοῦ
1461 1678 1621 1745 Υίοῦ,
1641 1680 1741 1735 καί
1770 1679 1930 1733 ἴδιον

345 1774 534 1829 αὐτοῦ
579 1791 665 1840 τε,
721 1772 821 1830 καὶ
853 1773 925 1840 ἐξ
963 1773 1179 1837 αὐτοῦ,
1229 1771 1307 1838 ὡς
1353 1775 1381 1827 ὁ
1415 1772 1690 1844 Κύριλλος
1721 1774 1779 1827 ὲν
1813 1773 1929 1835 τοῖς

357 1866 876 1941 Ἀναθεματισμοῖς
922 1866 952 1920 6
985 1866 1298 1934 θεσπέσιος,
1327 1867 1421 1920 καὶ
1450 1866 1735 1929 Βασίλειος
1788 1864 1928 1935 πρὸς

344 1960 470 2025 τοὺς
498 1961 779 2030 λέγοντας,
815 1960 970 2016 Aturi
1003 1962 1078 2032 μὴ
1114 1962 1244 2025 Υἱὸς
1274 1960 1372 2016 τοῦ
1400 1961 1534 2016 Υίοῦ
1564 1961 1626 2016 rb
1659 1960 1884 2031 Πνεῦμα
1913 1979 1928 2027 ;

344 2053 782 2124 ἀπολογούμενος
817 2069 832 2086 ·
871 2073 891 2107 ι
942 2054 1016 2108 Οὐ
1045 2054 1134 2108 διά
1186 2054 1247 2107 rb
1285 2054 1362 2124 μὴ
1392 2050 1534 2108 εἶναι
1582 2054 1648 2107 ἐκ
1694 2052 1832 2107 Θεοῦ
1861 2051 1929 2106 δι’

345 2144 501 2211 Υίοῦ,
546 2145 771 2216 ἔφησεν,
802 2145 918 2201 ἀλλ’
948 2146 1036 2200 ῑνα
1065 2148 1098 2214 ἡ
1134 2145 1311 2217 Τριὰς
1347 2145 1424 2217 μὴ
1471 2144 1760 2217 νομισθείη
1793 2144 1929 2214 πλῆ-

345 2239 435 2303 θος
481 2240 708 2311 ἄπειρον
750 2240 901 2304 υίοῦς
946 2238 1006 2307 ἐξ
1057 2239 1214 2303 υἱῶν,
1272 2239 1349 2304 ὡς
1402 2242 1498 2292 καὶ
1525 2240 1584 2292 ὲν
1616 2236 1929 2306 ἀνθρώποις

344 2332 486 2401 εχειν
514 2331 940 2387 ὑποπτευθετσα.
975 2349 994 2384 ι
1024 2332 1137 2385 Kal
1166 2330 1274 2401 πρὸ
1293 2329 1487 2384 τούτου
1509 2329 1606 2384 τοῦ
1628 2327 1928 2401 κεφαλαίου

345 2424 510 2495 φησὶν
533 2424 560 2476 ὁ
592 2422 756 2486 αὐτὸς
787 2422 969 2491 ἅγιος
1002 2440 1021 2473 ι
1063 2424 1163 2476 Διὰ
1209 2420 1368 2475 τοῦτο
1399 2422 1495 2475 καὶ
1523 2419 1660 2475 Θεοῦ
1701 2419 1803 2491 μὲν
1826 2419 1926 2473 Δό-

268 2586 283 2597 .
346 2504 439 2582 τος
472 2514 676 2584 ὀΥίδς,
724 2517 880 2588 ῥῆμα
931 2514 990 2569 δὲ
1041 2513 1174 2569 Υίοῦ
1228 2512 1290 2567 rb
1346 2512 1599 2581 Πνεῦμα·
1647 2531 1667 2566 ι
1704 2512 1803 2589 [nul
1858 2508 1929 2564 τὰ

345 2605 499 2675 ἑξῆςι

2024 948 2322 1004 inveneris.
2349 948 2457 1005 Sed
2491 949 2687 1021 synodi
2713 949 3057 1005 conﬁdenter
3087 948 3411 1017 colligentes
3434 964 3498 1003 ea
3531 947 3612 1003 uti

2024 1057 2154 1097 vera
2186 1058 2249 1098 ex
2284 1043 2463 1100 sacris
2478 1040 2706 1098 Litteris
2737 1043 3090 1107 addiderunt,
3118 1054 3297 1110 neque
3328 1051 3614 1112 propterea

2026 1136 2187 1191 ﬁdem
2231 1136 2394 1191 aliam
2432 1150 2817 1206 composuere,
2848 1135 3316 1206 quemadmodum
3365 1134 3481 1205 jam
3527 1150 3621 1189 su-

2008 1224 2310 1300 .pradi'etus
2340 1228 2503 1284 divus
2528 1227 2802 1284 Maximus
2833 1229 3188 1299 apertissime
3223 1227 3331 1283 illis
3370 1227 3621 1282 declara-

2025 1319 2099 1371 vit
2130 1335 2146 1373 :
2183 1337 2200 1369 ι
2242 1318 2439 1373 Omnis
2473 1318 2718 1389 synodus
2754 1328 2903 1375 recte
2931 1318 3295 1375 sentientium
3327 1327 3382 1372 et
3408 1318 3622 1373 sancti-

2029 1419 2140 1466 tate
2189 1408 2483 1465 illustrium
2533 1400 2776 1465 virorum
2814 1425 2923 1465 non
2957 1410 3118 1478 aliam
3173 1410 3299 1466 ﬁdei
3339 1409 3620 1465 deﬁnitio-

2027 1517 2155 1558 nem
2205 1502 2553 1575 propriorum
2595 1485 2893 1568 verborum
2939 1502 3222 1578 additione
3262 1518 3491 1573 prorsus
3527 1518 3626 1569 su-

2030 1593 2366 1663 perinduxit,
2394 1592 2561 1648 veluti
2595 1608 2692 1651 vos
2715 1595 3036 1666 decernitis,
3072 1613 3092 1647 ο
3144 1603 3198 1650 ει
3227 1592 3454 1669 reliqua.
3482 1592 3619 1646 Tum

2030 1695 2294 1757 praeterea
2334 1696 2533 1742 sancta
2587 1689 2933 1747 oscumenica
2985 1688 3221 1760 septima
3264 1686 3508 1760 synodus
3556 1701 3622 1738 ex

2030 1775 2194 1835 Patre
2227 1794 2323 1848 per
2354 1777 2552 1834 Filium
2580 1779 2853 1851 Spiritum
2889 1792 3141 1837 sanetum
3174 1780 3473 1850 procedere
3510 1789 3623 1830 tra-

2034 1870 2193 1936 didit,
2215 1878 2271 1926 et
2296 1880 2424 1925 ante
2447 1883 2567 1925 eam
2600 1882 2921 1927 sanctorum
2961 1871 3182 1941 plurimi
3228 1870 3442 1926 dicendi
3476 1868 3624 1921 illum

2037 1963 2260 2019 modum
2307 1973 2670 2034 usurparunt,
2702 1972 2757 2019 et
2795 1980 2861 2018 ea:
2895 1967 3010 2034 ipso
3053 1962 3222 2035 Filio,
3261 1971 3315 2018 et
3349 1962 3627 2031 proprium

2035 2052 2206 2121 illius,
2233 2061 2289 2111 et
2326 2069 2394 2108 ea:
2434 2054 2530 2109 illo
2563 2065 2621 2110 ut
2648 2054 2872 2110 divinus
2917 2054 3156 2126 Cyrillus
3194 2054 3257 2122 in.
3294 2053 3633 2107 Anathema-

2034 2145 2242 2213 tismis,
2287 2155 2343 2201 et
2376 2144 2616 2202 Basilius
2665 2146 2777 2203 illis
2826 2148 2917 2217 qui
2949 2145 3206 2223 dicebant
3239 2164 3253 2199 :
3296 2143 3478 2213 Quare
3508 2157 3626 2197 non

2034 2237 2206 2293 Filius
2233 2236 2356 2294 Filii
2382 2238 2664 2308 Spiritus?
2682 2238 3043 2312 respondens,
3075 2238 3248 2294 dixit:
3287 2256 3311 2308 ι
3340 2235 3456 2290 Non
3483 2234 3629 2306 quod

2035 2343 2147 2384 non
2184 2338 2334 2385 esset
2368 2345 2434 2386 ex
2472 2328 2581 2385 Deo
2621 2344 2722 2399 per
2756 2328 2979 2407 Filium,
3012 2328 3107 2393 sed
3146 2343 3214 2383 ne
3234 2326 3485 2392 Trinitas
3524 2341 3630 2379 nu-

2036 2436 2222 2476 merus
2255 2421 2577 2477 innumerus
2605 2429 2978 2495 reputaretur,
3020 2434 3069 2476 et
3115 2420 3258 2497 ﬁlios
3290 2435 3352 2474 ex
3391 2419 3539 2489 ﬁliis,
3574 2424 3634 2471 ut

2037 2515 2179 2582 apud
2219 2515 2471 2570 homines
2500 2514 2617 2585 ﬁeri
2647 2516 2852 2585 suevit,
2885 2514 3111 2585 habere,
3152 2514 3206 2567 in
3249 2512 3624 2585 suspicionem

2040 2605 2270 2661 veniret.
2304 2625 2322 2658 ι
2348 2605 2414 2661 Ει
2439 2617 2567 2661 ante
2596 2591 2727 2660 illud
2753 2613 2918 2677 caput
2948 2602 3091 2661 idem
3117 2613 3344 2683 sanctus
3374 2603 3591 2659 dicebat
3615 2617 3630 2655 :

354 2724 374 2758 ι
409 2704 696 2775 Propterea
727 2713 782 2763 et
823 2704 917 2761 Dei
949 2705 1167 2774 quidem
1203 2703 1442 2761 Verbum
1472 2702 1670 2767 Filius,
1698 2700 1938 2757 Verbum
1982 2706 2164 2756 autem
2197 2701 2322 2771 Filii
2361 2698 2623 2779 Spiritus,
2663 2719 2682 2753 ι
2727 2710 2781 2756 et
2823 2716 2946 2772 quae
2985 2709 3316 2770 sequuntur.

415 2801 477 2856 δ’.
525 2801 885 2857 Συνελθοῦσαι
918 2801 1102 2856 τοίνυν
1133 2805 1228 2858 καὶ
1256 2802 1289 2871 ἡ
1330 2798 1658 2868 ’Δνατολικὴ
1689 2796 1926 2866 Ἐκκλη-

348 2894 438 2948 σία
469 2895 562 2948 καὶ
589 2895 620 2963 ἠ
647 2893 872 2965 Δντικὴ.
899 2895 994 2948 καὶ
1028 2891 1418 2964 οίκυυμενικῆς
1442 2889 1664 2944 συνόδου
1699 2888 1928 2958 γενομὲ-
1960 2936 1963 2937 ν

345 3004 463 3054 νης,
489 2986 585 3040 καὶ
617 2984 866 3051 ἐξέτασιν
893 2985 1213 3055 ποιήσασαι,
1266 2984 1342 3047 ὠς
1369 2982 1425 3036 τί
1458 2981 1527 3037 ἂν
1562 2979 1849 3052 βούλοιντο
1876 2976 1925 3032 οί

344 3079 442 3147 τῆς
474 3077 824 3149 Ἀνατολικῆς
838 3074 1169 3149 Ἑκκλησίας
1201 3075 1539 3141 διδάσκαλοι,
1568 3074 1662 3129 καὶ
1690 3072 1795 3141 τῆς
1822 3072 1927 3153 Au-

346 3170 510 3240 rtxﬁ;
542 3169 722 3239 λέγειν
767 3169 898 3240 περ)⁵
942 3171 1044 3240 τῆς
1087 3167 1476 3240 ὲκπορεύσεως
1513 3162 1612 3220 τοῦ
1651 3164 1926 3243 παναγίου

350 3262 487 3320 [laeti
499 3279 671 3333 ματος
689 3277 704 3294 ·
736 3263 801 3317 Et
830 3263 941 3334 ἄρα
970 3262 1035 3316 ἐκ
1073 3260 1240 3332 μόνου
1261 3258 1356 3313 τοῦ
1383 3257 1601 3329 Πατρὸς
1630 3252 1931 3329 ἐκπορεύεη

2105 2796 2160 2858 4.
2203 2796 2384 2865 Quare
2413 2812 2538 2865 cum
2569 2797 2624 2857 in
2666 2812 2835 2851 unum
2867 2807 2922 2852 et
2947 2794 3244 2869 Orientalis
3270 2806 3324 2851 et
3362 2795 3633 2850 Occiden-

2037 2890 2166 2955 talis
2192 2886 2440 2961 Ecclesia
2473 2889 2892 2958 convenissent,
2923 2897 2977 2945 et
3007 2890 3353 2947 meumenico
3388 2888 3631 2943 concilio

2035 2982 2353 3046 celebrato,
2417 2982 2826 3049 examinassent
2909 2981 3039 3051 quid
3124 2980 3420 3044 Orientalis
3471 2992 3638 3049 atque

2037 3072 2409 3134 Qecidentalis
2439 3073 2699 3139 Ecclesia:
2746 3074 2992 3150 magistri
3016 3074 3084 3131 de
3106 3074 3460 3145 processione
3509 3088 3639 3128 sau-

2040 3167 2274 3224 ctissimi
2327 3160 2567 3239 Spiritus
2598 3168 2919 3230 statuissent.
2953 3186 2966 3220 :
2997 3182 3127 3223 num
3180 3182 3246 3223 ex
3306 3167 3425 3222 solo
3473 3165 3636 3221 Patre

2039 3260 2363 3330 procederet
2400 3259 2645 3330 Spiritus
2673 3268 2924 3325 sanctus,
2958 3274 3028 3315 an
3060 3259 3222 3315 etiam
3255 3276 3322 3315 ex
3360 3257 3497 3313 Filio
3518 3301 3533 3324 ,
3580 3266 3637 3314 et

346 3371 436 3407 ται
464 3355 525 3407 rb
552 3353 780 3424 Πνεῦμα
825 3353 889 3408 τὸ
929 3353 1165 3424 artatur;
1202 3353 1297 3407 καὶ
1325 3354 1390 3407 ὲκ
1419 3349 1513 3404 τοῦ
1556 3350 1715 3418 Υίοῦ,
1741 3349 1774 3421 ἢ
1811 3349 1930 3412 πῶς

2037 3349 2314 3419 qu'omodo
2349 3348 2485 3404 illud
2521 3348 2935 3421 intelligendum
2992 3350 3085 3416 sit,
3120 3364 3188 3405 ea:
3215 3349 3383 3405 Patre
3414 3365 3507 3417 per
3540 3348 3638 3403 lt‘i-

346 3445 548 3512 ὀφείλει
582 3445 821 3500 νοεῖσθαι
857 3446 919 3500 rb
947 3448 1012 3499 ἐκ
1047 3442 1261 3515 [ἰατρὸς
1288 3442 1355 3497 δι’
1380 3441 1534 3519 tibi}.
1578 3442 1688 3496 Kal
1719 3443 1769 3496 εἰ
1797 3456 1927 3493 συν-

310 3600 313 3605 ,
347 3538 594 3611 εισφέρει
645 3541 675 3593 6
709 3539 837 3603 Υἱὸς
877 3541 960 3603 είς
1011 3538 1111 3607 τὴν
1159 3538 1333 3606 ἀΐδιον
1366 3534 1594 3604 πρόοδον
1625 3533 1721 3588 τοῦ
1765 3532 1927 3601 ἁγίου

350 3626 756 3702 ἰΙνεύματος,ῆ
795 3634 860 3684 ὲκ
900 3630 1067 3699 μόνου
1116 3628 1213 3682 τοῦ
1265 3627 1486 3699 Πατρός
1531 3627 1706 3692 ἔστιν,
1736 3624 1930 3696 ὥσπερ

350 3723 440 3774 καὶ
471 3723 500 3774 6
530 3712 663 3785 Ῠίδς
692 3725 756 3775 ἐκ
809 3721 973 3788 μόνου
1022 3719 1119 3774 τοῦ
1172 3717 1410 3790 Πατρὺς,
1442 3718 1537 3770 καὶ
1572 3718 1621 3770 εί
1655 3715 1945 3785 λαμϐάνειι

346 3817 375 3868 ὁ
406 3815 534 3878 Υἱὸς
585 3810 698 3875 dtu-6
747 3812 844 3875 τοῦ
901 3811 1248 3889 Πνεύματος,
1288 3800 1496 3879 ’ὥσπερ
1545 3809 1822 3879 λαμϐάνει
1867 3809 1930 3861 rb

352 3902 573 3975 Πνεῦμα
614 3907 766 3978 παρὰ
806 3905 903 3959 τοῦ
951 3905 1108 3974 Υίοῦ.
1163 3891 1327 3969 Ἀλλὰ
1368 3902 1547 3959 ταῦτα
1584 3903 1684 3973 μὲν
1710 3904 1768 3956 ὲν
1807 3902 1931 3965 ταῖς

350 3998 592 4064 Γραφαῖς
618 3996 719 4068 οὐχ
756 3988 940 4067 εὗρον.
983 3996 1058 4049 Tb
1087 3995 1144 4048 δὲ
1181 3994 1407 4065 Πνεῦμα
1435 3995 1497 4048 rb
1526 3990 1685 4062 ἆγιον
1715 3991 1932 4062 λαμϐάο

351 4104 480 4157 νειν,
508 4092 603 4144 καὶ
651 4089 713 4151 rb
762 4084 906 4154 εἶναι
937 4074 1088 4159 ἔχειν
1116 4088 1188 4154 δι’
1229 4086 1390 4153 Υἱοῦ,
1439 4085 1617 4139 ταῦτα
1655 4084 1928 4154 πολλαχοῦ

349 4179 529 4254 εὗρον.
571 4164 889 4260 Ἀθανάσιος
914 4182 1025 4254 γὰρ
1057 4183 1091 4251 ἡ
1121 4180 1221 4251 τῆς
1248 4174 1509 4251 ἀληθείας
1539 4178 1743 4248 κρηπὶς
1773 4179 1832 4229 ὲν
1851 4175 1931 4247 τῷ

260 4264 265 4269 ”
351 4277 487 4332 κατά
536 4276 829 4351 ’Λρειανῷν
853 4265 1027 4345 τρίτῳ
1059 4274 1252 4344 φησιν,
1295 4291 1315 4323 ι
1362 4272 1547 4325 Πάντα
1578 4271 1678 4324 ὅσα
1713 4268 1828 4340 ἔχει
1868 4269 1931 4323 rb

352 4364 598 4436 Πνεῦμα,
618 4364 794 4419 ταῦτα
839 4363 994 4435 παρὰ
1038 4361 1135 4416 τοῦ
1167 4363 1344 4431 Λόγου
1380 4362 1548 4433 ἔχειν.
1586 4379 1606 4412 ι
1657 4361 1821 4414 Ἀ).λά
1844 4360 1931 4423 τίς

355 4454 416 4518 iv
448 4457 582 4527 φαίη
615 4454 723 4531 τῷν
775 4453 836 4511 εὖ
891 4455 1260 4530 φρονούντων,
1284 4454 1361 4519 ὡς
1395 4453 1472 4526 μὴ
1502 4451 1710 4508 ἁπλοῦν
1750 4453 1930 4522 πάντη

351 4547 566 4612 πάντως
589 4543 730 4602 εἶναι
752 4547 812 4600 rb
843 4548 1070 4618 Πνεῦμα
1092 4546 1155 4601 rb
1177 4543 1360 4614 ἅγιον,
1384 4546 1480 4601 καὶ
1502 4543 1721 4599 ἐπὶτῶν
1740 4544 1931 4597 ἁπλῶν

353 4638 457 4699 πᾶν
485 4639 622 4708 ὅπερ
671 4636 965 4715 λαμόἁνει,
989 4637 1200 4695 τούτων
1229 4638 1339 4708 γὰρ
1378 4637 1474 4690 ἐπὶ
1509 4636 1618 4691 τῶν
1652 4636 1931 4690 συνθέτων

1986 3436 1989 3437 ⁷
2040 3444 2192 3512 lium,
2247 3449 2339 3507 et,
2394 3457 2462 3496 an
2507 3441 2712 3512 aliquid
2757 3442 3006 3498 conferat
3067 3442 3245 3500 Filius
3299 3444 3353 3497 in
3418 3444 3636 3498 arvitrr-

2037 3549 2165 3588 nam
2209 3531 2446 3601 Spiritus
2485 3533 2662 3588 sancti
2712 3533 3148 3603 processionem,
3182 3533 3269 3588 vel
3311 3548 3378 3587 an
3419 3549 3484 3588 ex
3516 3533 3636 3588 solu

2041 3625 2199 3681 Patre
2225 3633 2328 3690 est,
2367 3626 2532 3682 veluti
2571 3635 2625 3683 et
2656 3624 2828 3683 Filius
2851 3642 2918 3681 ex
2953 3628 3071 3683 solo
3100 3626 3262 3690 Patre
3291 3635 3414 3693 est,
3475 3637 3529 3681 et
3563 3642 3630 3681 an

2041 3718 2240 3787 accipit
2295 3716 2468 3776 Filius
2524 3733 2553 3773 a
2601 3718 2857 3789 Spiritu,
2910 3719 3370 3790 quemadmodum
3432 3718 3637 3788 arcipit

2040 3810 2277 3882 Spiritus
2303 3826 2333 3866 a
2358 3809 2539 3872 Filio:
2597 3820 2654 3866 at
2680 3811 2783 3866 ista
2815 3810 3037 3882 quidem
3071 3811 3126 3866 in
3148 3811 3450 3879 Scripturis
3485 3812 3633 3867 nulla

2040 3912 2200 3960 sunt:
2230 3912 2614 3961 verumtamen
2647 3904 2914 3975 Spiritum
2962 3912 3219 3961 sanctum
3261 3907 3533 3974 accipere,
3578 3914 3635 3959 et

2041 3994 2195 4065 quod
2224 3995 2316 4062 sit,
2347 3995 2548 4052 habere
2607 4010 2673 4052 ex
2709 3995 2872 4060 Filio,
2910 3998 3117 4067 passim
3156 3999 3438 4051 invenere.
3468 3997 3633 4052 Nam-

2040 4103 2147 4159 que
2198 4088 2543 4145 Athanasius
2589 4076 2841 4143 veritatis
2886 4087 3330 4156 fundamentum,
3379 4090 3636 4145 oratione

2040 4179 2201 4234 tertia
2236 4179 2506 4236 adversus
2530 4178 2768 4233 Arianos
2800 4179 2977 4234 dicit:
3016 4199 3034 4234 ι
3080 4179 3435 4248 Quaecunque
3471 4180 3635 4234 habet

2042 4271 2305 4343 Spiritus,
2336 4287 2410 4328 ex
2444 4271 2587 4329 Filio
2615 4273 2797 4328 habet.
2836 4291 2855 4324 ι
2900 4272 3006 4329 Sed
3039 4274 3187 4345 quis,
3214 4273 3513 4329 dummodo
3542 4288 3631 4328 sa-

2039 4365 2141 4436 pit,
2168 4366 2399 4433 diceret,
2440 4362 2707 4434 Spiritum
2743 4373 3002 4427 sanctum
3037 4381 3145 4421 non
3176 4380 3299 4422 esse
3327 4381 3557 4435 prorsus
3576 4376 3632 4421 et

2039 4469 2138 4523 per
2162 4454 2346 4508 omnia
2388 4452 2738 4523 simplicem;
2774 4463 2830 4510 at
2861 4471 2926 4511 ex
2980 4455 3339 4526 simplicibus
3364 4454 3634 4527 quidquid

2039 4547 2260 4615 accipit.
2295 4546 2440 4617 quod
2478 4548 2534 4602 in
2576 4548 2904 4620 compositis
2932 4548 3094 4604 aliter
3128 4549 3236 4615 sit,
3275 4558 3449 4604 totum
3480 4548 3633 4604 acci-

2039 4652 2172 4709 pere
2218 4637 2468 4694 dieitur?
2516 4639 2658 4703 Ante
2691 4640 2857 4695 etiam
2900 4640 2954 4694 in
2994 4641 3100 4697 hac
3144 4641 3334 4698 eadem
3380 4641 3634 4698 oratione

353 4730 581 4803 γίνεται,
633 4730 755 4783 ἀλλ’.
781 4731 922 4800 ὅπερ
974 4731 1045 4789 ἂν
1096 4730 1315 4798 λέγοιτο
1364 4730 1670 4803 λαμϐάνειν
1698 4730 1761 4783 rb
1811 4729 1930 4783 ὅλον

2036 4731 2230 4786 scribit
2262 4748 2277 4786 :
2325 4749 2344 4783 ι
2387 4732 2577 4803 Neque
2608 4732 2754 4787 enim
2798 4732 2973 4789 Filius
3019 4735 3296 4806 particeps
3334 4743 3421 4789 est
3451 4732 3633 4805 Spirie

350 4821 527 4889 ὲστίνς
563 4822 725 4890 Ἀλλά
742 4825 837 4889 καὶ
874 4824 973 4891 πρὸ
1003 4824 1201 4877 τούτου
1234 4827 1292 4879 ἐν
1323 4825 1403 4896 τῷ
1432 4826 1587 4899 αὐτῷ
1617 4825 1766 4895 λόγῳ
1829 4839 1936 4891 φη·

354 4915 436 4966 σίν
457 4928 471 4942 ’
501 4933 521 4966 ι
566 4914 647 4975 Οὐ
678 4916 791 4986 γάρ
820 4915 918 4970 καὶ
944 4918 975 4972 ὁ
1010 4917 1137 4980 Υἱὸς
1168 4917 1417 4988 μετέχων
1466 4919 1585 4973 ἐστὶ
1628 4916 1724 4972 τοῦ
1760 4917 1935 4971 Πνεύ-

353 5022 541 5073 ματος,
570 5007 657 5073 ἵνα
681 5008 770 5062 διά
810 5008 971 5063 τοῦτο
990 5008 1089 5062 καὶ
1132 5010 1190 5063 ἑν
1214 5009 1293 5079 τῷ
1323 5011 1505 5080 Πατρὶ
1533 5011 1785 5080 γένηται,
1809 5010 1934 5064 οὐδὲ

352 5096 648 5165 λαμὸάνων
673 5100 792 5152 ἐστὶ
826 5100 888 5154 rb
925 5100 1171 5171 Πνεῦμα,
1197 5102 1339 5156 ἀλλά
1371 5103 1576 5171 μᾶλλον
1603 5104 1667 5157 rb
1706 5104 1934 5175 Πνεῦμα

324 5181 503 5256 ’.παρά
545 5186 642 5253 τοῦ
694 5189 873 5258 Λόγου
920 5191 1284 5261 λαμὸἀνει.,»
1321 5193 1423 5247 Διά
1456 5193 1618 5249 τοῦτο
1650 5194 1747 5247 καὶ
1779 5195 1935 5266 παρά

234 5334 248 5341 ,
349 5280 459 5334 τῶν
486 5279 828 5337 διδασκάλων
857 5284 1082 5355 ἀμέσως
1114 5285 1339 5354 λέγεται
1368 5288 1398 5340 6
1425 5285 1554 5350 Υἱὸς
1592 5288 1659 5340 ὲκ
1692 5288 1787 5341 τοῦ
1821 5288 1933 5341 Πα-

349 5373 495 5441 τρδς,
527 5373 604 5438 ὡς
627 5378 762 5446 φησὶ
785 5374 1050 5446 Κύριλλος
1080 5379 1139 5432 ὲν
1165 5378 1279 5442 τοῖς
1309 5378 1672 5448 Θῃσαυροῖςο
1703 5398 1722 5431 ι
1762 5379 1934 5452 Γεννᾷ

348 5466 377 5517 6
408 5466 596 5535 Πατὴρ
642 5467 734 5520 rbv
765 5467 894 5521 Υίδν
935 5468 1345 5537 ἀμεσιτεύτως.
1386 5488 1406 5523 ι
1440 5472 1553 5525 Kal
1585 5470 1750 5525 πάλιν
1778 5473 1807 5525 6
1834 5472 1934 5525 αῦν

348 5555 438 5619 τὸς
469 5557 550 5618 είς
585 5557 646 5610 rb
687 5549 853 5628 ῥητὸν
877 5560 960 5625 rb,
985 5560 1192 5614 Πάντα
1219 5560 1295 5615 δι’
1332 5562 1523 5617 αὑτοῦ
1548 5561 1812 5634 ἑγέγετο,
1847 5564 1933 5616 λέ-

351 5662 469 5714 γει·
501 5666 520 5700 ι
564 5649 815 5705 Συνεῖναι
841 5651 922 5722 τῷ
951 5652 1069 5722 Υίῷ
1098 5653 1190 5706 τὸν
1238 5654 1460 5723 Πατέρα
1492 5654 1723 5725 νοοῦμεν
1749 5655 1837 5709 διὰ
1873 5656 1933 5708 τὸ

350 5738 776 5808 ἀπαράλλακτον
822 5743 927 5813 τῆς
982 5746 1198 5812 οὐσίας,
1230 5748 1326 5802 καὶ⁵
1365 5747 1426 5801 rb
1455 5747 1627 5817 ἄκρον
1655 5751 1931 5819 προσεχές

348 5844 410 5881 τε
440 5829 531 5883 καὶ
556 5831 766 5902 άμεσον
795 5834 989 5892 αῦτοῦ.
1027 5854 1047 5888 ι
1085 5837 1195 5893 Καὶ
1226 5839 1253 5892 6
1281 5839 1508 5908 Νύσσης
1536 5840 1843 5912 Γρηγόριος
1875 5844 1933 5895 ὲν

348 5920 428 5992 τῷ
461 5922 598 5993 πρὸς
640 5925 922 5982 ’Λὸλάϐιον
950 5929 1098 6000 λόγῳ
1127 5932 1349 6000 φάσκει,
1381 5951 1399 5984 ι
1447 5934 1522 5987 Τὸ
1553 5933 1653 6003 μὲν
1677 5938 1786 6008 γάρ
1813 5938 1929 5988 ἔστι

352 6017 634 6089 προσεχῶς
665 6020 730 6073 ὲκ
762 6019 852 6074 τοῦ
886 6022 1124 6092 πρώτου.
1177 6043 1194 6077 ι
1234 6025 1341 6080 Καὶ
1373 6027 1613 6098 οὐδαμοῦ
1647 6028 1930 6099 φαίνονται

2039 4832 2151 4890 tus,
2180 4832 2242 4878 ut
2268 4839 2364 4893 per
2412 4825 2562 4880 illum
2613 4825 2668 4898 in
2709 4824 2873 4881 Patre
2903 4827 3016 4893 ﬁat,
3051 4842 3230 4898 neque
3260 4827 3462 4896 accipit
3504 4827 3633 4897 Spi-

2039 4916 2229 4982 ritum,
2257 4916 2353 4972 sed
2390 4918 2577 4987 potius
2610 4918 2851 4990 Spiritus
2880 4934 2910 4973 a
2944 4919 3123 4975 Verbo
3147 4920 3373 4990 accipit.
3417 4939 3437 4973 ι
3481 4920 3629 4976 Ideo-

2036 5024 2144 5079 que
2177 5023 2205 5062 a
2236 5010 2557 5067 doctoribus
2579 5010 2898 5067 immediate
2921 5012 3129 5069 dicitur
3149 5012 3322 5070 Filius
3344 5031 3408 5070 ex
3445 5012 3629 5078 Patre,

2040 5111 2100 5157 ut
2147 5105 2320 5159 tradit
2358 5104 2601 5176 Cyrillus
2648 5105 2704 5161 in
2753 5106 3080 5163 Thasum-is:
3115 5127 3133 5159 ι
3177 5109 3413 5164 Geuerat
3466 5110 3633 5165 Pater

2038 5193 2238 5250 Filium
2284 5195 2496 5267 absque
2552 5198 2668 5254 ullo
2709 5199 2913 5255 medio.
2966 5219 2984 5252 ιι
3032 5197 3356 5270 Rursusque
3395 5192 3537 5260 idem
3573 5202 3627 5254 in

2040 5287 2398 5359 Expositione
2426 5289 2557 5346 dicti
2593 5309 2606 5346 :
2636 5290 2833 5347 Omnia
2856 5309 2948 5362 per
2979 5294 3152 5364 ipsum
3181 5294 3330 5364 facta
3360 5302 3504 5358 sunt,
3526 5294 3624 5352 ait.

2042 5382 2275 5440 «Simul
2295 5400 2420 5441 esse
2449 5401 2572 5441 cum
2620 5385 2760 5442 Filio
2794 5387 3008 5442 Patrem
3076 5387 3433 5458 intelligimus
3499 5404 3629 5458 pro-

2035 5484 2161 5546 pter
2205 5477 2504 5533 essentiam
2551 5493 2647 5545 per
2684 5479 2869 5548 omnia
2906 5478 3163 5541 similem,
3195 5479 3452 5548 illiusque
3478 5495 3630 5535 sum-

2037 5584 2185 5623 mum
2248 5570 2582 5634 continens,
2623 5578 2788 5640 atque
2831 5569 3231 5635 itnmediatum.
3284 5589 3304 5623 ›
3351 5570 3628 5643 Νγεεθηης

2037 5661 2166 5715 item
2186 5661 2509 5733 Gregorius,
2538 5664 2791 5719 oratione
2812 5663 2880 5719 ab
2908 5662 3197 5718 Ablahittm
3225 5664 3438 5729 scribit,
3463 5683 3482 5716 ι
3511 5664 3629 5720 lloc

2035 5754 2183 5810 enim
2215 5763 2301 5811 est
2326 5755 2680 5811 continenter
2715 5773 2781 5811 ex
2819 5757 3018 5827 primo.
3053 5777 3072 5811 ι
3113 5755 3386 5828 Nulloque
3420 5759 3474 5814 in
3505 5759 3627 5814 loco

2037 5846 2213 5901 sancti
2240 5844 2431 5901 Patres
2468 5846 2539 5902 ab
2577 5848 2696 5916 ipso
2718 5847 3012 5907 Servatore
3057 5864 3247 5906 nosuo
3282 5853 3348 5907 ad
3376 5860 3624 5908 sanetam

2036 5938 2435 5994 mcumcnicam
2501 5941 2794 6011 septimam
2848 5943 3122 6016 synodum
3166 5959 3248 6012 ex
3292 5944 3410 6011 solo
3459 5943 3625 5998 Patre

2040 6030 2304 6101 Spiritum
2365 6042 2618 6090 sanctum
2686 6046 3085 6107 cuunttarunt,
3163 6036 3623 6107 quemadmodum
