4102 6436
383 1623 386 1627 ‘
465 1614 549 1668 lus
580 1630 642 1668 ex
689 1615 807 1669 solo
835 1626 1148 1683 generatur.
1187 1634 1206 1668 ι
1248 1617 1312 1668 Et
1350 1616 1661 1686 Theologus
1708 1614 2023 1686 Gregorius,

465 502 566 566 211
1376 509 1753 580 GBEGORII
1790 507 2046 566 ΜΑΜΜΞ

2150 507 2224 564 εἷ’.
2262 501 2768 564 PATRIARCH/E
3593 494 3701 562 212
3763 590 3766 592 Ἴ

467 609 662 665 Filium
713 626 777 666 ex
823 614 942 668 solo
984 614 1146 672 Patre
1198 618 1450 686 generari
1502 617 1894 688 prodiderunt,
1940 615 2033 670 sed

2150 617 2187 674 at
2219 616 2368 683 ἆγιοι
2390 615 2485 669 ἀπ’
2509 614 2675 668 αὐτοῦ
2706 613 2799 667 τοῦ
2833 611 3080 681 Σωτῆρος
3101 610 3258 679 ήμῶν
3284 609 3446 678 μέχρι
3479 609 3572 662 καὶ
3596 609 3700 678 τῆς

466 717 562 772 per
593 703 784 758 Filium
825 713 879 759 et
907 708 1186 777 proprium
1221 708 1414 777 ipsius,
1453 721 1506 762 et
1534 724 1598 764 ex
1632 709 1789 778 ipso;
1823 717 1878 761 et
1921 720 2030 772 pra:

2150 707 2299 773 ιγίας
2329 705 2717 775 οίκουμενικῆς
2758 703 2994 771 ἑϐδόμης
3041 701 3287 763 συνόδου,
3312 702 3377 753 ἐκ
3413 699 3576 769 μόνου
3603 699 3700 753 τοῦ

464 794 685 859 caeteris
725 795 967 866 .Cyrillus
1014 799 1068 852 in
1112 799 1264 852 Actis
1322 810 1522 854 sanctae
1575 809 1630 854 et
1679 799 2030 854 mcumenica:

2150 798 2346 866 Ἰατρὸς
2379 796 2438 849 τὸ
2469 794 2690 864 Πνεῦμα
2724 794 2786 847 τὸ
2831 789 2988 859 ἅγιον
3038 791 3345 860 εἰρηκότες,
3369 787 3561 858 ὥσπερ
3605 788 3700 840 τὸν

465 882 667 953 Synodi
701 885 897 948 tertiae,
941 886 993 940 in
1050 886 1336 942 duodecim
1365 887 1664 958 Capitibus,
1710 894 1765 944 et
1812 888 1866 942 in
1898 885 2030 940 Tlte-

2150 888 2258 940 Γίδν
2305 887 2370 938 ἐκ
2403 891 2565 956 μόνου
2601 883 2693 937 τοῦ
2728 882 2942 952 Πατρδς
2987 881 3350 949 ἐθεολόγησαν
3377 880 3698 948 γεννᾶσθαι,

465 974 666 1037 tauris,
705 993 725 1026 ι
757 989 825 1029 ex
863 975 1101 1030 essentia
1131 975 1328 1042 Patris,
1356 985 1410 1032 et
1443 993 1508 1032 ex
1540 978 1775 1034 essentia
1803 975 1948 1041 Filii,
1973 985 2028 1032 et

2150 979 2267 1032 ὶλλὰ
2295 979 2384 1031 διὰ
2413 977 2508 1030 τοῦ
2560 974 2709 1040 Υῑοῦ,
2751 974 2846 1029 καὶ
2889 973 3022 1027 ῐδιον
3067 971 3254 1036 αὑτοῦ,
3289 973 3383 1026 καὶ
3413 971 3473 1038 ἐξ
3505 971 3700 1034 αὐτοῦ,

466 1067 736 1121 exsistens
760 1081 822 1120 ex
857 1067 994 1138 ipso,
1027 1086 1045 1118 ι
1075 1067 1326 1123 afﬁrmat.

2150 1068 2204 1131 ὓς
2239 1071 2374 1137 φησὶ
2400 1066 2668 1135 Κύριλλος
2693 1066 2753 1118 ἐν
2789 1069 2899 1128 τοῖς
2933 1067 3260 1136 Πρακτικοτς
3289 1067 3388 1136 τῆς
3410 1067 3570 1134 ἁγίας
3596 1066 3696 1118 καὶ

465 1156 847 1228 οἰκουμενικῆς
883 1160 1101 1219 συνόδου
1134 1161 1321 1232 τρίτης
1354 1163 1413 1215 ἐν
1442 1179 1554 1226 τοις
1596 1162 1803 1216 δώδεκα
1835 1161 2191 1231 Κεφαλαίοις,
2219 1162 2314 1214 καὶ
2341 1163 2400 1214 ἐν
2444 1161 2580 1224 τοῖς
2623 1161 2979 1229 Θησαυροῖς,
3011 1180 3029 1212 ι
3063 1161 3129 1214 ἐκ
3189 1159 3292 1230 τῆς
3350 1160 3538 1222 ούσίας
3592 1161 3690 1214 τοῦ

471 1251 707 1317 Πατρός,
739 1253 831 1304 καὶ
857 1255 921 1304 ἐκ
949 1251 1049 1321 τῆς
1081 1253 1269 1317 οὐσίας
1295 1253 1388 1306 τοῦ
1415 1255 1565 1314 Υίοῦ.
1592 1255 1687 1312 καὶ
1719 1256 1965 1325 ὑπάρχον
1995 1254 2052 1320 ἐξ
2088 1253 2255 1307 αὐτοῦ
2303 1275 2323 1307 ›
2364 1254 2650 1322 θεολογῶν.
3001 1259 3009 1266 ’

536 1342 588 1395 5.
623 1341 697 1394 Ex
731 1341 848 1395 solo
887 1357 1052 1411 porro
1079 1341 1237 1398 Patre
1269 1353 1487 1402 sanctos
1517 1345 1709 1404 Filium
1754 1346 2027 1417 generari,

2206 1345 2268 1400 ε’.
2304 1339 2430 1400 Ὅτι
2453 1345 2508 1398 δέ
2537 1345 2602 1400 ἐκ
2629 1344 2793 1414 μόνου
2823 1343 2917 1398 τοῦ
2949 1343 3161 1414 Πατρός
3193 1345 3240 1396 οί
3269 1343 3416 1411 ἅγιοι
3457 1343 3549 1396 τὸν
3574 1345 3667 1400 Υἱὲ

464 1432 790 1504 tradidisse,
834 1435 980 1492 audi.
1055 1433 1280 1505 Magnus
1351 1437 1618 1508 siquidem
1678 1437 1913 1493 Basilius
1972 1437 2027 1490 in

2150 1439 2453 1505 θεολογοῦσι
2500 1436 2824 1504 γεννᾶσθαι,
2867 1435 3120 1493 ἄκουσον.
3157 1435 3293 1504 Φησὶ
3321 1440 3430 1506 γὰρ
3471 1438 3499 1490 ό
3531 1438 3703 1507 μέγας

463 1523 836 1578 Antirrheticis
868 1524 1044 1593 inquit
1078 1542 1093 1580 :
1126 1545 1144 1577 ι
1187 1523 1510 1592 Unigenitus
1536 1523 1732 1592 Filius,
1758 1527 1904 1596 quod
1935 1542 2028 1583 so-

2150 1529 2421 1592 Βασίλειος
2467 1530 2526 1584 ἐν
2559 1531 2672 1592 10!;
2735 1528 3215 1598 ’Δντιρῤητικοῖς,
3256 1547 3276 1584 ι
3323 1529 3633 1596 Μονογενὴς
3673 1530 3702 1580 ό

2142 1621 2269 1681 Υίδς
2295 1621 2386 1673 διὰ
2412 1619 2470 1672 τὸ
2497 1620 2660 1688 μόνος
2687 1619 2751 1671 ἐκ
2781 1622 2947 1686 μόνου
3001 1618 3320 1686 γεννᾶσθαι.
3367 1636 3386 1668 ι
3421 1617 3531 1670 Kal
3564 1618 3705 1684 Γρη-

465 1705 712 1759 oratione
743 1707 982 1761 secunda
1010 1707 1078 1761 de
1103 1705 1241 1762 Filio
1279 1725 1293 1762 :
1327 1725 1345 1759 ι
1380 1706 1700 1776 Unigenitus
1724 1708 1891 1772 enim,
1928 1721 2035 1762 non

2150 1709 2324 1778 γόριος
2352 1709 2380 1760 ό
2403 1707 2662 1774 Θεολόγος
2693 1707 2752 1758 ἐν
2794 1705 2873 1774 τῷ
2903 1707 3031 1775 περὶ
3058 1705 3186 1759 Υίοῦ
3233 1705 3504 1776 δευτέρῳο
3535 1724 3554 1757 ι
3591 1705 3704 1758 Μο-

465 1793 612 1862 quod
670 1796 824 1852 solus
870 1812 936 1852 ex
984 1798 1130 1864 solo,
1163 1801 1231 1866 let
1277 1799 1477 1865 solum,
1530 1799 1626 1854 sed
1685 1798 1829 1868 quod
1875 1799 2040 1853 etiam

2150 1795 2364 1863 νογενὴς
2402 1793 2459 1846 δέ
2503 1793 2602 1862 οὐχ
2632 1795 2714 1847 ὅτι
2753 1792 2914 1862 μόνος
2951 1795 3012 1847 ἐκ
3050 1796 3210 1863 μόνου
3242 1794 3337 1857 καὶ
3373 1794 3556 1864 μόνον,
3584 1793 3702 1846 ἁλλ’

466 1888 838 1955 singulariter.
877 1908 897 1941 ι
935 1889 999 1942 Et
1025 1887 1298 1945 Maximus
1321 1899 1512 1947 contra
1539 1890 1864 1946 Anomaaum
1895 1889 2042 1943 edis-

2150 1888 2219 1940 ὅτι
2252 1887 2345 1939 καὶ
2379 1889 2748 1956 μονοτρόπως.
2797 1903 2817 1935 ι
2847 1887 2956 1940 Kal
2978 1887 3230 1956 Μάξιμος
3258 1886 3317 1940 δὲ
3353 1885 3492 1955 μετὰ
3553 1884 3704 1936 Ἀνο-

468 1991 676 2044 serens,
712 1995 730 2028 ι
772 1977 1224 2048 Quandoquidem
1259 1981 1408 2034 solus
1439 1995 1505 2033 ex
1535 1980 1674 2034 solo.
1709 1998 1728 2032 ι
1765 1977 1830 2033 Ει
1862 1979 2046 2032 Tliair’

2150 1979 2296 2048 μοίου
2308 1979 2908 2048 διαλεγόμενοςφάσκει,
2940 1996 2960 2036 ς
2983 1977 3202 2050 Ἐπειδὴ
3223 1977 3381 2054 μόνος
3404 1977 3465 2029 ἐκ
3479 1977 3661 2045 μόνου.
3677 1991 3698 2020 ι

467 2077 753 2130 maturgus
791 2069 1108 2138 Gregorius,
1148 2088 1168 2124 ι
1201 2069 1359 2126 Unus
1394 2069 1538 2127 Deus
1579 2070 1738 2126 Pater
1767 2068 1952 2134 Verbi,
1989 2076 2043 2124 et

2150 2069 2255 2121 Kal
2300 2069 2329 2120 0
2374 2068 2806 2137 Θαυματουργὸς
2857 2067 2915 2122 δέ
2967 2067 3268 2136 Γρηγόριος
3322 2065 3507 2131 λέγει’
3543 2079 3564 2113 ι
3610 2056 3705 2124 Εἷς

465 2156 610 2208 unus
645 2153 908 2209 Dominus
941 2156 1095 2211 solus
1126 2171 1192 2218 ex
1229 2157 1369 2212 solo.
1409 2175 1430 2210 ι
1464 2158 1533 2213 Ει
1571 2158 1807 2230 inclytus
1837 2157 2040 2211 Dama-

465 2259 668 2300 sceuns
719 2243 980 2302 Oratione
1057 2247 1124 2302 de
1184 2245 1410 2315 Triade,
1484 2248 1640 2318 cujus
1710 2248 2038 2318 principium

470 2334 746 2388 Credimus
780 2335 956 2405 itaque
986 2349 1005 2390 :
1042 2355 1060 2389 ι
1097 2337 1262 2393 Solus
1293 2353 1360 2392 ex
1397 2339 1520 2394 solo
1556 2339 1718 2395 Patre
1755 2339 1926 2394 Filius
1953 2355 2041 2394 so-

470 2424 557 2478 lus
583 2437 871 2495 generatus
893 2438 996 2485 est.
1023 2447 1043 2480 ι
1076 2429 1419 2487 Anastasium
1456 2431 1607 2497 item,
1635 2439 1691 2485 et
1747 2429 1884 2484 alios
1930 2430 2042 2496 ple-

471 2530 674 2583 rosque
730 2525 955 2581 sanctos
1010 2519 1322 2589 repereris,
1355 2520 1409 2575 id
1448 2519 1589 2578 idem
1638 2530 2038 2580 asseverantes.

468 2607 722 2663 Attamen
759 2625 823 2664 ex
863 2611 982 2666 solo
1016 2609 1175 2665 Patre
1205 2620 1330 2664 ante
1359 2620 1607 2667 sanctam
1637 2610 2039 2672 meumenicam

469 2700 734 2769 synodum
769 2716 929 2755 nemo
957 2702 1114 2767 dixit,
1155 2718 1250 2772 per
1272 2701 1467 2756 Filium
1499 2717 1648 2766 vero,
1678 2709 1734 2755 ut
1768 2710 2044 2770 praenota-

469 2790 668 2853 \imus,
704 2793 877 2846 sancti
919 2792 1234 2849 selectiores
1269 2802 1323 2847 et
1367 2799 1557 2846 sancta
1607 2791 1837 2860 septima
1883 2805 2044 2860 syno-

469 2884 594 2938 dus.
629 2881 832 2935 Octava
863 2885 1046 2951 itaque
1083 2884 1409 2954 praecedenti
1439 2884 1684 2950 septimae
1713 2897 1810 2951 per
1842 2879 2038 2934 Filium

472 2971 735 3039 Spiritum
769 2979 1016 3026 sanctum
1048 2973 1344 3041 procedere
1380 2973 1720 3028 asseveranti
1758 2972 2038 3034 insistens,

472 3061 901 3131 exaniinansque
943 3063 1070 3131 quid
1103 3064 1192 3118 illa
1238 3064 1547 3134 praepositio
1582 3081 1674 3133 per
1711 3062 2036 3124 insinuaret,

473 3159 537 3203 ex
574 3149 887 3219 Evangelia,
920 3149 1201 3220 Symbolo,
1245 3162 1298 3208 et
1325 3155 1641 3210 doctoribus
1671 3153 1924 3208 Ecclesiae
1955 3154 2036 3206 in-

475 3243 750 3304 tellectum
815 3244 1118 3310 hauriens,
1176 3259 1398 3300 causam
1461 3246 1721 3301 denotare
1783 3244 2038 3299 decrevit.

2139 2157 2272 2223 Θεὸς
2293 2157 2483 2228 Πατὴρ
2511 2157 2708 2226 Λόγου,
2741 2157 2834 2210 καὶ
2858 2151 2939 2220 εἷς
2969 2159 3178 2226 Κύριος
3203 2155 3358 2225 μόνος
3391 2155 3455 2208 ἐκ
3483 2154 3700 2223 μόνου.»

2140 2251 2251 2304 Kal
2283 2251 2639 2319 Δαμασκηνὸς
2686 2249 2746 2303 δέ
2785 2249 2815 2301 0
2858 2249 3068 2310 κλεινός
3095 2251 3151 2301 ἐν
3192 2247 3272 2316 τῷ
3307 2248 3436 2318 περὶ
3467 2246 3703 2313 Τριὰδος

2140 2343 2304 2412 λόγῳ,
2333 2335 2395 2396 οὗ
2421 2344 2455 2413 η
2482 2340 2646 2414 ἀρχὴ.
2687 2330 3028 2410 Πιστεύομεν
3056 2339 3368 2409 τοιγαροῦν,
3397 2341 3587 2409 φησιν,
3623 2339 3704 2392 ὅτι

2146 2437 2354 2498 «Μόνος
2380 2436 2446 2488 ἐκ
2501 2435 2662 2504 μόνου
2693 2432 2789 2487 τοῦ
2839 2432 3050 2503 Πατρδς
3083 2436 3111 2486 0
3154 2433 3303 2495 Υἱὸς,
3358 2431 3515 2501 μόνος
3549 2433 3706 2498 ἐγεν-

2142 2530 2300 2598 νήθη.
2351 2546 2372 2580 ι
2429 2527 2540 2581 Kal
2584 2526 2936 2580 ’Λναστὰσιον
2966 2525 3046 2588 δέ,
3093 2524 3191 2578 καὶ
3245 2523 3451 2586 ἄλλους
3479 2521 3706 2581 πολλοὺς

2141 2620 2252 2674 τῶν
2278 2618 2452 2685 ἁγίων
2481 2616 2735 2685 εὑρήσεις
2763 2612 2905 2671 οὕτω
2950 2613 3108 2666 τοῦτο
3155 2611 3562 2678 θεολογοῦντας.
3609 2607 3706 2665 Ἐκ

2147 2706 2312 2777 μόνου
2336 2705 2398 2764 ,δέ
2425 2705 2520 2758 τοῦ
2550 2703 2914 2772 Πατρὸς“πρὺ
2960 2701 3059 2770 τῆς
3110 2700 3276 2766 ἁγίας
3325 2698 3706 2766 σίκουμενικῆς

2146 2798 2360 2852 συνόδου
2395 2797 2568 2859 οὐδεὶς
2597 2789 2770 2849 εἶπεν.
2802 2795 2900 2853 Διὰ
2933 2793 3026 2848 τοῦ
3057 2791 3188 2845 Υίοῦ
3221 2792 3298 2853 δὲ,
3327 2792 3401 2853 ὡς
3447 2790 3539 2842 καὶ
3567 2787 3707 2855 φθά-

2144 2906 2336 2952 σαντες
2359 2889 2607 2954 είπομεν,
2637 2887 2686 2939 οἱ
2729 2885 2838 2939 τῶν
2881 2883 3052 2952 ἁγίων
3097 2885 3363 2954 ἔκκριτοι,
3389 2883 3483 2936 καὶ
3511 2884 3544 2951 ἡ
3574 2883 3704 2949 ἁγία

2144 2981 2348 3050 ἑϐδόμη
2379 2979 2614 3041 σύνοδος.
2653 2977 2724 3031 Ἦ
2753 2977 2885 3045 γοῦν
2942 2976 3103 3046 ὀγδόη
3139 2979 3202 3046 τῇ
3240 2975 3347 3046 πρὸ
3373 2975 3544 3044 αὐτῆς
3574 2975 3704 3026 ἁκο-

2142 3071 2409 3125 λουθοῦσα
2446 3070 2678 3141 ἐϐδόμῃ,
2709 3071 2774 3140 τῇ
2805 3067 3038 3139 λεγούσῃ
3065 3067 3132 3121 δι’
3163 3067 3296 3122 Υίοῦ
3331 3067 3707 3136 ἐκπορευόμε-

2144 3181 2232 3216 νον
2258 3163 2322 3215 τὸ
2358 3162 2583 3230 Πνεῦμα
2611 3161 2670 3214 τὸ
2702 3161 2880 3227 ἆγιον,
2911 3159 3008 3212 καὶ
3039 3160 3090 3211 τί
3131 3158 3197 3212 ἂν
3225 3158 3472 3229 βούλοιτο
3503 3157 3707 3225 σημαί-

2143 3271 2256 3307 νειν
2282 3255 2314 3323 ἡ
2344 3251 2441 3308 διά
2465 3290 2481 3318 ,
2516 3252 2697 3306 αἰτίαν
2723 3252 2923 3320 ἔφησεν
2944 3253 3005 3304 ἐκ
3033 3250 3124 3304 τοῦ
3142 3250 3477 3318 Εὐαγγελίου
3497 3251 3588 3302 καὶ
3613 3247 3706 3300 τοῦ

477 3331 688 3387 Etenim
741 3334 809 3389 ab
864 3333 1156 3404 Evangelio
1211 3336 1454 3390 dicitur:
1507 3335 1702 3389 Omnia
1741 3351 1831 3404 per
1866 3338 2038 3403 ipsum

2150 3342 2413 3412 συμϐόλου
2452 3341 2546 3393 καὶ
2575 3339 2684 3392 τῶν
2715 3339 3051 3423 διδασκάλων
3074 3337 3174 3406 τῆς
3207 3338 3534 3407 Ἐκκλησίας
3555 3335 3712 3388 τοῦτο

476 3425 616 3491 facta
644 3434 789 3491 sunt,
817 3435 912 3480 et:
953 3424 1052 3486 Per
1087 3442 1238 3496 quem
1282 3429 1460 3482 omnia
1504 3427 1647 3496 facta
1682 3439 1823 3493 sunt,
1858 3442 2039 3482 sacro-

479 3524 730 3574 sanctum
765 3517 1083 3588 Symbolum
1113 3517 1325 3582 deﬁnit,
1349 3518 1659 3589 Paulusque
1691 3522 1988 3590 Apostolus
2024 3538 2037 3574 :

482 3607 586 3660 l’er
615 3609 936 3663 uoluntatem
973 3609 1104 3663 Iesu
1140 3610 1368 3676 Christi;
1396 3619 1450 3664 et
1485 3624 1505 3662 :
1542 3610 1852 3667 Benedictus
1904 3611 2042 3664 Deus

479 3713 571 3765 per
614 3714 763 3765 quem
805 3703 977 3757 vocali
1016 3703 1140 3754 estis
1177 3703 1231 3769 in
1277 3691 1643 3764 ministerium.
1692 3700 1821 3768 Qua:
1861 3704 2043 3755 omnia

480 3805 701 3846 causam
730 3792 1056 3862 signiﬁcant.
1093 3794 1200 3846 Aut
1230 3793 1417 3863 igitur,
1445 3802 1498 3846 ct
1527 3793 1580 3846 in
1617 3775 1768 3846 bisce
1792 3808 1884 3860 per
1912 3807 2042 3846 cau-

483 3894 596 3936 sam
627 3894 736 3934 non
775 3880 1004 3935 innuere
1041 3882 1528 3950 comprehendant,
1561 3882 1809 3950 maloque
1841 3880 2042 3933 malum

485 3971 837 4048 medeantur;
885 3984 979 4028 aut
1005 3984 1226 4029 sanctos
1254 3987 1362 4046 non
1395 3981 1543 4028 recte
1567 3972 1878 4042 scripsisse,
1919 3985 2042 4023 cum

483 4064 770 4127 dicerent,
838 4061 1102 4133 Spiritum
1145 4079 1241 4134 per
1285 4061 1480 4118 Filium
1528 4061 1850 4133 procedere,
1902 4060 2047 4127 amr-

486 4163 653 4218 ment,
681 4162 734 4215 et
763 4154 870 4210 alio
901 4170 1067 4211 sensu
1100 4169 1194 4209 eos
1231 4169 1325 4222 per
1359 4153 1657 4223 accepisse,
1689 4151 1835 4222 quod
1871 4165 2048 4220 neque

483 4245 641 4314 periti
696 4261 871 4315 neque
932 4246 1168 4315 theologi
1219 4245 1402 4299 fuerit.
1429 4244 1534 4299 Sed
1579 4242 1702 4313 quis
1745 4241 1946 4298 similia
1981 4242 2048 4294 de

486 4346 676 4392 sancta
702 4340 1042 4392 mcumenica
1093 4337 1304 4407 synodo
1334 4336 1570 4404 aliisque
1603 4348 1854 4389 asserere
1883 4332 2050 4386 aude-

487 4429 607 4483 ret?
635 4428 785 4482 Licet
813 4428 975 4483 Pater
1001 4428 1426 4498 Clirys’ostomus
1454 4427 1518 4480 ad
1550 4427 1768 4490 verbum
1801 4425 1916 4477 hac
1941 4431 2053 4475 tra-

488 4523 614 4573 dat:
655 4537 673 4569 (
715 4519 866 4574 Solet
889 4522 1033 4574 enim
1064 4534 1159 4587 per
1191 4521 1315 4580 hoc,
1357 4518 1488 4571 illud
1532 4518 1599 4570 ab
1629 4517 1735 4570 hoc
1765 4515 2050 4584 Scriptura

490 4624 775 4679 usurpare,
794 4618 851 4663 ut
880 4623 1002 4664 cum
1021 4609 1174 4672 dicit,
1205 4607 1426 4678 Possedi
1450 4607 1706 4661 hominem
1738 4621 1830 4674 per
1859 4605 2048 4668 Deum,

2145 3433 2515 3503 πορισαμένη.
2561 3429 2824 3493 Θεσπίξει
2856 3414 2962 3498 γὰρ
3003 3429 3064 3480 τὺ
3109 3427 3472 3496 Εὐαγγέλιον,
3507 3428 3711 3479 Πάντα

2141 3525 2216 3579 δι’
2248 3523 2434 3598 αὐτοῦ
2485 3520 2748 3591 ἐγένετο,
2785 3521 2880 3573 καὶ
2919 3521 3000 3573 Δι’
3029 3515 3101 3576 οὗ
3131 3519 3203 3574 τὰ
3228 3519 3426 3583 πάντα
3453 3518 3707 3586 ἐγένετο,

2141 3616 2204 3668 τὸ
2237 3615 2383 3685 ἱερὸν
2432 3612 2700 3682 σύμϐολον
2733 3609 3000 3680 ὁρίζεται.
3037 3611 3147 3664 Kal
3179 3610 3386 3675 Παῦλος
3416 3612 3446 3663 0
3475 3610 3709 3664 ἀπόστο-

2142 3707 2253 3771 λος,
2270 3708 2371 3758 Διὰ
2399 3702 2726 3771 θελήματος
2765 3694 2970 3769 Ἰησοῦ
2993 3700 3271 3768 Χριστοῦ,
3297 3703 3410 3766 καὶ,
3444 3703 3714 3769 Εὐλογη-

2144 3797 2247 3862 τὸς
2280 3799 2311 3849 δ
2350 3795 2518 3860 Θεὸς.
2549 3792 2629 3847 δι’
2651 3789 2722 3848 οὗ
2765 3793 3059 3861 ἐκλήθητε
3089 3794 3170 3858 εις
3210 3791 3543 3856 διακονίαν,
3572 3791 3718 3859 ειπερ

2144 3887 2316 3942 ταῦτα
2365 3886 2542 3938 πάντα
2585 3884 2764 3937 αίτίαν
2807 3886 3185 3952 σημαίνουσιν.
3223 3885 3293 3936 Ἢ
3329 3883 3461 3951 γοῦν
3519 3883 3616 3934 καὶ
3652 3883 3708 3933 ἐν

2145 3977 2357 4040 τούτοις
2402 3977 2476 4046 μὴ
2520 3974 2808 4045 σημαίνειν
2851 3975 3032 4027 αἰτίαν
3058 3973 3422 4043 φρονήτωσαν
3454 3973 3554 4043 τὴν
3586 3970 3710 4037 διὰ,

2147 4071 2244 4130 καὶ
2292 4069 2450 4139 κακῷ
2477 4069 2539 4122 τὸ
2586 4068 2755 4121 κακὸν
2799 4064 3338 4137 θεραπευέτωσαν,ἢ
3370 4065 3497 4126 τοὺς
3528 4063 3717 4129 ἁγίους

2152 4160 2226 4230 μὴ
2266 4160 2443 4229 ὀρθῶς
2498 4158 2836 4228 γράφοντας,
2891 4157 2951 4208 ἐν
2996 4153 3074 4225 τῷ
3121 4153 3304 4222 λέγειν
3349 4152 3418 4205 δι’
3470 4150 3605 4204 Υίοῦ
3656 4151 3720 4202 τὸ

2150 4248 2378 4317 Πνεῦμα
2404 4244 2805 4316 ἐκπορεύεσθαι
2830 4243 3162 4312 λεγέτωσαν,
3191 4243 3284 4295 καὶ
3305 4241 3478 4304 ἄλλως
3501 4241 3598 4312 τὴν
3623 4238 3723 4293 διὰ

2150 4339 2371 4406 τούτους
2414 4338 2577 4402 νοεῖν,
2613 4327 2772 4402 ὅπερ⁵
2801 4333 2922 4387 οὔτε
2971 4332 3357 4402 ἐπιστημόνων
3390 4332 3562 4396 ἐστὶν,
3596 4329 3722 4384 οὔτε

2153 4430 2441 4496 θεολόγων.
2499 4427 2663 4481 Ἀλλὰ
2693 4427 2776 4488 τίς
2810 4424 2990 4478 ταῦτα
3019 4424 3346 4493 τολμήσειεν
3386 4422 3725 4489 είπείνιπερὶ

2153 4522 2252 4588 τῆς
2301 4519 2464 4588 ἁγίας
2504 4516 2899 4587 οἱκουμενικῆς
2945 4514 3182 4584 ἑϐδόμης
3213 4512 3458 4578 συνόδου,
3488 4513 3586 4565 καὶ
3611 4512 3721 4564 τῶν

2155 4611 2394 4678 λοιπῶν;
2467 4609 2664 4678 Καίτοι
2696 4624 2761 4682 γε
2789 4606 2883 4659 τοῦ
2920 4604 3314 4676 Χρυσοστόμου
3345 4604 3560 4673 Πατρός
3583 4602 3725 4655 οὕτω

492 4719 598 4756 non
628 4699 947 4767 secundam,
967 4701 1060 4756 sed
1085 4701 1312 4770 primam
1335 4712 1556 4754 causam
1594 4699 1960 4767 exprimens,»
1999 4703 2046 4763 et

2159 4699 2339 4771 ῥητῶς
2379 4701 2663 4767 λέγοντος·
2708 4715 2730 4752 ι
2771 4693 2895 4751 Οῖδε
2938 4697 3046 4766 γὰρ
3094 4697 3154 4749 τὸ
3208 4695 3276 4748 δι’
3313 4695 3405 4759 οὗ,
3447 4696 3511 4747 τὸ
3541 4695 3634 4762 ὑφ’
3660 4688 3721 4746 οὗ

491 4809 613 4860 quae
641 4777 966 4862 sequuntur.
991 4789 1226 4847 Videsne
1261 4789 1446 4844 divum
1468 4789 1888 4867 besostomum
1912 4788 2054 4842 aﬂir-

491 4890 664 4946 lnarc,
682 4899 775 4951 per
790 4895 1012 4942 causam
1041 4881 1180 4951 apud
1197 4878 1534 4949 Scripturam
1566 4879 1797 4940 notare?
1827 4879 2054 4941 Divinas

497 4972 623 5026 item
651 4969 920 5027 Maximus
955 4971 1008 5024 in
1031 4969 1270 5039 Dialogis
1294 4969 1556 5024 adversus
1587 4970 1912 5023 Auomaaum
1941 4966 2052 5020 ait:

500 5080 518 5113 ι
560 5062 720 5118 Puris
744 5061 928 5128 omnia
957 5076 1092 5130 pura
1125 5060 1268 5130 apud
1293 5073 1392 5124 nos
1421 5060 1721 5134 secundum
1757 5058 2059 5127 Scriptum

497 5163 756 5210 mentem.
786 5153 888 5209 Per
932 5163 1081 5225 quem
1123 5155 1264 5210 idem
1323 5162 1443 5219 est,
1490 5167 1552 5206 ac
1592 5153 1637 5207 si
1703 5152 1942 5214 diceret.
1993 5163 2058 5211 ex

493 5261 618 5314 quo.
683 5266 702 5297 ι
768 5245 834 5300 Et
885 5247 1206 5316 superaddit
1253 5247 1610 5315 apostolicum
1659 5241 2055 5304 testimonium,

496 5354 617 5392 cum
653 5337 852 5392 Paulus
882 5338 1026 5394 dicat
1054 5357 1069 5393 :
1113 5336 1218 5391 Per
1241 5351 1414 5407 quem,
1463 5336 1638 5405 ﬁdelis
1672 5335 1829 5395 Deus,
1881 5331 2058 5395 vocati

493 5431 616 5484 estis
659 5431 713 5484 in
761 5429 1174 5485 miniiterium‘.
1205 5429 1267 5483 Et
1300 5429 1578 5499 Nyssenus
1619 5423 1932 5494 Gregorius,
1975 5421 2063 5482 Fi-

497 5521 630 5574 lium
665 5537 890 5575 causam
922 5530 1110 5591 aperte
1148 5520 1279 5576 dicit
1307 5519 1544 5586 Spiritus
1574 5518 1744 5574 sancti
1790 5517 1873 5571 bis
1908 5516 2066 5584 ipsis-

495 5613 652 5667 simis
693 5613 896 5678 verbis,
930 5613 1189 5668 Oratione
1223 5611 1288 5665 ad
1315 5611 1636 5665 Anommum
1670 5625 1686 5662 :
1725 5614 1744 5658 ὰ
1782 5607 2064 5676 Siquidem

499 5701 717 5769 aliquOd
769 5706 1152 5772 temporarium
1206 5701 1549 5757 intervallum
1601 5707 1900 5768 apponeret
1936 5697 2067 5752 Uni-

497 5791 665 5857 geniti
704 5792 1002 5862 bypostasi,
1038 5794 1130 5862 qui
1166 5792 1377 5847 Patrem
1410 5797 1532 5845 ante
1568 5789 1762 5843 Filium
1792 5785 1905 5842 sOla
1941 5803 2063 5842 catt-

571 5902 586 5934 ¹
625 5903 797 5961 lCor.
829 5919 863 5970 ι,
899 5904 948 5958 9.

2156 4790 2336 4856 λέγειν
2370 4791 2404 4858 ἡ
2437 4787 2653 4859 Γραφὴ,
2701 4787 2776 4849 ὡς
2821 4787 2950 4840 ὅταν
2980 4785 3138 4858 λέγῃ,
3194 4783 3580 4852 Ἑκτησάμην
3621 4781 3722 4835 ἆν-

2157 4885 2391 4949 θρωπον
2416 4877 2514 4932 διὰ
2542 4860 2648 4932 τοῦ
2682 4876 2853 4948 Θεοῦ,
2877 4877 2938 4929 ού
2967 4875 3029 4927 τὸ
3065 4875 3317 4944 δεύτερον
3351 4873 3546 4932 αἴτιον,
3586 4870 3724 4924 ἀλλὰ

2156 4973 2218 5023 τὸ
2253 4969 2468 5039 πρῶτον
2497 4967 2761 5020 τιθεῖσαν»
2787 4965 2883 5018 καὶ
2908 4963 2978 5018 τὰ
3015 4963 3164 5031 ἑξῆς.
3206 4963 3378 5031 Ὁρᾷς
3413 4963 3496 5013 ὅτι
3524 4961 3553 5012 0
3580 4959 3724 5018 θεῖος

2159 5062 2542 5132 Χρυσόστομος
2571 5057 2672 5127 τὴν
2701 5055 2800 5110 διὰ
2844 5055 3028 5108 αἰτίαν
3065 5053 3359 5124 σημαίνειν
3391 5052 3541 5119 λέγει
3573 5049 3725 5118 παρὰ

2161 5156 2227 5224 τῇ
2263 5154 2453 5223 Γραφῇ
2475 5168 2490 5217 ;
2515 5151 2624 5204 Kal
2654 5149 2683 5202 0
2712 5149 2854 5208 θεῖος
2883 5145 3134 5215 Μάξιμος
3179 5146 3238 5198 ἐν
3265 5143 3378 5205 τοῖς
3399 5141 3538 5212 πρὸς
3574 5140 3728 5192 Ἀνό-

2169 5261 2320 5315 μοιον
2350 5242 2618 5308 διαλόγοις
2647 5239 2804 5308 φησί’
2831 5238 2986 5306 (Τοῖς
3022 5236 3281 5304 καθαροῖς
3300 5235 3474 5288 πάντα
3507 5231 3726 5300 καθαρὰ

2167 5334 2448 5406 παρ’ήμῖν
2482 5330 2622 5396 κατὰ
2653 5334 2744 5381 τόν
2779 5327 3109 5393 σκοπδνντῆς
3149 5324 3392 5393 Γραςρῆς.
3432 5322 3506 5374 Τὸ
3549 5319 3625 5372 δι’
3647 5315 3722 5374 οὗ

2168 5422 2363 5487 ταυτόν
2394 5421 2509 5480 ἐστι
2529 5417 2606 5487 τῷ
2627 5415 2696 5486 ἐξ
2719 5410 2792 5470 οὗ
2807 5432 2821 5446 ο
2836 5431 2856 5466 ι
2885 5415 2978 5467 καὶ
2999 5412 3250 5482 ἐπιφέρει
3269 5409 3573 5480 μαρτυρίαν
3589 5409 3728 5460 ἁπο-

2167 5511 2443 5580 στολικὴν,
2471 5507 2664 5576 ἀμέλει
2712 5505 2863 5572 λέγει
2891 5505 2920 5555 0
2969 5500 3205 5565 Παῦλος,
3263 5499 3347 5552 Δι’
3379 5493 3476 5560 οὗ,
3508 5496 3728 5559 πιστός

2168 5607 2200 5658 ό
2234 5602 2402 5666 Θεὸς.
2432 5597 2730 5667 ἐκλήθητε
2767 5598 2856 5660 είς
2885 5591 3227 5647 διακονίαν.
3260 5590 3372 5644 Kal
3394 5591 3422 5642 0
3444 5588 3670 5656 Νύσσης
3697 5585 3729 5639 δ

2163 5691 2465 5763 Γρηγόριος
2495 5688 2588 5741 τὸν
2608 5686 2752 5763 ,Υιδν
2801 5683 2982 5737 αἰτίαν
3026 5683 3177 5750 λέγει
3209 5679 3396 5748 σαφῶς
3440 5678 3535 5731 τοῦ
3569 5676 3727 5744 ἁγίου

2167 5779 2503 5850 Πνεύματος,
2536 5775 2711 5843 λέγων
2745 5769 2918 5835 οὕτως
2953 5771 3012 5826 ἐν
3060 5768 3138 5839 τῷ
3167 5768 3302 5839 πρὸς
3325 5767 3417 5820 τὸν
3447 5763 3730 5836 Ἀνόμοιον
