  <div class='ocr_page' id='page_1' title='image "/cluster/home/n/w/nwhite01/storage/ocr_20150623/160/coo.31924054870658/114.png"; bbox 0 0 4102 6432; ppageno 0'>
   <div class='ocr_carea' id='block_1_1' title="bbox 381 486 486 551">
    <p class='ocr_par' dir='ltr' id='par_1_1' title="bbox 381 486 486 551">
     <span class='ocr_line' id='line_1_1' title="bbox 381 486 486 551; baseline -0.019 -1"><span class='ocrx_word' id='word_1_1' title='bbox 381 486 486 551; x_wconf 72' lang='grc'><strong>213</strong></span> 
     </span>
    </p>
   </div>
   <div class='ocr_carea' id='block_1_2' title="bbox 1503 493 2518 562">
    <p class='ocr_par' dir='ltr' id='par_1_2' title="bbox 1503 493 2518 562">
     <span class='ocr_line' id='line_1_2' title="bbox 1503 493 2518 562; baseline -0.004 -5"><span class='ocrx_word' id='word_1_2' title='bbox 1503 497 1599 559; x_wconf 81' lang='lat' dir='ltr'><strong>AD</strong></span> <span class='ocrx_word' id='word_1_3' title='bbox 1641 493 2002 562; x_wconf 65' lang='lat' dir='ltr'><strong>IMPERW.</strong></span> <span class='ocrx_word' id='word_1_4' title='bbox 2041 493 2518 553; x_wconf 76' lang='lat' dir='ltr'><strong>TRAPEZUNT.</strong></span> 
     </span>
    </p>
   </div>
   <div class='ocr_carea' id='block_1_3' title="bbox 3527 485 3671 548">
    <p class='ocr_par' dir='ltr' id='par_1_3' title="bbox 3527 485 3671 548">
     <span class='ocr_line' id='line_1_3' title="bbox 3527 485 3671 548; baseline 0.014 -2"><span class='ocrx_word' id='word_1_5' title='bbox 3527 485 3671 548; x_wconf 71' lang='grc'><strong>214“</strong></span> 
     </span>
    </p>
   </div>
   <div class='ocr_carea' id='block_1_4' title="bbox 327 582 1951 672">
    <p class='ocr_par' dir='ltr' id='par_1_4' title="bbox 327 595 1951 672">
     <span class='ocr_line' id='line_1_4' title="bbox 327 595 1951 672; baseline 0.001 -20"><span class='ocrx_word' id='word_1_6' title='bbox 327 595 338 608; x_wconf 87' lang='grc'><em>’</em></span> <span class='ocrx_word' id='word_1_7' title='bbox 384 598 583 668; x_wconf 79' lang='grc' dir='ltr'>πρώτῳ</span> <span class='ocrx_word' id='word_1_8' title='bbox 618 596 757 667; x_wconf 60' lang='grc' dir='ltr'>λόγῳ</span> <span class='ocrx_word' id='word_1_9' title='bbox 779 614 791 627; x_wconf 69' lang='grc' dir='ltr'>θ</span> <span class='ocrx_word' id='word_1_10' title='bbox 838 597 930 650; x_wconf 66' lang='lat' dir='ltr'><strong>(EE</strong></span> <span class='ocrx_word' id='word_1_11' title='bbox 961 601 1058 668; x_wconf 59' lang='lat' dir='ltr'><strong>pit-Ea</strong></span> <span class='ocrx_word' id='word_1_12' title='bbox 1086 618 1206 653; x_wconf 75' lang='grc' dir='ltr'>τινα</span> <span class='ocrx_word' id='word_1_13' title='bbox 1237 601 1496 672; x_wconf 72' lang='grc' dir='ltr'>χρονικὴν</span> <span class='ocrx_word' id='word_1_14' title='bbox 1519 603 1759 672; x_wconf 73' lang='grc' dir='ltr'>ἔμφασιν</span> <span class='ocrx_word' id='word_1_15' title='bbox 1786 604 1951 664; x_wconf 77' lang='grc' dir='ltr'>ὑπερ-</span> 
     </span>
    </p>
   </div>
   <div class='ocr_carea' id='block_1_5' title="bbox 2057 582 3636 672">
    <p class='ocr_par' dir='ltr' id='par_1_5' title="bbox 2061 582 3636 668">
     <span class='ocr_line' id='line_1_5' title="bbox 2061 582 3636 668; baseline -0.003 -16"><span class='ocrx_word' id='word_1_16' title='bbox 2061 615 2133 652; x_wconf 77' lang='grc' dir='ltr'><strong>εω</strong></span> <span class='ocrx_word' id='word_1_17' title='bbox 2170 601 2378 654; x_wconf 78' lang='lat' dir='ltr'><strong>ratione.</strong></span> <span class='ocrx_word' id='word_1_18' title='bbox 2425 599 2822 668; x_wconf 59' lang='lat' dir='ltr'><strong>pra-intelligit,</strong></span> <span class='ocrx_word' id='word_1_19' title='bbox 2871 615 2977 652; x_wconf 88' lang='lat' dir='ltr'><strong>non</strong></span> <span class='ocrx_word' id='word_1_20' title='bbox 3029 582 3328 666; x_wconf 74' lang='lat' dir='ltr'><strong>incongrue</strong></span> <span class='ocrx_word' id='word_1_21' title='bbox 3376 597 3520 648; x_wconf 89' lang='lat' dir='ltr'><strong>ratio</strong></span> <span class='ocrx_word' id='word_1_22' title='bbox 3569 597 3636 648; x_wconf 83' lang='lat' dir='ltr'><strong>de</strong></span> 
     </span>
    </p>
   </div>
   <div class='ocr_carea' id='block_1_6' title="bbox 382 689 1953 758">
    <p class='ocr_par' dir='ltr' id='par_1_6' title="bbox 382 689 1953 758">
     <span class='ocr_line' id='line_1_6' title="bbox 382 689 1953 758; baseline 0.002 -15"><span class='ocrx_word' id='word_1_23' title='bbox 382 690 548 744; x_wconf 86' lang='grc' dir='ltr'>ετίθει</span> <span class='ocrx_word' id='word_1_24' title='bbox 589 689 691 758; x_wconf 81' lang='grc' dir='ltr'>τῆς</span> <span class='ocrx_word' id='word_1_25' title='bbox 743 690 838 742; x_wconf 83' lang='grc' dir='ltr'><strong>τοῦ</strong></span> <span class='ocrx_word' id='word_1_26' title='bbox 882 691 1222 758; x_wconf 84' lang='grc' dir='ltr'>Μονογενοῦς</span> <span class='ocrx_word' id='word_1_27' title='bbox 1259 693 1612 756; x_wconf 77' lang='grc' dir='ltr'><strong>ὑποστάσεως</strong></span> <span class='ocrx_word' id='word_1_28' title='bbox 1645 697 1674 747; x_wconf 99' lang='lat'><strong>6</strong></span> <span class='ocrx_word' id='word_1_29' title='bbox 1706 693 1798 746; x_wconf 81' lang='grc' dir='ltr'>τὸν</span> <span class='ocrx_word' id='word_1_30' title='bbox 1843 694 1953 746; x_wconf 83' lang='grc' dir='ltr'>Πα-</span> 
     </span>
    </p>
   </div>
   <div class='ocr_carea' id='block_1_7' title="bbox 382 781 1953 854">
    <p class='ocr_par' dir='ltr' id='par_1_7' title="bbox 382 781 1953 854">
     <span class='ocr_line' id='line_1_7' title="bbox 382 781 1953 854; baseline 0.001 -18"><span class='ocrx_word' id='word_1_31' title='bbox 382 782 516 850; x_wconf 87' lang='grc' dir='ltr'>τέρα</span> <span class='ocrx_word' id='word_1_32' title='bbox 548 782 640 834; x_wconf 80' lang='grc' dir='ltr'><strong>τοῦ</strong></span> <span class='ocrx_word' id='word_1_33' title='bbox 677 781 808 835; x_wconf 88' lang='grc' dir='ltr'>Υίοῦ</span> <span class='ocrx_word' id='word_1_34' title='bbox 845 782 991 853; x_wconf 80' lang='grc' dir='ltr'>μόνῳ</span> <span class='ocrx_word' id='word_1_35' title='bbox 1033 783 1110 853; x_wconf 81' lang='grc' dir='ltr'>τῷ</span> <span class='ocrx_word' id='word_1_36' title='bbox 1144 786 1242 852; x_wconf 84' lang='grc' dir='ltr'>τῆς</span> <span class='ocrx_word' id='word_1_37' title='bbox 1288 785 1468 847; x_wconf 84' lang='grc' dir='ltr'>αίτίας</span> <span class='ocrx_word' id='word_1_38' title='bbox 1510 785 1653 854; x_wconf 73' lang='grc' dir='ltr'>λόγῳ</span> <span class='ocrx_word' id='word_1_39' title='bbox 1705 786 1953 854; x_wconf 55' lang='lat'><strong>3.0005(0-</strong></span> 
     </span>
    </p>
   </div>
   <div class='ocr_carea' id='block_1_8' title="bbox 386 874 1952 947">
    <p class='ocr_par' dir='ltr' id='par_1_8' title="bbox 386 874 1952 947">
     <span class='ocr_line' id='line_1_8' title="bbox 386 874 1952 947; baseline 0.001 -21"><span class='ocrx_word' id='word_1_40' title='bbox 386 875 516 945; x_wconf 76' lang='grc' dir='ltr'>ρῶν,</span> <span class='ocrx_word' id='word_1_41' title='bbox 551 875 774 937; x_wconf 77' lang='grc' dir='ltr'>εἰκότως</span> <span class='ocrx_word' id='word_1_42' title='bbox 799 874 866 930; x_wconf 78' lang='grc' dir='ltr'>ἂν</span> <span class='ocrx_word' id='word_1_43' title='bbox 896 877 924 928; x_wconf 89' lang='lat'><strong>6</strong></span> <span class='ocrx_word' id='word_1_44' title='bbox 955 876 1086 946; x_wconf 72' lang='grc' dir='ltr'>περὶ</span> <span class='ocrx_word' id='word_1_45' title='bbox 1125 876 1221 944; x_wconf 79' lang='grc' dir='ltr'>τῆς</span> <span class='ocrx_word' id='word_1_46' title='bbox 1253 876 1557 947; x_wconf 76' lang='grc' dir='ltr'>ἁῖδιότητος</span> <span class='ocrx_word' id='word_1_47' title='bbox 1608 879 1740 946; x_wconf 83' lang='grc' dir='ltr'>ἡμῖν</span> <span class='ocrx_word' id='word_1_48' title='bbox 1792 878 1952 943; x_wconf 85' lang='grc' dir='ltr'>λόγος</span> 
     </span>
    </p>
   </div>
   <div class='ocr_carea' id='block_1_9' title="bbox 386 967 1953 1040">
    <p class='ocr_par' dir='ltr' id='par_1_9' title="bbox 386 967 1953 1040">
     <span class='ocr_line' id='line_1_9' title="bbox 386 967 1953 1040; baseline 0.002 -20"><span class='ocrx_word' id='word_1_49' title='bbox 386 969 512 1037; x_wconf 85' lang='grc' dir='ltr'>περὶ</span> <span class='ocrx_word' id='word_1_50' title='bbox 541 967 633 1019; x_wconf 88' lang='grc' dir='ltr'><strong>τοῦ</strong></span> <span class='ocrx_word' id='word_1_51' title='bbox 659 967 790 1022; x_wconf 83' lang='grc' dir='ltr'>Υίοῦ</span> <span class='ocrx_word' id='word_1_52' title='bbox 826 967 1196 1023; x_wconf 78' lang='grc' dir='ltr'>ἒκινδυνεύετο</span> <span class='ocrx_word' id='word_1_53' title='bbox 1219 985 1233 1000; x_wconf 84' lang='grc'><em>’</em></span> <span class='ocrx_word' id='word_1_54' title='bbox 1274 989 1294 1022; x_wconf 76' lang='grc' dir='ltr'><strong>ι</strong></span> <span class='ocrx_word' id='word_1_55' title='bbox 1333 971 1426 1024; x_wconf 83' lang='grc' dir='ltr'>καὶ</span> <span class='ocrx_word' id='word_1_56' title='bbox 1459 968 1596 1040; x_wconf 75' lang='grc' dir='ltr'>μετά</span> <span class='ocrx_word' id='word_1_57' title='bbox 1629 987 1770 1024; x_wconf 74' lang='grc' dir='ltr'>τιναο</span> <span class='ocrx_word' id='word_1_58' title='bbox 1795 989 1819 1023; x_wconf 66' lang='grc' dir='ltr'><strong>ι</strong></span> <span class='ocrx_word' id='word_1_59' title='bbox 1843 970 1953 1033; x_wconf 79' lang='lat' dir='ltr'><strong>&#39;ﬂ;</strong></span> 
     </span>
    </p>
   </div>
   <div class='ocr_carea' id='block_1_10' title="bbox 386 1056 1949 1128">
    <p class='ocr_par' dir='ltr' id='par_1_10' title="bbox 386 1056 1949 1128">
     <span class='ocr_line' id='line_1_10' title="bbox 386 1056 1949 1128; baseline 0.004 -22"><span class='ocrx_word' id='word_1_60' title='bbox 386 1058 493 1126; x_wconf 64' lang='grc' dir='ltr'>γὰρ</span> <span class='ocrx_word' id='word_1_61' title='bbox 524 1057 850 1111; x_wconf 76' lang='grc' dir='ltr'><strong>συνάπτεται</strong></span> <span class='ocrx_word' id='word_1_62' title='bbox 875 1060 904 1110; x_wconf 87' lang='lat'><strong>6</strong></span> <span class='ocrx_word' id='word_1_63' title='bbox 933 1058 1060 1120; x_wconf 82' lang='grc' dir='ltr'>Υἱὸς</span> <span class='ocrx_word' id='word_1_64' title='bbox 1081 1057 1156 1128; x_wconf 88' lang='grc' dir='ltr'>τῷ</span> <span class='ocrx_word' id='word_1_65' title='bbox 1181 1060 1373 1128; x_wconf 67' lang='grc' dir='ltr'>Πατρὶ,</span> <span class='ocrx_word' id='word_1_66' title='bbox 1403 1062 1497 1113; x_wconf 76' lang='grc' dir='ltr'>καὶ</span> <span class='ocrx_word' id='word_1_67' title='bbox 1524 1060 1583 1125; x_wconf 78' lang='grc' dir='ltr'>ἐξ</span> <span class='ocrx_word' id='word_1_68' title='bbox 1609 1060 1775 1116; x_wconf 77' lang='grc' dir='ltr'>αὐτοῦ</span> <span class='ocrx_word' id='word_1_69' title='bbox 1807 1056 1949 1114; x_wconf 74' lang='grc' dir='ltr'>εἶναι</span> 
     </span>
    </p>
   </div>
   <div class='ocr_carea' id='block_1_11' title="bbox 388 1147 1952 1218">
    <p class='ocr_par' dir='ltr' id='par_1_11' title="bbox 388 1147 1952 1218">
     <span class='ocr_line' id='line_1_11' title="bbox 388 1147 1952 1218; baseline 0.003 -20"><span class='ocrx_word' id='word_1_70' title='bbox 388 1147 546 1216; x_wconf 77' lang='grc' dir='ltr'>ἔχων,</span> <span class='ocrx_word' id='word_1_71' title='bbox 575 1147 668 1216; x_wconf 65' lang='grc' dir='ltr'><strong>οὐχ</strong></span> <span class='ocrx_word' id='word_1_72' title='bbox 695 1147 967 1215; x_wconf 76' lang='grc' dir='ltr'><strong>ὑστερίζει</strong></span> <span class='ocrx_word' id='word_1_73' title='bbox 1001 1149 1143 1206; x_wconf 78' lang='grc' dir='ltr'>κατὰ</span> <span class='ocrx_word' id='word_1_74' title='bbox 1176 1149 1274 1218; x_wconf 85' lang='grc' dir='ltr'>τὴν</span> <span class='ocrx_word' id='word_1_75' title='bbox 1314 1149 1550 1218; x_wconf 74' lang='grc' dir='ltr'>ὓπαρξιν</span> <span class='ocrx_word' id='word_1_76' title='bbox 1571 1165 1584 1180; x_wconf 87' lang='grc'><strong>·</strong></span> <span class='ocrx_word' id='word_1_77' title='bbox 1616 1147 1758 1202; x_wconf 70' lang='grc' dir='ltr'>οὕτω</span> <span class='ocrx_word' id='word_1_78' title='bbox 1787 1150 1952 1204; x_wconf 77' lang='grc' dir='ltr'>πάλιν</span> 
     </span>
    </p>
   </div>
   <div class='ocr_carea' id='block_1_12' title="bbox 387 1237 1954 1308">
    <p class='ocr_par' dir='ltr' id='par_1_12' title="bbox 387 1237 1954 1308">
     <span class='ocr_line' id='line_1_12' title="bbox 387 1237 1954 1308; baseline 0.001 -18"><span class='ocrx_word' id='word_1_79' title='bbox 387 1239 478 1290; x_wconf 72' lang='grc' dir='ltr'><strong>καὶ</strong></span> <span class='ocrx_word' id='word_1_80' title='bbox 507 1238 597 1290; x_wconf 83' lang='grc' dir='ltr'><strong>τοῦ</strong></span> <span class='ocrx_word' id='word_1_81' title='bbox 627 1237 965 1306; x_wconf 81' lang='grc' dir='ltr'>Μονογενοῦς</span> <span class='ocrx_word' id='word_1_82' title='bbox 992 1239 1176 1308; x_wconf 82' lang='grc' dir='ltr'>ἔχεται</span> <span class='ocrx_word' id='word_1_83' title='bbox 1209 1241 1269 1291; x_wconf 77' lang='grc' dir='ltr'>τὸ</span> <span class='ocrx_word' id='word_1_84' title='bbox 1299 1238 1522 1308; x_wconf 82' lang='grc' dir='ltr'>Πνεῦμα</span> <span class='ocrx_word' id='word_1_85' title='bbox 1545 1239 1605 1292; x_wconf 78' lang='grc' dir='ltr'>τὸ</span> <span class='ocrx_word' id='word_1_86' title='bbox 1626 1241 1802 1306; x_wconf 79' lang='grc' dir='ltr'>ἅγιον,</span> <span class='ocrx_word' id='word_1_87' title='bbox 1832 1241 1954 1292; x_wconf 86' lang='grc' dir='ltr'>ἐπι-</span> 
     </span>
    </p>
   </div>
   <div class='ocr_carea' id='block_1_13' title="bbox 387 1329 1950 1402">
    <p class='ocr_par' dir='ltr' id='par_1_13' title="bbox 387 1329 1950 1402">
     <span class='ocr_line' id='line_1_13' title="bbox 387 1329 1950 1402; baseline 0.001 -20"><span class='ocrx_word' id='word_1_88' title='bbox 387 1330 502 1400; x_wconf 66' lang='grc' dir='ltr'>νοίᾳ</span> <span class='ocrx_word' id='word_1_89' title='bbox 539 1333 674 1400; x_wconf 80' lang='grc' dir='ltr'>μόνῃ</span> <span class='ocrx_word' id='word_1_90' title='bbox 712 1333 852 1383; x_wconf 76' lang='grc' dir='ltr'>κατὰ</span> <span class='ocrx_word' id='word_1_91' title='bbox 885 1331 976 1382; x_wconf 86' lang='grc' dir='ltr'><strong>τδν</strong></span> <span class='ocrx_word' id='word_1_92' title='bbox 1007 1331 1105 1398; x_wconf 84' lang='grc' dir='ltr'>τῆς</span> <span class='ocrx_word' id='word_1_93' title='bbox 1129 1329 1310 1394; x_wconf 75' lang='grc' dir='ltr'>αἰτίας</span> <span class='ocrx_word' id='word_1_94' title='bbox 1348 1331 1506 1400; x_wconf 85' lang='grc' dir='ltr'>λόγον</span> <span class='ocrx_word' id='word_1_95' title='bbox 1532 1332 1950 1402; x_wconf 75' lang='grc' dir='ltr'>προθεωρουμέ-</span> 
     </span>
    </p>
   </div>
   <div class='ocr_carea' id='block_1_14' title="bbox 386 1421 1952 1492">
    <p class='ocr_par' dir='ltr' id='par_1_14' title="bbox 386 1421 1952 1492">
     <span class='ocr_line' id='line_1_14' title="bbox 386 1421 1952 1492; baseline 0.003 -22"><span class='ocrx_word' id='word_1_96' title='bbox 386 1437 496 1484; x_wconf 79' lang='grc' dir='ltr'>νου,</span> <span class='ocrx_word' id='word_1_97' title='bbox 527 1425 623 1489; x_wconf 83' lang='grc' dir='ltr'>τῆς</span> <span class='ocrx_word' id='word_1_98' title='bbox 651 1421 743 1475; x_wconf 82' lang='grc' dir='ltr'><strong>τοῦ</strong></span> <span class='ocrx_word' id='word_1_99' title='bbox 782 1421 1097 1489; x_wconf 73' lang='grc' dir='ltr'>Πνεύματος</span> <span class='ocrx_word' id='word_1_100' title='bbox 1127 1422 1503 1482; x_wconf 76' lang='grc' dir='ltr'>ὑποστάσεως.</span> <span class='ocrx_word' id='word_1_101' title='bbox 1549 1441 1567 1474; x_wconf 74' lang='grc' dir='ltr'><strong>ι</strong></span> <span class='ocrx_word' id='word_1_102' title='bbox 1609 1425 1719 1476; x_wconf 75' lang='grc' dir='ltr'><strong>Καὶ</strong></span> <span class='ocrx_word' id='word_1_103' title='bbox 1747 1423 1952 1492; x_wconf 78' lang='grc' dir='ltr'>Κύριλ-</span> 
     </span>
    </p>
   </div>
   <div class='ocr_carea' id='block_1_15' title="bbox 386 1511 1948 1583">
    <p class='ocr_par' dir='ltr' id='par_1_15' title="bbox 386 1511 1948 1583">
     <span class='ocr_line' id='line_1_15' title="bbox 386 1511 1948 1583; baseline 0.002 -21"><span class='ocrx_word' id='word_1_104' title='bbox 386 1511 472 1572; x_wconf 82' lang='grc' dir='ltr'><strong>λος</strong></span> <span class='ocrx_word' id='word_1_105' title='bbox 503 1513 558 1564; x_wconf 81' lang='grc' dir='ltr'>δὲ</span> <span class='ocrx_word' id='word_1_106' title='bbox 586 1514 612 1564; x_wconf 92' lang='lat'><strong>6</strong></span> <span class='ocrx_word' id='word_1_107' title='bbox 647 1513 932 1574; x_wconf 71' lang='grc' dir='ltr'>θεσπέσιος</span> <span class='ocrx_word' id='word_1_108' title='bbox 955 1515 1012 1565; x_wconf 85' lang='grc' dir='ltr'>ὲν</span> <span class='ocrx_word' id='word_1_109' title='bbox 1042 1515 1152 1576; x_wconf 83' lang='grc' dir='ltr'>τοῖς</span> <span class='ocrx_word' id='word_1_110' title='bbox 1182 1515 1521 1582; x_wconf 81' lang='grc' dir='ltr'>Θησαυροῖς</span> <span class='ocrx_word' id='word_1_111' title='bbox 1549 1516 1607 1567; x_wconf 87' lang='grc' dir='ltr'>ὲν</span> <span class='ocrx_word' id='word_1_112' title='bbox 1633 1514 1948 1583; x_wconf 81' lang='grc' dir='ltr'><strong>τριακοστῷ</strong></span> 
     </span>
    </p>
   </div>
   <div class='ocr_carea' id='block_1_16' title="bbox 345 1568 1946 1710">
    <p class='ocr_par' dir='ltr' id='par_1_16' title="bbox 345 1568 1946 1710">
     <span class='ocr_line' id='line_1_16' title="bbox 345 1568 1946 1710; baseline 0.005 -57"><span class='ocrx_word' id='word_1_113' title='bbox 345 1568 550 1710; x_wconf 43' lang='grc' dir='ltr'>ἰτρίτῳ</span> <span class='ocrx_word' id='word_1_114' title='bbox 585 1604 865 1675; x_wconf 75' lang='grc' dir='ltr'><strong>κεφαλαίῳ</strong></span> <span class='ocrx_word' id='word_1_115' title='bbox 891 1568 1060 1674; x_wconf 70' lang='grc' dir='ltr'>ιρησίν</span> <span class='ocrx_word' id='word_1_116' title='bbox 1080 1622 1095 1636; x_wconf 78' lang='grc' dir='ltr'><strong><em>ο</em></strong></span> <span class='ocrx_word' id='word_1_117' title='bbox 1189 1568 1320 1660; x_wconf 65' lang='grc' dir='ltr'>’Πτε</span> <span class='ocrx_word' id='word_1_118' title='bbox 1362 1568 1545 1660; x_wconf 63' lang='grc' dir='ltr'>τοίνύν</span> <span class='ocrx_word' id='word_1_119' title='bbox 1576 1568 1946 1670; x_wconf 46' lang='grc' dir='ltr'><strong>εἷςέστιΚύζ</strong></span> 
     </span>
    </p>
   </div>
   <div class='ocr_carea' id='block_1_17' title="bbox 349 1691 1948 1770">
    <p class='ocr_par' dir='ltr' id='par_1_17' title="bbox 349 1691 1948 1770">
     <span class='ocr_line' id='line_1_17' title="bbox 349 1691 1948 1770; baseline 0.004 -28"><span class='ocrx_word' id='word_1_120' title='bbox 349 1691 499 1770; x_wconf 56' lang='grc' dir='ltr'>ξριος</span> <span class='ocrx_word' id='word_1_121' title='bbox 536 1691 746 1760; x_wconf 82' lang='grc' dir='ltr'>Ἰησοῦς</span> <span class='ocrx_word' id='word_1_122' title='bbox 781 1695 1014 1762; x_wconf 83' lang='grc' dir='ltr'>Χριστὸς</span> <span class='ocrx_word' id='word_1_123' title='bbox 1043 1696 1181 1749; x_wconf 83' lang='grc' dir='ltr'>κατὰ</span> <span class='ocrx_word' id='word_1_124' title='bbox 1225 1696 1324 1766; x_wconf 82' lang='grc' dir='ltr'><strong>τὴν</strong></span> <span class='ocrx_word' id='word_1_125' title='bbox 1365 1696 1459 1750; x_wconf 72' lang='grc' dir='ltr'><strong>τοῦ</strong></span> <span class='ocrx_word' id='word_1_126' title='bbox 1496 1697 1706 1750; x_wconf 86' lang='grc' dir='ltr'>Παύλου</span> <span class='ocrx_word' id='word_1_127' title='bbox 1740 1697 1948 1768; x_wconf 77' lang='grc' dir='ltr'>φωνὴν,</span> 
     </span>
    </p>
   </div>
   <div class='ocr_carea' id='block_1_18' title="bbox 345 1783 1951 1862">
    <p class='ocr_par' dir='ltr' id='par_1_18' title="bbox 345 1783 1951 1862">
     <span class='ocr_line' id='line_1_18' title="bbox 345 1783 1951 1862; baseline 0.006 -28"><span class='ocrx_word' id='word_1_128' title='bbox 345 1783 584 1862; x_wconf 42' lang='grc' dir='ltr'>ζ’Κύριον</span> <span class='ocrx_word' id='word_1_129' title='bbox 618 1784 675 1836; x_wconf 78' lang='grc' dir='ltr'>δὲ</span> <span class='ocrx_word' id='word_1_130' title='bbox 706 1787 764 1838; x_wconf 82' lang='grc' dir='ltr'>τὸ</span> <span class='ocrx_word' id='word_1_131' title='bbox 796 1787 1022 1856; x_wconf 81' lang='grc' dir='ltr'>Πνεῦμα</span> <span class='ocrx_word' id='word_1_132' title='bbox 1051 1789 1227 1851; x_wconf 83' lang='grc' dir='ltr'>καλεῖ,</span> <span class='ocrx_word' id='word_1_133' title='bbox 1301 1789 1560 1859; x_wconf 81' lang='grc' dir='ltr'>οὐδεμίαν</span> <span class='ocrx_word' id='word_1_134' title='bbox 1591 1787 1699 1859; x_wconf 82' lang='grc' dir='ltr'>ἄρα</span> <span class='ocrx_word' id='word_1_135' title='bbox 1731 1790 1951 1860; x_wconf 77' lang='grc' dir='ltr'>φύσεως</span> 
     </span>
    </p>
   </div>
   <div class='ocr_carea' id='block_1_19' title="bbox 359 1874 1946 1955">
    <p class='ocr_par' dir='ltr' id='par_1_19' title="bbox 359 1874 1946 1955">
     <span class='ocr_line' id='line_1_19' title="bbox 359 1874 1946 1955; baseline 0.005 -29"><span class='ocrx_word' id='word_1_136' title='bbox 359 1874 638 1955; x_wconf 29' lang='grc' dir='ltr'>,διαφορὰν</span> <span class='ocrx_word' id='word_1_137' title='bbox 668 1876 759 1929; x_wconf 82' lang='grc' dir='ltr'><strong>τοῦ</strong></span> <span class='ocrx_word' id='word_1_138' title='bbox 792 1877 922 1930; x_wconf 60' lang='grc' dir='ltr'>Υίπῦ</span> <span class='ocrx_word' id='word_1_139' title='bbox 950 1882 1045 1931; x_wconf 76' lang='grc' dir='ltr'>καὶ</span> <span class='ocrx_word' id='word_1_140' title='bbox 1076 1879 1412 1948; x_wconf 85' lang='grc' dir='ltr'>Πνεύματος,</span> <span class='ocrx_word' id='word_1_141' title='bbox 1434 1880 1646 1944; x_wconf 77' lang='grc' dir='ltr'>ἀλλ’ὡς</span> <span class='ocrx_word' id='word_1_142' title='bbox 1669 1881 1728 1946; x_wconf 77' lang='grc' dir='ltr'><strong>ἐξ</strong></span> <span class='ocrx_word' id='word_1_143' title='bbox 1755 1880 1946 1948; x_wconf 83' lang='grc' dir='ltr'>αὑτοῦ,</span> 
     </span>
    </p>
   </div>
   <div class='ocr_carea' id='block_1_20' title="bbox 381 1967 1946 2042">
    <p class='ocr_par' dir='ltr' id='par_1_20' title="bbox 381 1967 1946 2042">
     <span class='ocr_line' id='line_1_20' title="bbox 381 1967 1946 2042; baseline 0.005 -26"><span class='ocrx_word' id='word_1_144' title='bbox 381 1967 472 2016; x_wconf 78' lang='grc' dir='ltr'><strong>καὶ</strong></span> <span class='ocrx_word' id='word_1_145' title='bbox 500 1968 553 2018; x_wconf 79' lang='grc' dir='ltr'>ὲν</span> <span class='ocrx_word' id='word_1_146' title='bbox 585 1967 732 2036; x_wconf 81' lang='grc' dir='ltr'><strong>αὐτῷ</strong></span> <span class='ocrx_word' id='word_1_147' title='bbox 768 1970 1016 2035; x_wconf 70' lang='grc' dir='ltr'>φυσικῶς</span> <span class='ocrx_word' id='word_1_148' title='bbox 1067 1971 1331 2041; x_wconf 81' lang='grc' dir='ltr'><strong>ὑπάρχων</strong></span> <span class='ocrx_word' id='word_1_149' title='bbox 1362 1971 1441 2042; x_wconf 85' lang='grc' dir='ltr'>τῷ</span> <span class='ocrx_word' id='word_1_150' title='bbox 1493 1973 1593 2041; x_wconf 86' lang='grc' dir='ltr'>τῆς</span> <span class='ocrx_word' id='word_1_151' title='bbox 1624 1974 1946 2042; x_wconf 82' lang='grc' dir='ltr'>κυριότητος</span> 
     </span>
    </p>
   </div>
   <div class='ocr_carea' id='block_1_21' title="bbox 377 2056 1948 2130">
    <p class='ocr_par' dir='ltr' id='par_1_21' title="bbox 377 2056 1948 2130">
     <span class='ocr_line' id='line_1_21' title="bbox 377 2056 1948 2130; baseline 0.004 -22"><span class='ocrx_word' id='word_1_152' title='bbox 377 2056 602 2124; x_wconf 78' lang='grc' dir='ltr'>ὀνόματι</span> <span class='ocrx_word' id='word_1_153' title='bbox 630 2059 803 2113; x_wconf 83' lang='grc' dir='ltr'>καλεῖ.</span> <span class='ocrx_word' id='word_1_154' title='bbox 847 2079 866 2111; x_wconf 73' lang='grc' dir='ltr'><strong>ι</strong></span> <span class='ocrx_word' id='word_1_155' title='bbox 911 2061 1020 2113; x_wconf 83' lang='grc' dir='ltr'><strong>Καὶ</strong></span> <span class='ocrx_word' id='word_1_156' title='bbox 1047 2062 1099 2114; x_wconf 89' lang='grc' dir='ltr'><strong>τί</strong></span> <span class='ocrx_word' id='word_1_157' title='bbox 1128 2058 1208 2114; x_wconf 80' lang='grc' dir='ltr'><strong>δεῖ</strong></span> <span class='ocrx_word' id='word_1_158' title='bbox 1253 2063 1432 2116; x_wconf 81' lang='grc' dir='ltr'>πάντα</span> <span class='ocrx_word' id='word_1_159' title='bbox 1463 2065 1570 2115; x_wconf 87' lang='grc' dir='ltr'>τῶν</span> <span class='ocrx_word' id='word_1_160' title='bbox 1612 2063 1783 2128; x_wconf 82' lang='grc' dir='ltr'><strong>ἁγίων</strong></span> <span class='ocrx_word' id='word_1_161' title='bbox 1813 2079 1948 2130; x_wconf 84' lang='grc' dir='ltr'>προ-</span> 
     </span>
    </p>
   </div>
   <div class='ocr_carea' id='block_1_22' title="bbox 375 2147 1945 2222">
    <p class='ocr_par' dir='ltr' id='par_1_22' title="bbox 375 2147 1945 2222">
     <span class='ocr_line' id='line_1_22' title="bbox 375 2147 1945 2222; baseline 0.003 -23"><span class='ocrx_word' id='word_1_162' title='bbox 375 2147 600 2212; x_wconf 79' lang='grc' dir='ltr'><strong>τιθέναι,</strong></span> <span class='ocrx_word' id='word_1_163' title='bbox 626 2149 770 2218; x_wconf 76' lang='grc' dir='ltr'>ἅπερ</span> <span class='ocrx_word' id='word_1_164' title='bbox 805 2150 974 2204; x_wconf 82' lang='grc' dir='ltr'>πολλὰ</span> <span class='ocrx_word' id='word_1_165' title='bbox 1020 2151 1149 2206; x_wconf 79' lang='grc' dir='ltr'>ὅντα</span> <span class='ocrx_word' id='word_1_166' title='bbox 1185 2153 1267 2216; x_wconf 84' lang='grc' dir='ltr'><strong>είς</strong></span> <span class='ocrx_word' id='word_1_167' title='bbox 1319 2153 1492 2222; x_wconf 84' lang='grc' dir='ltr'>μῆκος</span> <span class='ocrx_word' id='word_1_168' title='bbox 1524 2152 1613 2206; x_wconf 86' lang='grc' dir='ltr'>τὸν</span> <span class='ocrx_word' id='word_1_169' title='bbox 1656 2153 1812 2222; x_wconf 91' lang='grc' dir='ltr'>λόγον</span> <span class='ocrx_word' id='word_1_170' title='bbox 1854 2153 1945 2222; x_wconf 63' lang='lat' dir='ltr'><strong>sx-</strong></span> 
     </span>
    </p>
   </div>
   <div class='ocr_carea' id='block_1_23' title="bbox 375 2241 1946 2314">
    <p class='ocr_par' dir='ltr' id='par_1_23' title="bbox 375 2241 1946 2314">
     <span class='ocr_line' id='line_1_23' title="bbox 375 2241 1946 2314; baseline 0.003 -22"><span class='ocrx_word' id='word_1_171' title='bbox 375 2241 539 2292; x_wconf 79' lang='grc' dir='ltr'>τείνει</span> <span class='ocrx_word' id='word_1_172' title='bbox 567 2259 580 2306; x_wconf 87' lang='lat'><strong>;</strong></span> <span class='ocrx_word' id='word_1_173' title='bbox 619 2242 712 2293; x_wconf 77' lang='grc' dir='ltr'>καὶ</span> <span class='ocrx_word' id='word_1_174' title='bbox 752 2241 924 2295; x_wconf 86' lang='grc' dir='ltr'>ταῦτα</span> <span class='ocrx_word' id='word_1_175' title='bbox 955 2245 1012 2296; x_wconf 80' lang='grc' dir='ltr'>ὲν</span> <span class='ocrx_word' id='word_1_176' title='bbox 1043 2245 1164 2306; x_wconf 79' lang='grc' dir='ltr'>ταῖς</span> <span class='ocrx_word' id='word_1_177' title='bbox 1195 2243 1331 2314; x_wconf 75' lang='grc' dir='ltr'>πρὸς</span> <span class='ocrx_word' id='word_1_178' title='bbox 1363 2245 1452 2296; x_wconf 72' lang='grc' dir='ltr'>τὸν</span> <span class='ocrx_word' id='word_1_179' title='bbox 1497 2243 1781 2312; x_wconf 72' lang='grc' dir='ltr'>αἰδέσιμον</span> <span class='ocrx_word' id='word_1_180' title='bbox 1803 2246 1946 2298; x_wconf 76' lang='grc' dir='ltr'>ἐκεῖ·</span> 
     </span>
    </p>
   </div>
   <div class='ocr_carea' id='block_1_24' title="bbox 377 2332 1946 2406">
    <p class='ocr_par' dir='ltr' id='par_1_24' title="bbox 377 2332 1946 2406">
     <span class='ocr_line' id='line_1_24' title="bbox 377 2332 1946 2406; baseline 0.004 -23"><span class='ocrx_word' id='word_1_181' title='bbox 377 2349 465 2384; x_wconf 92' lang='grc' dir='ltr'><strong>νον</strong></span> <span class='ocrx_word' id='word_1_182' title='bbox 512 2332 741 2400; x_wconf 79' lang='grc' dir='ltr'>Ἐφέσου</span> <span class='ocrx_word' id='word_1_183' title='bbox 768 2335 1111 2402; x_wconf 77' lang='grc' dir='ltr'>ἀπολογίαις,</span> <span class='ocrx_word' id='word_1_184' title='bbox 1137 2336 1218 2389; x_wconf 78' lang='grc' dir='ltr'>ἔτι</span> <span class='ocrx_word' id='word_1_185' title='bbox 1252 2337 1535 2406; x_wconf 83' lang='grc' dir='ltr'>περιόντος</span> <span class='ocrx_word' id='word_1_186' title='bbox 1565 2335 1658 2391; x_wconf 87' lang='grc' dir='ltr'><strong>τοῦ</strong></span> <span class='ocrx_word' id='word_1_187' title='bbox 1687 2337 1825 2406; x_wconf 84' lang='grc' dir='ltr'>βίου,</span> <span class='ocrx_word' id='word_1_188' title='bbox 1853 2339 1946 2405; x_wconf 75' lang='grc' dir='ltr'><strong>ἐγ-</strong></span> 
     </span>
    </p>
   </div>
   <div class='ocr_carea' id='block_1_25' title="bbox 378 2422 1945 2500">
    <p class='ocr_par' dir='ltr' id='par_1_25' title="bbox 378 2422 1945 2500">
     <span class='ocr_line' id='line_1_25' title="bbox 378 2422 1945 2500; baseline 0.001 -22"><span class='ocrx_word' id='word_1_189' title='bbox 378 2422 733 2492; x_wconf 81' lang='grc' dir='ltr'>χαράξαντες,</span> <span class='ocrx_word' id='word_1_190' title='bbox 756 2426 860 2478; x_wconf 78' lang='grc' dir='ltr'><strong>’καὶ</strong></span> <span class='ocrx_word' id='word_1_191' title='bbox 892 2425 1030 2494; x_wconf 74' lang='grc' dir='ltr'>πρὸς</span> <span class='ocrx_word' id='word_1_192' title='bbox 1061 2425 1255 2490; x_wconf 77' lang='grc' dir='ltr'>ἄλλους</span> <span class='ocrx_word' id='word_1_193' title='bbox 1283 2429 1409 2490; x_wconf 73' lang='grc' dir='ltr'>τοὺς</span> <span class='ocrx_word' id='word_1_194' title='bbox 1440 2428 1634 2500; x_wconf 77' lang='grc' dir='ltr'>ἐκείνῳ</span> <span class='ocrx_word' id='word_1_195' title='bbox 1656 2427 1945 2493; x_wconf 77' lang='grc' dir='ltr'>ἐξακολου-</span> 
     </span>
    </p>
   </div>
   <div class='ocr_carea' id='block_1_26' title="bbox 381 2511 1943 2590">
    <p class='ocr_par' dir='ltr' id='par_1_26' title="bbox 381 2511 1943 2590">
     <span class='ocr_line' id='line_1_26' title="bbox 381 2511 1943 2590; baseline 0.003 -24"><span class='ocrx_word' id='word_1_196' title='bbox 381 2511 624 2570; x_wconf 78' lang='grc' dir='ltr'>Θοῦνταε.</span> <span class='ocrx_word' id='word_1_197' title='bbox 658 2516 750 2568; x_wconf 74' lang='grc' dir='ltr'>Διὸ</span> <span class='ocrx_word' id='word_1_198' title='bbox 775 2516 966 2586; x_wconf 81' lang='grc' dir='ltr'>ἀρκεῖν</span> <span class='ocrx_word' id='word_1_199' title='bbox 993 2517 1276 2590; x_wconf 77' lang='grc' dir='ltr'><strong>ἡγούμεθα</strong></span> <span class='ocrx_word' id='word_1_200' title='bbox 1305 2519 1401 2573; x_wconf 80' lang='grc' dir='ltr'>καὶ</span> <span class='ocrx_word' id='word_1_201' title='bbox 1433 2521 1594 2589; x_wconf 88' lang='grc' dir='ltr'>μόνον</span> <span class='ocrx_word' id='word_1_202' title='bbox 1618 2519 1943 2589; x_wconf 71' lang='grc' dir='ltr'>ἐμφανίσαι,</span> 
     </span>
    </p>
   </div>
   <div class='ocr_carea' id='block_1_27' title="bbox 380 2604 1948 2686">
    <p class='ocr_par' dir='ltr' id='par_1_27' title="bbox 380 2604 1948 2686">
     <span class='ocr_line' id='line_1_27' title="bbox 380 2604 1948 2686; baseline 0.005 -31"><span class='ocrx_word' id='word_1_203' title='bbox 380 2604 523 2673; x_wconf 75' lang='grc' dir='ltr'>ὁτιή</span> <span class='ocrx_word' id='word_1_204' title='bbox 573 2605 735 2676; x_wconf 65' lang='grc' dir='ltr'>όιιδόη</span> <span class='ocrx_word' id='word_1_205' title='bbox 771 2607 992 2671; x_wconf 79' lang='grc' dir='ltr'>σύνοδος</span> <span class='ocrx_word' id='word_1_206' title='bbox 1038 2611 1104 2679; x_wconf 77' lang='grc' dir='ltr'>τῇ</span> <span class='ocrx_word' id='word_1_207' title='bbox 1142 2610 1249 2682; x_wconf 88' lang='grc' dir='ltr'><strong>πρδ</strong></span> <span class='ocrx_word' id='word_1_208' title='bbox 1295 2611 1466 2678; x_wconf 73' lang='grc' dir='ltr'>αὐτῆς</span> <span class='ocrx_word' id='word_1_209' title='bbox 1512 2610 1716 2686; x_wconf 70' lang='grc' dir='ltr'>ἑϐδόμῃ</span> <span class='ocrx_word' id='word_1_210' title='bbox 1755 2612 1948 2676; x_wconf 57' lang='grc' dir='ltr'>ὲξακοφ</span> 
     </span>
    </p>
   </div>
   <div class='ocr_carea' id='block_1_28' title="bbox 383 2691 1946 2771">
    <p class='ocr_par' dir='ltr' id='par_1_28' title="bbox 383 2691 1946 2771">
     <span class='ocr_line' id='line_1_28' title="bbox 383 2691 1946 2771; baseline 0.005 -25"><span class='ocrx_word' id='word_1_211' title='bbox 383 2695 668 2764; x_wconf 83' lang='grc' dir='ltr'>λουθοῦσα,</span> <span class='ocrx_word' id='word_1_212' title='bbox 700 2699 852 2752; x_wconf 76' lang='grc' dir='ltr'>οὐδὲν</span> <span class='ocrx_word' id='word_1_213' title='bbox 879 2699 1066 2755; x_wconf 87' lang='grc' dir='ltr'>καινὸν</span> <span class='ocrx_word' id='word_1_214' title='bbox 1094 2701 1273 2770; x_wconf 78' lang='grc' dir='ltr'>δόγμα</span> <span class='ocrx_word' id='word_1_215' title='bbox 1299 2691 1533 2771; x_wconf 78' lang='grc' dir='ltr'>είσῆξεν,</span> <span class='ocrx_word' id='word_1_216' title='bbox 1559 2701 1696 2754; x_wconf 70' lang='grc' dir='ltr'>ἀλλὰ</span> <span class='ocrx_word' id='word_1_217' title='bbox 1727 2702 1824 2771; x_wconf 78' lang='grc' dir='ltr'>τὴν</span> <span class='ocrx_word' id='word_1_218' title='bbox 1847 2701 1946 2754; x_wconf 82' lang='grc' dir='ltr'>διὰ</span> 
     </span>
    </p>
   </div>
   <div class='ocr_carea' id='block_1_29' title="bbox 385 2777 1946 2862">
    <p class='ocr_par' dir='ltr' id='par_1_29' title="bbox 385 2777 1946 2862">
     <span class='ocr_line' id='line_1_29' title="bbox 385 2777 1946 2862; baseline 0.004 -24"><span class='ocrx_word' id='word_1_219' title='bbox 385 2785 728 2858; x_wconf 71' lang='grc' dir='ltr'>διεσάφησεν,</span> <span class='ocrx_word' id='word_1_220' title='bbox 755 2792 820 2860; x_wconf 81' lang='grc' dir='ltr'>ἢν</span> <span class='ocrx_word' id='word_1_221' title='bbox 843 2792 982 2861; x_wconf 85' lang='grc' dir='ltr'>αῦτη</span> <span class='ocrx_word' id='word_1_222' title='bbox 1006 2793 1136 2862; x_wconf 77' lang='grc' dir='ltr'>περὶ</span> <span class='ocrx_word' id='word_1_223' title='bbox 1157 2793 1252 2845; x_wconf 89' lang='grc' dir='ltr'><strong>τοῦ</strong></span> <span class='ocrx_word' id='word_1_224' title='bbox 1275 2793 1434 2859; x_wconf 79' lang='grc' dir='ltr'>ἁγίου</span> <span class='ocrx_word' id='word_1_225' title='bbox 1457 2777 1778 2862; x_wconf 21' lang='grc' dir='ltr'>Πνεύματοκς</span> <span class='ocrx_word' id='word_1_226' title='bbox 1802 2792 1946 2845; x_wconf 81' lang='grc' dir='ltr'>ὲοεο-</span> 
     </span>
    </p>
   </div>
   <div class='ocr_carea' id='block_1_30' title="bbox 383 2876 1947 2952">
    <p class='ocr_par' dir='ltr' id='par_1_30' title="bbox 383 2876 1947 2952">
     <span class='ocr_line' id='line_1_30' title="bbox 383 2876 1947 2952; baseline 0.006 -26"><span class='ocrx_word' id='word_1_227' title='bbox 383 2876 582 2946; x_wconf 82' lang='grc' dir='ltr'>λὸγησε</span> <span class='ocrx_word' id='word_1_228' title='bbox 613 2880 704 2932; x_wconf 76' lang='grc' dir='ltr'>καὶ</span> <span class='ocrx_word' id='word_1_229' title='bbox 745 2882 792 2932; x_wconf 75' lang='lat' dir='ltr'><strong>oi</strong></span> <span class='ocrx_word' id='word_1_230' title='bbox 837 2881 944 2951; x_wconf 78' lang='grc' dir='ltr'><strong>πρὸ</strong></span> <span class='ocrx_word' id='word_1_231' title='bbox 975 2881 1145 2950; x_wconf 80' lang='grc' dir='ltr'>αὐτῆς</span> <span class='ocrx_word' id='word_1_232' title='bbox 1180 2882 1326 2949; x_wconf 77' lang='grc' dir='ltr'>ἆγιοι</span> <span class='ocrx_word' id='word_1_233' title='bbox 1358 2882 1601 2952; x_wconf 81' lang='grc' dir='ltr'>Πατέρες</span> <span class='ocrx_word' id='word_1_234' title='bbox 1635 2884 1727 2935; x_wconf 71' lang='grc' dir='ltr'>καὶ</span> <span class='ocrx_word' id='word_1_235' title='bbox 1757 2881 1947 2948; x_wconf 76' lang='grc' dir='ltr'>θεοφό-</span> 
     </span>
    </p>
   </div>
   <div class='ocr_carea' id='block_1_31' title="bbox 388 2969 1950 3043">
    <p class='ocr_par' dir='ltr' id='par_1_31' title="bbox 388 2969 1950 3043">
     <span class='ocr_line' id='line_1_31' title="bbox 388 2969 1950 3043; baseline 0.004 -25"><span class='ocrx_word' id='word_1_236' title='bbox 388 2983 491 3035; x_wconf 87' lang='grc' dir='ltr'>ροι,</span> <span class='ocrx_word' id='word_1_237' title='bbox 528 2969 592 3022; x_wconf 82' lang='grc' dir='ltr'>ὲκ</span> <span class='ocrx_word' id='word_1_238' title='bbox 622 2970 730 3023; x_wconf 86' lang='grc' dir='ltr'><strong>τῶν</strong></span> <span class='ocrx_word' id='word_1_239' title='bbox 758 2970 928 3038; x_wconf 83' lang='grc' dir='ltr'>ἁγίων</span> <span class='ocrx_word' id='word_1_240' title='bbox 955 2970 1196 3026; x_wconf 88' lang='grc' dir='ltr'>λαϐοῦσα</span> <span class='ocrx_word' id='word_1_241' title='bbox 1229 2973 1329 3037; x_wconf 79' lang='grc' dir='ltr'><strong>τὰς</strong></span> <span class='ocrx_word' id='word_1_242' title='bbox 1364 2973 1690 3043; x_wconf 82' lang='grc' dir='ltr'>μαρτυρίας,</span> <span class='ocrx_word' id='word_1_243' title='bbox 1717 2979 1814 3027; x_wconf 75' lang='grc' dir='ltr'><strong>καὶ</strong></span> <span class='ocrx_word' id='word_1_244' title='bbox 1839 2972 1950 3028; x_wconf 80' lang='grc' dir='ltr'><strong>τῶν</strong></span> 
     </span>
    </p>
   </div>
   <div class='ocr_carea' id='block_1_32' title="bbox 386 3059 1947 3136">
    <p class='ocr_par' dir='ltr' id='par_1_32' title="bbox 386 3059 1947 3136">
     <span class='ocr_line' id='line_1_32' title="bbox 386 3059 1947 3136; baseline 0.006 -26"><span class='ocrx_word' id='word_1_245' title='bbox 386 3059 667 3128; x_wconf 74' lang='grc' dir='ltr'>ἀχράντων</span> <span class='ocrx_word' id='word_1_246' title='bbox 690 3063 1063 3130; x_wconf 80' lang='grc' dir='ltr'>Εύαγγελίων,</span> <span class='ocrx_word' id='word_1_247' title='bbox 1081 3065 1176 3119; x_wconf 71' lang='grc' dir='ltr'>καὶ</span> <span class='ocrx_word' id='word_1_248' title='bbox 1197 3064 1306 3118; x_wconf 87' lang='grc' dir='ltr'><strong>τῶν</strong></span> <span class='ocrx_word' id='word_1_249' title='bbox 1324 3066 1698 3120; x_wconf 83' lang='grc' dir='ltr'>ἀποστολικῶν</span> <span class='ocrx_word' id='word_1_250' title='bbox 1725 3067 1947 3136; x_wconf 84' lang='grc' dir='ltr'>βίϐλων,</span> 
     </span>
    </p>
   </div>
   <div class='ocr_carea' id='block_1_33' title="bbox 385 3143 1951 3226">
    <p class='ocr_par' dir='ltr' id='par_1_33' title="bbox 385 3143 1951 3226">
     <span class='ocr_line' id='line_1_33' title="bbox 385 3143 1951 3226; baseline 0.008 -25"><span class='ocrx_word' id='word_1_251' title='bbox 385 3152 476 3202; x_wconf 76' lang='grc' dir='ltr'>καὶ</span> <span class='ocrx_word' id='word_1_252' title='bbox 510 3153 622 3205; x_wconf 81' lang='grc' dir='ltr'>τῶν</span> <span class='ocrx_word' id='word_1_253' title='bbox 652 3153 746 3223; x_wconf 82' lang='grc' dir='ltr'>τῆς</span> <span class='ocrx_word' id='word_1_254' title='bbox 781 3153 1108 3225; x_wconf 79' lang='grc' dir='ltr'>Ἐκκλησίας</span> <span class='ocrx_word' id='word_1_255' title='bbox 1139 3155 1494 3212; x_wconf 80' lang='grc' dir='ltr'>διδασκάλων.</span> <span class='ocrx_word' id='word_1_256' title='bbox 1537 3158 1647 3211; x_wconf 74' lang='grc' dir='ltr'><strong>Καὶ</strong></span> <span class='ocrx_word' id='word_1_257' title='bbox 1695 3143 1951 3226; x_wconf 79' lang='grc' dir='ltr'>οὐδαμῶς</span> 
     </span>
    </p>
   </div>
   <div class='ocr_carea' id='block_1_34' title="bbox 388 3243 1950 3320">
    <p class='ocr_par' dir='ltr' id='par_1_34' title="bbox 388 3243 1950 3320">
     <span class='ocr_line' id='line_1_34' title="bbox 388 3243 1950 3320; baseline 0.005 -26"><span class='ocrx_word' id='word_1_258' title='bbox 388 3243 752 3314; x_wconf 76' lang='grc' dir='ltr'>ἐνηλλάξαμεν</span> <span class='ocrx_word' id='word_1_259' title='bbox 771 3245 830 3299; x_wconf 78' lang='grc' dir='ltr'><strong>τὸ</strong></span> <span class='ocrx_word' id='word_1_260' title='bbox 852 3246 1080 3316; x_wconf 81' lang='grc' dir='ltr'>πάτριον</span> <span class='ocrx_word' id='word_1_261' title='bbox 1108 3248 1141 3318; x_wconf 80' lang='grc' dir='ltr'><strong>ή</strong></span> <span class='ocrx_word' id='word_1_262' title='bbox 1151 3248 1266 3316; x_wconf 84' lang='grc' dir='ltr'>μῶν</span> <span class='ocrx_word' id='word_1_263' title='bbox 1291 3248 1484 3319; x_wconf 84' lang='grc' dir='ltr'>δόγμα,</span> <span class='ocrx_word' id='word_1_264' title='bbox 1510 3248 1626 3314; x_wconf 73' lang='grc' dir='ltr'>ἀλλ’</span> <span class='ocrx_word' id='word_1_265' title='bbox 1650 3247 1782 3302; x_wconf 76' lang='grc' dir='ltr'><strong>αὐτὸ</strong></span> <span class='ocrx_word' id='word_1_266' title='bbox 1811 3251 1950 3320; x_wconf 82' lang='grc' dir='ltr'>ὅπερ</span> 
     </span>
    </p>
   </div>
   <div class='ocr_carea' id='block_1_35' title="bbox 1981 1939 2021 1992">
    <p class='ocr_par' dir='ltr' id='par_1_35' title="bbox 1981 1939 2021 1992">
     <span class='ocr_line' id='line_1_35' title="bbox 1981 1939 2021 1992; baseline 0 0"><span class='ocrx_word' id='word_1_267' title='bbox 1981 1939 2021 1992; x_wconf 85' lang='grc' dir='ltr'>Β</span> 
     </span>
    </p>
   </div>
   <div class='ocr_carea' id='block_1_36' title="bbox 2061 687 3636 760">
    <p class='ocr_par' dir='ltr' id='par_1_36' title="bbox 2061 687 3636 760">
     <span class='ocr_line' id='line_1_36' title="bbox 2061 687 3636 760; baseline -0.003 -16"><span class='ocrx_word' id='word_1_268' title='bbox 2061 691 2366 745; x_wconf 66' lang='grc' dir='ltr'>εξιειηηῑιαιο</span> <span class='ocrx_word' id='word_1_269' title='bbox 2391 691 2508 745; x_wconf 82' lang='lat' dir='ltr'><strong>Filii</strong></span> <span class='ocrx_word' id='word_1_270' title='bbox 2536 692 2967 760; x_wconf 71' lang='lat' dir='ltr'><strong>periclitaretur.</strong></span> <span class='ocrx_word' id='word_1_271' title='bbox 3001 709 3016 740; x_wconf 80' lang='grc' dir='ltr'><strong>ι</strong></span> <span class='ocrx_word' id='word_1_272' title='bbox 3047 689 3114 742; x_wconf 79' lang='lat' dir='ltr'><strong>Et</strong></span> <span class='ocrx_word' id='word_1_273' title='bbox 3147 688 3336 756; x_wconf 78' lang='lat' dir='ltr'><strong>paucis</strong></span> <span class='ocrx_word' id='word_1_274' title='bbox 3363 687 3596 756; x_wconf 75' lang='lat' dir='ltr'><strong>adjectis</strong></span> <span class='ocrx_word' id='word_1_275' title='bbox 3621 705 3636 739; x_wconf 86' lang='lat'><strong>:</strong></span> 
     </span>
    </p>
   </div>
   <div class='ocr_carea' id='block_1_37' title="bbox 2069 779 3636 854">
    <p class='ocr_par' dir='ltr' id='par_1_37' title="bbox 2069 779 3636 854">
     <span class='ocr_line' id='line_1_37' title="bbox 2069 779 3636 854; baseline -0.001 -22"><span class='ocrx_word' id='word_1_276' title='bbox 2069 800 2086 832; x_wconf 77' lang='grc' dir='ltr'><strong>ι</strong></span> <span class='ocrx_word' id='word_1_277' title='bbox 2122 782 2193 837; x_wconf 87' lang='lat' dir='ltr'><strong>Ut</strong></span> <span class='ocrx_word' id='word_1_278' title='bbox 2222 783 2366 836; x_wconf 86' lang='lat' dir='ltr'><strong>enim</strong></span> <span class='ocrx_word' id='word_1_279' title='bbox 2395 783 2748 854; x_wconf 82' lang='lat' dir='ltr'><strong>conjungitur</strong></span> <span class='ocrx_word' id='word_1_280' title='bbox 2785 783 2956 839; x_wconf 82' lang='lat' dir='ltr'><strong>Filius</strong></span> <span class='ocrx_word' id='word_1_281' title='bbox 2985 781 3152 845; x_wconf 82' lang='lat' dir='ltr'><strong>Patri,</strong></span> <span class='ocrx_word' id='word_1_282' title='bbox 3190 789 3246 835; x_wconf 89' lang='lat' dir='ltr'><strong>et</strong></span> <span class='ocrx_word' id='word_1_283' title='bbox 3291 795 3352 836; x_wconf 81' lang='lat' dir='ltr'><strong>ex</strong></span> <span class='ocrx_word' id='word_1_284' title='bbox 3388 794 3453 834; x_wconf 90' lang='lat' dir='ltr'><strong>eo</strong></span> <span class='ocrx_word' id='word_1_285' title='bbox 3488 779 3636 847; x_wconf 89' lang='lat' dir='ltr'><strong>quod</strong></span> 
     </span>
    </p>
   </div>
   <div class='ocr_carea' id='block_1_38' title="bbox 2057 871 3635 940">
    <p class='ocr_par' dir='ltr' id='par_1_38' title="bbox 2057 871 3635 940">
     <span class='ocr_line' id='line_1_38' title="bbox 2057 871 3635 940; baseline -0.003 -14"><span class='ocrx_word' id='word_1_286' title='bbox 2057 871 2152 935; x_wconf 88' lang='lat' dir='ltr'><strong>sit,</strong></span> <span class='ocrx_word' id='word_1_287' title='bbox 2188 872 2398 929; x_wconf 81' lang='lat' dir='ltr'><strong>habens</strong></span> <span class='ocrx_word' id='word_1_288' title='bbox 2438 873 2737 928; x_wconf 87' lang='lat' dir='ltr'><strong>secundum</strong></span> <span class='ocrx_word' id='word_1_289' title='bbox 2780 871 3183 936; x_wconf 78' lang='lat' dir='ltr'><strong>exsistentiam,</strong></span> <span class='ocrx_word' id='word_1_290' title='bbox 3215 872 3483 940; x_wconf 78' lang='lat' dir='ltr'><strong>posterior</strong></span> <span class='ocrx_word' id='word_1_291' title='bbox 3525 885 3635 923; x_wconf 90' lang='lat' dir='ltr'><strong>non</strong></span> 
     </span>
    </p>
   </div>
   <div class='ocr_carea' id='block_1_39' title="bbox 2057 959 3636 1032">
    <p class='ocr_par' dir='ltr' id='par_1_39' title="bbox 2057 959 3636 1032">
     <span class='ocr_line' id='line_1_39' title="bbox 2057 959 3636 1032; baseline -0.003 -18"><span class='ocrx_word' id='word_1_292' title='bbox 2057 971 2166 1022; x_wconf 89' lang='lat' dir='ltr'><strong>est.</strong></span> <span class='ocrx_word' id='word_1_293' title='bbox 2203 963 2389 1016; x_wconf 83' lang='lat' dir='ltr'><strong>eadem</strong></span> <span class='ocrx_word' id='word_1_294' title='bbox 2430 963 2584 1032; x_wconf 89' lang='lat' dir='ltr'><strong>plane</strong></span> <span class='ocrx_word' id='word_1_295' title='bbox 2615 965 2828 1018; x_wconf 89' lang='lat' dir='ltr'><strong>ratione</strong></span> <span class='ocrx_word' id='word_1_296' title='bbox 2861 962 3101 1032; x_wconf 77' lang='lat' dir='ltr'><strong>Spiritus</strong></span> <span class='ocrx_word' id='word_1_297' title='bbox 3126 968 3357 1016; x_wconf 81' lang='lat' dir='ltr'><strong>sanctus</strong></span> <span class='ocrx_word' id='word_1_298' title='bbox 3397 959 3636 1013; x_wconf 68' lang='lat' dir='ltr'><strong>cohaeret</strong></span> 
     </span>
    </p>
   </div>
   <div class='ocr_carea' id='block_1_40' title="bbox 2050 1049 3636 1121">
    <p class='ocr_par' dir='ltr' id='par_1_40' title="bbox 2050 1049 3636 1121">
     <span class='ocr_line' id='line_1_40' title="bbox 2050 1049 3636 1121; baseline -0.001 -17"><span class='ocrx_word' id='word_1_299' title='bbox 2050 1049 2374 1120; x_wconf 80' lang='lat' dir='ltr'><strong>&#39;Unigenite,</strong></span> <span class='ocrx_word' id='word_1_300' title='bbox 2411 1052 2504 1121; x_wconf 75' lang='lat' dir='ltr'><strong>qui</strong></span> <span class='ocrx_word' id='word_1_301' title='bbox 2557 1053 2888 1120; x_wconf 76' lang='lat' dir='ltr'><strong>cogitatione</strong></span> <span class='ocrx_word' id='word_1_302' title='bbox 2937 1052 3054 1108; x_wconf 79' lang='lat' dir='ltr'><strong>Sola</strong></span> <span class='ocrx_word' id='word_1_303' title='bbox 3102 1051 3402 1108; x_wconf 81' lang='lat' dir='ltr'><strong>secundum</strong></span> <span class='ocrx_word' id='word_1_304' title='bbox 3455 1065 3636 1104; x_wconf 76' lang='lat' dir='ltr'><strong>causa:</strong></span> 
     </span>
    </p>
   </div>
   <div class='ocr_carea' id='block_1_41' title="bbox 2058 1140 3605 1214">
    <p class='ocr_par' dir='ltr' id='par_1_41' title="bbox 2058 1140 3605 1214">
     <span class='ocr_line' id='line_1_41' title="bbox 2058 1140 3605 1214; baseline 0 -22"><span class='ocrx_word' id='word_1_305' title='bbox 2058 1141 2328 1194; x_wconf 81' lang='lat' dir='ltr'><strong>rationem</strong></span> <span class='ocrx_word' id='word_1_306' title='bbox 2377 1142 2613 1212; x_wconf 72' lang='lat' dir='ltr'><strong>Spiritus</strong></span> <span class='ocrx_word' id='word_1_307' title='bbox 2640 1143 2929 1214; x_wconf 78' lang='lat' dir='ltr'><strong>hypestasi</strong></span> <span class='ocrx_word' id='word_1_308' title='bbox 2975 1142 3448 1214; x_wconf 70' lang='lat' dir='ltr'><strong>prmintelligitur.</strong></span> <span class='ocrx_word' id='word_1_309' title='bbox 3491 1159 3509 1191; x_wconf 74' lang='grc' dir='ltr'><strong>ι</strong></span> <span class='ocrx_word' id='word_1_310' title='bbox 3547 1140 3605 1194; x_wconf 86' lang='lat' dir='ltr'><strong>Di</strong></span> 
     </span>
    </p>
   </div>
   <div class='ocr_carea' id='block_1_42' title="bbox 2056 1231 3636 1306">
    <p class='ocr_par' dir='ltr' id='par_1_42' title="bbox 2056 1231 3636 1306">
     <span class='ocr_line' id='line_1_42' title="bbox 2056 1231 3636 1306; baseline 0.001 -23"><span class='ocrx_word' id='word_1_311' title='bbox 2056 1231 2218 1286; x_wconf 85' lang='lat' dir='ltr'><strong>vinus</strong></span> <span class='ocrx_word' id='word_1_312' title='bbox 2259 1249 2476 1302; x_wconf 82' lang='lat' dir='ltr'><strong>quoque</strong></span> <span class='ocrx_word' id='word_1_313' title='bbox 2502 1234 2746 1306; x_wconf 65' lang='lat' dir='ltr'><strong>Cyrinus</strong></span> <span class='ocrx_word' id='word_1_314' title='bbox 2777 1234 3165 1290; x_wconf 75' lang='lat' dir='ltr'><strong>Thesaumrum</strong></span> <span class='ocrx_word' id='word_1_315' title='bbox 3201 1235 3386 1303; x_wconf 83' lang='lat' dir='ltr'><strong>capite</strong></span> <span class='ocrx_word' id='word_1_316' title='bbox 3407 1231 3636 1296; x_wconf 63' lang='lat' dir='ltr'><strong>,tricesi-</strong></span> 
     </span>
    </p>
   </div>
   <div class='ocr_carea' id='block_1_43' title="bbox 2057 1323 3633 1396">
    <p class='ocr_par' dir='ltr' id='par_1_43' title="bbox 2057 1323 3633 1396">
     <span class='ocr_line' id='line_1_43' title="bbox 2057 1323 3633 1396; baseline 0.002 -24"><span class='ocrx_word' id='word_1_317' title='bbox 2057 1337 2145 1375; x_wconf 90' lang='lat' dir='ltr'><strong>mo</strong></span> <span class='ocrx_word' id='word_1_318' title='bbox 2172 1323 2334 1376; x_wconf 88' lang='lat' dir='ltr'><strong>tertio</strong></span> <span class='ocrx_word' id='word_1_319' title='bbox 2363 1325 2530 1380; x_wconf 88' lang='lat' dir='ltr'><strong>dicit:</strong></span> <span class='ocrx_word' id='word_1_320' title='bbox 2568 1342 2590 1377; x_wconf 70' lang='grc' dir='ltr'><strong>ι</strong></span> <span class='ocrx_word' id='word_1_321' title='bbox 2624 1323 2862 1391; x_wconf 78' lang='lat' dir='ltr'><strong>Quando</strong></span> <span class='ocrx_word' id='word_1_322' title='bbox 2900 1325 3067 1396; x_wconf 81' lang='lat' dir='ltr'><strong>igitur</strong></span> <span class='ocrx_word' id='word_1_323' title='bbox 3092 1341 3240 1378; x_wconf 91' lang='lat' dir='ltr'><strong>unus</strong></span> <span class='ocrx_word' id='word_1_324' title='bbox 3264 1332 3348 1379; x_wconf 89' lang='lat' dir='ltr'><strong>est</strong></span> <span class='ocrx_word' id='word_1_325' title='bbox 3373 1323 3633 1377; x_wconf 80' lang='lat' dir='ltr'><strong>Dominus</strong></span> 
     </span>
    </p>
   </div>
   <div class='ocr_carea' id='block_1_44' title="bbox 2053 1413 3632 1481">
    <p class='ocr_par' dir='ltr' id='par_1_44' title="bbox 2053 1413 3632 1481">
     <span class='ocr_line' id='line_1_44' title="bbox 2053 1413 3632 1481; baseline 0 -13"><span class='ocrx_word' id='word_1_326' title='bbox 2053 1413 2210 1468; x_wconf 81' lang='lat' dir='ltr'><strong>Jesus</strong></span> <span class='ocrx_word' id='word_1_327' title='bbox 2247 1415 2508 1472; x_wconf 87' lang='lat' dir='ltr'><strong>Christus</strong></span> <span class='ocrx_word' id='word_1_328' title='bbox 2547 1418 2848 1472; x_wconf 87' lang='lat' dir='ltr'><strong>secundum</strong></span> <span class='ocrx_word' id='word_1_329' title='bbox 2884 1419 3038 1473; x_wconf 80' lang='lat' dir='ltr'><strong>Pauli</strong></span> <span class='ocrx_word' id='word_1_330' title='bbox 3087 1432 3273 1472; x_wconf 85' lang='lat' dir='ltr'><strong>vocem</strong></span> <span class='ocrx_word' id='word_1_331' title='bbox 3300 1459 3314 1481; x_wconf 90' lang='lat'><strong>,</strong></span> <span class='ocrx_word' id='word_1_332' title='bbox 3348 1416 3632 1470; x_wconf 88' lang='lat' dir='ltr'><strong>Dominum</strong></span> 
     </span>
    </p>
   </div>
   <div class='ocr_carea' id='block_1_45' title="bbox 2052 1505 3634 1577">
    <p class='ocr_par' dir='ltr' id='par_1_45' title="bbox 2052 1505 3634 1577">
     <span class='ocr_line' id='line_1_45' title="bbox 2052 1505 3634 1577; baseline 0.002 -21"><span class='ocrx_word' id='word_1_333' title='bbox 2052 1520 2181 1559; x_wconf 86' lang='lat' dir='ltr'><strong>vero</strong></span> <span class='ocrx_word' id='word_1_334' title='bbox 2203 1505 2464 1573; x_wconf 83' lang='lat' dir='ltr'><strong>Spiritum</strong></span> <span class='ocrx_word' id='word_1_335' title='bbox 2487 1516 2664 1574; x_wconf 83' lang='lat' dir='ltr'><strong>vocat,</strong></span> <span class='ocrx_word' id='word_1_336' title='bbox 2695 1509 2904 1562; x_wconf 84' lang='lat' dir='ltr'><strong>nullum</strong></span> <span class='ocrx_word' id='word_1_337' title='bbox 2931 1524 3061 1577; x_wconf 86' lang='lat' dir='ltr'><strong>ergo</strong></span> <span class='ocrx_word' id='word_1_338' title='bbox 3089 1509 3386 1562; x_wconf 79' lang='lat' dir='ltr'><strong>discrimen</strong></span> <span class='ocrx_word' id='word_1_339' title='bbox 3424 1515 3634 1560; x_wconf 65' lang='lat' dir='ltr'><strong>natura:</strong></span> 
     </span>
    </p>
   </div>
   <div class='ocr_carea' id='block_1_46' title="bbox 2052 1594 3636 1669">
    <p class='ocr_par' dir='ltr' id='par_1_46' title="bbox 2052 1594 3636 1669">
     <span class='ocr_line' id='line_1_46' title="bbox 2052 1594 3636 1669; baseline -0.001 -19"><span class='ocrx_word' id='word_1_340' title='bbox 2052 1596 2173 1652; x_wconf 88' lang='lat' dir='ltr'><strong>Filii</strong></span> <span class='ocrx_word' id='word_1_341' title='bbox 2202 1606 2254 1652; x_wconf 91' lang='lat' dir='ltr'><strong>et</strong></span> <span class='ocrx_word' id='word_1_342' title='bbox 2279 1598 2534 1668; x_wconf 75' lang='grc' dir='ltr'>ὃρὶιίιιιε,</span> <span class='ocrx_word' id='word_1_343' title='bbox 2561 1600 2653 1654; x_wconf 87' lang='lat' dir='ltr'><strong>sed</strong></span> <span class='ocrx_word' id='word_1_344' title='bbox 2685 1607 2942 1668; x_wconf 87' lang='lat' dir='ltr'><strong>tanquam</strong></span> <span class='ocrx_word' id='word_1_345' title='bbox 2974 1615 3044 1663; x_wconf 65' lang='lat' dir='ltr'><strong>ex</strong></span> <span class='ocrx_word' id='word_1_346' title='bbox 3078 1601 3194 1669; x_wconf 92' lang='lat' dir='ltr'><strong>ipso</strong></span> <span class='ocrx_word' id='word_1_347' title='bbox 3228 1607 3281 1654; x_wconf 91' lang='lat' dir='ltr'><strong>et</strong></span> <span class='ocrx_word' id='word_1_348' title='bbox 3312 1594 3365 1653; x_wconf 76' lang='lat' dir='ltr'><strong>iit</strong></span> <span class='ocrx_word' id='word_1_349' title='bbox 3401 1599 3518 1664; x_wconf 82' lang='lat' dir='ltr'><strong>ipso</strong></span> <span class='ocrx_word' id='word_1_350' title='bbox 3539 1614 3636 1650; x_wconf 81' lang='lat' dir='ltr'><strong>na-</strong></span> 
     </span>
    </p>
   </div>
   <div class='ocr_carea' id='block_1_47' title="bbox 2055 1679 3627 1758">
    <p class='ocr_par' dir='ltr' id='par_1_47' title="bbox 2055 1679 3627 1758">
     <span class='ocr_line' id='line_1_47' title="bbox 2055 1679 3627 1758; baseline 0.001 -18"><span class='ocrx_word' id='word_1_351' title='bbox 2055 1690 2302 1743; x_wconf 81' lang='lat' dir='ltr'><strong>turaliter</strong></span> <span class='ocrx_word' id='word_1_352' title='bbox 2323 1691 2613 1751; x_wconf 74' lang='lat' dir='ltr'><strong>exsistens,</strong></span> <span class='ocrx_word' id='word_1_353' title='bbox 2636 1690 3025 1745; x_wconf 62' lang='lat' dir='ltr'><strong>dominationis</strong></span> <span class='ocrx_word' id='word_1_354' title='bbox 3052 1679 3272 1744; x_wconf 83' lang='lat' dir='ltr'><strong>nomine</strong></span> <span class='ocrx_word' id='word_1_355' title='bbox 3291 1698 3588 1758; x_wconf 89' lang='lat' dir='ltr'><strong>nuncupat.</strong></span> <span class='ocrx_word' id='word_1_356' title='bbox 3607 1706 3627 1741; x_wconf 69' lang='grc' dir='ltr'><strong>ι</strong></span> 
     </span>
    </p>
   </div>
   <div class='ocr_carea' id='block_1_48' title="bbox 2053 1778 3636 1850">
    <p class='ocr_par' dir='ltr' id='par_1_48' title="bbox 2053 1778 3636 1850">
     <span class='ocr_line' id='line_1_48' title="bbox 2053 1778 3636 1850; baseline 0.001 -18"><span class='ocrx_word' id='word_1_357' title='bbox 2053 1778 2118 1833; x_wconf 75' lang='lat' dir='ltr'><strong>Et</strong></span> <span class='ocrx_word' id='word_1_358' title='bbox 2139 1781 2265 1849; x_wconf 86' lang='lat' dir='ltr'><strong>quid</strong></span> <span class='ocrx_word' id='word_1_359' title='bbox 2296 1797 2433 1850; x_wconf 82' lang='lat' dir='ltr'><strong>Opus</strong></span> <span class='ocrx_word' id='word_1_360' title='bbox 2459 1790 2539 1836; x_wconf 84' lang='lat' dir='ltr'><strong>est</strong></span> <span class='ocrx_word' id='word_1_361' title='bbox 2564 1792 2881 1837; x_wconf 91' lang='lat' dir='ltr'><strong>sanctorum</strong></span> <span class='ocrx_word' id='word_1_362' title='bbox 2906 1784 3090 1841; x_wconf 89' lang='lat' dir='ltr'><strong>omnia</strong></span> <span class='ocrx_word' id='word_1_363' title='bbox 3128 1785 3231 1838; x_wconf 91' lang='lat' dir='ltr'><strong>hoc</strong></span> <span class='ocrx_word' id='word_1_364' title='bbox 3253 1784 3304 1837; x_wconf 90' lang='lat' dir='ltr'><strong>iu</strong></span> <span class='ocrx_word' id='word_1_365' title='bbox 3331 1785 3450 1836; x_wconf 86' lang='lat' dir='ltr'><strong>loco</strong></span> <span class='ocrx_word' id='word_1_366' title='bbox 3477 1783 3636 1837; x_wconf 75' lang='lat' dir='ltr'><strong>teati-</strong></span> 
     </span>
    </p>
   </div>
   <div class='ocr_carea' id='block_1_49' title="bbox 2055 1873 3629 1944">
    <p class='ocr_par' dir='ltr' id='par_1_49' title="bbox 2055 1873 3629 1944">
     <span class='ocr_line' id='line_1_49' title="bbox 2055 1873 3629 1944; baseline 0.001 -20"><span class='ocrx_word' id='word_1_367' title='bbox 2055 1873 2235 1927; x_wconf 86' lang='lat' dir='ltr'><strong>monia</strong></span> <span class='ocrx_word' id='word_1_368' title='bbox 2259 1873 2504 1942; x_wconf 77' lang='lat' dir='ltr'><strong>digerere</strong></span> <span class='ocrx_word' id='word_1_369' title='bbox 2546 1889 2689 1942; x_wconf 60' lang='lat' dir='ltr'><strong>quae,</strong></span> <span class='ocrx_word' id='word_1_370' title='bbox 2714 1889 2835 1928; x_wconf 87' lang='lat' dir='ltr'><strong>cum</strong></span> <span class='ocrx_word' id='word_1_371' title='bbox 2863 1875 3098 1944; x_wconf 86' lang='lat' dir='ltr'><strong>plurima</strong></span> <span class='ocrx_word' id='word_1_372' title='bbox 3124 1876 3254 1936; x_wconf 89' lang='lat' dir='ltr'><strong>sint,</strong></span> <span class='ocrx_word' id='word_1_373' title='bbox 3280 1875 3629 1943; x_wconf 73' lang='lat' dir='ltr'><strong>prolixiorem</strong></span> 
     </span>
    </p>
   </div>
   <div class='ocr_carea' id='block_1_50' title="bbox 2053 1963 3623 2034">
    <p class='ocr_par' dir='ltr' id='par_1_50' title="bbox 2053 1963 3623 2034">
     <span class='ocr_line' id='line_1_50' title="bbox 2053 1963 3623 2034; baseline -0.001 -16"><span class='ocrx_word' id='word_1_374' title='bbox 2053 1978 2364 2018; x_wconf 89' lang='lat' dir='ltr'><strong>sermonem</strong></span> <span class='ocrx_word' id='word_1_375' title='bbox 2396 1963 2724 2020; x_wconf 86' lang='lat' dir='ltr'><strong>redderent:</strong></span> <span class='ocrx_word' id='word_1_376' title='bbox 2761 1973 2814 2019; x_wconf 86' lang='lat' dir='ltr'><strong>et</strong></span> <span class='ocrx_word' id='word_1_377' title='bbox 2837 1965 3040 2034; x_wconf 63' lang='lat' dir='ltr'><strong>cujam</strong></span> <span class='ocrx_word' id='word_1_378' title='bbox 3073 1981 3173 2020; x_wconf 89' lang='lat' dir='ltr'><strong>nos</strong></span> <span class='ocrx_word' id='word_1_379' title='bbox 3215 1967 3266 2019; x_wconf 90' lang='lat' dir='ltr'><strong>in</strong></span> <span class='ocrx_word' id='word_1_380' title='bbox 3300 1965 3623 2034; x_wconf 69' lang='lat' dir='ltr'><strong>Responsio-</strong></span> 
     </span>
    </p>
   </div>
   <div class='ocr_carea' id='block_1_51' title="bbox 2055 2055 3633 2126">
    <p class='ocr_par' dir='ltr' id='par_1_51' title="bbox 2055 2055 3633 2126">
     <span class='ocr_line' id='line_1_51' title="bbox 2055 2055 3633 2126; baseline 0.001 -18"><span class='ocrx_word' id='word_1_381' title='bbox 2055 2058 2219 2110; x_wconf 88' lang='lat' dir='ltr'><strong>nihus</strong></span> <span class='ocrx_word' id='word_1_382' title='bbox 2256 2055 2320 2108; x_wconf 86' lang='lat' dir='ltr'><strong>ad</strong></span> <span class='ocrx_word' id='word_1_383' title='bbox 2361 2058 2720 2110; x_wconf 88' lang='lat' dir='ltr'><strong>reverendum</strong></span> <span class='ocrx_word' id='word_1_384' title='bbox 2754 2057 2907 2110; x_wconf 89' lang='lat' dir='ltr'><strong>illum</strong></span> <span class='ocrx_word' id='word_1_385' title='bbox 2951 2056 3266 2126; x_wconf 84' lang='lat' dir='ltr'><strong>Ephesium.</strong></span> <span class='ocrx_word' id='word_1_386' title='bbox 3295 2071 3418 2111; x_wconf 88' lang='lat' dir='ltr'><strong>cum</strong></span> <span class='ocrx_word' id='word_1_387' title='bbox 3452 2058 3633 2110; x_wconf 86' lang='lat' dir='ltr'><strong>adhuc</strong></span> 
     </span>
    </p>
   </div>
   <div class='ocr_carea' id='block_1_52' title="bbox 2055 2147 3632 2219">
    <p class='ocr_par' dir='ltr' id='par_1_52' title="bbox 2055 2147 3632 2219">
     <span class='ocr_line' id='line_1_52' title="bbox 2055 2147 3632 2219; baseline 0 -19"><span class='ocrx_word' id='word_1_388' title='bbox 2055 2147 2194 2201; x_wconf 91' lang='lat' dir='ltr'><strong>inter</strong></span> <span class='ocrx_word' id='word_1_389' title='bbox 2219 2149 2372 2202; x_wconf 88' lang='lat' dir='ltr'><strong>vivos</strong></span> <span class='ocrx_word' id='word_1_390' title='bbox 2404 2160 2572 2213; x_wconf 83' lang='lat' dir='ltr'><strong>esset,</strong></span> <span class='ocrx_word' id='word_1_391' title='bbox 2606 2149 2851 2218; x_wconf 85' lang='lat' dir='ltr'><strong>aliosque</strong></span> <span class='ocrx_word' id='word_1_392' title='bbox 2877 2150 2967 2219; x_wconf 87' lang='lat' dir='ltr'><strong>qui</strong></span> <span class='ocrx_word' id='word_1_393' title='bbox 3014 2164 3136 2203; x_wconf 91' lang='lat' dir='ltr'><strong>cum</strong></span> <span class='ocrx_word' id='word_1_394' title='bbox 3178 2164 3243 2203; x_wconf 83' lang='lat' dir='ltr'><strong>eo</strong></span> <span class='ocrx_word' id='word_1_395' title='bbox 3283 2164 3390 2206; x_wconf 85' lang='lat' dir='ltr'><strong>uua</strong></span> <span class='ocrx_word' id='word_1_396' title='bbox 3432 2147 3632 2202; x_wconf 85' lang='lat' dir='ltr'><strong>sentie-</strong></span> 
     </span>
    </p>
   </div>
   <div class='ocr_carea' id='block_1_53' title="bbox 2054 2240 3630 2311">
    <p class='ocr_par' dir='ltr' id='par_1_53' title="bbox 2054 2240 3630 2311">
     <span class='ocr_line' id='line_1_53' title="bbox 2054 2240 3630 2311; baseline -0.001 -17"><span class='ocrx_word' id='word_1_397' title='bbox 2054 2240 2204 2302; x_wconf 84' lang='lat' dir='ltr'><strong>bant,</strong></span> <span class='ocrx_word' id='word_1_398' title='bbox 2250 2240 2689 2310; x_wconf 76' lang='lat' dir='ltr'><strong>exscripsimus?</strong></span> <span class='ocrx_word' id='word_1_399' title='bbox 2717 2241 3064 2311; x_wconf 81' lang='lat' dir='ltr'><strong>Quapropter</strong></span> <span class='ocrx_word' id='word_1_400' title='bbox 3103 2243 3240 2296; x_wconf 82' lang='lat' dir='ltr'><strong>satis</strong></span> <span class='ocrx_word' id='word_1_401' title='bbox 3278 2256 3396 2296; x_wconf 81' lang='lat' dir='ltr'><strong>esse</strong></span> <span class='ocrx_word' id='word_1_402' title='bbox 3425 2257 3630 2304; x_wconf 85' lang='lat' dir='ltr'><strong>remur,</strong></span> 
     </span>
    </p>
   </div>
   <div class='ocr_carea' id='block_1_54' title="bbox 2053 2331 3628 2405">
    <p class='ocr_par' dir='ltr' id='par_1_54' title="bbox 2053 2331 3628 2405">
     <span class='ocr_line' id='line_1_54' title="bbox 2053 2331 3628 2405; baseline 0 -19"><span class='ocrx_word' id='word_1_403' title='bbox 2053 2331 2098 2386; x_wconf 91' lang='lat' dir='ltr'><strong>si</strong></span> <span class='ocrx_word' id='word_1_404' title='bbox 2133 2331 2215 2385; x_wconf 85' lang='lat' dir='ltr'><strong>vel</strong></span> <span class='ocrx_word' id='word_1_405' title='bbox 2264 2333 2441 2385; x_wconf 89' lang='lat' dir='ltr'><strong>solum</strong></span> <span class='ocrx_word' id='word_1_406' title='bbox 2492 2334 2668 2404; x_wconf 80' lang='lat' dir='ltr'><strong>palam</strong></span> <span class='ocrx_word' id='word_1_407' title='bbox 2727 2331 3014 2388; x_wconf 81' lang='lat' dir='ltr'><strong>fecerimus</strong></span> <span class='ocrx_word' id='word_1_408' title='bbox 3065 2343 3314 2388; x_wconf 85' lang='lat' dir='ltr'><strong>octavam</strong></span> <span class='ocrx_word' id='word_1_409' title='bbox 3360 2333 3628 2405; x_wconf 82' lang='lat' dir='ltr'><strong>synodum</strong></span> 
     </span>
    </p>
   </div>
   <div class='ocr_carea' id='block_1_55' title="bbox 2055 2425 3634 2497">
    <p class='ocr_par' dir='ltr' id='par_1_55' title="bbox 2055 2425 3634 2497">
     <span class='ocr_line' id='line_1_55' title="bbox 2055 2425 3634 2497; baseline -0.004 -18"><span class='ocrx_word' id='word_1_410' title='bbox 2055 2425 2322 2494; x_wconf 73' lang='lat' dir='ltr'><strong>septimae,</strong></span> <span class='ocrx_word' id='word_1_411' title='bbox 2359 2440 2476 2494; x_wconf 61' lang='lat' dir='ltr'><strong>qua:</strong></span> <span class='ocrx_word' id='word_1_412' title='bbox 2505 2441 2624 2480; x_wconf 87' lang='lat' dir='ltr'><strong>eam</strong></span> <span class='ocrx_word' id='word_1_413' title='bbox 2653 2434 3035 2497; x_wconf 66' lang='lat' dir='ltr'><strong>prarcesscrat,</strong></span> <span class='ocrx_word' id='word_1_414' title='bbox 3081 2425 3431 2480; x_wconf 83' lang='lat' dir='ltr'><strong>insistentem</strong></span> <span class='ocrx_word' id='word_1_415' title='bbox 3467 2425 3634 2475; x_wconf 82' lang='lat' dir='ltr'><strong>vesti-</strong></span> 
     </span>
    </p>
   </div>
   <div class='ocr_carea' id='block_1_56' title="bbox 2053 2514 3633 2586">
    <p class='ocr_par' dir='ltr' id='par_1_56' title="bbox 2053 2514 3633 2586">
     <span class='ocr_line' id='line_1_56' title="bbox 2053 2514 3633 2586; baseline -0.003 -16"><span class='ocrx_word' id='word_1_416' title='bbox 2053 2514 2179 2584; x_wconf 80' lang='lat' dir='ltr'><strong>giis,</strong></span> <span class='ocrx_word' id='word_1_417' title='bbox 2221 2514 2430 2569; x_wconf 81' lang='lat' dir='ltr'><strong>nullum</strong></span> <span class='ocrx_word' id='word_1_418' title='bbox 2473 2529 2673 2570; x_wconf 87' lang='lat' dir='ltr'><strong>novum</strong></span> <span class='ocrx_word' id='word_1_419' title='bbox 2717 2514 2912 2586; x_wconf 85' lang='lat' dir='ltr'><strong>dogma</strong></span> <span class='ocrx_word' id='word_1_420' title='bbox 2949 2514 3262 2577; x_wconf 72' lang='lat' dir='ltr'><strong>induxisse,</strong></span> <span class='ocrx_word' id='word_1_421' title='bbox 3295 2514 3400 2569; x_wconf 78' lang='lat' dir='ltr'><strong>sed</strong></span> <span class='ocrx_word' id='word_1_422' title='bbox 3426 2514 3633 2573; x_wconf 62' lang='lat' dir='ltr'><strong>solui.-</strong></span> 
     </span>
    </p>
   </div>
   <div class='ocr_carea' id='block_1_57' title="bbox 2054 2601 3714 2676">
    <p class='ocr_par' dir='ltr' id='par_1_57' title="bbox 2054 2601 3714 2676">
     <span class='ocr_line' id='line_1_57' title="bbox 2054 2601 3714 2676; baseline -0.004 -14"><span class='ocrx_word' id='word_1_423' title='bbox 2054 2606 2219 2662; x_wconf 85' lang='lat' dir='ltr'><strong>modo</strong></span> <span class='ocrx_word' id='word_1_424' title='bbox 2259 2606 2688 2676; x_wconf 83' lang='lat' dir='ltr'><strong>propositionem</strong></span> <span class='ocrx_word' id='word_1_425' title='bbox 2723 2622 2816 2676; x_wconf 83' lang='lat' dir='ltr'><strong>per</strong></span> <span class='ocrx_word' id='word_1_426' title='bbox 2843 2606 3188 2670; x_wconf 87' lang='lat' dir='ltr'><strong>declarasse,</strong></span> <span class='ocrx_word' id='word_1_427' title='bbox 3219 2619 3380 2674; x_wconf 89' lang='lat' dir='ltr'><strong>quam</strong></span> <span class='ocrx_word' id='word_1_428' title='bbox 3433 2603 3522 2657; x_wconf 87' lang='lat' dir='ltr'><strong>illa</strong></span> <span class='ocrx_word' id='word_1_429' title='bbox 3563 2601 3634 2656; x_wconf 89' lang='lat' dir='ltr'><strong>de</strong></span> <span class='ocrx_word' id='word_1_430' title='bbox 3709 2671 3714 2674; x_wconf 18' lang='grc' dir='ltr'>ί</span> 
     </span>
    </p>
   </div>
   <div class='ocr_carea' id='block_1_58' title="bbox 2057 2692 3631 2770">
    <p class='ocr_par' dir='ltr' id='par_1_58' title="bbox 2057 2692 3631 2770">
     <span class='ocr_line' id='line_1_58' title="bbox 2057 2692 3631 2770; baseline -0.003 -18"><span class='ocrx_word' id='word_1_431' title='bbox 2057 2698 2266 2766; x_wconf 89' lang='lat' dir='ltr'><strong>Spiritu</strong></span> <span class='ocrx_word' id='word_1_432' title='bbox 2302 2706 2537 2766; x_wconf 75' lang='lat' dir='ltr'><strong>,sancto,</strong></span> <span class='ocrx_word' id='word_1_433' title='bbox 2585 2705 2640 2753; x_wconf 87' lang='lat' dir='ltr'><strong>et</strong></span> <span class='ocrx_word' id='word_1_434' title='bbox 2674 2711 2953 2770; x_wconf 14' lang='lat' dir='ltr'><strong>anteieam</strong></span> <span class='ocrx_word' id='word_1_435' title='bbox 2986 2695 3161 2751; x_wconf 86' lang='lat' dir='ltr'><strong>sancti</strong></span> <span class='ocrx_word' id='word_1_436' title='bbox 3212 2710 3275 2750; x_wconf 83' lang='lat' dir='ltr'><strong>ac</strong></span> <span class='ocrx_word' id='word_1_437' title='bbox 3307 2692 3493 2747; x_wconf 75' lang='lat' dir='ltr'><strong>deiferi</strong></span> <span class='ocrx_word' id='word_1_438' title='bbox 3523 2693 3631 2748; x_wconf 82' lang='lat' dir='ltr'><strong>Pa-</strong></span> 
     </span>
    </p>
   </div>
   <div class='ocr_carea' id='block_1_59' title="bbox 2057 2784 3631 2855">
    <p class='ocr_par' dir='ltr' id='par_1_59' title="bbox 2057 2784 3631 2855">
     <span class='ocr_line' id='line_1_59' title="bbox 2057 2784 3631 2855; baseline -0.006 -12"><span class='ocrx_word' id='word_1_439' title='bbox 2057 2798 2166 2843; x_wconf 84' lang='lat' dir='ltr'><strong>tres</strong></span> <span class='ocrx_word' id='word_1_440' title='bbox 2189 2798 2659 2852; x_wconf 82' lang='lat' dir='ltr'><strong>asseveraverant,</strong></span> <span class='ocrx_word' id='word_1_441' title='bbox 2685 2803 2748 2843; x_wconf 79' lang='lat' dir='ltr'><strong>ex</strong></span> <span class='ocrx_word' id='word_1_442' title='bbox 2775 2788 3005 2850; x_wconf 88' lang='lat' dir='ltr'><strong>sanctis,</strong></span> <span class='ocrx_word' id='word_1_443' title='bbox 3029 2797 3082 2842; x_wconf 90' lang='lat' dir='ltr'><strong>et</strong></span> <span class='ocrx_word' id='word_1_444' title='bbox 3103 2784 3412 2855; x_wconf 82' lang='lat' dir='ltr'><strong>Evangeliis</strong></span> <span class='ocrx_word' id='word_1_445' title='bbox 3437 2785 3631 2835; x_wconf 81' lang='lat' dir='ltr'><strong>innua-</strong></span> 
     </span>
    </p>
   </div>
   <div class='ocr_carea' id='block_1_60' title="bbox 2057 2877 3631 2949">
    <p class='ocr_par' dir='ltr' id='par_1_60' title="bbox 2057 2877 3631 2949">
     <span class='ocr_line' id='line_1_60' title="bbox 2057 2877 3631 2949; baseline -0.006 -14"><span class='ocrx_word' id='word_1_446' title='bbox 2057 2880 2293 2947; x_wconf 89' lang='lat' dir='ltr'><strong>culatis,</strong></span> <span class='ocrx_word' id='word_1_447' title='bbox 2348 2887 2402 2934; x_wconf 92' lang='lat' dir='ltr'><strong>et</strong></span> <span class='ocrx_word' id='word_1_448' title='bbox 2460 2878 2834 2938; x_wconf 85' lang='lat' dir='ltr'><strong>voluminibus</strong></span> <span class='ocrx_word' id='word_1_449' title='bbox 2880 2877 3234 2949; x_wconf 87' lang='lat' dir='ltr'><strong>apostolicis,</strong></span> <span class='ocrx_word' id='word_1_450' title='bbox 3308 2889 3520 2929; x_wconf 84' lang='lat' dir='ltr'><strong>necnon</strong></span> <span class='ocrx_word' id='word_1_451' title='bbox 3575 2879 3631 2926; x_wconf 84' lang='lat' dir='ltr'><strong>et</strong></span> 
     </span>
    </p>
   </div>
   <div class='ocr_carea' id='block_1_61' title="bbox 2057 2967 3629 3039">
    <p class='ocr_par' dir='ltr' id='par_1_61' title="bbox 2057 2967 3629 3039">
     <span class='ocr_line' id='line_1_61' title="bbox 2057 2967 3629 3039; baseline -0.007 -13"><span class='ocrx_word' id='word_1_452' title='bbox 2057 2969 2373 3026; x_wconf 88' lang='lat' dir='ltr'><strong>doctoribus</strong></span> <span class='ocrx_word' id='word_1_453' title='bbox 2427 2969 2686 3024; x_wconf 69' lang='lat' dir='ltr'><strong>Ecclesiae</strong></span> <span class='ocrx_word' id='word_1_454' title='bbox 2737 2969 2926 3039; x_wconf 85' lang='lat' dir='ltr'><strong>petitis</strong></span> <span class='ocrx_word' id='word_1_455' title='bbox 2975 2967 3304 3023; x_wconf 77' lang='lat' dir='ltr'><strong>tesdmoniis</strong></span> <span class='ocrx_word' id='word_1_456' title='bbox 3357 2983 3372 3019; x_wconf 90' lang='lat'><strong>:</strong></span> <span class='ocrx_word' id='word_1_457' title='bbox 3419 2979 3629 3032; x_wconf 79' lang='lat' dir='ltr'><strong>nosque</strong></span> 
     </span>
    </p>
   </div>
   <div class='ocr_carea' id='block_1_62' title="bbox 2058 3055 3626 3129">
    <p class='ocr_par' dir='ltr' id='par_1_62' title="bbox 2058 3055 3626 3129">
     <span class='ocr_line' id='line_1_62' title="bbox 2058 3055 3626 3129; baseline -0.004 -15"><span class='ocrx_word' id='word_1_458' title='bbox 2058 3061 2208 3116; x_wconf 89' lang='lat' dir='ltr'><strong>nullo</strong></span> <span class='ocrx_word' id='word_1_459' title='bbox 2233 3059 2396 3115; x_wconf 93' lang='lat' dir='ltr'><strong>modo</strong></span> <span class='ocrx_word' id='word_1_460' title='bbox 2427 3069 2718 3129; x_wconf 88' lang='lat' dir='ltr'><strong>paternum</strong></span> <span class='ocrx_word' id='word_1_461' title='bbox 2750 3059 2943 3129; x_wconf 87' lang='lat' dir='ltr'><strong>dogma</strong></span> <span class='ocrx_word' id='word_1_462' title='bbox 2972 3060 3316 3122; x_wconf 88' lang='lat' dir='ltr'><strong>immutasse,</strong></span> <span class='ocrx_word' id='word_1_463' title='bbox 3359 3055 3452 3112; x_wconf 91' lang='lat' dir='ltr'><strong>sed</strong></span> <span class='ocrx_word' id='word_1_464' title='bbox 3482 3057 3626 3124; x_wconf 91' lang='lat' dir='ltr'><strong>quod</strong></span> 
     </span>
    </p>
   </div>
   <div class='ocr_carea' id='block_1_63' title="bbox 2059 3146 3630 3221">
    <p class='ocr_par' dir='ltr' id='par_1_63' title="bbox 2059 3146 3630 3221">
     <span class='ocr_line' id='line_1_63' title="bbox 2059 3146 3630 3221; baseline -0.004 -16"><span class='ocrx_word' id='word_1_465' title='bbox 2059 3150 2292 3206; x_wconf 87' lang='lat' dir='ltr'><strong>obscure</strong></span> <span class='ocrx_word' id='word_1_466' title='bbox 2343 3150 2817 3219; x_wconf 70' lang='lat' dir='ltr'><strong>praedicabamus,</strong></span> <span class='ocrx_word' id='word_1_467' title='bbox 2861 3158 3046 3221; x_wconf 89' lang='lat' dir='ltr'><strong>aperte</strong></span> <span class='ocrx_word' id='word_1_468' title='bbox 3083 3149 3420 3216; x_wconf 78' lang='lat' dir='ltr'><strong>enuntiasse,</strong></span> <span class='ocrx_word' id='word_1_469' title='bbox 3465 3146 3630 3207; x_wconf 72' lang='lat' dir='ltr'><strong>veluti</strong></span> 
     </span>
    </p>
   </div>
   <div class='ocr_carea' id='block_1_64' title="bbox 2059 3239 3633 3315">
    <p class='ocr_par' dir='ltr' id='par_1_64' title="bbox 2059 3239 3633 3315">
     <span class='ocr_line' id='line_1_64' title="bbox 2059 3239 3633 3315; baseline -0.003 -16"><span class='ocrx_word' id='word_1_470' title='bbox 2059 3250 2126 3299; x_wconf 66' lang='lat' dir='ltr'><strong>et,</strong></span> <span class='ocrx_word' id='word_1_471' title='bbox 2151 3243 2204 3296; x_wconf 90' lang='lat' dir='ltr'><strong>in</strong></span> <span class='ocrx_word' id='word_1_472' title='bbox 2236 3241 2356 3297; x_wconf 89' lang='lat' dir='ltr'><strong>aliis</strong></span> <span class='ocrx_word' id='word_1_473' title='bbox 2387 3243 2612 3314; x_wconf 84' lang='lat' dir='ltr'><strong>synodis</strong></span> <span class='ocrx_word' id='word_1_474' title='bbox 2641 3242 2845 3298; x_wconf 77' lang='lat' dir='ltr'><strong>factum</strong></span> <span class='ocrx_word' id='word_1_475' title='bbox 2876 3252 2983 3307; x_wconf 89' lang='lat' dir='ltr'><strong>est,</strong></span> <span class='ocrx_word' id='word_1_476' title='bbox 3025 3251 3305 3315; x_wconf 63' lang='lat' dir='ltr'><strong>contracta</strong></span> <span class='ocrx_word' id='word_1_477' title='bbox 3350 3249 3402 3296; x_wconf 90' lang='lat' dir='ltr'><strong>et</strong></span> <span class='ocrx_word' id='word_1_478' title='bbox 3436 3239 3633 3312; x_wconf 87' lang='lat' dir='ltr'><strong>perob-</strong></span> 
     </span>
    </p>
   </div>
   <div class='ocr_carea' id='block_1_65' title="bbox 387 3317 1951 3410">
    <p class='ocr_par' dir='ltr' id='par_1_65' title="bbox 387 3317 1943 3410">
     <span class='ocr_line' id='line_1_65' title="bbox 387 3317 1943 3410; baseline 0.004 -28"><span class='ocrx_word' id='word_1_479' title='bbox 387 3334 842 3404; x_wconf 75' lang='grc' dir='ltr'>συνεπτυγμὲνως</span> <span class='ocrx_word' id='word_1_480' title='bbox 911 3335 1299 3406; x_wconf 81' lang='grc' dir='ltr'>ὲκηρύττομεν,</span> <span class='ocrx_word' id='word_1_481' title='bbox 1363 3317 1458 3391; x_wconf 85' lang='grc' dir='ltr'><strong>νῦν</strong></span> <span class='ocrx_word' id='word_1_482' title='bbox 1510 3334 1943 3410; x_wconf 53' lang='grc' dir='ltr'>διεσαφὴσμαμεν,</span> 
     </span>
    </p>
   </div>
   <div class='ocr_carea' id='block_1_66' title="bbox 2057 3317 3331 3410">
    <p class='ocr_par' dir='ltr' id='par_1_66' title="bbox 2057 3336 3331 3402">
     <span class='ocr_line' id='line_1_66' title="bbox 2057 3336 3331 3402; baseline -0.002 -8"><span class='ocrx_word' id='word_1_483' title='bbox 2057 3351 2212 3394; x_wconf 81' lang='lat' dir='ltr'><strong>scura</strong></span> <span class='ocrx_word' id='word_1_484' title='bbox 2238 3336 2683 3402; x_wconf 85' lang='lat' dir='ltr'><strong>productioribus</strong></span> <span class='ocrx_word' id='word_1_485' title='bbox 2707 3337 2990 3393; x_wconf 83' lang='lat' dir='ltr'><strong>vocabulis</strong></span> <span class='ocrx_word' id='word_1_486' title='bbox 3014 3338 3331 3401; x_wconf 84' lang='lat' dir='ltr'><strong>dilatantes.</strong></span> 
     </span>
    </p>
   </div>
   <div class='ocr_carea' id='block_1_67' title="bbox 381 3422 3078 3499">
    <p class='ocr_par' dir='ltr' id='par_1_67' title="bbox 381 3422 3078 3499">
     <span class='ocr_line' id='line_1_67' title="bbox 381 3422 3078 3499; baseline 0.003 -24"><span class='ocrx_word' id='word_1_487' title='bbox 381 3422 567 3494; x_wconf 82' lang='grc' dir='ltr'>ὥσπερ</span> <span class='ocrx_word' id='word_1_488' title='bbox 595 3432 688 3479; x_wconf 80' lang='grc' dir='ltr'>καὶ</span> <span class='ocrx_word' id='word_1_489' title='bbox 717 3429 773 3480; x_wconf 82' lang='grc' dir='ltr'>ὲν</span> <span class='ocrx_word' id='word_1_490' title='bbox 799 3429 919 3489; x_wconf 88' lang='grc' dir='ltr'>ταῖς</span> <span class='ocrx_word' id='word_1_491' title='bbox 945 3427 1131 3492; x_wconf 86' lang='grc' dir='ltr'>ἄλλαις</span> <span class='ocrx_word' id='word_1_492' title='bbox 1161 3429 1400 3494; x_wconf 89' lang='grc' dir='ltr'>συνόδοις</span> <span class='ocrx_word' id='word_1_493' title='bbox 1431 3430 1647 3499; x_wconf 83' lang='grc' dir='ltr'>γέγονε,</span> <span class='ocrx_word' id='word_1_494' title='bbox 1677 3431 1746 3484; x_wconf 86' lang='grc' dir='ltr'>τὰ</span> <span class='ocrx_word' id='word_1_495' title='bbox 1782 3428 2245 3498; x_wconf 77' lang='grc' dir='ltr'>συνεπτυγμένως</span> <span class='ocrx_word' id='word_1_496' title='bbox 2281 3429 2664 3499; x_wconf 82' lang='grc' dir='ltr'>κηρυττόμενα</span> <span class='ocrx_word' id='word_1_497' title='bbox 2695 3427 3078 3494; x_wconf 66' lang='grc' dir='ltr'>ἐξαπλοῦντες.</span> 
     </span>
    </p>
   </div>
   <div class='ocr_carea' id='block_1_68' title="bbox 453 3519 1953 3593">
    <p class='ocr_par' dir='ltr' id='par_1_68' title="bbox 453 3519 1953 3593">
     <span class='ocr_line' id='line_1_68' title="bbox 453 3519 1953 3593; baseline 0 -15"><span class='ocrx_word' id='word_1_498' title='bbox 453 3519 526 3585; x_wconf 81' lang='grc' dir='ltr'><strong>ς’.</strong></span> <span class='ocrx_word' id='word_1_499' title='bbox 563 3521 625 3574; x_wconf 79' lang='grc' dir='ltr'><strong>Εἰ</strong></span> <span class='ocrx_word' id='word_1_500' title='bbox 652 3521 708 3577; x_wconf 79' lang='grc' dir='ltr'>δὲ</span> <span class='ocrx_word' id='word_1_501' title='bbox 737 3526 828 3580; x_wconf 71' lang='grc' dir='ltr'>καὶ</span> <span class='ocrx_word' id='word_1_502' title='bbox 854 3526 902 3576; x_wconf 80' lang='lat' dir='ltr'><strong>oi</strong></span> <span class='ocrx_word' id='word_1_503' title='bbox 931 3524 1152 3578; x_wconf 83' lang='grc' dir='ltr'>Λατῖνοι</span> <span class='ocrx_word' id='word_1_504' title='bbox 1175 3525 1235 3582; x_wconf 80' lang='grc' dir='ltr'>οὐ</span> <span class='ocrx_word' id='word_1_505' title='bbox 1263 3525 1516 3593; x_wconf 84' lang='grc' dir='ltr'>λέγουσιν</span> <span class='ocrx_word' id='word_1_506' title='bbox 1542 3525 1716 3579; x_wconf 79' lang='grc' dir='ltr'>αῐτιον</span> <span class='ocrx_word' id='word_1_507' title='bbox 1746 3527 1839 3583; x_wconf 71' lang='grc' dir='ltr'>καὶ</span> <span class='ocrx_word' id='word_1_508' title='bbox 1866 3526 1953 3578; x_wconf 79' lang='lat' dir='ltr'><strong>ai-</strong></span> 
     </span>
    </p>
   </div>
   <div class='ocr_carea' id='block_1_69' title="bbox 382 3612 1951 3684">
    <p class='ocr_par' dir='ltr' id='par_1_69' title="bbox 382 3612 1951 3684">
     <span class='ocr_line' id='line_1_69' title="bbox 382 3612 1951 3684; baseline 0.004 -21"><span class='ocrx_word' id='word_1_509' title='bbox 382 3612 562 3664; x_wconf 66' lang='grc' dir='ltr'>τιατὶν</span> <span class='ocrx_word' id='word_1_510' title='bbox 593 3615 684 3668; x_wconf 78' lang='grc' dir='ltr'><strong>ἐπὶ</strong></span> <span class='ocrx_word' id='word_1_511' title='bbox 711 3615 818 3665; x_wconf 85' lang='grc' dir='ltr'>τῶν</span> <span class='ocrx_word' id='word_1_512' title='bbox 850 3615 996 3676; x_wconf 78' lang='grc' dir='ltr'>ἐντὸς</span> <span class='ocrx_word' id='word_1_513' title='bbox 1026 3615 1122 3672; x_wconf 85' lang='grc' dir='ltr'><strong>δύο</strong></span> <span class='ocrx_word' id='word_1_514' title='bbox 1152 3617 1415 3684; x_wconf 81' lang='grc' dir='ltr'>προόδων,</span> <span class='ocrx_word' id='word_1_515' title='bbox 1443 3617 1516 3680; x_wconf 86' lang='grc' dir='ltr'><strong>ὡς</strong></span> <span class='ocrx_word' id='word_1_516' title='bbox 1547 3617 1666 3671; x_wconf 77' lang='grc' dir='ltr'>οὐδὲ</span> <span class='ocrx_word' id='word_1_517' title='bbox 1696 3619 1724 3671; x_wconf 90' lang='lat'><strong>6</strong></span> <span class='ocrx_word' id='word_1_518' title='bbox 1756 3617 1951 3670; x_wconf 78' lang='grc' dir='ltr'>θεσπέ-</span> 
     </span>
    </p>
   </div>
   <div class='ocr_carea' id='block_1_70' title="bbox 385 3704 1954 3777">
    <p class='ocr_par' dir='ltr' id='par_1_70' title="bbox 385 3704 1954 3777">
     <span class='ocr_line' id='line_1_70' title="bbox 385 3704 1954 3777; baseline 0.004 -23"><span class='ocrx_word' id='word_1_519' title='bbox 385 3719 494 3765; x_wconf 81' lang='grc' dir='ltr'>σιος</span> <span class='ocrx_word' id='word_1_520' title='bbox 528 3704 795 3774; x_wconf 84' lang='grc' dir='ltr'>Κύριλλος</span> <span class='ocrx_word' id='word_1_521' title='bbox 824 3705 980 3760; x_wconf 87' lang='grc' dir='ltr'>τοῦτο</span> <span class='ocrx_word' id='word_1_522' title='bbox 1015 3707 1266 3776; x_wconf 82' lang='grc' dir='ltr'>βούλεται</span> <span class='ocrx_word' id='word_1_523' title='bbox 1288 3749 1303 3773; x_wconf 92' lang='grc'><strong>,</strong></span> <span class='ocrx_word' id='word_1_524' title='bbox 1334 3708 1544 3777; x_wconf 83' lang='grc' dir='ltr'>λέγων,</span> <span class='ocrx_word' id='word_1_525' title='bbox 1587 3725 1607 3760; x_wconf 79' lang='grc' dir='ltr'><strong>ι</strong></span> <span class='ocrx_word' id='word_1_526' title='bbox 1643 3707 1826 3763; x_wconf 76' lang='grc' dir='ltr'>Αἴτιον</span> <span class='ocrx_word' id='word_1_527' title='bbox 1857 3708 1954 3761; x_wconf 77' lang='grc' dir='ltr'>καὶ</span> 
     </span>
    </p>
   </div>
   <div class='ocr_carea' id='block_1_71' title="bbox 383 3795 1946 3869">
    <p class='ocr_par' dir='ltr' id='par_1_71' title="bbox 383 3795 1946 3869">
     <span class='ocr_line' id='line_1_71' title="bbox 383 3795 1946 3869; baseline 0.004 -24"><span class='ocrx_word' id='word_1_528' title='bbox 383 3795 620 3848; x_wconf 75' lang='grc' dir='ltr'>αἱτιατὸν</span> <span class='ocrx_word' id='word_1_529' title='bbox 650 3797 740 3849; x_wconf 81' lang='grc' dir='ltr'><strong>ἐπὶ</strong></span> <span class='ocrx_word' id='word_1_530' title='bbox 770 3798 867 3867; x_wconf 79' lang='grc' dir='ltr'><strong>τῆς</strong></span> <span class='ocrx_word' id='word_1_531' title='bbox 897 3798 1056 3866; x_wconf 83' lang='grc' dir='ltr'>ἁγίας</span> <span class='ocrx_word' id='word_1_532' title='bbox 1086 3799 1332 3869; x_wconf 83' lang='grc' dir='ltr'>Τριάδος,</span> <span class='ocrx_word' id='word_1_533' title='bbox 1356 3798 1416 3852; x_wconf 78' lang='grc' dir='ltr'>οὐ</span> <span class='ocrx_word' id='word_1_534' title='bbox 1447 3799 1666 3869; x_wconf 80' lang='grc' dir='ltr'>θεμιτὸν</span> <span class='ocrx_word' id='word_1_535' title='bbox 1694 3800 1892 3868; x_wconf 77' lang='grc' dir='ltr'>λέγειν,</span> <span class='ocrx_word' id='word_1_536' title='bbox 1927 3818 1946 3851; x_wconf 76' lang='grc' dir='ltr'><strong>ι</strong></span> 
     </span>
    </p>
   </div>
   <div class='ocr_carea' id='block_1_72' title="bbox 385 3886 1954 3962">
    <p class='ocr_par' dir='ltr' id='par_1_72' title="bbox 385 3886 1954 3962">
     <span class='ocr_line' id='line_1_72' title="bbox 385 3886 1954 3962; baseline 0.003 -22"><span class='ocrx_word' id='word_1_537' title='bbox 385 3886 498 3940; x_wconf 84' lang='grc' dir='ltr'>ἀλλ’</span> <span class='ocrx_word' id='word_1_538' title='bbox 521 3889 696 3962; x_wconf 68' lang='grc' dir='ltr'>ἀρχὴν</span> <span class='ocrx_word' id='word_1_539' title='bbox 725 3891 844 3943; x_wconf 79' lang='grc' dir='ltr'>ἀντὶ</span> <span class='ocrx_word' id='word_1_540' title='bbox 876 3893 1049 3944; x_wconf 84' lang='grc' dir='ltr'>αίτίου</span> <span class='ocrx_word' id='word_1_541' title='bbox 1079 3890 1328 3959; x_wconf 86' lang='grc' dir='ltr'>λέγουσι,</span> <span class='ocrx_word' id='word_1_542' title='bbox 1363 3892 1457 3945; x_wconf 76' lang='grc' dir='ltr'><strong>καὶ</strong></span> <span class='ocrx_word' id='word_1_543' title='bbox 1488 3894 1567 3957; x_wconf 81' lang='grc' dir='ltr'><strong>είς</strong></span> <span class='ocrx_word' id='word_1_544' title='bbox 1599 3893 1796 3944; x_wconf 74' lang='grc' dir='ltr'>ταυτὸν</span> <span class='ocrx_word' id='word_1_545' title='bbox 1827 3909 1954 3944; x_wconf 82' lang='grc' dir='ltr'>συν-</span> 
     </span>
    </p>
   </div>
   <div class='ocr_carea' id='block_1_73' title="bbox 387 3981 1957 4054">
    <p class='ocr_par' dir='ltr' id='par_1_73' title="bbox 387 3981 1957 4054">
     <span class='ocr_line' id='line_1_73' title="bbox 387 3981 1957 4054; baseline 0.003 -24"><span class='ocrx_word' id='word_1_546' title='bbox 387 3981 628 4048; x_wconf 70' lang='grc' dir='ltr'>ἔρχονται</span> <span class='ocrx_word' id='word_1_547' title='bbox 660 3981 720 4033; x_wconf 90' lang='grc' dir='ltr'><strong>τό</strong></span> <span class='ocrx_word' id='word_1_548' title='bbox 747 3998 806 4035; x_wconf 88' lang='grc' dir='ltr'><strong>τε</strong></span> <span class='ocrx_word' id='word_1_549' title='bbox 839 3981 1012 4036; x_wconf 74' lang='grc' dir='ltr'>αἴτιον</span> <span class='ocrx_word' id='word_1_550' title='bbox 1045 3983 1135 4034; x_wconf 76' lang='grc' dir='ltr'>καὶ</span> <span class='ocrx_word' id='word_1_551' title='bbox 1167 3982 1199 4052; x_wconf 77' lang='grc' dir='ltr'><strong>ἠ</strong></span> <span class='ocrx_word' id='word_1_552' title='bbox 1235 3983 1401 4052; x_wconf 83' lang='grc' dir='ltr'>ἀρχή.</span> <span class='ocrx_word' id='word_1_553' title='bbox 1426 3981 1605 4054; x_wconf 87' lang='grc' dir='ltr'>Ὅπερ</span> <span class='ocrx_word' id='word_1_554' title='bbox 1639 3983 1736 4035; x_wconf 73' lang='grc' dir='ltr'>καὶ</span> <span class='ocrx_word' id='word_1_555' title='bbox 1768 3984 1796 4035; x_wconf 90' lang='lat'><strong>6</strong></span> <span class='ocrx_word' id='word_1_556' title='bbox 1827 3981 1957 4035; x_wconf 79' lang='grc' dir='ltr'>Θεο-</span> 
     </span>
    </p>
   </div>
   <div class='ocr_carea' id='block_1_74' title="bbox 387 4071 1952 4146">
    <p class='ocr_par' dir='ltr' id='par_1_74' title="bbox 387 4071 1952 4146">
     <span class='ocr_line' id='line_1_74' title="bbox 387 4071 1952 4146; baseline 0.006 -23"><span class='ocrx_word' id='word_1_557' title='bbox 387 4071 541 4140; x_wconf 83' lang='grc' dir='ltr'>λόγος</span> <span class='ocrx_word' id='word_1_558' title='bbox 582 4074 880 4144; x_wconf 87' lang='grc' dir='ltr'>Γρηγόριος</span> <span class='ocrx_word' id='word_1_559' title='bbox 922 4076 1089 4144; x_wconf 81' lang='grc' dir='ltr'>λέγει,</span> <span class='ocrx_word' id='word_1_560' title='bbox 1135 4094 1152 4127; x_wconf 79' lang='grc' dir='ltr'><strong>ι</strong></span> <span class='ocrx_word' id='word_1_561' title='bbox 1201 4075 1265 4128; x_wconf 81' lang='grc' dir='ltr'><strong>Ἦ</strong></span> <span class='ocrx_word' id='word_1_562' title='bbox 1305 4077 1368 4128; x_wconf 80' lang='grc' dir='ltr'>ἐκ</span> <span class='ocrx_word' id='word_1_563' title='bbox 1402 4075 1504 4145; x_wconf 82' lang='grc' dir='ltr'>τῆς</span> <span class='ocrx_word' id='word_1_564' title='bbox 1543 4075 1717 4146; x_wconf 81' lang='grc' dir='ltr'>ἀρχῆς</span> <span class='ocrx_word' id='word_1_565' title='bbox 1758 4075 1903 4144; x_wconf 75' lang='grc' dir='ltr'><strong>ἀρχή</strong></span> <span class='ocrx_word' id='word_1_566' title='bbox 1938 4091 1952 4106; x_wconf 82' lang='grc'><strong><em>⁸</em></strong></span> 
     </span>
    </p>
   </div>
   <div class='ocr_carea' id='block_1_75' title="bbox 387 4165 1956 4239">
    <p class='ocr_par' dir='ltr' id='par_1_75' title="bbox 387 4165 1956 4239">
     <span class='ocr_line' id='line_1_75' title="bbox 387 4165 1956 4239; baseline 0.003 -23"><span class='ocrx_word' id='word_1_567' title='bbox 387 4165 500 4217; x_wconf 79' lang='grc' dir='ltr'>ἀλλ’</span> <span class='ocrx_word' id='word_1_568' title='bbox 523 4167 582 4219; x_wconf 88' lang='grc' dir='ltr'><strong>ού</strong></span> <span class='ocrx_word' id='word_1_569' title='bbox 614 4166 706 4219; x_wconf 87' lang='grc' dir='ltr'><strong>δύο</strong></span> <span class='ocrx_word' id='word_1_570' title='bbox 735 4168 907 4237; x_wconf 70' lang='grc' dir='ltr'>ἀρχὰς</span> <span class='ocrx_word' id='word_1_571' title='bbox 938 4166 1256 4239; x_wconf 80' lang='grc' dir='ltr'>νομίζομεν.</span> <span class='ocrx_word' id='word_1_572' title='bbox 1292 4187 1308 4219; x_wconf 73' lang='grc' dir='ltr'><strong>ι</strong></span> <span class='ocrx_word' id='word_1_573' title='bbox 1341 4168 1486 4221; x_wconf 84' lang='grc' dir='ltr'>Διότι</span> <span class='ocrx_word' id='word_1_574' title='bbox 1515 4168 1622 4221; x_wconf 73' lang='grc' dir='ltr'><strong>πᾶν</strong></span> <span class='ocrx_word' id='word_1_575' title='bbox 1649 4168 1707 4220; x_wconf 78' lang='grc' dir='ltr'>τὸ</span> <span class='ocrx_word' id='word_1_576' title='bbox 1738 4167 1813 4236; x_wconf 79' lang='grc' dir='ltr'>μὴ</span> <span class='ocrx_word' id='word_1_577' title='bbox 1839 4165 1956 4220; x_wconf 79' lang='grc' dir='ltr'>δια-</span> 
     </span>
    </p>
   </div>
   <div class='ocr_carea' id='block_1_76' title="bbox 388 4254 1952 4328">
    <p class='ocr_par' dir='ltr' id='par_1_76' title="bbox 388 4254 1952 4328">
     <span class='ocr_line' id='line_1_76' title="bbox 388 4254 1952 4328; baseline 0.003 -22"><span class='ocrx_word' id='word_1_578' title='bbox 388 4256 566 4324; x_wconf 83' lang='grc' dir='ltr'>κρῖνον</span> <span class='ocrx_word' id='word_1_579' title='bbox 601 4254 691 4308; x_wconf 74' lang='grc' dir='ltr'>τὸν</span> <span class='ocrx_word' id='word_1_580' title='bbox 727 4257 942 4326; x_wconf 89' lang='grc' dir='ltr'>Πατέρα</span> <span class='ocrx_word' id='word_1_581' title='bbox 987 4259 1082 4312; x_wconf 82' lang='grc' dir='ltr'><strong>καὶ</strong></span> <span class='ocrx_word' id='word_1_582' title='bbox 1121 4259 1208 4311; x_wconf 81' lang='grc' dir='ltr'>τὸν</span> <span class='ocrx_word' id='word_1_583' title='bbox 1243 4258 1370 4312; x_wconf 70' lang='grc' dir='ltr'>Υίδν</span> <span class='ocrx_word' id='word_1_584' title='bbox 1405 4257 1583 4311; x_wconf 87' lang='grc' dir='ltr'>κοινόν</span> <span class='ocrx_word' id='word_1_585' title='bbox 1621 4260 1735 4311; x_wconf 81' lang='grc' dir='ltr'>ἐστι</span> <span class='ocrx_word' id='word_1_586' title='bbox 1777 4257 1952 4328; x_wconf 70' lang='grc' dir='ltr'>Πατρὶ</span> 
     </span>
    </p>
   </div>
   <div class='ocr_carea' id='block_1_77' title="bbox 389 4339 1954 4420">
    <p class='ocr_par' dir='ltr' id='par_1_77' title="bbox 389 4339 1954 4420">
     <span class='ocr_line' id='line_1_77' title="bbox 389 4339 1954 4420; baseline 0.003 -22"><span class='ocrx_word' id='word_1_587' title='bbox 389 4348 475 4398; x_wconf 67' lang='grc' dir='ltr'>καὶ</span> <span class='ocrx_word' id='word_1_588' title='bbox 507 4347 637 4416; x_wconf 82' lang='grc' dir='ltr'>Υίῷ.</span> <span class='ocrx_word' id='word_1_589' title='bbox 664 4348 737 4400; x_wconf 84' lang='grc' dir='ltr'>Τὸ</span> <span class='ocrx_word' id='word_1_590' title='bbox 763 4349 1089 4417; x_wconf 74' lang='grc' dir='ltr'>προϐάλλειν</span> <span class='ocrx_word' id='word_1_591' title='bbox 1114 4348 1207 4402; x_wconf 87' lang='grc' dir='ltr'><strong>οῦν</strong></span> <span class='ocrx_word' id='word_1_592' title='bbox 1233 4350 1294 4402; x_wconf 85' lang='grc' dir='ltr'>οὐ</span> <span class='ocrx_word' id='word_1_593' title='bbox 1321 4339 1588 4420; x_wconf 66' lang='grc' dir='ltr'>διακρίνει</span> <span class='ocrx_word' id='word_1_594' title='bbox 1613 4350 1702 4401; x_wconf 80' lang='grc' dir='ltr'>τὸν</span> <span class='ocrx_word' id='word_1_595' title='bbox 1732 4349 1954 4420; x_wconf 82' lang='grc' dir='ltr'>Πατέρα</span> 
     </span>
    </p>
   </div>
   <div class='ocr_carea' id='block_1_78' title="bbox 389 4441 1951 4513">
    <p class='ocr_par' dir='ltr' id='par_1_78' title="bbox 389 4441 1951 4513">
     <span class='ocr_line' id='line_1_78' title="bbox 389 4441 1951 4513; baseline 0 -20"><span class='ocrx_word' id='word_1_596' title='bbox 389 4443 478 4493; x_wconf 74' lang='grc' dir='ltr'>καὶ</span> <span class='ocrx_word' id='word_1_597' title='bbox 512 4442 600 4494; x_wconf 81' lang='grc' dir='ltr'><strong>τὸν</strong></span> <span class='ocrx_word' id='word_1_598' title='bbox 634 4442 779 4507; x_wconf 82' lang='grc' dir='ltr'>Υἱὸν,</span> <span class='ocrx_word' id='word_1_599' title='bbox 814 4444 874 4497; x_wconf 85' lang='grc' dir='ltr'>τὸ</span> <span class='ocrx_word' id='word_1_600' title='bbox 913 4443 1242 4513; x_wconf 78' lang='grc' dir='ltr'>προϐάλλειν</span> <span class='ocrx_word' id='word_1_601' title='bbox 1277 4443 1383 4511; x_wconf 75' lang='grc' dir='ltr'>ἄρα</span> <span class='ocrx_word' id='word_1_602' title='bbox 1427 4442 1605 4496; x_wconf 86' lang='grc' dir='ltr'>κοινὸν</span> <span class='ocrx_word' id='word_1_603' title='bbox 1640 4441 1816 4511; x_wconf 77' lang='grc' dir='ltr'>Ιίατρὶ</span> <span class='ocrx_word' id='word_1_604' title='bbox 1857 4443 1951 4496; x_wconf 80' lang='grc' dir='ltr'>καὶ</span> 
     </span>
    </p>
   </div>
   <div class='ocr_carea' id='block_1_79' title="bbox 389 4531 1952 4605">
    <p class='ocr_par' dir='ltr' id='par_1_79' title="bbox 389 4531 1952 4605">
     <span class='ocr_line' id='line_1_79' title="bbox 389 4531 1952 4605; baseline 0.001 -21"><span class='ocrx_word' id='word_1_605' title='bbox 389 4531 516 4600; x_wconf 82' lang='grc' dir='ltr'><strong>Υίῷ.</strong></span> <span class='ocrx_word' id='word_1_606' title='bbox 543 4535 641 4598; x_wconf 73' lang='grc' dir='ltr'><strong>Διὰ</strong></span> <span class='ocrx_word' id='word_1_607' title='bbox 669 4535 828 4587; x_wconf 81' lang='grc' dir='ltr'>τοῦτο</span> <span class='ocrx_word' id='word_1_608' title='bbox 853 4534 946 4589; x_wconf 72' lang='grc' dir='ltr'>καὶ</span> <span class='ocrx_word' id='word_1_609' title='bbox 977 4537 1077 4604; x_wconf 89' lang='grc' dir='ltr'><strong>μία</strong></span> <span class='ocrx_word' id='word_1_610' title='bbox 1105 4533 1245 4605; x_wconf 79' lang='grc' dir='ltr'>ἀρχὴ</span> <span class='ocrx_word' id='word_1_611' title='bbox 1272 4534 1364 4588; x_wconf 89' lang='grc' dir='ltr'><strong>τοῦ</strong></span> <span class='ocrx_word' id='word_1_612' title='bbox 1395 4533 1551 4603; x_wconf 80' lang='grc' dir='ltr'>ἁγίου</span> <span class='ocrx_word' id='word_1_613' title='bbox 1583 4531 1897 4605; x_wconf 80' lang='grc' dir='ltr'>Πνεύματος</span> <span class='ocrx_word' id='word_1_614' title='bbox 1921 4535 1952 4590; x_wconf 90' lang='lat'><strong>6</strong></span> 
     </span>
    </p>
   </div>
   <div class='ocr_carea' id='block_1_80' title="bbox 2128 3521 3627 3592">
    <p class='ocr_par' dir='ltr' id='par_1_80' title="bbox 2128 3521 3627 3592">
     <span class='ocr_line' id='line_1_80' title="bbox 2128 3521 3627 3592; baseline 0.001 -15"><span class='ocrx_word' id='word_1_615' title='bbox 2128 3522 2182 3578; x_wconf 88' lang='grc'><strong>6.</strong></span> <span class='ocrx_word' id='word_1_616' title='bbox 2221 3523 2288 3577; x_wconf 85' lang='lat' dir='ltr'><strong>Et</strong></span> <span class='ocrx_word' id='word_1_617' title='bbox 2318 3523 2444 3577; x_wconf 90' lang='lat' dir='ltr'><strong>licet</strong></span> <span class='ocrx_word' id='word_1_618' title='bbox 2473 3523 2654 3576; x_wconf 87' lang='lat' dir='ltr'><strong>Latini</strong></span> <span class='ocrx_word' id='word_1_619' title='bbox 2685 3521 2739 3576; x_wconf 91' lang='lat' dir='ltr'><strong>in</strong></span> <span class='ocrx_word' id='word_1_620' title='bbox 2773 3522 2986 3578; x_wconf 88' lang='lat' dir='ltr'><strong>duabus</strong></span> <span class='ocrx_word' id='word_1_621' title='bbox 3008 3523 3319 3579; x_wconf 87' lang='lat' dir='ltr'><strong>divinarum</strong></span> <span class='ocrx_word' id='word_1_622' title='bbox 3352 3537 3627 3592; x_wconf 84' lang='lat' dir='ltr'><strong>persona-</strong></span> 
     </span>
    </p>
   </div>
   <div class='ocr_carea' id='block_1_81' title="bbox 2059 3613 3634 3684">
    <p class='ocr_par' dir='ltr' id='par_1_81' title="bbox 2059 3613 3634 3684">
     <span class='ocr_line' id='line_1_81' title="bbox 2059 3613 3634 3684; baseline -0.001 -16"><span class='ocrx_word' id='word_1_623' title='bbox 2059 3630 2180 3668; x_wconf 88' lang='lat' dir='ltr'><strong>rum</strong></span> <span class='ocrx_word' id='word_1_624' title='bbox 2230 3613 2707 3684; x_wconf 81' lang='lat' dir='ltr'><strong>progressionibus</strong></span> <span class='ocrx_word' id='word_1_625' title='bbox 2759 3614 3120 3672; x_wconf 89' lang='lat' dir='ltr'><strong>interioribus</strong></span> <span class='ocrx_word' id='word_1_626' title='bbox 3189 3631 3296 3670; x_wconf 89' lang='lat' dir='ltr'><strong>non</strong></span> <span class='ocrx_word' id='word_1_627' title='bbox 3357 3613 3634 3670; x_wconf 80' lang='lat' dir='ltr'><strong>fateantur</strong></span> 
     </span>
    </p>
   </div>
   <div class='ocr_carea' id='block_1_82' title="bbox 2059 3703 3634 3776">
    <p class='ocr_par' dir='ltr' id='par_1_82' title="bbox 2059 3703 3634 3776">
     <span class='ocr_line' id='line_1_82' title="bbox 2059 3703 3634 3776; baseline 0.001 -17"><span class='ocrx_word' id='word_1_628' title='bbox 2059 3719 2284 3759; x_wconf 86' lang='lat' dir='ltr'><strong>causam</strong></span> <span class='ocrx_word' id='word_1_629' title='bbox 2309 3711 2364 3758; x_wconf 89' lang='lat' dir='ltr'><strong>et</strong></span> <span class='ocrx_word' id='word_1_630' title='bbox 2393 3703 2671 3770; x_wconf 79' lang='lat' dir='ltr'><strong>etl&#39;ectum,</strong></span> <span class='ocrx_word' id='word_1_631' title='bbox 2699 3705 3164 3775; x_wconf 89' lang='lat' dir='ltr'><strong>quemadmodum</strong></span> <span class='ocrx_word' id='word_1_632' title='bbox 3204 3721 3384 3776; x_wconf 88' lang='lat' dir='ltr'><strong>neque</strong></span> <span class='ocrx_word' id='word_1_633' title='bbox 3415 3706 3634 3762; x_wconf 84' lang='lat' dir='ltr'><strong>divinus</strong></span> 
     </span>
    </p>
   </div>
   <div class='ocr_carea' id='block_1_83' title="bbox 2058 3790 3628 3867">
    <p class='ocr_par' dir='ltr' id='par_1_83' title="bbox 2058 3790 3628 3867">
     <span class='ocr_line' id='line_1_83' title="bbox 2058 3790 3628 3867; baseline 0.003 -17"><span class='ocrx_word' id='word_1_634' title='bbox 2058 3796 2294 3867; x_wconf 86' lang='lat' dir='ltr'><strong>Cyrillus</strong></span> <span class='ocrx_word' id='word_1_635' title='bbox 2330 3790 2508 3852; x_wconf 79' lang='lat' dir='ltr'><strong>simile</strong></span> <span class='ocrx_word' id='word_1_636' title='bbox 2540 3796 2670 3865; x_wconf 88' lang='lat' dir='ltr'><strong>quid</strong></span> <span class='ocrx_word' id='word_1_637' title='bbox 2699 3798 2752 3852; x_wconf 87' lang='lat' dir='ltr'><strong>in</strong></span> <span class='ocrx_word' id='word_1_638' title='bbox 2802 3797 2914 3854; x_wconf 85' lang='lat' dir='ltr'><strong>illis</strong></span> <span class='ocrx_word' id='word_1_639' title='bbox 2944 3798 3212 3865; x_wconf 86' lang='lat' dir='ltr'><strong>admittit,</strong></span> <span class='ocrx_word' id='word_1_640' title='bbox 3255 3814 3382 3854; x_wconf 89' lang='lat' dir='ltr'><strong>cum</strong></span> <span class='ocrx_word' id='word_1_641' title='bbox 3444 3799 3580 3854; x_wconf 88' lang='lat' dir='ltr'><strong>dicit</strong></span> <span class='ocrx_word' id='word_1_642' title='bbox 3616 3818 3628 3854; x_wconf 92' lang='lat'><strong>:</strong></span> 
     </span>
    </p>
   </div>
   <div class='ocr_carea' id='block_1_84' title="bbox 2061 3888 3645 3954">
    <p class='ocr_par' dir='ltr' id='par_1_84' title="bbox 2061 3888 3645 3954">
     <span class='ocr_line' id='line_1_84' title="bbox 2061 3888 3645 3954; baseline 0.001 -14"><span class='ocrx_word' id='word_1_643' title='bbox 2061 3906 2080 3940; x_wconf 86' lang='grc' dir='ltr'><strong>ι</strong></span> <span class='ocrx_word' id='word_1_644' title='bbox 2109 3888 2342 3943; x_wconf 83' lang='lat' dir='ltr'><strong>Causam</strong></span> <span class='ocrx_word' id='word_1_645' title='bbox 2373 3897 2428 3946; x_wconf 81' lang='lat' dir='ltr'><strong>et</strong></span> <span class='ocrx_word' id='word_1_646' title='bbox 2454 3888 2708 3944; x_wconf 73' lang='lat' dir='ltr'><strong>effectum</strong></span> <span class='ocrx_word' id='word_1_647' title='bbox 2748 3889 2802 3944; x_wconf 91' lang='lat' dir='ltr'><strong>in</strong></span> <span class='ocrx_word' id='word_1_648' title='bbox 2835 3889 3190 3945; x_wconf 82' lang='lat' dir='ltr'><strong>sanctissima</strong></span> <span class='ocrx_word' id='word_1_649' title='bbox 3218 3890 3440 3954; x_wconf 89' lang='lat' dir='ltr'><strong>&#39;l‘riade,</strong></span> <span class='ocrx_word' id='word_1_650' title='bbox 3489 3891 3645 3944; x_wconf 82' lang='lat' dir='ltr'><strong>haud</strong></span> 
     </span>
    </p>
   </div>
   <div class='ocr_carea' id='block_1_85' title="bbox 2060 3979 3632 4051">
    <p class='ocr_par' dir='ltr' id='par_1_85' title="bbox 2060 3979 3632 4051">
     <span class='ocr_line' id='line_1_85' title="bbox 2060 3979 3632 4051; baseline 0 -17"><span class='ocrx_word' id='word_1_651' title='bbox 2060 3980 2141 4034; x_wconf 88' lang='lat' dir='ltr'><strong>l&#39;as</strong></span> <span class='ocrx_word' id='word_1_652' title='bbox 2167 3987 2251 4034; x_wconf 87' lang='lat' dir='ltr'><strong>est</strong></span> <span class='ocrx_word' id='word_1_653' title='bbox 2273 3979 2460 4036; x_wconf 87' lang='lat' dir='ltr'><strong>dicere</strong></span> <span class='ocrx_word' id='word_1_654' title='bbox 2487 3996 2504 4046; x_wconf 89' lang='lat'><strong>;</strong></span> <span class='ocrx_word' id='word_1_655' title='bbox 2544 3999 2562 4034; x_wconf 75' lang='grc' dir='ltr'><strong>ι</strong></span> <span class='ocrx_word' id='word_1_656' title='bbox 2599 3980 2959 4038; x_wconf 87' lang='lat' dir='ltr'><strong>nihilominus</strong></span> <span class='ocrx_word' id='word_1_657' title='bbox 2979 3981 3309 4051; x_wconf 84' lang='lat' dir='ltr'><strong>principium</strong></span> <span class='ocrx_word' id='word_1_658' title='bbox 3344 3997 3440 4050; x_wconf 89' lang='lat' dir='ltr'><strong>pro</strong></span> <span class='ocrx_word' id='word_1_659' title='bbox 3468 3997 3632 4035; x_wconf 84' lang='lat' dir='ltr'><strong>causa</strong></span> 
     </span>
    </p>
   </div>
   <div class='ocr_carea' id='block_1_86' title="bbox 2061 4072 3634 4142">
    <p class='ocr_par' dir='ltr' id='par_1_86' title="bbox 2061 4072 3634 4142">
     <span class='ocr_line' id='line_1_86' title="bbox 2061 4072 3634 4142; baseline -0.001 -16"><span class='ocrx_word' id='word_1_660' title='bbox 2061 4080 2294 4140; x_wconf 88' lang='lat' dir='ltr'><strong>ponunt,</strong></span> <span class='ocrx_word' id='word_1_661' title='bbox 2329 4081 2384 4126; x_wconf 88' lang='lat' dir='ltr'><strong>et</strong></span> <span class='ocrx_word' id='word_1_662' title='bbox 2410 4073 2464 4127; x_wconf 88' lang='lat' dir='ltr'><strong>in</strong></span> <span class='ocrx_word' id='word_1_663' title='bbox 2499 4087 2669 4126; x_wconf 90' lang='lat' dir='ltr'><strong>unum</strong></span> <span class='ocrx_word' id='word_1_664' title='bbox 2693 4072 3027 4128; x_wconf 80' lang='lat' dir='ltr'><strong>convenitutt</strong></span> <span class='ocrx_word' id='word_1_665' title='bbox 3061 4080 3115 4127; x_wconf 91' lang='lat' dir='ltr'><strong>et</strong></span> <span class='ocrx_word' id='word_1_666' title='bbox 3145 4088 3312 4128; x_wconf 87' lang='lat' dir='ltr'><strong>causa</strong></span> <span class='ocrx_word' id='word_1_667' title='bbox 3347 4081 3402 4126; x_wconf 88' lang='lat' dir='ltr'><strong>et</strong></span> <span class='ocrx_word' id='word_1_668' title='bbox 3433 4073 3634 4142; x_wconf 85' lang='lat' dir='ltr'><strong>princi-</strong></span> 
     </span>
    </p>
   </div>
   <div class='ocr_carea' id='block_1_87' title="bbox 2059 4162 3631 4234">
    <p class='ocr_par' dir='ltr' id='par_1_87' title="bbox 2059 4162 3631 4234">
     <span class='ocr_line' id='line_1_87' title="bbox 2059 4162 3631 4234; baseline 0.003 -20"><span class='ocrx_word' id='word_1_669' title='bbox 2059 4162 2232 4232; x_wconf 88' lang='lat' dir='ltr'><strong>pium,</strong></span> <span class='ocrx_word' id='word_1_670' title='bbox 2265 4162 2410 4231; x_wconf 86' lang='lat' dir='ltr'><strong>quod</strong></span> <span class='ocrx_word' id='word_1_671' title='bbox 2441 4172 2496 4217; x_wconf 92' lang='lat' dir='ltr'><strong>et</strong></span> <span class='ocrx_word' id='word_1_672' title='bbox 2533 4162 2820 4233; x_wconf 79' lang='lat' dir='ltr'><strong>theologus</strong></span> <span class='ocrx_word' id='word_1_673' title='bbox 2853 4162 3152 4234; x_wconf 87' lang='lat' dir='ltr'><strong>Gregorius</strong></span> <span class='ocrx_word' id='word_1_674' title='bbox 3200 4165 3400 4218; x_wconf 89' lang='lat' dir='ltr'><strong>astruit</strong></span> <span class='ocrx_word' id='word_1_675' title='bbox 3435 4182 3450 4218; x_wconf 89' lang='lat'><strong>:</strong></span> <span class='ocrx_word' id='word_1_676' title='bbox 3489 4181 3508 4215; x_wconf 81' lang='grc' dir='ltr'><strong>ι</strong></span> <span class='ocrx_word' id='word_1_677' title='bbox 3556 4165 3631 4218; x_wconf 78' lang='lat' dir='ltr'><strong>Ex</strong></span> 
     </span>
    </p>
   </div>
   <div class='ocr_carea' id='block_1_88' title="bbox 2061 4250 3635 4324">
    <p class='ocr_par' dir='ltr' id='par_1_88' title="bbox 2061 4250 3635 4324">
     <span class='ocr_line' id='line_1_88' title="bbox 2061 4250 3635 4324; baseline 0.002 -20"><span class='ocrx_word' id='word_1_678' title='bbox 2061 4250 2333 4321; x_wconf 89' lang='lat' dir='ltr'><strong>principio</strong></span> <span class='ocrx_word' id='word_1_679' title='bbox 2369 4251 2740 4322; x_wconf 84' lang='lat' dir='ltr'><strong>principium:</strong></span> <span class='ocrx_word' id='word_1_680' title='bbox 2767 4261 3140 4308; x_wconf 84' lang='lat' dir='ltr'><strong>verumtamen</strong></span> <span class='ocrx_word' id='word_1_681' title='bbox 3185 4268 3294 4309; x_wconf 90' lang='lat' dir='ltr'><strong>non</strong></span> <span class='ocrx_word' id='word_1_682' title='bbox 3339 4254 3450 4309; x_wconf 91' lang='lat' dir='ltr'><strong>duo</strong></span> <span class='ocrx_word' id='word_1_683' title='bbox 3482 4256 3635 4324; x_wconf 88' lang='lat' dir='ltr'><strong>prin-</strong></span> 
     </span>
    </p>
   </div>
   <div class='ocr_carea' id='block_1_89' title="bbox 2063 4343 3636 4417">
    <p class='ocr_par' dir='ltr' id='par_1_89' title="bbox 2063 4343 3636 4417">
     <span class='ocr_line' id='line_1_89' title="bbox 2063 4343 3636 4417; baseline 0.003 -20"><span class='ocrx_word' id='word_1_684' title='bbox 2063 4343 2203 4413; x_wconf 89' lang='lat' dir='ltr'><strong>cipia</strong></span> <span class='ocrx_word' id='word_1_685' title='bbox 2240 4343 2616 4413; x_wconf 85' lang='lat' dir='ltr'><strong>intelligimus.</strong></span> <span class='ocrx_word' id='word_1_686' title='bbox 2658 4363 2678 4399; x_wconf 73' lang='grc' dir='ltr'><strong>ι</strong></span> <span class='ocrx_word' id='word_1_687' title='bbox 2705 4344 2863 4410; x_wconf 85' lang='lat' dir='ltr'><strong>Quod</strong></span> <span class='ocrx_word' id='word_1_688' title='bbox 2898 4359 3081 4410; x_wconf 90' lang='lat' dir='ltr'><strong>omne,</strong></span> <span class='ocrx_word' id='word_1_689' title='bbox 3109 4343 3255 4416; x_wconf 90' lang='lat' dir='ltr'><strong>quod</strong></span> <span class='ocrx_word' id='word_1_690' title='bbox 3285 4361 3392 4401; x_wconf 91' lang='lat' dir='ltr'><strong>non</strong></span> <span class='ocrx_word' id='word_1_691' title='bbox 3421 4357 3636 4417; x_wconf 85' lang='lat' dir='ltr'><strong>separat</strong></span> 
     </span>
    </p>
   </div>
   <div class='ocr_carea' id='block_1_90' title="bbox 2060 4433 3632 4498">
    <p class='ocr_par' dir='ltr' id='par_1_90' title="bbox 2060 4433 3632 4498">
     <span class='ocr_line' id='line_1_90' title="bbox 2060 4433 3632 4498; baseline 0.003 -9"><span class='ocrx_word' id='word_1_692' title='bbox 2060 4435 2272 4489; x_wconf 78' lang='lat' dir='ltr'><strong>Patrem</strong></span> <span class='ocrx_word' id='word_1_693' title='bbox 2324 4442 2378 4488; x_wconf 89' lang='lat' dir='ltr'><strong>et</strong></span> <span class='ocrx_word' id='word_1_694' title='bbox 2427 4433 2650 4498; x_wconf 73' lang='lat' dir='ltr'><strong>Filium,</strong></span> <span class='ocrx_word' id='word_1_695' title='bbox 2717 4434 2864 4490; x_wconf 89' lang='lat' dir='ltr'><strong>Patrl</strong></span> <span class='ocrx_word' id='word_1_696' title='bbox 2917 4443 2973 4492; x_wconf 90' lang='lat' dir='ltr'><strong>et</strong></span> <span class='ocrx_word' id='word_1_697' title='bbox 3007 4435 3147 4490; x_wconf 86' lang='lat' dir='ltr'><strong>Filio</strong></span> <span class='ocrx_word' id='word_1_698' title='bbox 3196 4451 3491 4492; x_wconf 82' lang='lat' dir='ltr'><strong>commune</strong></span> <span class='ocrx_word' id='word_1_699' title='bbox 3525 4450 3632 4494; x_wconf 91' lang='lat' dir='ltr'><strong>est.</strong></span> 
     </span>
    </p>
   </div>
   <div class='ocr_carea' id='block_1_91' title="bbox 2058 4524 3632 4600">
    <p class='ocr_par' dir='ltr' id='par_1_91' title="bbox 2058 4524 3632 4600">
     <span class='ocr_line' id='line_1_91' title="bbox 2058 4524 3632 4600; baseline 0.004 -21"><span class='ocrx_word' id='word_1_700' title='bbox 2058 4524 2370 4581; x_wconf 89' lang='lat' dir='ltr'><strong>Producere</strong></span> <span class='ocrx_word' id='word_1_701' title='bbox 2426 4526 2611 4596; x_wconf 84' lang='lat' dir='ltr'><strong>itaque</strong></span> <span class='ocrx_word' id='word_1_702' title='bbox 2646 4542 2754 4582; x_wconf 91' lang='lat' dir='ltr'><strong>non</strong></span> <span class='ocrx_word' id='word_1_703' title='bbox 2797 4539 3014 4598; x_wconf 84' lang='lat' dir='ltr'><strong>separat</strong></span> <span class='ocrx_word' id='word_1_704' title='bbox 3061 4532 3280 4586; x_wconf 85' lang='lat' dir='ltr'><strong>Patrem</strong></span> <span class='ocrx_word' id='word_1_705' title='bbox 3315 4541 3368 4586; x_wconf 82' lang='lat' dir='ltr'><strong>et</strong></span> <span class='ocrx_word' id='word_1_706' title='bbox 3395 4532 3632 4600; x_wconf 88' lang='lat' dir='ltr'><strong>Filium;</strong></span> 
     </span>
    </p>
   </div>
   <div class='ocr_carea' id='block_1_92' title="bbox 392 4618 1951 4698">
    <p class='ocr_par' dir='ltr' id='par_1_92' title="bbox 392 4625 1951 4698">
     <span class='ocr_line' id='line_1_92' title="bbox 392 4625 1951 4698; baseline 0.001 -22"><span class='ocrx_word' id='word_1_707' title='bbox 392 4625 574 4696; x_wconf 72' lang='grc' dir='ltr'>Πατὴρ</span> <span class='ocrx_word' id='word_1_708' title='bbox 599 4627 691 4679; x_wconf 75' lang='grc' dir='ltr'>καὶ</span> <span class='ocrx_word' id='word_1_709' title='bbox 715 4627 743 4679; x_wconf 89' lang='lat'><strong>6</strong></span> <span class='ocrx_word' id='word_1_710' title='bbox 769 4626 918 4691; x_wconf 82' lang='grc' dir='ltr'>Υίδς,</span> <span class='ocrx_word' id='word_1_711' title='bbox 943 4626 1126 4690; x_wconf 79' lang='grc' dir='ltr'>καθὼς</span> <span class='ocrx_word' id='word_1_712' title='bbox 1153 4627 1246 4680; x_wconf 71' lang='grc' dir='ltr'>καὶ</span> <span class='ocrx_word' id='word_1_713' title='bbox 1271 4629 1298 4678; x_wconf 80' lang='lat'><strong>6</strong></span> <span class='ocrx_word' id='word_1_714' title='bbox 1327 4626 1776 4698; x_wconf 80' lang='grc' dir='ltr'>μαρτυρούμενος</span> <span class='ocrx_word' id='word_1_715' title='bbox 1803 4625 1951 4695; x_wconf 74' lang='grc' dir='ltr'>παρὰ</span> 
     </span>
    </p>
   </div>
   <div class='ocr_carea' id='block_1_93' title="bbox 2057 4618 3638 4698">
    <p class='ocr_par' dir='ltr' id='par_1_93' title="bbox 2058 4618 3638 4688">
     <span class='ocr_line' id='line_1_93' title="bbox 2058 4618 3638 4688; baseline 0.005 -16"><span class='ocrx_word' id='word_1_716' title='bbox 2058 4627 2145 4673; x_wconf 78' lang='lat' dir='ltr'><strong>est</strong></span> <span class='ocrx_word' id='word_1_717' title='bbox 2170 4632 2300 4688; x_wconf 86' lang='lat' dir='ltr'><strong>ergo</strong></span> <span class='ocrx_word' id='word_1_718' title='bbox 2333 4618 2634 4688; x_wconf 88' lang='lat' dir='ltr'><strong>producere</strong></span> <span class='ocrx_word' id='word_1_719' title='bbox 2665 4633 2958 4676; x_wconf 86' lang='lat' dir='ltr'><strong>commune</strong></span> <span class='ocrx_word' id='word_1_720' title='bbox 3000 4621 3148 4678; x_wconf 87' lang='lat' dir='ltr'><strong>Patri</strong></span> <span class='ocrx_word' id='word_1_721' title='bbox 3195 4633 3251 4678; x_wconf 88' lang='lat' dir='ltr'><strong>et</strong></span> <span class='ocrx_word' id='word_1_722' title='bbox 3313 4624 3470 4680; x_wconf 85' lang='lat' dir='ltr'><strong>Filio.</strong></span> <span class='ocrx_word' id='word_1_723' title='bbox 3505 4625 3638 4680; x_wconf 91' lang='lat' dir='ltr'><strong>Pro-</strong></span> 
     </span>
    </p>
   </div>
   <div class='ocr_carea' id='block_1_94' title="bbox 391 4716 1952 4789">
    <p class='ocr_par' dir='ltr' id='par_1_94' title="bbox 391 4716 1952 4789">
     <span class='ocr_line' id='line_1_94' title="bbox 391 4716 1952 4789; baseline 0.002 -22"><span class='ocrx_word' id='word_1_724' title='bbox 391 4716 494 4768; x_wconf 86' lang='grc' dir='ltr'><strong>τῶν</strong></span> <span class='ocrx_word' id='word_1_725' title='bbox 528 4719 920 4788; x_wconf 83' lang='grc' dir='ltr'>οῑκουμενικῶν</span> <span class='ocrx_word' id='word_1_726' title='bbox 955 4719 1192 4772; x_wconf 82' lang='grc' dir='ltr'>συνόδων</span> <span class='ocrx_word' id='word_1_727' title='bbox 1227 4719 1486 4789; x_wconf 75' lang='grc' dir='ltr'>πέμπτης</span> <span class='ocrx_word' id='word_1_728' title='bbox 1518 4735 1601 4783; x_wconf 78' lang='grc' dir='ltr'><strong>τε,</strong></span> <span class='ocrx_word' id='word_1_729' title='bbox 1636 4719 1730 4772; x_wconf 80' lang='grc' dir='ltr'>καὶ</span> <span class='ocrx_word' id='word_1_730' title='bbox 1763 4719 1952 4788; x_wconf 73' lang='grc' dir='ltr'>ἕκτης,</span> 
     </span>
    </p>
   </div>
   <div class='ocr_carea' id='block_1_95' title="bbox 393 4810 1955 4881">
    <p class='ocr_par' dir='ltr' id='par_1_95' title="bbox 393 4810 1955 4881">
     <span class='ocr_line' id='line_1_95' title="bbox 393 4810 1955 4881; baseline 0.005 -23"><span class='ocrx_word' id='word_1_731' title='bbox 393 4810 481 4862; x_wconf 77' lang='grc' dir='ltr'>καὶ</span> <span class='ocrx_word' id='word_1_732' title='bbox 523 4811 757 4881; x_wconf 73' lang='grc' dir='ltr'>ἑϐδόμης</span> <span class='ocrx_word' id='word_1_733' title='bbox 796 4811 1107 4879; x_wconf 85' lang='grc' dir='ltr'>σοφώτατος</span> <span class='ocrx_word' id='word_1_734' title='bbox 1143 4811 1238 4874; x_wconf 71' lang='grc' dir='ltr'><strong>καὶ</strong></span> <span class='ocrx_word' id='word_1_735' title='bbox 1271 4811 1608 4880; x_wconf 66' lang='grc' dir='ltr'>ἐξοχώτατος</span> <span class='ocrx_word' id='word_1_736' title='bbox 1645 4811 1738 4864; x_wconf 72' lang='grc' dir='ltr'>καὶ</span> <span class='ocrx_word' id='word_1_737' title='bbox 1776 4810 1955 4878; x_wconf 82' lang='grc' dir='ltr'>μέγας</span> 
     </span>
    </p>
   </div>
   <div class='ocr_carea' id='block_1_96' title="bbox 391 4898 1957 4971">
    <p class='ocr_par' dir='ltr' id='par_1_96' title="bbox 391 4898 1957 4971">
     <span class='ocr_line' id='line_1_96' title="bbox 391 4898 1957 4971; baseline 0.001 -21"><span class='ocrx_word' id='word_1_738' title='bbox 391 4898 703 4962; x_wconf 73' lang='grc' dir='ltr'>διδασκαλος</span> <span class='ocrx_word' id='word_1_739' title='bbox 736 4903 834 4969; x_wconf 80' lang='grc' dir='ltr'>τῆς</span> <span class='ocrx_word' id='word_1_740' title='bbox 874 4901 1202 4970; x_wconf 84' lang='grc' dir='ltr'>Ἐκκλησίας</span> <span class='ocrx_word' id='word_1_741' title='bbox 1238 4902 1333 4955; x_wconf 73' lang='grc' dir='ltr'><strong>καὶ</strong></span> <span class='ocrx_word' id='word_1_742' title='bbox 1367 4901 1524 4970; x_wconf 71' lang='grc' dir='ltr'>ἅγιος</span> <span class='ocrx_word' id='word_1_743' title='bbox 1558 4902 1651 4954; x_wconf 76' lang='grc' dir='ltr'>καὶ</span> <span class='ocrx_word' id='word_1_744' title='bbox 1689 4900 1957 4971; x_wconf 84' lang='grc' dir='ltr'>μακάριος</span> 
     </span>
    </p>
   </div>
   <div class='ocr_carea' id='block_1_97' title="bbox 393 4991 1955 5064">
    <p class='ocr_par' dir='ltr' id='par_1_97' title="bbox 393 4991 1955 5064">
     <span class='ocr_line' id='line_1_97' title="bbox 393 4991 1955 5064; baseline 0.002 -22"><span class='ocrx_word' id='word_1_745' title='bbox 393 4991 769 5058; x_wconf 74' lang='grc' dir='ltr'>Δύγουστῑνος,</span> <span class='ocrx_word' id='word_1_746' title='bbox 792 4991 935 5046; x_wconf 75' lang='grc' dir='ltr'>οὕτω</span> <span class='ocrx_word' id='word_1_747' title='bbox 959 4994 1068 5063; x_wconf 82' lang='grc' dir='ltr'><strong>γὰρ</strong></span> <span class='ocrx_word' id='word_1_748' title='bbox 1099 4996 1458 5064; x_wconf 79' lang='grc' dir='ltr'>μαρτυρεῖται</span> <span class='ocrx_word' id='word_1_749' title='bbox 1487 4993 1640 5064; x_wconf 81' lang='grc' dir='ltr'>παρὰ</span> <span class='ocrx_word' id='word_1_750' title='bbox 1668 4993 1776 5046; x_wconf 85' lang='grc' dir='ltr'><strong>τῶν</strong></span> <span class='ocrx_word' id='word_1_751' title='bbox 1803 4996 1955 5064; x_wconf 80' lang='grc' dir='ltr'>είρη·</span> 
     </span>
    </p>
   </div>
   <div class='ocr_carea' id='block_1_98' title="bbox 397 5081 1957 5154">
    <p class='ocr_par' dir='ltr' id='par_1_98' title="bbox 397 5081 1957 5154">
     <span class='ocr_line' id='line_1_98' title="bbox 397 5081 1957 5154; baseline 0.004 -24"><span class='ocrx_word' id='word_1_752' title='bbox 397 5081 567 5149; x_wconf 81' lang='grc' dir='ltr'>μένων</span> <span class='ocrx_word' id='word_1_753' title='bbox 596 5083 768 5150; x_wconf 80' lang='grc' dir='ltr'>ἁγίων</span> <span class='ocrx_word' id='word_1_754' title='bbox 797 5084 890 5135; x_wconf 75' lang='grc' dir='ltr'>καὶ</span> <span class='ocrx_word' id='word_1_755' title='bbox 917 5085 1313 5154; x_wconf 85' lang='grc' dir='ltr'>οἰκουμενικῶν</span> <span class='ocrx_word' id='word_1_756' title='bbox 1345 5085 1586 5138; x_wconf 86' lang='grc' dir='ltr'>συνόδων</span> <span class='ocrx_word' id='word_1_757' title='bbox 1610 5124 1624 5148; x_wconf 95' lang='grc'><strong>,</strong></span> <span class='ocrx_word' id='word_1_758' title='bbox 1656 5086 1808 5151; x_wconf 85' lang='grc' dir='ltr'>λέγει</span> <span class='ocrx_word' id='word_1_759' title='bbox 1828 5124 1843 5148; x_wconf 89' lang='grc'><strong>,</strong></span> <span class='ocrx_word' id='word_1_760' title='bbox 1874 5085 1957 5138; x_wconf 83' lang='grc' dir='ltr'>ὅτι</span> 
     </span>
    </p>
   </div>
   <div class='ocr_carea' id='block_1_99' title="bbox 400 5174 1953 5246">
    <p class='ocr_par' dir='ltr' id='par_1_99' title="bbox 400 5174 1953 5246">
     <span class='ocr_line' id='line_1_99' title="bbox 400 5174 1953 5246; baseline 0.003 -22"><span class='ocrx_word' id='word_1_761' title='bbox 400 5190 417 5224; x_wconf 84' lang='grc' dir='ltr'><strong>ι</strong></span> <span class='ocrx_word' id='word_1_762' title='bbox 454 5174 566 5227; x_wconf 82' lang='grc' dir='ltr'>Μία</span> <span class='ocrx_word' id='word_1_763' title='bbox 597 5176 738 5243; x_wconf 78' lang='grc' dir='ltr'><strong>ἀρχὴ</strong></span> <span class='ocrx_word' id='word_1_764' title='bbox 765 5177 793 5228; x_wconf 92' lang='lat'><strong>6</strong></span> <span class='ocrx_word' id='word_1_765' title='bbox 825 5176 1015 5244; x_wconf 83' lang='grc' dir='ltr'>Πατὴρ</span> <span class='ocrx_word' id='word_1_766' title='bbox 1046 5177 1138 5229; x_wconf 77' lang='grc' dir='ltr'>καὶ</span> <span class='ocrx_word' id='word_1_767' title='bbox 1167 5178 1194 5230; x_wconf 95' lang='lat'><strong>6</strong></span> <span class='ocrx_word' id='word_1_768' title='bbox 1225 5176 1354 5240; x_wconf 84' lang='grc' dir='ltr'>Υίὸς</span> <span class='ocrx_word' id='word_1_769' title='bbox 1382 5177 1476 5230; x_wconf 87' lang='grc' dir='ltr'><strong>τοῦ</strong></span> <span class='ocrx_word' id='word_1_770' title='bbox 1507 5176 1662 5246; x_wconf 80' lang='grc' dir='ltr'>ἁγίου</span> <span class='ocrx_word' id='word_1_771' title='bbox 1696 5176 1953 5245; x_wconf 80' lang='grc' dir='ltr'>Πνεύμα-</span> 
     </span>
    </p>
   </div>
   <div class='ocr_carea' id='block_1_100' title="bbox 392 5265 1957 5339">
    <p class='ocr_par' dir='ltr' id='par_1_100' title="bbox 392 5265 1957 5339">
     <span class='ocr_line' id='line_1_100' title="bbox 392 5265 1957 5339; baseline 0.004 -25"><span class='ocrx_word' id='word_1_772' title='bbox 392 5279 500 5324; x_wconf 83' lang='grc' dir='ltr'>τος.</span> <span class='ocrx_word' id='word_1_773' title='bbox 535 5282 556 5316; x_wconf 70' lang='grc' dir='ltr'><strong>ι</strong></span> <span class='ocrx_word' id='word_1_774' title='bbox 594 5265 700 5318; x_wconf 79' lang='grc' dir='ltr'><strong>Καὶ</strong></span> <span class='ocrx_word' id='word_1_775' title='bbox 729 5268 776 5318; x_wconf 82' lang='grc' dir='ltr'>εἰ</span> <span class='ocrx_word' id='word_1_776' title='bbox 813 5266 912 5334; x_wconf 82' lang='grc' dir='ltr'>μὲν</span> <span class='ocrx_word' id='word_1_777' title='bbox 941 5267 1200 5336; x_wconf 79' lang='grc' dir='ltr'>ἀρκοῦσιν</span> <span class='ocrx_word' id='word_1_778' title='bbox 1229 5269 1369 5322; x_wconf 73' lang='grc' dir='ltr'>αὐτα</span> <span class='ocrx_word' id='word_1_779' title='bbox 1401 5271 1465 5339; x_wconf 79' lang='grc' dir='ltr'>τῇ</span> <span class='ocrx_word' id='word_1_780' title='bbox 1497 5269 1564 5337; x_wconf 84' lang='grc' dir='ltr'><strong>σῇ</strong></span> <span class='ocrx_word' id='word_1_781' title='bbox 1599 5267 1850 5339; x_wconf 70' lang='grc' dir='ltr'>βασιλεία</span> <span class='ocrx_word' id='word_1_782' title='bbox 1880 5266 1957 5330; x_wconf 84' lang='grc' dir='ltr'><strong>ὡς</strong></span> 
     </span>
    </p>
   </div>
   <div class='ocr_carea' id='block_1_101' title="bbox 395 5354 1957 5429">
    <p class='ocr_par' dir='ltr' id='par_1_101' title="bbox 395 5354 1957 5429">
     <span class='ocr_line' id='line_1_101' title="bbox 395 5354 1957 5429; baseline 0.003 -23"><span class='ocrx_word' id='word_1_783' title='bbox 395 5354 694 5424; x_wconf 83' lang='grc' dir='ltr'>ὑπόμνησις</span> <span class='ocrx_word' id='word_1_784' title='bbox 724 5358 864 5410; x_wconf 79' lang='grc' dir='ltr'>κατὰ</span> <span class='ocrx_word' id='word_1_785' title='bbox 889 5357 982 5422; x_wconf 82' lang='grc' dir='ltr'>τὸ,</span> <span class='ocrx_word' id='word_1_786' title='bbox 1013 5375 1032 5409; x_wconf 78' lang='grc' dir='ltr'><strong>ι</strong></span> <span class='ocrx_word' id='word_1_787' title='bbox 1065 5358 1218 5411; x_wconf 84' lang='grc' dir='ltr'>Δίδου</span> <span class='ocrx_word' id='word_1_788' title='bbox 1249 5359 1398 5428; x_wconf 80' lang='grc' dir='ltr'>σοφῷ</span> <span class='ocrx_word' id='word_1_789' title='bbox 1427 5358 1714 5429; x_wconf 76' lang='grc' dir='ltr'>ἀφορμὴν,</span> <span class='ocrx_word' id='word_1_790' title='bbox 1745 5361 1842 5412; x_wconf 77' lang='grc' dir='ltr'>καὶ</span> <span class='ocrx_word' id='word_1_791' title='bbox 1870 5375 1957 5411; x_wconf 90' lang='grc' dir='ltr'>σο-</span> 
     </span>
    </p>
   </div>
   <div class='ocr_carea' id='block_1_102' title="bbox 393 5446 1956 5520">
    <p class='ocr_par' dir='ltr' id='par_1_102' title="bbox 393 5446 1956 5520">
     <span class='ocr_line' id='line_1_102' title="bbox 393 5446 1956 5520; baseline 0.003 -21"><span class='ocrx_word' id='word_1_792' title='bbox 393 5446 629 5516; x_wconf 71' lang='grc' dir='ltr'>φώτερος</span> <span class='ocrx_word' id='word_1_793' title='bbox 654 5448 825 5513; x_wconf 79' lang='grc' dir='ltr'>ἐσται,</span> <span class='ocrx_word' id='word_1_794' title='bbox 858 5467 878 5500; x_wconf 72' lang='grc' dir='ltr'><strong>ι</strong></span> <span class='ocrx_word' id='word_1_795' title='bbox 903 5449 1061 5520; x_wconf 82' lang='grc' dir='ltr'>χάρις</span> <span class='ocrx_word' id='word_1_796' title='bbox 1083 5448 1160 5518; x_wconf 80' lang='grc' dir='ltr'>τῷ</span> <span class='ocrx_word' id='word_1_797' title='bbox 1181 5450 1298 5519; x_wconf 84' lang='grc' dir='ltr'><strong>Θεῷ</strong></span> <span class='ocrx_word' id='word_1_798' title='bbox 1317 5467 1332 5482; x_wconf 87' lang='grc'><strong>·</strong></span> <span class='ocrx_word' id='word_1_799' title='bbox 1360 5451 1409 5502; x_wconf 71' lang='grc' dir='ltr'><strong>τί</strong></span> <span class='ocrx_word' id='word_1_800' title='bbox 1431 5451 1490 5504; x_wconf 77' lang='grc' dir='ltr'>δὲ</span> <span class='ocrx_word' id='word_1_801' title='bbox 1514 5453 1608 5504; x_wconf 67' lang='grc' dir='ltr'>καὶ</span> <span class='ocrx_word' id='word_1_802' title='bbox 1631 5451 1708 5503; x_wconf 79' lang='grc' dir='ltr'><strong>ἔτι</strong></span> <span class='ocrx_word' id='word_1_803' title='bbox 1734 5451 1956 5504; x_wconf 85' lang='grc' dir='ltr'>πλείονα</span> 
     </span>
    </p>
   </div>
   <div class='ocr_carea' id='block_1_103' title="bbox 394 5538 1959 5610">
    <p class='ocr_par' dir='ltr' id='par_1_103' title="bbox 394 5538 1959 5610">
     <span class='ocr_line' id='line_1_103' title="bbox 394 5538 1959 5610; baseline 0.003 -22"><span class='ocrx_word' id='word_1_804' title='bbox 394 5538 624 5605; x_wconf 86' lang='grc' dir='ltr'>κελεύει,</span> <span class='ocrx_word' id='word_1_805' title='bbox 659 5541 754 5593; x_wconf 72' lang='grc' dir='ltr'>καὶ</span> <span class='ocrx_word' id='word_1_806' title='bbox 791 5539 1100 5607; x_wconf 84' lang='grc' dir='ltr'>σαφέστερα</span> <span class='ocrx_word' id='word_1_807' title='bbox 1123 5541 1390 5610; x_wconf 75' lang='grc' dir='ltr'>ἐροῦμεν,</span> <span class='ocrx_word' id='word_1_808' title='bbox 1426 5541 1698 5603; x_wconf 83' lang='grc' dir='ltr'>δικνύντες</span> <span class='ocrx_word' id='word_1_809' title='bbox 1740 5541 1827 5595; x_wconf 77' lang='grc' dir='ltr'><strong>διὰ</strong></span> <span class='ocrx_word' id='word_1_810' title='bbox 1860 5543 1959 5609; x_wconf 83' lang='grc' dir='ltr'>τῆς</span> 
     </span>
    </p>
   </div>
   <div class='ocr_carea' id='block_1_104' title="bbox 392 5629 1956 5701">
    <p class='ocr_par' dir='ltr' id='par_1_104' title="bbox 392 5629 1956 5701">
     <span class='ocr_line' id='line_1_104' title="bbox 392 5629 1956 5701; baseline 0.003 -20"><span class='ocrx_word' id='word_1_811' title='bbox 392 5629 608 5698; x_wconf 84' lang='grc' dir='ltr'>χάριτος</span> <span class='ocrx_word' id='word_1_812' title='bbox 633 5629 727 5683; x_wconf 90' lang='grc' dir='ltr'><strong>τοῦ</strong></span> <span class='ocrx_word' id='word_1_813' title='bbox 753 5629 1016 5701; x_wconf 79' lang='grc' dir='ltr'>Χριστοῦ,</span> <span class='ocrx_word' id='word_1_814' title='bbox 1045 5632 1118 5696; x_wconf 81' lang='grc' dir='ltr'><strong>ὡς</strong></span> <span class='ocrx_word' id='word_1_815' title='bbox 1150 5632 1304 5686; x_wconf 75' lang='grc' dir='ltr'>οὐδὲν</span> <span class='ocrx_word' id='word_1_816' title='bbox 1330 5631 1520 5686; x_wconf 62' lang='grc' dir='ltr'>καινὸν</span> <span class='ocrx_word' id='word_1_817' title='bbox 1546 5633 1626 5694; x_wconf 89' lang='grc' dir='ltr'><strong>εἰς</strong></span> <span class='ocrx_word' id='word_1_818' title='bbox 1650 5630 1748 5700; x_wconf 79' lang='grc' dir='ltr'>τὴν</span> <span class='ocrx_word' id='word_1_819' title='bbox 1775 5631 1956 5686; x_wconf 82' lang='grc' dir='ltr'>θεολο-</span> 
     </span>
    </p>
   </div>
   <div class='ocr_carea' id='block_1_105' title="bbox 392 5719 1956 5800">
    <p class='ocr_par' dir='ltr' id='par_1_105' title="bbox 392 5719 1956 5800">
     <span class='ocr_line' id='line_1_105' title="bbox 392 5719 1956 5800; baseline 0.004 -30"><span class='ocrx_word' id='word_1_820' title='bbox 392 5719 514 5786; x_wconf 87' lang='grc' dir='ltr'>γίαν</span> <span class='ocrx_word' id='word_1_821' title='bbox 547 5720 881 5791; x_wconf 78' lang='grc' dir='ltr'>είσὴξαμεν,</span> <span class='ocrx_word' id='word_1_822' title='bbox 917 5721 1096 5787; x_wconf 76' lang='grc' dir='ltr'>καθὼς</span> <span class='ocrx_word' id='word_1_823' title='bbox 1130 5723 1224 5777; x_wconf 60' lang='grc' dir='ltr'><strong>καὶ⁵</strong></span> <span class='ocrx_word' id='word_1_824' title='bbox 1257 5721 1346 5777; x_wconf 81' lang='grc' dir='ltr'>διὰ</span> <span class='ocrx_word' id='word_1_825' title='bbox 1378 5720 1474 5776; x_wconf 90' lang='grc' dir='ltr'><strong>τοῦ</strong></span> <span class='ocrx_word' id='word_1_826' title='bbox 1513 5721 1660 5785; x_wconf 83' lang='grc' dir='ltr'>Οείου</span> <span class='ocrx_word' id='word_1_827' title='bbox 1697 5721 1956 5800; x_wconf 75' lang='grc' dir='ltr'>Μαξίμου</span> 
     </span>
    </p>
   </div>
   <div class='ocr_carea' id='block_1_106' title="bbox 390 5810 790 5884">
    <p class='ocr_par' dir='ltr' id='par_1_106' title="bbox 390 5810 790 5884">
     <span class='ocr_line' id='line_1_106' title="bbox 390 5810 790 5884; baseline 0.008 -20"><span class='ocrx_word' id='word_1_828' title='bbox 390 5810 790 5884; x_wconf 79' lang='grc' dir='ltr'>δεδηλώκαμεν.</span> 
     </span>
    </p>
   </div>
   <div class='ocr_carea' id='block_1_107' title="bbox 2058 4712 3638 4786">
    <p class='ocr_par' dir='ltr' id='par_1_107' title="bbox 2058 4712 3638 4786">
     <span class='ocr_line' id='line_1_107' title="bbox 2058 4712 3638 4786; baseline 0.004 -22"><span class='ocrx_word' id='word_1_829' title='bbox 2058 4719 2358 4781; x_wconf 87' lang='lat' dir='ltr'><strong>ptereaque</strong></span> <span class='ocrx_word' id='word_1_830' title='bbox 2385 4718 2440 4765; x_wconf 88' lang='lat' dir='ltr'><strong>et</strong></span> <span class='ocrx_word' id='word_1_831' title='bbox 2471 4725 2640 4764; x_wconf 88' lang='lat' dir='ltr'><strong>unum</strong></span> <span class='ocrx_word' id='word_1_832' title='bbox 2697 4712 3022 4782; x_wconf 85' lang='lat' dir='ltr'><strong>principium</strong></span> <span class='ocrx_word' id='word_1_833' title='bbox 3074 4725 3160 4771; x_wconf 85' lang='lat' dir='ltr'><strong>est</strong></span> <span class='ocrx_word' id='word_1_834' title='bbox 3187 4715 3446 4786; x_wconf 88' lang='lat' dir='ltr'><strong>Spiritus,</strong></span> <span class='ocrx_word' id='word_1_835' title='bbox 3478 4718 3638 4773; x_wconf 81' lang='lat' dir='ltr'><strong>Pater</strong></span> 
     </span>
    </p>
   </div>
   <div class='ocr_carea' id='block_1_108' title="bbox 2058 4802 3631 4875">
    <p class='ocr_par' dir='ltr' id='par_1_108' title="bbox 2058 4802 3631 4875">
     <span class='ocr_line' id='line_1_108' title="bbox 2058 4802 3631 4875; baseline 0.004 -16"><span class='ocrx_word' id='word_1_836' title='bbox 2058 4813 2112 4859; x_wconf 88' lang='lat' dir='ltr'><strong>et</strong></span> <span class='ocrx_word' id='word_1_837' title='bbox 2140 4802 2353 4870; x_wconf 88' lang='lat' dir='ltr'><strong>Filius,</strong></span> <span class='ocrx_word' id='word_1_838' title='bbox 2411 4803 2921 4873; x_wconf 88' lang='lat' dir='ltr'><strong>quemadmodum,</strong></span> <span class='ocrx_word' id='word_1_839' title='bbox 2985 4807 3080 4875; x_wconf 85' lang='lat' dir='ltr'><strong>qui</strong></span> <span class='ocrx_word' id='word_1_840' title='bbox 3155 4811 3631 4867; x_wconf 71' lang='lat' dir='ltr'><strong>melimenicarum</strong></span> 
     </span>
    </p>
   </div>
   <div class='ocr_carea' id='block_1_109' title="bbox 2060 4895 3635 4969">
    <p class='ocr_par' dir='ltr' id='par_1_109' title="bbox 2060 4895 3635 4969">
     <span class='ocr_line' id='line_1_109' title="bbox 2060 4895 3635 4969; baseline 0.004 -19"><span class='ocrx_word' id='word_1_841' title='bbox 2060 4895 2394 4965; x_wconf 84' lang='lat' dir='ltr'><strong>synodorum</strong></span> <span class='ocrx_word' id='word_1_842' title='bbox 2425 4896 2651 4964; x_wconf 56' lang='lat' dir='ltr'><strong>quinta},</strong></span> <span class='ocrx_word' id='word_1_843' title='bbox 2711 4904 2880 4952; x_wconf 71' lang='lat' dir='ltr'><strong>sexta:</strong></span> <span class='ocrx_word' id='word_1_844' title='bbox 2911 4909 2966 4952; x_wconf 92' lang='lat' dir='ltr'><strong>et</strong></span> <span class='ocrx_word' id='word_1_845' title='bbox 3013 4900 3262 4969; x_wconf 71' lang='lat' dir='ltr'><strong>septima:</strong></span> <span class='ocrx_word' id='word_1_846' title='bbox 3312 4902 3635 4957; x_wconf 79' lang='lat' dir='ltr'><strong>testinmuio</strong></span> 
     </span>
    </p>
   </div>
   <div class='ocr_carea' id='block_1_110' title="bbox 2059 4987 3636 5064">
    <p class='ocr_par' dir='ltr' id='par_1_110' title="bbox 2059 4987 3636 5064">
     <span class='ocr_line' id='line_1_110' title="bbox 2059 4987 3636 5064; baseline 0.006 -25"><span class='ocrx_word' id='word_1_847' title='bbox 2059 4987 2546 5055; x_wconf 85' lang='lat' dir='ltr'><strong>sapientissimus,</strong></span> <span class='ocrx_word' id='word_1_848' title='bbox 2601 4995 2658 5042; x_wconf 91' lang='lat' dir='ltr'><strong>et</strong></span> <span class='ocrx_word' id='word_1_849' title='bbox 2717 4989 3234 5055; x_wconf 85' lang='lat' dir='ltr'><strong>eminentissimus,</strong></span> <span class='ocrx_word' id='word_1_850' title='bbox 3295 5009 3636 5064; x_wconf 82' lang='lat' dir='ltr'><strong>magnusque</strong></span> 
     </span>
    </p>
   </div>
   <div class='ocr_carea' id='block_1_111' title="bbox 2062 5077 3636 5157">
    <p class='ocr_par' dir='ltr' id='par_1_111' title="bbox 2062 5077 3636 5157">
     <span class='ocr_line' id='line_1_111' title="bbox 2062 5077 3636 5157; baseline 0.007 -26"><span class='ocrx_word' id='word_1_851' title='bbox 2062 5077 2322 5134; x_wconf 80' lang='lat' dir='ltr'><strong>Ecclesia:</strong></span> <span class='ocrx_word' id='word_1_852' title='bbox 2375 5080 2570 5135; x_wconf 86' lang='lat' dir='ltr'><strong>doctor</strong></span> <span class='ocrx_word' id='word_1_853' title='bbox 2627 5081 2984 5150; x_wconf 85' lang='lat' dir='ltr'><strong>declaratur,</strong></span> <span class='ocrx_word' id='word_1_854' title='bbox 3039 5095 3266 5141; x_wconf 89' lang='lat' dir='ltr'><strong>sanctus</strong></span> <span class='ocrx_word' id='word_1_855' title='bbox 3329 5090 3636 5157; x_wconf 85' lang='lat' dir='ltr'><strong>beatusque</strong></span> 
     </span>
    </p>
   </div>
   <div class='ocr_carea' id='block_1_112' title="bbox 2058 5171 3636 5245">
    <p class='ocr_par' dir='ltr' id='par_1_112' title="bbox 2058 5171 3636 5245">
     <span class='ocr_line' id='line_1_112' title="bbox 2058 5171 3636 5245; baseline 0.006 -20"><span class='ocrx_word' id='word_1_856' title='bbox 2058 5171 2404 5240; x_wconf 80' lang='lat' dir='ltr'><strong>Augustinus</strong></span> <span class='ocrx_word' id='word_1_857' title='bbox 2463 5171 2575 5243; x_wconf 83' lang='lat' dir='ltr'><strong>(his</strong></span> <span class='ocrx_word' id='word_1_858' title='bbox 2601 5176 2748 5228; x_wconf 90' lang='lat' dir='ltr'><strong>enim</strong></span> <span class='ocrx_word' id='word_1_859' title='bbox 2781 5177 3074 5244; x_wconf 69' lang='lat' dir='ltr'><strong>praeconiis</strong></span> <span class='ocrx_word' id='word_1_860' title='bbox 3106 5192 3135 5231; x_wconf 89' lang='lat' dir='ltr'><strong>a</strong></span> <span class='ocrx_word' id='word_1_861' title='bbox 3166 5177 3278 5245; x_wconf 90' lang='lat' dir='ltr'><strong>jam</strong></span> <span class='ocrx_word' id='word_1_862' title='bbox 3307 5179 3549 5234; x_wconf 83' lang='lat' dir='ltr'><strong>laudatis</strong></span> <span class='ocrx_word' id='word_1_863' title='bbox 3581 5189 3636 5234; x_wconf 80' lang='lat' dir='ltr'><strong>et</strong></span> 
     </span>
    </p>
   </div>
   <div class='ocr_carea' id='block_1_113' title="bbox 2060 5265 3632 5337">
    <p class='ocr_par' dir='ltr' id='par_1_113' title="bbox 2060 5265 3632 5337">
     <span class='ocr_line' id='line_1_113' title="bbox 2060 5265 3632 5337; baseline 0.002 -17"><span class='ocrx_word' id='word_1_864' title='bbox 2060 5265 2416 5320; x_wconf 71' lang='lat' dir='ltr'><strong>mcmnenicis</strong></span> <span class='ocrx_word' id='word_1_865' title='bbox 2461 5265 2686 5335; x_wconf 88' lang='lat' dir='ltr'><strong>synodis</strong></span> <span class='ocrx_word' id='word_1_866' title='bbox 2745 5268 3073 5337; x_wconf 78' lang='lat' dir='ltr'><strong>extollitur)</strong></span> <span class='ocrx_word' id='word_1_867' title='bbox 3119 5272 3331 5326; x_wconf 90' lang='lat' dir='ltr'><strong>tradit:</strong></span> <span class='ocrx_word' id='word_1_868' title='bbox 3376 5290 3393 5322; x_wconf 79' lang='grc' dir='ltr'><strong>ι</strong></span> <span class='ocrx_word' id='word_1_869' title='bbox 3454 5271 3632 5326; x_wconf 87' lang='lat' dir='ltr'><strong>Unum</strong></span> 
     </span>
    </p>
   </div>
   <div class='ocr_carea' id='block_1_114' title="bbox 2061 5354 3636 5429">
    <p class='ocr_par' dir='ltr' id='par_1_114' title="bbox 2061 5354 3636 5429">
     <span class='ocr_line' id='line_1_114' title="bbox 2061 5354 3636 5429; baseline 0.007 -22"><span class='ocrx_word' id='word_1_870' title='bbox 2061 5354 2385 5424; x_wconf 81' lang='lat' dir='ltr'><strong>principium</strong></span> <span class='ocrx_word' id='word_1_871' title='bbox 2407 5355 2587 5420; x_wconf 83' lang='lat' dir='ltr'><strong>Pater,</strong></span> <span class='ocrx_word' id='word_1_872' title='bbox 2616 5367 2670 5411; x_wconf 90' lang='lat' dir='ltr'><strong>et</strong></span> <span class='ocrx_word' id='word_1_873' title='bbox 2694 5356 2887 5423; x_wconf 86' lang='lat' dir='ltr'><strong>Filius,</strong></span> <span class='ocrx_word' id='word_1_874' title='bbox 2915 5358 3152 5429; x_wconf 89' lang='lat' dir='ltr'><strong>Spiritus</strong></span> <span class='ocrx_word' id='word_1_875' title='bbox 3174 5364 3373 5418; x_wconf 86' lang='lat' dir='ltr'><strong>sancti.</strong></span> <span class='ocrx_word' id='word_1_876' title='bbox 3390 5383 3408 5418; x_wconf 71' lang='grc' dir='ltr'><strong>ι</strong></span> <span class='ocrx_word' id='word_1_877' title='bbox 3428 5363 3496 5416; x_wconf 82' lang='lat' dir='ltr'><strong>Et</strong></span> <span class='ocrx_word' id='word_1_878' title='bbox 3523 5365 3636 5418; x_wconf 68' lang='lat' dir='ltr'><strong>haec</strong></span> 
     </span>
    </p>
   </div>
   <div class='ocr_carea' id='block_1_115' title="bbox 2061 5445 3632 5515">
    <p class='ocr_par' dir='ltr' id='par_1_115' title="bbox 2061 5445 3632 5515">
     <span class='ocr_line' id='line_1_115' title="bbox 2061 5445 3632 5515; baseline 0.006 -17"><span class='ocrx_word' id='word_1_879' title='bbox 2061 5445 2278 5514; x_wconf 86' lang='lat' dir='ltr'><strong>quidem</strong></span> <span class='ocrx_word' id='word_1_880' title='bbox 2313 5446 2357 5499; x_wconf 90' lang='lat' dir='ltr'><strong>si</strong></span> <span class='ocrx_word' id='word_1_881' title='bbox 2392 5445 2667 5514; x_wconf 80' lang='lat' dir='ltr'><strong>majestati</strong></span> <span class='ocrx_word' id='word_1_882' title='bbox 2705 5454 2813 5505; x_wconf 62' lang='lat' dir='ltr'><strong>tua</strong></span> <span class='ocrx_word' id='word_1_883' title='bbox 2849 5449 2983 5504; x_wconf 80' lang='lat' dir='ltr'><strong>satis</strong></span> <span class='ocrx_word' id='word_1_884' title='bbox 3018 5451 3371 5515; x_wconf 76' lang='lat' dir='ltr'><strong>videbuntur,</strong></span> <span class='ocrx_word' id='word_1_885' title='bbox 3422 5461 3482 5507; x_wconf 93' lang='lat' dir='ltr'><strong>ut</strong></span> <span class='ocrx_word' id='word_1_886' title='bbox 3518 5469 3632 5507; x_wconf 85' lang='lat' dir='ltr'><strong>me-</strong></span> 
     </span>
    </p>
   </div>
   <div class='ocr_carea' id='block_1_116' title="bbox 2061 5537 3633 5610">
    <p class='ocr_par' dir='ltr' id='par_1_116' title="bbox 2061 5537 3633 5610">
     <span class='ocr_line' id='line_1_116' title="bbox 2061 5537 3633 5610; baseline 0.007 -21"><span class='ocrx_word' id='word_1_887' title='bbox 2061 5537 2289 5591; x_wconf 84' lang='lat' dir='ltr'><strong>moriam</strong></span> <span class='ocrx_word' id='word_1_888' title='bbox 2317 5538 2589 5594; x_wconf 79' lang='lat' dir='ltr'><strong>excitent:</strong></span> <span class='ocrx_word' id='word_1_889' title='bbox 2625 5555 2858 5610; x_wconf 86' lang='lat' dir='ltr'><strong>namque</strong></span> <span class='ocrx_word' id='word_1_890' title='bbox 2895 5540 3117 5605; x_wconf 92' lang='lat' dir='ltr'><strong>dicitur,</strong></span> <span class='ocrx_word' id='word_1_891' title='bbox 3146 5541 3254 5597; x_wconf 68' lang='lat' dir='ltr'><strong>«Da</strong></span> <span class='ocrx_word' id='word_1_892' title='bbox 3285 5545 3633 5600; x_wconf 84' lang='lat' dir='ltr'><strong>occasionem</strong></span> 
     </span>
    </p>
   </div>
   <div class='ocr_carea' id='block_1_117' title="bbox 2061 5628 3637 5705">
    <p class='ocr_par' dir='ltr' id='par_1_117' title="bbox 2061 5628 3637 5705">
     <span class='ocr_line' id='line_1_117' title="bbox 2061 5628 3637 5705; baseline 0.008 -23"><span class='ocrx_word' id='word_1_893' title='bbox 2061 5628 2314 5696; x_wconf 83' lang='lat' dir='ltr'><strong>sapienti.</strong></span> <span class='ocrx_word' id='word_1_894' title='bbox 2345 5637 2399 5682; x_wconf 89' lang='lat' dir='ltr'><strong>et</strong></span> <span class='ocrx_word' id='word_1_895' title='bbox 2423 5629 2725 5698; x_wconf 64' lang='lat' dir='ltr'><strong>sapientior</strong></span> <span class='ocrx_word' id='word_1_896' title='bbox 2754 5633 2860 5686; x_wconf 90' lang='lat' dir='ltr'><strong>erit</strong></span> <span class='ocrx_word' id='word_1_897' title='bbox 2888 5649 2902 5686; x_wconf 90' lang='lat'><strong>:</strong></span> <span class='ocrx_word' id='word_1_898' title='bbox 2933 5651 2952 5685; x_wconf 75' lang='grc' dir='ltr'><strong>ι</strong></span> <span class='ocrx_word' id='word_1_899' title='bbox 2999 5633 3106 5688; x_wconf 90' lang='lat' dir='ltr'><strong>Deo</strong></span> <span class='ocrx_word' id='word_1_900' title='bbox 3124 5637 3298 5704; x_wconf 81' lang='lat' dir='ltr'><strong>gratia</strong></span> <span class='ocrx_word' id='word_1_901' title='bbox 3319 5637 3411 5691; x_wconf 90' lang='lat' dir='ltr'><strong>sit.</strong></span> <span class='ocrx_word' id='word_1_902' title='bbox 3433 5636 3637 5705; x_wconf 84' lang='lat' dir='ltr'><strong>Quodsi</strong></span> 
     </span>
    </p>
   </div>
   <div class='ocr_carea' id='block_1_118' title="bbox 2061 5719 3631 5799">
    <p class='ocr_par' dir='ltr' id='par_1_118' title="bbox 2061 5719 3631 5799">
     <span class='ocr_line' id='line_1_118' title="bbox 2061 5719 3631 5799; baseline 0.009 -27"><span class='ocrx_word' id='word_1_903' title='bbox 2061 5720 2218 5789; x_wconf 86' lang='lat' dir='ltr'><strong>plura</strong></span> <span class='ocrx_word' id='word_1_904' title='bbox 2243 5719 2428 5776; x_wconf 72' lang='lat' dir='ltr'><strong>aﬂerri</strong></span> <span class='ocrx_word' id='word_1_905' title='bbox 2453 5719 2635 5786; x_wconf 85' lang='lat' dir='ltr'><strong>jubes,</strong></span> <span class='ocrx_word' id='word_1_906' title='bbox 2661 5729 2713 5775; x_wconf 88' lang='lat' dir='ltr'><strong>et</strong></span> <span class='ocrx_word' id='word_1_907' title='bbox 2745 5723 2993 5791; x_wconf 89' lang='lat' dir='ltr'><strong>planiora</strong></span> <span class='ocrx_word' id='word_1_908' title='bbox 3029 5725 3297 5794; x_wconf 88' lang='lat' dir='ltr'><strong>dicemus,</strong></span> <span class='ocrx_word' id='word_1_909' title='bbox 3333 5730 3510 5799; x_wconf 84' lang='lat' dir='ltr'><strong>gratia</strong></span> <span class='ocrx_word' id='word_1_910' title='bbox 3539 5731 3631 5786; x_wconf 88' lang='lat' dir='ltr'><strong>Dei</strong></span> 
     </span>
    </p>
   </div>
   <div class='ocr_carea' id='block_1_119' title="bbox 2062 5813 3639 5890">
    <p class='ocr_par' dir='ltr' id='par_1_119' title="bbox 2062 5813 3639 5890">
     <span class='ocr_line' id='line_1_119' title="bbox 2062 5813 3639 5890; baseline 0.01 -26"><span class='ocrx_word' id='word_1_911' title='bbox 2062 5813 2413 5871; x_wconf 86' lang='lat' dir='ltr'><strong>ostendentes</strong></span> <span class='ocrx_word' id='word_1_912' title='bbox 2469 5825 2570 5866; x_wconf 91' lang='lat' dir='ltr'><strong>nos</strong></span> <span class='ocrx_word' id='word_1_913' title='bbox 2598 5813 2736 5867; x_wconf 87' lang='lat' dir='ltr'><strong>nihil</strong></span> <span class='ocrx_word' id='word_1_914' title='bbox 2771 5816 2894 5870; x_wconf 92' lang='lat' dir='ltr'><strong>novi</strong></span> <span class='ocrx_word' id='word_1_915' title='bbox 2927 5816 2980 5870; x_wconf 89' lang='lat' dir='ltr'><strong>in</strong></span> <span class='ocrx_word' id='word_1_916' title='bbox 3012 5831 3098 5873; x_wconf 86' lang='lat' dir='ltr'><strong>res</strong></span> <span class='ocrx_word' id='word_1_917' title='bbox 3119 5819 3452 5890; x_wconf 73' lang='lat' dir='ltr'><strong>theologicae</strong></span> <span class='ocrx_word' id='word_1_918' title='bbox 3473 5823 3639 5879; x_wconf 87' lang='lat' dir='ltr'><strong>intro-</strong></span> 
     </span>
    </p>
   </div>
   <div class='ocr_carea' id='block_1_120' title="bbox 2062 5901 3572 5976">
    <p class='ocr_par' dir='ltr' id='par_1_120' title="bbox 2062 5901 3572 5976">
     <span class='ocr_line' id='line_1_120' title="bbox 2062 5901 3572 5976; baseline 0.011 -22"><span class='ocrx_word' id='word_1_919' title='bbox 2062 5901 2306 5975; x_wconf 64' lang='lat' dir='ltr'><strong>duxissc,</strong></span> <span class='ocrx_word' id='word_1_920' title='bbox 2341 5911 2398 5957; x_wconf 91' lang='lat' dir='ltr'><strong>ut</strong></span> <span class='ocrx_word' id='word_1_921' title='bbox 2430 5917 2497 5968; x_wconf 71' lang='lat' dir='ltr'><strong>ex</strong></span> <span class='ocrx_word' id='word_1_922' title='bbox 2526 5903 2652 5961; x_wconf 90' lang='lat' dir='ltr'><strong>divo</strong></span> <span class='ocrx_word' id='word_1_923' title='bbox 2681 5905 2913 5967; x_wconf 76' lang='lat' dir='ltr'><strong>Maximo</strong></span> <span class='ocrx_word' id='word_1_924' title='bbox 2946 5910 3296 5976; x_wconf 75' lang='lat' dir='ltr'><strong>manifestum</strong></span> <span class='ocrx_word' id='word_1_925' title='bbox 3320 5913 3572 5972; x_wconf 75' lang='lat' dir='ltr'><strong>fecimus.</strong></span> 
     </span>
    </p>
   </div>
  </div>
