4102 6414
465 490 572 546 215

1361 461 1779 552 nmen”.
1811 491 2108 552 MAMMS
2134 491 2242 551 CP.
2283 477 2788 552 [utrumnam

3619 484 3726 549 216

540 602 589 650 7.
622 598 1001 654 Vermntamen
1039 605 1328 657 necessum
1358 619 1480 660 esse
1533 604 1714 670 video,
1741 614 1799 660 ut
1829 607 1881 660 id
1907 621 2047 676 quo-

2221 605 2281 671 ζ’.
2329 608 2469 660 Ἀλλ’
2498 607 2796 674 ἀναγκαῖόν
2839 605 2958 656 ἐστι
3006 605 3096 656 καὶ
3146 602 3349 674 μᾶλλον
3391 599 3596 663 δεῖξαι,
3641 600 3725 653 ὃτι
3800 669 3813 682 .

394 675 404 682 ’
465 708 574 760 que
622 694 864 762 apertius
921 693 1388 762 demonstremus,
1435 711 1536 754 nos
1586 698 1768 752 divina
1838 675 2044 756 statuta

467 783 644 852 neQue
697 783 1098 851 contempsisse
1146 799 1325 853 neque
1380 801 1483 855 pro
1514 787 1690 842 nihilo
1716 786 1962 852 duxisse,
1988 799 2046 842 ut

469 874 562 943 Qui
591 884 864 928 terrarum
897 876 1084 929 orbem
1140 877 1456 932 universum
1509 879 1736 951 scriptis
1781 880 2048 936 adversus

457 981 575 1017 .-nos
608 964 772 1019 editis
814 965 1112 1034 replevere,
1147 966 1251 1020 hac
1277 968 1493 1023 ratione
1526 983 1630 1023 nos
1670 968 2046 1032 din‘amantes,

472 1055 1006 1124 rouuuiscentesque
1061 1057 1245 1111 omnia
1305 1059 1564 1124 sollicite,
1601 1060 1669 1113 ad
1712 1058 1919 1115 Christi
1950 1061 2051 1114 Ec-

472 1145 699 1199 clesiam
751 1147 1124 1215 dividendam.
1189 1149 1320 1204 licet
1383 1151 1626 1206 divinum
1681 1167 1745 1208 ac
1795 1161 2046 1208 sanctum

477 1237 706 1292 Patrem»
753 1240 1210 1311 Chrysostomum
1264 1245 1316 1297 in
1392 1246 1742 1315 expositione
1797 1244 2052 1313 Epistolm

479 1330 620 1383 beati
653 1328 806 1384 Pauli
848 1332 914 1385 ad
965 1333 1231 1399 Ephesios
1255 1335 1527 1390 dicentem
1568 1336 1792 1390 audiant
1828 1353 1843 1406 ς
1876 1355 1895 1388 ι
1933 1336 2049 1395 Non

479 1423 660 1475 minus
692 1423 893 1476 malum
921 1439 1043 1478 esse
1069 1423 1373 1481 Ecclesiam
1399 1425 1644 1482 dividere
1673 1444 1836 1498 quam
1861 1431 1913 1494 in
1936 1431 2050 1484 ha:-

482 1513 646 1567 rcsim
670 1514 905 1588 prolabi.
931 1535 948 1567 ι
996 1516 1062 1570 Ει
1093 1519 1147 1572 in
1181 1522 1369 1574 eadem
1390 1507 1636 1589 Epistola
1663 1522 1922 1581 idemmet
1949 1521 2052 1586 alia

481 1605 715 1659 llomilia
773 1605 1025 1663 fatetur:
1063 1626 1082 1660 ι
1140 1607 1284 1663 Nihil
1347 1619 1560 1664 tantum
1624 1611 1794 1666 Deum
1849 1611 2052 1675 irritat,

480 1705 746 1762 quantum
785 1699 984 1754 divisio
1014 1699 1290 1769 Ecclesiae,
1323 1711 1379 1756 et
1425 1704 1552 1758 licet
1588 1704 1874 1758 innumera
1916 1705 2054 1761 bona

479 1788 850 1857 cn‘ecerimus,
883 1804 983 1846 nos
1028 1793 1122 1862 qui
1169 1793 1563 1863 plenitudinem
1601 1797 1658 1852 et
1682 1797 2054 1867 integritatem

481 1881 908 1937 ccclesiaéticam
949 1883 1275 1953 scindimus,
1311 1886 1418 1940 non
1455 1888 1698 1944 minores
1727 1888 1922 1959 pcenas
1959 1889 2052 1942 da-

481 1973 684 2037 bimus,
722 1990 886 2044 quam
939 1978 1030 2046 qui
1063 1992 1266 2048 corpus
1303 1977 1508 2035 Christi
1547 1982 1888 2051 discerpunt.
1944 1981 2056 2038 lloe

479 2065 627 2118 enim
658 2065 708 2118 in
744 2066 1031 2121 utilitatem
1081 2069 1246 2122 totius
1272 2069 1422 2124 orbis
1475 2077 1756 2139 peractum
1799 2082 1904 2136 est,
1932 2072 2059 2126 licet

486 2171 595 2209 non
634 2171 700 2210 eo
752 2157 959 2222 animo,
999 2159 1045 2214 si
1103 2159 1372 2230 reprobos
1403 2161 1529 2216 illos
1566 2164 1897 2232 respexeris,
1928 2145 2058 2218 illud

485 2262 612 2300 vero
647 2249 775 2302 nulli
810 2251 1098 2306 commodo
1121 2262 1224 2316 est,
1251 2254 1381 2323 quin
1407 2254 1518 2308 imo
1537 2255 1831 2309 maximam
1858 2271 2058 2312 noxam

490 2339 671 2394 affert.
711 2339 838 2396 Ila'c
868 2357 998 2398 vero
1033 2359 1141 2399 non
1183 2345 1248 2399 ad
1275 2347 1552 2415 principes
1571 2346 1856 2413 duntaxat,
1883 2347 1975 2403 sed
1995 2346 2062 2401 ad

490 2432 737 2486 subditos
791 2448 1012 2504 quoque
1069 2435 1384 2492 edicuntur.
1428 2433 1526 2492 Vir
1588 2438 1810 2508 quidam
1841 2451 2064 2494 sanctus

489 2528 884 2596 pronuntiavit,
925 2528 1072 2599 quod
1124 2531 1403 2587 nonnullis
1437 2530 1724 2587 audaciam
1759 2547 1949 2602 sapere
1986 2532 2067 2598 vi-

493 2633 614 2684 sum
645 2627 728 2680 est
753 2659 768 2686 ,
805 2629 860 2690 at
895 2622 1280 2697 pronuntiavit
1339 2631 1549 2678 tamen.
1593 2611 1747 2698 'Quid
1778 2623 1914 2680 illud
1946 2609 2068 2680 est?

491 2706 679 2780 Neque
709 2711 955 2782 martyrii
995 2713 1265 2782 sanguine
1303 2711 1482 2785 simile
1514 2701 1728 2770 facinus
1759 2715 2068 2771 oblitterari

495 2816 680 2875 posse.
709 2802 882 2856 Dicito
903 2803 1048 2878 enim
1083 2788 1241 2869 mihi,
1276 2820 1482 2873 quzeso,
1525 2821 1687 2875 quam
1719 2806 1791 2861 ob
1845 2821 2069 2862 causam

495 2895 760 2963 martyrio
787 2903 839 2950 te
859 2896 1037 2968 dedis.
1091 2897 1280 2952 Nonne
1308 2907 1533 2968 propter
1552 2899 1762 2956 Christi
1788 2899 2018 2971 gloriam
2047 2899 2072 2952 ’ί

495 2983 617 3053 Quo
671 2990 858 3059 itaque
907 2990 1071 3046 modo
1093 2991 1401 3047 Ecclesiam
1447 2992 1806 3062 depraedaris,
1843 3009 1941 3063 pro
1962 3010 2070 3064 qua

495 3080 749 3148 Christus
788 3095 942 3136 suam
975 3084 1207 3154 proiecit
1260 3084 1500 3139 animam
1533 3085 1558 3139 Ἰ
1593 3105 1613 3137 ο
1663 3085 1729 3141 Et
1763 3086 2075 3159 Dionysius

497 3162 900 3237 Alexandrinus
954 3174 1006 3226 in
1041 3176 1284 3246 propriis
1319 3175 1631 3232 cauonibus
1670 3180 1743 3232 ait
1781 3201 1792 3234 :
1833 3198 1851 3230 ι
1891 3179 2075 3244 Quod-

2147 697 2267 750 οὑδὲ
2301 697 2410 750 τῶν
2447 697 2608 750 θείων
2672 697 2814 763 ὅρων
2849 695 3342 765 κατεφρονήσαμεν
3393 691 3425 760 ἢ
3471 690 3726 758 παρείδο-

2151 807 2272 859 μεν,
2308 790 2384 852 ὡς
2426 790 2475 842 οἱ
2513 789 2611 859 τὴν
2652 788 2982 857 οἰκουμένην
3023 787 3248 840 ἃπασαν
3286 785 3409 839 καθ’
3437 785 3594 853 ήμῶν
3633 785 3729 852 ὲμ-

2154 879 2459 950 πλήσαντες
2489 881 2720 950 γραφῶν
2743 922 2758 945 ,
2791 879 2935 933 οὕτω
2965 878 3352 949 περισύροντες
3375 918 3389 941 ,
3427 877 3520 928 καὶ
3550 875 3729 928 πάντα

2152 971 2288 1040 πρός
2317 972 2376 1024 τὸ
2405 972 2636 1041 διαιρεῖν
2664 973 2764 1042 τήν
2792 971 2886 1024 τοῦ
2917 965 3158 1040 Χριστοῦ
3193 964 3524 1037 Ἐκκλησίαν
3557 967 3731 1018 σπεύ-

2150 1063 2353 1126 δοντες,
2381 1063 2533 1132 φασί.
2564 1065 2758 1117 Καίτοι
2786 1080 2849 1130 γε
2876 1063 2972 1116 τοῦ
3005 1062 3150 1115 θείου
3181 1061 3574 1132 Χρυσοστόμου
3635 1059 3732 1111 καὶ

2153 1154 2301 1222 ἱεροῦ
2353 1155 2568 1222 Πατρὶς
2597 1153 2900 1216 ’ἀκούοντες
2942 1156 3000 1206 ἐν
3039 1157 3106 1224 τῇ
3154 1153 3413 1221 ἐξηγήσει
3450 1151 3551 1220 τῆς
3596 1150 3733 1217 πρὸς

2165 1239 2785 1312 ἘιρεοίουςἘπιστολῆς
2805 1245 2899 1296 τοῦ
2937 1244 3208 1314 μακαρίου
3244 1242 3462 1295 Παύλου
3496 1240 3734 1307 φάσκον-

2153 1348 2281 1393 τος,
2324 1349 2342 1383 ι
2383 1332 2490 1385 Τοῦ
2525 1333 2604 1393 είς
2640 1333 2854 1400 αἵρεσιν
2885 1333 3149 1402 ἐμπεσεῖν
3179 1333 3240 1384 τὸ
3270 1331 3369 1402 τὴν
3402 1330 3732 1399 Ἐκκλησίαν

2157 1425 2338 1493 σχίσαι
2381 1424 2532 1478 οὐδὲν
2572 1425 2799 1479 ἔλαττον
2839 1425 3012 1479 κακὸν
3050 1425 3313 1479 δείκνυσι.
3359 1443 3377 1476 δ
3415 1422 3528 1488 Καὶ
3569 1426 3626 1473 ἐν
3665 1423 3731 1490 τῇ

2155 1516 2291 1586 αὐτῇ
2329 1517 2616 1588 Ἐπιστολῇ
2655 1519 2683 1572 ό
2719 1517 2880 1586 αὐτὸς
2943 1518 3097 1583 ἆγιος
3130 1518 3186 1570 ὲν
3245 1515 3380 1586 ἄλλῃ
3405 1513 3592 1583 ὁμιλίᾳ
3625 1528 3734 1582 φη-

2160 1611 2263 1677 σὶν,
2298 1629 2316 1662 ι
2351 1610 2521 1662 Οὐδὲν
2544 1609 2688 1664 οὕτω
2716 1611 3009 1680 παροξύνει
3033 1607 3188 1672 Θεὸν,
3216 1609 3291 1672 ὡς
3315 1607 3377 1658 τὸ
3407 1605 3736 1672 Ἐκκλησίαν

2156 1702 2516 1772 διαιρεθῆναι,
2571 1703 2676 1757 κᾶν
2728 1703 2898 1773 μυρία
2948 1698 3099 1772 ὦμεν
3149 1699 3518 1770 ἐργασάμενοι
3568 1695 3734 1757 καλὰ,

2159 1794 2266 1848 τῶν
2301 1797 2362 1848 τὸ
2399 1795 2560 1865 σῶμα
2596 1793 2764 1858 αὑτοῦ
2799 1796 3167 1864 διατεμόντων
3201 1795 3300 1846 οὐκ
3335 1791 3598 1844 ἐλάττονα
3630 1787 3734 1840 δώ-

2163 1904 2330 1956 σομεν
2360 1887 2517 1956 δίκην
2539 1927 2554 1952 ,
2587 1888 2634 1940 οί
2667 1889 2728 1941 τὸ
2778 1887 3058 1957 πλήρωμα
3091 1883 3524 1954 κατατέμνοντες
3555 1879 3618 1933 τὸ
3649 1880 3740 1932 ὲκ-

2164 1980 2574 2050 κλησιαστικόν.
2608 1981 2817 2033 Ἐκεῖνο
2845 1984 2945 2049 μὲν
2970 1979 3082 2048 γὰρ
3107 1979 3198 2031 ἐπὶ
3225 1977 3407 2047 κέρδει
3434 1976 3530 2042 τῆς
3559 1976 3740 2026 οἰκου-

2167 2073 2336 2140 μένης
2379 2072 2612 2140 ὲγίνετο,
2653 2074 2703 2125 εί
2749 2074 2844 2126 καὶ
2891 2072 2967 2142 μὴ
3011 2071 3120 2124 ἀπὸ
3160 2069 3401 2131 διανοίας
3440 2064 3696 2134 τοιαύτης
3721 2079 3738 2097 ο

2164 2164 2321 2217 τοῦτο
2351 2163 2407 2216 δὲ
2438 2164 2677 2233 οὐδαμοῦ
2705 2164 2766 2216 τὸ
2794 2165 3090 2234 χρήσιμον,
3117 2161 3255 2216 ἀλλὰ
3281 2159 3450 2228 πολλὴ
3479 2159 3512 2228 η
3547 2156 3741 2227 βλάὸη.

2165 2257 2352 2310 Ταῦτά
2395 2273 2484 2326 μοι
2527 2253 2588 2309 οὗ
2634 2257 2776 2332 πρός.
2813 2255 2940 2330 τοὺς
2984 2254 3250 2324 ἄρχοντας
3299 2251 3460 2320 μόνον
3505 2250 3746 2319 εἴρηται,

2167 2349 2304 2403 ἀλλὰ
2333 2349 2427 2402 καὶ
2459 2347 2596 2418 πρὸς
2623 2349 2747 2409 τοὺς
2777 2345 3138 2416 ἀρχομένους.
3170 2343 3337 2411 Ἀνὴρ
3367 2341 3425 2394 δέ
3454 2357 3536 2402 τις
3567 2338 3746 2406 ἅγιος,

2169 2440 2336 2511 φησὶν
2403 2435 2525 2492 εἶπέ
2553 2456 2607 2491 τι
2639 2437 2827 2492 δοκοῦν
2861 2437 3168 2507 τολμηρὸν,
3201 2435 3342 2504 πλὴν
3370 2434 3519 2503 ὅμως
3548 2430 3748 2498 ἐφθέγ-

2171 2531 2318 2598 ξατο.
2347 2531 2414 2586 Τί
2442 2532 2498 2588 δὲ
2523 2531 2683 2585 τοῦτό
2711 2533 2888 2595 ὲστιν;
2920 2530 3055 2582 ones
3089 2528 3395 2600 μαρτυρίου
3425 2520 3565 2594 αἷμα
3593 2525 3752 2576 δύνα-

2169 2641 2259 2692 ται
2295 2626 2598 2694 ἐξαλείφειν
2631 2624 2730 2694 τὴν
2768 2622 3045 2694 ἀμαρτίαν
3081 2621 3310 2690 ταύτην.
3346 2617 3480 2670 Εἰπὲ
3512 2616 3620 2684 γάρ
3659 2631 3752 2683 μοι

2170 2703 2318 2780 τίνος
2350 2701 2540 2770 ἕνεκεν
2577 2708 2908 2790 μαρτυρεΐςξ
2937 2714 3010 2766 Οὐ
3046 2711 3135 2784 διὰ
3165 2712 3265 2780 τὴν
3295 2708 3455 2773 δόξαν
3487 2707 3584 2760 τοῦ
3620 2707 3755 2776 Χριι

2178 2810 2346 2874 στοῦ;
2377 2809 2504 2871 Πῶς
2537 2807 2865 2876 Ἐκκλησίαν
2897 2803 3148 2874 πορθεῖς,
3179 2803 3321 2874 ὑπὲρ
3350 2795 3417 2873 ἧς
3447 2801 3544 2871 τὴν
3573 2798 3754 2868 ψυχὴν

2177 2901 2464 2970 προήκατο
2507 2902 2535 2952 ό
2579 2897 2848 2968 Χριστός;
2903 2916 2922 2950 ι
2968 2896 3080 2950 Καὶ
3123 2894 3398 2958 Διονύσιος
3437 2894 3465 2946 ὁ
3504 2890 3755 2956 Ἀλεξαν-

2175 2991 2359 3060 δρείας
2392 2989 2449 3042 ἐν
2480 2991 2592 3052 τοῖς
2629 2989 2779 3050 ἰδίοις
2813 2987 3000 3040 κανόσι
3035 2987 3199 3056 φησίν
3223 3001 3238 3016 ο
3279 3002 3297 3036 ι
3333 2983 3480 3036 Ἔδει
3516 2980 3615 3050 μὲν
3645 2978 3756 3048 γάρ

2178 3082 2276 3136 καὶ
2316 3081 2425 3134 πᾶν
2464 3078 2644 3134 ὁτιοῦν
2685 3079 2878 3133 παθεῖν
2926 3077 3064 3147 ὑπὲρ
3101 3075 3196 3132 τοῦ
3241 3072 3316 3146 μὴ
3357 3071 3616 3142 διακόψαι
3657 3070 3760 3139 τὴν

2190 3176 2524 3246 Ἐκκλησίαν
2563 3171 2659 3226 τοῦ
2704 3173 2862 3226 Θεοῦ.
2905 3171 3015 3226 Καὶ
3051 3165 3120 3241 ἦν
3159 3169 3260 3222 οὐκ
3301 3165 3619 3234 ἀδοξότερον
3657 3162 3759 3229 τῆς

500 3266 632 3321 libet
657 3267 1002 3335 tolerandum
1051 3277 1190 3330 erat,
1225 3285 1294 3324 ne
1321 3269 1418 3324 Dei
1466 3270 1713 3325 Ecclesia
1803 3271 2072 3327 discinde-

2180 3266 2367 3319 ἕνεκεν
2401 3265 2495 3318 τοῦ
2541 3264 2616 3335 μῆ
2669 3258 3133 3328 είδωλολατρῆσαι
3169 3255 3461 3344 γινομένης
3495 3253 3529 3321 ή
3550 3250 3761 3344 Δἕνεκεν

507 3368 679 3424 retur,
722 3373 899 3427 neque
924 3360 1104 3414 minus
1127 3359 1426 3432 gloriosum
1461 3370 1580 3417 erat
1609 3363 1678 3417 ob
1723 3377 1832 3418 non
1867 3360 2077 3417 sacriﬁ-

501 3449 763 3516 candum,
791 3466 953 3520 quam
986 3451 1053 3504 ob
1081 3466 1187 3512 non
1215 3451 1566 3515 dividendam
1601 3453 1898 3510 Ecclesiam
1933 3469 2080 3510 mar-

502 3532 738 3612 tyrium:
771 3558 857 3598 me
879 3552 1057 3598 autem
1102 3530 1311 3609 judice,
1333 3553 1388 3600 et
1413 3545 1584 3600 mul.o
1612 3546 1896 3611 illustrius.
1931 3565 1952 3600 ι
1976 3545 2082 3602 Ve-

501 3651 644 3702 rum,
677 3634 827 3691 hisce
849 3638 1177 3706 postputatis
1203 3619 1594 3708 neglectisque,
1617 3639 1914 3694 obturbant
1943 3654 2083 3703 con-

504 3714 846 3797 'fumluntque
864 3730 990 3784 etin
1019 3730 1122 3794 his,
1153 3730 1274 3784 etin
1299 3728 1526 3800 reliquis
1591 3730 1711 3786 aliis
1766 3730 2082 3801 regionibus

503 3835 716 3874 omnes.
757 3817 866 3890 Ego
904 3836 1069 3890 porro
1101 3836 1202 3891 pro
1225 3831 1375 3877 certo
1407 3823 1671 3877 conﬁrmo
1694 3822 2084 3878 excelsissimze

505 3919 613 3972 tua:
652 3912 946 3980 majestati,
981 3922 1034 3968 et
1083 3917 1368 3970 veritatem
1402 3917 1578 3984 ipsam
1613 3925 1805 3981 testor,
1849 3930 1934 3970 me
1961 3931 2086 3984 pro-

504 4004 833 4072 pensissimo
891 4006 1078 4063 animo
1143 4023 1301 4074 esse,
1358 4007 1697 4076 minimeque
1730 4006 2017 4072 reluctari,
2053 4021 2084 4062 c

505 4096 642 4159 solio
673 4099 1040 4168 patriarchico
1101 4100 1363 4156 dimoveri
1393 4117 1407 4154 :
1438 4115 1620 4171 neque
1647 4101 1795 4156 enim
1833 4115 2080 4170 unquam

507 4189 560 4243 in
592 4203 825 4246 mentem
856 4206 1032 4247 meam
1055 4203 1300 4255 venerat,
1333 4201 1640 4261 testemque
1661 4191 1870 4249 advoco
1889 4193 2084 4262 Deum,

505 4280 873 4350 patriarcham
930 4281 1610 4352 ConstantinOpolitanum
1669 4281 1884 4346 ereari,
1952 4282 2086 4351 quin

510 4355 622 4422 imo
663 4384 766 4427 nec
802 4381 932 4434 ante
991 4374 1210 4442 triginta
1240 4390 1416 4430 annos
1449 4376 1795 4444 episcopum,
1835 4372 1931 4428 sed
1967 4382 2088 4427 tan-

508 4468 793 4521 tummodo
845 4467 901 4520 in
952 4468 1065 4523 vita
1119 4469 1423 4525 monastica
1479 4470 1782 4525 immorari.
1836 4468 2086 4524 Debitum

508 4567 640 4609 vero
663 4571 750 4618 me
777 4569 1081 4627 praegravat
1100 4559 1524 4628 indeprecaliile,
1547 4573 1656 4613 non
1677 4567 1887 4614 tantum
1913 4558 2091 4614 excel-

509 4648 742 4703 sissimae
769 4658 874 4704 tua:
905 4651 1202 4719 majestati,
1229 4660 1283 4706 et
1313 4652 1507 4706 animae
1537 4667 1730 4717 sacrae,
1757 4652 1851 4707 sed
1891 4659 1945 4706 ct
1977 4651 2090 4706 sin~

514 4740 658 4808 gulis
723 4741 1061 4809 hominibus,
1129 4753 1292 4813 prout
1350 4744 1495 4800 vires
1524 4751 1836 4814 suppetent,
1894 4744 2088 4799 isthaec

512 4829 812 4895 declarare,
843 4841 896 4889 ct
938 4847 1080 4889 nunc
1111 4848 1175 4888 ex
1216 4841 1372 4902 parte
1398 4835 1622 4890 declare
1647 4875 1663 4900 ,
1697 4843 1754 4889 et
1789 4833 1934 4902 quod
1969 4849 2090 4890 rur-

2182 3355 2275 3408 τοῦ
2311 3353 2385 3426 μὴ
2418 3354 2600 3424 σχίσαι
2635 3351 2933 3422 μαρτυρία.
2966 3347 3105 3401 Κατ’
3127 3346 3226 3415 ἐμὲ
3256 3344 3313 3397 δὲ
3343 3341 3440 3395 καὶ
3472 3339 3696 3410 μείζων.
3737 3353 3757 3386 ι

2197 3447 2361 3514 una
2385 3444 2560 3498 ταῦτα
2588 3445 2668 3511 είς
2696 3442 2850 3498 οὐδὲν
2877 3440 3093 3509 θέμενοι
3120 3435 3422 3491 διακυκῶσι
3475 3431 3568 3484 καὶ
3598 3431 3763 3482 ἐκτα-

2189 3541 2478 3611 ράττουσι,
2523 3539 2619 3592 καὶ
2661 3534 2787 3598 τοὺς
2836 3532 3071 3587 ἐνταῦθα
3113 3530 3210 3584 καὶ
3253 3527 3379 3590 τοὺς
3424 3518 3762 3611 ἁπανταχοῦ.

2198 3631 2344 3699 Ἐγὼ
2377 3630 2434 3683 δὲ
2468 3624 2801 3698 πληροφορῶ
2830 3611 2897 3700 τῇ
2937 3624 3001 3692 σῇ
3037 3618 3348 3698 ὑψηλοτάτη
3387 3614 3634 3686 βασιλεία
3669 3607 3764 3663 ἐπὶ
3853 3619 3856 3621 ‘

2190 3726 2430 3794 μάρτυρι
2458 3712 2527 3791 τῇ
2558 3717 2808 3788 ἀληθείᾳ,
2838 3709 2898 3784 ἐξ
2925 3715 3054 3782 ὅλης
3082 3702 3184 3782 τῆς
3213 3703 3391 3783 ψυχῆς
3423 3705 3762 3773 ἀποδέχομαι

2188 3807 2422 3882 ἐξελθεῖν
2454 3813 2551 3866 τοῦ
2595 3809 3014 3882 πατριαρχείου.
3051 3803 3321 3860 Οὐδέποτε
3359 3795 3467 3871 γὰρ
3502 3798 3672 3890 ἀνέϐη
3705 3795 3767 3848 τὸ

2189 3907 2430 3970 τοιοῦτον
2465 3907 2556 3959 ἐπὶ
2597 3904 2838 3975 μάρτυρι
2869 3902 2947 3971 τῷ
2985 3898 3175 3968 Κυρίῳ
3207 3899 3286 3962 είς
3321 3897 3413 3949 τὸν
3447 3892 3578 3962 ἐμὸν
3612 3892 3766 3980 λογι-

2194 4000 2362 4071 σμὸν,
2398 3999 2458 4052 τὸ
2495 3996 2755 4067 γενέσθαι
2800 4011 2868 4065 με
2909 3995 3210 4047 ἐπίσκοπον
3245 3982 3763 4059 Κωνσταντινουπό-

2190 4095 2346 4158 λεως,
2379 4092 2495 4147 ἀλλ’
2518 4089 2640 4144 οὐδὲ
2674 4089 2780 4159 πρὸ
2809 4086 3106 4157 τριάκοντα
3137 4084 3367 4154 χρόνων,
3401 4081 3489 4136 ἵνα
3520 4078 3768 4147 γένωμαι

2192 4184 2516 4254 ἀρχιερεὺς,
2549 4180 2666 4235 ἀλλ’
2693 4182 2751 4234 ἐν
2787 4179 2934 4249 μόνῳ
2967 4179 3229 4250 ἐμμένειν
3264 4176 3338 4243 τῷ
3370 4174 3476 4226 τῶν
3510 4165 3768 4242 μονοτρό-

2193 4291 2312 4326 πων
2349 4273 2609 4343 σχήματι.
2647 4270 2823 4340 Χρέος
2867 4269 2925 4322 δὲ
2971 4267 3081 4338 ἔχω
3123 4267 3500 4336 ἀπαραίτητον
3535 4261 3676 4315 κατά
3710 4260 3772 4313 τδ

2194 4369 2312 4422 ἐνόν
2347 4383 2437 4436 μοι
2465 4367 2807 4434 διασαφῆσαι
2837 4363 2899 4415 οὐ
2934 4362 3097 4432 μόνον
3125 4361 3192 4428 τῇ
3225 4361 3291 4429 σῇ
3325 4356 3639 4427 ὑψηλοτάτη
3674 4355 3772 4424 βαι

2197 4459 2372 4530 σιλείᾳ
2415 4460 2510 4512 καὶ
2555 4457 2676 4528 ἱερᾷ
2720 4455 2894 4526 ψυχῇ,
2940 4454 3078 4509 ἀλλά
3124 4453 3219 4506 καλ¹
3266 4453 3428 4513 παντὶ
3470 4447 3768 4535 ἀνθρώπῳ.

2196 4551 2311 4605 Νῦν
2343 4545 2436 4603 οὖν
2469 4548 2577 4602 ἀπὸ
2614 4548 2814 4616 μέρους
2849 4543 3133 4612 διασαφῶ,
3171 4544 3267 4596 καὶ
3299 4541 3507 4612 δπάλιν
3543 4540 3776 4592 ἐλλείπει

2199 4643 2278 4704 είς
2316 4640 2714 4709 ῐκανοποίησιν,
2755 4637 2849 4690 καὶ
2879 4635 3060 4706 τοῦτο,
3095 4636 3144 4688 εί
3179 4635 3310 4698 Θεὸς
3345 4634 3578 4697 κελεύει,
3615 4634 3707 4686 καὶ
3741 4633 3773 4701 η

2201 4736 2268 4806 σὴ
2304 4734 2549 4806 βασιλεία
2581 4733 2697 4802 ἔχει
2728 4731 2960 4800 θέλημα,
2991 4729 3260 4800 βασιλέων
3288 4729 3499 4810 ᾇριστε,
3527 4727 3776 4794 ἀποπλη-
3801 4765 3813 4816 1

2201 4829 2469 4900 ρώσομεν.

514 4930 611 4982 Sus
663 4925 837 4981 deerit
887 4927 954 4982 ad
1004 4931 1505 5001 complementum,
1559 4931 1692 4988 illud
1753 4945 2010 5001 quoque,
2045 4929 2092 4985 si
2134 4927 2276 4984 Deus
2303 4928 2538 4991 dederit,
2567 4936 2622 4982 et
2673 4935 2764 4980 tua
2793 4925 3081 4996 maiestas
3117 4919 3436 4992 injtuixerit,
3486 4917 3776 4987 imperato-

513 5028 634 5080 rum
663 5026 894 5095 optime,
920 5027 1208 5097 supplebo.

585 5119 640 5174 8.
696 5119 1079 5178 Necessarium
1139 5138 1302 5194 porro
1366 5123 1530 5180 ducto
1585 5124 1752 5180 altius
1801 5124 1960 5179 initio
2025 5123 2094 5178 de

514 5212 752 5268 decretis
801 5223 855 5269 et
902 5214 1319 5272 delinitionibus
1349 5217 1495 5284 ﬁdei,
1521 5225 1785 5286 (mentum
1820 5231 1916 5285 per
1953 5225 2084 5270 tem-

515 5315 620 5370 pus
641 5303 882 5371 licuerit,
907 5303 960 5357 in
986 5308 1240 5376 prmsenti
1265 5306 1694 5369 Commentario,
1720 5305 1787 5361 ad
1809 5306 2091 5361 veritatem

517 5405 981 5460 manifestandam
1016 5403 1222 5475 aliquid
1258 5403 1311 5456 in
1359 5401 1600 5456 medium
1632 5399 1848 5454 all'erre.
1879 5397 2092 5453 Etenim

524 5502 569 5552 si
603 5500 774 5553 semel
825 5499 1101 5569 quiSpiam
1134 5493 1695 5552 excommunicationi
1721 5493 1984 5547 subactus
2030 5491 2098 5544 ab

521 5586 800 5655 episeopo,
837 5586 1077 5656 tympani
1123 5584 1298 5640 instar
1353 5583 1693 5647 intumescit,
1730 5589 1789 5634 ut
1826 5581 1930 5634 hoc
1996 5595 2097 5632 no-

522 5684 637 5727 stro
678 5687 925 5744 tempore
950 5675 1210 5742 vidimus,
1247 5685 1298 5729 et
1329 5674 1581 5743 prmsulis
1609 5672 1957 5728 absolutione
1980 5671 2098 5725 dis-

523 5766 776 5830 solvitur,
809 5777 862 5821 et
897 5767 951 5820 in
983 5767 1263 5834 pulverem
1295 5764 1522 5830 fatiscit,
1549 5765 1722 5818 multo
1771 5763 1946 5831 magis
1971 5777 2094 5815 cum

526 5861 697 5910 sancti
732 5856 924 5910 Patres
950 5857 1003 5909 in
1035 5856 1395 5911 utcun‘ienicis
1447 5856 1669 5926 synedis
1716 5855 2094 5917 convenerint,

527 5941 581 6001 in
620 5947 835 6005 nomine
855 5947 1061 6004 Christi
1104 5946 1414 6004 Servatoris
1444 5960 1542 6016 pro
1583 5947 1908 6016 veritate,et
1935 5944 2096 6002 rectis

2274 5118 2346 5190 η’.
2383 5117 2523 5173 Ἀλλ’
2545 5115 2846 5184 ἀναγκαῖον
2875 5110 3118 5182 ἠγοῦμαι
3148 5107 3355 5163 ἄνωθέν
3385 5123 3442 5159 τε
3472 5105 3565 5157 καὶ
3595 5103 3656 5166 ἐξ
3681 5103 3753 5171 ἀρ

2203 5212 2305 5281 χῆς
2332 5213 2570 5265 ἐκθεῖναι
2594 5209 2657 5261 τὸ
2687 5207 2817 5277 περὶ
2839 5206 2948 5257 τῶν
2972 5205 3138 5275 ὅρων,
3164 5201 3398 5256 καθόσον
3422 5199 3661 5268 ἐγχωρεῖ
3684 5195 3778 5248 νῦν

2204 5307 2260 5359 ὲν
2285 5303 2362 5374 τῷ
2391 5303 2620 5373 παρόντι
2649 5300 3007 5368 ὑπομνήματι
3037 5298 3115 5360 εἰς
3146 5297 3384 5365 δήλωσιν
3409 5291 3686 5362 ἀληθείας.
3719 5289 3779 5340 Εἰ

2204 5396 2313 5464 γὰρ
2338 5393 2525 5456 ἁπλῶς
2552 5389 2859 5462 ἀφορισμὺν
2885 5389 3184 5442 ἐπισκόπου
3211 5385 3506 5454 δεξάμενός
3529 5399 3614 5446 τις
3638 5398 3781 5450 τυμο

2202 5486 2403 5547 πανίας
2433 5479 2626 5553 ὁρᾶται
2647 5521 2663 5547 ,
2696 5481 2771 5544 ὡς
2803 5481 2894 5533 καὶ
2925 5478 3021 5532 νῦν
3054 5478 3300 5547 εἴδομεν,
3334 5475 3428 5528 καὶ
3459 5476 3526 5541 τῇ
3561 5489 3778 5539 συγχω-

2203 5581 2358 5650 ρήσει
2403 5577 2498 5630 τοῦ
2523 5573 2826 5643 ἀρχιερέως
2850 5569 3146 5634 διαλύεται,
3176 5567 3355 5636 πολλῷ
3383 5567 3586 5636 μᾶλλον
3611 5565 3782 5630 ἁγίων

2204 5671 2460 5738 ῐΙατέρων
2494 5668 2551 5721 ὲν
2587 5664 2996 5734 οἰκουμενικαῖς
3040 5662 3281 5723 συνόδοις
3319 5659 3687 5712 συνελθόντων
3722 5658 3780 5709 ὲν

2203 5764 2429 5832 όνόματι
2472 5759 2568 5813 τοῦ
2611 5758 2865 5825 Σωτῆρος
2911 5751 3149 5822 Χριστοῦ
3195 5751 3336 5819 ὑπὲρ
3381 5750 3642 5817 ἀληθείας
3687 5745 3784 5800 καὶ

2211 5856 2315 5908 τῶν
2355 5852 2532 5922 ὀρθῶν
2565 5847 2888 5917 δογμάτων,
2927 5847 3020 5899 καὶ
3055 5846 3145 5898 τὸν
3180 5843 3414 5912 Χριστὸν
3452 5839 3686 5910 ἑχόντων
3727 5840 3783 5890 ὲν

2211 5947 2422 6008 ἑαυτοῖς
2461 5940 2747 6007 λαλοῦντα,
2791 5937 2971 6002 καθὼς
3012 5937 3171 6000 αὐτός
3218 5951 3407 6005 φησιν,
3436 5933 3620 5986 Ὅπου
3663 5929 3782 5984 εισι
