  <div class='ocr_page' id='page_1' title='image "/cluster/home/n/w/nwhite01/storage/ocr_20150623/160/coo.31924054870658/116.png"; bbox 0 0 4102 6486; ppageno 0'>
   <div class='ocr_carea' id='block_1_1' title="bbox 552 462 658 526">
    <p class='ocr_par' dir='ltr' id='par_1_1' title="bbox 552 462 658 526">
     <span class='ocr_line' id='line_1_1' title="bbox 552 462 658 526; baseline -0.019 0"><span class='ocrx_word' id='word_1_1' title='bbox 552 462 658 526; x_wconf 79' lang='grc' dir='ltr'><strong>2ι7</strong></span> 
     </span>
    </p>
   </div>
   <div class='ocr_carea' id='block_1_2' title="bbox 1658 456 2728 535">
    <p class='ocr_par' dir='ltr' id='par_1_2' title="bbox 1658 456 2728 535">
     <span class='ocr_line' id='line_1_2' title="bbox 1658 456 2728 535; baseline 0.01 -11"><span class='ocrx_word' id='word_1_2' title='bbox 1658 467 1702 524; x_wconf 85' lang='grc' dir='ltr'>Α</span> <span class='ocrx_word' id='word_1_3' title='bbox 1716 465 1761 524; x_wconf 91' lang='lat' dir='ltr'>D</span> <span class='ocrx_word' id='word_1_4' title='bbox 1816 464 2183 529; x_wconf 74' lang='lat' dir='ltr'><strong>IMPERAT.</strong></span> <span class='ocrx_word' id='word_1_5' title='bbox 2235 456 2728 535; x_wconf 83' lang='lat' dir='ltr'><strong>TRAPEZUNT.</strong></span> 
     </span>
    </p>
   </div>
   <div class='ocr_carea' id='block_1_3' title="bbox 3738 477 3845 544">
    <p class='ocr_par' dir='ltr' id='par_1_3' title="bbox 3738 477 3845 544">
     <span class='ocr_line' id='line_1_3' title="bbox 3738 477 3845 544; baseline 0 -1"><span class='ocrx_word' id='word_1_6' title='bbox 3738 477 3845 544; x_wconf 73' lang='lat' dir='ltr'><strong>2i8</strong></span> 
     </span>
    </p>
   </div>
   <div class='ocr_carea' id='block_1_4' title="bbox 555 582 2143 665">
    <p class='ocr_par' dir='ltr' id='par_1_4' title="bbox 555 582 2138 657">
     <span class='ocr_line' id='line_1_4' title="bbox 555 582 2138 657; baseline -0.004 -12"><span class='ocrx_word' id='word_1_7' title='bbox 555 585 925 657; x_wconf 61' lang='grc' dir='ltr'>συνηγμένοι</span> <span class='ocrx_word' id='word_1_8' title='bbox 949 586 1019 640; x_wconf 75' lang='grc' dir='ltr'><strong>ἐν</strong></span> <span class='ocrx_word' id='word_1_9' title='bbox 1045 585 1123 652; x_wconf 84' lang='grc' dir='ltr'>τῷ</span> <span class='ocrx_word' id='word_1_10' title='bbox 1150 587 1394 655; x_wconf 75' lang='grc' dir='ltr'>ὀνόματι</span> <span class='ocrx_word' id='word_1_11' title='bbox 1423 587 1614 642; x_wconf 81' lang='grc' dir='ltr'>αὐτοῦ</span> <span class='ocrx_word' id='word_1_12' title='bbox 1635 589 1835 657; x_wconf 84' lang='grc' dir='ltr'><em>μέσον</em></span> <span class='ocrx_word' id='word_1_13' title='bbox 1858 582 2042 649; x_wconf 78' lang='grc' dir='ltr'>εἶναι,</span> <span class='ocrx_word' id='word_1_14' title='bbox 2069 587 2138 640; x_wconf 64' lang='grc' dir='ltr'><strong>τὰ</strong></span> 
     </span>
    </p>
   </div>
   <div class='ocr_carea' id='block_1_5' title="bbox 2243 582 3844 665">
    <p class='ocr_par' dir='ltr' id='par_1_5' title="bbox 2251 586 3844 665">
     <span class='ocr_line' id='line_1_5' title="bbox 2251 586 3844 665; baseline 0.005 -23"><span class='ocrx_word' id='word_1_15' title='bbox 2251 586 2375 644; x_wconf 85' lang='lat' dir='ltr'><strong>iidei</strong></span> <span class='ocrx_word' id='word_1_16' title='bbox 2406 587 2778 659; x_wconf 79' lang='lat' dir='ltr'><strong>dogmatibus,</strong></span> <span class='ocrx_word' id='word_1_17' title='bbox 2807 589 3091 648; x_wconf 75' lang='lat' dir='ltr'><strong>Christum</strong></span> <span class='ocrx_word' id='word_1_18' title='bbox 3136 592 3193 649; x_wconf 88' lang='lat' dir='ltr'><strong>in</strong></span> <span class='ocrx_word' id='word_1_19' title='bbox 3254 592 3567 665; x_wconf 86' lang='lat' dir='ltr'><strong>semetipsis</strong></span> <span class='ocrx_word' id='word_1_20' title='bbox 3604 594 3844 664; x_wconf 84' lang='lat' dir='ltr'><strong>loquen-</strong></span> 
     </span>
    </p>
   </div>
   <div class='ocr_carea' id='block_1_6' title="bbox 557 680 2135 753">
    <p class='ocr_par' dir='ltr' id='par_1_6' title="bbox 557 680 2135 753">
     <span class='ocr_line' id='line_1_6' title="bbox 557 680 2135 753; baseline -0.001 -18"><span class='ocrx_word' id='word_1_21' title='bbox 557 683 685 752; x_wconf 79' lang='grc' dir='ltr'>παρ’</span> <span class='ocrx_word' id='word_1_22' title='bbox 715 680 945 734; x_wconf 80' lang='grc' dir='ltr'>ἐκείνων</span> <span class='ocrx_word' id='word_1_23' title='bbox 988 681 1256 750; x_wconf 77' lang='grc' dir='ltr'><strong>εἰρημένα</strong></span> <span class='ocrx_word' id='word_1_24' title='bbox 1304 680 1559 735; x_wconf 81' lang='grc' dir='ltr'>τοσοῦτον</span> <span class='ocrx_word' id='word_1_25' title='bbox 1606 682 1723 752; x_wconf 77' lang='grc' dir='ltr'>ἔχει</span> <span class='ocrx_word' id='word_1_26' title='bbox 1770 683 1832 736; x_wconf 80' lang='grc' dir='ltr'>τὸ</span> <span class='ocrx_word' id='word_1_27' title='bbox 1883 682 2135 753; x_wconf 70' lang='grc' dir='ltr'>ίσχυρδν,</span> 
     </span>
    </p>
   </div>
   <div class='ocr_carea' id='block_1_7' title="bbox 557 772 2139 844">
    <p class='ocr_par' dir='ltr' id='par_1_7' title="bbox 557 772 2139 844">
     <span class='ocr_line' id='line_1_7' title="bbox 557 772 2139 844; baseline -0.001 -15"><span class='ocrx_word' id='word_1_28' title='bbox 557 774 697 829; x_wconf 83' lang='grc' dir='ltr'>ὥστε</span> <span class='ocrx_word' id='word_1_29' title='bbox 730 772 936 844; x_wconf 82' lang='grc' dir='ltr'>μηδένα</span> <span class='ocrx_word' id='word_1_30' title='bbox 969 774 1105 844; x_wconf 70' lang='grc' dir='ltr'>πρδς</span> <span class='ocrx_word' id='word_1_31' title='bbox 1133 772 1307 828; x_wconf 82' lang='grc' dir='ltr'>ταῦτα</span> <span class='ocrx_word' id='word_1_32' title='bbox 1335 772 1705 829; x_wconf 76' lang='grc' dir='ltr'>ἀντιϐλέπειν.</span> <span class='ocrx_word' id='word_1_33' title='bbox 1745 774 1909 829; x_wconf 83' lang='grc' dir='ltr'><strong>Ἀλλὰ</strong></span> <span class='ocrx_word' id='word_1_34' title='bbox 1937 776 1998 828; x_wconf 81' lang='grc' dir='ltr'><strong>τὸ</strong></span> <span class='ocrx_word' id='word_1_35' title='bbox 2028 774 2139 829; x_wconf 58' lang='grc' dir='ltr'><strong>κών-</strong></span> 
     </span>
    </p>
   </div>
   <div class='ocr_carea' id='block_1_8' title="bbox 557 863 2140 935">
    <p class='ocr_par' dir='ltr' id='par_1_8' title="bbox 557 863 2140 935">
     <span class='ocr_line' id='line_1_8' title="bbox 557 863 2140 935; baseline 0.001 -17"><span class='ocrx_word' id='word_1_36' title='bbox 557 866 705 934; x_wconf 85' lang='grc' dir='ltr'>λυμα</span> <span class='ocrx_word' id='word_1_37' title='bbox 754 864 858 934; x_wconf 79' lang='grc' dir='ltr'>τῆς</span> <span class='ocrx_word' id='word_1_38' title='bbox 905 864 1105 934; x_wconf 79' lang='grc' dir='ltr'>ἑτέρας</span> <span class='ocrx_word' id='word_1_39' title='bbox 1156 863 1397 929; x_wconf 84' lang='grc' dir='ltr'>πίστεως</span> <span class='ocrx_word' id='word_1_40' title='bbox 1445 865 1557 919; x_wconf 70' lang='grc' dir='ltr'><strong>ἀπὺ</strong></span> <span class='ocrx_word' id='word_1_41' title='bbox 1603 866 1714 919; x_wconf 82' lang='grc' dir='ltr'>τῶν</span> <span class='ocrx_word' id='word_1_42' title='bbox 1760 866 2140 935; x_wconf 79' lang='grc' dir='ltr'>πανευφήμων</span> 
     </span>
    </p>
   </div>
   <div class='ocr_carea' id='block_1_9' title="bbox 557 956 2141 1031">
    <p class='ocr_par' dir='ltr' id='par_1_9' title="bbox 557 956 2141 1031">
     <span class='ocr_line' id='line_1_9' title="bbox 557 956 2141 1031; baseline 0.001 -19"><span class='ocrx_word' id='word_1_43' title='bbox 557 958 873 1012; x_wconf 80' lang='grc' dir='ltr'><strong>ἀποστόλων</strong></span> <span class='ocrx_word' id='word_1_44' title='bbox 917 958 1091 1012; x_wconf 76' lang='grc' dir='ltr'>ἐστίν.</span> <span class='ocrx_word' id='word_1_45' title='bbox 1128 956 1285 1012; x_wconf 77' lang='grc' dir='ltr'>Ἐπεὶ</span> <span class='ocrx_word' id='word_1_46' title='bbox 1328 957 1513 1031; x_wconf 75' lang='grc' dir='ltr'>καθώς</span> <span class='ocrx_word' id='word_1_47' title='bbox 1557 977 1692 1030; x_wconf 82' lang='grc' dir='ltr'>φησι</span> <span class='ocrx_word' id='word_1_48' title='bbox 1739 959 1974 1022; x_wconf 79' lang='grc' dir='ltr'>Παῦλος,</span> <span class='ocrx_word' id='word_1_49' title='bbox 2020 958 2141 1014; x_wconf 80' lang='grc' dir='ltr'><strong>Μία</strong></span> 
     </span>
    </p>
   </div>
   <div class='ocr_carea' id='block_1_10' title="bbox 558 1045 2141 1122">
    <p class='ocr_par' dir='ltr' id='par_1_10' title="bbox 558 1045 2141 1122">
     <span class='ocr_line' id='line_1_10' title="bbox 558 1045 2141 1122; baseline 0 -19"><span class='ocrx_word' id='word_1_50' title='bbox 558 1051 781 1116; x_wconf 79' lang='grc' dir='ltr'>πίστις,</span> <span class='ocrx_word' id='word_1_51' title='bbox 815 1045 902 1116; x_wconf 82' lang='grc' dir='ltr'>εἷς</span> <span class='ocrx_word' id='word_1_52' title='bbox 934 1049 1179 1118; x_wconf 84' lang='grc' dir='ltr'>Κύριος.</span> <span class='ocrx_word' id='word_1_53' title='bbox 1217 1049 1374 1104; x_wconf 79' lang='grc' dir='ltr'>Ἐπεὶ</span> <span class='ocrx_word' id='word_1_54' title='bbox 1406 1046 1501 1106; x_wconf 80' lang='grc' dir='ltr'><strong>οὖν</strong></span> <span class='ocrx_word' id='word_1_55' title='bbox 1535 1052 1635 1122; x_wconf 82' lang='grc' dir='ltr'>μία</span> <span class='ocrx_word' id='word_1_56' title='bbox 1668 1054 1871 1116; x_wconf 77' lang='grc' dir='ltr'><strong>πίστις,</strong></span> <span class='ocrx_word' id='word_1_57' title='bbox 1906 1053 1940 1122; x_wconf 89' lang='grc' dir='ltr'><strong>ή</strong></span> <span class='ocrx_word' id='word_1_58' title='bbox 1974 1051 2141 1121; x_wconf 75' lang='grc' dir='ltr'>ἑτέρα</span> 
     </span>
    </p>
   </div>
   <div class='ocr_carea' id='block_1_11' title="bbox 558 1136 2136 1217">
    <p class='ocr_par' dir='ltr' id='par_1_11' title="bbox 558 1136 2136 1217">
     <span class='ocr_line' id='line_1_11' title="bbox 558 1136 2136 1217; baseline 0 -20"><span class='ocrx_word' id='word_1_59' title='bbox 558 1146 775 1208; x_wconf 79' lang='grc' dir='ltr'>πάντως</span> <span class='ocrx_word' id='word_1_60' title='bbox 809 1136 1054 1198; x_wconf 68' lang='grc' dir='ltr'>ἐναντία.</span> <span class='ocrx_word' id='word_1_61' title='bbox 1090 1144 1154 1197; x_wconf 85' lang='grc' dir='ltr'><strong>Εί</strong></span> <span class='ocrx_word' id='word_1_62' title='bbox 1187 1146 1299 1216; x_wconf 74' lang='grc' dir='ltr'><strong>γὰρ</strong></span> <span class='ocrx_word' id='word_1_63' title='bbox 1333 1145 1498 1217; x_wconf 77' lang='grc' dir='ltr'>ἑτέρα</span> <span class='ocrx_word' id='word_1_64' title='bbox 1520 1185 1537 1210; x_wconf 82' lang='grc'><strong>,</strong></span> <span class='ocrx_word' id='word_1_65' title='bbox 1569 1146 1630 1200; x_wconf 85' lang='grc' dir='ltr'>οὐ</span> <span class='ocrx_word' id='word_1_66' title='bbox 1672 1144 1795 1216; x_wconf 91' lang='grc' dir='ltr'>μία.</span> <span class='ocrx_word' id='word_1_67' title='bbox 1817 1143 1928 1199; x_wconf 83' lang='grc' dir='ltr'>Ἦν</span> <span class='ocrx_word' id='word_1_68' title='bbox 1961 1146 2071 1215; x_wconf 82' lang='grc' dir='ltr'><strong>γὰρ</strong></span> <span class='ocrx_word' id='word_1_69' title='bbox 2103 1144 2136 1215; x_wconf 89' lang='grc' dir='ltr'><strong>ή</strong></span> 
     </span>
    </p>
   </div>
   <div class='ocr_carea' id='block_1_12' title="bbox 559 1237 2143 1310">
    <p class='ocr_par' dir='ltr' id='par_1_12' title="bbox 559 1237 2143 1310">
     <span class='ocr_line' id='line_1_12' title="bbox 559 1237 2143 1310; baseline 0.001 -19"><span class='ocrx_word' id='word_1_70' title='bbox 559 1239 717 1306; x_wconf 73' lang='grc' dir='ltr'>αὐτὴ,</span> <span class='ocrx_word' id='word_1_71' title='bbox 746 1239 841 1290; x_wconf 75' lang='grc' dir='ltr'><strong>καὶ</strong></span> <span class='ocrx_word' id='word_1_72' title='bbox 868 1238 989 1310; x_wconf 81' lang='grc' dir='ltr'>οὐχὶ</span> <span class='ocrx_word' id='word_1_73' title='bbox 1017 1239 1202 1308; x_wconf 79' lang='grc' dir='ltr'>ἑτέρα.</span> <span class='ocrx_word' id='word_1_74' title='bbox 1230 1238 1293 1292; x_wconf 86' lang='lat' dir='ltr'><strong>Ei</strong></span> <span class='ocrx_word' id='word_1_75' title='bbox 1319 1238 1376 1292; x_wconf 82' lang='grc' dir='ltr'>δὲ</span> <span class='ocrx_word' id='word_1_76' title='bbox 1405 1239 1589 1309; x_wconf 82' lang='grc' dir='ltr'>ἑτέρα.</span> <span class='ocrx_word' id='word_1_77' title='bbox 1617 1240 1714 1310; x_wconf 68' lang='grc' dir='ltr'><strong>οὐχ</strong></span> <span class='ocrx_word' id='word_1_78' title='bbox 1739 1241 1771 1308; x_wconf 91' lang='grc' dir='ltr'><strong>ή</strong></span> <span class='ocrx_word' id='word_1_79' title='bbox 1803 1240 1967 1310; x_wconf 82' lang='grc' dir='ltr'>αὐτή.</span> <span class='ocrx_word' id='word_1_80' title='bbox 1995 1237 2143 1293; x_wconf 82' lang='grc' dir='ltr'><strong>Παῦ-</strong></span> 
     </span>
    </p>
   </div>
   <div class='ocr_carea' id='block_1_13' title="bbox 559 1316 2142 1402">
    <p class='ocr_par' dir='ltr' id='par_1_13' title="bbox 559 1316 2142 1402">
     <span class='ocr_line' id='line_1_13' title="bbox 559 1316 2142 1402; baseline 0.001 -18"><span class='ocrx_word' id='word_1_81' title='bbox 559 1332 646 1396; x_wconf 87' lang='grc' dir='ltr'>λος</span> <span class='ocrx_word' id='word_1_82' title='bbox 675 1334 733 1386; x_wconf 77' lang='grc' dir='ltr'>δὲ</span> <span class='ocrx_word' id='word_1_83' title='bbox 763 1335 792 1385; x_wconf 98' lang='lat'><strong>6</strong></span> <span class='ocrx_word' id='word_1_84' title='bbox 826 1332 999 1400; x_wconf 82' lang='grc' dir='ltr'><strong>μέγας</strong></span> <span class='ocrx_word' id='word_1_85' title='bbox 1026 1332 1328 1395; x_wconf 74' lang='grc' dir='ltr'><strong>ἀπόστολος</strong></span> <span class='ocrx_word' id='word_1_86' title='bbox 1356 1331 1641 1402; x_wconf 75' lang='grc' dir='ltr'><strong>κηρύττει,</strong></span> <span class='ocrx_word' id='word_1_87' title='bbox 1673 1316 1748 1386; x_wconf 67' lang='grc' dir='ltr'><strong>Εἴ</strong></span> <span class='ocrx_word' id='word_1_88' title='bbox 1777 1349 1867 1397; x_wconf 81' lang='grc' dir='ltr'><strong>τις</strong></span> <span class='ocrx_word' id='word_1_89' title='bbox 1895 1335 2142 1402; x_wconf 80' lang='grc' dir='ltr'>εὐαγγε-</span> 
     </span>
    </p>
   </div>
   <div class='ocr_carea' id='block_1_14' title="bbox 557 1423 2137 1494">
    <p class='ocr_par' dir='ltr' id='par_1_14' title="bbox 557 1423 2137 1494">
     <span class='ocr_line' id='line_1_14' title="bbox 557 1423 2137 1494; baseline -0.001 -13"><span class='ocrx_word' id='word_1_90' title='bbox 557 1424 778 1486; x_wconf 72' lang='grc' dir='ltr'>λίζεται</span> <span class='ocrx_word' id='word_1_91' title='bbox 811 1424 968 1480; x_wconf 75' lang='grc' dir='ltr'>ἄλλο</span> <span class='ocrx_word' id='word_1_92' title='bbox 999 1425 1137 1494; x_wconf 78' lang='grc' dir='ltr'>παρ’</span> <span class='ocrx_word' id='word_1_93' title='bbox 1161 1423 1194 1479; x_wconf 83' lang='grc' dir='ltr'><em>ὃ</em></span> <span class='ocrx_word' id='word_1_94' title='bbox 1228 1424 1622 1494; x_wconf 77' lang='grc' dir='ltr'>παρελάϐετε,</span> <span class='ocrx_word' id='word_1_95' title='bbox 1654 1423 1927 1493; x_wconf 79' lang='grc' dir='ltr'><strong>ἀνάθεμα</strong></span> <span class='ocrx_word' id='word_1_96' title='bbox 1958 1423 2137 1480; x_wconf 75' lang='grc' dir='ltr'>ἔστω.</span> 
     </span>
    </p>
   </div>
   <div class='ocr_carea' id='block_1_15' title="bbox 563 1516 2141 1587">
    <p class='ocr_par' dir='ltr' id='par_1_15' title="bbox 563 1516 2141 1587">
     <span class='ocr_line' id='line_1_15' title="bbox 563 1516 2141 1587; baseline -0.001 -14"><span class='ocrx_word' id='word_1_97' title='bbox 563 1519 670 1573; x_wconf 76' lang='grc' dir='ltr'><strong>Καὶ</strong></span> <span class='ocrx_word' id='word_1_98' title='bbox 695 1517 976 1581; x_wconf 89' lang='grc' dir='ltr'>Διονύσιος</span> <span class='ocrx_word' id='word_1_99' title='bbox 996 1516 1055 1570; x_wconf 81' lang='grc' dir='ltr'>δὲ</span> <span class='ocrx_word' id='word_1_100' title='bbox 1081 1518 1110 1570; x_wconf 89' lang='lat'><strong>6</strong></span> <span class='ocrx_word' id='word_1_101' title='bbox 1134 1517 1329 1571; x_wconf 88' lang='grc' dir='ltr'>τούτου</span> <span class='ocrx_word' id='word_1_102' title='bbox 1359 1517 1626 1587; x_wconf 75' lang='grc' dir='ltr'>φοιτητὴς</span> <span class='ocrx_word' id='word_1_103' title='bbox 1652 1516 2016 1586; x_wconf 79' lang='grc' dir='ltr'>ἀποφαίνεται</span> <span class='ocrx_word' id='word_1_104' title='bbox 2043 1535 2141 1571; x_wconf 88' lang='grc' dir='ltr'>κα-</span> 
     </span>
    </p>
   </div>
   <div class='ocr_carea' id='block_1_16' title="bbox 559 1610 2142 1684">
    <p class='ocr_par' dir='ltr' id='par_1_16' title="bbox 559 1610 2142 1684">
     <span class='ocr_line' id='line_1_16' title="bbox 559 1610 2142 1684; baseline 0.001 -20"><span class='ocrx_word' id='word_1_105' title='bbox 559 1611 714 1666; x_wconf 82' lang='grc' dir='ltr'>θόλου</span> <span class='ocrx_word' id='word_1_106' title='bbox 744 1611 955 1681; x_wconf 79' lang='grc' dir='ltr'>λέγων,</span> <span class='ocrx_word' id='word_1_107' title='bbox 993 1630 1012 1664; x_wconf 88' lang='grc' dir='ltr'><strong>ι</strong></span> <span class='ocrx_word' id='word_1_108' title='bbox 1050 1613 1126 1667; x_wconf 83' lang='grc' dir='ltr'>Ού</span> <span class='ocrx_word' id='word_1_109' title='bbox 1156 1610 1458 1682; x_wconf 75' lang='grc' dir='ltr'><strong>τολμητέον</strong></span> <span class='ocrx_word' id='word_1_110' title='bbox 1487 1611 1666 1666; x_wconf 77' lang='grc' dir='ltr'>εἰπεῖν</span> <span class='ocrx_word' id='word_1_111' title='bbox 1698 1613 1848 1684; x_wconf 83' lang='grc' dir='ltr'><strong>παρά</strong></span> <span class='ocrx_word' id='word_1_112' title='bbox 1882 1610 1951 1665; x_wconf 80' lang='grc' dir='ltr'><strong>τά</strong></span> <span class='ocrx_word' id='word_1_113' title='bbox 1983 1611 2142 1666; x_wconf 89' lang='grc' dir='ltr'>θειω-</span> 
     </span>
    </p>
   </div>
   <div class='ocr_carea' id='block_1_17' title="bbox 558 1706 2139 1779">
    <p class='ocr_par' dir='ltr' id='par_1_17' title="bbox 558 1706 2139 1779">
     <span class='ocr_line' id='line_1_17' title="bbox 558 1706 2139 1779; baseline -0.001 -17"><span class='ocrx_word' id='word_1_114' title='bbox 558 1708 663 1773; x_wconf 84' lang='grc' dir='ltr'><strong>δῶς</strong></span> <span class='ocrx_word' id='word_1_115' title='bbox 691 1708 824 1778; x_wconf 79' lang='grc' dir='ltr'>ἡμῖν</span> <span class='ocrx_word' id='word_1_116' title='bbox 852 1709 983 1779; x_wconf 74' lang='grc' dir='ltr'>περὶ</span> <span class='ocrx_word' id='word_1_117' title='bbox 1007 1707 1119 1761; x_wconf 86' lang='grc' dir='ltr'><strong>τῶν</strong></span> <span class='ocrx_word' id='word_1_118' title='bbox 1149 1707 1312 1762; x_wconf 83' lang='grc' dir='ltr'>θείων</span> <span class='ocrx_word' id='word_1_119' title='bbox 1339 1706 1538 1775; x_wconf 83' lang='grc' dir='ltr'>λογίων</span> <span class='ocrx_word' id='word_1_120' title='bbox 1566 1707 1987 1779; x_wconf 79' lang='grc' dir='ltr'>ὲκπεφασμένα,</span> <span class='ocrx_word' id='word_1_121' title='bbox 2016 1706 2139 1762; x_wconf 76' lang='grc' dir='ltr'>οὔτε</span> 
     </span>
    </p>
   </div>
   <div class='ocr_carea' id='block_1_18' title="bbox 558 1798 2143 1870">
    <p class='ocr_par' dir='ltr' id='par_1_18' title="bbox 558 1798 2143 1870">
     <span class='ocr_line' id='line_1_18' title="bbox 558 1798 2143 1870; baseline 0 -16"><span class='ocrx_word' id='word_1_122' title='bbox 558 1802 764 1868; x_wconf 78' lang='grc' dir='ltr'>εἰπεῖν,</span> <span class='ocrx_word' id='word_1_123' title='bbox 790 1798 916 1854; x_wconf 75' lang='grc' dir='ltr'>οὕτε</span> <span class='ocrx_word' id='word_1_124' title='bbox 946 1801 1228 1870; x_wconf 81' lang='grc' dir='ltr'>ἐννοῆσαι.</span> <span class='ocrx_word' id='word_1_125' title='bbox 1265 1821 1284 1855; x_wconf 66' lang='grc' dir='ltr'><strong>ι</strong></span> <span class='ocrx_word' id='word_1_126' title='bbox 1325 1801 1488 1856; x_wconf 77' lang='grc' dir='ltr'><strong>Ἀλλὰ</strong></span> <span class='ocrx_word' id='word_1_127' title='bbox 1518 1804 1692 1856; x_wconf 85' lang='grc' dir='ltr'>πᾶσαι</span> <span class='ocrx_word' id='word_1_128' title='bbox 1721 1803 1775 1856; x_wconf 79' lang='lat' dir='ltr'><strong>ai</strong></span> <span class='ocrx_word' id='word_1_129' title='bbox 1808 1802 2016 1857; x_wconf 82' lang='grc' dir='ltr'><strong>σύνοδοι</strong></span> <span class='ocrx_word' id='word_1_130' title='bbox 2048 1801 2143 1855; x_wconf 75' lang='grc' dir='ltr'>καὶ</span> 
     </span>
    </p>
   </div>
   <div class='ocr_carea' id='block_1_19' title="bbox 557 1894 2217 1991">
    <p class='ocr_par' dir='ltr' id='par_1_19' title="bbox 557 1894 2217 1991">
     <span class='ocr_line' id='line_1_19' title="bbox 557 1894 2217 1991; baseline -0.002 -41"><span class='ocrx_word' id='word_1_131' title='bbox 557 1895 714 1964; x_wconf 72' lang='grc' dir='ltr'>ἅγιαι</span> <span class='ocrx_word' id='word_1_132' title='bbox 748 1894 844 1948; x_wconf 78' lang='grc' dir='ltr'>καὶ</span> <span class='ocrx_word' id='word_1_133' title='bbox 880 1894 1025 1964; x_wconf 76' lang='grc' dir='ltr'>ίεραὶ</span> <span class='ocrx_word' id='word_1_134' title='bbox 1056 1894 1386 1966; x_wconf 81' lang='grc' dir='ltr'>ὲξήπλωσαν</span> <span class='ocrx_word' id='word_1_135' title='bbox 1422 1897 1514 1949; x_wconf 75' lang='grc' dir='ltr'><strong>καὶ</strong></span> <span class='ocrx_word' id='word_1_136' title='bbox 1552 1895 1926 1966; x_wconf 82' lang='grc' dir='ltr'><strong>διεσάφησαν,</strong></span> <span class='ocrx_word' id='word_1_137' title='bbox 1965 1895 2061 1949; x_wconf 73' lang='grc' dir='ltr'>καὶ</span> <span class='ocrx_word' id='word_1_138' title='bbox 2092 1894 2142 1948; x_wconf 81' lang='lat' dir='ltr'><strong>oi</strong></span> <span class='ocrx_word' id='word_1_139' title='bbox 2176 1934 2217 1991; x_wconf 75' lang='grc' dir='ltr'><strong><em>Β</em></strong></span> 
     </span>
    </p>
   </div>
   <div class='ocr_carea' id='block_1_20' title="bbox 444 1989 2140 2061">
    <p class='ocr_par' dir='ltr' id='par_1_20' title="bbox 444 1989 2140 2061">
     <span class='ocr_line' id='line_1_20' title="bbox 444 1989 2140 2061; baseline 0.001 -21"><span class='ocrx_word' id='word_1_140' title='bbox 444 2050 447 2053; x_wconf 24' lang='grc' dir='ltr'>λ</span> <span class='ocrx_word' id='word_1_141' title='bbox 560 1990 700 2061; x_wconf 75' lang='grc' dir='ltr'>ἱεροὶ</span> <span class='ocrx_word' id='word_1_142' title='bbox 747 1990 1017 2061; x_wconf 81' lang='grc' dir='ltr'>Πατέρες,</span> <span class='ocrx_word' id='word_1_143' title='bbox 1059 1989 1158 2044; x_wconf 77' lang='grc' dir='ltr'>καὶ</span> <span class='ocrx_word' id='word_1_144' title='bbox 1200 1990 1442 2060; x_wconf 77' lang='grc' dir='ltr'><strong>οὐδαμοῦ</strong></span> <span class='ocrx_word' id='word_1_145' title='bbox 1484 1991 1674 2057; x_wconf 78' lang='grc' dir='ltr'>ἔδοξαν</span> <span class='ocrx_word' id='word_1_146' title='bbox 1717 1991 1914 2061; x_wconf 69' lang='grc' dir='ltr'>ἑτέραν</span> <span class='ocrx_word' id='word_1_147' title='bbox 1954 1990 2140 2043; x_wconf 85' lang='grc' dir='ltr'>πίστιν</span> 
     </span>
    </p>
   </div>
   <div class='ocr_carea' id='block_1_21' title="bbox 557 2082 2141 2154">
    <p class='ocr_par' dir='ltr' id='par_1_21' title="bbox 557 2082 2141 2154">
     <span class='ocr_line' id='line_1_21' title="bbox 557 2082 2141 2154; baseline 0.001 -18"><span class='ocrx_word' id='word_1_148' title='bbox 557 2083 782 2154; x_wconf 81' lang='grc' dir='ltr'>ποιῆσαι</span> <span class='ocrx_word' id='word_1_149' title='bbox 817 2083 908 2137; x_wconf 79' lang='grc' dir='ltr'>διὰ</span> <span class='ocrx_word' id='word_1_150' title='bbox 942 2083 1040 2152; x_wconf 82' lang='grc' dir='ltr'>τῆς</span> <span class='ocrx_word' id='word_1_151' title='bbox 1073 2082 1460 2153; x_wconf 79' lang='grc' dir='ltr'>διασαφήσεως</span> <span class='ocrx_word' id='word_1_152' title='bbox 1501 2083 1595 2139; x_wconf 74' lang='grc' dir='ltr'>καὶ</span> <span class='ocrx_word' id='word_1_153' title='bbox 1633 2082 1998 2149; x_wconf 81' lang='grc' dir='ltr'>ἐξαπλώσεως</span> <span class='ocrx_word' id='word_1_154' title='bbox 2027 2082 2141 2137; x_wconf 85' lang='grc' dir='ltr'>τῶν</span> 
     </span>
    </p>
   </div>
   <div class='ocr_carea' id='block_1_22' title="bbox 558 2174 2142 2246">
    <p class='ocr_par' dir='ltr' id='par_1_22' title="bbox 558 2174 2142 2246">
     <span class='ocr_line' id='line_1_22' title="bbox 558 2174 2142 2246; baseline 0.001 -17"><span class='ocrx_word' id='word_1_155' title='bbox 558 2176 721 2246; x_wconf 78' lang='grc' dir='ltr'>ἱερῶν</span> <span class='ocrx_word' id='word_1_156' title='bbox 749 2174 970 2245; x_wconf 81' lang='grc' dir='ltr'><strong>λογίων.</strong></span> <span class='ocrx_word' id='word_1_157' title='bbox 1009 2175 1154 2229; x_wconf 81' lang='grc' dir='ltr'><strong>Ἀλλ’</strong></span> <span class='ocrx_word' id='word_1_158' title='bbox 1181 2174 1353 2246; x_wconf 87' lang='grc' dir='ltr'>ίωμεν</span> <span class='ocrx_word' id='word_1_159' title='bbox 1377 2177 1470 2228; x_wconf 78' lang='grc' dir='ltr'>ἐπὶ</span> <span class='ocrx_word' id='word_1_160' title='bbox 1494 2176 1594 2246; x_wconf 82' lang='grc' dir='ltr'>τὴν</span> <span class='ocrx_word' id='word_1_161' title='bbox 1619 2177 1897 2243; x_wconf 83' lang='grc' dir='ltr'>ἀπόδειξιν</span> <span class='ocrx_word' id='word_1_162' title='bbox 1923 2178 2142 2231; x_wconf 81' lang='grc' dir='ltr'>ἀποδει-</span> 
     </span>
    </p>
   </div>
   <div class='ocr_carea' id='block_1_23' title="bbox 556 2266 2140 2338">
    <p class='ocr_par' dir='ltr' id='par_1_23' title="bbox 556 2266 2140 2338">
     <span class='ocr_line' id='line_1_23' title="bbox 556 2266 2140 2338; baseline 0.002 -17"><span class='ocrx_word' id='word_1_163' title='bbox 556 2268 810 2333; x_wconf 81' lang='grc' dir='ltr'>κνύντες,</span> <span class='ocrx_word' id='word_1_164' title='bbox 848 2267 925 2330; x_wconf 84' lang='grc' dir='ltr'>ὡς</span> <span class='ocrx_word' id='word_1_165' title='bbox 958 2266 1021 2321; x_wconf 86' lang='grc' dir='ltr'><strong>ού</strong></span> <span class='ocrx_word' id='word_1_166' title='bbox 1057 2268 1241 2333; x_wconf 83' lang='grc' dir='ltr'>καλῶς</span> <span class='ocrx_word' id='word_1_167' title='bbox 1276 2268 1550 2336; x_wconf 81' lang='grc' dir='ltr'>λεγόντων</span> <span class='ocrx_word' id='word_1_168' title='bbox 1584 2269 1696 2323; x_wconf 82' lang='grc' dir='ltr'><strong>τῶν</strong></span> <span class='ocrx_word' id='word_1_169' title='bbox 1736 2272 2140 2338; x_wconf 79' lang='grc' dir='ltr'>καινοφωνούν-</span> 
     </span>
    </p>
   </div>
   <div class='ocr_carea' id='block_1_24' title="bbox 553 2348 2140 2435">
    <p class='ocr_par' dir='ltr' id='par_1_24' title="bbox 553 2348 2140 2435">
     <span class='ocr_line' id='line_1_24' title="bbox 553 2348 2140 2435; baseline 0.001 -21"><span class='ocrx_word' id='word_1_170' title='bbox 553 2376 685 2425; x_wconf 69' lang='grc' dir='ltr'>των,</span> <span class='ocrx_word' id='word_1_171' title='bbox 706 2358 794 2413; x_wconf 78' lang='grc' dir='ltr'><strong>δτι</strong></span> <span class='ocrx_word' id='word_1_172' title='bbox 817 2359 947 2423; x_wconf 81' lang='grc' dir='ltr'>τοὺς</span> <span class='ocrx_word' id='word_1_173' title='bbox 970 2360 1511 2431; x_wconf 33' lang='grc' dir='ltr'>ὄρουςεπαρείδομεν,</span> <span class='ocrx_word' id='word_1_174' title='bbox 1539 2361 1810 2429; x_wconf 87' lang='grc' dir='ltr'>λεγόντων</span> <span class='ocrx_word' id='word_1_175' title='bbox 1836 2362 1961 2417; x_wconf 82' lang='grc' dir='ltr'>καθ’</span> <span class='ocrx_word' id='word_1_176' title='bbox 1983 2348 2140 2435; x_wconf 73' lang='grc' dir='ltr'>ἡμῶν</span> 
     </span>
    </p>
   </div>
   <div class='ocr_carea' id='block_1_25' title="bbox 458 2451 2154 2526">
    <p class='ocr_par' dir='ltr' id='par_1_25' title="bbox 458 2451 2154 2526">
     <span class='ocr_line' id='line_1_25' title="bbox 458 2451 2154 2526; baseline 0.002 -19"><span class='ocrx_word' id='word_1_177' title='bbox 458 2462 463 2465; x_wconf 80' lang='grc'><strong>’</strong></span> <span class='ocrx_word' id='word_1_178' title='bbox 553 2454 771 2517; x_wconf 73' lang='grc' dir='ltr'>ἐκεῖνα,</span> <span class='ocrx_word' id='word_1_179' title='bbox 809 2451 958 2522; x_wconf 74' lang='grc' dir='ltr'>ἅπερ</span> <span class='ocrx_word' id='word_1_180' title='bbox 993 2453 1053 2506; x_wconf 82' lang='grc' dir='ltr'>οὐ</span> <span class='ocrx_word' id='word_1_181' title='bbox 1092 2452 1254 2522; x_wconf 83' lang='grc' dir='ltr'><strong>θέμις</strong></span> <span class='ocrx_word' id='word_1_182' title='bbox 1287 2453 1497 2523; x_wconf 76' lang='grc' dir='ltr'>λέγειν.</span> <span class='ocrx_word' id='word_1_183' title='bbox 1535 2455 1646 2508; x_wconf 75' lang='grc' dir='ltr'>Καὶ</span> <span class='ocrx_word' id='word_1_184' title='bbox 1683 2456 1793 2524; x_wconf 84' lang='grc' dir='ltr'><strong>γὰρ</strong></span> <span class='ocrx_word' id='word_1_185' title='bbox 1829 2454 1890 2509; x_wconf 79' lang='grc' dir='ltr'><strong>τὸ</strong></span> <span class='ocrx_word' id='word_1_186' title='bbox 1924 2457 2154 2526; x_wconf 59' lang='lat' dir='ltr'><strong>(Synod--</strong></span> 
     </span>
    </p>
   </div>
   <div class='ocr_carea' id='block_1_26' title="bbox 553 2544 2140 2617">
    <p class='ocr_par' dir='ltr' id='par_1_26' title="bbox 553 2544 2140 2617">
     <span class='ocr_line' id='line_1_26' title="bbox 553 2544 2140 2617; baseline 0.003 -17"><span class='ocrx_word' id='word_1_187' title='bbox 553 2561 714 2612; x_wconf 76' lang='grc' dir='ltr'>σιον,</span> <span class='ocrx_word' id='word_1_188' title='bbox 740 2546 918 2599; x_wconf 76' lang='grc' dir='ltr'>καὶτὸ</span> <span class='ocrx_word' id='word_1_189' title='bbox 947 2544 1089 2611; x_wconf 85' lang='grc' dir='ltr'><strong>Θεὸς</strong></span> <span class='ocrx_word' id='word_1_190' title='bbox 1114 2545 1181 2598; x_wconf 82' lang='grc' dir='ltr'><strong>τὸ</strong></span> <span class='ocrx_word' id='word_1_191' title='bbox 1210 2546 1456 2616; x_wconf 77' lang='grc' dir='ltr'>Πνεῦμα</span> <span class='ocrx_word' id='word_1_192' title='bbox 1479 2548 1545 2601; x_wconf 84' lang='grc' dir='ltr'><strong>τὸ</strong></span> <span class='ocrx_word' id='word_1_193' title='bbox 1574 2547 1767 2617; x_wconf 80' lang='grc' dir='ltr'>ἅγιον,</span> <span class='ocrx_word' id='word_1_194' title='bbox 1793 2550 1890 2603; x_wconf 67' lang='grc' dir='ltr'><strong>καὶ</strong></span> <span class='ocrx_word' id='word_1_195' title='bbox 1914 2551 1976 2603; x_wconf 70' lang='grc' dir='ltr'><strong>τὸ</strong></span> <span class='ocrx_word' id='word_1_196' title='bbox 2005 2553 2140 2605; x_wconf 83' lang='grc' dir='ltr'>Θεο-</span> 
     </span>
    </p>
   </div>
   <div class='ocr_carea' id='block_1_27' title="bbox 554 2634 2175 2705">
    <p class='ocr_par' dir='ltr' id='par_1_27' title="bbox 554 2634 2175 2705">
     <span class='ocr_line' id='line_1_27' title="bbox 554 2634 2175 2705; baseline 0.006 -17"><span class='ocrx_word' id='word_1_197' title='bbox 554 2636 764 2703; x_wconf 77' lang='grc' dir='ltr'>τόκος,</span> <span class='ocrx_word' id='word_1_198' title='bbox 804 2634 903 2691; x_wconf 76' lang='grc' dir='ltr'><strong>καί</strong></span> <span class='ocrx_word' id='word_1_199' title='bbox 940 2635 1057 2705; x_wconf 78' lang='grc' dir='ltr'><strong>τὴν</strong></span> <span class='ocrx_word' id='word_1_200' title='bbox 1095 2637 1227 2693; x_wconf 87' lang='grc' dir='ltr'>καθ’</span> <span class='ocrx_word' id='word_1_201' title='bbox 1253 2639 1609 2694; x_wconf 78' lang='grc' dir='ltr'><strong>ὑπόστασιν</strong></span> <span class='ocrx_word' id='word_1_202' title='bbox 1644 2640 1870 2696; x_wconf 77' lang='grc' dir='ltr'>ἕνωσιν</span> <span class='ocrx_word' id='word_1_203' title='bbox 1908 2642 1958 2695; x_wconf 82' lang='grc' dir='ltr'><strong>οξ</strong></span> <span class='ocrx_word' id='word_1_204' title='bbox 2003 2642 2175 2697; x_wconf 79' lang='grc' dir='ltr'>θεῖοι·</span> 
     </span>
    </p>
   </div>
   <div class='ocr_carea' id='block_1_28' title="bbox 555 2724 2138 2804">
    <p class='ocr_par' dir='ltr' id='par_1_28' title="bbox 555 2724 2138 2804">
     <span class='ocr_line' id='line_1_28' title="bbox 555 2724 2138 2804; baseline 0.005 -25"><span class='ocrx_word' id='word_1_205' title='bbox 555 2725 846 2780; x_wconf 75' lang='grc' dir='ltr'><strong>ἀπόστολοι</strong></span> <span class='ocrx_word' id='word_1_206' title='bbox 877 2724 1182 2795; x_wconf 57' lang='grc' dir='ltr'>ούκκεῐπον,</span> <span class='ocrx_word' id='word_1_207' title='bbox 1216 2728 1335 2782; x_wconf 85' lang='grc' dir='ltr'>ἀλλ’</span> <span class='ocrx_word' id='word_1_208' title='bbox 1360 2731 1470 2784; x_wconf 81' lang='grc' dir='ltr'>οὐδ’</span> <span class='ocrx_word' id='word_1_209' title='bbox 1493 2732 1596 2786; x_wconf 84' lang='grc' dir='ltr'><strong>ὅσα</strong></span> <span class='ocrx_word' id='word_1_210' title='bbox 1624 2733 1673 2786; x_wconf 80' lang='lat' dir='ltr'><strong>oi</strong></span> <span class='ocrx_word' id='word_1_211' title='bbox 1706 2733 1851 2801; x_wconf 73' lang='grc' dir='ltr'>ἅγιοι</span> <span class='ocrx_word' id='word_1_212' title='bbox 1878 2733 2138 2804; x_wconf 80' lang='grc' dir='ltr'>διεσάφη-</span> 
     </span>
    </p>
   </div>
   <div class='ocr_carea' id='block_1_29' title="bbox 558 2817 2140 2896">
    <p class='ocr_par' dir='ltr' id='par_1_29' title="bbox 558 2817 2140 2896">
     <span class='ocr_line' id='line_1_29' title="bbox 558 2817 2140 2896; baseline 0.006 -25"><span class='ocrx_word' id='word_1_213' title='bbox 558 2830 657 2872; x_wconf 82' lang='grc' dir='ltr'><strong>σαν</strong></span> <span class='ocrx_word' id='word_1_214' title='bbox 683 2833 696 2847; x_wconf 83' lang='grc'><strong>’</strong></span> <span class='ocrx_word' id='word_1_215' title='bbox 730 2817 847 2872; x_wconf 85' lang='grc' dir='ltr'>ἀλλ’</span> <span class='ocrx_word' id='word_1_216' title='bbox 868 2820 929 2873; x_wconf 83' lang='grc' dir='ltr'><strong>οὐ</strong></span> <span class='ocrx_word' id='word_1_217' title='bbox 957 2819 1245 2890; x_wconf 75' lang='grc' dir='ltr'>τολμηταὶ,</span> <span class='ocrx_word' id='word_1_218' title='bbox 1273 2819 1387 2875; x_wconf 77' lang='grc' dir='ltr'>οὐδ’</span> <span class='ocrx_word' id='word_1_219' title='bbox 1409 2821 1516 2875; x_wconf 81' lang='grc' dir='ltr'><strong>ὑπὸ</strong></span> <span class='ocrx_word' id='word_1_220' title='bbox 1542 2822 1604 2875; x_wconf 73' lang='grc' dir='ltr'><strong>τὸ</strong></span> <span class='ocrx_word' id='word_1_221' title='bbox 1632 2824 1884 2894; x_wconf 83' lang='grc' dir='ltr'>ἀνάθεμα</span> <span class='ocrx_word' id='word_1_222' title='bbox 1914 2826 2140 2896; x_wconf 75' lang='grc' dir='ltr'>ἐκρίθη-</span> 
     </span>
    </p>
   </div>
   <div class='ocr_carea' id='block_1_30' title="bbox 557 2909 2140 2987">
    <p class='ocr_par' dir='ltr' id='par_1_30' title="bbox 557 2909 2140 2987">
     <span class='ocr_line' id='line_1_30' title="bbox 557 2909 2140 2987; baseline 0.005 -24"><span class='ocrx_word' id='word_1_223' title='bbox 557 2910 678 2964; x_wconf 81' lang='grc' dir='ltr'>σαν.</span> <span class='ocrx_word' id='word_1_224' title='bbox 705 2911 819 2966; x_wconf 77' lang='grc' dir='ltr'>Καὶ</span> <span class='ocrx_word' id='word_1_225' title='bbox 839 2909 1000 2964; x_wconf 83' lang='grc' dir='ltr'>τοῦτο</span> <span class='ocrx_word' id='word_1_226' title='bbox 1028 2910 1174 2982; x_wconf 85' lang='grc' dir='ltr'>μάλα</span> <span class='ocrx_word' id='word_1_227' title='bbox 1200 2911 1381 2975; x_wconf 84' lang='grc' dir='ltr'>καλῶς</span> <span class='ocrx_word' id='word_1_228' title='bbox 1407 2913 1706 2984; x_wconf 79' lang='grc' dir='ltr'><strong>παρίστησι</strong></span> <span class='ocrx_word' id='word_1_229' title='bbox 1732 2917 1829 2968; x_wconf 69' lang='grc' dir='ltr'><strong>καὶ</strong></span> <span class='ocrx_word' id='word_1_230' title='bbox 1857 2916 1890 2987; x_wconf 81' lang='grc' dir='ltr'><strong>ή</strong></span> <span class='ocrx_word' id='word_1_231' title='bbox 1918 2914 2140 2980; x_wconf 80' lang='grc' dir='ltr'><strong>σύνοδος</strong></span> 
     </span>
    </p>
   </div>
   <div class='ocr_carea' id='block_1_31' title="bbox 555 3002 2139 3080">
    <p class='ocr_par' dir='ltr' id='par_1_31' title="bbox 555 3002 2139 3080">
     <span class='ocr_line' id='line_1_31' title="bbox 555 3002 2139 3080; baseline 0.005 -24"><span class='ocrx_word' id='word_1_232' title='bbox 555 3004 590 3073; x_wconf 79' lang='grc' dir='ltr'><strong>ἡ</strong></span> <span class='ocrx_word' id='word_1_233' title='bbox 624 3003 770 3057; x_wconf 84' lang='grc' dir='ltr'><strong>κατὰ</strong></span> <span class='ocrx_word' id='word_1_234' title='bbox 806 3002 1118 3058; x_wconf 82' lang='grc' dir='ltr'>’Δκινδύνου</span> <span class='ocrx_word' id='word_1_235' title='bbox 1155 3004 1489 3075; x_wconf 68' lang='grc' dir='ltr'><strong>συναχθεῖσα</strong></span> <span class='ocrx_word' id='word_1_236' title='bbox 1512 3046 1528 3073; x_wconf 93' lang='grc'><strong>,</strong></span> <span class='ocrx_word' id='word_1_237' title='bbox 1565 3007 1949 3080; x_wconf 79' lang='grc' dir='ltr'>ἐγκαλουμένη</span> <span class='ocrx_word' id='word_1_238' title='bbox 1986 3011 2139 3080; x_wconf 79' lang='grc' dir='ltr'><strong>παρὰ</strong></span> 
     </span>
    </p>
   </div>
   <div class='ocr_carea' id='block_1_32' title="bbox 554 3097 2139 3175">
    <p class='ocr_par' dir='ltr' id='par_1_32' title="bbox 554 3097 2139 3175">
     <span class='ocr_line' id='line_1_32' title="bbox 554 3097 2139 3175; baseline 0.004 -24"><span class='ocrx_word' id='word_1_239' title='bbox 554 3097 665 3151; x_wconf 76' lang='grc' dir='ltr'>τῶν</span> <span class='ocrx_word' id='word_1_240' title='bbox 696 3098 1098 3163; x_wconf 78' lang='grc' dir='ltr'><strong>στασιαζόντων</strong></span> <span class='ocrx_word' id='word_1_241' title='bbox 1118 3140 1134 3163; x_wconf 92' lang='grc'><strong>,</strong></span> <span class='ocrx_word' id='word_1_242' title='bbox 1166 3099 1348 3161; x_wconf 86' lang='grc' dir='ltr'>καθὼς</span> <span class='ocrx_word' id='word_1_243' title='bbox 1379 3100 1700 3171; x_wconf 77' lang='grc' dir='ltr'>περιέχεται</span> <span class='ocrx_word' id='word_1_244' title='bbox 1733 3103 1792 3155; x_wconf 65' lang='grc' dir='ltr'>ἐν</span> <span class='ocrx_word' id='word_1_245' title='bbox 1825 3099 1906 3174; x_wconf 83' lang='grc' dir='ltr'>τῷ</span> <span class='ocrx_word' id='word_1_246' title='bbox 1938 3103 1981 3155; x_wconf 92' lang='grc' dir='ltr'>Τ</span> <span class='ocrx_word' id='word_1_247' title='bbox 1983 3102 2139 3175; x_wconf 85' lang='grc' dir='ltr'>όμῳ,</span> 
     </span>
    </p>
   </div>
   <div class='ocr_carea' id='block_1_33' title="bbox 2250 682 3843 759">
    <p class='ocr_par' dir='ltr' id='par_1_33' title="bbox 2250 682 3843 759">
     <span class='ocr_line' id='line_1_33' title="bbox 2250 682 3843 759; baseline 0.006 -26"><span class='ocrx_word' id='word_1_248' title='bbox 2250 693 2360 737; x_wconf 80' lang='lat' dir='ltr'><strong>trm</strong></span> <span class='ocrx_word' id='word_1_249' title='bbox 2400 682 2713 748; x_wconf 86' lang='lat' dir='ltr'><strong>habentes.</strong></span> <span class='ocrx_word' id='word_1_250' title='bbox 2772 692 2835 739; x_wconf 90' lang='lat' dir='ltr'><strong>ut</strong></span> <span class='ocrx_word' id='word_1_251' title='bbox 2916 684 3034 755; x_wconf 90' lang='lat' dir='ltr'><strong>ipse</strong></span> <span class='ocrx_word' id='word_1_252' title='bbox 3070 685 3250 741; x_wconf 88' lang='lat' dir='ltr'><strong>dicit:</strong></span> <span class='ocrx_word' id='word_1_253' title='bbox 3309 685 3409 742; x_wconf 85' lang='lat' dir='ltr'><strong>Ubi</strong></span> <span class='ocrx_word' id='word_1_254' title='bbox 3455 696 3579 742; x_wconf 81' lang='lat' dir='ltr'><strong>sunt</strong></span> <span class='ocrx_word' id='word_1_255' title='bbox 3625 704 3843 759; x_wconf 78' lang='lat' dir='ltr'><strong>tangre-</strong></span> 
     </span>
    </p>
   </div>
   <div class='ocr_carea' id='block_1_34' title="bbox 2242 775 3838 844">
    <p class='ocr_par' dir='ltr' id='par_1_34' title="bbox 2242 775 3838 844">
     <span class='ocr_line' id='line_1_34' title="bbox 2242 775 3838 844; baseline 0.004 -16"><span class='ocrx_word' id='word_1_256' title='bbox 2242 775 2445 844; x_wconf 82' lang='lat' dir='ltr'><strong>gatiin</strong></span> <span class='ocrx_word' id='word_1_257' title='bbox 2500 775 2710 831; x_wconf 85' lang='lat' dir='ltr'><strong>nomine</strong></span> <span class='ocrx_word' id='word_1_258' title='bbox 2769 792 2927 843; x_wconf 81' lang='lat' dir='ltr'><strong>meo,</strong></span> <span class='ocrx_word' id='word_1_259' title='bbox 2992 777 3065 837; x_wconf 18' lang='lat' dir='ltr'><strong>in,</strong></span> <span class='ocrx_word' id='word_1_260' title='bbox 3107 778 3278 832; x_wconf 86' lang='lat' dir='ltr'><strong>medio</strong></span> <span class='ocrx_word' id='word_1_261' title='bbox 3364 795 3547 834; x_wconf 86' lang='lat' dir='ltr'><strong>eorum</strong></span> <span class='ocrx_word' id='word_1_262' title='bbox 3605 795 3725 834; x_wconf 79' lang='lat' dir='ltr'><strong>sum</strong></span> <span class='ocrx_word' id='word_1_263' title='bbox 3796 782 3838 844; x_wconf 85' lang='grc'>¹.</span> 
     </span>
    </p>
   </div>
   <div class='ocr_carea' id='block_1_35' title="bbox 2240 858 3835 933">
    <p class='ocr_par' dir='ltr' id='par_1_35' title="bbox 2240 858 3835 933">
     <span class='ocr_line' id='line_1_35' title="bbox 2240 858 3835 933; baseline 0.003 -12"><span class='ocrx_word' id='word_1_264' title='bbox 2240 882 2361 921; x_wconf 65' lang='grc' dir='ltr'>σουη</span> <span class='ocrx_word' id='word_1_265' title='bbox 2403 867 2660 923; x_wconf 84' lang='lat' dir='ltr'><strong>decretis</strong></span> <span class='ocrx_word' id='word_1_266' title='bbox 2723 868 2841 924; x_wconf 83' lang='lat' dir='ltr'><strong>suis</strong></span> <span class='ocrx_word' id='word_1_267' title='bbox 2895 868 3215 924; x_wconf 84' lang='lat' dir='ltr'><strong>lirmitatem</strong></span> <span class='ocrx_word' id='word_1_268' title='bbox 3268 858 3589 933; x_wconf 79' lang='lat' dir='ltr'><strong>tribuunt,</strong></span> <span class='ocrx_word' id='word_1_269' title='bbox 3626 877 3686 924; x_wconf 90' lang='lat' dir='ltr'><strong>ut</strong></span> <span class='ocrx_word' id='word_1_270' title='bbox 3734 887 3835 925; x_wconf 83' lang='lat' dir='ltr'><strong>nc-</strong></span> 
     </span>
    </p>
   </div>
   <div class='ocr_carea' id='block_1_36' title="bbox 2246 958 3839 1032">
    <p class='ocr_par' dir='ltr' id='par_1_36' title="bbox 2246 958 3839 1032">
     <span class='ocr_line' id='line_1_36' title="bbox 2246 958 3839 1032; baseline 0.002 -18"><span class='ocrx_word' id='word_1_271' title='bbox 2246 959 2376 1014; x_wconf 88' lang='lat' dir='ltr'><strong>miui</strong></span> <span class='ocrx_word' id='word_1_272' title='bbox 2418 958 2702 1017; x_wconf 82' lang='lat' dir='ltr'><strong>i&#39;assitex</strong></span> <span class='ocrx_word' id='word_1_273' title='bbox 2743 960 2978 1017; x_wconf 86' lang='lat' dir='ltr'><strong>adverso</strong></span> <span class='ocrx_word' id='word_1_274' title='bbox 3047 961 3104 1016; x_wconf 91' lang='lat' dir='ltr'><strong>in</strong></span> <span class='ocrx_word' id='word_1_275' title='bbox 3170 976 3236 1017; x_wconf 85' lang='lat' dir='ltr'><strong>ea</strong></span> <span class='ocrx_word' id='word_1_276' title='bbox 3290 963 3564 1032; x_wconf 85' lang='lat' dir='ltr'><strong>aspicere.</strong></span> <span class='ocrx_word' id='word_1_277' title='bbox 3636 962 3839 1018; x_wconf 85' lang='lat' dir='ltr'><strong>Prohi-</strong></span> 
     </span>
    </p>
   </div>
   <div class='ocr_carea' id='block_1_37' title="bbox 2244 1054 3840 1126">
    <p class='ocr_par' dir='ltr' id='par_1_37' title="bbox 2244 1054 3840 1126">
     <span class='ocr_line' id='line_1_37' title="bbox 2244 1054 3840 1126; baseline -0.003 -15"><span class='ocrx_word' id='word_1_278' title='bbox 2244 1054 2381 1111; x_wconf 90' lang='lat' dir='ltr'><strong>bitio</strong></span> <span class='ocrx_word' id='word_1_279' title='bbox 2406 1054 2632 1110; x_wconf 81' lang='lat' dir='ltr'><strong>alterius</strong></span> <span class='ocrx_word' id='word_1_280' title='bbox 2659 1055 2783 1111; x_wconf 88' lang='lat' dir='ltr'><strong>[idei</strong></span> <span class='ocrx_word' id='word_1_281' title='bbox 2805 1070 2835 1109; x_wconf 88' lang='lat' dir='ltr'><strong>a</strong></span> <span class='ocrx_word' id='word_1_282' title='bbox 2851 1054 3270 1126; x_wconf 79' lang='lat' dir='ltr'><strong>gloriosissimis</strong></span> <span class='ocrx_word' id='word_1_283' title='bbox 3295 1054 3428 1124; x_wconf 83' lang='lat' dir='ltr'><strong>ipsis</strong></span> <span class='ocrx_word' id='word_1_284' title='bbox 3447 1054 3707 1124; x_wconf 84' lang='lat' dir='ltr'><strong>apostolis</strong></span> <span class='ocrx_word' id='word_1_285' title='bbox 3732 1061 3840 1122; x_wconf 84' lang='lat' dir='ltr'><strong>est,</strong></span> 
     </span>
    </p>
   </div>
   <div class='ocr_carea' id='block_1_38' title="bbox 2246 1144 3838 1217">
    <p class='ocr_par' dir='ltr' id='par_1_38' title="bbox 2246 1144 3838 1217">
     <span class='ocr_line' id='line_1_38' title="bbox 2246 1144 3838 1217; baseline 0 -15"><span class='ocrx_word' id='word_1_286' title='bbox 2246 1146 2694 1217; x_wconf 82' lang='lat' dir='ltr'><strong>quandoquidem</strong></span> <span class='ocrx_word' id='word_1_287' title='bbox 2751 1147 2959 1204; x_wconf 82' lang='lat' dir='ltr'><strong>Paulus</strong></span> <span class='ocrx_word' id='word_1_288' title='bbox 3010 1147 3205 1203; x_wconf 85' lang='lat' dir='ltr'><strong>scribit</strong></span> <span class='ocrx_word' id='word_1_289' title='bbox 3250 1165 3266 1204; x_wconf 88' lang='lat'><strong>:</strong></span> <span class='ocrx_word' id='word_1_290' title='bbox 3315 1144 3434 1201; x_wconf 81' lang='lat' dir='ltr'><strong>Una</strong></span> <span class='ocrx_word' id='word_1_291' title='bbox 3497 1146 3654 1216; x_wconf 77' lang='lat' dir='ltr'><strong>ﬁdes,</strong></span> <span class='ocrx_word' id='word_1_292' title='bbox 3703 1164 3838 1202; x_wconf 82' lang='lat' dir='ltr'><strong>unus</strong></span> 
     </span>
    </p>
   </div>
   <div class='ocr_carea' id='block_1_39' title="bbox 2253 1239 3843 1312">
    <p class='ocr_par' dir='ltr' id='par_1_39' title="bbox 2253 1239 3843 1312">
     <span class='ocr_line' id='line_1_39' title="bbox 2253 1239 3843 1312; baseline 0.001 -18"><span class='ocrx_word' id='word_1_293' title='bbox 2253 1239 2513 1297; x_wconf 81' lang='lat' dir='ltr'><strong>Dominus</strong></span> <span class='ocrx_word' id='word_1_294' title='bbox 2569 1241 2614 1296; x_wconf 60' lang='grc' dir='ltr'>ἐ</span> <span class='ocrx_word' id='word_1_295' title='bbox 2659 1240 2797 1295; x_wconf 77' lang='lat' dir='ltr'><strong>Cum</strong></span> <span class='ocrx_word' id='word_1_296' title='bbox 2887 1241 3066 1312; x_wconf 69' lang='lat' dir='ltr'><strong>igitur</strong></span> <span class='ocrx_word' id='word_1_297' title='bbox 3118 1256 3229 1296; x_wconf 80' lang='lat' dir='ltr'><strong>una</strong></span> <span class='ocrx_word' id='word_1_298' title='bbox 3313 1240 3449 1297; x_wconf 87' lang='lat' dir='ltr'><strong>iides</strong></span> <span class='ocrx_word' id='word_1_299' title='bbox 3513 1250 3642 1308; x_wconf 83' lang='lat' dir='ltr'><strong>est,</strong></span> <span class='ocrx_word' id='word_1_300' title='bbox 3712 1255 3843 1295; x_wconf 87' lang='lat' dir='ltr'><strong>mo-</strong></span> 
     </span>
    </p>
   </div>
   <div class='ocr_carea' id='block_1_40' title="bbox 2241 1332 3836 1390">
    <p class='ocr_par' dir='ltr' id='par_1_40' title="bbox 2241 1332 3836 1390">
     <span class='ocr_line' id='line_1_40' title="bbox 2241 1332 3836 1390; baseline 0.003 -5"><span class='ocrx_word' id='word_1_301' title='bbox 2241 1332 2328 1387; x_wconf 88' lang='lat' dir='ltr'><strong>dis</strong></span> <span class='ocrx_word' id='word_1_302' title='bbox 2384 1332 2649 1388; x_wconf 83' lang='lat' dir='ltr'><strong>omnibus</strong></span> <span class='ocrx_word' id='word_1_303' title='bbox 2702 1332 2810 1388; x_wconf 86' lang='lat' dir='ltr'><strong>alia</strong></span> <span class='ocrx_word' id='word_1_304' title='bbox 2869 1333 3147 1389; x_wconf 84' lang='lat' dir='ltr'><strong>contraria</strong></span> <span class='ocrx_word' id='word_1_305' title='bbox 3205 1334 3284 1389; x_wconf 90' lang='lat' dir='ltr'><strong>illi</strong></span> <span class='ocrx_word' id='word_1_306' title='bbox 3351 1333 3518 1389; x_wconf 81' lang='lat' dir='ltr'><strong>fuerit</strong></span> <span class='ocrx_word' id='word_1_307' title='bbox 3553 1351 3570 1390; x_wconf 86' lang='lat'><strong>:</strong></span> <span class='ocrx_word' id='word_1_308' title='bbox 3611 1348 3735 1388; x_wconf 86' lang='lat' dir='ltr'><strong>nam</strong></span> <span class='ocrx_word' id='word_1_309' title='bbox 3790 1334 3836 1389; x_wconf 89' lang='lat' dir='ltr'><strong>si</strong></span> 
     </span>
    </p>
   </div>
   <div class='ocr_carea' id='block_1_41' title="bbox 2245 1425 3839 1496">
    <p class='ocr_par' dir='ltr' id='par_1_41' title="bbox 2245 1425 3839 1496">
     <span class='ocr_line' id='line_1_41' title="bbox 2245 1425 3839 1496; baseline 0.001 -18"><span class='ocrx_word' id='word_1_310' title='bbox 2245 1425 2350 1479; x_wconf 91' lang='lat' dir='ltr'><strong>alia</strong></span> <span class='ocrx_word' id='word_1_311' title='bbox 2380 1433 2487 1492; x_wconf 86' lang='lat' dir='ltr'><strong>est,</strong></span> <span class='ocrx_word' id='word_1_312' title='bbox 2514 1440 2626 1482; x_wconf 91' lang='lat' dir='ltr'><strong>non</strong></span> <span class='ocrx_word' id='word_1_313' title='bbox 2654 1428 2845 1496; x_wconf 85' lang='lat' dir='ltr'><strong>utique</strong></span> <span class='ocrx_word' id='word_1_314' title='bbox 2867 1442 2976 1482; x_wconf 88' lang='lat' dir='ltr'><strong>una</strong></span> <span class='ocrx_word' id='word_1_315' title='bbox 3008 1434 3111 1484; x_wconf 85' lang='lat' dir='ltr'><strong>est.</strong></span> <span class='ocrx_word' id='word_1_316' title='bbox 3151 1427 3313 1484; x_wconf 84' lang='lat' dir='ltr'><strong>Esset</strong></span> <span class='ocrx_word' id='word_1_317' title='bbox 3342 1428 3492 1483; x_wconf 87' lang='lat' dir='ltr'><strong>enim</strong></span> <span class='ocrx_word' id='word_1_318' title='bbox 3519 1427 3710 1483; x_wconf 84' lang='lat' dir='ltr'><strong>eadem</strong></span> <span class='ocrx_word' id='word_1_319' title='bbox 3739 1465 3756 1490; x_wconf 94' lang='lat'><strong>,</strong></span> <span class='ocrx_word' id='word_1_320' title='bbox 3782 1433 3839 1481; x_wconf 87' lang='lat' dir='ltr'><strong>et</strong></span> 
     </span>
    </p>
   </div>
   <div class='ocr_carea' id='block_1_42' title="bbox 2245 1517 3840 1589">
    <p class='ocr_par' dir='ltr' id='par_1_42' title="bbox 2245 1517 3840 1589">
     <span class='ocr_line' id='line_1_42' title="bbox 2245 1517 3840 1589; baseline 0.001 -16"><span class='ocrx_word' id='word_1_321' title='bbox 2245 1533 2354 1573; x_wconf 91' lang='lat' dir='ltr'><strong>non</strong></span> <span class='ocrx_word' id='word_1_322' title='bbox 2379 1517 2484 1572; x_wconf 86' lang='lat' dir='ltr'><strong>alia</strong></span> <span class='ocrx_word' id='word_1_323' title='bbox 2512 1534 2530 1587; x_wconf 71' lang='grc' dir='ltr'><strong>ι</strong></span> <span class='ocrx_word' id='word_1_324' title='bbox 2579 1519 2727 1589; x_wconf 89' lang='lat' dir='ltr'><strong>quod</strong></span> <span class='ocrx_word' id='word_1_325' title='bbox 2754 1519 2800 1575; x_wconf 91' lang='lat' dir='ltr'><strong>si</strong></span> <span class='ocrx_word' id='word_1_326' title='bbox 2828 1518 2954 1575; x_wconf 85' lang='lat' dir='ltr'><strong>alia.</strong></span> <span class='ocrx_word' id='word_1_327' title='bbox 2983 1531 3092 1587; x_wconf 84' lang='lat' dir='ltr'><strong>e5t,</strong></span> <span class='ocrx_word' id='word_1_328' title='bbox 3126 1533 3233 1575; x_wconf 92' lang='lat' dir='ltr'><strong>non</strong></span> <span class='ocrx_word' id='word_1_329' title='bbox 3264 1521 3457 1575; x_wconf 90' lang='lat' dir='ltr'><strong>eadem</strong></span> <span class='ocrx_word' id='word_1_330' title='bbox 3487 1529 3594 1575; x_wconf 89' lang='lat' dir='ltr'><strong>est.</strong></span> <span class='ocrx_word' id='word_1_331' title='bbox 3628 1518 3840 1574; x_wconf 83' lang='lat' dir='ltr'><strong>Paulus</strong></span> 
     </span>
    </p>
   </div>
   <div class='ocr_carea' id='block_1_43' title="bbox 2245 1611 3842 1684">
    <p class='ocr_par' dir='ltr' id='par_1_43' title="bbox 2245 1611 3842 1684">
     <span class='ocr_line' id='line_1_43' title="bbox 2245 1611 3842 1684; baseline 0.001 -19"><span class='ocrx_word' id='word_1_332' title='bbox 2245 1611 2373 1669; x_wconf 85' lang='lat' dir='ltr'><strong>item</strong></span> <span class='ocrx_word' id='word_1_333' title='bbox 2434 1627 2668 1683; x_wconf 71' lang='lat' dir='ltr'><strong>magnus</strong></span> <span class='ocrx_word' id='word_1_334' title='bbox 2733 1614 3021 1682; x_wconf 88' lang='lat' dir='ltr'><strong>apostolus</strong></span> <span class='ocrx_word' id='word_1_335' title='bbox 3047 1613 3265 1670; x_wconf 89' lang='lat' dir='ltr'><strong>intonat</strong></span> <span class='ocrx_word' id='word_1_336' title='bbox 3292 1630 3308 1669; x_wconf 87' lang='lat'><strong>:</strong></span> <span class='ocrx_word' id='word_1_337' title='bbox 3335 1612 3397 1669; x_wconf 90' lang='lat' dir='ltr'><strong>Si</strong></span> <span class='ocrx_word' id='word_1_338' title='bbox 3424 1615 3544 1684; x_wconf 80' lang='lat' dir='ltr'><strong>quis</strong></span> <span class='ocrx_word' id='word_1_339' title='bbox 3573 1613 3842 1683; x_wconf 70' lang='lat' dir='ltr'><strong>evangeli-</strong></span> 
     </span>
    </p>
   </div>
   <div class='ocr_carea' id='block_1_44' title="bbox 2245 1707 3837 1781">
    <p class='ocr_par' dir='ltr' id='par_1_44' title="bbox 2245 1707 3837 1781">
     <span class='ocr_line' id='line_1_44' title="bbox 2245 1707 3837 1781; baseline -0.001 -18"><span class='ocrx_word' id='word_1_340' title='bbox 2245 1715 2325 1763; x_wconf 68' lang='grc' dir='ltr'><strong>ωε</strong></span> <span class='ocrx_word' id='word_1_341' title='bbox 2388 1708 2537 1764; x_wconf 81' lang='lat' dir='ltr'><strong>aliud</strong></span> <span class='ocrx_word' id='word_1_342' title='bbox 2594 1718 2789 1778; x_wconf 74' lang='lat' dir='ltr'><strong>prwter</strong></span> <span class='ocrx_word' id='word_1_343' title='bbox 2854 1711 2910 1765; x_wconf 81' lang='lat' dir='ltr'><strong>id</strong></span> <span class='ocrx_word' id='word_1_344' title='bbox 2967 1709 3111 1781; x_wconf 84' lang='lat' dir='ltr'><strong>quod</strong></span> <span class='ocrx_word' id='word_1_345' title='bbox 3171 1708 3479 1780; x_wconf 79' lang='lat' dir='ltr'><strong>accepistis,</strong></span> <span class='ocrx_word' id='word_1_346' title='bbox 3545 1707 3837 1764; x_wconf 81' lang='lat' dir='ltr'><strong>anathema</strong></span> 
     </span>
    </p>
   </div>
   <div class='ocr_carea' id='block_1_45' title="bbox 2245 1800 3837 1873">
    <p class='ocr_par' dir='ltr' id='par_1_45' title="bbox 2245 1800 3837 1873">
     <span class='ocr_line' id='line_1_45' title="bbox 2245 1800 3837 1873; baseline 0 -17"><span class='ocrx_word' id='word_1_347' title='bbox 2245 1802 2314 1856; x_wconf 81' lang='lat' dir='ltr'><strong>sit</strong></span> <span class='ocrx_word' id='word_1_348' title='bbox 2346 1800 2391 1856; x_wconf 87' lang='grc'>³.</span> <span class='ocrx_word' id='word_1_349' title='bbox 2423 1800 2489 1855; x_wconf 85' lang='grc' dir='ltr'>Ει</span> <span class='ocrx_word' id='word_1_350' title='bbox 2513 1800 2808 1873; x_wconf 83' lang='lat' dir='ltr'><strong>Dionysius</strong></span> <span class='ocrx_word' id='word_1_351' title='bbox 2864 1802 3017 1859; x_wconf 91' lang='lat' dir='ltr'><strong>illius</strong></span> <span class='ocrx_word' id='word_1_352' title='bbox 3057 1802 3368 1873; x_wconf 77' lang='lat' dir='ltr'><strong>discipulus</strong></span> <span class='ocrx_word' id='word_1_353' title='bbox 3404 1801 3673 1865; x_wconf 80' lang='lat' dir='ltr'><strong>decernit,</strong></span> <span class='ocrx_word' id='word_1_354' title='bbox 3720 1818 3740 1852; x_wconf 85' lang='grc' dir='ltr'><strong>ι</strong></span> <span class='ocrx_word' id='word_1_355' title='bbox 3775 1801 3837 1856; x_wconf 85' lang='lat' dir='ltr'><strong>in</strong></span> 
     </span>
    </p>
   </div>
   <div class='ocr_carea' id='block_1_46' title="bbox 2247 1894 3839 1964">
    <p class='ocr_par' dir='ltr' id='par_1_46' title="bbox 2247 1894 3839 1964">
     <span class='ocr_line' id='line_1_46' title="bbox 2247 1894 3839 1964; baseline -0.002 -16"><span class='ocrx_word' id='word_1_356' title='bbox 2247 1894 2565 1950; x_wconf 87' lang='lat' dir='ltr'><strong>universum</strong></span> <span class='ocrx_word' id='word_1_357' title='bbox 2596 1909 2707 1950; x_wconf 92' lang='lat' dir='ltr'><strong>non</strong></span> <span class='ocrx_word' id='word_1_358' title='bbox 2756 1908 2884 1951; x_wconf 87' lang='lat' dir='ltr'><strong>esse</strong></span> <span class='ocrx_word' id='word_1_359' title='bbox 2931 1895 3096 1951; x_wconf 89' lang='lat' dir='ltr'><strong>nobis</strong></span> <span class='ocrx_word' id='word_1_360' title='bbox 3139 1895 3458 1950; x_wconf 82' lang='lat' dir='ltr'><strong>audendum</strong></span> <span class='ocrx_word' id='word_1_361' title='bbox 3511 1900 3710 1964; x_wconf 71' lang='lat' dir='ltr'><strong>praeter</strong></span> <span class='ocrx_word' id='word_1_362' title='bbox 3742 1906 3839 1956; x_wconf 89' lang='lat' dir='ltr'><strong>ea,</strong></span> 
     </span>
    </p>
   </div>
   <div class='ocr_carea' id='block_1_47' title="bbox 2244 1985 3831 2058">
    <p class='ocr_par' dir='ltr' id='par_1_47' title="bbox 2244 1985 3831 2058">
     <span class='ocr_line' id='line_1_47' title="bbox 2244 1985 3831 2058; baseline -0.003 -16"><span class='ocrx_word' id='word_1_363' title='bbox 2244 2002 2368 2058; x_wconf 82' lang='lat' dir='ltr'><strong>quae</strong></span> <span class='ocrx_word' id='word_1_364' title='bbox 2420 1986 2686 2043; x_wconf 86' lang='lat' dir='ltr'><strong>divinitus</strong></span> <span class='ocrx_word' id='word_1_365' title='bbox 2736 1985 2806 2042; x_wconf 90' lang='lat' dir='ltr'><strong>de</strong></span> <span class='ocrx_word' id='word_1_366' title='bbox 2838 1986 3042 2042; x_wconf 78' lang='lat' dir='ltr'><strong>divinis</strong></span> <span class='ocrx_word' id='word_1_367' title='bbox 3087 1986 3322 2057; x_wconf 89' lang='lat' dir='ltr'><strong>eloquiis</strong></span> <span class='ocrx_word' id='word_1_368' title='bbox 3384 1985 3627 2042; x_wconf 85' lang='lat' dir='ltr'><strong>revelata</strong></span> <span class='ocrx_word' id='word_1_369' title='bbox 3667 1991 3831 2049; x_wconf 88' lang='lat' dir='ltr'><strong>sunt;</strong></span> 
     </span>
    </p>
   </div>
   <div class='ocr_carea' id='block_1_48' title="bbox 2244 2076 3839 2150">
    <p class='ocr_par' dir='ltr' id='par_1_48' title="bbox 2244 2076 3839 2150">
     <span class='ocr_line' id='line_1_48' title="bbox 2244 2076 3839 2150; baseline -0.002 -17"><span class='ocrx_word' id='word_1_370' title='bbox 2244 2078 2455 2149; x_wconf 86' lang='lat' dir='ltr'><strong>aliquid</strong></span> <span class='ocrx_word' id='word_1_371' title='bbox 2489 2080 2570 2135; x_wconf 90' lang='lat' dir='ltr'><strong>vel</strong></span> <span class='ocrx_word' id='word_1_372' title='bbox 2620 2078 2867 2136; x_wconf 88' lang='lat' dir='ltr'><strong>dictione</strong></span> <span class='ocrx_word' id='word_1_373' title='bbox 2921 2080 3205 2150; x_wconf 90' lang='lat' dir='ltr'><strong>prosequi,</strong></span> <span class='ocrx_word' id='word_1_374' title='bbox 3268 2079 3355 2135; x_wconf 90' lang='lat' dir='ltr'><strong>vel</strong></span> <span class='ocrx_word' id='word_1_375' title='bbox 3396 2085 3597 2134; x_wconf 42' lang='lat' dir='ltr'><strong>*mente</strong></span> <span class='ocrx_word' id='word_1_376' title='bbox 3646 2076 3839 2133; x_wconf 89' lang='lat' dir='ltr'><strong>conci-</strong></span> 
     </span>
    </p>
   </div>
   <div class='ocr_carea' id='block_1_49' title="bbox 2244 2166 3839 2245">
    <p class='ocr_par' dir='ltr' id='par_1_49' title="bbox 2244 2166 3839 2245">
     <span class='ocr_line' id='line_1_49' title="bbox 2244 2166 3839 2245; baseline -0.003 -16"><span class='ocrx_word' id='word_1_377' title='bbox 2244 2187 2395 2244; x_wconf 84' lang='lat' dir='ltr'><strong>pere.</strong></span> <span class='ocrx_word' id='word_1_378' title='bbox 2435 2191 2456 2226; x_wconf 74' lang='grc' dir='ltr'><strong>ι</strong></span> <span class='ocrx_word' id='word_1_379' title='bbox 2512 2172 2617 2229; x_wconf 85' lang='lat' dir='ltr'><strong>Sed</strong></span> <span class='ocrx_word' id='word_1_380' title='bbox 2646 2173 2920 2230; x_wconf 80' lang='lat' dir='ltr'><strong>universae</strong></span> <span class='ocrx_word' id='word_1_381' title='bbox 2971 2173 3169 2245; x_wconf 87' lang='lat' dir='ltr'><strong>synodi</strong></span> <span class='ocrx_word' id='word_1_382' title='bbox 3211 2166 3609 2237; x_wconf 79' lang='lat' dir='ltr'><strong>sacrosanctae,</strong></span> <span class='ocrx_word' id='word_1_383' title='bbox 3650 2179 3707 2226; x_wconf 88' lang='lat' dir='ltr'><strong>et</strong></span> <span class='ocrx_word' id='word_1_384' title='bbox 3737 2168 3839 2225; x_wconf 88' lang='lat' dir='ltr'><strong>Pa-</strong></span> 
     </span>
    </p>
   </div>
   <div class='ocr_carea' id='block_1_50' title="bbox 2244 2262 3836 2329">
    <p class='ocr_par' dir='ltr' id='par_1_50' title="bbox 2244 2262 3836 2329">
     <span class='ocr_line' id='line_1_50' title="bbox 2244 2262 3836 2329; baseline -0.003 -9"><span class='ocrx_word' id='word_1_385' title='bbox 2244 2274 2359 2322; x_wconf 87' lang='lat' dir='ltr'><strong>tres</strong></span> <span class='ocrx_word' id='word_1_386' title='bbox 2391 2279 2480 2322; x_wconf 85' lang='lat' dir='ltr'><strong>res</strong></span> <span class='ocrx_word' id='word_1_387' title='bbox 2518 2264 2735 2322; x_wconf 85' lang='lat' dir='ltr'><strong>divinas</strong></span> <span class='ocrx_word' id='word_1_388' title='bbox 2787 2265 3184 2329; x_wconf 72' lang='lat' dir='ltr'><strong>extenderunt,</strong></span> <span class='ocrx_word' id='word_1_389' title='bbox 3221 2272 3278 2319; x_wconf 87' lang='lat' dir='ltr'><strong>et</strong></span> <span class='ocrx_word' id='word_1_390' title='bbox 3338 2262 3724 2329; x_wconf 86' lang='lat' dir='ltr'><strong>declararunt,</strong></span> <span class='ocrx_word' id='word_1_391' title='bbox 3779 2268 3836 2317; x_wconf 91' lang='lat' dir='ltr'><strong>et</strong></span> 
     </span>
    </p>
   </div>
   <div class='ocr_carea' id='block_1_51' title="bbox 2244 2357 3837 2427">
    <p class='ocr_par' dir='ltr' id='par_1_51' title="bbox 2244 2357 3837 2427">
     <span class='ocr_line' id='line_1_51' title="bbox 2244 2357 3837 2427; baseline -0.004 -13"><span class='ocrx_word' id='word_1_392' title='bbox 2244 2366 2426 2414; x_wconf 88' lang='lat' dir='ltr'><strong>tamen</strong></span> <span class='ocrx_word' id='word_1_393' title='bbox 2459 2358 2609 2413; x_wconf 88' lang='lat' dir='ltr'><strong>nullo</strong></span> <span class='ocrx_word' id='word_1_394' title='bbox 2640 2358 2694 2412; x_wconf 92' lang='lat' dir='ltr'><strong>in</strong></span> <span class='ocrx_word' id='word_1_395' title='bbox 2727 2357 2851 2413; x_wconf 89' lang='lat' dir='ltr'><strong>loco</strong></span> <span class='ocrx_word' id='word_1_396' title='bbox 2881 2358 3121 2427; x_wconf 86' lang='lat' dir='ltr'><strong>reputati</strong></span> <span class='ocrx_word' id='word_1_397' title='bbox 3172 2364 3326 2422; x_wconf 89' lang='lat' dir='ltr'><strong>sunl,</strong></span> <span class='ocrx_word' id='word_1_398' title='bbox 3359 2364 3582 2425; x_wconf 78' lang='lat' dir='ltr'><strong>propter</strong></span> <span class='ocrx_word' id='word_1_399' title='bbox 3611 2364 3837 2409; x_wconf 81' lang='lat' dir='ltr'><strong>sancto-</strong></span> 
     </span>
    </p>
   </div>
   <div class='ocr_carea' id='block_1_52' title="bbox 2191 2448 3833 2522">
    <p class='ocr_par' dir='ltr' id='par_1_52' title="bbox 2191 2448 3833 2522">
     <span class='ocr_line' id='line_1_52' title="bbox 2191 2448 3833 2522; baseline -0.002 -17"><span class='ocrx_word' id='word_1_400' title='bbox 2191 2467 2365 2506; x_wconf 89' lang='lat' dir='ltr'><strong>.rum</strong></span> <span class='ocrx_word' id='word_1_401' title='bbox 2418 2451 3168 2522; x_wconf 80' lang='lat' dir='ltr'><strong>eioquiorumextensionem</strong></span> <span class='ocrx_word' id='word_1_402' title='bbox 3227 2458 3284 2505; x_wconf 89' lang='lat' dir='ltr'><strong>et</strong></span> <span class='ocrx_word' id='word_1_403' title='bbox 3348 2448 3833 2513; x_wconf 78' lang='lat' dir='ltr'><strong>declarationem,</strong></span> 
     </span>
    </p>
   </div>
   <div class='ocr_carea' id='block_1_53' title="bbox 2244 2539 3833 2614">
    <p class='ocr_par' dir='ltr' id='par_1_53' title="bbox 2244 2539 3833 2614">
     <span class='ocr_line' id='line_1_53' title="bbox 2244 2539 3833 2614; baseline -0.003 -16"><span class='ocrx_word' id='word_1_404' title='bbox 2244 2545 2419 2611; x_wconf 23' lang='lat' dir='ltr'><strong>aliam,</strong></span> <span class='ocrx_word' id='word_1_405' title='bbox 2461 2542 2624 2600; x_wconf 84' lang='lat' dir='ltr'><strong>iidem</strong></span> <span class='ocrx_word' id='word_1_406' title='bbox 2678 2544 3084 2614; x_wconf 87' lang='lat' dir='ltr'><strong>composuisse.</strong></span> <span class='ocrx_word' id='word_1_407' title='bbox 3141 2541 3510 2613; x_wconf 88' lang='lat' dir='ltr'><strong>Pr0peremus</strong></span> <span class='ocrx_word' id='word_1_408' title='bbox 3543 2539 3610 2595; x_wconf 88' lang='lat' dir='ltr'><strong>ad</strong></span> <span class='ocrx_word' id='word_1_409' title='bbox 3651 2540 3833 2612; x_wconf 84' lang='lat' dir='ltr'><strong>ipsam</strong></span> 
     </span>
    </p>
   </div>
   <div class='ocr_carea' id='block_1_54' title="bbox 2243 2634 3835 2706">
    <p class='ocr_par' dir='ltr' id='par_1_54' title="bbox 2243 2634 3835 2706">
     <span class='ocr_line' id='line_1_54' title="bbox 2243 2634 3835 2706; baseline -0.003 -14"><span class='ocrx_word' id='word_1_410' title='bbox 2243 2636 2792 2703; x_wconf 84' lang='lat' dir='ltr'><strong>demonstrationem,</strong></span> <span class='ocrx_word' id='word_1_411' title='bbox 2813 2651 2920 2706; x_wconf 91' lang='lat' dir='ltr'><strong>qua</strong></span> <span class='ocrx_word' id='word_1_412' title='bbox 2947 2636 3122 2706; x_wconf 83' lang='lat' dir='ltr'><strong>palam</strong></span> <span class='ocrx_word' id='word_1_413' title='bbox 3143 2635 3404 2691; x_wconf 90' lang='lat' dir='ltr'><strong>omnibus</strong></span> <span class='ocrx_word' id='word_1_414' title='bbox 3422 2634 3536 2698; x_wconf 86' lang='lat' dir='ltr'><strong>iiet,</strong></span> <span class='ocrx_word' id='word_1_415' title='bbox 3563 2648 3666 2688; x_wconf 91' lang='lat' dir='ltr'><strong>non</strong></span> <span class='ocrx_word' id='word_1_416' title='bbox 3686 2640 3835 2689; x_wconf 90' lang='lat' dir='ltr'><strong>recte</strong></span> 
     </span>
    </p>
   </div>
   <div class='ocr_carea' id='block_1_55' title="bbox 2244 2728 3832 2801">
    <p class='ocr_par' dir='ltr' id='par_1_55' title="bbox 2244 2728 3832 2801">
     <span class='ocr_line' id='line_1_55' title="bbox 2244 2728 3832 2801; baseline -0.003 -16"><span class='ocrx_word' id='word_1_417' title='bbox 2244 2730 2420 2801; x_wconf 82' lang='lat' dir='ltr'><strong>loqui,</strong></span> <span class='ocrx_word' id='word_1_418' title='bbox 2456 2729 2551 2801; x_wconf 86' lang='lat' dir='ltr'><strong>qui</strong></span> <span class='ocrx_word' id='word_1_419' title='bbox 2602 2729 2844 2787; x_wconf 86' lang='lat' dir='ltr'><strong>inaniter</strong></span> <span class='ocrx_word' id='word_1_420' title='bbox 2889 2728 3270 2785; x_wconf 77' lang='lat' dir='ltr'><strong>vociferantur</strong></span> <span class='ocrx_word' id='word_1_421' title='bbox 3295 2769 3312 2794; x_wconf 89' lang='lat'><strong>,</strong></span> <span class='ocrx_word' id='word_1_422' title='bbox 3355 2732 3696 2791; x_wconf 80' lang='lat' dir='ltr'><strong>asserentes,</strong></span> <span class='ocrx_word' id='word_1_423' title='bbox 3730 2740 3832 2781; x_wconf 91' lang='lat' dir='ltr'><strong>nos</strong></span> 
     </span>
    </p>
   </div>
   <div class='ocr_carea' id='block_1_56' title="bbox 2242 2817 3832 2892">
    <p class='ocr_par' dir='ltr' id='par_1_56' title="bbox 2242 2817 3832 2892">
     <span class='ocr_line' id='line_1_56' title="bbox 2242 2817 3832 2892; baseline -0.005 -13"><span class='ocrx_word' id='word_1_424' title='bbox 2242 2823 2466 2879; x_wconf 84' lang='lat' dir='ltr'><strong>decreta</strong></span> <span class='ocrx_word' id='word_1_425' title='bbox 2497 2823 2723 2879; x_wconf 86' lang='lat' dir='ltr'><strong>Patrum</strong></span> <span class='ocrx_word' id='word_1_426' title='bbox 2749 2822 3172 2892; x_wconf 86' lang='lat' dir='ltr'><strong>contempsisse,</strong></span> <span class='ocrx_word' id='word_1_427' title='bbox 3209 2820 3702 2891; x_wconf 89' lang='lat' dir='ltr'><strong>obloquunturque</strong></span> <span class='ocrx_word' id='word_1_428' title='bbox 3733 2817 3832 2872; x_wconf 87' lang='lat' dir='ltr'><strong>ad-</strong></span> 
     </span>
    </p>
   </div>
   <div class='ocr_carea' id='block_1_57' title="bbox 2242 2911 3832 2987">
    <p class='ocr_par' dir='ltr' id='par_1_57' title="bbox 2242 2911 3832 2987">
     <span class='ocr_line' id='line_1_57' title="bbox 2242 2911 3832 2987; baseline -0.003 -18"><span class='ocrx_word' id='word_1_429' title='bbox 2242 2930 2438 2973; x_wconf 84' lang='lat' dir='ltr'><strong>versus</strong></span> <span class='ocrx_word' id='word_1_430' title='bbox 2471 2932 2593 2983; x_wconf 88' lang='lat' dir='ltr'><strong>nos,</strong></span> <span class='ocrx_word' id='word_1_431' title='bbox 2631 2932 2755 2987; x_wconf 69' lang='lat' dir='ltr'><strong>quae</strong></span> <span class='ocrx_word' id='word_1_432' title='bbox 2785 2915 2944 2971; x_wconf 77' lang='lat' dir='ltr'><strong>nefas</strong></span> <span class='ocrx_word' id='word_1_433' title='bbox 2975 2925 3058 2971; x_wconf 90' lang='lat' dir='ltr'><strong>est</strong></span> <span class='ocrx_word' id='word_1_434' title='bbox 3082 2913 3288 2970; x_wconf 90' lang='lat' dir='ltr'><strong>dicere.</strong></span> <span class='ocrx_word' id='word_1_435' title='bbox 3328 2913 3548 2968; x_wconf 84' lang='lat' dir='ltr'><strong>Etenim</strong></span> <span class='ocrx_word' id='word_1_436' title='bbox 3588 2911 3832 2966; x_wconf 76' lang='grc' dir='ltr'>Ποηιοιί-</span> 
     </span>
    </p>
   </div>
   <div class='ocr_carea' id='block_1_58' title="bbox 2242 3006 3833 3081">
    <p class='ocr_par' dir='ltr' id='par_1_58' title="bbox 2242 3006 3833 3081">
     <span class='ocr_line' id='line_1_58' title="bbox 2242 3006 3833 3081; baseline -0.004 -16"><span class='ocrx_word' id='word_1_437' title='bbox 2242 3012 2379 3076; x_wconf 78' lang='grc' dir='ltr'>εἱοη,</span> <span class='ocrx_word' id='word_1_438' title='bbox 2407 3020 2459 3065; x_wconf 88' lang='lat' dir='ltr'><strong>et</strong></span> <span class='ocrx_word' id='word_1_439' title='bbox 2493 3009 2662 3065; x_wconf 86' lang='lat' dir='ltr'><strong>Deum</strong></span> <span class='ocrx_word' id='word_1_440' title='bbox 2720 3008 2983 3081; x_wconf 80' lang='lat' dir='ltr'><strong>Spiritum</strong></span> <span class='ocrx_word' id='word_1_441' title='bbox 3041 3019 3311 3071; x_wconf 79' lang='lat' dir='ltr'><strong>sanctum,</strong></span> <span class='ocrx_word' id='word_1_442' title='bbox 3338 3017 3387 3061; x_wconf 88' lang='lat' dir='ltr'><strong>et</strong></span> <span class='ocrx_word' id='word_1_443' title='bbox 3450 3006 3755 3074; x_wconf 76' lang='lat' dir='ltr'><strong>Deiparam,</strong></span> <span class='ocrx_word' id='word_1_444' title='bbox 3781 3016 3833 3059; x_wconf 80' lang='lat' dir='ltr'><strong>et</strong></span> 
     </span>
    </p>
   </div>
   <div class='ocr_carea' id='block_1_59' title="bbox 2243 3099 3835 3172">
    <p class='ocr_par' dir='ltr' id='par_1_59' title="bbox 2243 3099 3835 3172">
     <span class='ocr_line' id='line_1_59' title="bbox 2243 3099 3835 3172; baseline -0.004 -12"><span class='ocrx_word' id='word_1_445' title='bbox 2243 3103 2532 3160; x_wconf 82' lang='lat' dir='ltr'><strong>secundum</strong></span> <span class='ocrx_word' id='word_1_446' title='bbox 2566 3102 2890 3172; x_wconf 69' lang='lat' dir='ltr'><strong>(typostasim</strong></span> <span class='ocrx_word' id='word_1_447' title='bbox 2922 3101 3196 3166; x_wconf 83' lang='lat' dir='ltr'><strong>unionem,</strong></span> <span class='ocrx_word' id='word_1_448' title='bbox 3248 3114 3429 3169; x_wconf 90' lang='lat' dir='ltr'><strong>neque</strong></span> <span class='ocrx_word' id='word_1_449' title='bbox 3489 3099 3655 3152; x_wconf 89' lang='lat' dir='ltr'><strong>divini</strong></span> <span class='ocrx_word' id='word_1_450' title='bbox 3687 3099 3835 3168; x_wconf 83' lang='lat' dir='ltr'><strong>Apo-</strong></span> 
     </span>
    </p>
   </div>
   <div class='ocr_carea' id='block_1_60' title="bbox 557 3188 2143 3271">
    <p class='ocr_par' dir='ltr' id='par_1_60' title="bbox 557 3188 2136 3271">
     <span class='ocr_line' id='line_1_60' title="bbox 557 3188 2136 3271; baseline 0.003 -26"><span class='ocrx_word' id='word_1_451' title='bbox 557 3190 617 3245; x_wconf 81' lang='grc' dir='ltr'><strong>οὗ</strong></span> <span class='ocrx_word' id='word_1_452' title='bbox 661 3192 695 3263; x_wconf 92' lang='grc' dir='ltr'><strong>ή</strong></span> <span class='ocrx_word' id='word_1_453' title='bbox 737 3191 918 3263; x_wconf 68' lang='grc' dir='ltr'>ἁρχήυ</span> <span class='ocrx_word' id='word_1_454' title='bbox 968 3209 989 3244; x_wconf 82' lang='grc' dir='ltr'><strong>ι</strong></span> <span class='ocrx_word' id='word_1_455' title='bbox 1036 3188 1180 3247; x_wconf 77' lang='grc' dir='ltr'>Οὔτε</span> <span class='ocrx_word' id='word_1_456' title='bbox 1223 3191 1367 3244; x_wconf 84' lang='grc' dir='ltr'><strong>κατά</strong></span> <span class='ocrx_word' id='word_1_457' title='bbox 1404 3190 1505 3261; x_wconf 73' lang='grc' dir='ltr'><strong>τὴν</strong></span> <span class='ocrx_word' id='word_1_458' title='bbox 1544 3192 1644 3271; x_wconf 84' lang='grc' dir='ltr'><strong>τῆς</strong></span> <span class='ocrx_word' id='word_1_459' title='bbox 1676 3192 2003 3265; x_wconf 86' lang='grc' dir='ltr'>Ἐκκλησίας</span> <span class='ocrx_word' id='word_1_460' title='bbox 2040 3195 2136 3248; x_wconf 77' lang='grc' dir='ltr'><strong>τοῦ</strong></span> 
     </span>
    </p>
   </div>
   <div class='ocr_carea' id='block_1_61' title="bbox 2243 3188 3837 3271">
    <p class='ocr_par' dir='ltr' id='par_1_61' title="bbox 2245 3190 3837 3264">
     <span class='ocr_line' id='line_1_61' title="bbox 2245 3190 3837 3264; baseline -0.005 -11"><span class='ocrx_word' id='word_1_461' title='bbox 2245 3195 2805 3259; x_wconf 86' lang='lat' dir='ltr'><strong>stoiienuotiarunt,</strong></span> <span class='ocrx_word' id='word_1_462' title='bbox 2865 3208 3044 3264; x_wconf 91' lang='lat' dir='ltr'><strong>neque</strong></span> <span class='ocrx_word' id='word_1_463' title='bbox 3100 3191 3294 3248; x_wconf 80' lang='lat' dir='ltr'><strong>Patres</strong></span> <span class='ocrx_word' id='word_1_464' title='bbox 3350 3190 3686 3247; x_wconf 84' lang='lat' dir='ltr'><strong>sanctissimi</strong></span> <span class='ocrx_word' id='word_1_465' title='bbox 3741 3205 3837 3260; x_wconf 88' lang='lat' dir='ltr'><strong>p.t&#39;</strong></span> 
     </span>
    </p>
   </div>
   <div class='ocr_carea' id='block_1_62' title="bbox 557 3279 2143 3358">
    <p class='ocr_par' dir='ltr' id='par_1_62' title="bbox 557 3284 2136 3358">
     <span class='ocr_line' id='line_1_62' title="bbox 557 3284 2136 3358; baseline 0.002 -20"><span class='ocrx_word' id='word_1_466' title='bbox 557 3284 738 3340; x_wconf 82' lang='grc' dir='ltr'>κοινοῦ</span> <span class='ocrx_word' id='word_1_467' title='bbox 762 3284 1026 3354; x_wconf 76' lang='grc' dir='ltr'><strong>πολεμίου</strong></span> <span class='ocrx_word' id='word_1_468' title='bbox 1052 3285 1267 3352; x_wconf 80' lang='grc' dir='ltr'>ἀγνοεῖν</span> <span class='ocrx_word' id='word_1_469' title='bbox 1286 3284 1498 3339; x_wconf 80' lang='grc' dir='ltr'>οὐδένα.</span> <span class='ocrx_word' id='word_1_470' title='bbox 1532 3302 1551 3336; x_wconf 71' lang='grc' dir='ltr'><strong>ι</strong></span> <span class='ocrx_word' id='word_1_471' title='bbox 1581 3284 1739 3340; x_wconf 85' lang='grc' dir='ltr'>Μετὰ</span> <span class='ocrx_word' id='word_1_472' title='bbox 1766 3286 1937 3339; x_wconf 83' lang='grc' dir='ltr'>πολλά</span> <span class='ocrx_word' id='word_1_473' title='bbox 1963 3304 2099 3358; x_wconf 76' lang='grc' dir='ltr'>φησι</span> <span class='ocrx_word' id='word_1_474' title='bbox 2121 3305 2136 3320; x_wconf 86' lang='grc'><strong>·</strong></span> 
     </span>
    </p>
   </div>
   <div class='ocr_carea' id='block_1_63' title="bbox 2243 3279 3833 3358">
    <p class='ocr_par' dir='ltr' id='par_1_63' title="bbox 2244 3281 3833 3356">
     <span class='ocr_line' id='line_1_63' title="bbox 2244 3281 3833 3356; baseline -0.003 -13"><span class='ocrx_word' id='word_1_475' title='bbox 2244 3289 2430 3344; x_wconf 84' lang='lat' dir='ltr'><strong>omnia</strong></span> <span class='ocrx_word' id='word_1_476' title='bbox 2488 3288 2869 3354; x_wconf 88' lang='lat' dir='ltr'><strong>declararunt,</strong></span> <span class='ocrx_word' id='word_1_477' title='bbox 2930 3286 3027 3342; x_wconf 90' lang='lat' dir='ltr'><strong>sed</strong></span> <span class='ocrx_word' id='word_1_478' title='bbox 3082 3299 3194 3340; x_wconf 89' lang='lat' dir='ltr'><strong>non</strong></span> <span class='ocrx_word' id='word_1_479' title='bbox 3241 3290 3535 3356; x_wconf 78' lang='lat' dir='ltr'><strong>prepterea</strong></span> <span class='ocrx_word' id='word_1_480' title='bbox 3592 3281 3833 3339; x_wconf 82' lang='lat' dir='ltr'><strong>audaces</strong></span> 
     </span>
    </p>
   </div>
   <div class='ocr_carea' id='block_1_64' title="bbox 565 3376 2143 3451">
    <p class='ocr_par' dir='ltr' id='par_1_64' title="bbox 565 3377 2140 3451">
     <span class='ocr_line' id='line_1_64' title="bbox 565 3377 2140 3451; baseline 0.001 -18"><span class='ocrx_word' id='word_1_481' title='bbox 565 3399 584 3433; x_wconf 93' lang='grc' dir='ltr'><strong>ι</strong></span> <span class='ocrx_word' id='word_1_482' title='bbox 612 3380 766 3442; x_wconf 83' lang='grc' dir='ltr'>Τίνος</span> <span class='ocrx_word' id='word_1_483' title='bbox 791 3378 982 3434; x_wconf 73' lang='grc' dir='ltr'>ἕνεκεν</span> <span class='ocrx_word' id='word_1_484' title='bbox 1008 3377 1274 3451; x_wconf 83' lang='grc' dir='ltr'>βασιλέως</span> <span class='ocrx_word' id='word_1_485' title='bbox 1299 3378 1558 3441; x_wconf 79' lang='grc' dir='ltr'>εὐσεϐοῦς</span> <span class='ocrx_word' id='word_1_486' title='bbox 1581 3379 1784 3447; x_wconf 76' lang='grc' dir='ltr'>ζῶντος</span> <span class='ocrx_word' id='word_1_487' title='bbox 1810 3382 1940 3450; x_wconf 85' lang='grc' dir='ltr'>παρ’</span> <span class='ocrx_word' id='word_1_488' title='bbox 1959 3382 2140 3435; x_wconf 85' lang='grc' dir='ltr'>αὐτῶν</span> 
     </span>
    </p>
   </div>
   <div class='ocr_carea' id='block_1_65' title="bbox 2243 3376 3833 3451">
    <p class='ocr_par' dir='ltr' id='par_1_65' title="bbox 2246 3376 3833 3449">
     <span class='ocr_line' id='line_1_65' title="bbox 2246 3376 3833 3449; baseline -0.004 -13"><span class='ocrx_word' id='word_1_489' title='bbox 2246 3381 2444 3448; x_wconf 81' lang='lat' dir='ltr'><strong>fuisse,</strong></span> <span class='ocrx_word' id='word_1_490' title='bbox 2471 3381 2839 3438; x_wconf 85' lang='lat' dir='ltr'><strong>etanathema</strong></span> <span class='ocrx_word' id='word_1_491' title='bbox 2869 3379 3180 3436; x_wconf 85' lang='lat' dir='ltr'><strong>incurrisse</strong></span> <span class='ocrx_word' id='word_1_492' title='bbox 3202 3393 3298 3435; x_wconf 89' lang='lat' dir='ltr'><strong>eos</strong></span> <span class='ocrx_word' id='word_1_493' title='bbox 3334 3377 3429 3449; x_wconf 86' lang='lat' dir='ltr'><strong>qui</strong></span> <span class='ocrx_word' id='word_1_494' title='bbox 3453 3376 3833 3440; x_wconf 84' lang='lat' dir='ltr'><strong>declararunt,</strong></span> 
     </span>
    </p>
   </div>
   <div class='ocr_carea' id='block_1_66' title="bbox 556 3469 2141 3544">
    <p class='ocr_par' dir='ltr' id='par_1_66' title="bbox 556 3469 2141 3544">
     <span class='ocr_line' id='line_1_66' title="bbox 556 3469 2141 3544; baseline 0.001 -18"><span class='ocrx_word' id='word_1_495' title='bbox 556 3471 779 3526; x_wconf 79' lang='grc' dir='ltr'>τοιαῦτα</span> <span class='ocrx_word' id='word_1_496' title='bbox 807 3472 950 3526; x_wconf 87' lang='grc' dir='ltr'><strong>κατὰ</strong></span> <span class='ocrx_word' id='word_1_497' title='bbox 981 3470 1081 3543; x_wconf 78' lang='grc' dir='ltr'>τῆς</span> <span class='ocrx_word' id='word_1_498' title='bbox 1114 3469 1407 3534; x_wconf 83' lang='grc' dir='ltr'>εὐσεϐείας</span> <span class='ocrx_word' id='word_1_499' title='bbox 1440 3470 1754 3541; x_wconf 75' lang='grc' dir='ltr'>τολμᾶταις</span> <span class='ocrx_word' id='word_1_500' title='bbox 1790 3473 1856 3526; x_wconf 86' lang='grc' dir='ltr'>Οί</span> <span class='ocrx_word' id='word_1_501' title='bbox 1889 3472 1946 3526; x_wconf 81' lang='grc' dir='ltr'>δὲ</span> <span class='ocrx_word' id='word_1_502' title='bbox 1981 3474 2141 3544; x_wconf 77' lang='grc' dir='ltr'>ᾐτιά-</span> 
     </span>
    </p>
   </div>
   <div class='ocr_carea' id='block_1_67' title="bbox 559 3562 2141 3637">
    <p class='ocr_par' dir='ltr' id='par_1_67' title="bbox 559 3562 2141 3637">
     <span class='ocr_line' id='line_1_67' title="bbox 559 3562 2141 3637; baseline 0 -19"><span class='ocrx_word' id='word_1_503' title='bbox 559 3581 721 3619; x_wconf 85' lang='grc' dir='ltr'>σαντο</span> <span class='ocrx_word' id='word_1_504' title='bbox 755 3565 1078 3637; x_wconf 76' lang='grc' dir='ltr'>προσθήκην</span> <span class='ocrx_word' id='word_1_505' title='bbox 1111 3562 1236 3618; x_wconf 83' lang='grc' dir='ltr'>τινὰ</span> <span class='ocrx_word' id='word_1_506' title='bbox 1271 3563 1330 3618; x_wconf 78' lang='grc' dir='ltr'>ὲν</span> <span class='ocrx_word' id='word_1_507' title='bbox 1359 3565 1426 3636; x_wconf 76' lang='grc' dir='ltr'>τῇ</span> <span class='ocrx_word' id='word_1_508' title='bbox 1461 3563 1722 3636; x_wconf 74' lang='grc' dir='ltr'><strong>ὁμολογίᾳ</strong></span> <span class='ocrx_word' id='word_1_509' title='bbox 1752 3565 1861 3618; x_wconf 84' lang='grc' dir='ltr'>τῶν</span> <span class='ocrx_word' id='word_1_510' title='bbox 1892 3581 2141 3636; x_wconf 85' lang='grc' dir='ltr'>χειροτο-</span> 
     </span>
    </p>
   </div>
   <div class='ocr_carea' id='block_1_68' title="bbox 558 3652 2139 3730">
    <p class='ocr_par' dir='ltr' id='par_1_68' title="bbox 558 3652 2139 3730">
     <span class='ocr_line' id='line_1_68' title="bbox 558 3652 2139 3730; baseline -0.003 -15"><span class='ocrx_word' id='word_1_511' title='bbox 558 3659 836 3730; x_wconf 76' lang='grc' dir='ltr'>νουμένων</span> <span class='ocrx_word' id='word_1_512' title='bbox 858 3655 1167 3729; x_wconf 81' lang='grc' dir='ltr'>ἀρχιερέων</span> <span class='ocrx_word' id='word_1_513' title='bbox 1189 3652 1571 3729; x_wconf 78' lang='grc' dir='ltr'>γεγενημένην</span> <span class='ocrx_word' id='word_1_514' title='bbox 1595 3671 1610 3695; x_wconf 57' lang='lat'><strong>9</strong></span> <span class='ocrx_word' id='word_1_515' title='bbox 1645 3673 1666 3709; x_wconf 70' lang='grc' dir='ltr'><strong>ι</strong></span> <span class='ocrx_word' id='word_1_516' title='bbox 1695 3657 1792 3711; x_wconf 73' lang='grc' dir='ltr'><strong>καὶ</strong></span> <span class='ocrx_word' id='word_1_517' title='bbox 1819 3656 1960 3727; x_wconf 88' lang='grc' dir='ltr'><strong>μετά</strong></span> <span class='ocrx_word' id='word_1_518' title='bbox 1982 3673 2106 3710; x_wconf 89' lang='grc' dir='ltr'>τινα</span> <span class='ocrx_word' id='word_1_519' title='bbox 2125 3672 2139 3687; x_wconf 91' lang='grc'><strong>·</strong></span> 
     </span>
    </p>
   </div>
   <div class='ocr_carea' id='block_1_69' title="bbox 564 3748 2140 3821">
    <p class='ocr_par' dir='ltr' id='par_1_69' title="bbox 564 3748 2140 3821">
     <span class='ocr_line' id='line_1_69' title="bbox 564 3748 2140 3821; baseline -0.003 -16"><span class='ocrx_word' id='word_1_520' title='bbox 564 3772 583 3805; x_wconf 89' lang='grc' dir='ltr'><strong>ι</strong></span> <span class='ocrx_word' id='word_1_521' title='bbox 624 3753 745 3806; x_wconf 75' lang='grc' dir='ltr'><strong>Ἐπὶ</strong></span> <span class='ocrx_word' id='word_1_522' title='bbox 771 3750 983 3814; x_wconf 76' lang='grc' dir='ltr'>τούτοις</span> <span class='ocrx_word' id='word_1_523' title='bbox 1015 3751 1049 3820; x_wconf 91' lang='grc' dir='ltr'><strong>ή</strong></span> <span class='ocrx_word' id='word_1_524' title='bbox 1080 3748 1201 3803; x_wconf 84' lang='grc' dir='ltr'>θεία</span> <span class='ocrx_word' id='word_1_525' title='bbox 1233 3748 1477 3815; x_wconf 78' lang='grc' dir='ltr'><strong>σύνοδος,</strong></span> <span class='ocrx_word' id='word_1_526' title='bbox 1509 3750 1649 3820; x_wconf 77' lang='grc' dir='ltr'>πρὸς</span> <span class='ocrx_word' id='word_1_527' title='bbox 1679 3748 1748 3821; x_wconf 77' lang='grc' dir='ltr'><strong>ἢν</strong></span> <span class='ocrx_word' id='word_1_528' title='bbox 1777 3749 1916 3820; x_wconf 81' lang='grc' dir='ltr'>φατὲ</span> <span class='ocrx_word' id='word_1_529' title='bbox 1945 3748 2140 3819; x_wconf 85' lang='grc' dir='ltr'>δυσχε-</span> 
     </span>
    </p>
   </div>
   <div class='ocr_carea' id='block_1_70' title="bbox 561 3838 2139 3914">
    <p class='ocr_par' dir='ltr' id='par_1_70' title="bbox 561 3838 2139 3914">
     <span class='ocr_line' id='line_1_70' title="bbox 561 3838 2139 3914; baseline -0.003 -18"><span class='ocrx_word' id='word_1_530' title='bbox 561 3844 762 3914; x_wconf 86' lang='grc' dir='ltr'>ραίνειν</span> <span class='ocrx_word' id='word_1_531' title='bbox 781 3880 798 3905; x_wconf 83' lang='grc'><strong>,</strong></span> <span class='ocrx_word' id='word_1_532' title='bbox 830 3841 966 3911; x_wconf 77' lang='grc' dir='ltr'>φησὶ</span> <span class='ocrx_word' id='word_1_533' title='bbox 988 3880 1005 3907; x_wconf 88' lang='grc'><strong>,</strong></span> <span class='ocrx_word' id='word_1_534' title='bbox 1044 3839 1405 3910; x_wconf 80' lang='grc' dir='ltr'>προσθήκην,</span> <span class='ocrx_word' id='word_1_535' title='bbox 1437 3839 1563 3910; x_wconf 76' lang='grc' dir='ltr'>ἥτις</span> <span class='ocrx_word' id='word_1_536' title='bbox 1589 3838 1715 3893; x_wconf 76' lang='grc' dir='ltr'>οὐδὲ</span> <span class='ocrx_word' id='word_1_537' title='bbox 1748 3838 2041 3910; x_wconf 83' lang='grc' dir='ltr'>προσθήκη</span> <span class='ocrx_word' id='word_1_538' title='bbox 2071 3838 2139 3892; x_wconf 80' lang='grc' dir='ltr'><strong>ἂν</strong></span> 
     </span>
    </p>
   </div>
   <div class='ocr_carea' id='block_1_71' title="bbox 556 3925 2139 4000">
    <p class='ocr_par' dir='ltr' id='par_1_71' title="bbox 556 3925 2139 4000">
     <span class='ocr_line' id='line_1_71' title="bbox 556 3925 2139 4000; baseline -0.004 -12"><span class='ocrx_word' id='word_1_539' title='bbox 556 3934 781 3999; x_wconf 86' lang='grc' dir='ltr'>δικαίως</span> <span class='ocrx_word' id='word_1_540' title='bbox 811 3933 1092 3997; x_wconf 77' lang='grc' dir='ltr'>καλεῖται,</span> <span class='ocrx_word' id='word_1_541' title='bbox 1122 3930 1198 3995; x_wconf 88' lang='grc' dir='ltr'>ὡς</span> <span class='ocrx_word' id='word_1_542' title='bbox 1225 3930 1528 3999; x_wconf 78' lang='grc' dir='ltr'>ἁνάπτυξις</span> <span class='ocrx_word' id='word_1_543' title='bbox 1557 3925 1697 3985; x_wconf 78' lang='grc' dir='ltr'>οὖσα</span> <span class='ocrx_word' id='word_1_544' title='bbox 1719 3929 1824 4000; x_wconf 82' lang='grc' dir='ltr'>τῆς</span> <span class='ocrx_word' id='word_1_545' title='bbox 1856 3929 2016 3998; x_wconf 83' lang='grc' dir='ltr'>ἁγίας</span> <span class='ocrx_word' id='word_1_546' title='bbox 2044 3927 2139 3983; x_wconf 74' lang='grc' dir='ltr'><strong>καί</strong></span> 
     </span>
    </p>
   </div>
   <div class='ocr_carea' id='block_1_72' title="bbox 556 4025 2139 4098">
    <p class='ocr_par' dir='ltr' id='par_1_72' title="bbox 556 4025 2139 4098">
     <span class='ocr_line' id='line_1_72' title="bbox 556 4025 2139 4098; baseline -0.004 -14"><span class='ocrx_word' id='word_1_547' title='bbox 556 4028 945 4098; x_wconf 84' lang='grc' dir='ltr'>οίκουμενικῆς</span> <span class='ocrx_word' id='word_1_548' title='bbox 976 4025 1143 4097; x_wconf 68' lang='grc' dir='ltr'>ἕκτης</span> <span class='ocrx_word' id='word_1_549' title='bbox 1177 4025 1422 4080; x_wconf 83' lang='grc' dir='ltr'>συνόδου.</span> <span class='ocrx_word' id='word_1_550' title='bbox 1465 4043 1485 4078; x_wconf 69' lang='grc' dir='ltr'><strong>ι</strong></span> <span class='ocrx_word' id='word_1_551' title='bbox 1526 4025 1687 4081; x_wconf 76' lang='grc' dir='ltr'>Οὕτω</span> <span class='ocrx_word' id='word_1_552' title='bbox 1721 4025 1910 4094; x_wconf 77' lang='grc' dir='ltr'>σαφῶς</span> <span class='ocrx_word' id='word_1_553' title='bbox 1944 4025 2139 4093; x_wconf 62' lang='grc' dir='ltr'>φαίνει</span> 
     </span>
    </p>
   </div>
   <div class='ocr_carea' id='block_1_73' title="bbox 554 4116 2139 4190">
    <p class='ocr_par' dir='ltr' id='par_1_73' title="bbox 554 4116 2139 4190">
     <span class='ocr_line' id='line_1_73' title="bbox 554 4116 2139 4190; baseline -0.006 -14"><span class='ocrx_word' id='word_1_554' title='bbox 554 4140 649 4177; x_wconf 86' lang='grc' dir='ltr'><strong>ται</strong></span> <span class='ocrx_word' id='word_1_555' title='bbox 684 4122 779 4176; x_wconf 80' lang='grc' dir='ltr'>καὶ</span> <span class='ocrx_word' id='word_1_556' title='bbox 811 4120 963 4190; x_wconf 79' lang='grc' dir='ltr'><strong>παρὰ</strong></span> <span class='ocrx_word' id='word_1_557' title='bbox 995 4119 1206 4174; x_wconf 87' lang='grc' dir='ltr'>τούτων</span> <span class='ocrx_word' id='word_1_558' title='bbox 1238 4118 1351 4173; x_wconf 86' lang='grc' dir='ltr'>τῶν</span> <span class='ocrx_word' id='word_1_559' title='bbox 1382 4118 1646 4186; x_wconf 83' lang='grc' dir='ltr'>Πατέρων</span> <span class='ocrx_word' id='word_1_560' title='bbox 1666 4159 1682 4182; x_wconf 88' lang='grc'><strong>,</strong></span> <span class='ocrx_word' id='word_1_561' title='bbox 1716 4119 1802 4171; x_wconf 85' lang='grc' dir='ltr'>ὅτι</span> <span class='ocrx_word' id='word_1_562' title='bbox 1835 4116 2139 4182; x_wconf 76' lang='grc' dir='ltr'>ἁνάπτυξις</span> 
     </span>
    </p>
   </div>
   <div class='ocr_carea' id='block_1_74' title="bbox 556 4207 2136 4279">
    <p class='ocr_par' dir='ltr' id='par_1_74' title="bbox 556 4207 2136 4279">
     <span class='ocr_line' id='line_1_74' title="bbox 556 4207 2136 4279; baseline -0.004 -14"><span class='ocrx_word' id='word_1_563' title='bbox 556 4212 616 4265; x_wconf 83' lang='grc' dir='ltr'><strong>οὐ</strong></span> <span class='ocrx_word' id='word_1_564' title='bbox 647 4210 948 4274; x_wconf 77' lang='grc' dir='ltr'>κωλύεται,</span> <span class='ocrx_word' id='word_1_565' title='bbox 1004 4208 1129 4262; x_wconf 66' lang='grc' dir='ltr'>οὐδὲ</span> <span class='ocrx_word' id='word_1_566' title='bbox 1161 4209 1458 4279; x_wconf 85' lang='grc' dir='ltr'>σαφήνεια,</span> <span class='ocrx_word' id='word_1_567' title='bbox 1488 4209 1566 4273; x_wconf 82' lang='grc' dir='ltr'><strong>ὡς</strong></span> <span class='ocrx_word' id='word_1_568' title='bbox 1592 4210 1889 4278; x_wconf 77' lang='grc' dir='ltr'>νοουμένου</span> <span class='ocrx_word' id='word_1_569' title='bbox 1918 4208 2013 4262; x_wconf 75' lang='grc' dir='ltr'>καὶ</span> <span class='ocrx_word' id='word_1_570' title='bbox 2041 4207 2136 4262; x_wconf 81' lang='grc' dir='ltr'>τοῦ</span> 
     </span>
    </p>
   </div>
   <div class='ocr_carea' id='block_1_75' title="bbox 561 4298 2138 4377">
    <p class='ocr_par' dir='ltr' id='par_1_75' title="bbox 561 4298 2138 4377">
     <span class='ocr_line' id='line_1_75' title="bbox 561 4298 2138 4377; baseline -0.003 -20"><span class='ocrx_word' id='word_1_571' title='bbox 561 4305 635 4377; x_wconf 78' lang='grc' dir='ltr'><strong>μὴ</strong></span> <span class='ocrx_word' id='word_1_572' title='bbox 673 4303 993 4374; x_wconf 79' lang='grc' dir='ltr'>εἰρημένου.</span> <span class='ocrx_word' id='word_1_573' title='bbox 1032 4303 1156 4367; x_wconf 78' lang='grc' dir='ltr'><strong>Πῶς</strong></span> <span class='ocrx_word' id='word_1_574' title='bbox 1197 4298 1291 4357; x_wconf 81' lang='grc' dir='ltr'>οὖν</span> <span class='ocrx_word' id='word_1_575' title='bbox 1330 4303 1389 4355; x_wconf 70' lang='grc' dir='ltr'><strong>ἐν</strong></span> <span class='ocrx_word' id='word_1_576' title='bbox 1426 4301 1624 4365; x_wconf 86' lang='grc' dir='ltr'>αίτίοις</span> <span class='ocrx_word' id='word_1_577' title='bbox 1668 4302 1971 4371; x_wconf 78' lang='grc' dir='ltr'>ποιήσομεν</span> <span class='ocrx_word' id='word_1_578' title='bbox 2010 4301 2138 4365; x_wconf 78' lang='grc' dir='ltr'>τοὺς</span> 
     </span>
    </p>
   </div>
   <div class='ocr_carea' id='block_1_76' title="bbox 558 4392 2143 4466">
    <p class='ocr_par' dir='ltr' id='par_1_76' title="bbox 558 4392 2143 4466">
     <span class='ocr_line' id='line_1_76' title="bbox 558 4392 2143 4466; baseline -0.001 -20"><span class='ocrx_word' id='word_1_579' title='bbox 558 4395 728 4449; x_wconf 83' lang='grc' dir='ltr'>ταυτὰ</span> <span class='ocrx_word' id='word_1_580' title='bbox 755 4393 966 4457; x_wconf 84' lang='grc' dir='ltr'>τούτοις</span> <span class='ocrx_word' id='word_1_581' title='bbox 995 4393 1292 4463; x_wconf 77' lang='grc' dir='ltr'>λέγοντας,</span> <span class='ocrx_word' id='word_1_582' title='bbox 1325 4392 1400 4458; x_wconf 83' lang='grc' dir='ltr'><strong>ὡς</strong></span> <span class='ocrx_word' id='word_1_583' title='bbox 1433 4394 1734 4466; x_wconf 72' lang='grc' dir='ltr'>σαφήνειαν</span> <span class='ocrx_word' id='word_1_584' title='bbox 1766 4392 1866 4446; x_wconf 77' lang='grc' dir='ltr'>καὶ</span> <span class='ocrx_word' id='word_1_585' title='bbox 1895 4393 2143 4449; x_wconf 83' lang='grc' dir='ltr'>ἀνάπτυ-</span> 
     </span>
    </p>
   </div>
   <div class='ocr_carea' id='block_1_77' title="bbox 560 4487 1069 4558">
    <p class='ocr_par' dir='ltr' id='par_1_77' title="bbox 560 4487 1069 4558">
     <span class='ocr_line' id='line_1_77' title="bbox 560 4487 1069 4558; baseline -0.004 -16"><span class='ocrx_word' id='word_1_586' title='bbox 560 4487 641 4553; x_wconf 80' lang='grc' dir='ltr'><strong>ξιν</strong></span> <span class='ocrx_word' id='word_1_587' title='bbox 671 4487 1034 4558; x_wconf 75' lang='grc' dir='ltr'>πεποιηκέναι</span> <span class='ocrx_word' id='word_1_588' title='bbox 1053 4504 1069 4553; x_wconf 92' lang='lat'><strong>;</strong></span> 
     </span>
    </p>
   </div>
   <div class='ocr_carea' id='block_1_78' title="bbox 2248 3465 3841 3543">
    <p class='ocr_par' dir='ltr' id='par_1_78' title="bbox 2248 3465 3841 3543">
     <span class='ocr_line' id='line_1_78' title="bbox 2248 3465 3841 3543; baseline -0.006 -12"><span class='ocrx_word' id='word_1_589' title='bbox 2248 3474 2622 3531; x_wconf 76' lang='lat' dir='ltr'><strong>existimatum</strong></span> <span class='ocrx_word' id='word_1_590' title='bbox 2652 3481 2736 3529; x_wconf 88' lang='lat' dir='ltr'><strong>est</strong></span> <span class='ocrx_word' id='word_1_591' title='bbox 2773 3489 2788 3527; x_wconf 90' lang='lat'><strong>:</strong></span> <span class='ocrx_word' id='word_1_592' title='bbox 2822 3471 2970 3543; x_wconf 84' lang='lat' dir='ltr'><strong>quod</strong></span> <span class='ocrx_word' id='word_1_593' title='bbox 3001 3469 3290 3542; x_wconf 88' lang='lat' dir='ltr'><strong>aptissime</strong></span> <span class='ocrx_word' id='word_1_594' title='bbox 3314 3468 3610 3526; x_wconf 75' lang='lat' dir='ltr'><strong>confirmat</strong></span> <span class='ocrx_word' id='word_1_595' title='bbox 3641 3465 3841 3522; x_wconf 86' lang='lat' dir='ltr'><strong>adver-</strong></span> 
     </span>
    </p>
   </div>
   <div class='ocr_carea' id='block_1_79' title="bbox 2249 3557 3838 3637">
    <p class='ocr_par' dir='ltr' id='par_1_79' title="bbox 2249 3557 3838 3637">
     <span class='ocr_line' id='line_1_79' title="bbox 2249 3557 3838 3637; baseline -0.009 -13"><span class='ocrx_word' id='word_1_596' title='bbox 2249 3583 2346 3624; x_wconf 90' lang='lat' dir='ltr'><strong>sus</strong></span> <span class='ocrx_word' id='word_1_597' title='bbox 2372 3564 2720 3637; x_wconf 87' lang='lat' dir='ltr'><strong>Acindynum</strong></span> <span class='ocrx_word' id='word_1_598' title='bbox 2743 3573 2936 3620; x_wconf 85' lang='lat' dir='ltr'><strong>coacta</strong></span> <span class='ocrx_word' id='word_1_599' title='bbox 2961 3565 3227 3635; x_wconf 84' lang='lat' dir='ltr'><strong>synodus,</strong></span> <span class='ocrx_word' id='word_1_600' title='bbox 3279 3561 3349 3618; x_wconf 88' lang='lat' dir='ltr'><strong>ab</strong></span> <span class='ocrx_word' id='word_1_601' title='bbox 3374 3561 3464 3628; x_wconf 88' lang='lat' dir='ltr'><strong>iis,</strong></span> <span class='ocrx_word' id='word_1_602' title='bbox 3492 3559 3586 3631; x_wconf 90' lang='lat' dir='ltr'><strong>qui</strong></span> <span class='ocrx_word' id='word_1_603' title='bbox 3610 3557 3838 3613; x_wconf 88' lang='lat' dir='ltr'><strong>seditio-</strong></span> 
     </span>
    </p>
   </div>
   <div class='ocr_carea' id='block_1_80' title="bbox 2250 3652 3832 3730">
    <p class='ocr_par' dir='ltr' id='par_1_80' title="bbox 2250 3652 3832 3730">
     <span class='ocr_line' id='line_1_80' title="bbox 2250 3652 3832 3730; baseline -0.007 -14"><span class='ocrx_word' id='word_1_604' title='bbox 2250 3661 2416 3717; x_wconf 89' lang='lat' dir='ltr'><strong>nibus</strong></span> <span class='ocrx_word' id='word_1_605' title='bbox 2438 3673 2659 3730; x_wconf 83' lang='lat' dir='ltr'><strong>operam</strong></span> <span class='ocrx_word' id='word_1_606' title='bbox 2687 3658 2915 3722; x_wconf 88' lang='lat' dir='ltr'><strong>dabant,</strong></span> <span class='ocrx_word' id='word_1_607' title='bbox 2936 3658 2991 3713; x_wconf 92' lang='lat' dir='ltr'><strong>in</strong></span> <span class='ocrx_word' id='word_1_608' title='bbox 3025 3658 3235 3714; x_wconf 88' lang='lat' dir='ltr'><strong>crimen</strong></span> <span class='ocrx_word' id='word_1_609' title='bbox 3260 3660 3483 3720; x_wconf 86' lang='lat' dir='ltr'><strong>vocata,</strong></span> <span class='ocrx_word' id='word_1_610' title='bbox 3516 3660 3576 3709; x_wconf 88' lang='lat' dir='ltr'><strong>ut</strong></span> <span class='ocrx_word' id='word_1_611' title='bbox 3597 3652 3832 3708; x_wconf 88' lang='lat' dir='ltr'><strong>habetur</strong></span> 
     </span>
    </p>
   </div>
   <div class='ocr_carea' id='block_1_81' title="bbox 2251 3739 3832 3821">
    <p class='ocr_par' dir='ltr' id='par_1_81' title="bbox 2251 3739 3832 3821">
     <span class='ocr_line' id='line_1_81' title="bbox 2251 3739 3832 3821; baseline -0.008 -14"><span class='ocrx_word' id='word_1_612' title='bbox 2251 3751 2307 3807; x_wconf 91' lang='lat' dir='ltr'><strong>in</strong></span> <span class='ocrx_word' id='word_1_613' title='bbox 2343 3760 2517 3818; x_wconf 91' lang='lat' dir='ltr'><strong>tomo,</strong></span> <span class='ocrx_word' id='word_1_614' title='bbox 2550 3748 2712 3821; x_wconf 76' lang='lat' dir='ltr'><strong>cujus</strong></span> <span class='ocrx_word' id='word_1_615' title='bbox 2738 3748 3070 3819; x_wconf 90' lang='lat' dir='ltr'><strong>principium</strong></span> <span class='ocrx_word' id='word_1_616' title='bbox 3102 3765 3118 3803; x_wconf 91' lang='lat'><strong>:</strong></span> <span class='ocrx_word' id='word_1_617' title='bbox 3162 3765 3182 3799; x_wconf 88' lang='grc' dir='ltr'><strong>ι</strong></span> <span class='ocrx_word' id='word_1_618' title='bbox 3211 3746 3395 3816; x_wconf 84' lang='lat' dir='ltr'><strong>Neque</strong></span> <span class='ocrx_word' id='word_1_619' title='bbox 3415 3744 3686 3800; x_wconf 81' lang='lat' dir='ltr'><strong>adversus</strong></span> <span class='ocrx_word' id='word_1_620' title='bbox 3721 3739 3832 3796; x_wconf 86' lang='lat' dir='ltr'><strong>Ec-</strong></span> 
     </span>
    </p>
   </div>
   <div class='ocr_carea' id='block_1_82' title="bbox 2247 3837 3830 3911">
    <p class='ocr_par' dir='ltr' id='par_1_82' title="bbox 2247 3837 3830 3911">
     <span class='ocr_line' id='line_1_82' title="bbox 2247 3837 3830 3911; baseline -0.01 -10"><span class='ocrx_word' id='word_1_621' title='bbox 2247 3844 2469 3901; x_wconf 87' lang='lat' dir='ltr'><strong>clesiam</strong></span> <span class='ocrx_word' id='word_1_622' title='bbox 2497 3842 2810 3900; x_wconf 90' lang='lat' dir='ltr'><strong>communis</strong></span> <span class='ocrx_word' id='word_1_623' title='bbox 2857 3840 3160 3897; x_wconf 84' lang='lat' dir='ltr'><strong>adversarii</strong></span> <span class='ocrx_word' id='word_1_624' title='bbox 3187 3840 3445 3911; x_wconf 78' lang='lat' dir='ltr'><strong>ignorare</strong></span> <span class='ocrx_word' id='word_1_625' title='bbox 3472 3837 3773 3893; x_wconf 90' lang='lat' dir='ltr'><strong>neminem.</strong></span> <span class='ocrx_word' id='word_1_626' title='bbox 3809 3851 3830 3884; x_wconf 75' lang='grc' dir='ltr'><strong>ι</strong></span> 
     </span>
    </p>
   </div>
   <div class='ocr_carea' id='block_1_83' title="bbox 2250 3929 3835 4017">
    <p class='ocr_par' dir='ltr' id='par_1_83' title="bbox 2250 3929 3835 4017">
     <span class='ocr_line' id='line_1_83' title="bbox 2250 3929 3835 4017; baseline -0.007 -24"><span class='ocrx_word' id='word_1_627' title='bbox 2250 3937 2435 4017; x_wconf 60' lang='lat' dir='ltr'><strong>Multis</strong></span> <span class='ocrx_word' id='word_1_628' title='bbox 2469 3936 2772 4009; x_wconf 85' lang='lat' dir='ltr'><strong>interjectis</strong></span> <span class='ocrx_word' id='word_1_629' title='bbox 2818 3935 3044 3991; x_wconf 88' lang='lat' dir='ltr'><strong>demum</strong></span> <span class='ocrx_word' id='word_1_630' title='bbox 3092 3933 3327 3990; x_wconf 87' lang='lat' dir='ltr'><strong>subdit:</strong></span> <span class='ocrx_word' id='word_1_631' title='bbox 3359 3950 3378 3984; x_wconf 90' lang='grc' dir='ltr'><strong>ι</strong></span> <span class='ocrx_word' id='word_1_632' title='bbox 3405 3931 3522 3998; x_wconf 85' lang='lat' dir='ltr'><strong>Qua</strong></span> <span class='ocrx_word' id='word_1_633' title='bbox 3557 3929 3628 3985; x_wconf 92' lang='lat' dir='ltr'><strong>de</strong></span> <span class='ocrx_word' id='word_1_634' title='bbox 3664 3941 3835 3984; x_wconf 80' lang='lat' dir='ltr'><strong>causa</strong></span> 
     </span>
    </p>
   </div>
   <div class='ocr_carea' id='block_1_84' title="bbox 2247 4023 3836 4099">
    <p class='ocr_par' dir='ltr' id='par_1_84' title="bbox 2247 4023 3836 4099">
     <span class='ocr_line' id='line_1_84' title="bbox 2247 4023 3836 4099; baseline -0.006 -15"><span class='ocrx_word' id='word_1_635' title='bbox 2247 4029 2343 4099; x_wconf 83' lang='lat' dir='ltr'><strong>pio</strong></span> <span class='ocrx_word' id='word_1_636' title='bbox 2398 4028 2736 4099; x_wconf 81' lang='lat' dir='ltr'><strong>imperatore</strong></span> <span class='ocrx_word' id='word_1_637' title='bbox 2780 4027 2964 4084; x_wconf 87' lang='lat' dir='ltr'><strong>adhuc</strong></span> <span class='ocrx_word' id='word_1_638' title='bbox 3023 4025 3328 4097; x_wconf 86' lang='lat' dir='ltr'><strong>superstite</strong></span> <span class='ocrx_word' id='word_1_639' title='bbox 3379 4023 3584 4080; x_wconf 86' lang='lat' dir='ltr'><strong>similia</strong></span> <span class='ocrx_word' id='word_1_640' title='bbox 3641 4030 3836 4077; x_wconf 88' lang='lat' dir='ltr'><strong>contra</strong></span> 
     </span>
    </p>
   </div>
   <div class='ocr_carea' id='block_1_85' title="bbox 2245 4102 3838 4192">
    <p class='ocr_par' dir='ltr' id='par_1_85' title="bbox 2245 4102 3838 4192">
     <span class='ocr_line' id='line_1_85' title="bbox 2245 4102 3838 4192; baseline -0.004 -17"><span class='ocrx_word' id='word_1_641' title='bbox 2245 4104 2523 4192; x_wconf 28' lang='lat' dir='ltr'><strong>pietatem-</strong></span> <span class='ocrx_word' id='word_1_642' title='bbox 2553 4102 2803 4176; x_wconf 81' lang='lat' dir='ltr'><strong>audent?</strong></span> <span class='ocrx_word' id='word_1_643' title='bbox 2858 4118 2920 4173; x_wconf 89' lang='lat' dir='ltr'><strong>Hi</strong></span> <span class='ocrx_word' id='word_1_644' title='bbox 2955 4134 3086 4174; x_wconf 90' lang='lat' dir='ltr'><strong>vero</strong></span> <span class='ocrx_word' id='word_1_645' title='bbox 3119 4118 3396 4173; x_wconf 88' lang='lat' dir='ltr'><strong>criminati</strong></span> <span class='ocrx_word' id='word_1_646' title='bbox 3426 4124 3560 4173; x_wconf 88' lang='lat' dir='ltr'><strong>sunt</strong></span> <span class='ocrx_word' id='word_1_647' title='bbox 3603 4113 3838 4170; x_wconf 88' lang='lat' dir='ltr'><strong>additio-</strong></span> 
     </span>
    </p>
   </div>
   <div class='ocr_carea' id='block_1_86' title="bbox 2248 4208 3833 4283">
    <p class='ocr_par' dir='ltr' id='par_1_86' title="bbox 2248 4208 3833 4283">
     <span class='ocr_line' id='line_1_86' title="bbox 2248 4208 3833 4283; baseline -0.006 -15"><span class='ocrx_word' id='word_1_648' title='bbox 2248 4228 2373 4269; x_wconf 86' lang='lat' dir='ltr'><strong>nem</strong></span> <span class='ocrx_word' id='word_1_649' title='bbox 2413 4213 2708 4283; x_wconf 88' lang='lat' dir='ltr'><strong>quamdam</strong></span> <span class='ocrx_word' id='word_1_650' title='bbox 2758 4212 2960 4268; x_wconf 80' lang='lat' dir='ltr'><strong>factam</strong></span> <span class='ocrx_word' id='word_1_651' title='bbox 2998 4227 3124 4268; x_wconf 89' lang='lat' dir='ltr'><strong>esse</strong></span> <span class='ocrx_word' id='word_1_652' title='bbox 3157 4212 3213 4266; x_wconf 92' lang='lat' dir='ltr'><strong>in</strong></span> <span class='ocrx_word' id='word_1_653' title='bbox 3247 4208 3608 4266; x_wconf 80' lang='lat' dir='ltr'><strong>confessione</strong></span> <span class='ocrx_word' id='word_1_654' title='bbox 3641 4223 3833 4264; x_wconf 86' lang='lat' dir='ltr'><strong>eorum</strong></span> 
     </span>
    </p>
   </div>
   <div class='ocr_carea' id='block_1_87' title="bbox 2244 4299 3838 4377">
    <p class='ocr_par' dir='ltr' id='par_1_87' title="bbox 2244 4299 3838 4377">
     <span class='ocr_line' id='line_1_87' title="bbox 2244 4299 3838 4377; baseline -0.004 -18"><span class='ocrx_word' id='word_1_655' title='bbox 2244 4305 2569 4377; x_wconf 58' lang='lat' dir='ltr'><strong>praesulum,</strong></span> <span class='ocrx_word' id='word_1_656' title='bbox 2626 4306 2721 4376; x_wconf 89' lang='lat' dir='ltr'><strong>qui</strong></span> <span class='ocrx_word' id='word_1_657' title='bbox 2776 4303 2832 4359; x_wconf 91' lang='lat' dir='ltr'><strong>in</strong></span> <span class='ocrx_word' id='word_1_658' title='bbox 2887 4304 3208 4374; x_wconf 81' lang='lat' dir='ltr'><strong>dignitatem</strong></span> <span class='ocrx_word' id='word_1_659' title='bbox 3256 4308 3677 4373; x_wconf 87' lang='lat' dir='ltr'><strong>promoventur.</strong></span> <span class='ocrx_word' id='word_1_660' title='bbox 3712 4317 3733 4352; x_wconf 73' lang='grc' dir='ltr'><strong>ι</strong></span> <span class='ocrx_word' id='word_1_661' title='bbox 3771 4299 3838 4353; x_wconf 87' lang='lat' dir='ltr'><strong>Et</strong></span> 
     </span>
    </p>
   </div>
   <div class='ocr_carea' id='block_1_88' title="bbox 2249 4390 3937 4468">
    <p class='ocr_par' dir='ltr' id='par_1_88' title="bbox 2249 4390 3937 4468">
     <span class='ocr_line' id='line_1_88' title="bbox 2249 4390 3937 4468; baseline -0.005 -16"><span class='ocrx_word' id='word_1_662' title='bbox 2249 4404 2379 4468; x_wconf 89' lang='lat' dir='ltr'><strong>post</strong></span> <span class='ocrx_word' id='word_1_663' title='bbox 2426 4410 2600 4467; x_wconf 90' lang='lat' dir='ltr'><strong>pauca</strong></span> <span class='ocrx_word' id='word_1_664' title='bbox 2634 4411 2655 4452; x_wconf 91' lang='lat'><strong><em>:</em></strong></span> <span class='ocrx_word' id='word_1_665' title='bbox 2687 4415 2706 4449; x_wconf 91' lang='grc' dir='ltr'><strong>ι</strong></span> <span class='ocrx_word' id='word_1_666' title='bbox 2763 4394 2842 4451; x_wconf 89' lang='lat' dir='ltr'><strong>De</strong></span> <span class='ocrx_word' id='word_1_667' title='bbox 2869 4396 2957 4453; x_wconf 86' lang='lat' dir='ltr'><strong>his</strong></span> <span class='ocrx_word' id='word_1_668' title='bbox 2994 4403 3184 4449; x_wconf 83' lang='lat' dir='ltr'><strong>sancta</strong></span> <span class='ocrx_word' id='word_1_669' title='bbox 3239 4390 3517 4464; x_wconf 86' lang='lat' dir='ltr'><strong>synodus,</strong></span> <span class='ocrx_word' id='word_1_670' title='bbox 3566 4391 3836 4447; x_wconf 87' lang='lat' dir='ltr'><strong>adversus</strong></span> <span class='ocrx_word' id='word_1_671' title='bbox 3922 4410 3937 4419; x_wconf 74' lang='grc'><strong>-</strong></span> 
     </span>
    </p>
   </div>
   <div class='ocr_carea' id='block_1_89' title="bbox 2177 4465 3840 4560">
    <p class='ocr_par' dir='ltr' id='par_1_89' title="bbox 2177 4465 3840 4560">
     <span class='ocr_line' id='line_1_89' title="bbox 2177 4465 3840 4560; baseline -0.004 -15"><span class='ocrx_word' id='word_1_672' title='bbox 2177 4465 2223 4523; x_wconf 76' lang='grc' dir='ltr'><strong>Ῑ)</strong></span> <span class='ocrx_word' id='word_1_673' title='bbox 2251 4465 2746 4560; x_wconf 51' lang='lat' dir='ltr'><strong>quamdniquiores</strong></span> <span class='ocrx_word' id='word_1_674' title='bbox 2765 4488 2924 4554; x_wconf 89' lang='lat' dir='ltr'><strong>estis,</strong></span> <span class='ocrx_word' id='word_1_675' title='bbox 2984 4487 3346 4553; x_wconf 86' lang='lat' dir='ltr'><strong>additionem,</strong></span> <span class='ocrx_word' id='word_1_676' title='bbox 3379 4485 3536 4551; x_wconf 90' lang='lat' dir='ltr'><strong>dicit,</strong></span> <span class='ocrx_word' id='word_1_677' title='bbox 3570 4499 3695 4555; x_wconf 67' lang='lat' dir='ltr'><strong>qua:</strong></span> <span class='ocrx_word' id='word_1_678' title='bbox 3736 4495 3840 4538; x_wconf 85' lang='lat' dir='ltr'><strong>nec</strong></span> 
     </span>
    </p>
   </div>
   <div class='ocr_carea' id='block_1_90' title="bbox 556 4576 3838 4655">
    <p class='ocr_par' dir='ltr' id='par_1_90' title="bbox 556 4576 3838 4655">
     <span class='ocr_line' id='line_1_90' title="bbox 556 4576 3838 4655; baseline -0.003 -15"><span class='ocrx_word' id='word_1_679' title='bbox 556 4584 751 4640; x_wconf 90' lang='lat' dir='ltr'><strong>merito</strong></span> <span class='ocrx_word' id='word_1_680' title='bbox 779 4583 988 4641; x_wconf 88' lang='lat' dir='ltr'><strong>additio</strong></span> <span class='ocrx_word' id='word_1_681' title='bbox 1016 4583 1201 4639; x_wconf 87' lang='lat' dir='ltr'><strong>vocari</strong></span> <span class='ocrx_word' id='word_1_682' title='bbox 1248 4582 1433 4648; x_wconf 86' lang='lat' dir='ltr'><strong>debet,</strong></span> <span class='ocrx_word' id='word_1_683' title='bbox 1468 4590 1734 4654; x_wconf 90' lang='lat' dir='ltr'><strong>tanquam</strong></span> <span class='ocrx_word' id='word_1_684' title='bbox 1781 4599 1907 4655; x_wconf 70' lang='lat' dir='ltr'><strong>qua:</strong></span> <span class='ocrx_word' id='word_1_685' title='bbox 1938 4584 2248 4641; x_wconf 88' lang='lat' dir='ltr'><strong>declaratio</strong></span> <span class='ocrx_word' id='word_1_686' title='bbox 2275 4584 2348 4643; x_wconf 91' lang='lat' dir='ltr'><strong>sit</strong></span> <span class='ocrx_word' id='word_1_687' title='bbox 2407 4593 2615 4642; x_wconf 73' lang='lat' dir='ltr'><strong>sanctze</strong></span> <span class='ocrx_word' id='word_1_688' title='bbox 2677 4593 2731 4642; x_wconf 88' lang='lat' dir='ltr'><strong>et</strong></span> <span class='ocrx_word' id='word_1_689' title='bbox 2761 4583 3120 4641; x_wconf 73' lang='lat' dir='ltr'><strong>mcumenicae</strong></span> <span class='ocrx_word' id='word_1_690' title='bbox 3162 4590 3332 4639; x_wconf 75' lang='lat' dir='ltr'><strong>sexta:</strong></span> <span class='ocrx_word' id='word_1_691' title='bbox 3396 4578 3614 4652; x_wconf 84' lang='lat' dir='ltr'><strong>synodi.</strong></span> <span class='ocrx_word' id='word_1_692' title='bbox 3649 4595 3668 4630; x_wconf 72' lang='grc' dir='ltr'><strong>ι</strong></span> <span class='ocrx_word' id='word_1_693' title='bbox 3743 4576 3838 4632; x_wconf 90' lang='lat' dir='ltr'><strong>Sic</strong></span> 
     </span>
    </p>
   </div>
   <div class='ocr_carea' id='block_1_91' title="bbox 558 4669 3834 4750">
    <p class='ocr_par' dir='ltr' id='par_1_91' title="bbox 558 4669 3834 4750">
     <span class='ocr_line' id='line_1_91' title="bbox 558 4669 3834 4750; baseline -0.004 -16"><span class='ocrx_word' id='word_1_694' title='bbox 558 4678 847 4736; x_wconf 75' lang='lat' dir='ltr'><strong>manifesto</strong></span> <span class='ocrx_word' id='word_1_695' title='bbox 917 4686 1146 4749; x_wconf 85' lang='lat' dir='ltr'><strong>apparet</strong></span> <span class='ocrx_word' id='word_1_696' title='bbox 1198 4679 1343 4746; x_wconf 86' lang='lat' dir='ltr'><strong>apud</strong></span> <span class='ocrx_word' id='word_1_697' title='bbox 1407 4679 1509 4734; x_wconf 93' lang='lat' dir='ltr'><strong>hos</strong></span> <span class='ocrx_word' id='word_1_698' title='bbox 1557 4694 1779 4750; x_wconf 87' lang='lat' dir='ltr'><strong>quoque</strong></span> <span class='ocrx_word' id='word_1_699' title='bbox 1827 4677 2024 4735; x_wconf 83' lang='lat' dir='ltr'><strong>Patres</strong></span> <span class='ocrx_word' id='word_1_700' title='bbox 2074 4694 2186 4734; x_wconf 90' lang='lat' dir='ltr'><strong>non</strong></span> <span class='ocrx_word' id='word_1_701' title='bbox 2262 4678 2548 4750; x_wconf 84' lang='lat' dir='ltr'><strong>prohiberi</strong></span> <span class='ocrx_word' id='word_1_702' title='bbox 2613 4676 3060 4748; x_wconf 72' lang='lat' dir='ltr'><strong>expositionem,</strong></span> <span class='ocrx_word' id='word_1_703' title='bbox 3130 4687 3311 4744; x_wconf 89' lang='lat' dir='ltr'><strong>neque</strong></span> <span class='ocrx_word' id='word_1_704' title='bbox 3355 4669 3785 4728; x_wconf 86' lang='lat' dir='ltr'><strong>declarationem</strong></span> <span class='ocrx_word' id='word_1_705' title='bbox 3815 4706 3834 4732; x_wconf 93' lang='lat'><strong>,</strong></span> 
     </span>
    </p>
   </div>
   <div class='ocr_carea' id='block_1_92' title="bbox 555 4769 3840 4849">
    <p class='ocr_par' dir='ltr' id='par_1_92' title="bbox 555 4769 3840 4849">
     <span class='ocr_line' id='line_1_92' title="bbox 555 4769 3840 4849; baseline -0.004 -16"><span class='ocrx_word' id='word_1_706' title='bbox 555 4793 709 4846; x_wconf 75' lang='lat' dir='ltr'><strong>mque</strong></span> <span class='ocrx_word' id='word_1_707' title='bbox 763 4793 828 4835; x_wconf 91' lang='lat' dir='ltr'><strong>ac</strong></span> <span class='ocrx_word' id='word_1_708' title='bbox 878 4777 926 4834; x_wconf 87' lang='lat' dir='ltr'><strong>si</strong></span> <span class='ocrx_word' id='word_1_709' title='bbox 968 4774 1497 4849; x_wconf 76' lang='lat' dir='ltr'><strong>subintelligeretur,</strong></span> <span class='ocrx_word' id='word_1_710' title='bbox 1533 4780 1680 4847; x_wconf 90' lang='lat' dir='ltr'><strong>quod</strong></span> <span class='ocrx_word' id='word_1_711' title='bbox 1742 4777 1925 4834; x_wconf 85' lang='lat' dir='ltr'><strong>verbis</strong></span> <span class='ocrx_word' id='word_1_712' title='bbox 1956 4791 2279 4847; x_wconf 81' lang='lat' dir='ltr'><strong>expressum</strong></span> <span class='ocrx_word' id='word_1_713' title='bbox 2317 4791 2426 4832; x_wconf 93' lang='lat' dir='ltr'><strong>non</strong></span> <span class='ocrx_word' id='word_1_714' title='bbox 2458 4784 2562 4833; x_wconf 88' lang='lat' dir='ltr'><strong>est.</strong></span> <span class='ocrx_word' id='word_1_715' title='bbox 2605 4775 2726 4843; x_wconf 82' lang='lat' dir='ltr'><strong>Qua</strong></span> <span class='ocrx_word' id='word_1_716' title='bbox 2781 4774 2951 4846; x_wconf 79' lang='lat' dir='ltr'><strong>igitur</strong></span> <span class='ocrx_word' id='word_1_717' title='bbox 3001 4773 3215 4828; x_wconf 88' lang='lat' dir='ltr'><strong>ratione</strong></span> <span class='ocrx_word' id='word_1_718' title='bbox 3279 4771 3337 4826; x_wconf 90' lang='lat' dir='ltr'><strong>in</strong></span> <span class='ocrx_word' id='word_1_719' title='bbox 3401 4769 3611 4826; x_wconf 88' lang='lat' dir='ltr'><strong>crimen</strong></span> <span class='ocrx_word' id='word_1_720' title='bbox 3668 4778 3840 4822; x_wconf 83' lang='lat' dir='ltr'><strong>voca-</strong></span> 
     </span>
    </p>
   </div>
   <div class='ocr_carea' id='block_1_93' title="bbox 558 4859 3770 4945">
    <p class='ocr_par' dir='ltr' id='par_1_93' title="bbox 558 4859 3770 4945">
     <span class='ocr_line' id='line_1_93' title="bbox 558 4859 3770 4945; baseline -0.004 -14"><span class='ocrx_word' id='word_1_721' title='bbox 558 4875 736 4931; x_wconf 87' lang='lat' dir='ltr'><strong>bimus</strong></span> <span class='ocrx_word' id='word_1_722' title='bbox 766 4888 883 4939; x_wconf 87' lang='lat' dir='ltr'><strong>cos,</strong></span> <span class='ocrx_word' id='word_1_723' title='bbox 918 4873 1010 4943; x_wconf 90' lang='lat' dir='ltr'><strong>qui</strong></span> <span class='ocrx_word' id='word_1_724' title='bbox 1035 4872 1225 4928; x_wconf 80' lang='lat' dir='ltr'><strong>eadem</strong></span> <span class='ocrx_word' id='word_1_725' title='bbox 1255 4885 1422 4945; x_wconf 87' lang='lat' dir='ltr'><strong>atque</strong></span> <span class='ocrx_word' id='word_1_726' title='bbox 1450 4874 1538 4928; x_wconf 87' lang='lat' dir='ltr'><strong>isti</strong></span> <span class='ocrx_word' id='word_1_727' title='bbox 1566 4873 1830 4939; x_wconf 81' lang='lat' dir='ltr'><strong>fatentur,</strong></span> <span class='ocrx_word' id='word_1_728' title='bbox 1859 4882 1913 4928; x_wconf 86' lang='lat' dir='ltr'><strong>et</strong></span> <span class='ocrx_word' id='word_1_729' title='bbox 1940 4873 2365 4930; x_wconf 85' lang='lat' dir='ltr'><strong>declarationem</strong></span> <span class='ocrx_word' id='word_1_730' title='bbox 2394 4881 2563 4943; x_wconf 90' lang='lat' dir='ltr'><strong>atque</strong></span> <span class='ocrx_word' id='word_1_731' title='bbox 2588 4870 2988 4944; x_wconf 78' lang='lat' dir='ltr'><strong>expositionem</strong></span> <span class='ocrx_word' id='word_1_732' title='bbox 3020 4866 3351 4938; x_wconf 85' lang='lat' dir='ltr'><strong>apposuisse</strong></span> <span class='ocrx_word' id='word_1_733' title='bbox 3378 4879 3488 4920; x_wconf 93' lang='lat' dir='ltr'><strong>non</strong></span> <span class='ocrx_word' id='word_1_734' title='bbox 3530 4859 3770 4932; x_wconf 76' lang='lat' dir='ltr'><strong>negant?</strong></span> 
     </span>
    </p>
   </div>
   <div class='ocr_carea' id='block_1_94' title="bbox 627 4963 2143 5039">
    <p class='ocr_par' dir='ltr' id='par_1_94' title="bbox 627 4963 2143 5039">
     <span class='ocr_line' id='line_1_94' title="bbox 627 4963 2143 5039; baseline 0 -19"><span class='ocrx_word' id='word_1_735' title='bbox 627 4967 692 5022; x_wconf 89' lang='grc' dir='ltr'>θ’.</span> <span class='ocrx_word' id='word_1_736' title='bbox 724 4968 847 5020; x_wconf 83' lang='grc' dir='ltr'>Ἔτι</span> <span class='ocrx_word' id='word_1_737' title='bbox 870 4967 929 5020; x_wconf 78' lang='grc' dir='ltr'>δὲ</span> <span class='ocrx_word' id='word_1_738' title='bbox 962 4967 1150 5036; x_wconf 74' lang='grc' dir='ltr'>ἔλεγεν</span> <span class='ocrx_word' id='word_1_739' title='bbox 1188 4969 1216 5021; x_wconf 91' lang='lat'><strong>6</strong></span> <span class='ocrx_word' id='word_1_740' title='bbox 1251 4965 1506 5037; x_wconf 81' lang='grc' dir='ltr'>Ἐφέσου,</span> <span class='ocrx_word' id='word_1_741' title='bbox 1536 4967 1614 5031; x_wconf 84' lang='grc' dir='ltr'>ὡς</span> <span class='ocrx_word' id='word_1_742' title='bbox 1644 4968 1706 5022; x_wconf 79' lang='grc' dir='ltr'>τὸ</span> <span class='ocrx_word' id='word_1_743' title='bbox 1725 4968 1956 5039; x_wconf 86' lang='grc' dir='ltr'>κώλυμα</span> <span class='ocrx_word' id='word_1_744' title='bbox 1981 4963 2143 5022; x_wconf 73' lang='grc' dir='ltr'>τοῦτο</span> 
     </span>
    </p>
   </div>
   <div class='ocr_carea' id='block_1_95' title="bbox 559 5058 2139 5133">
    <p class='ocr_par' dir='ltr' id='par_1_95' title="bbox 559 5058 2139 5133">
     <span class='ocr_line' id='line_1_95' title="bbox 559 5058 2139 5133; baseline 0 -20"><span class='ocrx_word' id='word_1_745' title='bbox 559 5060 710 5128; x_wconf 85' lang='grc' dir='ltr'><strong>παρὰ</strong></span> <span class='ocrx_word' id='word_1_746' title='bbox 741 5058 843 5130; x_wconf 73' lang='grc' dir='ltr'><strong>τῆς</strong></span> <span class='ocrx_word' id='word_1_747' title='bbox 883 5059 1044 5128; x_wconf 84' lang='grc' dir='ltr'>ἁγίας</span> <span class='ocrx_word' id='word_1_748' title='bbox 1096 5059 1190 5113; x_wconf 78' lang='grc' dir='ltr'>καὶ</span> <span class='ocrx_word' id='word_1_749' title='bbox 1246 5060 1638 5131; x_wconf 85' lang='grc' dir='ltr'>οίκουμενικῆς</span> <span class='ocrx_word' id='word_1_750' title='bbox 1684 5061 1879 5133; x_wconf 85' lang='grc' dir='ltr'>τρίτης</span> <span class='ocrx_word' id='word_1_751' title='bbox 1918 5059 2139 5115; x_wconf 84' lang='grc' dir='ltr'>συνόδου</span> 
     </span>
    </p>
   </div>
   <div class='ocr_carea' id='block_1_96' title="bbox 555 5150 2142 5223">
    <p class='ocr_par' dir='ltr' id='par_1_96' title="bbox 555 5150 2142 5223">
     <span class='ocr_line' id='line_1_96' title="bbox 555 5150 2142 5223; baseline -0.001 -18"><span class='ocrx_word' id='word_1_752' title='bbox 555 5151 969 5222; x_wconf 81' lang='grc' dir='ltr'>νενομοθέτητο.</span> <span class='ocrx_word' id='word_1_753' title='bbox 995 5152 1135 5222; x_wconf 79' lang='grc' dir='ltr'>Φησὶ</span> <span class='ocrx_word' id='word_1_754' title='bbox 1159 5150 1294 5222; x_wconf 83' lang='grc' dir='ltr'>γὰρ,</span> <span class='ocrx_word' id='word_1_755' title='bbox 1339 5170 1359 5203; x_wconf 84' lang='grc' dir='ltr'><strong>ι</strong></span> <span class='ocrx_word' id='word_1_756' title='bbox 1398 5152 1535 5205; x_wconf 82' lang='grc' dir='ltr'>Κατ’</span> <span class='ocrx_word' id='word_1_757' title='bbox 1558 5151 1752 5206; x_wconf 85' lang='grc' dir='ltr'>οὐδένα</span> <span class='ocrx_word' id='word_1_758' title='bbox 1806 5151 2013 5223; x_wconf 82' lang='grc' dir='ltr'>τρόπον</span> <span class='ocrx_word' id='word_1_759' title='bbox 2044 5167 2142 5204; x_wconf 87' lang='grc' dir='ltr'>σα-</span> 
     </span>
    </p>
   </div>
   <div class='ocr_carea' id='block_1_97' title="bbox 557 5245 2142 5321">
    <p class='ocr_par' dir='ltr' id='par_1_97' title="bbox 557 5245 2142 5321">
     <span class='ocr_line' id='line_1_97' title="bbox 557 5245 2142 5321; baseline 0 -23"><span class='ocrx_word' id='word_1_760' title='bbox 557 5245 816 5321; x_wconf 85' lang='grc' dir='ltr'>λεύεσθαι</span> <span class='ocrx_word' id='word_1_761' title='bbox 844 5245 995 5316; x_wconf 84' lang='grc' dir='ltr'><strong>παρὰ</strong></span> <span class='ocrx_word' id='word_1_762' title='bbox 1024 5262 1188 5299; x_wconf 86' lang='grc' dir='ltr'>τινων</span> <span class='ocrx_word' id='word_1_763' title='bbox 1227 5245 1538 5314; x_wconf 77' lang='grc' dir='ltr'>ἀνεχόμεθα</span> <span class='ocrx_word' id='word_1_764' title='bbox 1562 5245 1663 5317; x_wconf 78' lang='grc' dir='ltr'><strong>τήν</strong></span> <span class='ocrx_word' id='word_1_765' title='bbox 1701 5246 2021 5315; x_wconf 82' lang='grc' dir='ltr'>ὁρισθεῖσαν</span> <span class='ocrx_word' id='word_1_766' title='bbox 2052 5246 2142 5298; x_wconf 84' lang='grc' dir='ltr'><strong>πί-</strong></span> 
     </span>
    </p>
   </div>
   <div class='ocr_carea' id='block_1_98' title="bbox 558 5335 2146 5407">
    <p class='ocr_par' dir='ltr' id='par_1_98' title="bbox 558 5335 2146 5407">
     <span class='ocr_line' id='line_1_98' title="bbox 558 5335 2146 5407; baseline 0.001 -17"><span class='ocrx_word' id='word_1_767' title='bbox 558 5354 701 5404; x_wconf 84' lang='grc' dir='ltr'>στιν,</span> <span class='ocrx_word' id='word_1_768' title='bbox 729 5336 851 5407; x_wconf 76' lang='grc' dir='ltr'>ῆτοι</span> <span class='ocrx_word' id='word_1_769' title='bbox 874 5335 937 5390; x_wconf 83' lang='grc' dir='ltr'>τὸ</span> <span class='ocrx_word' id='word_1_770' title='bbox 962 5337 1066 5407; x_wconf 75' lang='grc' dir='ltr'>τῆς</span> <span class='ocrx_word' id='word_1_771' title='bbox 1094 5337 1336 5401; x_wconf 88' lang='grc' dir='ltr'>πίστεως</span> <span class='ocrx_word' id='word_1_772' title='bbox 1363 5335 1665 5407; x_wconf 82' lang='grc' dir='ltr'>Σύμϐολον,</span> <span class='ocrx_word' id='word_1_773' title='bbox 1719 5338 1780 5393; x_wconf 82' lang='grc' dir='ltr'><strong>τὸ</strong></span> <span class='ocrx_word' id='word_1_774' title='bbox 1821 5339 1973 5406; x_wconf 80' lang='grc' dir='ltr'><strong>παρὰ</strong></span> <span class='ocrx_word' id='word_1_775' title='bbox 2034 5338 2146 5392; x_wconf 87' lang='grc' dir='ltr'><strong>τῶν</strong></span> 
     </span>
    </p>
   </div>
   <div class='ocr_carea' id='block_1_99' title="bbox 560 5428 2145 5503">
    <p class='ocr_par' dir='ltr' id='par_1_99' title="bbox 560 5428 2145 5503">
     <span class='ocr_line' id='line_1_99' title="bbox 560 5428 2145 5503; baseline -0.001 -18"><span class='ocrx_word' id='word_1_776' title='bbox 560 5430 735 5499; x_wconf 81' lang='grc' dir='ltr'>ἁγίων</span> <span class='ocrx_word' id='word_1_777' title='bbox 772 5430 1036 5503; x_wconf 83' lang='grc' dir='ltr'>Πατέρων</span> <span class='ocrx_word' id='word_1_778' title='bbox 1056 5429 1219 5500; x_wconf 86' lang='grc' dir='ltr'>ήμῶν</span> <span class='ocrx_word' id='word_1_779' title='bbox 1248 5428 1359 5483; x_wconf 86' lang='grc' dir='ltr'><strong>τῶν</strong></span> <span class='ocrx_word' id='word_1_780' title='bbox 1409 5431 1467 5482; x_wconf 80' lang='grc' dir='ltr'>ὲν</span> <span class='ocrx_word' id='word_1_781' title='bbox 1515 5429 1724 5500; x_wconf 76' lang='grc' dir='ltr'>Νικαῖα</span> <span class='ocrx_word' id='word_1_782' title='bbox 1773 5429 2145 5485; x_wconf 86' lang='grc' dir='ltr'>συνελθόντων</span> 
     </span>
    </p>
   </div>
   <div class='ocr_carea' id='block_1_100' title="bbox 558 5520 2147 5596">
    <p class='ocr_par' dir='ltr' id='par_1_100' title="bbox 558 5520 2147 5596">
     <span class='ocr_line' id='line_1_100' title="bbox 558 5520 2147 5596; baseline 0.001 -19"><span class='ocrx_word' id='word_1_783' title='bbox 558 5523 704 5578; x_wconf 86' lang='grc' dir='ltr'><strong>κατά</strong></span> <span class='ocrx_word' id='word_1_784' title='bbox 727 5522 977 5594; x_wconf 76' lang='grc' dir='ltr'>καιροὺς,</span> <span class='ocrx_word' id='word_1_785' title='bbox 1004 5520 1131 5576; x_wconf 74' lang='grc' dir='ltr'>οὔτε</span> <span class='ocrx_word' id='word_1_786' title='bbox 1166 5522 1276 5594; x_wconf 79' lang='grc' dir='ltr'>μὴν</span> <span class='ocrx_word' id='word_1_787' title='bbox 1300 5521 1674 5593; x_wconf 75' lang='grc' dir='ltr'>ἐπιτρέπομεν</span> <span class='ocrx_word' id='word_1_788' title='bbox 1707 5525 1945 5588; x_wconf 69' lang='grc' dir='ltr'>ἑαυτοῖς,</span> <span class='ocrx_word' id='word_1_789' title='bbox 1968 5526 2002 5596; x_wconf 77' lang='grc' dir='ltr'><strong>ἢ</strong></span> <span class='ocrx_word' id='word_1_790' title='bbox 2031 5526 2147 5580; x_wconf 78' lang='grc' dir='ltr'>ἐτέ-</span> 
     </span>
    </p>
   </div>
   <div class='ocr_carea' id='block_1_101' title="bbox 562 5611 2148 5688">
    <p class='ocr_par' dir='ltr' id='par_1_101' title="bbox 562 5611 2148 5688">
     <span class='ocr_line' id='line_1_101' title="bbox 562 5611 2148 5688; baseline 0.003 -22"><span class='ocrx_word' id='word_1_791' title='bbox 562 5630 699 5683; x_wconf 84' lang='grc' dir='ltr'>ροις,</span> <span class='ocrx_word' id='word_1_792' title='bbox 728 5612 763 5683; x_wconf 81' lang='grc' dir='ltr'>ἢ</span> <span class='ocrx_word' id='word_1_793' title='bbox 790 5612 937 5679; x_wconf 77' lang='grc' dir='ltr'>λέξιν</span> <span class='ocrx_word' id='word_1_794' title='bbox 964 5611 1196 5683; x_wconf 80' lang='grc' dir='ltr'>ἀμεῖψαι</span> <span class='ocrx_word' id='word_1_795' title='bbox 1222 5612 1331 5666; x_wconf 83' lang='grc' dir='ltr'><strong>τῶν</strong></span> <span class='ocrx_word' id='word_1_796' title='bbox 1357 5614 1702 5684; x_wconf 77' lang='grc' dir='ltr'>ἐγκειμένων</span> <span class='ocrx_word' id='word_1_797' title='bbox 1730 5616 1936 5681; x_wconf 80' lang='grc' dir='ltr'>ἐκεῖσε,</span> <span class='ocrx_word' id='word_1_798' title='bbox 1958 5619 1990 5688; x_wconf 73' lang='grc' dir='ltr'><strong>ἢ</strong></span> <span class='ocrx_word' id='word_1_799' title='bbox 2017 5618 2148 5686; x_wconf 85' lang='grc' dir='ltr'>μίαν</span> 
     </span>
    </p>
   </div>
   <div class='ocr_carea' id='block_1_102' title="bbox 558 5705 2147 5778">
    <p class='ocr_par' dir='ltr' id='par_1_102' title="bbox 558 5705 2147 5778">
     <span class='ocr_line' id='line_1_102' title="bbox 558 5705 2147 5778; baseline -0.001 -17"><span class='ocrx_word' id='word_1_800' title='bbox 558 5706 693 5775; x_wconf 80' lang='grc' dir='ltr'>γοῦν</span> <span class='ocrx_word' id='word_1_801' title='bbox 727 5705 1044 5776; x_wconf 82' lang='grc' dir='ltr'>παραϐῆναι</span> <span class='ocrx_word' id='word_1_802' title='bbox 1080 5705 1375 5777; x_wconf 77' lang='grc' dir='ltr'>συλλαϐὴν,</span> <span class='ocrx_word' id='word_1_803' title='bbox 1431 5707 1775 5777; x_wconf 84' lang='grc' dir='ltr'>μεμνημένοι</span> <span class='ocrx_word' id='word_1_804' title='bbox 1832 5707 1929 5760; x_wconf 83' lang='grc' dir='ltr'><strong>τοῦ</strong></span> <span class='ocrx_word' id='word_1_805' title='bbox 1961 5705 2147 5778; x_wconf 84' lang='grc' dir='ltr'>λέγον-</span> 
     </span>
    </p>
   </div>
   <div class='ocr_carea' id='block_1_103' title="bbox 559 5796 2152 5869">
    <p class='ocr_par' dir='ltr' id='par_1_103' title="bbox 559 5796 2152 5869">
     <span class='ocr_line' id='line_1_103' title="bbox 559 5796 2152 5869; baseline 0 -15"><span class='ocrx_word' id='word_1_806' title='bbox 559 5815 675 5866; x_wconf 83' lang='grc' dir='ltr'>τος,</span> <span class='ocrx_word' id='word_1_807' title='bbox 739 5816 759 5851; x_wconf 89' lang='grc' dir='ltr'><strong>ι</strong></span> <span class='ocrx_word' id='word_1_808' title='bbox 796 5798 889 5867; x_wconf 77' lang='grc' dir='ltr'><strong>Μὴ</strong></span> <span class='ocrx_word' id='word_1_809' title='bbox 920 5797 1147 5869; x_wconf 84' lang='grc' dir='ltr'>μέταιρε</span> <span class='ocrx_word' id='word_1_810' title='bbox 1179 5796 1308 5867; x_wconf 83' lang='grc' dir='ltr'>ὅρια</span> <span class='ocrx_word' id='word_1_811' title='bbox 1336 5796 1557 5866; x_wconf 79' lang='grc' dir='ltr'>αἰώνια,</span> <span class='ocrx_word' id='word_1_812' title='bbox 1590 5797 1625 5853; x_wconf 78' lang='grc' dir='ltr'>ἂ</span> <span class='ocrx_word' id='word_1_813' title='bbox 1664 5799 1856 5855; x_wconf 79' lang='grc' dir='ltr'>ἔθεντο</span> <span class='ocrx_word' id='word_1_814' title='bbox 1891 5801 1939 5853; x_wconf 77' lang='grc' dir='ltr'><strong>οἱ</strong></span> <span class='ocrx_word' id='word_1_815' title='bbox 1977 5800 2152 5854; x_wconf 80' lang='grc' dir='ltr'>Πατέ-</span> 
     </span>
    </p>
   </div>
   <div class='ocr_carea' id='block_1_104' title="bbox 664 5964 2134 6040">
    <p class='ocr_par' dir='ltr' id='par_1_104' title="bbox 664 5964 2134 6040">
     <span class='ocr_line' id='line_1_104' title="bbox 664 5964 2134 6040; baseline 0 -20"><span class='ocrx_word' id='word_1_816' title='bbox 664 5964 885 6023; x_wconf 61' lang='grc' dir='ltr'>¹Μειιιι</span> <span class='ocrx_word' id='word_1_817' title='bbox 921 5967 1167 6036; x_wconf 71' lang='grc' dir='ltr'>ιγιι,20.</span> <span class='ocrx_word' id='word_1_818' title='bbox 1246 5972 1265 6004; x_wconf 85' lang='grc'>²</span> <span class='ocrx_word' id='word_1_819' title='bbox 1289 5968 1659 6040; x_wconf 44' lang='grc' dir='ltr'>Ερίιοεανπ.</span> <span class='ocrx_word' id='word_1_820' title='bbox 1753 5970 1773 6002; x_wconf 84' lang='grc'><em>³</em></span> <span class='ocrx_word' id='word_1_821' title='bbox 1806 5967 1982 6025; x_wconf 85' lang='lat' dir='ltr'><strong>Gaiat.</strong></span> <span class='ocrx_word' id='word_1_822' title='bbox 2012 5982 2051 6031; x_wconf 71' lang='grc' dir='ltr'><strong>ι,</strong></span> <span class='ocrx_word' id='word_1_823' title='bbox 2081 5965 2134 6022; x_wconf 82' lang='grc'>8.</span> 
     </span>
    </p>
   </div>
   <div class='ocr_carea' id='block_1_105' title="bbox 2322 4955 3835 5033">
    <p class='ocr_par' dir='ltr' id='par_1_105' title="bbox 2322 4955 3835 5033">
     <span class='ocr_line' id='line_1_105' title="bbox 2322 4955 3835 5033; baseline -0.01 -9"><span class='ocrx_word' id='word_1_824' title='bbox 2322 4967 2377 5024; x_wconf 90' lang='lat'><strong>9.</strong></span> <span class='ocrx_word' id='word_1_825' title='bbox 2443 4966 2714 5022; x_wconf 65' lang='lat' dir='ltr'><strong>Praeterea</strong></span> <span class='ocrx_word' id='word_1_826' title='bbox 2756 4965 2977 5020; x_wconf 88' lang='lat' dir='ltr'><strong>diccbat</strong></span> <span class='ocrx_word' id='word_1_827' title='bbox 3036 4960 3333 5033; x_wconf 87' lang='lat' dir='ltr'><strong>Ephesius.</strong></span> <span class='ocrx_word' id='word_1_828' title='bbox 3404 4955 3835 5029; x_wconf 85' lang='lat' dir='ltr'><strong>prohibitionem</strong></span> 
     </span>
    </p>
   </div>
   <div class='ocr_carea' id='block_1_106' title="bbox 2253 5045 3838 5121">
    <p class='ocr_par' dir='ltr' id='par_1_106' title="bbox 2253 5045 3838 5121">
     <span class='ocr_line' id='line_1_106' title="bbox 2253 5045 3838 5121; baseline -0.007 -11"><span class='ocrx_word' id='word_1_829' title='bbox 2253 5055 2394 5110; x_wconf 88' lang='lat' dir='ltr'><strong>hanc</strong></span> <span class='ocrx_word' id='word_1_830' title='bbox 2426 5068 2455 5109; x_wconf 90' lang='lat' dir='ltr'><strong>a</strong></span> <span class='ocrx_word' id='word_1_831' title='bbox 2484 5064 2677 5111; x_wconf 86' lang='lat' dir='ltr'><strong>sancta</strong></span> <span class='ocrx_word' id='word_1_832' title='bbox 2693 5061 2748 5110; x_wconf 84' lang='lat' dir='ltr'><strong>ct</strong></span> <span class='ocrx_word' id='word_1_833' title='bbox 2779 5052 3119 5111; x_wconf 69' lang='lat' dir='ltr'><strong>meumenica</strong></span> <span class='ocrx_word' id='word_1_834' title='bbox 3167 5051 3329 5107; x_wconf 89' lang='lat' dir='ltr'><strong>tertia</strong></span> <span class='ocrx_word' id='word_1_835' title='bbox 3362 5046 3572 5121; x_wconf 86' lang='lat' dir='ltr'><strong>synodo</strong></span> <span class='ocrx_word' id='word_1_836' title='bbox 3590 5045 3838 5117; x_wconf 66' lang='lat' dir='ltr'><strong>praescri-</strong></span> 
     </span>
    </p>
   </div>
   <div class='ocr_carea' id='block_1_107' title="bbox 2248 5140 3844 5223">
    <p class='ocr_par' dir='ltr' id='par_1_107' title="bbox 2248 5140 3844 5223">
     <span class='ocr_line' id='line_1_107' title="bbox 2248 5140 3844 5223; baseline -0.009 -16"><span class='ocrx_word' id='word_1_837' title='bbox 2248 5160 2395 5223; x_wconf 88' lang='lat' dir='ltr'><strong>ptam</strong></span> <span class='ocrx_word' id='word_1_838' title='bbox 2427 5149 2635 5216; x_wconf 80' lang='lat' dir='ltr'><strong>fuisse;</strong></span> <span class='ocrx_word' id='word_1_839' title='bbox 2662 5163 2898 5214; x_wconf 88' lang='lat' dir='ltr'><strong>namque</strong></span> <span class='ocrx_word' id='word_1_840' title='bbox 2926 5145 3115 5202; x_wconf 87' lang='lat' dir='ltr'><strong>scribit</strong></span> <span class='ocrx_word' id='word_1_841' title='bbox 3144 5162 3159 5200; x_wconf 88' lang='lat'><strong>:</strong></span> <span class='ocrx_word' id='word_1_842' title='bbox 3194 5162 3214 5197; x_wconf 91' lang='grc' dir='ltr'><strong>ι</strong></span> <span class='ocrx_word' id='word_1_843' title='bbox 3253 5142 3414 5198; x_wconf 88' lang='lat' dir='ltr'><strong>Nullo</strong></span> <span class='ocrx_word' id='word_1_844' title='bbox 3443 5140 3607 5196; x_wconf 90' lang='lat' dir='ltr'><strong>modo</strong></span> <span class='ocrx_word' id='word_1_845' title='bbox 3655 5153 3844 5193; x_wconf 85' lang='lat' dir='ltr'><strong>move-</strong></span> 
     </span>
    </p>
   </div>
   <div class='ocr_carea' id='block_1_108' title="bbox 2250 5230 3842 5314">
    <p class='ocr_par' dir='ltr' id='par_1_108' title="bbox 2250 5230 3842 5314">
     <span class='ocr_line' id='line_1_108' title="bbox 2250 5230 3842 5314; baseline -0.008 -15"><span class='ocrx_word' id='word_1_846' title='bbox 2250 5244 2296 5299; x_wconf 90' lang='lat' dir='ltr'><strong>ri</strong></span> <span class='ocrx_word' id='word_1_847' title='bbox 2333 5244 2403 5299; x_wconf 91' lang='lat' dir='ltr'><strong>ab</strong></span> <span class='ocrx_word' id='word_1_848' title='bbox 2435 5242 2711 5314; x_wconf 87' lang='lat' dir='ltr'><strong>aliquibus</strong></span> <span class='ocrx_word' id='word_1_849' title='bbox 2751 5250 3095 5298; x_wconf 74' lang='lat' dir='ltr'><strong>sustinemus</strong></span> <span class='ocrx_word' id='word_1_850' title='bbox 3144 5237 3422 5293; x_wconf 87' lang='lat' dir='ltr'><strong>decretam</strong></span> <span class='ocrx_word' id='word_1_851' title='bbox 3483 5231 3669 5296; x_wconf 81' lang='lat' dir='ltr'><strong>ﬁdem,</strong></span> <span class='ocrx_word' id='word_1_852' title='bbox 3724 5230 3842 5288; x_wconf 83' lang='lat' dir='ltr'><strong>sive</strong></span> 
     </span>
    </p>
   </div>
   <div class='ocr_carea' id='block_1_109' title="bbox 2250 5319 3889 5407">
    <p class='ocr_par' dir='ltr' id='par_1_109' title="bbox 2250 5319 3889 5407">
     <span class='ocr_line' id='line_1_109' title="bbox 2250 5319 3889 5407; baseline -0.008 -18"><span class='ocrx_word' id='word_1_853' title='bbox 2250 5334 2372 5391; x_wconf 84' lang='lat' dir='ltr'><strong>tidei</strong></span> <span class='ocrx_word' id='word_1_854' title='bbox 2413 5333 2733 5407; x_wconf 85' lang='lat' dir='ltr'><strong>Symbolum</strong></span> <span class='ocrx_word' id='word_1_855' title='bbox 2767 5345 2795 5386; x_wconf 85' lang='lat' dir='ltr'><strong>a</strong></span> <span class='ocrx_word' id='word_1_856' title='bbox 2821 5329 3031 5388; x_wconf 88' lang='lat' dir='ltr'><strong>sanctis</strong></span> <span class='ocrx_word' id='word_1_857' title='bbox 3085 5326 3344 5382; x_wconf 87' lang='lat' dir='ltr'><strong>Patribus</strong></span> <span class='ocrx_word' id='word_1_858' title='bbox 3395 5322 3603 5379; x_wconf 86' lang='lat' dir='ltr'><strong>nostris</strong></span> <span class='ocrx_word' id='word_1_859' title='bbox 3638 5319 3839 5377; x_wconf 65' lang='lat' dir='ltr'><strong>Nicaeae</strong></span> <span class='ocrx_word' id='word_1_860' title='bbox 3880 5388 3889 5397; x_wconf 86' lang='lat'><em>_</em></span> 
     </span>
    </p>
   </div>
   <div class='ocr_carea' id='block_1_110' title="bbox 2249 5415 3841 5497">
    <p class='ocr_par' dir='ltr' id='par_1_110' title="bbox 2249 5415 3841 5497">
     <span class='ocr_line' id='line_1_110' title="bbox 2249 5415 3841 5497; baseline -0.01 -12"><span class='ocrx_word' id='word_1_861' title='bbox 2249 5428 2419 5485; x_wconf 86' lang='lat' dir='ltr'><strong>certis</strong></span> <span class='ocrx_word' id='word_1_862' title='bbox 2457 5426 2797 5497; x_wconf 88' lang='lat' dir='ltr'><strong>temporibus</strong></span> <span class='ocrx_word' id='word_1_863' title='bbox 2819 5419 3169 5494; x_wconf 78' lang='lat' dir='ltr'><strong>congregatis</strong></span> <span class='ocrx_word' id='word_1_864' title='bbox 3199 5415 3570 5488; x_wconf 89' lang='lat' dir='ltr'><strong>compositum</strong></span> <span class='ocrx_word' id='word_1_865' title='bbox 3612 5432 3628 5471; x_wconf 89' lang='lat'><strong>:</strong></span> <span class='ocrx_word' id='word_1_866' title='bbox 3658 5429 3841 5486; x_wconf 89' lang='lat' dir='ltr'><strong>neque</strong></span> 
     </span>
    </p>
   </div>
   <div class='ocr_carea' id='block_1_111' title="bbox 2252 5508 3839 5591">
    <p class='ocr_par' dir='ltr' id='par_1_111' title="bbox 2252 5508 3839 5591">
     <span class='ocr_line' id='line_1_111' title="bbox 2252 5508 3839 5591; baseline -0.008 -16"><span class='ocrx_word' id='word_1_867' title='bbox 2252 5521 2414 5577; x_wconf 86' lang='lat' dir='ltr'><strong>nobis</strong></span> <span class='ocrx_word' id='word_1_868' title='bbox 2444 5519 2602 5591; x_wconf 90' lang='lat' dir='ltr'><strong>ipsis,</strong></span> <span class='ocrx_word' id='word_1_869' title='bbox 2637 5516 2724 5572; x_wconf 89' lang='lat' dir='ltr'><strong>vel</strong></span> <span class='ocrx_word' id='word_1_870' title='bbox 2756 5516 2885 5571; x_wconf 85' lang='lat' dir='ltr'><strong>aliis</strong></span> <span class='ocrx_word' id='word_1_871' title='bbox 2934 5512 3329 5584; x_wconf 87' lang='lat' dir='ltr'><strong>permittimus,</strong></span> <span class='ocrx_word' id='word_1_872' title='bbox 3387 5517 3483 5564; x_wconf 89' lang='lat' dir='ltr'><strong>aut</strong></span> <span class='ocrx_word' id='word_1_873' title='bbox 3534 5523 3714 5564; x_wconf 86' lang='lat' dir='ltr'><strong>rerum</strong></span> <span class='ocrx_word' id='word_1_874' title='bbox 3765 5508 3839 5564; x_wconf 87' lang='lat' dir='ltr'><strong>ibi</strong></span> 
     </span>
    </p>
   </div>
   <div class='ocr_carea' id='block_1_112' title="bbox 2249 5600 3837 5686">
    <p class='ocr_par' dir='ltr' id='par_1_112' title="bbox 2249 5600 3837 5686">
     <span class='ocr_line' id='line_1_112' title="bbox 2249 5600 3837 5686; baseline -0.008 -22"><span class='ocrx_word' id='word_1_875' title='bbox 2249 5613 2548 5686; x_wconf 86' lang='lat' dir='ltr'><strong>positarum</strong></span> <span class='ocrx_word' id='word_1_876' title='bbox 2587 5609 2885 5666; x_wconf 87' lang='lat' dir='ltr'><strong>dictionem</strong></span> <span class='ocrx_word' id='word_1_877' title='bbox 2911 5606 3225 5671; x_wconf 88' lang='lat' dir='ltr'><strong>immutare,</strong></span> <span class='ocrx_word' id='word_1_878' title='bbox 3261 5609 3539 5656; x_wconf 87' lang='lat' dir='ltr'><strong>autunam</strong></span> <span class='ocrx_word' id='word_1_879' title='bbox 3570 5600 3837 5672; x_wconf 81' lang='lat' dir='ltr'><strong>syllabam</strong></span> 
     </span>
    </p>
   </div>
   <div class='ocr_carea' id='block_1_113' title="bbox 2250 5693 3842 5777">
    <p class='ocr_par' dir='ltr' id='par_1_113' title="bbox 2250 5693 3842 5777">
     <span class='ocr_line' id='line_1_113' title="bbox 2250 5693 3842 5777; baseline -0.007 -18"><span class='ocrx_word' id='word_1_880' title='bbox 2250 5702 2623 5777; x_wconf 66' lang='lat' dir='ltr'><strong>prmlergrcdi,</strong></span> <span class='ocrx_word' id='word_1_881' title='bbox 2659 5698 2895 5755; x_wconf 78' lang='lat' dir='ltr'><strong>dicentis</strong></span> <span class='ocrx_word' id='word_1_882' title='bbox 2941 5711 3235 5764; x_wconf 87' lang='lat' dir='ltr'><strong>memores,</strong></span> <span class='ocrx_word' id='word_1_883' title='bbox 3289 5709 3358 5750; x_wconf 91' lang='lat' dir='ltr'><strong>ne</strong></span> <span class='ocrx_word' id='word_1_884' title='bbox 3413 5693 3645 5752; x_wconf 89' lang='lat' dir='ltr'><strong>sustolle</strong></span> <span class='ocrx_word' id='word_1_885' title='bbox 3696 5693 3842 5759; x_wconf 47' lang='lat' dir='ltr'><strong>,iincs</strong></span> 
     </span>
    </p>
   </div>
   <div class='ocr_carea' id='block_1_114' title="bbox 2251 5789 3839 5872">
    <p class='ocr_par' dir='ltr' id='par_1_114' title="bbox 2251 5789 3839 5872">
     <span class='ocr_line' id='line_1_114' title="bbox 2251 5789 3839 5872; baseline -0.009 -17"><span class='ocrx_word' id='word_1_886' title='bbox 2251 5797 2641 5872; x_wconf 82' lang='lat' dir='ltr'><strong>sempiternos,</strong></span> <span class='ocrx_word' id='word_1_887' title='bbox 2673 5809 2813 5866; x_wconf 88' lang='lat' dir='ltr'><strong>quos</strong></span> <span class='ocrx_word' id='word_1_888' title='bbox 2847 5806 3083 5865; x_wconf 85' lang='lat' dir='ltr'><strong>posuere</strong></span> <span class='ocrx_word' id='word_1_889' title='bbox 3117 5789 3307 5848; x_wconf 81' lang='lat' dir='ltr'><strong>Patres</strong></span> <span class='ocrx_word' id='word_1_890' title='bbox 3347 5789 3450 5856; x_wconf 88' lang='lat' dir='ltr'><strong>tui,</strong></span> <span class='ocrx_word' id='word_1_891' title='bbox 3479 5799 3535 5849; x_wconf 89' lang='lat' dir='ltr'><strong>et</strong></span> <span class='ocrx_word' id='word_1_892' title='bbox 3573 5802 3695 5860; x_wconf 84' lang='lat' dir='ltr'><strong>quae</strong></span> <span class='ocrx_word' id='word_1_893' title='bbox 3748 5800 3839 5844; x_wconf 78' lang='lat' dir='ltr'><strong>se-</strong></span> 
     </span>
    </p>
   </div>
  </div>
