  <div class='ocr_page' id='page_1' title='image "/cluster/home/n/w/nwhite01/storage/ocr_20150623/160/coo.31924054870658/117.png"; bbox 0 0 4102 6480; ppageno 0'>
   <div class='ocr_carea' id='block_1_1' title="bbox 301 469 417 535">
    <p class='ocr_par' dir='ltr' id='par_1_1' title="bbox 301 469 417 535">
     <span class='ocr_line' id='line_1_1' title="bbox 301 469 417 535; baseline -0.017 0"><span class='ocrx_word' id='word_1_1' title='bbox 301 469 417 535; x_wconf 64' lang='lat'><strong>9‘19</strong></span> 
     </span>
    </p>
   </div>
   <div class='ocr_carea' id='block_1_2' title="bbox 1233 473 2677 538">
    <p class='ocr_par' dir='ltr' id='par_1_2' title="bbox 1233 473 2677 538">
     <span class='ocr_line' id='line_1_2' title="bbox 1233 473 2677 538; baseline -0.003 0"><span class='ocrx_word' id='word_1_2' title='bbox 1233 478 1620 538; x_wconf 78' lang='lat' dir='ltr'><strong>GBEGORH</strong></span> <span class='ocrx_word' id='word_1_3' title='bbox 1673 474 1972 536; x_wconf 74' lang='grc' dir='ltr'><strong>ΜΑΜΜίΕ</strong></span> <span class='ocrx_word' id='word_1_4' title='bbox 2009 475 2116 536; x_wconf 88' lang='lat' dir='ltr'><strong>CP.</strong></span> <span class='ocrx_word' id='word_1_5' title='bbox 2164 473 2677 535; x_wconf 69' lang='lat' dir='ltr'><strong>PATRIARCILE</strong></span> 
     </span>
    </p>
   </div>
   <div class='ocr_carea' id='block_1_3' title="bbox 3459 473 3567 539">
    <p class='ocr_par' dir='ltr' id='par_1_3' title="bbox 3459 473 3567 539">
     <span class='ocr_line' id='line_1_3' title="bbox 3459 473 3567 539; baseline -0.028 -1"><span class='ocrx_word' id='word_1_6' title='bbox 3459 473 3567 539; x_wconf 70' lang='lat'><strong>220</strong></span> 
     </span>
    </p>
   </div>
   <div class='ocr_carea' id='block_1_4' title="bbox 306 590 1887 682">
    <p class='ocr_par' dir='ltr' id='par_1_4' title="bbox 306 590 1881 660">
     <span class='ocr_line' id='line_1_4' title="bbox 306 590 1881 660; baseline 0.001 -17"><span class='ocrx_word' id='word_1_7' title='bbox 306 603 574 660; x_wconf 78' lang='lat' dir='ltr'><strong>quuntur.</strong></span> <span class='ocrx_word' id='word_1_8' title='bbox 609 590 732 648; x_wconf 65' lang='lat' dir='ltr'><strong>Hac</strong></span> <span class='ocrx_word' id='word_1_9' title='bbox 756 601 815 648; x_wconf 85' lang='grc' dir='ltr'><strong>ιιι</strong></span> <span class='ocrx_word' id='word_1_10' title='bbox 844 608 904 650; x_wconf 88' lang='lat' dir='ltr'><strong>se</strong></span> <span class='ocrx_word' id='word_1_11' title='bbox 928 593 1188 658; x_wconf 82' lang='lat' dir='ltr'><strong>habeant,</strong></span> <span class='ocrx_word' id='word_1_12' title='bbox 1213 594 1651 649; x_wconf 69' lang='lat' dir='ltr'><strong>consideremus.</strong></span> <span class='ocrx_word' id='word_1_13' title='bbox 1694 591 1881 659; x_wconf 78' lang='lat' dir='ltr'><strong>Neque</strong></span> 
     </span>
    </p>
   </div>
   <div class='ocr_carea' id='block_1_5' title="bbox 1991 590 3562 682">
    <p class='ocr_par' dir='ltr' id='par_1_5' title="bbox 1991 609 3562 682">
     <span class='ocr_line' id='line_1_5' title="bbox 1991 609 3562 682; baseline 0.003 -20"><span class='ocrx_word' id='word_1_14' title='bbox 1991 629 2076 682; x_wconf 86' lang='grc' dir='ltr'><strong>ρες</strong></span> <span class='ocrx_word' id='word_1_15' title='bbox 2110 627 2224 664; x_wconf 91' lang='grc' dir='ltr'>σου·</span> <span class='ocrx_word' id='word_1_16' title='bbox 2262 631 2280 664; x_wconf 75' lang='grc' dir='ltr'><strong>ι</strong></span> <span class='ocrx_word' id='word_1_17' title='bbox 2325 613 2419 664; x_wconf 77' lang='grc' dir='ltr'>καὶ</span> <span class='ocrx_word' id='word_1_18' title='bbox 2451 612 2518 664; x_wconf 69' lang='grc' dir='ltr'>τὰ</span> <span class='ocrx_word' id='word_1_19' title='bbox 2548 611 2694 676; x_wconf 80' lang='grc' dir='ltr'>ἑξῆς.</span> <span class='ocrx_word' id='word_1_20' title='bbox 2737 610 2973 676; x_wconf 81' lang='grc' dir='ltr'>Ἰδωμεν</span> <span class='ocrx_word' id='word_1_21' title='bbox 3005 609 3062 662; x_wconf 78' lang='grc' dir='ltr'>δὲ</span> <span class='ocrx_word' id='word_1_22' title='bbox 3090 611 3206 672; x_wconf 80' lang='grc' dir='ltr'>πῶς</span> <span class='ocrx_word' id='word_1_23' title='bbox 3244 611 3384 681; x_wconf 80' lang='grc' dir='ltr'>ἔχει.</span> <span class='ocrx_word' id='word_1_24' title='bbox 3452 615 3562 667; x_wconf 76' lang='grc' dir='ltr'><strong>Καὶ</strong></span> 
     </span>
    </p>
   </div>
   <div class='ocr_carea' id='block_1_6' title="bbox 303 682 1882 755">
    <p class='ocr_par' dir='ltr' id='par_1_6' title="bbox 303 682 1882 755">
     <span class='ocr_line' id='line_1_6' title="bbox 303 682 1882 755; baseline 0.004 -23"><span class='ocrx_word' id='word_1_25' title='bbox 303 700 376 738; x_wconf 70' lang='lat' dir='ltr'><strong>ex</strong></span> <span class='ocrx_word' id='word_1_26' title='bbox 409 685 625 748; x_wconf 87' lang='lat' dir='ltr'><strong>alienis,</strong></span> <span class='ocrx_word' id='word_1_27' title='bbox 657 701 834 754; x_wconf 89' lang='lat' dir='ltr'><strong>neque</strong></span> <span class='ocrx_word' id='word_1_28' title='bbox 857 699 922 739; x_wconf 82' lang='lat' dir='ltr'><strong>ex</strong></span> <span class='ocrx_word' id='word_1_29' title='bbox 970 686 1175 741; x_wconf 78' lang='lat' dir='ltr'><strong>nostris</strong></span> <span class='ocrx_word' id='word_1_30' title='bbox 1225 686 1478 755; x_wconf 73' lang='lat' dir='ltr'><strong>cogitatis</strong></span> <span class='ocrx_word' id='word_1_31' title='bbox 1537 682 1882 740; x_wconf 81' lang='lat' dir='ltr'><strong>demonstra-</strong></span> 
     </span>
    </p>
   </div>
   <div class='ocr_carea' id='block_1_7' title="bbox 308 777 1885 838">
    <p class='ocr_par' dir='ltr' id='par_1_7' title="bbox 308 777 1885 838">
     <span class='ocr_line' id='line_1_7' title="bbox 308 777 1885 838; baseline 0 -6"><span class='ocrx_word' id='word_1_32' title='bbox 308 778 509 838; x_wconf 80' lang='lat' dir='ltr'><strong>bimus,</strong></span> <span class='ocrx_word' id='word_1_33' title='bbox 539 777 632 832; x_wconf 89' lang='lat' dir='ltr'><strong>sed</strong></span> <span class='ocrx_word' id='word_1_34' title='bbox 658 794 721 833; x_wconf 80' lang='lat' dir='ltr'><strong>ex</strong></span> <span class='ocrx_word' id='word_1_35' title='bbox 748 787 1064 833; x_wconf 89' lang='lat' dir='ltr'><strong>sanctorum</strong></span> <span class='ocrx_word' id='word_1_36' title='bbox 1091 779 1312 833; x_wconf 80' lang='lat' dir='ltr'><strong>Patrum</strong></span> <span class='ocrx_word' id='word_1_37' title='bbox 1345 788 1399 834; x_wconf 88' lang='lat' dir='ltr'><strong>et</strong></span> <span class='ocrx_word' id='word_1_38' title='bbox 1431 777 1684 834; x_wconf 81' lang='lat' dir='ltr'><strong>Ecclesiae</strong></span> <span class='ocrx_word' id='word_1_39' title='bbox 1699 778 1885 832; x_wconf 89' lang='lat' dir='ltr'><strong>docto—</strong></span> 
     </span>
    </p>
   </div>
   <div class='ocr_carea' id='block_1_8' title="bbox 311 869 1880 940">
    <p class='ocr_par' dir='ltr' id='par_1_8' title="bbox 311 869 1880 940">
     <span class='ocr_line' id='line_1_8' title="bbox 311 869 1880 940; baseline 0.001 -19"><span class='ocrx_word' id='word_1_40' title='bbox 311 884 431 921; x_wconf 89' lang='lat' dir='ltr'><strong>rum</strong></span> <span class='ocrx_word' id='word_1_41' title='bbox 465 869 652 933; x_wconf 85' lang='lat' dir='ltr'><strong>dictis,</strong></span> <span class='ocrx_word' id='word_1_42' title='bbox 681 885 790 924; x_wconf 89' lang='lat' dir='ltr'><strong>non</strong></span> <span class='ocrx_word' id='word_1_43' title='bbox 819 885 848 922; x_wconf 92' lang='lat' dir='ltr'><strong>a</strong></span> <span class='ocrx_word' id='word_1_44' title='bbox 881 870 1041 925; x_wconf 89' lang='lat' dir='ltr'><strong>tertia</strong></span> <span class='ocrx_word' id='word_1_45' title='bbox 1061 871 1284 940; x_wconf 87' lang='lat' dir='ltr'><strong>synodo,</strong></span> <span class='ocrx_word' id='word_1_46' title='bbox 1311 870 1407 926; x_wconf 89' lang='lat' dir='ltr'><strong>sed</strong></span> <span class='ocrx_word' id='word_1_47' title='bbox 1440 879 1566 925; x_wconf 90' lang='lat' dir='ltr'><strong>ante</strong></span> <span class='ocrx_word' id='word_1_48' title='bbox 1583 870 1880 926; x_wconf 85' lang='lat' dir='ltr'><strong>secundam</strong></span> 
     </span>
    </p>
   </div>
   <div class='ocr_carea' id='block_1_9' title="bbox 310 959 1882 1028">
    <p class='ocr_par' dir='ltr' id='par_1_9' title="bbox 310 959 1882 1028">
     <span class='ocr_line' id='line_1_9' title="bbox 310 959 1882 1028; baseline 0.003 -19"><span class='ocrx_word' id='word_1_49' title='bbox 310 973 528 1027; x_wconf 91' lang='lat' dir='ltr'><strong>quoque</strong></span> <span class='ocrx_word' id='word_1_50' title='bbox 555 959 974 1028; x_wconf 71' lang='lat' dir='ltr'><strong>prohibitionem</strong></span> <span class='ocrx_word' id='word_1_51' title='bbox 1010 961 1156 1015; x_wconf 87' lang='lat' dir='ltr'><strong>illam</strong></span> <span class='ocrx_word' id='word_1_52' title='bbox 1181 960 1382 1016; x_wconf 78' lang='lat' dir='ltr'><strong>factam</strong></span> <span class='ocrx_word' id='word_1_53' title='bbox 1407 961 1599 1016; x_wconf 83' lang='lat' dir='ltr'><strong>fuisse.</strong></span> <span class='ocrx_word' id='word_1_54' title='bbox 1671 959 1882 1016; x_wconf 77' lang='lat' dir='ltr'><strong>Scribit</strong></span> 
     </span>
    </p>
   </div>
   <div class='ocr_carea' id='block_1_10' title="bbox 310 1053 1882 1125">
    <p class='ocr_par' dir='ltr' id='par_1_10' title="bbox 310 1053 1882 1125">
     <span class='ocr_line' id='line_1_10' title="bbox 310 1053 1882 1125; baseline 0.003 -23"><span class='ocrx_word' id='word_1_55' title='bbox 310 1066 547 1120; x_wconf 80' lang='lat' dir='ltr'><strong>namque</strong></span> <span class='ocrx_word' id='word_1_56' title='bbox 565 1066 796 1122; x_wconf 80' lang='lat' dir='ltr'><strong>magnus</strong></span> <span class='ocrx_word' id='word_1_57' title='bbox 827 1053 1061 1108; x_wconf 77' lang='lat' dir='ltr'><strong>Basilius</strong></span> <span class='ocrx_word' id='word_1_58' title='bbox 1113 1054 1344 1125; x_wconf 87' lang='lat' dir='ltr'><strong>epistola</strong></span> <span class='ocrx_word' id='word_1_59' title='bbox 1384 1057 1450 1110; x_wconf 89' lang='lat' dir='ltr'><strong>ad</strong></span> <span class='ocrx_word' id='word_1_60' title='bbox 1486 1055 1882 1110; x_wconf 83' lang='lat' dir='ltr'><strong>Antiochenam</strong></span> 
     </span>
    </p>
   </div>
   <div class='ocr_carea' id='block_1_11' title="bbox 313 1141 1880 1217">
    <p class='ocr_par' dir='ltr' id='par_1_11' title="bbox 313 1141 1880 1217">
     <span class='ocr_line' id='line_1_11' title="bbox 313 1141 1880 1217; baseline 0.006 -22"><span class='ocrx_word' id='word_1_61' title='bbox 313 1141 638 1209; x_wconf 81' lang='lat' dir='ltr'><strong>Eeclesiam,</strong></span> <span class='ocrx_word' id='word_1_62' title='bbox 679 1146 836 1215; x_wconf 86' lang='lat' dir='ltr'><strong>cujus</strong></span> <span class='ocrx_word' id='word_1_63' title='bbox 905 1147 1236 1217; x_wconf 84' lang='lat' dir='ltr'><strong>principium</strong></span> <span class='ocrx_word' id='word_1_64' title='bbox 1280 1167 1294 1204; x_wconf 90' lang='lat'><strong>:</strong></span> <span class='ocrx_word' id='word_1_65' title='bbox 1339 1148 1473 1215; x_wconf 86' lang='lat' dir='ltr'><strong>Quis</strong></span> <span class='ocrx_word' id='word_1_66' title='bbox 1529 1149 1680 1204; x_wconf 84' lang='lat' dir='ltr'><strong>dabit</strong></span> <span class='ocrx_word' id='word_1_67' title='bbox 1749 1150 1880 1204; x_wconf 90' lang='lat' dir='ltr'><strong>mihi</strong></span> 
     </span>
    </p>
   </div>
   <div class='ocr_carea' id='block_1_12' title="bbox 313 1239 1884 1313">
    <p class='ocr_par' dir='ltr' id='par_1_12' title="bbox 313 1239 1884 1313">
     <span class='ocr_line' id='line_1_12' title="bbox 313 1239 1884 1313; baseline 0.005 -23"><span class='ocrx_word' id='word_1_68' title='bbox 313 1239 430 1294; x_wconf 90' lang='lat' dir='ltr'><strong>alas</strong></span> <span class='ocrx_word' id='word_1_69' title='bbox 463 1239 638 1293; x_wconf 86' lang='lat' dir='ltr'><strong>instar</strong></span> <span class='ocrx_word' id='word_1_70' title='bbox 695 1239 999 1294; x_wconf 77' lang='lat' dir='ltr'><strong>columbae?</strong></span> <span class='ocrx_word' id='word_1_71' title='bbox 1039 1258 1052 1294; x_wconf 92' lang='lat'>:</span> <span class='ocrx_word' id='word_1_72' title='bbox 1091 1260 1109 1292; x_wconf 80' lang='grc' dir='ltr'><strong>ι</strong></span> <span class='ocrx_word' id='word_1_73' title='bbox 1140 1240 1323 1296; x_wconf 89' lang='lat' dir='ltr'><strong>Fidem</strong></span> <span class='ocrx_word' id='word_1_74' title='bbox 1361 1259 1461 1298; x_wconf 90' lang='lat' dir='ltr'><strong>nos</strong></span> <span class='ocrx_word' id='word_1_75' title='bbox 1492 1259 1670 1313; x_wconf 90' lang='lat' dir='ltr'><strong>neque</strong></span> <span class='ocrx_word' id='word_1_76' title='bbox 1699 1259 1884 1300; x_wconf 88' lang='lat' dir='ltr'><strong>recen-</strong></span> 
     </span>
    </p>
   </div>
   <div class='ocr_carea' id='block_1_13' title="bbox 312 1330 1880 1408">
    <p class='ocr_par' dir='ltr' id='par_1_13' title="bbox 312 1330 1880 1408">
     <span class='ocr_line' id='line_1_13' title="bbox 312 1330 1880 1408; baseline 0.007 -25"><span class='ocrx_word' id='word_1_77' title='bbox 312 1333 504 1385; x_wconf 75' lang='lat' dir='ltr'><strong>liorem</strong></span> <span class='ocrx_word' id='word_1_78' title='bbox 532 1333 599 1386; x_wconf 88' lang='lat' dir='ltr'><strong>ab</strong></span> <span class='ocrx_word' id='word_1_79' title='bbox 615 1330 737 1385; x_wconf 87' lang='lat' dir='ltr'><strong>aliis</strong></span> <span class='ocrx_word' id='word_1_80' title='bbox 757 1335 1119 1404; x_wconf 81' lang='lat' dir='ltr'><strong>conscriptam</strong></span> <span class='ocrx_word' id='word_1_81' title='bbox 1149 1345 1523 1405; x_wconf 88' lang='lat' dir='ltr'><strong>acceptamus,</strong></span> <span class='ocrx_word' id='word_1_82' title='bbox 1547 1353 1725 1406; x_wconf 83' lang='lat' dir='ltr'><strong>neque</strong></span> <span class='ocrx_word' id='word_1_83' title='bbox 1747 1339 1880 1408; x_wconf 86' lang='lat' dir='ltr'><strong>ipsis</strong></span> 
     </span>
    </p>
   </div>
   <div class='ocr_carea' id='block_1_14' title="bbox 1983 702 3561 775">
    <p class='ocr_par' dir='ltr' id='par_1_14' title="bbox 1983 702 3561 775">
     <span class='ocr_line' id='line_1_14' title="bbox 1983 702 3561 775; baseline 0.001 -19"><span class='ocrx_word' id='word_1_84' title='bbox 1983 705 2082 757; x_wconf 85' lang='grc' dir='ltr'><strong>οὐκ</strong></span> <span class='ocrx_word' id='word_1_85' title='bbox 2113 704 2310 774; x_wconf 81' lang='grc' dir='ltr'>ἔχομεν</span> <span class='ocrx_word' id='word_1_86' title='bbox 2335 703 2494 756; x_wconf 80' lang='grc' dir='ltr'>τοῦτο</span> <span class='ocrx_word' id='word_1_87' title='bbox 2520 702 2694 763; x_wconf 76' lang='grc' dir='ltr'>ἄλλως</span> <span class='ocrx_word' id='word_1_88' title='bbox 2726 703 3004 765; x_wconf 77' lang='grc' dir='ltr'>ἀποδεῖξαι</span> <span class='ocrx_word' id='word_1_89' title='bbox 3036 703 3146 757; x_wconf 75' lang='grc' dir='ltr'>οὐδ’</span> <span class='ocrx_word' id='word_1_90' title='bbox 3174 704 3281 757; x_wconf 77' lang='grc' dir='ltr'><strong>ἀπὸ</strong></span> <span class='ocrx_word' id='word_1_91' title='bbox 3313 706 3561 775; x_wconf 80' lang='grc' dir='ltr'>τῆςὴμε-</span> 
     </span>
    </p>
   </div>
   <div class='ocr_carea' id='block_1_15' title="bbox 1983 787 3564 864">
    <p class='ocr_par' dir='ltr' id='par_1_15' title="bbox 1983 787 3564 864">
     <span class='ocr_line' id='line_1_15' title="bbox 1983 787 3564 864; baseline 0.001 -16"><span class='ocrx_word' id='word_1_92' title='bbox 1983 796 2144 864; x_wconf 80' lang='grc' dir='ltr'><strong>τέρας</strong></span> <span class='ocrx_word' id='word_1_93' title='bbox 2176 796 2435 860; x_wconf 89' lang='grc' dir='ltr'>διανοίας,</span> <span class='ocrx_word' id='word_1_94' title='bbox 2466 793 2582 850; x_wconf 81' lang='grc' dir='ltr'>ἀλλ’</span> <span class='ocrx_word' id='word_1_95' title='bbox 2615 791 2674 858; x_wconf 74' lang='grc' dir='ltr'>ἐξ</span> <span class='ocrx_word' id='word_1_96' title='bbox 2705 787 2779 845; x_wconf 77' lang='grc' dir='ltr'>ὧν</span> <span class='ocrx_word' id='word_1_97' title='bbox 2810 795 2859 846; x_wconf 79' lang='lat' dir='ltr'><strong>ot</strong></span> <span class='ocrx_word' id='word_1_98' title='bbox 2893 793 3027 846; x_wconf 85' lang='grc' dir='ltr'>θεῖοι</span> <span class='ocrx_word' id='word_1_99' title='bbox 3061 795 3307 864; x_wconf 84' lang='grc' dir='ltr'>Πατέρες</span> <span class='ocrx_word' id='word_1_100' title='bbox 3362 797 3457 849; x_wconf 71' lang='grc' dir='ltr'>καὶ</span> <span class='ocrx_word' id='word_1_101' title='bbox 3487 797 3564 850; x_wconf 89' lang='grc' dir='ltr'>δι-</span> 
     </span>
    </p>
   </div>
   <div class='ocr_carea' id='block_1_16' title="bbox 1984 884 3563 955">
    <p class='ocr_par' dir='ltr' id='par_1_16' title="bbox 1984 884 3563 955">
     <span class='ocr_line' id='line_1_16' title="bbox 1984 884 3563 955; baseline 0.003 -17"><span class='ocrx_word' id='word_1_102' title='bbox 1984 885 2243 939; x_wconf 74' lang='grc' dir='ltr'>δάσκαλοι</span> <span class='ocrx_word' id='word_1_103' title='bbox 2273 887 2545 953; x_wconf 82' lang='grc' dir='ltr'>λέγουσιν,</span> <span class='ocrx_word' id='word_1_104' title='bbox 2577 888 2660 939; x_wconf 80' lang='grc' dir='ltr'>ὅτι</span> <span class='ocrx_word' id='word_1_105' title='bbox 2683 886 2783 938; x_wconf 86' lang='grc' dir='ltr'>οὐκ</span> <span class='ocrx_word' id='word_1_106' title='bbox 2809 885 2921 937; x_wconf 77' lang='grc' dir='ltr'>ἀπὸ</span> <span class='ocrx_word' id='word_1_107' title='bbox 2955 884 3060 952; x_wconf 82' lang='grc' dir='ltr'>τῆς</span> <span class='ocrx_word' id='word_1_108' title='bbox 3090 885 3281 955; x_wconf 78' lang='grc' dir='ltr'><strong>τρίτης</strong></span> <span class='ocrx_word' id='word_1_109' title='bbox 3339 888 3563 943; x_wconf 82' lang='grc' dir='ltr'><strong>συνόδου</strong></span> 
     </span>
    </p>
   </div>
   <div class='ocr_carea' id='block_1_17' title="bbox 1985 975 3674 1047">
    <p class='ocr_par' dir='ltr' id='par_1_17' title="bbox 1985 975 3674 1047">
     <span class='ocr_line' id='line_1_17' title="bbox 1985 975 3674 1047; baseline 0 -17"><span class='ocrx_word' id='word_1_110' title='bbox 1985 979 2202 1045; x_wconf 84' lang='grc' dir='ltr'>ἐγένετο</span> <span class='ocrx_word' id='word_1_111' title='bbox 2225 979 2286 1030; x_wconf 85' lang='grc' dir='ltr'>τὸ</span> <span class='ocrx_word' id='word_1_112' title='bbox 2313 977 2565 1045; x_wconf 79' lang='grc' dir='ltr'><strong>κώλυμα,</strong></span> <span class='ocrx_word' id='word_1_113' title='bbox 2597 976 2737 1031; x_wconf 80' lang='grc' dir='ltr'>ἀλλὰ</span> <span class='ocrx_word' id='word_1_114' title='bbox 2793 977 2890 1030; x_wconf 81' lang='grc' dir='ltr'>καὶ</span> <span class='ocrx_word' id='word_1_115' title='bbox 2957 975 3066 1045; x_wconf 82' lang='grc' dir='ltr'>πρὸ</span> <span class='ocrx_word' id='word_1_116' title='bbox 3125 978 3226 1044; x_wconf 85' lang='grc' dir='ltr'>τῆς</span> <span class='ocrx_word' id='word_1_117' title='bbox 3264 977 3560 1047; x_wconf 72' lang='grc' dir='ltr'>δευτέρας.</span> <span class='ocrx_word' id='word_1_118' title='bbox 3671 1003 3674 1006; x_wconf 70' lang='lat'><strong><em>~</em></strong></span> 
     </span>
    </p>
   </div>
   <div class='ocr_carea' id='block_1_18' title="bbox 1982 1068 3562 1140">
    <p class='ocr_par' dir='ltr' id='par_1_18' title="bbox 1982 1068 3562 1140">
     <span class='ocr_line' id='line_1_18' title="bbox 1982 1068 3562 1140; baseline -0.001 -18"><span class='ocrx_word' id='word_1_119' title='bbox 1982 1069 2122 1136; x_wconf 77' lang='grc' dir='ltr'>Φησὶ</span> <span class='ocrx_word' id='word_1_120' title='bbox 2151 1070 2318 1140; x_wconf 74' lang='grc' dir='ltr'>γᾶρδ</span> <span class='ocrx_word' id='word_1_121' title='bbox 2366 1069 2540 1139; x_wconf 91' lang='grc' dir='ltr'>μέγας</span> <span class='ocrx_word' id='word_1_122' title='bbox 2593 1069 2874 1130; x_wconf 85' lang='grc' dir='ltr'>Βασίλειος</span> <span class='ocrx_word' id='word_1_123' title='bbox 2927 1069 2987 1120; x_wconf 71' lang='grc' dir='ltr'><strong>ἐν</strong></span> <span class='ocrx_word' id='word_1_124' title='bbox 3039 1069 3108 1137; x_wconf 80' lang='grc' dir='ltr'>τῇ</span> <span class='ocrx_word' id='word_1_125' title='bbox 3169 1068 3424 1138; x_wconf 79' lang='grc' dir='ltr'>ἐπιστολῇ</span> <span class='ocrx_word' id='word_1_126' title='bbox 3496 1072 3562 1139; x_wconf 82' lang='grc' dir='ltr'><strong>τῇ</strong></span> 
     </span>
    </p>
   </div>
   <div class='ocr_carea' id='block_1_19' title="bbox 1986 1153 3564 1230">
    <p class='ocr_par' dir='ltr' id='par_1_19' title="bbox 1986 1153 3564 1230">
     <span class='ocr_line' id='line_1_19' title="bbox 1986 1153 3564 1230; baseline -0.001 -18"><span class='ocrx_word' id='word_1_127' title='bbox 1986 1159 2123 1230; x_wconf 80' lang='grc' dir='ltr'>πρὸς</span> <span class='ocrx_word' id='word_1_128' title='bbox 2155 1160 2254 1228; x_wconf 81' lang='grc' dir='ltr'>τὴν</span> <span class='ocrx_word' id='word_1_129' title='bbox 2295 1160 2616 1229; x_wconf 78' lang='grc' dir='ltr'><strong>Ἀντιοχέων</strong></span> <span class='ocrx_word' id='word_1_130' title='bbox 2657 1158 3011 1227; x_wconf 80' lang='grc' dir='ltr'><strong>Ἐκκλησίαν,</strong></span> <span class='ocrx_word' id='word_1_131' title='bbox 3049 1153 3118 1230; x_wconf 81' lang='grc' dir='ltr'>ἧς</span> <span class='ocrx_word' id='word_1_132' title='bbox 3177 1159 3211 1224; x_wconf 82' lang='grc' dir='ltr'><strong>ἡ</strong></span> <span class='ocrx_word' id='word_1_133' title='bbox 3253 1157 3417 1228; x_wconf 75' lang='grc' dir='ltr'>ἀρχὴ,</span> <span class='ocrx_word' id='word_1_134' title='bbox 3469 1159 3564 1220; x_wconf 89' lang='grc' dir='ltr'><strong>Τίς</strong></span> 
     </span>
    </p>
   </div>
   <div class='ocr_carea' id='block_1_20' title="bbox 1985 1249 3564 1321">
    <p class='ocr_par' dir='ltr' id='par_1_20' title="bbox 1985 1249 3564 1321">
     <span class='ocr_line' id='line_1_20' title="bbox 1985 1249 3564 1321; baseline -0.003 -17"><span class='ocrx_word' id='word_1_135' title='bbox 1985 1251 2143 1304; x_wconf 86' lang='grc' dir='ltr'>δώσει</span> <span class='ocrx_word' id='word_1_136' title='bbox 2171 1269 2262 1321; x_wconf 90' lang='grc' dir='ltr'><strong>μοι</strong></span> <span class='ocrx_word' id='word_1_137' title='bbox 2279 1255 2556 1318; x_wconf 89' lang='grc' dir='ltr'>πτέρυγας</span> <span class='ocrx_word' id='word_1_138' title='bbox 2576 1251 2707 1303; x_wconf 78' lang='grc' dir='ltr'>ὡσεὶ</span> <span class='ocrx_word' id='word_1_139' title='bbox 2735 1251 3065 1320; x_wconf 77' lang='grc' dir='ltr'>περιστερᾶς</span> <span class='ocrx_word' id='word_1_140' title='bbox 3093 1265 3107 1278; x_wconf 79' lang='grc' dir='ltr'><strong>ο</strong></span> <span class='ocrx_word' id='word_1_141' title='bbox 3145 1265 3166 1299; x_wconf 74' lang='grc' dir='ltr'><strong>ι</strong></span> <span class='ocrx_word' id='word_1_142' title='bbox 3192 1249 3380 1301; x_wconf 78' lang='grc' dir='ltr'><strong>Πίστιν</strong></span> <span class='ocrx_word' id='word_1_143' title='bbox 3405 1250 3564 1319; x_wconf 78' lang='grc' dir='ltr'>ἡμεῖς</span> 
     </span>
    </p>
   </div>
   <div class='ocr_carea' id='block_1_21' title="bbox 1985 1341 3567 1414">
    <p class='ocr_par' dir='ltr' id='par_1_21' title="bbox 1985 1341 3567 1414">
     <span class='ocr_line' id='line_1_21' title="bbox 1985 1341 3567 1414; baseline -0.003 -18"><span class='ocrx_word' id='word_1_144' title='bbox 1985 1344 2110 1397; x_wconf 72' lang='grc' dir='ltr'>οὔτε</span> <span class='ocrx_word' id='word_1_145' title='bbox 2141 1347 2270 1414; x_wconf 80' lang='grc' dir='ltr'>παρ’</span> <span class='ocrx_word' id='word_1_146' title='bbox 2301 1345 2460 1398; x_wconf 78' lang='grc' dir='ltr'>ἄλλον</span> <span class='ocrx_word' id='word_1_147' title='bbox 2487 1342 2846 1412; x_wconf 80' lang='grc' dir='ltr'><strong>γραφομένην</strong></span> <span class='ocrx_word' id='word_1_148' title='bbox 2893 1343 3031 1411; x_wconf 79' lang='grc' dir='ltr'>ἡμῖν</span> <span class='ocrx_word' id='word_1_149' title='bbox 3076 1341 3352 1410; x_wconf 81' lang='grc' dir='ltr'><strong>νεωτέραν</strong></span> <span class='ocrx_word' id='word_1_150' title='bbox 3387 1357 3567 1409; x_wconf 86' lang='grc' dir='ltr'>παρα-</span> 
     </span>
    </p>
   </div>
   <div class='ocr_carea' id='block_1_22' title="bbox 313 1424 1887 1506">
    <p class='ocr_par' dir='ltr' id='par_1_22' title="bbox 313 1424 1886 1494">
     <span class='ocr_line' id='line_1_22' title="bbox 313 1424 1886 1494; baseline 0.007 -20"><span class='ocrx_word' id='word_1_151' title='bbox 313 1424 515 1477; x_wconf 86' lang='lat' dir='ltr'><strong>mentis</strong></span> <span class='ocrx_word' id='word_1_152' title='bbox 545 1434 747 1480; x_wconf 84' lang='lat' dir='ltr'><strong>nostrae</strong></span> <span class='ocrx_word' id='word_1_153' title='bbox 775 1425 937 1481; x_wconf 69' lang='lat' dir='ltr'><strong>foetus</strong></span> <span class='ocrx_word' id='word_1_154' title='bbox 963 1427 1085 1482; x_wconf 90' lang='lat' dir='ltr'><strong>aliis</strong></span> <span class='ocrx_word' id='word_1_155' title='bbox 1124 1428 1422 1483; x_wconf 80' lang='lat' dir='ltr'><strong>obtrudere</strong></span> <span class='ocrx_word' id='word_1_156' title='bbox 1474 1431 1762 1494; x_wconf 85' lang='lat' dir='ltr'><strong>audemus,</strong></span> <span class='ocrx_word' id='word_1_157' title='bbox 1818 1446 1886 1485; x_wconf 87' lang='lat' dir='ltr'><strong>ne</strong></span> 
     </span>
    </p>
   </div>
   <div class='ocr_carea' id='block_1_23' title="bbox 1991 1424 3565 1506">
    <p class='ocr_par' dir='ltr' id='par_1_23' title="bbox 1991 1431 3565 1506">
     <span class='ocr_line' id='line_1_23' title="bbox 1991 1431 3565 1506; baseline -0.004 -18"><span class='ocrx_word' id='word_1_158' title='bbox 1991 1433 2431 1506; x_wconf 74' lang='grc' dir='ltr'>δεχόμεθα,οὕτε</span> <span class='ocrx_word' id='word_1_159' title='bbox 2489 1435 2647 1489; x_wconf 80' lang='grc' dir='ltr'>αὐτοὶ</span> <span class='ocrx_word' id='word_1_160' title='bbox 2706 1433 2776 1486; x_wconf 77' lang='grc' dir='ltr'>τὰ</span> <span class='ocrx_word' id='word_1_161' title='bbox 2833 1432 2936 1500; x_wconf 82' lang='grc' dir='ltr'>τῆς</span> <span class='ocrx_word' id='word_1_162' title='bbox 2988 1431 3262 1501; x_wconf 68' lang='grc' dir='ltr'>ἡμετέρας</span> <span class='ocrx_word' id='word_1_163' title='bbox 3325 1431 3565 1492; x_wconf 81' lang='grc' dir='ltr'>διανοίας</span> 
     </span>
    </p>
   </div>
   <div class='ocr_carea' id='block_1_24' title="bbox 312 1516 1887 1598">
    <p class='ocr_par' dir='ltr' id='par_1_24' title="bbox 312 1516 1885 1592">
     <span class='ocr_line' id='line_1_24' title="bbox 312 1516 1885 1592; baseline 0.006 -24"><span class='ocrx_word' id='word_1_164' title='bbox 312 1516 548 1570; x_wconf 86' lang='lat' dir='ltr'><strong>humana</strong></span> <span class='ocrx_word' id='word_1_165' title='bbox 586 1517 850 1574; x_wconf 79' lang='lat' dir='ltr'><strong>faciamus</strong></span> <span class='ocrx_word' id='word_1_166' title='bbox 915 1521 1134 1588; x_wconf 86' lang='lat' dir='ltr'><strong>pietatis</strong></span> <span class='ocrx_word' id='word_1_167' title='bbox 1162 1522 1347 1586; x_wconf 80' lang='lat' dir='ltr'><strong>verba,</strong></span> <span class='ocrx_word' id='word_1_168' title='bbox 1373 1522 1468 1578; x_wconf 85' lang='lat' dir='ltr'><strong>sed</strong></span> <span class='ocrx_word' id='word_1_169' title='bbox 1501 1539 1620 1592; x_wconf 65' lang='lat' dir='ltr'><strong>qua:</strong></span> <span class='ocrx_word' id='word_1_170' title='bbox 1646 1539 1676 1578; x_wconf 87' lang='lat' dir='ltr'><strong>a</strong></span> <span class='ocrx_word' id='word_1_171' title='bbox 1707 1524 1885 1580; x_wconf 86' lang='lat' dir='ltr'><strong>sancti</strong></span> 
     </span>
    </p>
   </div>
   <div class='ocr_carea' id='block_1_25' title="bbox 1991 1516 3566 1598">
    <p class='ocr_par' dir='ltr' id='par_1_25' title="bbox 1991 1522 3566 1598">
     <span class='ocr_line' id='line_1_25' title="bbox 1991 1522 3566 1598; baseline -0.005 -15"><span class='ocrx_word' id='word_1_172' title='bbox 1991 1529 2306 1597; x_wconf 80' lang='grc' dir='ltr'>γεννήματα</span> <span class='ocrx_word' id='word_1_173' title='bbox 2335 1527 2691 1598; x_wconf 69' lang='grc' dir='ltr'>παραδιδόναι</span> <span class='ocrx_word' id='word_1_174' title='bbox 2717 1524 3036 1595; x_wconf 83' lang='grc' dir='ltr'>τολμῶμεν,</span> <span class='ocrx_word' id='word_1_175' title='bbox 3095 1523 3184 1577; x_wconf 76' lang='grc' dir='ltr'>ἵνα</span> <span class='ocrx_word' id='word_1_176' title='bbox 3243 1523 3318 1593; x_wconf 82' lang='grc' dir='ltr'>μὴ</span> <span class='ocrx_word' id='word_1_177' title='bbox 3353 1522 3566 1590; x_wconf 86' lang='grc' dir='ltr'>ἀνθρώ-</span> 
     </span>
    </p>
   </div>
   <div class='ocr_carea' id='block_1_26' title="bbox 312 1607 1887 1688">
    <p class='ocr_par' dir='ltr' id='par_1_26' title="bbox 312 1607 1886 1686">
     <span class='ocr_line' id='line_1_26' title="bbox 312 1607 1886 1686; baseline 0.007 -25"><span class='ocrx_word' id='word_1_178' title='bbox 312 1607 567 1664; x_wconf 84' lang='lat' dir='ltr'><strong>Patribus</strong></span> <span class='ocrx_word' id='word_1_179' title='bbox 597 1612 776 1666; x_wconf 91' lang='lat' dir='ltr'><strong>edocti</strong></span> <span class='ocrx_word' id='word_1_180' title='bbox 801 1629 1014 1676; x_wconf 85' lang='lat' dir='ltr'><strong>sumus,</strong></span> <span class='ocrx_word' id='word_1_181' title='bbox 1041 1629 1103 1667; x_wconf 88' lang='lat' dir='ltr'><strong>ea</strong></span> <span class='ocrx_word' id='word_1_182' title='bbox 1134 1630 1234 1668; x_wconf 84' lang='lat' dir='ltr'><strong>nos</strong></span> <span class='ocrx_word' id='word_1_183' title='bbox 1261 1616 1731 1686; x_wconf 79' lang='lat' dir='ltr'><strong>interrogantibus</strong></span> <span class='ocrx_word' id='word_1_184' title='bbox 1784 1633 1886 1672; x_wconf 84' lang='lat' dir='ltr'><strong>an-</strong></span> 
     </span>
    </p>
   </div>
   <div class='ocr_carea' id='block_1_27' title="bbox 1991 1607 3566 1688">
    <p class='ocr_par' dir='ltr' id='par_1_27' title="bbox 1991 1616 3566 1688">
     <span class='ocr_line' id='line_1_27' title="bbox 1991 1616 3566 1688; baseline -0.006 -14"><span class='ocrx_word' id='word_1_185' title='bbox 1991 1637 2120 1674; x_wconf 82' lang='grc' dir='ltr'>πινα</span> <span class='ocrx_word' id='word_1_186' title='bbox 2146 1621 2464 1688; x_wconf 82' lang='grc' dir='ltr'>ποιήσωμεν</span> <span class='ocrx_word' id='word_1_187' title='bbox 2492 1619 2559 1672; x_wconf 78' lang='grc' dir='ltr'>τὰ</span> <span class='ocrx_word' id='word_1_188' title='bbox 2577 1619 2678 1686; x_wconf 83' lang='grc' dir='ltr'><strong>τῆς</strong></span> <span class='ocrx_word' id='word_1_189' title='bbox 2699 1616 2985 1678; x_wconf 84' lang='grc' dir='ltr'>εὐσεϐείας</span> <span class='ocrx_word' id='word_1_190' title='bbox 3011 1617 3255 1685; x_wconf 77' lang='grc' dir='ltr'>ῥήματα,</span> <span class='ocrx_word' id='word_1_191' title='bbox 3283 1616 3398 1668; x_wconf 83' lang='grc' dir='ltr'>ἀλλ’</span> <span class='ocrx_word' id='word_1_192' title='bbox 3423 1617 3566 1684; x_wconf 76' lang='grc' dir='ltr'>ἅπερ</span> 
     </span>
    </p>
   </div>
   <div class='ocr_carea' id='block_1_28' title="bbox 314 1702 1887 1782">
    <p class='ocr_par' dir='ltr' id='par_1_28' title="bbox 314 1702 1886 1774">
     <span class='ocr_line' id='line_1_28' title="bbox 314 1702 1886 1774; baseline 0.008 -23"><span class='ocrx_word' id='word_1_193' title='bbox 314 1703 652 1755; x_wconf 84' lang='lat' dir='ltr'><strong>uuntiamus.</strong></span> <span class='ocrx_word' id='word_1_194' title='bbox 690 1702 783 1756; x_wconf 85' lang='lat' dir='ltr'><strong>Est</strong></span> <span class='ocrx_word' id='word_1_195' title='bbox 811 1704 1001 1774; x_wconf 69' lang='lat' dir='ltr'><strong>itaque</strong></span> <span class='ocrx_word' id='word_1_196' title='bbox 1027 1705 1281 1760; x_wconf 80' lang='lat' dir='ltr'><strong>Ecclesiae</strong></span> <span class='ocrx_word' id='word_1_197' title='bbox 1320 1717 1520 1761; x_wconf 83' lang='lat' dir='ltr'><strong>nostrae</strong></span> <span class='ocrx_word' id='word_1_198' title='bbox 1550 1722 1578 1760; x_wconf 87' lang='lat' dir='ltr'><strong>a</strong></span> <span class='ocrx_word' id='word_1_199' title='bbox 1632 1708 1886 1763; x_wconf 87' lang='lat' dir='ltr'><strong>Patribus</strong></span> 
     </span>
    </p>
   </div>
   <div class='ocr_carea' id='block_1_29' title="bbox 1991 1702 3568 1782">
    <p class='ocr_par' dir='ltr' id='par_1_29' title="bbox 1991 1705 3568 1782">
     <span class='ocr_line' id='line_1_29' title="bbox 1991 1705 3568 1782; baseline -0.006 -16"><span class='ocrx_word' id='word_1_200' title='bbox 1991 1713 2138 1782; x_wconf 84' lang='grc' dir='ltr'>παρὰ</span> <span class='ocrx_word' id='word_1_201' title='bbox 2167 1710 2277 1764; x_wconf 78' lang='grc' dir='ltr'><strong>τῶν</strong></span> <span class='ocrx_word' id='word_1_202' title='bbox 2308 1710 2480 1778; x_wconf 76' lang='grc' dir='ltr'>ἁγίων</span> <span class='ocrx_word' id='word_1_203' title='bbox 2514 1708 2780 1777; x_wconf 83' lang='grc' dir='ltr'>Πατέρων</span> <span class='ocrx_word' id='word_1_204' title='bbox 2825 1706 3219 1776; x_wconf 77' lang='grc' dir='ltr'>δεδιδάγμεθα,</span> <span class='ocrx_word' id='word_1_205' title='bbox 3251 1705 3424 1759; x_wconf 78' lang='grc' dir='ltr'>ταῦτα</span> <span class='ocrx_word' id='word_1_206' title='bbox 3454 1708 3568 1768; x_wconf 78' lang='grc' dir='ltr'>τοῖς</span> 
     </span>
    </p>
   </div>
   <div class='ocr_carea' id='block_1_30' title="bbox 311 1794 1887 1873">
    <p class='ocr_par' dir='ltr' id='par_1_30' title="bbox 311 1794 1887 1869">
     <span class='ocr_line' id='line_1_30' title="bbox 311 1794 1887 1869; baseline 0.005 -22"><span class='ocrx_word' id='word_1_207' title='bbox 311 1794 708 1850; x_wconf 59' lang='lat' dir='ltr'><strong>administratae</strong></span> <span class='ocrx_word' id='word_1_208' title='bbox 729 1796 889 1850; x_wconf 88' lang='lat' dir='ltr'><strong>etiam</strong></span> <span class='ocrx_word' id='word_1_209' title='bbox 923 1813 951 1850; x_wconf 89' lang='lat' dir='ltr'><strong>a</strong></span> <span class='ocrx_word' id='word_1_210' title='bbox 983 1801 1191 1854; x_wconf 78' lang='lat' dir='ltr'><strong>sanctis</strong></span> <span class='ocrx_word' id='word_1_211' title='bbox 1218 1796 1493 1864; x_wconf 83' lang='lat' dir='ltr'><strong>Patribus,</strong></span> <span class='ocrx_word' id='word_1_212' title='bbox 1550 1800 1644 1869; x_wconf 90' lang='lat' dir='ltr'><strong>qui</strong></span> <span class='ocrx_word' id='word_1_213' title='bbox 1695 1799 1887 1855; x_wconf 70' lang='lat' dir='ltr'><strong>Niezrae</strong></span> 
     </span>
    </p>
   </div>
   <div class='ocr_carea' id='block_1_31' title="bbox 1991 1794 3568 1873">
    <p class='ocr_par' dir='ltr' id='par_1_31' title="bbox 1991 1797 3568 1873">
     <span class='ocr_line' id='line_1_31' title="bbox 1991 1797 3568 1873; baseline -0.006 -16"><span class='ocrx_word' id='word_1_214' title='bbox 1991 1805 2266 1873; x_wconf 80' lang='grc' dir='ltr'>ἐρωτῶσιν</span> <span class='ocrx_word' id='word_1_215' title='bbox 2309 1805 2440 1870; x_wconf 78' lang='grc' dir='ltr'>ἡμῖν</span> <span class='ocrx_word' id='word_1_216' title='bbox 2468 1799 2884 1868; x_wconf 78' lang='grc' dir='ltr'>διαγγέλλομεν.</span> <span class='ocrx_word' id='word_1_217' title='bbox 2923 1799 3080 1850; x_wconf 86' lang='grc' dir='ltr'>Ἐστι</span> <span class='ocrx_word' id='word_1_218' title='bbox 3127 1797 3311 1850; x_wconf 82' lang='grc' dir='ltr'>τοίνυν</span> <span class='ocrx_word' id='word_1_219' title='bbox 3363 1799 3425 1849; x_wconf 78' lang='grc' dir='ltr'><strong>ἐκ</strong></span> <span class='ocrx_word' id='word_1_220' title='bbox 3458 1799 3568 1848; x_wconf 81' lang='lat' dir='ltr'><strong>lla-</strong></span> 
     </span>
    </p>
   </div>
   <div class='ocr_carea' id='block_1_32' title="bbox 311 1887 1887 1958">
    <p class='ocr_par' dir='ltr' id='par_1_32' title="bbox 311 1887 1887 1958">
     <span class='ocr_line' id='line_1_32' title="bbox 311 1887 1887 1958; baseline 0.007 -22"><span class='ocrx_word' id='word_1_221' title='bbox 311 1899 638 1948; x_wconf 80' lang='lat' dir='ltr'><strong>convenere,</strong></span> <span class='ocrx_word' id='word_1_222' title='bbox 689 1887 1004 1957; x_wconf 83' lang='lat' dir='ltr'><strong>conscripta</strong></span> <span class='ocrx_word' id='word_1_223' title='bbox 1062 1888 1218 1950; x_wconf 85' lang='lat' dir='ltr'><strong>ﬁdes,</strong></span> <span class='ocrx_word' id='word_1_224' title='bbox 1271 1905 1432 1958; x_wconf 88' lang='lat' dir='ltr'><strong>quam</strong></span> <span class='ocrx_word' id='word_1_225' title='bbox 1500 1893 1887 1946; x_wconf 81' lang='lat' dir='ltr'><strong>tametsiarbi-</strong></span> 
     </span>
    </p>
   </div>
   <div class='ocr_carea' id='block_1_33' title="bbox 313 1981 1883 2049">
    <p class='ocr_par' dir='ltr' id='par_1_33' title="bbox 313 1981 1883 2049">
     <span class='ocr_line' id='line_1_33' title="bbox 313 1981 1883 2049; baseline 0.008 -21"><span class='ocrx_word' id='word_1_226' title='bbox 313 1985 526 2030; x_wconf 82' lang='lat' dir='ltr'><strong>tramur</strong></span> <span class='ocrx_word' id='word_1_227' title='bbox 547 1991 640 2031; x_wconf 90' lang='lat' dir='ltr'><strong>ore</strong></span> <span class='ocrx_word' id='word_1_228' title='bbox 667 1986 846 2042; x_wconf 90' lang='lat' dir='ltr'><strong>tenus,</strong></span> <span class='ocrx_word' id='word_1_229' title='bbox 873 1991 924 2033; x_wconf 91' lang='lat' dir='ltr'><strong>et</strong></span> <span class='ocrx_word' id='word_1_230' title='bbox 959 1981 1102 2048; x_wconf 83' lang='lat' dir='ltr'><strong>apud</strong></span> <span class='ocrx_word' id='word_1_231' title='bbox 1134 1981 1306 2035; x_wconf 86' lang='lat' dir='ltr'><strong>vosin</strong></span> <span class='ocrx_word' id='word_1_232' title='bbox 1356 1997 1454 2036; x_wconf 90' lang='lat' dir='ltr'><strong>usu</strong></span> <span class='ocrx_word' id='word_1_233' title='bbox 1509 1983 1717 2049; x_wconf 85' lang='lat' dir='ltr'><strong>haberi,</strong></span> <span class='ocrx_word' id='word_1_234' title='bbox 1776 2001 1883 2040; x_wconf 90' lang='lat' dir='ltr'><strong>non</strong></span> 
     </span>
    </p>
   </div>
   <div class='ocr_carea' id='block_1_34' title="bbox 313 2066 1884 2133">
    <p class='ocr_par' dir='ltr' id='par_1_34' title="bbox 313 2066 1884 2133">
     <span class='ocr_line' id='line_1_34' title="bbox 313 2066 1884 2133; baseline 0.005 -14"><span class='ocrx_word' id='word_1_235' title='bbox 313 2077 494 2121; x_wconf 84' lang='lat' dir='ltr'><strong>tamen</strong></span> <span class='ocrx_word' id='word_1_236' title='bbox 523 2066 970 2133; x_wconf 83' lang='lat' dir='ltr'><strong>detrectabimus,</strong></span> <span class='ocrx_word' id='word_1_237' title='bbox 1028 2085 1095 2126; x_wconf 90' lang='lat' dir='ltr'><strong>ne</strong></span> <span class='ocrx_word' id='word_1_238' title='bbox 1157 2072 1385 2127; x_wconf 87' lang='lat' dir='ltr'><strong>desidiei</strong></span> <span class='ocrx_word' id='word_1_239' title='bbox 1439 2075 1673 2129; x_wconf 86' lang='lat' dir='ltr'><strong>crimine</strong></span> <span class='ocrx_word' id='word_1_240' title='bbox 1727 2082 1884 2128; x_wconf 89' lang='lat' dir='ltr'><strong>note-</strong></span> 
     </span>
    </p>
   </div>
   <div class='ocr_carea' id='block_1_35' title="bbox 313 2162 1885 2229">
    <p class='ocr_par' dir='ltr' id='par_1_35' title="bbox 313 2162 1885 2229">
     <span class='ocr_line' id='line_1_35' title="bbox 313 2162 1885 2229; baseline 0.005 -17"><span class='ocrx_word' id='word_1_241' title='bbox 313 2176 456 2224; x_wconf 87' lang='lat' dir='ltr'><strong>iuur,</strong></span> <span class='ocrx_word' id='word_1_242' title='bbox 491 2162 604 2229; x_wconf 87' lang='lat' dir='ltr'><strong>ipsa</strong></span> <span class='ocrx_word' id='word_1_243' title='bbox 640 2175 858 2227; x_wconf 66' lang='lat' dir='ltr'><strong>quoque</strong></span> <span class='ocrx_word' id='word_1_244' title='bbox 883 2163 1044 2217; x_wconf 88' lang='lat' dir='ltr'><strong>verba</strong></span> <span class='ocrx_word' id='word_1_245' title='bbox 1075 2162 1274 2220; x_wconf 83' lang='lat' dir='ltr'><strong>litteris</strong></span> <span class='ocrx_word' id='word_1_246' title='bbox 1299 2171 1584 2222; x_wconf 84' lang='lat' dir='ltr'><strong>annotare.</strong></span> <span class='ocrx_word' id='word_1_247' title='bbox 1612 2165 1753 2220; x_wconf 91' lang='lat' dir='ltr'><strong>Sunt</strong></span> <span class='ocrx_word' id='word_1_248' title='bbox 1789 2181 1885 2220; x_wconf 88' lang='lat' dir='ltr'><strong>au-</strong></span> 
     </span>
    </p>
   </div>
   <div class='ocr_carea' id='block_1_36' title="bbox 309 2251 1885 2326">
    <p class='ocr_par' dir='ltr' id='par_1_36' title="bbox 309 2251 1885 2326">
     <span class='ocr_line' id='line_1_36' title="bbox 309 2251 1885 2326; baseline 0.004 -21"><span class='ocrx_word' id='word_1_249' title='bbox 309 2261 417 2305; x_wconf 88' lang='lat' dir='ltr'><strong>tetn</strong></span> <span class='ocrx_word' id='word_1_250' title='bbox 445 2251 602 2306; x_wconf 81' lang='lat' dir='ltr'><strong>ista:</strong></span> <span class='ocrx_word' id='word_1_251' title='bbox 631 2251 911 2307; x_wconf 74' lang='lat' dir='ltr'><strong>Credimus</strong></span> <span class='ocrx_word' id='word_1_252' title='bbox 941 2254 996 2307; x_wconf 80' lang='lat' dir='ltr'><strong>in</strong></span> <span class='ocrx_word' id='word_1_253' title='bbox 1018 2269 1180 2308; x_wconf 76' lang='lat' dir='ltr'><strong>unum</strong></span> <span class='ocrx_word' id='word_1_254' title='bbox 1214 2255 1379 2310; x_wconf 78' lang='lat' dir='ltr'><strong>Deum</strong></span> <span class='ocrx_word' id='word_1_255' title='bbox 1411 2255 1626 2311; x_wconf 80' lang='lat' dir='ltr'><strong>Patrem</strong></span> <span class='ocrx_word' id='word_1_256' title='bbox 1651 2259 1885 2326; x_wconf 78' lang='lat' dir='ltr'><strong>omnipo-</strong></span> 
     </span>
    </p>
   </div>
   <div class='ocr_carea' id='block_1_37' title="bbox 311 2343 1884 2418">
    <p class='ocr_par' dir='ltr' id='par_1_37' title="bbox 311 2343 1884 2418">
     <span class='ocr_line' id='line_1_37' title="bbox 311 2343 1884 2418; baseline 0.004 -22"><span class='ocrx_word' id='word_1_257' title='bbox 311 2351 522 2405; x_wconf 76' lang='lat' dir='ltr'><strong>tentem,</strong></span> <span class='ocrx_word' id='word_1_258' title='bbox 551 2350 606 2396; x_wconf 87' lang='lat' dir='ltr'><strong>et</strong></span> <span class='ocrx_word' id='word_1_259' title='bbox 624 2343 832 2412; x_wconf 88' lang='lat' dir='ltr'><strong>reliqua</strong></span> <span class='ocrx_word' id='word_1_260' title='bbox 854 2344 1097 2415; x_wconf 86' lang='lat' dir='ltr'><strong>Symboli</strong></span> <span class='ocrx_word' id='word_1_261' title='bbox 1133 2345 1394 2401; x_wconf 63' lang='lat' dir='ltr'><strong>Nicami&#39;.»</strong></span> <span class='ocrx_word' id='word_1_262' title='bbox 1429 2349 1620 2402; x_wconf 80' lang='lat' dir='ltr'><strong>Annon</strong></span> <span class='ocrx_word' id='word_1_263' title='bbox 1650 2365 1884 2418; x_wconf 74' lang='lat' dir='ltr'><strong>congru-</strong></span> 
     </span>
    </p>
   </div>
   <div class='ocr_carea' id='block_1_38' title="bbox 308 2435 1886 2507">
    <p class='ocr_par' dir='ltr' id='par_1_38' title="bbox 308 2435 1886 2507">
     <span class='ocr_line' id='line_1_38' title="bbox 308 2435 1886 2507; baseline 0.004 -19"><span class='ocrx_word' id='word_1_264' title='bbox 308 2444 406 2488; x_wconf 82' lang='lat' dir='ltr'><strong>unt</strong></span> <span class='ocrx_word' id='word_1_265' title='bbox 437 2435 579 2487; x_wconf 90' lang='lat' dir='ltr'><strong>inter</strong></span> <span class='ocrx_word' id='word_1_266' title='bbox 609 2450 669 2490; x_wconf 88' lang='lat' dir='ltr'><strong>se</strong></span> <span class='ocrx_word' id='word_1_267' title='bbox 721 2436 1074 2491; x_wconf 88' lang='lat' dir='ltr'><strong>concorditer</strong></span> <span class='ocrx_word' id='word_1_268' title='bbox 1127 2447 1182 2491; x_wconf 89' lang='lat' dir='ltr'><strong>et</strong></span> <span class='ocrx_word' id='word_1_269' title='bbox 1237 2453 1488 2507; x_wconf 81' lang='lat' dir='ltr'><strong>magnus,</strong></span> <span class='ocrx_word' id='word_1_270' title='bbox 1527 2438 1787 2504; x_wconf 78' lang='lat' dir='ltr'><strong>Basilius,</strong></span> <span class='ocrx_word' id='word_1_271' title='bbox 1831 2451 1886 2495; x_wconf 90' lang='lat' dir='ltr'><strong>et</strong></span> 
     </span>
    </p>
   </div>
   <div class='ocr_carea' id='block_1_39' title="bbox 308 2525 1886 2600">
    <p class='ocr_par' dir='ltr' id='par_1_39' title="bbox 308 2525 1886 2600">
     <span class='ocr_line' id='line_1_39' title="bbox 308 2525 1886 2600; baseline 0.003 -22"><span class='ocrx_word' id='word_1_272' title='bbox 308 2526 468 2581; x_wconf 79' lang='lat' dir='ltr'><strong>divus</strong></span> <span class='ocrx_word' id='word_1_273' title='bbox 505 2525 763 2596; x_wconf 84' lang='lat' dir='ltr'><strong>Cyrillus,</strong></span> <span class='ocrx_word' id='word_1_274' title='bbox 797 2527 892 2596; x_wconf 86' lang='lat' dir='ltr'><strong>qui</strong></span> <span class='ocrx_word' id='word_1_275' title='bbox 920 2529 1018 2592; x_wconf 87' lang='lat' dir='ltr'><strong>ait,</strong></span> <span class='ocrx_word' id='word_1_276' title='bbox 1050 2545 1068 2578; x_wconf 81' lang='grc' dir='ltr'><strong>ι</strong></span> <span class='ocrx_word' id='word_1_277' title='bbox 1105 2528 1224 2583; x_wconf 84' lang='lat' dir='ltr'><strong>Non</strong></span> <span class='ocrx_word' id='word_1_278' title='bbox 1283 2529 1653 2598; x_wconf 82' lang='lat' dir='ltr'><strong>permittimus</strong></span> <span class='ocrx_word' id='word_1_279' title='bbox 1705 2547 1886 2600; x_wconf 80' lang='lat' dir='ltr'><strong>neque</strong></span> 
     </span>
    </p>
   </div>
   <div class='ocr_carea' id='block_1_40' title="bbox 304 2615 1883 2691">
    <p class='ocr_par' dir='ltr' id='par_1_40' title="bbox 304 2615 1883 2691">
     <span class='ocr_line' id='line_1_40' title="bbox 304 2615 1883 2691; baseline 0.004 -21"><span class='ocrx_word' id='word_1_280' title='bbox 304 2615 746 2686; x_wconf 84' lang='lat' dir='ltr'><strong>nobismetipsis,</strong></span> <span class='ocrx_word' id='word_1_281' title='bbox 783 2633 958 2687; x_wconf 87' lang='lat' dir='ltr'><strong>neque</strong></span> <span class='ocrx_word' id='word_1_282' title='bbox 1001 2618 1121 2674; x_wconf 88' lang='lat' dir='ltr'><strong>aliis</strong></span> <span class='ocrx_word' id='word_1_283' title='bbox 1150 2620 1172 2673; x_wconf 74' lang='grc'><strong><em>2</em></strong></span> <span class='ocrx_word' id='word_1_284' title='bbox 1200 2638 1218 2671; x_wconf 76' lang='grc' dir='ltr'><strong>ι</strong></span> <span class='ocrx_word' id='word_1_285' title='bbox 1257 2618 1322 2672; x_wconf 88' lang='grc' dir='ltr'>Ει</span> <span class='ocrx_word' id='word_1_286' title='bbox 1389 2619 1609 2676; x_wconf 84' lang='lat' dir='ltr'><strong>divinus</strong></span> <span class='ocrx_word' id='word_1_287' title='bbox 1661 2621 1883 2691; x_wconf 88' lang='lat' dir='ltr'><strong>quidem</strong></span> 
     </span>
    </p>
   </div>
   <div class='ocr_carea' id='block_1_41' title="bbox 297 2709 1882 2788">
    <p class='ocr_par' dir='ltr' id='par_1_41' title="bbox 297 2709 1882 2788">
     <span class='ocr_line' id='line_1_41' title="bbox 297 2709 1882 2788; baseline 0.007 -28"><span class='ocrx_word' id='word_1_288' title='bbox 297 2709 547 2778; x_wconf 65' lang='lat' dir='ltr'><strong>.(Jyrillus</strong></span> <span class='ocrx_word' id='word_1_289' title='bbox 576 2709 678 2764; x_wconf 89' lang='lat' dir='ltr'><strong>boc</strong></span> <span class='ocrx_word' id='word_1_290' title='bbox 714 2711 898 2776; x_wconf 66' lang='lat' dir='ltr'><strong>modo,</strong></span> <span class='ocrx_word' id='word_1_291' title='bbox 934 2719 988 2767; x_wconf 91' lang='lat' dir='ltr'><strong>et</strong></span> <span class='ocrx_word' id='word_1_292' title='bbox 1016 2728 1243 2781; x_wconf 84' lang='lat' dir='ltr'><strong>magnus</strong></span> <span class='ocrx_word' id='word_1_293' title='bbox 1280 2713 1537 2780; x_wconf 88' lang='lat' dir='ltr'><strong>Basilius,</strong></span> <span class='ocrx_word' id='word_1_294' title='bbox 1563 2731 1686 2784; x_wconf 67' lang='lat' dir='ltr'><strong>quae</strong></span> <span class='ocrx_word' id='word_1_295' title='bbox 1715 2733 1882 2788; x_wconf 89' lang='lat' dir='ltr'><strong>supra</strong></span> 
     </span>
    </p>
   </div>
   <div class='ocr_carea' id='block_1_42' title="bbox 309 2801 1886 2874">
    <p class='ocr_par' dir='ltr' id='par_1_42' title="bbox 309 2801 1886 2874">
     <span class='ocr_line' id='line_1_42' title="bbox 309 2801 1886 2874; baseline 0.005 -20"><span class='ocrx_word' id='word_1_296' title='bbox 309 2801 554 2869; x_wconf 84' lang='lat' dir='ltr'><strong>apposita</strong></span> <span class='ocrx_word' id='word_1_297' title='bbox 579 2811 706 2856; x_wconf 90' lang='lat' dir='ltr'><strong>sunt</strong></span> <span class='ocrx_word' id='word_1_298' title='bbox 743 2822 756 2858; x_wconf 92' lang='lat'><strong>:</strong></span> <span class='ocrx_word' id='word_1_299' title='bbox 796 2820 814 2854; x_wconf 82' lang='grc' dir='ltr'><strong>ι</strong></span> <span class='ocrx_word' id='word_1_300' title='bbox 848 2801 1035 2859; x_wconf 88' lang='lat' dir='ltr'><strong>Fidem</strong></span> <span class='ocrx_word' id='word_1_301' title='bbox 1070 2819 1170 2859; x_wconf 87' lang='lat' dir='ltr'><strong>nos</strong></span> <span class='ocrx_word' id='word_1_302' title='bbox 1205 2821 1380 2874; x_wconf 85' lang='lat' dir='ltr'><strong>neque</strong></span> <span class='ocrx_word' id='word_1_303' title='bbox 1406 2806 1760 2860; x_wconf 89' lang='lat' dir='ltr'><strong>recentiorem</strong></span> <span class='ocrx_word' id='word_1_304' title='bbox 1818 2809 1886 2862; x_wconf 88' lang='lat' dir='ltr'><strong>ab</strong></span> 
     </span>
    </p>
   </div>
   <div class='ocr_carea' id='block_1_43' title="bbox 309 2893 1884 2966">
    <p class='ocr_par' dir='ltr' id='par_1_43' title="bbox 309 2893 1884 2966">
     <span class='ocr_line' id='line_1_43' title="bbox 309 2893 1884 2966; baseline 0.005 -21"><span class='ocrx_word' id='word_1_305' title='bbox 309 2893 430 2948; x_wconf 86' lang='lat' dir='ltr'><strong>aliis</strong></span> <span class='ocrx_word' id='word_1_306' title='bbox 459 2895 826 2965; x_wconf 84' lang='lat' dir='ltr'><strong>conscriptam</strong></span> <span class='ocrx_word' id='word_1_307' title='bbox 859 2904 1231 2965; x_wconf 86' lang='lat' dir='ltr'><strong>acceptamus,</strong></span> <span class='ocrx_word' id='word_1_308' title='bbox 1288 2912 1467 2965; x_wconf 88' lang='lat' dir='ltr'><strong>neque</strong></span> <span class='ocrx_word' id='word_1_309' title='bbox 1515 2897 1619 2966; x_wconf 89' lang='lat' dir='ltr'><strong>ipsi</strong></span> <span class='ocrx_word' id='word_1_310' title='bbox 1680 2899 1884 2953; x_wconf 89' lang='lat' dir='ltr'><strong>mentis</strong></span> 
     </span>
    </p>
   </div>
   <div class='ocr_carea' id='block_1_44' title="bbox 308 2987 1885 3057">
    <p class='ocr_par' dir='ltr' id='par_1_44' title="bbox 308 2987 1885 3057">
     <span class='ocr_line' id='line_1_44' title="bbox 308 2987 1885 3057; baseline 0.004 -17"><span class='ocrx_word' id='word_1_311' title='bbox 308 2996 512 3042; x_wconf 72' lang='lat' dir='ltr'><strong>nostra:</strong></span> <span class='ocrx_word' id='word_1_312' title='bbox 534 2987 702 3042; x_wconf 70' lang='lat' dir='ltr'><strong>foetus</strong></span> <span class='ocrx_word' id='word_1_313' title='bbox 750 2988 874 3043; x_wconf 88' lang='lat' dir='ltr'><strong>aliis</strong></span> <span class='ocrx_word' id='word_1_314' title='bbox 932 2988 1230 3044; x_wconf 83' lang='lat' dir='ltr'><strong>obtrudere</strong></span> <span class='ocrx_word' id='word_1_315' title='bbox 1287 2989 1578 3044; x_wconf 86' lang='lat' dir='ltr'><strong>audemus.</strong></span> <span class='ocrx_word' id='word_1_316' title='bbox 1637 3009 1656 3041; x_wconf 75' lang='grc' dir='ltr'><strong>ι</strong></span> <span class='ocrx_word' id='word_1_317' title='bbox 1728 2991 1885 3057; x_wconf 87' lang='lat' dir='ltr'><strong>Quod</strong></span> 
     </span>
    </p>
   </div>
   <div class='ocr_carea' id='block_1_45' title="bbox 310 3079 1888 3153">
    <p class='ocr_par' dir='ltr' id='par_1_45' title="bbox 310 3079 1888 3153">
     <span class='ocr_line' id='line_1_45' title="bbox 310 3079 1888 3153; baseline 0.006 -24"><span class='ocrx_word' id='word_1_318' title='bbox 310 3094 477 3132; x_wconf 88' lang='lat' dir='ltr'><strong>unum</strong></span> <span class='ocrx_word' id='word_1_319' title='bbox 512 3079 766 3148; x_wconf 86' lang='lat' dir='ltr'><strong>idemque</strong></span> <span class='ocrx_word' id='word_1_320' title='bbox 791 3090 875 3135; x_wconf 90' lang='lat' dir='ltr'><strong>est</strong></span> <span class='ocrx_word' id='word_1_321' title='bbox 906 3095 1032 3137; x_wconf 88' lang='lat' dir='ltr'><strong>cum</strong></span> <span class='ocrx_word' id='word_1_322' title='bbox 1059 3095 1126 3137; x_wconf 89' lang='lat' dir='ltr'><strong>eo</strong></span> <span class='ocrx_word' id='word_1_323' title='bbox 1157 3099 1171 3136; x_wconf 92' lang='lat'><strong>:</strong></span> <span class='ocrx_word' id='word_1_324' title='bbox 1197 3099 1218 3134; x_wconf 81' lang='grc' dir='ltr'><strong>ι</strong></span> <span class='ocrx_word' id='word_1_325' title='bbox 1254 3079 1372 3137; x_wconf 84' lang='lat' dir='ltr'><strong>Non</strong></span> <span class='ocrx_word' id='word_1_326' title='bbox 1398 3082 1770 3153; x_wconf 85' lang='lat' dir='ltr'><strong>permittimus</strong></span> <span class='ocrx_word' id='word_1_327' title='bbox 1792 3099 1888 3139; x_wconf 89' lang='lat' dir='ltr'><strong>no-</strong></span> 
     </span>
    </p>
   </div>
   <div class='ocr_carea' id='block_1_46' title="bbox 308 3170 932 3237">
    <p class='ocr_par' dir='ltr' id='par_1_46' title="bbox 308 3170 932 3237">
     <span class='ocr_line' id='line_1_46' title="bbox 308 3170 932 3237; baseline 0.005 -13"><span class='ocrx_word' id='word_1_328' title='bbox 308 3170 394 3225; x_wconf 92' lang='lat' dir='ltr'><strong>bis</strong></span> <span class='ocrx_word' id='word_1_329' title='bbox 425 3171 580 3237; x_wconf 89' lang='lat' dir='ltr'><strong>ipsis,</strong></span> <span class='ocrx_word' id='word_1_330' title='bbox 613 3187 714 3226; x_wconf 82' lang='lat' dir='ltr'><strong>nec</strong></span> <span class='ocrx_word' id='word_1_331' title='bbox 735 3172 882 3227; x_wconf 89' lang='lat' dir='ltr'><strong>aliis.</strong></span> <span class='ocrx_word' id='word_1_332' title='bbox 912 3191 932 3226; x_wconf 74' lang='grc' dir='ltr'><strong>ι</strong></span> 
     </span>
    </p>
   </div>
   <div class='ocr_carea' id='block_1_47' title="bbox 384 3353 1888 3429">
    <p class='ocr_par' dir='ltr' id='par_1_47' title="bbox 384 3353 1888 3429">
     <span class='ocr_line' id='line_1_47' title="bbox 384 3353 1888 3429; baseline 0.005 -22"><span class='ocrx_word' id='word_1_333' title='bbox 384 3353 472 3408; x_wconf 81' lang='lat' dir='ltr'><strong>l0.</strong></span> <span class='ocrx_word' id='word_1_334' title='bbox 512 3353 802 3420; x_wconf 83' lang='lat' dir='ltr'><strong>Praeterea,</strong></span> <span class='ocrx_word' id='word_1_335' title='bbox 836 3353 1086 3425; x_wconf 86' lang='lat' dir='ltr'><strong>pluribus</strong></span> <span class='ocrx_word' id='word_1_336' title='bbox 1119 3356 1266 3411; x_wconf 88' lang='lat' dir='ltr'><strong>enim</strong></span> <span class='ocrx_word' id='word_1_337' title='bbox 1292 3357 1395 3414; x_wconf 92' lang='lat' dir='ltr'><strong>hoc</strong></span> <span class='ocrx_word' id='word_1_338' title='bbox 1427 3357 1570 3414; x_wconf 88' lang='lat' dir='ltr'><strong>idem</strong></span> <span class='ocrx_word' id='word_1_339' title='bbox 1609 3374 1888 3429; x_wconf 81' lang='lat' dir='ltr'><strong>exponen-</strong></span> 
     </span>
    </p>
   </div>
   <div class='ocr_carea' id='block_1_48' title="bbox 309 3445 1890 3510">
    <p class='ocr_par' dir='ltr' id='par_1_48' title="bbox 309 3445 1890 3510">
     <span class='ocr_line' id='line_1_48' title="bbox 309 3445 1890 3510; baseline 0.008 -14"><span class='ocrx_word' id='word_1_340' title='bbox 309 3445 435 3496; x_wconf 86' lang='lat' dir='ltr'><strong>dum</strong></span> <span class='ocrx_word' id='word_1_341' title='bbox 462 3453 565 3510; x_wconf 91' lang='lat' dir='ltr'><strong>est,</strong></span> <span class='ocrx_word' id='word_1_342' title='bbox 594 3446 672 3499; x_wconf 89' lang='lat' dir='ltr'><strong>ait</strong></span> <span class='ocrx_word' id='word_1_343' title='bbox 702 3457 932 3504; x_wconf 83' lang='lat' dir='ltr'><strong>sanctus</strong></span> <span class='ocrx_word' id='word_1_344' title='bbox 959 3446 1293 3504; x_wconf 83' lang='lat' dir='ltr'><strong>Athanasius</strong></span> <span class='ocrx_word' id='word_1_345' title='bbox 1355 3457 1505 3506; x_wconf 80' lang='lat' dir='ltr'><strong>tumo</strong></span> <span class='ocrx_word' id='word_1_346' title='bbox 1559 3451 1628 3506; x_wconf 88' lang='lat' dir='ltr'><strong>ad</strong></span> <span class='ocrx_word' id='word_1_347' title='bbox 1699 3452 1890 3508; x_wconf 85' lang='lat' dir='ltr'><strong>Antio-</strong></span> 
     </span>
    </p>
   </div>
   <div class='ocr_carea' id='block_1_49' title="bbox 309 3535 1889 3608">
    <p class='ocr_par' dir='ltr' id='par_1_49' title="bbox 309 3535 1889 3608">
     <span class='ocr_line' id='line_1_49' title="bbox 309 3535 1889 3608; baseline 0.007 -19"><span class='ocrx_word' id='word_1_348' title='bbox 309 3535 537 3603; x_wconf 84' lang='lat' dir='ltr'><strong>chenos,</strong></span> <span class='ocrx_word' id='word_1_349' title='bbox 571 3539 730 3606; x_wconf 88' lang='lat' dir='ltr'><strong>cujus</strong></span> <span class='ocrx_word' id='word_1_350' title='bbox 771 3539 1140 3608; x_wconf 86' lang='lat' dir='ltr'><strong>principium,</strong></span> <span class='ocrx_word' id='word_1_351' title='bbox 1177 3539 1415 3604; x_wconf 87' lang='lat' dir='ltr'><strong>Dilectis,</strong></span> <span class='ocrx_word' id='word_1_352' title='bbox 1439 3550 1494 3596; x_wconf 92' lang='lat' dir='ltr'><strong>et</strong></span> <span class='ocrx_word' id='word_1_353' title='bbox 1538 3542 1889 3601; x_wconf 87' lang='lat' dir='ltr'><strong>desideratis-</strong></span> 
     </span>
    </p>
   </div>
   <div class='ocr_carea' id='block_1_50' title="bbox 309 3628 1887 3703">
    <p class='ocr_par' dir='ltr' id='par_1_50' title="bbox 309 3628 1887 3703">
     <span class='ocr_line' id='line_1_50' title="bbox 309 3628 1887 3703; baseline 0.004 -19"><span class='ocrx_word' id='word_1_354' title='bbox 309 3630 484 3691; x_wconf 84' lang='lat' dir='ltr'><strong>simis,</strong></span> <span class='ocrx_word' id='word_1_355' title='bbox 522 3646 534 3682; x_wconf 93' lang='lat'>:</span> <span class='ocrx_word' id='word_1_356' title='bbox 571 3650 591 3682; x_wconf 76' lang='grc' dir='ltr'><strong>ι</strong></span> <span class='ocrx_word' id='word_1_357' title='bbox 633 3628 718 3684; x_wconf 68' lang='grc' dir='ltr'><strong>ΝΗ</strong></span> <span class='ocrx_word' id='word_1_358' title='bbox 756 3639 952 3700; x_wconf 66' lang='lat' dir='ltr'><strong>praeter</strong></span> <span class='ocrx_word' id='word_1_359' title='bbox 969 3646 1054 3697; x_wconf 88' lang='lat' dir='ltr'><strong>ea,</strong></span> <span class='ocrx_word' id='word_1_360' title='bbox 1083 3648 1206 3701; x_wconf 85' lang='lat' dir='ltr'><strong>quae</strong></span> <span class='ocrx_word' id='word_1_361' title='bbox 1239 3631 1431 3688; x_wconf 64' lang='lat' dir='ltr'><strong>Nicaeae</strong></span> <span class='ocrx_word' id='word_1_362' title='bbox 1456 3633 1679 3690; x_wconf 83' lang='lat' dir='ltr'><strong>decreta</strong></span> <span class='ocrx_word' id='word_1_363' title='bbox 1735 3647 1887 3703; x_wconf 83' lang='lat' dir='ltr'><strong>sunt,</strong></span> 
     </span>
    </p>
   </div>
   <div class='ocr_carea' id='block_1_51' title="bbox 313 3723 1888 3794">
    <p class='ocr_par' dir='ltr' id='par_1_51' title="bbox 313 3723 1888 3794">
     <span class='ocr_line' id='line_1_51' title="bbox 313 3723 1888 3794; baseline 0.006 -21"><span class='ocrx_word' id='word_1_364' title='bbox 313 3737 583 3791; x_wconf 87' lang='lat' dir='ltr'><strong>promere.</strong></span> <span class='ocrx_word' id='word_1_365' title='bbox 621 3741 639 3774; x_wconf 71' lang='grc' dir='ltr'><strong>ι</strong></span> <span class='ocrx_word' id='word_1_366' title='bbox 675 3723 744 3777; x_wconf 88' lang='grc' dir='ltr'>Ει</span> <span class='ocrx_word' id='word_1_367' title='bbox 788 3725 976 3794; x_wconf 84' lang='lat' dir='ltr'><strong>paucis</strong></span> <span class='ocrx_word' id='word_1_368' title='bbox 1011 3724 1311 3793; x_wconf 69' lang='lat' dir='ltr'><strong>interiectis</strong></span> <span class='ocrx_word' id='word_1_369' title='bbox 1348 3743 1364 3781; x_wconf 90' lang='lat'><strong>:</strong></span> <span class='ocrx_word' id='word_1_370' title='bbox 1409 3745 1428 3779; x_wconf 76' lang='grc' dir='ltr'><strong>ι</strong></span> <span class='ocrx_word' id='word_1_371' title='bbox 1466 3724 1698 3783; x_wconf 83' lang='lat' dir='ltr'><strong>Voluere</strong></span> <span class='ocrx_word' id='word_1_372' title='bbox 1743 3730 1888 3782; x_wconf 91' lang='lat' dir='ltr'><strong>enim</strong></span> 
     </span>
    </p>
   </div>
   <div class='ocr_carea' id='block_1_52' title="bbox 311 3815 1890 3890">
    <p class='ocr_par' dir='ltr' id='par_1_52' title="bbox 311 3815 1890 3890">
     <span class='ocr_line' id='line_1_52' title="bbox 311 3815 1890 3890; baseline 0.006 -23"><span class='ocrx_word' id='word_1_373' title='bbox 311 3815 554 3867; x_wconf 83' lang='lat' dir='ltr'><strong>nonnulli</strong></span> <span class='ocrx_word' id='word_1_374' title='bbox 590 3815 747 3884; x_wconf 89' lang='lat' dir='ltr'><strong>quasi</strong></span> <span class='ocrx_word' id='word_1_375' title='bbox 804 3830 994 3871; x_wconf 84' lang='lat' dir='ltr'><strong>manca</strong></span> <span class='ocrx_word' id='word_1_376' title='bbox 1065 3826 1417 3888; x_wconf 79' lang='lat' dir='ltr'><strong>essent,qute</strong></span> <span class='ocrx_word' id='word_1_377' title='bbox 1455 3817 1674 3873; x_wconf 74' lang='lat' dir='ltr'><strong>Nicaena</strong></span> <span class='ocrx_word' id='word_1_378' title='bbox 1729 3835 1890 3890; x_wconf 82' lang='lat' dir='ltr'><strong>syno-</strong></span> 
     </span>
    </p>
   </div>
   <div class='ocr_carea' id='block_1_53' title="bbox 309 3905 1888 3980">
    <p class='ocr_par' dir='ltr' id='par_1_53' title="bbox 309 3905 1888 3980">
     <span class='ocr_line' id='line_1_53' title="bbox 309 3905 1888 3980; baseline 0.008 -23"><span class='ocrx_word' id='word_1_379' title='bbox 309 3910 411 3958; x_wconf 88' lang='lat' dir='ltr'><strong>dus</strong></span> <span class='ocrx_word' id='word_1_380' title='bbox 443 3905 760 3971; x_wconf 75' lang='lat' dir='ltr'><strong>tradiderat,</strong></span> <span class='ocrx_word' id='word_1_381' title='bbox 797 3905 864 3960; x_wconf 91' lang='lat' dir='ltr'><strong>de</strong></span> <span class='ocrx_word' id='word_1_382' title='bbox 891 3908 994 3963; x_wconf 89' lang='lat' dir='ltr'><strong>ﬁde</strong></span> <span class='ocrx_word' id='word_1_383' title='bbox 1040 3910 1250 3980; x_wconf 87' lang='lat' dir='ltr'><strong>aliquid</strong></span> <span class='ocrx_word' id='word_1_384' title='bbox 1304 3911 1546 3966; x_wconf 82' lang='lat' dir='ltr'><strong>scribere</strong></span> <span class='ocrx_word' id='word_1_385' title='bbox 1583 3922 1640 3968; x_wconf 85' lang='lat' dir='ltr'><strong>et</strong></span> <span class='ocrx_word' id='word_1_386' title='bbox 1691 3929 1888 3969; x_wconf 84' lang='lat' dir='ltr'><strong>manus</strong></span> 
     </span>
    </p>
   </div>
   <div class='ocr_carea' id='block_1_54' title="bbox 311 3997 1888 4073">
    <p class='ocr_par' dir='ltr' id='par_1_54' title="bbox 311 3997 1888 4073">
     <span class='ocr_line' id='line_1_54' title="bbox 311 3997 1888 4073; baseline 0.005 -22"><span class='ocrx_word' id='word_1_387' title='bbox 311 3999 575 4052; x_wconf 82' lang='lat' dir='ltr'><strong>audacter</strong></span> <span class='ocrx_word' id='word_1_388' title='bbox 609 3999 923 4055; x_wconf 85' lang='lat' dir='ltr'><strong>admovere.</strong></span> <span class='ocrx_word' id='word_1_389' title='bbox 952 3997 1337 4056; x_wconf 77' lang='lat' dir='ltr'><strong>Verumtamen</strong></span> <span class='ocrx_word' id='word_1_390' title='bbox 1366 4005 1611 4073; x_wconf 80' lang='lat' dir='ltr'><strong>synodus</strong></span> <span class='ocrx_word' id='word_1_391' title='bbox 1643 4002 1888 4060; x_wconf 69' lang='lat' dir='ltr'><strong>Serdica:</strong></span> 
     </span>
    </p>
   </div>
   <div class='ocr_carea' id='block_1_55' title="bbox 308 4091 1891 4164">
    <p class='ocr_par' dir='ltr' id='par_1_55' title="bbox 308 4091 1891 4164">
     <span class='ocr_line' id='line_1_55' title="bbox 308 4091 1891 4164; baseline 0.005 -22"><span class='ocrx_word' id='word_1_392' title='bbox 308 4099 496 4143; x_wconf 81' lang='lat' dir='ltr'><strong>coacta</strong></span> <span class='ocrx_word' id='word_1_393' title='bbox 551 4105 834 4160; x_wconf 73' lang='lat' dir='ltr'><strong>nona-quo</strong></span> <span class='ocrx_word' id='word_1_394' title='bbox 879 4091 1064 4146; x_wconf 86' lang='lat' dir='ltr'><strong>animo</strong></span> <span class='ocrx_word' id='word_1_395' title='bbox 1116 4091 1260 4158; x_wconf 87' lang='lat' dir='ltr'><strong>tttlit,</strong></span> <span class='ocrx_word' id='word_1_396' title='bbox 1303 4094 1708 4164; x_wconf 84' lang='lat' dir='ltr'><strong>ordiuavitque,</strong></span> <span class='ocrx_word' id='word_1_397' title='bbox 1753 4096 1891 4150; x_wconf 86' lang='lat' dir='ltr'><strong>nihil</strong></span> 
     </span>
    </p>
   </div>
   <div class='ocr_carea' id='block_1_56' title="bbox 308 4183 1889 4254">
    <p class='ocr_par' dir='ltr' id='par_1_56' title="bbox 308 4183 1889 4254">
     <span class='ocr_line' id='line_1_56' title="bbox 308 4183 1889 4254; baseline 0.004 -19"><span class='ocrx_word' id='word_1_398' title='bbox 308 4192 570 4250; x_wconf 70' lang='lat' dir='ltr'><strong>pra-terea</strong></span> <span class='ocrx_word' id='word_1_399' title='bbox 595 4183 663 4237; x_wconf 91' lang='lat' dir='ltr'><strong>de</strong></span> <span class='ocrx_word' id='word_1_400' title='bbox 685 4183 786 4238; x_wconf 88' lang='lat' dir='ltr'><strong>ﬁde</strong></span> <span class='ocrx_word' id='word_1_401' title='bbox 814 4184 1018 4253; x_wconf 87' lang='lat' dir='ltr'><strong>scripto</strong></span> <span class='ocrx_word' id='word_1_402' title='bbox 1039 4184 1275 4250; x_wconf 88' lang='lat' dir='ltr'><strong>tradere,</strong></span> <span class='ocrx_word' id='word_1_403' title='bbox 1300 4185 1395 4241; x_wconf 90' lang='lat' dir='ltr'><strong>sed</strong></span> <span class='ocrx_word' id='word_1_404' title='bbox 1416 4186 1769 4254; x_wconf 85' lang='lat' dir='ltr'><strong>acquiescere</strong></span> <span class='ocrx_word' id='word_1_405' title='bbox 1812 4188 1889 4242; x_wconf 90' lang='lat' dir='ltr'><strong>illi</strong></span> 
     </span>
    </p>
   </div>
   <div class='ocr_carea' id='block_1_57' title="bbox 308 4273 1892 4349">
    <p class='ocr_par' dir='ltr' id='par_1_57' title="bbox 308 4273 1892 4349">
     <span class='ocr_line' id='line_1_57' title="bbox 308 4273 1892 4349; baseline 0.007 -26"><span class='ocrx_word' id='word_1_406' title='bbox 308 4288 427 4341; x_wconf 81' lang='lat' dir='ltr'><strong>quae</strong></span> <span class='ocrx_word' id='word_1_407' title='bbox 445 4273 738 4349; x_wconf 78' lang='lat' dir='ltr'><strong>aPatribus</strong></span> <span class='ocrx_word' id='word_1_408' title='bbox 760 4276 813 4328; x_wconf 91' lang='lat' dir='ltr'><strong>in</strong></span> <span class='ocrx_word' id='word_1_409' title='bbox 841 4275 1022 4330; x_wconf 69' lang='lat' dir='ltr'><strong>Nicaea</strong></span> <span class='ocrx_word' id='word_1_410' title='bbox 1077 4276 1212 4331; x_wconf 87' lang='lat' dir='ltr'><strong>urbe</strong></span> <span class='ocrx_word' id='word_1_411' title='bbox 1234 4276 1367 4332; x_wconf 90' lang='lat' dir='ltr'><strong>ﬁdes</strong></span> <span class='ocrx_word' id='word_1_412' title='bbox 1391 4277 1588 4332; x_wconf 89' lang='lat' dir='ltr'><strong>tradita</strong></span> <span class='ocrx_word' id='word_1_413' title='bbox 1617 4288 1723 4346; x_wconf 91' lang='lat' dir='ltr'><strong>est,</strong></span> <span class='ocrx_word' id='word_1_414' title='bbox 1748 4278 1892 4349; x_wconf 86' lang='lat' dir='ltr'><strong>quod</strong></span> 
     </span>
    </p>
   </div>
   <div class='ocr_carea' id='block_1_58' title="bbox 307 4347 1895 4439">
    <p class='ocr_par' dir='ltr' id='par_1_58' title="bbox 307 4347 1895 4439">
     <span class='ocr_line' id='line_1_58' title="bbox 307 4347 1895 4439; baseline 0.006 -22"><span class='ocrx_word' id='word_1_415' title='bbox 307 4366 446 4418; x_wconf 88' lang='lat' dir='ltr'><strong>nihil</strong></span> <span class='ocrx_word' id='word_1_416' title='bbox 466 4347 518 4420; x_wconf 76' lang='lat' dir='ltr'><strong>in</strong></span> <span class='ocrx_word' id='word_1_417' title='bbox 541 4383 602 4420; x_wconf 86' lang='lat' dir='ltr'><strong>ea</strong></span> <span class='ocrx_word' id='word_1_418' title='bbox 622 4368 784 4431; x_wconf 88' lang='lat' dir='ltr'><strong>desit,</strong></span> <span class='ocrx_word' id='word_1_419' title='bbox 805 4367 898 4422; x_wconf 87' lang='lat' dir='ltr'><strong>sed</strong></span> <span class='ocrx_word' id='word_1_420' title='bbox 917 4370 1119 4437; x_wconf 88' lang='lat' dir='ltr'><strong>pietate</strong></span> <span class='ocrx_word' id='word_1_421' title='bbox 1141 4370 1402 4424; x_wconf 82' lang='lat' dir='ltr'><strong>abundet.</strong></span> <span class='ocrx_word' id='word_1_422' title='bbox 1424 4370 1484 4423; x_wconf 87' lang='lat' dir='ltr'><strong>Et</strong></span> <span class='ocrx_word' id='word_1_423' title='bbox 1520 4372 1666 4439; x_wconf 90' lang='lat' dir='ltr'><strong>quod</strong></span> <span class='ocrx_word' id='word_1_424' title='bbox 1701 4347 1895 4426; x_wconf 80' lang='lat' dir='ltr'><strong>secun-</strong></span> 
     </span>
    </p>
   </div>
   <div class='ocr_carea' id='block_1_59' title="bbox 309 4454 1884 4529">
    <p class='ocr_par' dir='ltr' id='par_1_59' title="bbox 309 4454 1884 4529">
     <span class='ocr_line' id='line_1_59' title="bbox 309 4454 1884 4529; baseline 0.004 -22"><span class='ocrx_word' id='word_1_425' title='bbox 309 4454 376 4507; x_wconf 89' lang='lat' dir='ltr'><strong>da</strong></span> <span class='ocrx_word' id='word_1_426' title='bbox 405 4455 536 4508; x_wconf 83' lang='lat' dir='ltr'><strong>ﬁdes</strong></span> <span class='ocrx_word' id='word_1_427' title='bbox 562 4456 920 4524; x_wconf 86' lang='lat' dir='ltr'><strong>scriptitauda</strong></span> <span class='ocrx_word' id='word_1_428' title='bbox 945 4471 1054 4510; x_wconf 89' lang='lat' dir='ltr'><strong>non</strong></span> <span class='ocrx_word' id='word_1_429' title='bbox 1078 4465 1185 4520; x_wconf 89' lang='lat' dir='ltr'><strong>est,</strong></span> <span class='ocrx_word' id='word_1_430' title='bbox 1205 4473 1293 4520; x_wconf 88' lang='lat' dir='ltr'><strong>ne,</strong></span> <span class='ocrx_word' id='word_1_431' title='bbox 1315 4473 1437 4526; x_wconf 73' lang='lat' dir='ltr'><strong>qua:</strong></span> <span class='ocrx_word' id='word_1_432' title='bbox 1458 4459 1652 4513; x_wconf 68' lang='lat' dir='ltr'><strong>Nicatae</strong></span> <span class='ocrx_word' id='word_1_433' title='bbox 1679 4462 1884 4529; x_wconf 91' lang='lat' dir='ltr'><strong>scripta</strong></span> 
     </span>
    </p>
   </div>
   <div class='ocr_carea' id='block_1_60' title="bbox 306 4547 1890 4616">
    <p class='ocr_par' dir='ltr' id='par_1_60' title="bbox 306 4547 1890 4616">
     <span class='ocr_line' id='line_1_60' title="bbox 306 4547 1890 4616; baseline 0.006 -18"><span class='ocrx_word' id='word_1_434' title='bbox 306 4547 598 4609; x_wconf 50' lang='grc' dir='ltr'><strong>θείη-ωηιιί</strong></span> <span class='ocrx_word' id='word_1_435' title='bbox 632 4561 824 4600; x_wconf 75' lang='lat' dir='ltr'><strong>manca</strong></span> <span class='ocrx_word' id='word_1_436' title='bbox 873 4557 1035 4616; x_wconf 84' lang='lat' dir='ltr'><strong>atque</strong></span> <span class='ocrx_word' id='word_1_437' title='bbox 1059 4548 1729 4614; x_wconf 74' lang='lat' dir='ltr'><strong>imperfectaexistimata,</strong></span> <span class='ocrx_word' id='word_1_438' title='bbox 1755 4567 1890 4609; x_wconf 86' lang='lat' dir='ltr'><strong>ausa</strong></span> 
     </span>
    </p>
   </div>
   <div class='ocr_carea' id='block_1_61' title="bbox 1915 1935 1964 1995">
    <p class='ocr_par' dir='ltr' id='par_1_61' title="bbox 1915 1935 1964 1995">
     <span class='ocr_line' id='line_1_61' title="bbox 1915 1935 1964 1995; baseline 0 0"><span class='ocrx_word' id='word_1_439' title='bbox 1915 1935 1964 1995; x_wconf 89' lang='lat' dir='ltr'><strong>B</strong></span> 
     </span>
    </p>
   </div>
   <div class='ocr_carea' id='block_1_62' title="bbox 1988 1885 3570 1960">
    <p class='ocr_par' dir='ltr' id='par_1_62' title="bbox 1988 1885 3570 1960">
     <span class='ocr_line' id='line_1_62' title="bbox 1988 1885 3570 1960; baseline -0.004 -16"><span class='ocrx_word' id='word_1_440' title='bbox 1988 1893 2163 1960; x_wconf 88' lang='grc' dir='ltr'>τέρων</span> <span class='ocrx_word' id='word_1_441' title='bbox 2195 1889 2662 1958; x_wconf 84' lang='grc' dir='ltr'>ἐμπολιτευομένη</span> <span class='ocrx_word' id='word_1_442' title='bbox 2695 1890 2764 1957; x_wconf 80' lang='grc' dir='ltr'>τῇ</span> <span class='ocrx_word' id='word_1_443' title='bbox 2803 1887 3111 1958; x_wconf 74' lang='grc' dir='ltr'>Ἐκκλησία</span> <span class='ocrx_word' id='word_1_444' title='bbox 3161 1885 3322 1954; x_wconf 78' lang='grc' dir='ltr'>ἡμῶν</span> <span class='ocrx_word' id='word_1_445' title='bbox 3370 1887 3403 1955; x_wconf 86' lang='grc' dir='ltr'>ή</span> <span class='ocrx_word' id='word_1_446' title='bbox 3435 1902 3570 1954; x_wconf 89' lang='grc' dir='ltr'>γρα-</span> 
     </span>
    </p>
   </div>
   <div class='ocr_carea' id='block_1_63' title="bbox 1995 1978 3569 2052">
    <p class='ocr_par' dir='ltr' id='par_1_63' title="bbox 1995 1978 3569 2052">
     <span class='ocr_line' id='line_1_63' title="bbox 1995 1978 3569 2052; baseline -0.006 -16"><span class='ocrx_word' id='word_1_447' title='bbox 1995 1986 2156 2050; x_wconf 80' lang='grc' dir='ltr'>φεῖσα</span> <span class='ocrx_word' id='word_1_448' title='bbox 2191 1982 2340 2052; x_wconf 82' lang='grc' dir='ltr'>παρά</span> <span class='ocrx_word' id='word_1_449' title='bbox 2366 1982 2474 2033; x_wconf 82' lang='grc' dir='ltr'>τῶν</span> <span class='ocrx_word' id='word_1_450' title='bbox 2503 1981 2678 2048; x_wconf 76' lang='grc' dir='ltr'>ἁγίων</span> <span class='ocrx_word' id='word_1_451' title='bbox 2714 1980 2975 2048; x_wconf 83' lang='grc' dir='ltr'>Πατέρων</span> <span class='ocrx_word' id='word_1_452' title='bbox 3023 1979 3209 2039; x_wconf 80' lang='grc' dir='ltr'>πίστις</span> <span class='ocrx_word' id='word_1_453' title='bbox 3261 1979 3372 2030; x_wconf 82' lang='grc' dir='ltr'>τῶν</span> <span class='ocrx_word' id='word_1_454' title='bbox 3428 1978 3569 2028; x_wconf 74' lang='grc' dir='ltr'>κατὰ</span> 
     </span>
    </p>
   </div>
   <div class='ocr_carea' id='block_1_64' title="bbox 1991 2067 3570 2142">
    <p class='ocr_par' dir='ltr' id='par_1_64' title="bbox 1991 2067 3570 2142">
     <span class='ocr_line' id='line_1_64' title="bbox 1991 2067 3570 2142; baseline -0.006 -14"><span class='ocrx_word' id='word_1_455' title='bbox 1991 2075 2230 2128; x_wconf 79' lang='grc' dir='ltr'>Νίκαιαν</span> <span class='ocrx_word' id='word_1_456' title='bbox 2269 2072 2635 2126; x_wconf 77' lang='grc' dir='ltr'>συνελθόντων</span> <span class='ocrx_word' id='word_1_457' title='bbox 2666 2073 2818 2142; x_wconf 72' lang='grc' dir='ltr'>ἡμῖν,</span> <span class='ocrx_word' id='word_1_458' title='bbox 2871 2071 2938 2140; x_wconf 84' lang='grc' dir='ltr'>ῆν</span> <span class='ocrx_word' id='word_1_459' title='bbox 2999 2068 3288 2140; x_wconf 73' lang='grc' dir='ltr'>ἡγούμεθα</span> <span class='ocrx_word' id='word_1_460' title='bbox 3343 2067 3445 2136; x_wconf 77' lang='grc' dir='ltr'>μὲν</span> <span class='ocrx_word' id='word_1_461' title='bbox 3478 2068 3570 2120; x_wconf 75' lang='grc' dir='ltr'>διὰ</span> 
     </span>
    </p>
   </div>
   <div class='ocr_carea' id='block_1_65' title="bbox 1995 2148 3568 2233">
    <p class='ocr_par' dir='ltr' id='par_1_65' title="bbox 1995 2148 3568 2233">
     <span class='ocr_line' id='line_1_65' title="bbox 1995 2148 3568 2233; baseline -0.004 -16"><span class='ocrx_word' id='word_1_462' title='bbox 1995 2165 2264 2233; x_wconf 83' lang='grc' dir='ltr'>στόματος</span> <span class='ocrx_word' id='word_1_463' title='bbox 2298 2160 2438 2216; x_wconf 72' lang='grc' dir='ltr'>εἶναι</span> <span class='ocrx_word' id='word_1_464' title='bbox 2460 2164 2553 2215; x_wconf 85' lang='grc' dir='ltr'>καί</span> <span class='ocrx_word' id='word_1_465' title='bbox 2584 2162 2716 2231; x_wconf 81' lang='grc' dir='ltr'>παρ’</span> <span class='ocrx_word' id='word_1_466' title='bbox 2748 2163 2901 2230; x_wconf 81' lang='grc' dir='ltr'>ὑμῖν,</span> <span class='ocrx_word' id='word_1_467' title='bbox 2950 2161 3010 2212; x_wconf 85' lang='grc' dir='ltr'>οὐ</span> <span class='ocrx_word' id='word_1_468' title='bbox 3044 2148 3464 2230; x_wconf 74' lang='grc' dir='ltr'>παραιτούμεθα</span> <span class='ocrx_word' id='word_1_469' title='bbox 3490 2158 3568 2224; x_wconf 76' lang='grc' dir='ltr'>δὲ,</span> 
     </span>
    </p>
   </div>
   <div class='ocr_carea' id='block_1_66' title="bbox 1995 2249 3570 2325">
    <p class='ocr_par' dir='ltr' id='par_1_66' title="bbox 1995 2249 3570 2325">
     <span class='ocr_line' id='line_1_66' title="bbox 1995 2249 3570 2325; baseline -0.004 -17"><span class='ocrx_word' id='word_1_470' title='bbox 1995 2256 2082 2308; x_wconf 77' lang='grc' dir='ltr'>ἵνα</span> <span class='ocrx_word' id='word_1_471' title='bbox 2116 2255 2251 2325; x_wconf 76' lang='grc' dir='ltr'>μηδὲ</span> <span class='ocrx_word' id='word_1_472' title='bbox 2282 2255 2443 2308; x_wconf 79' lang='grc' dir='ltr'>ϐκνου</span> <span class='ocrx_word' id='word_1_473' title='bbox 2479 2253 2738 2322; x_wconf 72' lang='grc' dir='ltr'>ἔγκλημα</span> <span class='ocrx_word' id='word_1_474' title='bbox 2788 2249 3242 2320; x_wconf 88' lang='grc' dir='ltr'>ἐπενεγκώμεθα,</span> <span class='ocrx_word' id='word_1_475' title='bbox 3304 2251 3400 2302; x_wconf 64' lang='grc' dir='ltr'>καὶ</span> <span class='ocrx_word' id='word_1_476' title='bbox 3430 2249 3570 2303; x_wconf 80' lang='grc' dir='ltr'><strong>αὑτὰ</strong></span> 
     </span>
    </p>
   </div>
   <div class='ocr_carea' id='block_1_67' title="bbox 1991 2337 3568 2420">
    <p class='ocr_par' dir='ltr' id='par_1_67' title="bbox 1991 2337 3568 2420">
     <span class='ocr_line' id='line_1_67' title="bbox 1991 2337 3568 2420; baseline -0.006 -17"><span class='ocrx_word' id='word_1_477' title='bbox 1991 2337 2061 2403; x_wconf 64' lang='grc' dir='ltr'><strong>τὰ</strong></span> <span class='ocrx_word' id='word_1_478' title='bbox 2129 2350 2352 2420; x_wconf 80' lang='grc' dir='ltr'>ῥήματα</span> <span class='ocrx_word' id='word_1_479' title='bbox 2412 2345 2720 2414; x_wconf 80' lang='grc' dir='ltr'>ἑνσημῆναι</span> <span class='ocrx_word' id='word_1_480' title='bbox 2793 2345 2873 2414; x_wconf 83' lang='grc' dir='ltr'><strong>τῷ</strong></span> <span class='ocrx_word' id='word_1_481' title='bbox 2931 2345 3243 2413; x_wconf 79' lang='grc' dir='ltr'>γράμματι.</span> <span class='ocrx_word' id='word_1_482' title='bbox 3296 2342 3452 2395; x_wconf 84' lang='grc' dir='ltr'>Ἐστι</span> <span class='ocrx_word' id='word_1_483' title='bbox 3512 2341 3568 2395; x_wconf 80' lang='grc' dir='ltr'>δὲ</span> 
     </span>
    </p>
   </div>
   <div class='ocr_carea' id='block_1_68' title="bbox 1990 2434 3569 2506">
    <p class='ocr_par' dir='ltr' id='par_1_68' title="bbox 1990 2434 3569 2506">
     <span class='ocr_line' id='line_1_68' title="bbox 1990 2434 3569 2506; baseline -0.006 -11"><span class='ocrx_word' id='word_1_484' title='bbox 1990 2441 2181 2496; x_wconf 79' lang='grc' dir='ltr'>ταῦτα’</span> <span class='ocrx_word' id='word_1_485' title='bbox 2216 2441 2592 2506; x_wconf 79' lang='grc' dir='ltr'>Πιστεύομεν</span> <span class='ocrx_word' id='word_1_486' title='bbox 2620 2441 2706 2503; x_wconf 83' lang='grc' dir='ltr'><strong>είς</strong></span> <span class='ocrx_word' id='word_1_487' title='bbox 2735 2436 2847 2489; x_wconf 76' lang='grc' dir='ltr'>ἕνα</span> <span class='ocrx_word' id='word_1_488' title='bbox 2903 2437 3054 2490; x_wconf 78' lang='grc' dir='ltr'>Θεὸν</span> <span class='ocrx_word' id='word_1_489' title='bbox 3081 2434 3319 2502; x_wconf 81' lang='grc' dir='ltr'>Πατέρα</span> <span class='ocrx_word' id='word_1_490' title='bbox 3343 2449 3569 2488; x_wconf 81' lang='grc' dir='ltr'>παντο-</span> 
     </span>
    </p>
   </div>
   <div class='ocr_carea' id='block_1_69' title="bbox 1992 2526 3567 2603">
    <p class='ocr_par' dir='ltr' id='par_1_69' title="bbox 1992 2526 3567 2603">
     <span class='ocr_line' id='line_1_69' title="bbox 1992 2526 3567 2603; baseline -0.006 -14"><span class='ocrx_word' id='word_1_491' title='bbox 1992 2537 2270 2603; x_wconf 75' lang='grc' dir='ltr'>κράτορα,</span> <span class='ocrx_word' id='word_1_492' title='bbox 2295 2534 2391 2591; x_wconf 75' lang='grc' dir='ltr'>καὶ</span> <span class='ocrx_word' id='word_1_493' title='bbox 2421 2534 2488 2586; x_wconf 77' lang='grc' dir='ltr'><strong>τὰ</strong></span> <span class='ocrx_word' id='word_1_494' title='bbox 2517 2532 2643 2601; x_wconf 78' lang='grc' dir='ltr'>ἐξῆς</span> <span class='ocrx_word' id='word_1_495' title='bbox 2655 2531 2750 2584; x_wconf 82' lang='grc' dir='ltr'>τοῦ</span> <span class='ocrx_word' id='word_1_496' title='bbox 2783 2530 2926 2584; x_wconf 78' lang='grc' dir='ltr'>κατὰ</span> <span class='ocrx_word' id='word_1_497' title='bbox 2949 2528 3189 2582; x_wconf 84' lang='grc' dir='ltr'>Νίκαιαν</span> <span class='ocrx_word' id='word_1_498' title='bbox 3229 2526 3567 2595; x_wconf 70' lang='grc' dir='ltr'>Συμϐόλου.»</span> 
     </span>
    </p>
   </div>
   <div class='ocr_carea' id='block_1_70' title="bbox 1995 2618 3569 2696">
    <p class='ocr_par' dir='ltr' id='par_1_70' title="bbox 1995 2618 3569 2696">
     <span class='ocr_line' id='line_1_70' title="bbox 1995 2618 3569 2696; baseline -0.008 -15"><span class='ocrx_word' id='word_1_499' title='bbox 1995 2630 2070 2681; x_wconf 74' lang='grc' dir='ltr'><strong>Οὐ</strong></span> <span class='ocrx_word' id='word_1_500' title='bbox 2105 2625 2414 2696; x_wconf 82' lang='grc' dir='ltr'>συμφώνως</span> <span class='ocrx_word' id='word_1_501' title='bbox 2449 2623 2525 2694; x_wconf 83' lang='grc' dir='ltr'>τῷ</span> <span class='ocrx_word' id='word_1_502' title='bbox 2557 2623 2687 2693; x_wconf 82' lang='grc' dir='ltr'>θείῳ</span> <span class='ocrx_word' id='word_1_503' title='bbox 2720 2621 2976 2691; x_wconf 85' lang='grc' dir='ltr'>Κυρίλλῳ</span> <span class='ocrx_word' id='word_1_504' title='bbox 3001 2620 3095 2671; x_wconf 75' lang='grc' dir='ltr'>καὶ</span> <span class='ocrx_word' id='word_1_505' title='bbox 3141 2619 3170 2671; x_wconf 91' lang='lat'><strong>6</strong></span> <span class='ocrx_word' id='word_1_506' title='bbox 3205 2619 3377 2686; x_wconf 77' lang='grc' dir='ltr'>μέγας</span> <span class='ocrx_word' id='word_1_507' title='bbox 3409 2618 3569 2669; x_wconf 85' lang='grc' dir='ltr'>Βασί-</span> 
     </span>
    </p>
   </div>
   <div class='ocr_carea' id='block_1_71' title="bbox 1991 2709 3569 2784">
    <p class='ocr_par' dir='ltr' id='par_1_71' title="bbox 1991 2709 3569 2784">
     <span class='ocr_line' id='line_1_71' title="bbox 1991 2709 3569 2784; baseline -0.008 -12"><span class='ocrx_word' id='word_1_508' title='bbox 1991 2719 2130 2780; x_wconf 87' lang='grc' dir='ltr'>λειος</span> <span class='ocrx_word' id='word_1_509' title='bbox 2161 2716 2335 2771; x_wconf 80' lang='grc' dir='ltr'><strong>ταῦτά</strong></span> <span class='ocrx_word' id='word_1_510' title='bbox 2361 2732 2523 2784; x_wconf 77' lang='grc' dir='ltr'>φησιν</span> <span class='ocrx_word' id='word_1_511' title='bbox 2551 2731 2566 2780; x_wconf 88' lang='lat'><strong>;</strong></span> <span class='ocrx_word' id='word_1_512' title='bbox 2599 2715 2705 2777; x_wconf 86' lang='grc' dir='ltr'>ὅτι,</span> <span class='ocrx_word' id='word_1_513' title='bbox 2744 2731 2762 2764; x_wconf 79' lang='grc' dir='ltr'><strong>ι</strong></span> <span class='ocrx_word' id='word_1_514' title='bbox 2798 2713 2914 2765; x_wconf 84' lang='grc' dir='ltr'><strong>Οὐκ</strong></span> <span class='ocrx_word' id='word_1_515' title='bbox 2945 2709 3316 2782; x_wconf 73' lang='grc' dir='ltr'>ἐπιτρέπομεν</span> <span class='ocrx_word' id='word_1_516' title='bbox 3336 2710 3569 2773; x_wconf 75' lang='grc' dir='ltr'>ἑαυτοῖς,</span> 
     </span>
    </p>
   </div>
   <div class='ocr_carea' id='block_1_72' title="bbox 1993 2799 3569 2882">
    <p class='ocr_par' dir='ltr' id='par_1_72' title="bbox 1993 2799 3569 2882">
     <span class='ocr_line' id='line_1_72' title="bbox 1993 2799 3569 2882; baseline -0.008 -18"><span class='ocrx_word' id='word_1_517' title='bbox 1993 2812 2025 2882; x_wconf 78' lang='grc' dir='ltr'>ἢ</span> <span class='ocrx_word' id='word_1_518' title='bbox 2057 2811 2324 2880; x_wconf 73' lang='grc' dir='ltr'>ἑτέροις.»</span> <span class='ocrx_word' id='word_1_519' title='bbox 2363 2807 2474 2862; x_wconf 75' lang='lat' dir='ltr'><strong>Kal.</strong></span> <span class='ocrx_word' id='word_1_520' title='bbox 2505 2808 2533 2859; x_wconf 97' lang='lat'><strong>6</strong></span> <span class='ocrx_word' id='word_1_521' title='bbox 2564 2807 2662 2876; x_wconf 77' lang='grc' dir='ltr'>μὲν</span> <span class='ocrx_word' id='word_1_522' title='bbox 2694 2806 2834 2867; x_wconf 86' lang='grc' dir='ltr'>θεῖος</span> <span class='ocrx_word' id='word_1_523' title='bbox 2864 2803 3132 2874; x_wconf 78' lang='grc' dir='ltr'>Κύριλλος</span> <span class='ocrx_word' id='word_1_524' title='bbox 3189 2802 3382 2865; x_wconf 81' lang='grc' dir='ltr'>οὕτως·</span> <span class='ocrx_word' id='word_1_525' title='bbox 3434 2803 3462 2854; x_wconf 89' lang='grc' dir='ltr'>ὁ</span> <span class='ocrx_word' id='word_1_526' title='bbox 3516 2799 3569 2852; x_wconf 76' lang='grc' dir='ltr'>δὲ</span> 
     </span>
    </p>
   </div>
   <div class='ocr_carea' id='block_1_73' title="bbox 1997 2896 3569 2975">
    <p class='ocr_par' dir='ltr' id='par_1_73' title="bbox 1997 2896 3569 2975">
     <span class='ocr_line' id='line_1_73' title="bbox 1997 2896 3569 2975; baseline -0.008 -17"><span class='ocrx_word' id='word_1_527' title='bbox 1997 2907 2172 2975; x_wconf 82' lang='grc' dir='ltr'>μέγας</span> <span class='ocrx_word' id='word_1_528' title='bbox 2202 2903 2482 2966; x_wconf 86' lang='grc' dir='ltr'>Βασίλειος</span> <span class='ocrx_word' id='word_1_529' title='bbox 2513 2904 2582 2954; x_wconf 70' lang='grc' dir='ltr'>τὰ</span> <span class='ocrx_word' id='word_1_530' title='bbox 2632 2898 2902 2969; x_wconf 80' lang='grc' dir='ltr'>ἀνώτερα,</span> <span class='ocrx_word' id='word_1_531' title='bbox 2956 2901 3060 2963; x_wconf 82' lang='grc' dir='ltr'>ὅτι,</span> <span class='ocrx_word' id='word_1_532' title='bbox 3105 2917 3124 2949; x_wconf 78' lang='grc' dir='ltr'>ί</span> <span class='ocrx_word' id='word_1_533' title='bbox 3167 2897 3356 2950; x_wconf 86' lang='grc' dir='ltr'>Πίστιν</span> <span class='ocrx_word' id='word_1_534' title='bbox 3407 2896 3569 2965; x_wconf 74' lang='grc' dir='ltr'>ἡμεῖς</span> 
     </span>
    </p>
   </div>
   <div class='ocr_carea' id='block_1_74' title="bbox 1993 2986 3575 3065">
    <p class='ocr_par' dir='ltr' id='par_1_74' title="bbox 1993 2986 3575 3065">
     <span class='ocr_line' id='line_1_74' title="bbox 1993 2986 3575 3065; baseline -0.007 -16"><span class='ocrx_word' id='word_1_535' title='bbox 1993 2996 2117 3050; x_wconf 70' lang='grc' dir='ltr'>οὔτε</span> <span class='ocrx_word' id='word_1_536' title='bbox 2143 2996 2272 3065; x_wconf 84' lang='grc' dir='ltr'>παρ’</span> <span class='ocrx_word' id='word_1_537' title='bbox 2299 2995 2460 3048; x_wconf 75' lang='grc' dir='ltr'>ἄλλου</span> <span class='ocrx_word' id='word_1_538' title='bbox 2485 2993 2842 3062; x_wconf 71' lang='grc' dir='ltr'>γραφομένην</span> <span class='ocrx_word' id='word_1_539' title='bbox 2866 2992 3006 3061; x_wconf 79' lang='grc' dir='ltr'>ἡμῖν</span> <span class='ocrx_word' id='word_1_540' title='bbox 3035 2989 3309 3058; x_wconf 86' lang='grc' dir='ltr'>νεωτέραν</span> <span class='ocrx_word' id='word_1_541' title='bbox 3336 2986 3575 3057; x_wconf 84' lang='grc' dir='ltr'>παραδε-</span> 
     </span>
    </p>
   </div>
   <div class='ocr_carea' id='block_1_75' title="bbox 1993 3079 3574 3158">
    <p class='ocr_par' dir='ltr' id='par_1_75' title="bbox 1993 3079 3574 3158">
     <span class='ocr_line' id='line_1_75' title="bbox 1993 3079 3574 3158; baseline -0.006 -18"><span class='ocrx_word' id='word_1_542' title='bbox 1993 3087 2224 3158; x_wconf 84' lang='grc' dir='ltr'>χόμεθα,</span> <span class='ocrx_word' id='word_1_543' title='bbox 2257 3084 2384 3138; x_wconf 70' lang='grc' dir='ltr'>οὔτε</span> <span class='ocrx_word' id='word_1_544' title='bbox 2419 3084 2582 3139; x_wconf 75' lang='grc' dir='ltr'>αὐτοὶ</span> <span class='ocrx_word' id='word_1_545' title='bbox 2611 3086 2679 3136; x_wconf 78' lang='grc' dir='ltr'>τὰ</span> <span class='ocrx_word' id='word_1_546' title='bbox 2707 3082 2806 3151; x_wconf 79' lang='grc' dir='ltr'>τῆς</span> <span class='ocrx_word' id='word_1_547' title='bbox 2846 3080 3127 3150; x_wconf 82' lang='grc' dir='ltr'>ἡμετέρας</span> <span class='ocrx_word' id='word_1_548' title='bbox 3157 3079 3396 3140; x_wconf 89' lang='grc' dir='ltr'>διανοίας</span> <span class='ocrx_word' id='word_1_549' title='bbox 3452 3093 3574 3144; x_wconf 87' lang='grc' dir='ltr'>γεν-</span> 
     </span>
    </p>
   </div>
   <div class='ocr_carea' id='block_1_76' title="bbox 1994 3171 3574 3249">
    <p class='ocr_par' dir='ltr' id='par_1_76' title="bbox 1994 3171 3574 3249">
     <span class='ocr_line' id='line_1_76' title="bbox 1994 3171 3574 3249; baseline -0.008 -16"><span class='ocrx_word' id='word_1_550' title='bbox 1994 3179 2212 3249; x_wconf 77' lang='grc' dir='ltr'>νήματα</span> <span class='ocrx_word' id='word_1_551' title='bbox 2233 3175 2589 3244; x_wconf 79' lang='grc' dir='ltr'>παραδιδόναι</span> <span class='ocrx_word' id='word_1_552' title='bbox 2611 3173 2950 3241; x_wconf 72' lang='grc' dir='ltr'>τολμῶμεν.»</span> <span class='ocrx_word' id='word_1_553' title='bbox 2983 3171 3161 3241; x_wconf 86' lang='grc' dir='ltr'>Ὅπερ</span> <span class='ocrx_word' id='word_1_554' title='bbox 3186 3171 3301 3224; x_wconf 74' lang='grc' dir='ltr'>ἴσον</span> <span class='ocrx_word' id='word_1_555' title='bbox 3328 3171 3422 3223; x_wconf 74' lang='grc' dir='ltr'><strong>καὶ</strong></span> <span class='ocrx_word' id='word_1_556' title='bbox 3443 3184 3574 3224; x_wconf 85' lang='grc' dir='ltr'>ταυ-</span> 
     </span>
    </p>
   </div>
   <div class='ocr_carea' id='block_1_77' title="bbox 1916 3262 3566 3350">
    <p class='ocr_par' dir='ltr' id='par_1_77' title="bbox 1916 3262 3566 3350">
     <span class='ocr_line' id='line_1_77' title="bbox 1916 3262 3566 3350; baseline -0.008 -28"><span class='ocrx_word' id='word_1_557' title='bbox 1916 3292 1960 3350; x_wconf 74' lang='lat' dir='ltr'>c</span> <span class='ocrx_word' id='word_1_558' title='bbox 1994 3269 2084 3322; x_wconf 84' lang='grc' dir='ltr'><strong>τόν</strong></span> <span class='ocrx_word' id='word_1_559' title='bbox 2119 3270 2236 3321; x_wconf 82' lang='grc' dir='ltr'>ἐστι</span> <span class='ocrx_word' id='word_1_560' title='bbox 2261 3266 2359 3336; x_wconf 84' lang='grc' dir='ltr'><strong>τῷ,</strong></span> <span class='ocrx_word' id='word_1_561' title='bbox 2393 3285 2411 3317; x_wconf 86' lang='grc' dir='ltr'><strong>ι</strong></span> <span class='ocrx_word' id='word_1_562' title='bbox 2435 3266 2551 3319; x_wconf 81' lang='grc' dir='ltr'><strong>Οὐκ</strong></span> <span class='ocrx_word' id='word_1_563' title='bbox 2582 3267 2948 3333; x_wconf 81' lang='grc' dir='ltr'>ἐπιτρέπομεν</span> <span class='ocrx_word' id='word_1_564' title='bbox 2979 3264 3213 3326; x_wconf 55' lang='grc' dir='ltr'>ἑαυτοῖς,</span> <span class='ocrx_word' id='word_1_565' title='bbox 3241 3262 3273 3332; x_wconf 83' lang='grc' dir='ltr'>ἦ</span> <span class='ocrx_word' id='word_1_566' title='bbox 3305 3262 3566 3332; x_wconf 74' lang='grc' dir='ltr'>ἑτέροις.»</span> 
     </span>
    </p>
   </div>
   <div class='ocr_carea' id='block_1_78' title="bbox 2073 3351 3574 3428">
    <p class='ocr_par' dir='ltr' id='par_1_78' title="bbox 2073 3351 3574 3428">
     <span class='ocr_line' id='line_1_78' title="bbox 2073 3351 3574 3428; baseline -0.006 -15"><span class='ocrx_word' id='word_1_567' title='bbox 2073 3364 2126 3413; x_wconf 79' lang='grc' dir='ltr'>ι’.</span> <span class='ocrx_word' id='word_1_568' title='bbox 2166 3360 2314 3424; x_wconf 83' lang='grc' dir='ltr'>Ἔτι,</span> <span class='ocrx_word' id='word_1_569' title='bbox 2348 3358 2430 3412; x_wconf 85' lang='grc' dir='ltr'><strong>δεῖ</strong></span> <span class='ocrx_word' id='word_1_570' title='bbox 2452 3358 2562 3428; x_wconf 80' lang='grc' dir='ltr'>γὰρ</span> <span class='ocrx_word' id='word_1_571' title='bbox 2586 3358 2682 3410; x_wconf 75' lang='grc' dir='ltr'>καὶ</span> <span class='ocrx_word' id='word_1_572' title='bbox 2709 3357 2796 3410; x_wconf 80' lang='grc' dir='ltr'>διὰ</span> <span class='ocrx_word' id='word_1_573' title='bbox 2841 3355 3102 3408; x_wconf 84' lang='grc' dir='ltr'>πλειόνων</span> <span class='ocrx_word' id='word_1_574' title='bbox 3132 3354 3193 3406; x_wconf 79' lang='grc' dir='ltr'>τὸ</span> <span class='ocrx_word' id='word_1_575' title='bbox 3232 3353 3363 3419; x_wconf 74' lang='grc' dir='ltr'>περὶ</span> <span class='ocrx_word' id='word_1_576' title='bbox 3417 3351 3574 3404; x_wconf 79' lang='grc' dir='ltr'>τοῦτο</span> 
     </span>
    </p>
   </div>
   <div class='ocr_carea' id='block_1_79' title="bbox 1992 3441 3574 3520">
    <p class='ocr_par' dir='ltr' id='par_1_79' title="bbox 1992 3441 3574 3520">
     <span class='ocr_line' id='line_1_79' title="bbox 1992 3441 3574 3520; baseline -0.008 -15"><span class='ocrx_word' id='word_1_577' title='bbox 1992 3452 2348 3520; x_wconf 79' lang='grc' dir='ltr'>διασαφῆσαι,</span> <span class='ocrx_word' id='word_1_578' title='bbox 2384 3451 2552 3519; x_wconf 78' lang='grc' dir='ltr'>φησὶν</span> <span class='ocrx_word' id='word_1_579' title='bbox 2612 3450 2640 3501; x_wconf 89' lang='lat'><strong>6</strong></span> <span class='ocrx_word' id='word_1_580' title='bbox 2679 3451 2952 3519; x_wconf 81' lang='grc' dir='ltr'>μακάριος</span> <span class='ocrx_word' id='word_1_581' title='bbox 3028 3444 3348 3506; x_wconf 78' lang='grc' dir='ltr'>’Δθανάσιος</span> <span class='ocrx_word' id='word_1_582' title='bbox 3409 3444 3468 3494; x_wconf 86' lang='grc' dir='ltr'><strong>ἐν</strong></span> <span class='ocrx_word' id='word_1_583' title='bbox 3498 3441 3574 3510; x_wconf 81' lang='grc' dir='ltr'>τῷ</span> 
     </span>
    </p>
   </div>
   <div class='ocr_carea' id='block_1_80' title="bbox 1993 3535 3574 3611">
    <p class='ocr_par' dir='ltr' id='par_1_80' title="bbox 1993 3535 3574 3611">
     <span class='ocr_line' id='line_1_80' title="bbox 1993 3535 3574 3611; baseline -0.008 -16"><span class='ocrx_word' id='word_1_584' title='bbox 1993 3543 2127 3611; x_wconf 69' lang='grc' dir='ltr'>πρὸς</span> <span class='ocrx_word' id='word_1_585' title='bbox 2171 3542 2465 3611; x_wconf 82' lang='grc' dir='ltr'>Ἀντιοχεῖς</span> <span class='ocrx_word' id='word_1_586' title='bbox 2515 3539 2772 3608; x_wconf 46' lang='grc' dir='ltr'>τάμῃ),οὑ</span> <span class='ocrx_word' id='word_1_587' title='bbox 2809 3541 2840 3606; x_wconf 77' lang='grc' dir='ltr'>ἡ</span> <span class='ocrx_word' id='word_1_588' title='bbox 2886 3537 3052 3607; x_wconf 77' lang='grc' dir='ltr'>ἀρχὴ,</span> <span class='ocrx_word' id='word_1_589' title='bbox 3096 3535 3220 3597; x_wconf 87' lang='grc' dir='ltr'>Τοῖς</span> <span class='ocrx_word' id='word_1_590' title='bbox 3267 3535 3574 3602; x_wconf 79' lang='grc' dir='ltr'>ἀγαπητοῖς</span> 
     </span>
    </p>
   </div>
   <div class='ocr_carea' id='block_1_81' title="bbox 1994 3625 3564 3698">
    <p class='ocr_par' dir='ltr' id='par_1_81' title="bbox 1994 3625 3564 3698">
     <span class='ocr_line' id='line_1_81' title="bbox 1994 3625 3564 3698; baseline -0.006 -11"><span class='ocrx_word' id='word_1_591' title='bbox 1994 3635 2087 3687; x_wconf 71' lang='grc' dir='ltr'>καὶ</span> <span class='ocrx_word' id='word_1_592' title='bbox 2119 3633 2544 3698; x_wconf 80' lang='grc' dir='ltr'>ποθεινοτάτοις,</span> <span class='ocrx_word' id='word_1_593' title='bbox 2575 3651 2593 3684; x_wconf 82' lang='grc' dir='ltr'><strong>ι</strong></span> <span class='ocrx_word' id='word_1_594' title='bbox 2621 3631 2802 3698; x_wconf 73' lang='grc' dir='ltr'>Μηδὲν</span> <span class='ocrx_word' id='word_1_595' title='bbox 2836 3629 3000 3681; x_wconf 87' lang='grc' dir='ltr'>πλέον</span> <span class='ocrx_word' id='word_1_596' title='bbox 3025 3627 3101 3696; x_wconf 83' lang='grc' dir='ltr'><strong>τῷ</strong></span> <span class='ocrx_word' id='word_1_597' title='bbox 3131 3629 3188 3680; x_wconf 82' lang='grc' dir='ltr'><strong>ἐν</strong></span> <span class='ocrx_word' id='word_1_598' title='bbox 3220 3625 3422 3694; x_wconf 70' lang='lat' dir='ltr'><strong>Nimia</strong></span> <span class='ocrx_word' id='word_1_599' title='bbox 3447 3641 3564 3694; x_wconf 83' lang='grc' dir='ltr'>προ·</span> 
     </span>
    </p>
   </div>
   <div class='ocr_carea' id='block_1_82' title="bbox 1993 3717 3573 3792">
    <p class='ocr_par' dir='ltr' id='par_1_82' title="bbox 1993 3717 3573 3792">
     <span class='ocr_line' id='line_1_82' title="bbox 1993 3717 3573 3792; baseline -0.009 -14"><span class='ocrx_word' id='word_1_600' title='bbox 1993 3725 2311 3780; x_wconf 75' lang='grc' dir='ltr'>ϐάλλεσθαιο</span> <span class='ocrx_word' id='word_1_601' title='bbox 2342 3743 2360 3774; x_wconf 72' lang='grc' dir='ltr'><strong>ι</strong></span> <span class='ocrx_word' id='word_1_602' title='bbox 2387 3725 2478 3776; x_wconf 79' lang='grc' dir='ltr'>καὶ</span> <span class='ocrx_word' id='word_1_603' title='bbox 2509 3723 2649 3792; x_wconf 89' lang='grc' dir='ltr'>μετά</span> <span class='ocrx_word' id='word_1_604' title='bbox 2672 3737 2816 3775; x_wconf 81' lang='grc' dir='ltr'>τινα·</span> <span class='ocrx_word' id='word_1_605' title='bbox 2853 3737 2873 3772; x_wconf 83' lang='lat' dir='ltr'><strong>t</strong></span> <span class='ocrx_word' id='word_1_606' title='bbox 2898 3719 3168 3783; x_wconf 79' lang='grc' dir='ltr'>Ἥξίωσαν</span> <span class='ocrx_word' id='word_1_607' title='bbox 3187 3717 3409 3786; x_wconf 74' lang='grc' dir='ltr'>μὲνγὰρ</span> <span class='ocrx_word' id='word_1_608' title='bbox 3433 3730 3573 3775; x_wconf 76' lang='grc' dir='ltr'>τινες</span> 
     </span>
    </p>
   </div>
   <div class='ocr_carea' id='block_1_83' title="bbox 1991 3803 3639 3883">
    <p class='ocr_par' dir='ltr' id='par_1_83' title="bbox 1991 3803 3639 3883">
     <span class='ocr_line' id='line_1_83' title="bbox 1991 3803 3639 3883; baseline -0.009 -13"><span class='ocrx_word' id='word_1_609' title='bbox 1991 3817 2065 3879; x_wconf 85' lang='grc' dir='ltr'><strong>ὡς</strong></span> <span class='ocrx_word' id='word_1_610' title='bbox 2103 3816 2300 3876; x_wconf 82' lang='grc' dir='ltr'>ἐνδεῶς</span> <span class='ocrx_word' id='word_1_611' title='bbox 2326 3812 2560 3883; x_wconf 80' lang='grc' dir='ltr'>ἐχούσης</span> <span class='ocrx_word' id='word_1_612' title='bbox 2594 3812 2692 3876; x_wconf 82' lang='grc' dir='ltr'>τῆς</span> <span class='ocrx_word' id='word_1_613' title='bbox 2718 3811 2856 3863; x_wconf 79' lang='grc' dir='ltr'>κατὰ</span> <span class='ocrx_word' id='word_1_614' title='bbox 2886 3809 3123 3863; x_wconf 86' lang='grc' dir='ltr'>Νίκαιαν</span> <span class='ocrx_word' id='word_1_615' title='bbox 3155 3807 3399 3868; x_wconf 87' lang='grc' dir='ltr'>συνόδου,</span> <span class='ocrx_word' id='word_1_616' title='bbox 3437 3803 3573 3873; x_wconf 74' lang='grc' dir='ltr'>γράι</span> <span class='ocrx_word' id='word_1_617' title='bbox 3633 3857 3639 3862; x_wconf 66' lang='grc'><strong>,</strong></span> 
     </span>
    </p>
   </div>
   <div class='ocr_carea' id='block_1_84' title="bbox 1989 3896 3572 3978">
    <p class='ocr_par' dir='ltr' id='par_1_84' title="bbox 1989 3896 3572 3978">
     <span class='ocr_line' id='line_1_84' title="bbox 1989 3896 3572 3978; baseline -0.008 -18"><span class='ocrx_word' id='word_1_618' title='bbox 1989 3907 2092 3978; x_wconf 63' lang='lat' dir='ltr'><strong>eat</strong></span> <span class='ocrx_word' id='word_1_619' title='bbox 2120 3907 2248 3977; x_wconf 72' lang='grc' dir='ltr'>περὶ</span> <span class='ocrx_word' id='word_1_620' title='bbox 2289 3906 2548 3970; x_wconf 87' lang='grc' dir='ltr'>πίστεως,</span> <span class='ocrx_word' id='word_1_621' title='bbox 2585 3905 2679 3957; x_wconf 80' lang='grc' dir='ltr'>καὶ</span> <span class='ocrx_word' id='word_1_622' title='bbox 2725 3903 3096 3972; x_wconf 80' lang='grc' dir='ltr'>ἐπεχείρησαν</span> <span class='ocrx_word' id='word_1_623' title='bbox 3124 3897 3439 3970; x_wconf 81' lang='grc' dir='ltr'>προπετῶς.</span> <span class='ocrx_word' id='word_1_624' title='bbox 3509 3896 3572 3947; x_wconf 84' lang='grc' dir='ltr'><em>Ἢ</em></span> 
     </span>
    </p>
   </div>
   <div class='ocr_carea' id='block_1_85' title="bbox 1990 3987 3571 4068">
    <p class='ocr_par' dir='ltr' id='par_1_85' title="bbox 1990 3987 3571 4068">
     <span class='ocr_line' id='line_1_85' title="bbox 1990 3987 3571 4068; baseline -0.007 -15"><span class='ocrx_word' id='word_1_625' title='bbox 1990 4001 2046 4054; x_wconf 80' lang='grc' dir='ltr'>δὲ</span> <span class='ocrx_word' id='word_1_626' title='bbox 2073 4001 2205 4068; x_wconf 82' lang='grc' dir='ltr'>ἁγία</span> <span class='ocrx_word' id='word_1_627' title='bbox 2237 3997 2511 4068; x_wconf 77' lang='grc' dir='ltr'>σῠνοδοςή</span> <span class='ocrx_word' id='word_1_628' title='bbox 2548 3999 2607 4050; x_wconf 83' lang='grc' dir='ltr'><strong>ἐν</strong></span> <span class='ocrx_word' id='word_1_629' title='bbox 2683 3995 2925 4064; x_wconf 76' lang='grc' dir='ltr'>Σαρδικῇ</span> <span class='ocrx_word' id='word_1_630' title='bbox 2988 3991 3315 4061; x_wconf 73' lang='grc' dir='ltr'>συναχθεῖσα</span> <span class='ocrx_word' id='word_1_631' title='bbox 3371 3987 3571 4057; x_wconf 78' lang='grc' dir='ltr'>ἠγανὰ-</span> 
     </span>
    </p>
   </div>
   <div class='ocr_carea' id='block_1_86' title="bbox 1991 4079 3571 4160">
    <p class='ocr_par' dir='ltr' id='par_1_86' title="bbox 1991 4079 3571 4160">
     <span class='ocr_line' id='line_1_86' title="bbox 1991 4079 3571 4160; baseline -0.009 -14"><span class='ocrx_word' id='word_1_632' title='bbox 1991 4109 2186 4160; x_wconf 81' lang='grc' dir='ltr'>κτησε,</span> <span class='ocrx_word' id='word_1_633' title='bbox 2222 4091 2317 4145; x_wconf 70' lang='grc' dir='ltr'>καὶ</span> <span class='ocrx_word' id='word_1_634' title='bbox 2378 4089 2546 4157; x_wconf 80' lang='grc' dir='ltr'>ὥρισε</span> <span class='ocrx_word' id='word_1_635' title='bbox 2607 4087 2772 4159; x_wconf 81' lang='grc' dir='ltr'>μηδὲν</span> <span class='ocrx_word' id='word_1_636' title='bbox 2825 4086 2906 4139; x_wconf 78' lang='grc' dir='ltr'><strong>ἐτι</strong></span> <span class='ocrx_word' id='word_1_637' title='bbox 2963 4085 3093 4155; x_wconf 80' lang='grc' dir='ltr'>περὶ</span> <span class='ocrx_word' id='word_1_638' title='bbox 3145 4084 3383 4145; x_wconf 83' lang='grc' dir='ltr'>πίστεως</span> <span class='ocrx_word' id='word_1_639' title='bbox 3443 4079 3571 4150; x_wconf 78' lang='grc' dir='ltr'>γρά-</span> 
     </span>
    </p>
   </div>
   <div class='ocr_carea' id='block_1_87' title="bbox 1993 4173 3572 4254">
    <p class='ocr_par' dir='ltr' id='par_1_87' title="bbox 1993 4173 3572 4254">
     <span class='ocr_line' id='line_1_87' title="bbox 1993 4173 3572 4254; baseline -0.009 -17"><span class='ocrx_word' id='word_1_640' title='bbox 1993 4181 2354 4254; x_wconf 77' lang='grc' dir='ltr'>φεσθαι,ἀλλ’</span> <span class='ocrx_word' id='word_1_641' title='bbox 2392 4181 2686 4252; x_wconf 79' lang='grc' dir='ltr'>ἀρκεῖσθαι</span> <span class='ocrx_word' id='word_1_642' title='bbox 2747 4183 2816 4250; x_wconf 84' lang='grc' dir='ltr'>τῇ</span> <span class='ocrx_word' id='word_1_643' title='bbox 2876 4179 2936 4231; x_wconf 81' lang='grc' dir='ltr'><strong>ἐν</strong></span> <span class='ocrx_word' id='word_1_644' title='bbox 2998 4175 3207 4246; x_wconf 81' lang='grc' dir='ltr'>Νικαίᾳ</span> <span class='ocrx_word' id='word_1_645' title='bbox 3253 4173 3406 4243; x_wconf 79' lang='grc' dir='ltr'>παρὰ</span> <span class='ocrx_word' id='word_1_646' title='bbox 3465 4173 3572 4225; x_wconf 85' lang='grc' dir='ltr'><strong>τῶν</strong></span> 
     </span>
    </p>
   </div>
   <div class='ocr_carea' id='block_1_88' title="bbox 1996 4266 3572 4344">
    <p class='ocr_par' dir='ltr' id='par_1_88' title="bbox 1996 4266 3572 4344">
     <span class='ocr_line' id='line_1_88' title="bbox 1996 4266 3572 4344; baseline -0.007 -16"><span class='ocrx_word' id='word_1_647' title='bbox 1996 4277 2255 4344; x_wconf 82' lang='grc' dir='ltr'>Πατέρων</span> <span class='ocrx_word' id='word_1_648' title='bbox 2286 4271 2692 4343; x_wconf 82' lang='grc' dir='ltr'>ὁμολογηθείσῃ</span> <span class='ocrx_word' id='word_1_649' title='bbox 2721 4271 2927 4337; x_wconf 87' lang='grc' dir='ltr'>πίστει,</span> <span class='ocrx_word' id='word_1_650' title='bbox 2970 4268 3060 4323; x_wconf 84' lang='grc' dir='ltr'>διὰ</span> <span class='ocrx_word' id='word_1_651' title='bbox 3091 4267 3151 4321; x_wconf 86' lang='grc' dir='ltr'><strong>τδ</strong></span> <span class='ocrx_word' id='word_1_652' title='bbox 3207 4268 3374 4337; x_wconf 79' lang='grc' dir='ltr'>μηδὲν</span> <span class='ocrx_word' id='word_1_653' title='bbox 3433 4266 3572 4335; x_wconf 78' lang='grc' dir='ltr'>αὐτῇ</span> 
     </span>
    </p>
   </div>
   <div class='ocr_carea' id='block_1_89' title="bbox 1991 4353 3572 4432">
    <p class='ocr_par' dir='ltr' id='par_1_89' title="bbox 1991 4353 3572 4432">
     <span class='ocr_line' id='line_1_89' title="bbox 1991 4353 3572 4432; baseline -0.003 -15"><span class='ocrx_word' id='word_1_654' title='bbox 1991 4365 2282 4426; x_wconf 81' lang='grc' dir='ltr'>ἐλλείπειν,</span> <span class='ocrx_word' id='word_1_655' title='bbox 2310 4363 2447 4417; x_wconf 79' lang='grc' dir='ltr'>ἀλλὰ</span> <span class='ocrx_word' id='word_1_656' title='bbox 2481 4363 2665 4432; x_wconf 83' lang='grc' dir='ltr'>πλήρη</span> <span class='ocrx_word' id='word_1_657' title='bbox 2699 4360 2985 4423; x_wconf 83' lang='grc' dir='ltr'>εὐσεϐείας</span> <span class='ocrx_word' id='word_1_658' title='bbox 3031 4353 3193 4413; x_wconf 79' lang='grc' dir='ltr'>εἶναι’</span> <span class='ocrx_word' id='word_1_659' title='bbox 3248 4356 3342 4410; x_wconf 80' lang='grc' dir='ltr'>καὶ</span> <span class='ocrx_word' id='word_1_660' title='bbox 3371 4357 3453 4409; x_wconf 84' lang='grc' dir='ltr'>ὅτι</span> <span class='ocrx_word' id='word_1_661' title='bbox 3499 4354 3572 4426; x_wconf 69' lang='grc' dir='ltr'><strong>μὴ</strong></span> 
     </span>
    </p>
   </div>
   <div class='ocr_carea' id='block_1_90' title="bbox 1991 4447 3570 4524">
    <p class='ocr_par' dir='ltr' id='par_1_90' title="bbox 1991 4447 3570 4524">
     <span class='ocr_line' id='line_1_90' title="bbox 1991 4447 3570 4524; baseline -0.007 -15"><span class='ocrx_word' id='word_1_662' title='bbox 1991 4459 2102 4509; x_wconf 85' lang='grc' dir='ltr'>δεῖν</span> <span class='ocrx_word' id='word_1_663' title='bbox 2125 4455 2388 4524; x_wconf 80' lang='grc' dir='ltr'>δευτέραν</span> <span class='ocrx_word' id='word_1_664' title='bbox 2420 4452 2740 4506; x_wconf 78' lang='grc' dir='ltr'>ἐκτίθεσθαι</span> <span class='ocrx_word' id='word_1_665' title='bbox 2795 4453 3003 4514; x_wconf 87' lang='grc' dir='ltr'>πίστιν,</span> <span class='ocrx_word' id='word_1_666' title='bbox 3054 4450 3142 4504; x_wconf 80' lang='grc' dir='ltr'>ἵνα</span> <span class='ocrx_word' id='word_1_667' title='bbox 3171 4449 3299 4519; x_wconf 85' lang='grc' dir='ltr'><strong>μὴὴ</strong></span> <span class='ocrx_word' id='word_1_668' title='bbox 3359 4449 3418 4500; x_wconf 86' lang='grc' dir='ltr'><strong>ἐν</strong></span> <span class='ocrx_word' id='word_1_669' title='bbox 3478 4447 3570 4499; x_wconf 87' lang='lat' dir='ltr'><strong>Nt-</strong></span> 
     </span>
    </p>
   </div>
   <div class='ocr_carea' id='block_1_91' title="bbox 1993 4539 3570 4618">
    <p class='ocr_par' dir='ltr' id='par_1_91' title="bbox 1993 4539 3570 4618">
     <span class='ocr_line' id='line_1_91' title="bbox 1993 4539 3570 4618; baseline -0.006 -16"><span class='ocrx_word' id='word_1_670' title='bbox 1993 4547 2127 4618; x_wconf 67' lang='grc' dir='ltr'>καία</span> <span class='ocrx_word' id='word_1_671' title='bbox 2153 4552 2431 4618; x_wconf 73' lang='grc' dir='ltr'>γραφεῖσα</span> <span class='ocrx_word' id='word_1_672' title='bbox 2467 4544 2541 4608; x_wconf 87' lang='grc' dir='ltr'>ὼς</span> <span class='ocrx_word' id='word_1_673' title='bbox 2571 4544 2774 4614; x_wconf 80' lang='grc' dir='ltr'>ἀτελὴς</span> <span class='ocrx_word' id='word_1_674' title='bbox 2804 4539 2942 4596; x_wconf 79' lang='grc' dir='ltr'>οὖσα</span> <span class='ocrx_word' id='word_1_675' title='bbox 2998 4543 3259 4612; x_wconf 81' lang='grc' dir='ltr'>νομισθῇ,</span> <span class='ocrx_word' id='word_1_676' title='bbox 3313 4540 3408 4594; x_wconf 72' lang='grc' dir='ltr'>καὶ</span> <span class='ocrx_word' id='word_1_677' title='bbox 3439 4539 3570 4610; x_wconf 84' lang='grc' dir='ltr'>πρό-</span> 
     </span>
    </p>
   </div>
   <div class='ocr_carea' id='block_1_92' title="bbox 307 4631 1887 4711">
    <p class='ocr_par' dir='ltr' id='par_1_92' title="bbox 307 4633 1887 4711">
     <span class='ocr_line' id='line_1_92' title="bbox 307 4633 1887 4711; baseline 0.006 -28"><span class='ocrx_word' id='word_1_678' title='bbox 307 4633 618 4699; x_wconf 80' lang='lat' dir='ltr'><strong>pra:beatur</strong></span> <span class='ocrx_word' id='word_1_679' title='bbox 647 4634 951 4690; x_wconf 77' lang='lat' dir='ltr'><strong>volentibus</strong></span> <span class='ocrx_word' id='word_1_680' title='bbox 983 4637 1152 4690; x_wconf 90' lang='lat' dir='ltr'><strong>multa</strong></span> <span class='ocrx_word' id='word_1_681' title='bbox 1183 4637 1425 4692; x_wconf 83' lang='lat' dir='ltr'><strong>scribere</strong></span> <span class='ocrx_word' id='word_1_682' title='bbox 1479 4638 1887 4711; x_wconf 69' lang='lat' dir='ltr'><strong>decernet-eque</strong></span> 
     </span>
    </p>
   </div>
   <div class='ocr_carea' id='block_1_93' title="bbox 1991 4631 3572 4711">
    <p class='ocr_par' dir='ltr' id='par_1_93' title="bbox 1997 4631 3572 4709">
     <span class='ocr_line' id='line_1_93' title="bbox 1997 4631 3572 4709; baseline -0.006 -17"><span class='ocrx_word' id='word_1_683' title='bbox 1997 4657 2159 4708; x_wconf 79' lang='grc' dir='ltr'>φασις</span> <span class='ocrx_word' id='word_1_684' title='bbox 2181 4639 2308 4709; x_wconf 82' lang='grc' dir='ltr'>δοθῇ</span> <span class='ocrx_word' id='word_1_685' title='bbox 2339 4640 2451 4702; x_wconf 81' lang='grc' dir='ltr'>τοῖς</span> <span class='ocrx_word' id='word_1_686' title='bbox 2494 4636 2743 4690; x_wconf 83' lang='grc' dir='ltr'>ἐθέλουσι</span> <span class='ocrx_word' id='word_1_687' title='bbox 2779 4635 2950 4688; x_wconf 84' lang='grc' dir='ltr'>πολλὰ</span> <span class='ocrx_word' id='word_1_688' title='bbox 2976 4634 3236 4705; x_wconf 83' lang='grc' dir='ltr'>γράφειν,</span> <span class='ocrx_word' id='word_1_689' title='bbox 3305 4632 3404 4686; x_wconf 80' lang='grc' dir='ltr'>καὶ</span> <span class='ocrx_word' id='word_1_690' title='bbox 3460 4631 3572 4700; x_wconf 84' lang='grc' dir='ltr'>ὁρί-</span> 
     </span>
    </p>
   </div>
   <div class='ocr_carea' id='block_1_94' title="bbox 310 4723 1893 4795">
    <p class='ocr_par' dir='ltr' id='par_1_94' title="bbox 310 4723 1893 4795">
     <span class='ocr_line' id='line_1_94' title="bbox 310 4723 1893 4795; baseline 0.008 -19"><span class='ocrx_word' id='word_1_691' title='bbox 310 4727 375 4778; x_wconf 86' lang='lat' dir='ltr'><strong>dc</strong></span> <span class='ocrx_word' id='word_1_692' title='bbox 422 4723 544 4777; x_wconf 88' lang='lat' dir='ltr'><strong>ﬁde.</strong></span> <span class='ocrx_word' id='word_1_693' title='bbox 579 4744 597 4776; x_wconf 77' lang='grc' dir='ltr'><strong>ι</strong></span> <span class='ocrx_word' id='word_1_694' title='bbox 637 4724 706 4778; x_wconf 90' lang='grc' dir='ltr'>Ει</span> <span class='ocrx_word' id='word_1_695' title='bbox 739 4741 845 4780; x_wconf 91' lang='lat' dir='ltr'><strong>non</strong></span> <span class='ocrx_word' id='word_1_696' title='bbox 903 4727 1206 4795; x_wconf 84' lang='lat' dir='ltr'><strong>postniulta</strong></span> <span class='ocrx_word' id='word_1_697' title='bbox 1237 4745 1251 4782; x_wconf 89' lang='lat'><strong>:</strong></span> <span class='ocrx_word' id='word_1_698' title='bbox 1285 4747 1302 4779; x_wconf 77' lang='grc' dir='ltr'><strong>ι</strong></span> <span class='ocrx_word' id='word_1_699' title='bbox 1341 4729 1616 4786; x_wconf 82' lang='lat' dir='ltr'><strong>Meliorem</strong></span> <span class='ocrx_word' id='word_1_700' title='bbox 1669 4746 1893 4788; x_wconf 80' lang='lat' dir='ltr'><strong>accura-</strong></span> 
     </span>
    </p>
   </div>
   <div class='ocr_carea' id='block_1_95' title="bbox 308 4818 1889 4894">
    <p class='ocr_par' dir='ltr' id='par_1_95' title="bbox 308 4818 1889 4894">
     <span class='ocr_line' id='line_1_95' title="bbox 308 4818 1889 4894; baseline 0.006 -26"><span class='ocrx_word' id='word_1_701' title='bbox 308 4818 615 4886; x_wconf 85' lang='lat' dir='ltr'><strong>tioreiuque</strong></span> <span class='ocrx_word' id='word_1_702' title='bbox 645 4832 788 4880; x_wconf 88' lang='lat' dir='ltr'><strong>esse,</strong></span> <span class='ocrx_word' id='word_1_703' title='bbox 823 4834 944 4886; x_wconf 65' lang='lat' dir='ltr'><strong>quae</strong></span> <span class='ocrx_word' id='word_1_704' title='bbox 973 4835 1003 4873; x_wconf 86' lang='lat' dir='ltr'><strong>a</strong></span> <span class='ocrx_word' id='word_1_705' title='bbox 1038 4820 1294 4878; x_wconf 83' lang='lat' dir='ltr'><strong>Patribus</strong></span> <span class='ocrx_word' id='word_1_706' title='bbox 1314 4823 1447 4877; x_wconf 81' lang='lat' dir='ltr'><strong>ﬁdes</strong></span> <span class='ocrx_word' id='word_1_707' title='bbox 1469 4828 1767 4894; x_wconf 87' lang='lat' dir='ltr'><strong>composita</strong></span> <span class='ocrx_word' id='word_1_708' title='bbox 1787 4835 1889 4888; x_wconf 91' lang='lat' dir='ltr'><strong>est,</strong></span> 
     </span>
    </p>
   </div>
   <div class='ocr_carea' id='block_1_96' title="bbox 308 4908 1891 4985">
    <p class='ocr_par' dir='ltr' id='par_1_96' title="bbox 308 4908 1891 4985">
     <span class='ocr_line' id='line_1_96' title="bbox 308 4908 1891 4985; baseline 0.006 -25"><span class='ocrx_word' id='word_1_709' title='bbox 308 4921 366 4961; x_wconf 81' lang='lat' dir='ltr'><strong>et</strong></span> <span class='ocrx_word' id='word_1_710' title='bbox 401 4908 452 4960; x_wconf 90' lang='lat' dir='ltr'><strong>in</strong></span> <span class='ocrx_word' id='word_1_711' title='bbox 490 4920 768 4976; x_wconf 87' lang='lat' dir='ltr'><strong>posterum</strong></span> <span class='ocrx_word' id='word_1_712' title='bbox 798 4911 943 4966; x_wconf 91' lang='lat' dir='ltr'><strong>illius</strong></span> <span class='ocrx_word' id='word_1_713' title='bbox 997 4913 1180 4969; x_wconf 75' lang='lat' dir='ltr'><strong>verbis</strong></span> <span class='ocrx_word' id='word_1_714' title='bbox 1225 4929 1349 4971; x_wconf 88' lang='lat' dir='ltr'><strong>esse</strong></span> <span class='ocrx_word' id='word_1_715' title='bbox 1401 4917 1891 4985; x_wconf 78' lang='lat' dir='ltr'><strong>acquieSCenduin,</strong></span> 
     </span>
    </p>
   </div>
   <div class='ocr_carea' id='block_1_97' title="bbox 307 4999 1885 5076">
    <p class='ocr_par' dir='ltr' id='par_1_97' title="bbox 307 4999 1885 5076">
     <span class='ocr_line' id='line_1_97' title="bbox 307 4999 1885 5076; baseline 0.004 -22"><span class='ocrx_word' id='word_1_716' title='bbox 307 5000 531 5067; x_wconf 87' lang='lat' dir='ltr'><strong>iliisque</strong></span> <span class='ocrx_word' id='word_1_717' title='bbox 562 4999 848 5056; x_wconf 91' lang='lat' dir='ltr'><strong>utendum.</strong></span> <span class='ocrx_word' id='word_1_718' title='bbox 899 5020 918 5054; x_wconf 78' lang='grc' dir='ltr'><strong>ι</strong></span> <span class='ocrx_word' id='word_1_719' title='bbox 955 5000 1029 5054; x_wconf 75' lang='lat' dir='ltr'>Ex</span> <span class='ocrx_word' id='word_1_720' title='bbox 1067 5003 1170 5058; x_wconf 90' lang='lat' dir='ltr'><strong>hoc</strong></span> <span class='ocrx_word' id='word_1_721' title='bbox 1195 5005 1327 5060; x_wconf 85' lang='lat' dir='ltr'><strong>item</strong></span> <span class='ocrx_word' id='word_1_722' title='bbox 1367 5013 1558 5061; x_wconf 85' lang='lat' dir='ltr'><strong>sancto</strong></span> <span class='ocrx_word' id='word_1_723' title='bbox 1592 5007 1769 5076; x_wconf 86' lang='lat' dir='ltr'><strong>palam</strong></span> <span class='ocrx_word' id='word_1_724' title='bbox 1803 5010 1885 5071; x_wconf 84' lang='lat' dir='ltr'><strong>lit,</strong></span> 
     </span>
    </p>
   </div>
   <div class='ocr_carea' id='block_1_98' title="bbox 305 5097 1891 5170">
    <p class='ocr_par' dir='ltr' id='par_1_98' title="bbox 305 5097 1891 5170">
     <span class='ocr_line' id='line_1_98' title="bbox 305 5097 1891 5170; baseline 0.004 -17"><span class='ocrx_word' id='word_1_725' title='bbox 305 5105 436 5153; x_wconf 73' lang='lat' dir='ltr'><strong>ante</strong></span> <span class='ocrx_word' id='word_1_726' title='bbox 464 5097 760 5151; x_wconf 83' lang='lat' dir='ltr'><strong>secundani</strong></span> <span class='ocrx_word' id='word_1_727' title='bbox 775 5100 1038 5164; x_wconf 84' lang='lat' dir='ltr'><strong>synodum</strong></span> <span class='ocrx_word' id='word_1_728' title='bbox 1061 5099 1207 5170; x_wconf 84' lang='lat' dir='ltr'><strong>hanc</strong></span> <span class='ocrx_word' id='word_1_729' title='bbox 1240 5102 1663 5170; x_wconf 86' lang='lat' dir='ltr'><strong>prohibitionem</strong></span> <span class='ocrx_word' id='word_1_730' title='bbox 1687 5103 1856 5158; x_wconf 81' lang='lat' dir='ltr'><strong>fuisse</strong></span> <span class='ocrx_word' id='word_1_731' title='bbox 1875 5141 1891 5167; x_wconf 90' lang='lat'><strong>,</strong></span> 
     </span>
    </p>
   </div>
   <div class='ocr_carea' id='block_1_99' title="bbox 309 5167 1890 5264">
    <p class='ocr_par' dir='ltr' id='par_1_99' title="bbox 309 5167 1890 5264">
     <span class='ocr_line' id='line_1_99' title="bbox 309 5167 1890 5264; baseline 0.005 -24"><span class='ocrx_word' id='word_1_732' title='bbox 309 5186 761 5257; x_wconf 75' lang='lat' dir='ltr'><strong>Superadditque,</strong></span> <span class='ocrx_word' id='word_1_733' title='bbox 801 5167 1209 5245; x_wconf 48' lang='lat' dir='ltr'><strong>Sardicenscm&#39;</strong></span> <span class='ocrx_word' id='word_1_734' title='bbox 1233 5167 1526 5262; x_wconf 77' lang='lat' dir='ltr'><strong>synodum,</strong></span> <span class='ocrx_word' id='word_1_735' title='bbox 1575 5208 1681 5255; x_wconf 82' lang='lat' dir='ltr'><strong>non</strong></span> <span class='ocrx_word' id='word_1_736' title='bbox 1731 5208 1890 5264; x_wconf 82' lang='lat' dir='ltr'><strong>aequo</strong></span> 
     </span>
    </p>
   </div>
   <div class='ocr_carea' id='block_1_100' title="bbox 307 5278 1890 5354">
    <p class='ocr_par' dir='ltr' id='par_1_100' title="bbox 307 5278 1890 5354">
     <span class='ocr_line' id='line_1_100' title="bbox 307 5278 1890 5354; baseline 0.006 -24"><span class='ocrx_word' id='word_1_737' title='bbox 307 5278 495 5333; x_wconf 79' lang='lat' dir='ltr'><strong>animo</strong></span> <span class='ocrx_word' id='word_1_738' title='bbox 551 5279 760 5345; x_wconf 85' lang='lat' dir='ltr'><strong>tulisse,</strong></span> <span class='ocrx_word' id='word_1_739' title='bbox 794 5281 1193 5351; x_wconf 82' lang='lat' dir='ltr'><strong>crditiasseque</strong></span> <span class='ocrx_word' id='word_1_740' title='bbox 1243 5299 1311 5340; x_wconf 87' lang='lat' dir='ltr'><strong>ne</strong></span> <span class='ocrx_word' id='word_1_741' title='bbox 1359 5285 1489 5353; x_wconf 90' lang='lat' dir='ltr'><strong>quid</strong></span> <span class='ocrx_word' id='word_1_742' title='bbox 1519 5285 1573 5338; x_wconf 90' lang='lat' dir='ltr'><strong>in</strong></span> <span class='ocrx_word' id='word_1_743' title='bbox 1611 5295 1890 5354; x_wconf 87' lang='lat' dir='ltr'><strong>posterum</strong></span> 
     </span>
    </p>
   </div>
   <div class='ocr_carea' id='block_1_101' title="bbox 306 5371 1888 5445">
    <p class='ocr_par' dir='ltr' id='par_1_101' title="bbox 306 5371 1888 5445">
     <span class='ocr_line' id='line_1_101' title="bbox 306 5371 1888 5445; baseline 0.005 -21"><span class='ocrx_word' id='word_1_744' title='bbox 306 5371 378 5425; x_wconf 84' lang='lat' dir='ltr'><strong>de</strong></span> <span class='ocrx_word' id='word_1_745' title='bbox 414 5371 518 5434; x_wconf 84' lang='lat' dir='ltr'><strong>ﬁde</strong></span> <span class='ocrx_word' id='word_1_746' title='bbox 547 5374 906 5440; x_wconf 79' lang='lat' dir='ltr'><strong>scriberetur,</strong></span> <span class='ocrx_word' id='word_1_747' title='bbox 935 5375 1029 5431; x_wconf 90' lang='lat' dir='ltr'><strong>sed</strong></span> <span class='ocrx_word' id='word_1_748' title='bbox 1052 5377 1467 5445; x_wconf 87' lang='lat' dir='ltr'><strong>acquiescerent</strong></span> <span class='ocrx_word' id='word_1_749' title='bbox 1501 5377 1626 5432; x_wconf 84' lang='lat' dir='ltr'><strong>tidei</strong></span> <span class='ocrx_word' id='word_1_750' title='bbox 1648 5393 1687 5430; x_wconf 85' lang='lat' dir='ltr'><strong>.a</strong></span> <span class='ocrx_word' id='word_1_751' title='bbox 1720 5375 1888 5432; x_wconf 87' lang='lat' dir='ltr'><strong>Patri-</strong></span> 
     </span>
    </p>
   </div>
   <div class='ocr_carea' id='block_1_102' title="bbox 308 5463 1892 5539">
    <p class='ocr_par' dir='ltr' id='par_1_102' title="bbox 308 5463 1892 5539">
     <span class='ocr_line' id='line_1_102' title="bbox 308 5463 1892 5539; baseline 0.004 -20"><span class='ocrx_word' id='word_1_752' title='bbox 308 5464 412 5520; x_wconf 82' lang='lat' dir='ltr'><strong>hus</strong></span> <span class='ocrx_word' id='word_1_753' title='bbox 439 5463 631 5520; x_wconf 75' lang='lat' dir='ltr'><strong>Nicaeae</strong></span> <span class='ocrx_word' id='word_1_754' title='bbox 662 5469 1006 5539; x_wconf 81' lang='lat' dir='ltr'><strong>conscriptae,</strong></span> <span class='ocrx_word' id='word_1_755' title='bbox 1038 5468 1182 5537; x_wconf 86' lang='lat' dir='ltr'><strong>quod</strong></span> <span class='ocrx_word' id='word_1_756' title='bbox 1219 5468 1352 5533; x_wconf 85' lang='lat' dir='ltr'><strong>nihil</strong></span> <span class='ocrx_word' id='word_1_757' title='bbox 1402 5469 1454 5523; x_wconf 91' lang='lat' dir='ltr'><strong>iu</strong></span> <span class='ocrx_word' id='word_1_758' title='bbox 1507 5485 1570 5524; x_wconf 86' lang='lat' dir='ltr'><strong>ea</strong></span> <span class='ocrx_word' id='word_1_759' title='bbox 1612 5469 1892 5538; x_wconf 86' lang='lat' dir='ltr'><strong>deﬁceret,</strong></span> 
     </span>
    </p>
   </div>
   <div class='ocr_carea' id='block_1_103' title="bbox 307 5563 1895 5635">
    <p class='ocr_par' dir='ltr' id='par_1_103' title="bbox 307 5563 1895 5635">
     <span class='ocr_line' id='line_1_103' title="bbox 307 5563 1895 5635; baseline 0.005 -21"><span class='ocrx_word' id='word_1_760' title='bbox 307 5566 404 5614; x_wconf 79' lang='lat' dir='ltr'><strong>sed</strong></span> <span class='ocrx_word' id='word_1_761' title='bbox 426 5570 568 5616; x_wconf 78' lang='lat' dir='ltr'><strong>esset</strong></span> <span class='ocrx_word' id='word_1_762' title='bbox 591 5563 807 5630; x_wconf 84' lang='lat' dir='ltr'><strong>pietatis</strong></span> <span class='ocrx_word' id='word_1_763' title='bbox 833 5566 1008 5635; x_wconf 87' lang='lat' dir='ltr'><strong>plena.</strong></span> <span class='ocrx_word' id='word_1_764' title='bbox 1045 5567 1546 5635; x_wconf 86' lang='lat' dir='ltr'><strong>Subscripsereque</strong></span> <span class='ocrx_word' id='word_1_765' title='bbox 1570 5565 1716 5620; x_wconf 92' lang='lat' dir='ltr'><strong>dicto</strong></span> <span class='ocrx_word' id='word_1_766' title='bbox 1749 5577 1895 5622; x_wconf 84' lang='lat' dir='ltr'><strong>tonio</strong></span> 
     </span>
    </p>
   </div>
   <div class='ocr_carea' id='block_1_104' title="bbox 313 5653 1895 5720">
    <p class='ocr_par' dir='ltr' id='par_1_104' title="bbox 313 5653 1895 5720">
     <span class='ocr_line' id='line_1_104' title="bbox 313 5653 1895 5720; baseline 0.004 -15"><span class='ocrx_word' id='word_1_767' title='bbox 313 5653 531 5720; x_wconf 82' lang='lat' dir='ltr'><strong>triginta</strong></span> <span class='ocrx_word' id='word_1_768' title='bbox 573 5664 704 5710; x_wconf 88' lang='lat' dir='ltr'><strong>tres.</strong></span> <span class='ocrx_word' id='word_1_769' title='bbox 739 5655 803 5711; x_wconf 86' lang='lat' dir='ltr'><strong>Et</strong></span> <span class='ocrx_word' id='word_1_770' title='bbox 830 5667 1056 5713; x_wconf 86' lang='lat' dir='ltr'><strong>sanctus</strong></span> <span class='ocrx_word' id='word_1_771' title='bbox 1083 5659 1149 5713; x_wconf 91' lang='lat' dir='ltr'><strong>ad</strong></span> <span class='ocrx_word' id='word_1_772' title='bbox 1196 5658 1602 5714; x_wconf 80' lang='lat' dir='ltr'><strong>corroboranda</strong></span> <span class='ocrx_word' id='word_1_773' title='bbox 1662 5658 1895 5712; x_wconf 84' lang='lat' dir='ltr'><strong>dicenda</strong></span> 
     </span>
    </p>
   </div>
   <div class='ocr_carea' id='block_1_105' title="bbox 314 5741 1894 5813">
    <p class='ocr_par' dir='ltr' id='par_1_105' title="bbox 314 5741 1894 5813">
     <span class='ocr_line' id='line_1_105' title="bbox 314 5741 1894 5813; baseline 0.002 -18"><span class='ocrx_word' id='word_1_774' title='bbox 314 5741 656 5796; x_wconf 85' lang='lat' dir='ltr'><strong>Sardiceusis</strong></span> <span class='ocrx_word' id='word_1_775' title='bbox 685 5746 877 5813; x_wconf 86' lang='lat' dir='ltr'><strong>synodi</strong></span> <span class='ocrx_word' id='word_1_776' title='bbox 908 5747 1238 5799; x_wconf 66' lang='lat' dir='ltr'><strong>mentionem</strong></span> <span class='ocrx_word' id='word_1_777' title='bbox 1263 5745 1494 5800; x_wconf 90' lang='lat' dir='ltr'><strong>inducit.</strong></span> <span class='ocrx_word' id='word_1_778' title='bbox 1528 5743 1592 5798; x_wconf 86' lang='lat' dir='ltr'><strong>Et</strong></span> <span class='ocrx_word' id='word_1_779' title='bbox 1623 5745 1736 5798; x_wconf 62' lang='lat' dir='ltr'><strong>hate</strong></span> <span class='ocrx_word' id='word_1_780' title='bbox 1757 5744 1894 5798; x_wconf 85' lang='lat' dir='ltr'><strong>satis</strong></span> 
     </span>
    </p>
   </div>
   <div class='ocr_carea' id='block_1_106' title="bbox 320 5833 1898 5905">
    <p class='ocr_par' dir='ltr' id='par_1_106' title="bbox 320 5833 1898 5905">
     <span class='ocr_line' id='line_1_106' title="bbox 320 5833 1898 5905; baseline 0.001 -21"><span class='ocrx_word' id='word_1_781' title='bbox 320 5833 638 5901; x_wconf 81' lang='lat' dir='ltr'><strong>abundeque</strong></span> <span class='ocrx_word' id='word_1_782' title='bbox 655 5838 763 5888; x_wconf 86' lang='lat' dir='ltr'><strong>sint</strong></span> <span class='ocrx_word' id='word_1_783' title='bbox 791 5853 808 5900; x_wconf 88' lang='lat'><strong>;</strong></span> <span class='ocrx_word' id='word_1_784' title='bbox 841 5837 1038 5905; x_wconf 81' lang='lat' dir='ltr'><strong>quibus</strong></span> <span class='ocrx_word' id='word_1_785' title='bbox 1063 5845 1561 5891; x_wconf 81' lang='lat' dir='ltr'><strong>counnonstralum</strong></span> <span class='ocrx_word' id='word_1_786' title='bbox 1587 5844 1692 5898; x_wconf 87' lang='lat' dir='ltr'><strong>est,</strong></span> <span class='ocrx_word' id='word_1_787' title='bbox 1716 5834 1898 5904; x_wconf 66' lang='lat' dir='ltr'><strong>prohi—</strong></span> 
     </span>
    </p>
   </div>
   <div class='ocr_carea' id='block_1_107' title="bbox 323 5924 1889 5999">
    <p class='ocr_par' dir='ltr' id='par_1_107' title="bbox 323 5924 1889 5999">
     <span class='ocr_line' id='line_1_107' title="bbox 323 5924 1889 5999; baseline 0.003 -23"><span class='ocrx_word' id='word_1_788' title='bbox 323 5924 583 5979; x_wconf 79' lang='lat' dir='ltr'><strong>bit:oucm</strong></span> <span class='ocrx_word' id='word_1_789' title='bbox 621 5928 842 5982; x_wconf 84' lang='lat' dir='ltr'><strong>alterius</strong></span> <span class='ocrx_word' id='word_1_790' title='bbox 871 5929 994 5983; x_wconf 83' lang='lat' dir='ltr'><strong>ﬁdei</strong></span> <span class='ocrx_word' id='word_1_791' title='bbox 1032 5929 1202 5984; x_wconf 79' lang='lat' dir='ltr'><strong>multo</strong></span> <span class='ocrx_word' id='word_1_792' title='bbox 1228 5929 1294 5984; x_wconf 78' lang='lat' dir='ltr'><strong>ab</strong></span> <span class='ocrx_word' id='word_1_793' title='bbox 1324 5930 1451 5985; x_wconf 86' lang='lat' dir='ltr'><strong>hinc</strong></span> <span class='ocrx_word' id='word_1_794' title='bbox 1493 5938 1738 5999; x_wconf 82' lang='lat' dir='ltr'><strong>tempore</strong></span> <span class='ocrx_word' id='word_1_795' title='bbox 1775 5936 1828 5983; x_wconf 85' lang='lat' dir='ltr'><strong>ct</strong></span> <span class='ocrx_word' id='word_1_796' title='bbox 1863 5943 1889 5980; x_wconf 88' lang='lat' dir='ltr'><strong>a</strong></span> 
     </span>
    </p>
   </div>
   <div class='ocr_carea' id='block_1_108' title="bbox 1998 4723 3571 4802">
    <p class='ocr_par' dir='ltr' id='par_1_108' title="bbox 1998 4723 3571 4802">
     <span class='ocr_line' id='line_1_108' title="bbox 1998 4723 3571 4802; baseline -0.008 -17"><span class='ocrx_word' id='word_1_797' title='bbox 1998 4731 2111 4796; x_wconf 85' lang='grc' dir='ltr'>ζειν</span> <span class='ocrx_word' id='word_1_798' title='bbox 2143 4732 2271 4802; x_wconf 81' lang='grc' dir='ltr'>περὶ</span> <span class='ocrx_word' id='word_1_799' title='bbox 2298 4731 2555 4790; x_wconf 86' lang='grc' dir='ltr'>πίστεως.</span> <span class='ocrx_word' id='word_1_800' title='bbox 2587 4747 2605 4780; x_wconf 74' lang='grc' dir='ltr'><strong>ι</strong></span> <span class='ocrx_word' id='word_1_801' title='bbox 2643 4728 2751 4781; x_wconf 79' lang='grc' dir='ltr'><strong>Καὶ</strong></span> <span class='ocrx_word' id='word_1_802' title='bbox 2789 4728 2928 4794; x_wconf 85' lang='grc' dir='ltr'>μετὰ</span> <span class='ocrx_word' id='word_1_803' title='bbox 2958 4729 3083 4779; x_wconf 84' lang='grc' dir='ltr'>τινά</span> <span class='ocrx_word' id='word_1_804' title='bbox 3107 4742 3264 4794; x_wconf 70' lang='grc' dir='ltr'>φησιν</span> <span class='ocrx_word' id='word_1_805' title='bbox 3304 4743 3322 4776; x_wconf 86' lang='grc' dir='ltr'><strong>ι</strong></span> <span class='ocrx_word' id='word_1_806' title='bbox 3363 4723 3571 4776; x_wconf 82' lang='grc' dir='ltr'>Βελτίο-</span> 
     </span>
    </p>
   </div>
   <div class='ocr_carea' id='block_1_109' title="bbox 1997 4818 3571 4894">
    <p class='ocr_par' dir='ltr' id='par_1_109' title="bbox 1997 4818 3571 4894">
     <span class='ocr_line' id='line_1_109' title="bbox 1997 4818 3571 4894; baseline -0.006 -16"><span class='ocrx_word' id='word_1_807' title='bbox 1997 4843 2062 4877; x_wconf 81' lang='grc' dir='ltr'><strong>να</strong></span> <span class='ocrx_word' id='word_1_808' title='bbox 2094 4825 2190 4878; x_wconf 71' lang='grc' dir='ltr'>καὶ</span> <span class='ocrx_word' id='word_1_809' title='bbox 2221 4822 2622 4894; x_wconf 83' lang='grc' dir='ltr'>ἀκριϐεστέραν</span> <span class='ocrx_word' id='word_1_810' title='bbox 2652 4819 2792 4874; x_wconf 83' lang='grc' dir='ltr'>εἶναι</span> <span class='ocrx_word' id='word_1_811' title='bbox 2823 4821 2926 4890; x_wconf 79' lang='grc' dir='ltr'>τὴν</span> <span class='ocrx_word' id='word_1_812' title='bbox 2972 4822 3029 4873; x_wconf 87' lang='grc' dir='ltr'>ὲν</span> <span class='ocrx_word' id='word_1_813' title='bbox 3055 4820 3261 4888; x_wconf 62' lang='lat' dir='ltr'><strong>Nimia</strong></span> <span class='ocrx_word' id='word_1_814' title='bbox 3293 4818 3446 4888; x_wconf 80' lang='grc' dir='ltr'>παρὰ</span> <span class='ocrx_word' id='word_1_815' title='bbox 3469 4819 3571 4869; x_wconf 71' lang='grc' dir='ltr'><strong>τῶι</strong></span> 
     </span>
    </p>
   </div>
   <div class='ocr_carea' id='block_1_110' title="bbox 1996 4909 3570 4989">
    <p class='ocr_par' dir='ltr' id='par_1_110' title="bbox 1996 4909 3570 4989">
     <span class='ocr_line' id='line_1_110' title="bbox 1996 4909 3570 4989; baseline -0.007 -18"><span class='ocrx_word' id='word_1_816' title='bbox 1996 4917 2258 4989; x_wconf 83' lang='grc' dir='ltr'>Πατέρων</span> <span class='ocrx_word' id='word_1_817' title='bbox 2276 4913 2706 4986; x_wconf 73' lang='grc' dir='ltr'>ὁμολογηθεῖσαν</span> <span class='ocrx_word' id='word_1_818' title='bbox 2768 4913 2974 4978; x_wconf 80' lang='grc' dir='ltr'>πίστιν,</span> <span class='ocrx_word' id='word_1_819' title='bbox 3009 4914 3100 4965; x_wconf 72' lang='grc' dir='ltr'>καὶ</span> <span class='ocrx_word' id='word_1_820' title='bbox 3119 4911 3213 4969; x_wconf 80' lang='grc' dir='ltr'>τοῦ</span> <span class='ocrx_word' id='word_1_821' title='bbox 3243 4909 3433 4962; x_wconf 80' lang='grc' dir='ltr'>λοιποῦ</span> <span class='ocrx_word' id='word_1_822' title='bbox 3464 4911 3570 4971; x_wconf 83' lang='grc' dir='ltr'>τοῖς</span> 
     </span>
    </p>
   </div>
   <div class='ocr_carea' id='block_1_111' title="bbox 1997 5001 3571 5078">
    <p class='ocr_par' dir='ltr' id='par_1_111' title="bbox 1997 5001 3571 5078">
     <span class='ocr_line' id='line_1_111' title="bbox 1997 5001 3571 5078; baseline -0.006 -16"><span class='ocrx_word' id='word_1_823' title='bbox 1997 5008 2200 5078; x_wconf 83' lang='grc' dir='ltr'>ταύτης</span> <span class='ocrx_word' id='word_1_824' title='bbox 2232 5006 2534 5076; x_wconf 85' lang='grc' dir='ltr'>ἀρκεῖσθαι</span> <span class='ocrx_word' id='word_1_825' title='bbox 2562 5007 2657 5062; x_wconf 77' lang='grc' dir='ltr'>καὶ</span> <span class='ocrx_word' id='word_1_826' title='bbox 2691 5002 2928 5076; x_wconf 78' lang='grc' dir='ltr'>χρῆσθαι</span> <span class='ocrx_word' id='word_1_827' title='bbox 2963 5004 3226 5075; x_wconf 78' lang='grc' dir='ltr'>ῥήμασιν.</span> <span class='ocrx_word' id='word_1_828' title='bbox 3263 5019 3280 5053; x_wconf 79' lang='grc' dir='ltr'><strong>ι</strong></span> <span class='ocrx_word' id='word_1_829' title='bbox 3349 5003 3460 5054; x_wconf 80' lang='grc' dir='ltr'><strong>Καὶ</strong></span> <span class='ocrx_word' id='word_1_830' title='bbox 3512 5001 3571 5052; x_wconf 80' lang='grc' dir='ltr'><strong>ἐκ</strong></span> 
     </span>
    </p>
   </div>
   <div class='ocr_carea' id='block_1_112' title="bbox 1997 5091 3572 5169">
    <p class='ocr_par' dir='ltr' id='par_1_112' title="bbox 1997 5091 3572 5169">
     <span class='ocr_line' id='line_1_112' title="bbox 1997 5091 3572 5169; baseline -0.007 -16"><span class='ocrx_word' id='word_1_831' title='bbox 1997 5100 2189 5153; x_wconf 85' lang='grc' dir='ltr'>τούτου</span> <span class='ocrx_word' id='word_1_832' title='bbox 2222 5098 2314 5152; x_wconf 81' lang='grc' dir='ltr'>τοῦ</span> <span class='ocrx_word' id='word_1_833' title='bbox 2347 5097 2506 5161; x_wconf 79' lang='grc' dir='ltr'>ἁγίου</span> <span class='ocrx_word' id='word_1_834' title='bbox 2535 5098 2777 5169; x_wconf 66' lang='grc' dir='ltr'>φανερὴν</span> <span class='ocrx_word' id='word_1_835' title='bbox 2811 5095 3164 5158; x_wconf 77' lang='grc' dir='ltr'>καθίσταται,</span> <span class='ocrx_word' id='word_1_836' title='bbox 3190 5094 3273 5146; x_wconf 87' lang='grc' dir='ltr'><strong>δτι</strong></span> <span class='ocrx_word' id='word_1_837' title='bbox 3306 5097 3402 5145; x_wconf 78' lang='grc' dir='ltr'><strong>καὶ</strong></span> <span class='ocrx_word' id='word_1_838' title='bbox 3438 5091 3572 5161; x_wconf 81' lang='grc' dir='ltr'>πρὸς</span> 
     </span>
    </p>
   </div>
   <div class='ocr_carea' id='block_1_113' title="bbox 2000 5181 3571 5259">
    <p class='ocr_par' dir='ltr' id='par_1_113' title="bbox 2000 5181 3571 5259">
     <span class='ocr_line' id='line_1_113' title="bbox 2000 5181 3571 5259; baseline -0.006 -15"><span class='ocrx_word' id='word_1_839' title='bbox 2000 5191 2098 5259; x_wconf 82' lang='grc' dir='ltr'>τῆς</span> <span class='ocrx_word' id='word_1_840' title='bbox 2123 5189 2391 5258; x_wconf 86' lang='grc' dir='ltr'>δευτέρας</span> <span class='ocrx_word' id='word_1_841' title='bbox 2432 5188 2657 5241; x_wconf 77' lang='grc' dir='ltr'>συνόδου</span> <span class='ocrx_word' id='word_1_842' title='bbox 2714 5187 2876 5240; x_wconf 82' lang='grc' dir='ltr'>τοῦτο</span> <span class='ocrx_word' id='word_1_843' title='bbox 2928 5188 2990 5238; x_wconf 72' lang='grc' dir='ltr'><strong>τὸ</strong></span> <span class='ocrx_word' id='word_1_844' title='bbox 3030 5183 3263 5255; x_wconf 82' lang='grc' dir='ltr'>κώλυμα</span> <span class='ocrx_word' id='word_1_845' title='bbox 3315 5181 3404 5256; x_wconf 81' lang='grc' dir='ltr'>ἦν.</span> <span class='ocrx_word' id='word_1_846' title='bbox 3467 5183 3571 5236; x_wconf 81' lang='lat' dir='ltr'><strong>Kal</strong></span> 
     </span>
    </p>
   </div>
   <div class='ocr_carea' id='block_1_114' title="bbox 1997 5275 3572 5352">
    <p class='ocr_par' dir='ltr' id='par_1_114' title="bbox 1997 5275 3572 5352">
     <span class='ocr_line' id='line_1_114' title="bbox 1997 5275 3572 5352; baseline -0.006 -17"><span class='ocrx_word' id='word_1_847' title='bbox 1997 5280 2362 5352; x_wconf 85' lang='grc' dir='ltr'>προστίθησιν</span> <span class='ocrx_word' id='word_1_848' title='bbox 2418 5280 2568 5350; x_wconf 78' lang='grc' dir='ltr'>ὅτιή</span> <span class='ocrx_word' id='word_1_849' title='bbox 2624 5280 2682 5332; x_wconf 85' lang='grc' dir='ltr'><strong>ἐν</strong></span> <span class='ocrx_word' id='word_1_850' title='bbox 2743 5278 2985 5349; x_wconf 82' lang='grc' dir='ltr'>Σαρδικῇ</span> <span class='ocrx_word' id='word_1_851' title='bbox 3047 5280 3425 5348; x_wconf 74' lang='grc' dir='ltr'>ἠγανάκτησε,</span> <span class='ocrx_word' id='word_1_852' title='bbox 3484 5275 3572 5327; x_wconf 74' lang='grc' dir='ltr'>καὶ</span> 
     </span>
    </p>
   </div>
   <div class='ocr_carea' id='block_1_115' title="bbox 1999 5368 3571 5442">
    <p class='ocr_par' dir='ltr' id='par_1_115' title="bbox 1999 5368 3571 5442">
     <span class='ocr_line' id='line_1_115' title="bbox 1999 5368 3571 5442; baseline -0.004 -16"><span class='ocrx_word' id='word_1_853' title='bbox 1999 5374 2222 5442; x_wconf 79' lang='grc' dir='ltr'>ὥρισεν,</span> <span class='ocrx_word' id='word_1_854' title='bbox 2257 5369 2384 5427; x_wconf 84' lang='grc' dir='ltr'><strong>Ὀτι</strong></span> <span class='ocrx_word' id='word_1_855' title='bbox 2424 5371 2593 5441; x_wconf 76' lang='grc' dir='ltr'>μηδὲν</span> <span class='ocrx_word' id='word_1_856' title='bbox 2650 5370 2730 5423; x_wconf 79' lang='grc' dir='ltr'>ἔτι</span> <span class='ocrx_word' id='word_1_857' title='bbox 2763 5371 2893 5441; x_wconf 71' lang='grc' dir='ltr'>περὶ</span> <span class='ocrx_word' id='word_1_858' title='bbox 2957 5369 3195 5432; x_wconf 83' lang='grc' dir='ltr'>πίστεως</span> <span class='ocrx_word' id='word_1_859' title='bbox 3240 5368 3571 5440; x_wconf 77' lang='grc' dir='ltr'>γράφεσθαι,</span> 
     </span>
    </p>
   </div>
   <div class='ocr_carea' id='block_1_116' title="bbox 1999 5459 3571 5534">
    <p class='ocr_par' dir='ltr' id='par_1_116' title="bbox 1999 5459 3571 5534">
     <span class='ocr_line' id='line_1_116' title="bbox 1999 5459 3571 5534; baseline -0.004 -17"><span class='ocrx_word' id='word_1_860' title='bbox 1999 5462 2114 5517; x_wconf 81' lang='grc' dir='ltr'>ἀλλ’</span> <span class='ocrx_word' id='word_1_861' title='bbox 2138 5463 2427 5534; x_wconf 83' lang='grc' dir='ltr'>ἀρκεῖσθαι</span> <span class='ocrx_word' id='word_1_862' title='bbox 2476 5464 2543 5533; x_wconf 82' lang='grc' dir='ltr'>τῇ</span> <span class='ocrx_word' id='word_1_863' title='bbox 2601 5462 2660 5515; x_wconf 85' lang='grc' dir='ltr'><strong>ἐν</strong></span> <span class='ocrx_word' id='word_1_864' title='bbox 2691 5461 2898 5533; x_wconf 78' lang='grc' dir='ltr'>Νικαίᾳ</span> <span class='ocrx_word' id='word_1_865' title='bbox 2939 5462 3091 5531; x_wconf 71' lang='grc' dir='ltr'>παρὰ</span> <span class='ocrx_word' id='word_1_866' title='bbox 3147 5461 3257 5514; x_wconf 84' lang='grc' dir='ltr'>τῶν</span> <span class='ocrx_word' id='word_1_867' title='bbox 3321 5459 3571 5528; x_wconf 75' lang='grc' dir='ltr'>Πατέρωι</span> 
     </span>
    </p>
   </div>
   <div class='ocr_carea' id='block_1_117' title="bbox 1999 5549 3570 5626">
    <p class='ocr_par' dir='ltr' id='par_1_117' title="bbox 1999 5549 3570 5626">
     <span class='ocr_line' id='line_1_117' title="bbox 1999 5549 3570 5626; baseline -0.004 -16"><span class='ocrx_word' id='word_1_868' title='bbox 1999 5553 2400 5626; x_wconf 78' lang='grc' dir='ltr'>δμολογηθείση</span> <span class='ocrx_word' id='word_1_869' title='bbox 2430 5553 2638 5618; x_wconf 89' lang='grc' dir='ltr'>πίστει,</span> <span class='ocrx_word' id='word_1_870' title='bbox 2675 5554 2762 5606; x_wconf 78' lang='grc' dir='ltr'>διὰ</span> <span class='ocrx_word' id='word_1_871' title='bbox 2788 5552 2848 5605; x_wconf 84' lang='grc' dir='ltr'>τὸ</span> <span class='ocrx_word' id='word_1_872' title='bbox 2884 5554 3048 5622; x_wconf 81' lang='grc' dir='ltr'>μηδὲν</span> <span class='ocrx_word' id='word_1_873' title='bbox 3083 5551 3222 5622; x_wconf 85' lang='grc' dir='ltr'>αὐτῇ</span> <span class='ocrx_word' id='word_1_874' title='bbox 3282 5549 3570 5603; x_wconf 86' lang='grc' dir='ltr'>ἐλλείπειν.</span> 
     </span>
    </p>
   </div>
   <div class='ocr_carea' id='block_1_118' title="bbox 1998 5640 3570 5716">
    <p class='ocr_par' dir='ltr' id='par_1_118' title="bbox 1998 5640 3570 5716">
     <span class='ocr_line' id='line_1_118' title="bbox 1998 5640 3570 5716; baseline -0.007 -13"><span class='ocrx_word' id='word_1_875' title='bbox 1998 5648 2134 5703; x_wconf 84' lang='grc' dir='ltr'>ἀλλὰ</span> <span class='ocrx_word' id='word_1_876' title='bbox 2166 5648 2352 5716; x_wconf 78' lang='grc' dir='ltr'>πλήρη</span> <span class='ocrx_word' id='word_1_877' title='bbox 2392 5645 2675 5709; x_wconf 81' lang='grc' dir='ltr'>εὐσεϐείας</span> <span class='ocrx_word' id='word_1_878' title='bbox 2706 5640 2868 5699; x_wconf 78' lang='grc' dir='ltr'>εἶναι.</span> <span class='ocrx_word' id='word_1_879' title='bbox 2897 5646 3006 5698; x_wconf 77' lang='grc' dir='ltr'><strong>Καὶ</strong></span> <span class='ocrx_word' id='word_1_880' title='bbox 3029 5643 3222 5696; x_wconf 80' lang='grc' dir='ltr'>τοῦτον</span> <span class='ocrx_word' id='word_1_881' title='bbox 3279 5641 3373 5694; x_wconf 82' lang='grc' dir='ltr'>τὸν</span> <span class='ocrx_word' id='word_1_882' title='bbox 3399 5641 3570 5710; x_wconf 76' lang='grc' dir='ltr'>Τόμοι</span> 
     </span>
    </p>
   </div>
   <div class='ocr_carea' id='block_1_119' title="bbox 2001 5729 3568 5808">
    <p class='ocr_par' dir='ltr' id='par_1_119' title="bbox 2001 5729 3568 5808">
     <span class='ocr_line' id='line_1_119' title="bbox 2001 5729 3568 5808; baseline -0.007 -18"><span class='ocrx_word' id='word_1_883' title='bbox 2001 5737 2328 5808; x_wconf 74' lang='grc' dir='ltr'>ὑπέγραψαν</span> <span class='ocrx_word' id='word_1_884' title='bbox 2357 5737 2653 5807; x_wconf 84' lang='grc' dir='ltr'>τριάκοντα</span> <span class='ocrx_word' id='word_1_885' title='bbox 2714 5736 2884 5803; x_wconf 89' lang='grc' dir='ltr'>τρεῖς.</span> <span class='ocrx_word' id='word_1_886' title='bbox 2952 5733 3012 5788; x_wconf 91' lang='lat'><strong>&#39;0</strong></span> <span class='ocrx_word' id='word_1_887' title='bbox 3047 5733 3102 5786; x_wconf 85' lang='grc' dir='ltr'>δὲ</span> <span class='ocrx_word' id='word_1_888' title='bbox 3139 5731 3295 5801; x_wconf 83' lang='grc' dir='ltr'>ἆγιος</span> <span class='ocrx_word' id='word_1_889' title='bbox 3347 5731 3428 5793; x_wconf 86' lang='grc' dir='ltr'><strong>είς</strong></span> <span class='ocrx_word' id='word_1_890' title='bbox 3492 5729 3568 5797; x_wconf 72' lang='grc' dir='ltr'><strong>βει</strong></span> 
     </span>
    </p>
   </div>
   <div class='ocr_carea' id='block_1_120' title="bbox 2001 5821 3567 5899">
    <p class='ocr_par' dir='ltr' id='par_1_120' title="bbox 2001 5821 3567 5899">
     <span class='ocr_line' id='line_1_120' title="bbox 2001 5821 3567 5899; baseline -0.007 -15"><span class='ocrx_word' id='word_1_891' title='bbox 2001 5830 2230 5884; x_wconf 63' lang='grc' dir='ltr'>ϐλίωσεν</span> <span class='ocrx_word' id='word_1_892' title='bbox 2253 5831 2359 5883; x_wconf 80' lang='grc' dir='ltr'>τῶν</span> <span class='ocrx_word' id='word_1_893' title='bbox 2395 5829 2786 5899; x_wconf 76' lang='grc' dir='ltr'>ῥηθησομένων</span> <span class='ocrx_word' id='word_1_894' title='bbox 2831 5827 2925 5880; x_wconf 69' lang='grc' dir='ltr'>καὶ</span> <span class='ocrx_word' id='word_1_895' title='bbox 2951 5826 3048 5896; x_wconf 78' lang='grc' dir='ltr'>τῆς</span> <span class='ocrx_word' id='word_1_896' title='bbox 3103 5827 3163 5878; x_wconf 86' lang='grc' dir='ltr'><strong>ἐν</strong></span> <span class='ocrx_word' id='word_1_897' title='bbox 3193 5824 3430 5894; x_wconf 78' lang='grc' dir='ltr'>Σαρδικῇ</span> <span class='ocrx_word' id='word_1_898' title='bbox 3485 5821 3567 5888; x_wconf 83' lang='grc' dir='ltr'>μέ-</span> 
     </span>
    </p>
   </div>
   <div class='ocr_carea' id='block_1_121' title="bbox 2003 5912 3638 5993">
    <p class='ocr_par' dir='ltr' id='par_1_121' title="bbox 2003 5912 3638 5993">
     <span class='ocr_line' id='line_1_121' title="bbox 2003 5912 3638 5993; baseline -0.008 -18"><span class='ocrx_word' id='word_1_899' title='bbox 2003 5941 2207 5993; x_wconf 69' lang='grc' dir='ltr'>μνηται</span> <span class='ocrx_word' id='word_1_900' title='bbox 2245 5923 2485 5976; x_wconf 71' lang='grc' dir='ltr'>συνόδου.</span> <span class='ocrx_word' id='word_1_901' title='bbox 2525 5922 2630 5975; x_wconf 67' lang='grc' dir='ltr'><strong>Καὶ</strong></span> <span class='ocrx_word' id='word_1_902' title='bbox 2671 5919 2843 5976; x_wconf 80' lang='grc' dir='ltr'>ταῦτα</span> <span class='ocrx_word' id='word_1_903' title='bbox 2880 5918 2980 5990; x_wconf 79' lang='grc' dir='ltr'>μὲν</span> <span class='ocrx_word' id='word_1_904' title='bbox 3009 5919 3066 5982; x_wconf 82' lang='grc' dir='ltr'><strong>ἐς</strong></span> <span class='ocrx_word' id='word_1_905' title='bbox 3097 5915 3376 5970; x_wconf 72' lang='grc' dir='ltr'>τοσοῦτον.</span> <span class='ocrx_word' id='word_1_906' title='bbox 3411 5912 3568 5965; x_wconf 70' lang='grc' dir='ltr'>Ὅθεν</span> <span class='ocrx_word' id='word_1_907' title='bbox 3631 5975 3638 5980; x_wconf 88' lang='lat'><em>_</em></span> 
     </span>
    </p>
   </div>
  </div>
