4102 6484
484 445 582 507 221

1622 437 1658 502 Α
1673 445 1718 502 D
1761 445 1846 503 [Μ
1861 445 2129 506 PERAT.
2172 445 2466 506 ΤΠΛΡΕΖ
2479 448 2523 507 U
2536 448 2652 509 NT.

3644 458 3749 518 222

486 561 752 612 δ’δεικται
783 557 865 610 ὅτι
897 559 956 610 τὸ
982 558 1210 626 κώλυμα
1243 559 1338 626 τῆς
1373 557 1569 629 ἐτέρας
1619 560 1866 624 πίστεως
1925 561 2066 614 ἄνω-

2189 564 2488 634 πὶιιρὶρίοο
2517 568 2727 624 sanctis
2762 567 3020 626 Patribus
3054 571 3227 627 fuisse
3275 572 3578 628 decretam.
3641 574 3748 629 Sed

489 647 580 700 θὲν
606 664 665 698 τε
692 647 785 711 καὶ
804 647 862 710 ἐξ
887 648 1060 714 ἀρχῆς
1084 646 1236 716 παρὰ
1291 648 1398 700 τῶν
1456 649 1628 714 ἁγίων
1663 649 1923 718 Πατέρων
1988 645 2060 718 ἦν

2189 665 2220 709 :t
2247 657 2596 714 deﬁnitiones
2636 670 2955 716 sanctorum
2989 663 3232 728 Patrum,
3274 664 3318 718 si
3355 680 3542 718 verum
3577 665 3751 718 faten-

488 737 818 806 ἁποφανθέν.
852 736 1013 790 Ἀλλὰ
1047 739 1140 789 καὶ
1169 739 1217 790 oi
1253 738 1370 806 ὅροι
1411 739 1520 792 τῶν
1548 740 1723 806 ἁγίων
1775 741 2063 808 Πατέρων,

490 837 536 888 ei
562 837 641 887 δεῖ
671 835 902 904 τάληθὲς
927 835 1127 898 εἰπεῖν,
1177 837 1273 888 καὶ
1322 834 1383 888 τὺ
1437 834 1533 888 τοῦ
1578 835 1740 902 ἁγίου
1792 837 2062 905 Κυρίλλου

2170 748 2298 800 dum
2330 757 2437 816 est,
2469 759 2521 806 et
2557 751 2688 807 illud
2718 753 2906 824 Cyrilli
2942 770 2957 809 :
2990 771 3010 805 ι
3036 752 3153 808 Non
3189 756 3557 823 permittimus
3586 756 3749 809 nobis

2173 839 2328 908 ipsis,
2358 855 2534 910 neque
2562 843 2707 907 aliis,
2750 861 2769 896 ι
2794 843 2862 898 de
2882 844 3122 916 Nycaano
3146 843 3404 914 Symboio
3425 845 3752 915 loquuntur.

490 926 570 991 τὸ,
603 943 620 977 ι
653 927 765 979 Οὐκ
808 927 1178 998 ἐπιτρέπομεν
1220 927 1458 994 ἐαυτοϊς,
1508 926 1541 995 ἢ
1574 928 1806 997 ἑτέροις,
1839 945 1858 980 ι
1917 927 2048 996 περὶ
2080 929 2175 982 τοῦ
2213 931 2271 984 ἐν
2304 933 2510 1005 Nimia}.
2535 935 2820 1005 Συμϐόλου
2851 938 3042 1006 φασίν.

563 1024 652 1072 ια’.
685 1017 883 1070 Ὀτιδὲ
910 1019 978 1069 τὰ
1007 1017 1099 1074 δύο
1129 1017 1384 1086 Σύμϐολα
1415 1019 1518 1070 οὐκ
1541 1019 1790 1084 ἐγένοντο
1825 1018 1888 1070 ἒν
1949 1019 2057 1086 p.4-

2235 1023 2325 1076 Η.
2361 1025 2482 1079 Duo
2516 1041 2682 1096 porro
2711 1027 2968 1098 Symbola
3010 1043 3116 1082 non
3146 1026 3318 1082 fuisse
3348 1043 3513 1082 unam
3547 1029 3752 1083 doctri-

493 1109 662 1176 θημα,
702 1107 822 1160 οὐδὲ
850 1108 1030 1176 ἥνωσέ
1083 1126 1169 1172 τις
1210 1109 1319 1162 τῶν
1369 1109 1632 1182 Πατέρων
1676 1109 1876 1172 ταῦτα,
1920 1110 2056 1162 ἀπο-

2189 1112 2316 1180 iam,
2352 1131 2532 1187 neque
2591 1133 2655 1172 ea
2681 1118 2916 1186 aliquem
2951 1134 3119 1174 unum
3145 1133 3212 1173 ex
3233 1117 3488 1173 Patribus
3515 1119 3757 1175 univisse

491 1199 835 1270 θειχθήσεται
865 1199 981 1254 νῦν.
1015 1201 1127 1256 Καὶ
1159 1201 1382 1270 πρῶτον
1445 1201 1544 1269 μὲν
1579 1201 1689 1254 ἀπὸ
1724 1201 1828 1269 τῆς
1873 1201 2067 1271 τρίτης

2191 1209 2518 1278 n-prteseati
2550 1210 3034 1266 demonstrabitur.
3061 1211 3122 1266 Et
3152 1211 3387 1280 primum
3417 1211 3637 1281 quidem
3687 1228 3755 1266 ex

497 1292 740 1352 συνόδου.
773 1290 920 1360 Αὕτη
952 1293 1062 1363 γὰρ
1097 1292 1192 1348 τοῦ
1247 1293 1304 1344 ἐν
1358 1292 1566 1363 Νικαίᾳ
1628 1292 1925 1362 μέμνηται,
1971 1293 2071 1360 καὶ

2189 1302 2329 1355 ertia
2363 1301 2597 1372 synodo.
2625 1301 2750 1357 llaec
2777 1303 2924 1359 enim
2958 1302 3201 1374 Symboli
3265 1301 3471 1358 Nicani
3525 1304 3761 1357 mentio-

497 1385 622 1450 περὶ
649 1384 868 1454 ἐκείνης
895 1385 1087 1452 φησὶν,
1139 1402 1158 1435 ι
1193 1382 1330 1437 Οὔτε
1371 1385 1482 1451 μὴν
1533 1383 1906 1452 ἐπιτρέπομεν
1939 1384 2068 1435 ἐαυ-

2189 1407 2295 1447 ιοιη
2340 1392 2490 1458 fecit,
2529 1394 2676 1450 etde
2702 1391 2788 1456 ea
2817 1394 2984 1450 tradit
3027 1411 3043 1448 :
3079 1413 3098 1447 ι
3141 1393 3335 1464 Neque
3385 1393 3760 1464 permittimus

494 1477 630 1539 τοῖς,
666 1474 699 1545 ἢ
736 1475 973 1545 ἑτέροις,
1003 1475 1036 1545 ἦ
1069 1474 1219 1541 λέξιν
1272 1475 1511 1544 ἀμεῖψαι
1559 1476 1671 1528 τῶν
1731 1475 2072 1542 ἐγκειμένων

2189 1483 2334 1538 nobis
2373 1483 2526 1554 ipsis,
2551 1500 2730 1557 neque
2766 1487 2914 1553 aliis,
2973 1497 3067 1540 aut
3115 1485 3415 1548 dictionem
3462 1485 3758 1541 immutare

497 1569 693 1632 ἐκεῖσε,
729 1568 764 1633 ἢ
797 1568 928 1637 μίαν
957 1566 1089 1636 γοῦν
1117 1568 1435 1638 παραϐῆναι
1471 1567 1764 1635 συλλαϐήν.
1809 1586 1826 1618 ι
1891 1565 2067 1620 Τοῦτο

2189 1593 2241 1632 εκ
2285 1577 2354 1632 iis
2388 1592 2509 1646 qua:
2538 1579 2613 1633 ibi
2655 1586 2811 1642 sunt,
2870 1587 2968 1633 aut
3009 1579 3200 1642 saltem
3261 1593 3425 1633 unam
3491 1576 3756 1646 syllabam

497 1657 550 1708 δέ
581 1657 737 1725 ἔλεγε
767 1659 902 1728 πρὸς
938 1660 1065 1720 τοῦς
1103 1658 1452 1728 μαχομένους
1502 1659 1593 1712 ἀεὶ
1644 1657 1723 1725 τῷ
1772 1658 2071 1728 όμοουσίῳ,

2189 1677 2523 1737 praevertere.
2559 1685 2581 1722 ο
2615 1667 2733 1722 Ποο
2763 1682 2893 1723 vero
2925 1669 3188 1723 adversus
3243 1666 3518 1722 homousii
3577 1681 3750 1735 oppu-

500 1750 575 1810 ὼς
625 1748 832 1818 προῖὼν
858 1751 886 1803 ό
915 1749 1072 1816 λόγος
1103 1749 1358 1818 δηλώσει.
1395 1750 1520 1802 Ὀτι
1553 1748 1608 1801 δὲ
1635 1746 1968 1817 οῦτωςέχει,
1998 1746 2074 1818 ὡς

2189 1768 2432 1832 ςιιεῑοτεε
2458 1761 2698 1827 dicebat,
2748 1769 2811 1816 ut
2847 1759 3152 1832 procedens
3190 1759 3370 1815 oratio
3427 1760 3757 1815 manifesta-

499 1837 844 1909 διῃρημένως
890 1838 1075 1909 έχουσι
1117 1841 1183 1894 τὰ
1217 1838 1496 1908 Σύμϐολα,
1551 1840 1854 1908 παρίστησι
1917 1836 2078 1890 τοῦτο

2189 1854 2277 1907 hit.
2312 1852 2369 1906 ld
2427 1859 2608 1907 autem
2653 1853 2728 1908 ita
2780 1869 2841 1909 se
2897 1854 3116 1920 habere,
3148 1852 3258 1908 duo
3309 1853 3520 1907 scilicet
3598 1851 3764 1921 Sym-

745 1929 778 1999 ή
825 1899 972 1997 ήάγία
1012 1929 1107 1990 καὶ
1152 1899 1509 1998 οἰκούμενικη
1566 1899 1801 1999 τετάρτη
1859 1925 2078 1987 σύνοδος

2314 1899 2369 1906 -_
2427 1899 2608 1907 ---νη
2654 1899 2728 1908 .-..
2780 1899 2841 1909 ν..
2897 1899 3116 1920 ..__,-.-,
3151 1899 3255 1908 ...η
3309 1899 3520 1907 _--..---
3599 1899 3724 1921 η.--

2189 1942 2304 1998 bola
2339 1943 2512 1998 divisa
2539 1945 2684 1998 inter
2707 1958 2766 2000 se
2795 1958 2937 2008 esse,
2968 1943 3128 2011 plane
3159 1944 3448 1998 conlirmat
3483 1950 3672 1997 sancta
3707 1950 3764 1995 ct

500 2021 557 2071 ἐν
588 2023 652 2092 τῇ
687 2019 918 2090 δευτέρᾳ
944 2020 1141 2091 πράξει
1179 2022 1371 2091 αύτῆςο
1414 2038 1432 2070 ι
1477 2020 1818 2088 Πιστεύομεν
1869 2018 1948 2079 είς
1977 2015 2076 2069 ἕνα

502 2113 634 2166 Θεὸν
668 2113 888 2183 Πατέρα
911 2113 1366 2184 παντοκράτορα,
1427 2111 1639 2180 ὁρατῶν
1678 2127 1739 2163 τε
1788 2109 1879 2163 καί
1911 2099 2077 2178 ἁοράξ

497 2225 607 2261 των
636 2207 885 2277 ποιητὴν,
914 2205 1011 2260 καὶ
1045 2207 1128 2274 είς
1153 2205 1260 2260 ἕνα
1284 2204 1492 2276 Κύριον
1532 2203 1744 2276 Ἰησοῦν
1807 2201 2068 2272 Χριστὸν,

497 2300 592 2352 τὸν
625 2300 753 2353 Υἱὸν
777 2299 871 2352 τοῦ
892 2297 1048 2364 Θεοῦ,
1079 2297 1409 2366 γεννηθέντα
1433 2299 1495 2351 ἐκ
1533 2297 1630 2350 τοῦ
1657 2294 1894 2364 [ἰατρὸς.
1923 2308 2079 2360 μονο-

502 2394 658 2460 γενῆ,
687 2390 972 2453 τουτέστιν
997 2391 1062 2445 ἐκ
1093 2392 1194 2457 τῆς
1227 2389 1419 2453 οὐσίας
1449 2388 1545 2443 τοῦ
1583 2388 1821 2457 Πατρδς,
1853 2387 1988 2438 Θεὸν
2010 2388 2075 2438 ἐκ

497 2465 656 2549 Θεοῦ,
689 2483 804 2553 φῶς
837 2485 900 2534 ἐκ
928 2482 1133 2551 φωτὸς,
1169 2480 1306 2534 Θεὸν
1341 2479 1595 2549 ἀληθινὸν
1624 2481 1688 2532 ἐκ
1717 2478 1855 2543 Θεοῦ
1885 2476 2080 2544 ἀληθι-

497 2578 612 2645 νοῦ,
643 2557 996 2644 γεννηθέντα,
1027 2575 1087 2627 ού
1125 2573 1442 2644 ποιηθέντα,
1499 2571 1792 2643 όμοούσιον
1831 2570 1910 2637 τῷ
1965 2571 2075 2628 Πα-

495 2668 610 2736 τρὶ,
640 2667 707 2721 δι’
729 2660 792 2720 οῦ
842 2668 910 2732 τὰ
938 2667 1118 2722 πάντα
1153 2667 1394 2735 ἐγένετο,
1423 2665 1494 2720 τά
1533 2682 1593 2718 τε
1631 2666 1690 2717 ἐν
1735 2663 1952 2734 οὐρανῷ
1980 2663 2077 2724 καὶ

497 2757 570 2809 τὰ
597 2759 656 2812 ἐν
684 2759 750 2828 τῇ
785 2759 878 2824 γῇ,
901 2756 991 2808 τὸν
1021 2755 1090 2808 δι’
1120 2756 1268 2826 ἡμᾶς
1297 2753 1422 2816 τοὺς
1444 2753 1793 2823 ἀνθρώπους,
1858 2752 1954 2805 καὶ
1987 2750 2077 2804 διὰ

500 2849 602 2919 τὴν
652 2848 929 2919 ἡμετέραν
977 2847 1254 2916 σωτηρίαν
1314 2845 1668 2910 κατελθόντα,
1724 2845 1820 2896 καὶ
1857 2859 2076 2912 σαρκω-

501 2941 687 3006 θέντα,
737 2941 837 2993 καὶ
885 2936 1408 3008 ὲνανθρωπήσαντα,
1471 2935 1739 3000 παθόντα,
1799 2934 1896 2988 καὶ
1949 2934 2079 2991 ἀνα-

501 3030 706 3084 στάντα
748 3031 814 3101 τῇ
844 3029 1006 3101 τρίτῃ
1038 3028 1247 3098 ἡμέρᾳ.
1303 3026 1598 3080 ἀνελθόντα
1646 3026 1730 3086 εἰς
1788 3021 2074 3093 οὐρανοὺς,

498 3120 792 3189 ἐρχόμενον
815 3122 998 3190 κρῖναι
1034 3119 1244 3184 ζῶντας
1291 3119 1386 3172 καὶ
1435 3117 1688 3188 νεκροὺς,
1730 3113 1828 3172 καλ⁵
1886 3113 1967 3176 είς
2020 3110 2080 3164 τὸ

503 3209 729 3280 Πνεῦμα
757 3210 817 3264 τὸ
844 3211 1021 3279 ἆγιον.
1048 3210 1186 3274 Τοὺς
1211 3209 1267 3262 δέ
1291 3209 1572 3278 λέγοντας,
1623 3206 1732 3260 Ἦν
1788 3221 1926 3258 ποτε
1991 3203 2079 3255 ὅτε
2110 3249 2152 3307 C

505 3307 607 3356 οιὶκ
632 3298 720 3373 ἦν,
748 3303 844 3356 καὶ
875 3303 1005 3372 πρὶν
1032 3300 1360 3371 γεννηθῆναι
1385 3299 1484 3353 οὐκ
1506 3295 1600 3370 ἦν,
1655 3297 1752 3352 καὶ
1773 3298 1857 3351 ὃτι
1889 3295 1952 3360 ἐξ
1978 3294 2080 3347 οὐκ

507 3391 679 3445 ὄντων
707 3392 942 3459 ἐγένετο,
984 3390 1102 3462 ἢὲξ
1130 3389 1326 3461 ἐτέρας
1366 3391 1722 3448 ὑποστάσεως
1804 3387 1838 3459 ἢ
1891 3385 2082 3449 οὐσίας

505 3484 821 3552 φάσκοντας
843 3478 1009 3546 εῖναι,
1045 3483 1358 3554 ἢτρεπτδν,
1405 3483 1438 3550 ἢ
1463 3482 1757 3536 ἀλλοιωτὸν
1807 3481 1899 3536 τὸν
1948 3479 2081 3532 Υῑὸν

501 3574 602 3639 τοῦ
629 3574 787 3640 Θεοῦ,
817 3573 1045 3636 τούτους
1071 3573 1462 3643 ἁναθεματίζει
1495 3575 1530 3643 ἡ
1555 3575 1906 3644 ἀποστολικη
1955 3573 2086 3631 Ἐκ-

510 3666 734 3735 κλησία.
769 3667 832 3719 οι
862 3665 1248 3718 εὐλαϐέστατοι
1296 3665 1588 3719 ἐπίσκοποι
1621 3646 1881 3735 ἐϐόησαν⁹
1931 3663 2082 3734 Αὕτη

508 3758 546 3825 ἡ
573 3755 753 3820 πίστις
778 3756 887 3810 τῶν
909 3755 1227 3826 ὀρθοδόξων.
1249 3756 1468 3825 Ταύτην
1505 3757 1708 3819 πάντες
1731 3755 2086 3826 πιστεύομεν.

529 3847 623 3899 Ἐν
639 3847 813 3918 ταύτῃ
828 3846 1261 3917 ἐϐαπτίσθημεν.
1284 3847 1372 3899 Ἐν
1399 3847 1572 3918 ταύτῃ
1607 3845 1975 3916 βαπτίζομεν.
2025 3849 2084 3900 '0

517 3939 788 4009 μακάριος
813 3939 1112 4003 ἐπίσκοπος
1140 3939 1408 4010 Κύριλλος
1428 3939 1597 4001 οὓτως
1616 3939 1882 4006 ἐδίδαξεν.
1935 3936 2086 4006 Λῦτη

511 4035 547 4100 ἠ
569 4031 796 4100 ἀληθινὴ
813 4031 1018 4094 πίστις.
1040 4030 1187 4100 Αὕτη
1219 4029 1348 4098 ἁγία
1366 4029 1573 4092 πίστις.
1603 4025 1755 4098 Αὕτη
1777 4028 1973 4081 αἱωνία
1995 4027 2088 4079 πί-

513 4129 651 4185 στις.
677 4122 764 4183 Ei;
779 4121 978 4192 ταύτην
1001 4121 1432 4191 ἐϐαπτίσθημεν.
1454 4122 1522 4174 .'0
1569 4121 1800 4182 πάππας
1827 4121 1981 4173 Λέων
1998 4118 2090 4172 οῦ-

515 4229 622 4274 τως
640 4213 976 4266 ἐπίστευσεν.
993 4213 1052 4265 '0
1070 4212 1304 4275 πάππας
1334 4213 1486 4266 Λέων
1513 4210 1688 4274 οὕτως
1713 4212 2088 4282 ἡρμήνευσεν.

515 4303 586 4358 ΟΞ
617 4304 944 4368 ἐνδοξότατοι
967 4304 1228 4375 ἄρχοντες
1283 4305 1378 4358 καὶ
1411 4307 1444 4375 ή
1496 4302 1785 4373 ὑπερφυὴς
1845 4302 2090 4370 σύγκληο

511 4412 605 4454 τος
636 4389 813 4448 εἷποψ
873 4396 1428 4463 ’Λναγινωσκέτωσαν
1462 4396 1519 4448 δὲ
1566 4397 1661 4449 καὶ
1694 4394 1764 4447 τὰ
1795 4393 2091 4448 ἐκτεθέντα

516 4488 670 4556 παρὰ
699 4485 808 4539 τῶν
841 4486 1037 4540 ἑκατὸν
1070 4487 1412 4557 πεντήκοντα
1445 4485 1618 4556 ἁγίων
1647 4486 1932 4555 Πατέρων.
1972 4485 2093 4539 ’Λέ-

2181 2035 2523 2092 αδευηιειιίοο
2549 2046 2742 2105 quarta
2775 2034 3018 2105 synodus
3044 2034 3254 2090 actione
3276 2034 3547 2090 secunda:
3583 2051 3602 2084 ι
3627 2032 3762 2087 Cre-

2181 2126 2363 2182 dimus
2398 2127 2450 2180 in
2484 2143 2651 2180 unum
2685 2125 2854 2181 Deum
2886 2125 3101 2182 Patrem
3134 2126 3594 2194 omnipotentem.
3621 2123 3757 2178 visi-

2179 2217 2372 2272 bilium
2409 2223 2464 2272 et
2492 2215 2849 2270 invisibilium
2875 2213 3157 2269 factorem.
3187 2213 3250 2269 Et
3289 2214 3341 2268 in
3372 2228 3542 2266 unum
3569 2211 3753 2266 Domi-

2181 2325 2318 2365 num
2347 2307 2532 2365 Jesum
2568 2308 2850 2364 Christum
2887 2305 3083 2369 Filium
3113 2305 3232 2371 Dei,
3257 2321 3320 2360 ex
3358 2305 3518 2358 Patre
3550 2310 3764 2364 natum,

2181 2399 2544 2468 unigenitum,
2573 2400 2676 2454 hoc
2705 2397 3064 2467 esttejusdem
3088 2413 3210 2452 cum
3233 2396 3392 2452 Patre
3423 2395 3764 2460 substantiae,

2183 2487 2350 2544 Deum
2377 2489 2444 2542 de
2470 2489 2599 2554 Deo,
2623 2487 2804 2541 lumen
2826 2487 2892 2542 de
2914 2486 3142 2549 lumine,
3170 2484 3339 2540 Deum
3366 2501 3550 2540 verum
3573 2486 3640 2539 de
3659 2485 3768 2539 Deo

2183 2593 2335 2646 vero,
2369 2578 2636 2648 genitum,
2671 2593 2778 2632 non
2815 2577 3043 2641 factum,
3075 2577 3610 2634 consubstantialem
3661 2578 3770 2629 Pa.

2185 2669 2276 2732 tri,
2307 2685 2399 2741 per
2429 2684 2590 2740 quem
2611 2669 2796 2738 omnia
2824 2669 2968 2724 facta
3001 2677 3150 2733 sunt,
3175 2677 3291 2722 tum
3329 2683 3456 2736 quas
3502 2669 3556 2721 in
3600 2667 3768 2729 ccelo,

2185 2772 2299 2822 tum
2336 2777 2458 2832 quae
2481 2763 2533 2824 in
2554 2771 2698 2816 terra
2725 2771 2877 2816 sant.
2908 2759 3010 2828 Qui
3039 2768 3262 2830 propter
3293 2773 3392 2813 nos
3412 2757 3687 2821 homines,
3715 2767 3775 2812 et'

2185 2864 2409 2927 propter
2491 2862 2735 2908 nostram
2825 2853 3058 2908 salutem
3153 2848 3464 2915 descendit,
3541 2857 3596 2904 et
3682 2848 3768 2901 in-

2185 2955 2445 3001 carnatus
2503 2952 2607 3009 est,
2667 2951 2722 3000 et
2800 2944 3133 2998 bumanatus
3227 2949 3331 3006 est,
3416 2954 3636 3009 passus,
3711 2947 3770 2992 et

2184 3037 2486 3094 resurrexit
2511 3035 2669 3091 tertia
2704 3036 2816 3099 die,
2846 3036 3171 3091 etiascendit
3222 3034 3277 3088 in
3326 3032 3521 3098 cmlos,
3554 3043 3607 3086 et
3635 3046 3765 3085 ven-

2187 3135 2339 3182 turus
2371 3134 2454 3182 est
2517 3125 2762 3194 judicare
2816 3125 2970 3178 \'i\'OS
3001 3133 3056 3180 et
3112 3133 3376 3177 mortuos.
3441 3119 3508 3174 Et
3554 3119 3606 3173 in
3648 3119 3768 3188 Spi—

2185 3218 2353 3272 ritum
2396 3226 2671 3270 sanctum.
2718 3213 2826 3269 Eos
2886 3228 3074 3283 porro,
3102 3212 3196 3282 qui
3249 3211 3458 3274 dicunt,
3494 3220 3612 3264 erat
3662 3210 3769 3265 ali-

2188 3306 2411 3380 quando
2459 3304 2685 3378 quando
2715 3319 2824 3360 non
2862 3315 3002 3368 erat,
3027 3312 3083 3370 et
3109 3313 3236 3359 ante
3301 3318 3466 3374 quam
3536 3315 3769 3370 genera-

2187 3412 2340 3456 retur
2378 3414 2484 3455 non
2520 3409 2658 3462 erat.
2683 3408 2738 3454 et
2765 3397 2910 3467 quod
2930 3397 3082 3451 exiis
3101 3410 3221 3466 qua:
3241 3410 3345 3450 non
3372 3404 3530 3449 erant
3587 3391 3768 3448 factus

2190 3497 2294 3555 est,
2325 3474 2417 3542 aut
2443 3503 2512 3552 ex
2548 3487 2650 3541 alia
2684 3485 3015 3551 substantia,
3041 3494 3135 3539 aut
3165 3484 3407 3541 essentia
3434 3482 3770 3537 aiiinnantes

2188 3593 2334 3642 esse,
2358 3586 2451 3632 aut
2487 3576 2825 3640 mutabilem,
2860 3583 2957 3630 aut
2981 3574 3347 3639 alterabilem,
3374 3589 3470 3629 eos
3521 3572 3765 3626 Ecclesia

2191 3670 2487 3741 apostolica
2507 3671 2856 3723 anathemata
2877 3667 3023 3722 ferit.
3048 3664 3511 3723 Reverendissimi
3528 3663 3768 3735 episcopi

2194 3761 2586 3828 clamat-erunt.
2616 3759 2740 3816 Haec
2773 3758 2908 3814 ﬁdes
2937 3757 3394 3814 orthodoxorum.
3431 3756 3636 3811 Omnes
3689 3758 3770 3810 sic

2191 3851 2483 3906 credimus.
2513 3849 2567 3903 In
2597 3852 2697 3903 hac
2721 3847 2981 3918 baptizati
3009 3863 3223 3904 sumus.
3257 3851 3317 3902 ln
3373 3847 3478 3900 hac
3530 3845 3774 3915 baptiza-

2192 3956 2336 3996 mus.
2367 3939 2568 3996 Beatus
2592 3940 2883 4010 episc0pus
2953 3940 3190 4011 Cyrillus
3242 3941 3314 3993 ita
3373 3938 3582 3994 docuit.
3643 3936 3770 3990 [iam

2191 4046 2316 4086 vera
2363 4030 2516 4085 ﬁdes.
2561 4030 2688 4086 Hmc
2717 4041 2906 4085 sancta
2949 4032 3100 4085 ﬁdes.
3123 4029 3246 4085 llaec
3273 4038 3474 4084 aeterna
3520 4028 3675 4086 ﬁdes.
3707 4028 3765 4086 In

2192 4123 2333 4177 hanc
2371 4121 2632 4190 baptizali
2657 4135 2867 4178 sumus.
2897 4120 3037 4190 Papa
3070 4119 3180 4174 Leo
3210 4120 3281 4174 ita
3319 4119 3576 4174 credidit.
3619 4117 3768 4186 Papa

2191 4211 2302 4266 Leo
2335 4212 2407 4265 ita
2436 4212 2828 4280 interpretatus
2858 4220 2962 4265 est.
3022 4208 3422 4266 Gratiosissimi
3473 4207 3770 4278 principes,

2191 4310 2247 4358 et
2280 4302 2651 4371 amplissimus
2673 4311 2901 4357 senatus
2920 4300 3176 4356 dixerunt
3203 4297 3552 4355 :Recitentur
3573 4306 3627 4352 et
3647 4313 3770 4367 quat

2193 4409 2222 4448 a
2277 4402 2511 4450 centum
2552 4392 2943 4462 quinquaginta
3008 4389 3263 4445 Patribus
3314 4390 3564 4459 exposita
3620 4397 3771 4444 sunt.

2193 4485 2384 4540 Aetius
2444 4483 2726 4554 piissimus
2760 4481 3030 4537 diaconus
3053 4497 3116 4536 ex
3169 4481 3448 4537 volumine
3476 4479 3729 4535 recitavit
3761 4495 3774 4531 :

524 4593 638 4639 τιος
687 4575 1079 4639 εύλαϐἐστατος
1127 4577 1373 4642 διάκονος
1438 4579 1545 4630 ἀπὸ
1588 4577 1794 4646 βιϐλίου
1846 4577 2082 4645 ἀνέγνωσ

2196 4575 2395 4631 Sancta
2421 4576 2577 4640 ﬁdes,
2605 4589 2768 4644 quam
2797 4574 3087 4629 ediderunt
3120 4581 3342 4628 centum
3368 4573 3778 4642 quinquaginta

540 4667 604 4719 'H
627 4666 757 4736 ἁγία
791 4665 994 4732 πίστις,
1024 4667 1093 4738 ἡν
1123 4668 1373 4734 ἐξέθεντο
1398 4669 1450 4720 οἱ
1480 4667 1627 4735 ἅγιοι
1656 4667 1852 4721 ἑκατὸν
1899 4666 2085 4736 πεντή-

2197 4667 2406 4733 Patres,
2433 4676 2488 4721 et
2515 4675 2598 4720 est
2647 4681 2880 4720 concors
2935 4672 3140 4720 sanctm
3191 4679 3510 4735 magnaeque
3569 4665 3781 4734 synon

528 4777 693 4812 κοντα
724 4760 968 4830 Πατέρ-ς
1024 4759 1396 4830 συμφωνοῦσα
1443 4763 1510 4830 τῇ
1545 4760 1677 4833 ἁγίᾳ
1735 4761 1829 4812 καὶ
1880 4758 2094 4829 μεγάλῃ

524 4851 726 4920 συνόδῳ
753 4853 819 4920 τῇ
846 4853 904 4905 ἐν
931 4851 1156 4922 Νικαίᾳο
1192 4850 1526 4920 Πιστεύομεν
1553 4852 1633 4913 είς
1680 4852 1775 4904 ἓνα
1806 4851 1940 4905 Θεὸν
1979 4852 2093 4903 Πα-

520 4946 652 5012 τέρα
686 4943 1156 5017 παντοκράτοραοι
1193 4942 1291 4995 καὶ
1312 4943 1380 4997 τὰ
1410 4942 1538 5012 ἑξῆς
1577 4944 1740 5012 μέχρι
1772 4941 1891 5007 τοῦ,
1932 4941 2095 5010 «μέλ-

523 5033 705 5094 λοντος
733 5034 946 5096 αίιῖἰνος.
982 5032 1179 5102 Ἀμήν.
1219 5033 1429 5096 Πάντες
1475 5033 1526 5086 οἱ
1554 5032 1940 5085 εύλαϐἐστατοι
1967 5032 2089 5084 ἐπί-

521 5139 721 5176 σιοποι
748 5122 1003 5193 ἐϐόησαν*
1035 5122 1182 5195 Αὕτη
1211 5124 1430 5178 πάντων
1472 5125 1681 5187 πίστις.
1708 5123 1857 5192 Αῦτη
1909 5123 2095 5188 πίστις

522 5215 626 5266 τῶν
653 5213 1138 5283 όρθοδόξων.οῦτω
1160 5216 1362 5280 πάντες
1388 5215 1774 5285 πιστεύομεν.»
1817 5215 2095 5282 Ἀναγνω·

525 5304 758 5358 σθέντων
793 5306 852 5358 δὲ
881 5306 977 5358 καὶ
1028 5305 1135 5358 τῶν
1169 5306 1444 5375 Κυρίλλου
1490 5306 1815 5370 ἐπιστολῶν,
1869 5307 1919 5358 οἱ
1971 5306 2096 5360 ἐπί-

524 5411 714 5449 σκοποι
792 5397 1067 5466 ἐϐόησανο
1128 5415 1146 5448 ι
1225 5399 1435 5461 Πάντες
1526 5396 1668 5450 οὕτω
1739 5396 2088 5466 πιστεύομεν.

532 5486 590 5538 '0
612 5488 844 5550 πάππας
883 5489 1039 5542 Λέων
1090 5489 1263 5552 οὓτως
1317 5489 1584 5543 πιστεύει.
1664 5489 2092 5558 ὈμοῐωςΛέων

526 5578 616 5630 καὶ
643 5579 972 5643 Ἀνατόλιος.
1022 5578 1112 5640 Ὠς
1146 5580 1439 5650 Κύριλλος,
1469 5578 1613 5632 οὕτω
1671 5581 2028 5649 πιστεύομεν.
2063 5600 2083 5634 ι

537 5669 997 5742 ’Λναγνωσθείσης
1035 5672 1093 5726 δέ
1131 5671 1224 5725 καὶ
1249 5673 1346 5742 τῆς
1390 5673 1680 5742 ἐπιστολῆς
1721 5672 1974 5740 Λέοντος,
2021 5674 2091 5726 τὰ

527 5757 660 5812 αὐτὰ
689 5763 1018 5832 ἐπεϐόησαν.
1062 5762 1341 5828 Ὡσαύτως
1369 5765 1499 5836 περὶ
1521 5763 1726 5818 τούτων
1798 5765 1906 5818 τῶν
1948 5783 2090 5835 συμ-

527 5847 716 5918 6όλων,
747 5853 846 5930 κα).
883 5857 938 5907 ἐν
980 5859 1046 5930 τῇ
1110 5858 1334 5930 πέμπτῃ
1401 5857 1529 5928 ἁγίᾳ
1587 5859 1681 5912 καὶ
1727 5861 2082 5930 οἰκουμενικῇ

2196 4757 2459 4814 Nicmnae:
2484 4756 2769 4813 Credimus
2801 4757 2853 4812 in
2879 4773 3048 4812 unum
3080 4756 3269 4822 Deum,
3293 4756 3507 4812 Patrem
3528 4758 3782 4826 omnipo-

2199 4858 2425 4915 tentem,
2467 4869 2486 4902 ι
2517 4857 2571 4904 et
2603 4848 2808 4919 reliqua
2847 4865 3021 4918 usque
3050 4849 3116 4904 ad
3147 4849 3262 4916 illa,
3305 4867 3324 4902 ι
3357 4848 3525 4904 futuri
3570 4847 3777 4923 saeculi.

2194 4938 2390 4995 Amen.
2420 4938 2622 4996 Omnes
2644 4939 2875 5010 piissimi
2905 4939 3163 5010 Episcopi
3193 4939 3606 4994 clamaverunt:
3647 4936 3776 4990 lizee

2196 5031 2441 5086 omnium
2472 5031 2606 5088 tides
2630 5040 2734 5088 est.
2769 5030 2899 5086 Haec
2953 5013 3109 5086 ﬁdes
3148 5030 3603 5086 ortbodoxorum.
3682 5026 3775 5083 Sic

2197 5141 2390 5182 omnes
2422 5123 2722 5180 credimus.
2754 5142 2773 5176 ι
2819 5122 3084 5179 ιὶεοίιοιίε
3137 5130 3320 5176 autem
3350 5127 3404 5175 et
3429 5117 3616 5189 Cyrilli
3657 5119 3776 5187 θρῖα
3857 5122 3861 5126 ’

2195 5206 2638 5286 stolis,episcopi
2669 5215 2978 5274 clamarunt
3008 5229 3023 5266 :
3060 5231 3078 5264 ί
3122 5211 3214 5266 Sic
3249 5223 3442 5265 omnes
3472 5207 3777 5270 credimus.

2193 5307 2303 5363 Leo
2332 5306 2476 5378 Papa
2508 5307 2588 5362 sic
2622 5307 2816 5362 credit.
2854 5303 3117 5359 Similiter
3133 5301 3241 5359 Leo
3265 5308 3319 5354 et
3362 5298 3668 5354 Anatolius.
3694 5297 3784 5371 Uti

2193 5401 2450 5474 Cyrillus,
2481 5402 2556 5456 ita
2608 5400 2904 5455 credimus.
2953 5416 2974 5450 ι
3014 5395 3180 5450 Lecta
3227 5394 3356 5447 item
3407 5390 3608 5446 Leonis
3656 5390 3781 5461 epi-

2197 5495 2359 5559 stola,
2378 5493 2565 5548 eadem
2598 5493 2997 5546 clamaverunl.
3019 5487 3221 5544 Eodem
3254 5497 3470 5554 quoque
3488 5483 3651 5536 modo
3667 5484 3782 5541 Iuro

2199 5585 2456 5655 Symbola
2473 5591 2527 5639 et
2561 5584 2614 5636 in
2647 5589 2836 5640 sancta
2869 5581 3058 5650 quinta
3087 5587 3136 5632 et
3169 5574 3506 5632 ceeumenica
3541 5572 3779 5645 synodo,

2201 5677 2351 5731 nullo
2373 5676 2682 5738 immutate,
2715 5672 2847 5727 etin
2888 5678 3082 5725 octavo
3149 5677 3297 5723 tomo
3353 5675 3558 5720 sancta:
3611 5674 3779 5721 sexta

2195 5766 2410 5838 synodi,
2449 5765 2661 5821 actione
2687 5763 2895 5818 decima
2929 5761 3158 5832 septima
3181 5776 3290 5815 non
3318 5759 3424 5814 alia
3451 5759 3662 5813 ratione
3685 5758 3772 5812 di-

2195 5861 2310 5918 visa
2343 5858 2605 5942 reperies.
2637 5855 2881 5928 Namque
2906 5853 3170 5914 scribitur
3202 5871 3216 5911 :
3254 5872 3271 5915 ι
3307 5851 3592 5925 Expositio
3644 5850 3772 5914 ﬁdei
