4102 6484
304 454 409 527 223
968 456 989 475 ’
1244 457 1637 521 cassonu
1668 461 1972 523 manus
2014 459 2125 523 cr.
2168 462 2689 528 PATRIARCHM
3464 426 3573 530 set

303 587 523 635 centum
562 579 752 635 decem
791 589 847 636 et
880 588 1008 637 octo
1050 579 1399 636 Nicamorum
1450 588 1765 637 sanctorum
1829 590 1884 637 et

2003 586 2195 657 τυνόδῳ
2257 587 2718 658 ἀπαραλλάκτως,
2795 588 2890 641 καὶ
2939 587 2998 641 ἑν
3048 584 3127 656 τῷ
3182 585 3355 656 ὀγδόῳ
3406 586 3573 658 Τόμῳ

306 674 587 727 beatorum
608 671 863 728 Patrum:
881 673 1176 732 Credimus
1199 674 1254 728 in
1285 689 1456 729 unum
1482 673 1650 729 Deum
1674 672 1891 728 Patrem

2003 674 2090 738 τῆς
2122 676 2281 744 ἁγίας
2308 677 2473 748 ἕκτης
2504 677 2726 731 συνόδου
2761 679 2819 730 ἑν
2837 677 3042 748 Πράξει
3104 676 3569 747 ἑπτακαιδεκάτῃ,

304 764 772 831 n~nnipotentcmz
818 779 836 813 ι
880 772 1051 818 ιοιυιη
1113 762 1418 826 Nic-armum,
1450 763 1609 831 cujus
1669 764 1723 817 in
1787 766 1892 818 line

2003 766 2248 836 εὑρήσεις
2273 766 2417 820 οὕτω
2445 768 2513 821 τὰ
2548 767 2800 835 σύμϐολα
2838 768 3168 840 διῃρημένα.
3223 767 3366 837 Φησὶ
3426 767 3561 836 γάρ’

306 854 602 909 subditur:
648 873 668 907 ι
701 854 986 925 Expositio
1036 854 1160 910 ﬁdei
1210 862 1432 910 centum
1492 852 1893 925 quinquaginta

2003 878 2014 912 l
2045 860 2300 923 Ἕκθεσις
2326 859 2561 923 πίστεως
2588 861 2696 913 τῶν
2718 861 2775 913 ἑν
2798 860 3007 930 Νικαίᾳ
3066 866 3175 927 τιη⁹
3229 860 3410 927 ἁγίων
3460 859 3556 910 καὶ

304 945 1041 1017 (ἶοιιειειιιὶηοροιὶιιιηοτυιη
1070 947 1352 1002 beatorum
1378 945 1662 1001 Patrum.»
1694 946 1892 1002 Vides-

2003 951 2286 1019 μακαρίων
2316 952 2599 1022 Πατέρων·
2644 952 2988 1020 Πιστεύομεν
3010 952 3092 1014 είς
3129 951 3229 1003 ἕνα
3285 949 3423 1003 Θεὸν
3458 950 3573 1003 [Ia-

304 1052 375 1092 ne
406 1038 705 1105 separatim
725 1039 1128 1109 sejunctimque
1162 1040 1276 1094 hmc
1311 1053 1468 1093 sacra
1515 1037 1774 1109 Symbola
1804 1038 1891 1093 di-

2003 1044 2130 1113 τέρα
2163 1045 2582 1114 παντοκράτορα
2606 1059 2622 1075 ’
2655 1061 2675 1095 ι
2707 1042 2769 1096 τὸ
2806 1043 2928 1095 ὅλον
2956 1041 3018 1096 τὸ
3070 1042 3129 1094 ἑν
3189 1040 3418 1111 Νικαίᾳ,
3479 1040 3574 1093 καὶ

306 1131 443 1200 geri,
464 1138 519 1186 et
549 1145 659 1184 non
680 1140 740 1186 ut
774 1131 1046 1200 Ephesius
1103 1131 1492 1192 contendebat.
1525 1148 1544 1181 ι
1581 1128 1752 1185 Unam
1790 1129 1893 1184 do-

2003 1135 2139 1205 μετὰ
2171 1136 2234 1189 τὸ
2273 1136 2429 1199 τέλος
2473 1134 2670 1189 τούτου
2718 1134 2915 1205 φησίν·
2972 1152 2993 1187 t
3020 1132 3279 1196 Ἐκθεσις
3336 1131 3575 1194 πίστεως

305 1224 541 1276 ctrinam
572 1221 772 1277 fecisse
805 1221 1018 1287 Patres,
1056 1223 1110 1278 in
1150 1239 1318 1278 unum
1380 1222 1491 1277 illis
1526 1222 1716 1287 unitis,
1752 1220 1896 1276 sicut

2003 1226 2104 1280 τῶν
2146 1228 2205 1280 ἐν
2231 1227 2811 1295 Κωνσταντινουπόλει
2843 1225 3041 1279 ἑκατδν
3072 1225 3417 1294 πεντήκοντα
3468 1240 3573 1294 μα-

310 1329 489 1369 rerum
509 1315 700 1369 harum
733 1315 923 1370 insciis
949 1316 1267 1371 videbatur?
1288 1315 1350 1370 Et
1371 1314 1593 1369 divinus
1618 1312 1852 1384 Cyrillus
1877 1327 1892 1366 :

2003 1318 2205 1387 καιρίων
2235 1316 2522 1387 Πατέρων.
2558 1333 2579 1367 »η
2628 1315 2796 1386 Ὁρᾷς
2844 1315 2928 1368 ὅτι
2958 1313 3063 1368 ἁνά
3089 1314 3252 1382 μέρος
3283 1312 3470 1381 έχουσι
3504 1312 3574 1365 τὰ

313 1426 332 1458 ι
357 1406 474 1462 Non
502 1408 868 1479 permittimus
890 1422 1068 1478 neque
1088 1409 1416 1477 nobisipsis,
1438 1419 1615 1475 neque
1632 1404 1778 1468 aliis,
1798 1411 1894 1457 aut

2003 1408 2122 1478 ίερὰ
2156 1407 2424 1478 συμϐολα,
2450 1408 2545 1461 καὶ
2573 1406 2675 1475 οὐχ
2696 1406 2772 1469 ὡς
2794 1408 2822 1460 ό
2865 1405 3097 1475 Ἐφέσου
3142 1404 3365 1472 ἔλεγεν,
3398 1404 3481 1457 ὅτι
3510 1403 3570 1455 ἓν

309 1501 604 1559 dictionem
631 1502 786 1559 exiis
831 1519 954 1574 que
980 1505 1035 1559 in
1060 1518 1125 1558 eo
1148 1503 1443 1568 habentur,
1468 1503 1779 1561 inunutare,
1800 1507 1895 1552 aut

2003 1496 2232 1566 μάθημα
2285 1496 2554 1562 ἐποίησαν
2599 1494 2651 1547 oi
2708 1495 2977 1565 Πατέρες,
3024 1492 3324 1555 ἑνώσαντες
3374 1493 3573 1558 ταῦτα,

309 1608 473 1648 unam
495 1594 683 1649 saltem
702 1594 963 1666 syllabam
1005 1602 1381 1666 praevertere,»
1405 1595 1665 1649 adversus
1681 1605 1777 1646 eos
1795 1590 1888 1659 qui

2003 1588 2133 1657 ὅπερ
2153 1587 2265 1648 τοῖς
2290 1585 2576 1654 ἀγνοοῦσιν
2603 1586 2799 1640 ἐδόκει.
2829 1586 2938 1640 Καὶ
2964 1586 2992 1639 ὀ
3021 1585 3163 1647 θεῖος
3200 1585 3257 1638 δὲ
3308 1584 3575 1653 Κύριλλος

309 1700 527 1756 semper
551 1686 839 1743 bomousio
874 1687 1326 1749 adversabantur.
1351 1686 1652 1756 eloquitur.

2003 1678 2082 1742 τὸ,
2129 1693 2149 1728 t
2179 1675 2297 1731 Οὐκ
2331 1675 2702 1754 ἐπιτρέπομεν
2757 1676 2998 1741 ἑαυτοῖς,
3050 1677 3085 1747 ἢ
3127 1674 3361 1745 ἑτέροις,
3421 1674 3454 1742 ἢ
3488 1673 3577 1726 λέ-

311 1782 392 1844 ξιν
423 1782 654 1852 ἀμεῖψαι
684 1781 795 1834 τῶν
824 1782 1167 1849 ἐγκειμένων
1215 1782 1423 1847 ἑκεῖσε,
1487 1779 1523 1851 ἢ
1561 1779 1692 1850 μίαν
1744 1774 1878 1844 γοῦν
1914 1769 2238 1842 παραϐῆναι
2268 1769 2569 1840 συλλαϐὴν,
2603 1788 2621 1821 ι
2689 1768 2830 1841 πρὸς
2895 1771 3023 1833 τοὺς
3087 1769 3425 1840 μαχομένους
3489 1769 3577 1823 ἀεὶ

309 1872 386 1942 τῷ
414 1872 685 1943 ὁμοσυσίῳ
701 1872 864 1928 τοῦτό
892 1890 1082 1945 φησιν,

382 1966 472 2021 12.
504 1966 570 2020 Ει
602 1984 714 2021 rem
740 1969 813 2023 ita
851 1982 911 2025 se
977 1969 1198 2031 habere.
1262 1976 1428 2038 atque
1490 1966 1559 2023 de
1592 1965 1880 2022 lmmousio

2062 1956 2153 2027 ιβ’.
2189 1956 2312 2011 Ὀτι
2346 1954 2404 2009 δὲ
2435 1955 2612 2019 οὕτως
2658 1954 2797 2026 εχει,
2829 1952 2905 2018 ὡς
2951 1952 3080 2024 περὶ
3148 1950 3244 2005 τοῦ
3286 1949 3577 2022 ὀμοουσίου

311 2072 615 2113 sermonem
645 2073 768 2114 esse
796 2067 850 2114 et
872 2060 963 2113 alii
1016 2058 1237 2128 quidem
1293 2057 1682 2129 quamplurimi
1737 2072 1888 2113 asse—

309 2157 502 2204 verant
532 2168 548 2217 ;
580 2151 674 2205 sed
702 2152 768 2205 ad
802 2152 853 2206 id
880 2151 1249 2207 roboraudum
1280 2152 1418 2206 satis
1449 2167 1722 2221 superque
1752 2149 1887 2206 mihi

312 2242 512 2297 fuerint
549 2250 604 2297 et
629 2241 861 2298 Basilius
891 2253 945 2298 et
978 2241 1268 2307 Maximus,
1317 2236 1577 2298 Ecclesia:
1606 2243 1809 2297 lumina
1836 2249 1892 2295 ct

310 2334 585 2388 doctores.
645 2332 740 2387 Ille
807 2335 976 2398 enim,
1006 2334 1071 2388 ad
1131 2332 1509 2401 Patrophilum
1570 2334 1888 2402 episcopum

311 2418 585 2487 cpistola,
651 2421 809 2490 cujus
864 2421 1189 2491 principium
1224 2462 1241 2488 ,
1306 2422 1429 2494 Legi
1482 2422 1688 2477 litteras
1744 2430 1890 2486 tuas,

317 2518 437 2574 post
474 2508 643 2563 multa
677 2528 690 2562 :
725 2529 743 2562 ι
789 2510 856 2565 Ut
885 2526 1008 2579 quae
1039 2512 1244 2567 interea
1279 2514 1539 2583 temporis
1579 2522 1727 2582 gesta
1762 2518 1894 2567 sunt

314 2602 382 2653 ab
410 2600 539 2661 illis.
572 2603 845 2667 omittam,
887 2604 1102 2674 quoties
1136 2603 1296 2659 tidem
1345 2606 1667 2674 exponendo
1727 2620 1895 2661 nova-

315 2694 484 2746 runt?
528 2694 755 2761 Ancyrae
811 2694 1082 2750 dederunt
1138 2695 1323 2758 aliam,
1388 2695 1651 2752 Seleucia:
1708 2697 1893 2763 aliam,

315 2783 474 2837 aliam
514 2783 986 2857 Constantinopoli
1022 2786 1355 2858 divulgatain
1397 2788 1544 2842 illam
1573 2828 1589 2852 ,
1623 2795 1677 2843 et
1720 2770 1894 2844 aliam

317 2874 603 2944 Lampsaci
639 2892 654 2937 ;
698 2886 887 2946 postea
918 2886 971 2931 et
1002 2893 1163 2948 quam
1196 2879 1467 2934 dederunt
1509 2877 1654 2934 Nica:
1720 2877 1897 2932 Thra-

316 2965 435 3030 εἰςιν,
468 2976 523 3017 et
548 2966 662 3033 jam
694 2982 842 3021 nunc
863 2981 1052 3022 rursus
1077 2968 1239 3022 aliam
1268 2969 1475 3039 Cyzici,
1503 2970 1570 3024 de
1603 2983 1710 3035 qua
1739 2977 1796 3026 et
1850 2970 1896 3024 si

319 3055 526 3123 reliqua
578 3057 792 3125 ignoro,
853 3058 957 3113 hoc
1018 3067 1202 3114 tamen
1262 3059 1450 3125 audio,
1480 3060 1625 3129 quod
1676 3060 1899 3116 silentio

317 3146 521 3200 omissa
570 3148 1053 3205 consubstantialis
1108 3150 1507 3217 confesssione,
1541 3151 1601 3204 τὸ
1659 3151 1899 3205 κατόΰ-

321 3236 444 3287 σίαν
473 3235 683 3304 ὅμοιον,
741 3238 1045 3293 secundum
1101 3241 1396 3295 essentiam
1462 3256 1659 3312 nempe
1698 3241 1897 3309 simile,

1989 2049 2164 2117 λέγει,
2210 2049 2305 2103 καὶ
2351 2047 2502 2103 ἄλλοι
2562 2049 2662 2117 μὲν
2729 2047 2918 2100 πολλοὶ
2976 2044 3135 2099 τοῦτο
3191 2042 3572 2111 διασαφοῦσινο

1990 2141 2108 2197 ἀλλ’
2142 2142 2307 2221 ἀρκεῖ
2338 2158 2431 2207 μοι
2453 2140 2534 2202 είς
2563 2138 2663 2211 τὴν
2699 2138 2896 2193 τούτου
2969 2138 3265 2210 βεϐαίωσιν
3296 2134 3576 2198 Βασίλειος

1993 2236 2086 2288 καὶ
2122 2233 2396 2304 Μάξιμος,
2419 2233 2470 2286 οἱ
2494 2234 2593 2303 τῆς
2635 2232 2968 2301 Ἐκκλησίας
3020 2232 3310 2300 φωστῆρες
3364 2229 3462 2282 καὶ
3496 2227 3577 2280 δι-

1962 2325 2269 2389 δάσκαλοι.
2318 2326 2379 2377 ὐ
2409 2324 2508 2394 μὲν
2539 2324 2648 2393 γὰρ
2673 2325 2731 2376 ἑν
2759 2324 2824 2393 τῇ
2885 2324 3024 2393 πρδς
3082 2320 3426 2389 Πατρόφιλον
3481 2320 3578 2372 τὸν

1993 2417 2294 2470 ἐπίσκοπον
2345 2413 2604 2485 ἐπιστολῇ
2676 2413 2866 2479 αὐτοῦ,
2921 2409 2988 2486 ἧς
3058 2415 3090 2483 ἠ
3157 2413 3320 2483 ἀρχὴ,
3365 2411 3579 2465 Ἐνέτυ-

1994 2510 2088 2581 χόν
2138 2526 2233 2563 σου
2275 2511 2387 2571 τοῖς
2418 2509 2732 2579 γράμμασι,
2778 2510 2914 2577 μετά
2963 2507 3135 2561 πολλά
3169 2523 3369 2577 φησιν·
3421 2505 3581 2559 «Ἵνα

1994 2604 2064 2656 τὰ
2113 2603 2173 2656 ὲν
2207 2603 2360 2672 μέσῳ
2415 2599 2763 2669 παραλείπω,
2825 2602 2962 2661 ὅσας
3019 2598 3265 2665 ἐξέθεντο
3313 2598 3573 2663 πίστεις;

1999 2695 2087 2748 ἐπ’
2127 2696 2414 2763 Ἀγκύρας
2439 2691 2630 2763 ἀλλην,
2650 2692 2847 2762 ἑτέραν
2889 2694 2946 2743 ἑν
2993 2687 3579 2745 Κωνσταντινουπόλει

1998 2787 2098 2856 τὴν
2148 2786 2619 2855 πολυθρύλλητον,
2684 2784 2742 2835 ἑν
2798 2782 3087 2851 Λαμψάκῳ
3156 2780 3374 2849 ἑτέραν,
3437 2778 3581 2847 μετὰ

1999 2876 2171 2932 ταῦτα
2196 2879 2295 2948 τὴν
2317 2878 2375 2930 ὲν
2403 2877 2549 2947 Νίκῃ
2570 2875 2674 2946 τῆς
2702 2875 2953 2946 Θρᾴκης,
3009 2872 3105 2925 νῦν
3149 2872 3316 2947 πάλιν
3371 2870 3472 2943 τὴν
3522 2872 3581 2923 ἑν

2000 2971 2248 3041 Κυζίκῳ,
2310 2966 2377 3043 ἦς
2412 2970 2583 3026 τᾶλλα
2646 2970 2744 3039 μὲν
2788 2969 2892 3021 οὐκ
2949 2965 3274 3035 ἐπίσταμαι,
3318 2960 3489 3019 τοῦτο
3521 2962 3580 3017 δὲ
3660 3023 3683 3044 υ

2002 3065 2213 3128 ἀκούω,
2244 3065 2329 3117 ὅτι
2367 3062 2431 3116 τὺ
2461 3059 2755 3132 ὁμοούσιον
2808 3058 3308 3126 κατασιγάσαντες,
3362 3057 3423 3110 τδ
3456 3056 3582 3110 κατ’

2002 3151 2193 3211 οὐσίαν
2215 3152 2401 3222 ὅμοιον
2432 3153 2810 3223 ἐπιφέρουσιν.
2856 3170 2875 3202 ι
2921 3150 2985 3204 Ὀ
3008 3150 3065 3203 δὲ
3120 3149 3269 3212 θεῖος
3333 3148 3582 3212 Μάξιμος

2001 3245 2127 3299 τάδε
2149 3243 2338 3314 φησίν·
2362 3244 2459 3298 «Et
2477 3243 2574 3306 τὰς
2593 3242 2893 3313 γενομένας
2913 3241 3167 3303 συνόδους
3205 3243 3260 3293 αί
3300 3239 3584 3300 κελεύσεις

248 3374 251 3377 .
315 3326 429 3396 jam
454 3327 868 3385 circumferunt.
913 3348 932 3382 ι
986 3329 1215 3387 Divinus
1245 3347 1463 3403 quoque
1499 3308 1898 3391 lilaitimushec

2003 3337 2111 3390 τῶν
2130 3308 2399 3407 βασιλέων
2443 3308 2737 3406 κυροθσιν,
2753 3333 2873 3386 ἀλλ’
2889 3330 3257 3403 οὐχὶξεύσεϐὴς
3277 3330 3481 3394 πίστις,
3499 3320 3584 3383 δέ⁸

321 3421 529 3474 habet:
569 3438 588 3472 ι
631 3422 687 3475 Si
725 3422 900 3478 factas
925 3424 1169 3496 synodos
1194 3425 1588 3496 imperatorum
1636 3429 1897 3486 mandata

321 3512 652 3568 conﬁrmant
697 3522 753 3568 et
805 3530 913 3570 non
949 3516 1036 3587 pia
1086 3518 1241 3583 lides,
1301 3522 1660 3590 acceptahunt
1711 3523 1900 3593 utique

321 3603 589 3659 adversus
656 3604 983 3662 homousion
1039 3609 1344 3666 celebratas
1388 3611 1650 3682 synodos,
1681 3615 1900 3683 quando

317 3695 430 3764 jam
465 3695 570 3750 illa:
618 3697 874 3767 jussihus
947 3700 1350 3770 imperatorum
1407 3705 1695 3761 celebrata:
1748 3716 1897 3772 sunt,

325 3803 518 3858 nempe
546 3790 773 3859 primam
797 3790 949 3863 Tyri,
982 3796 1280 3849 secundam
1307 3798 1633 3863 Antiochiae,
1678 3798 1897 3865 tertiam

326 3879 604 3948 Seleuciae,
639 3890 891 3953 quartam
960 3885 1203 3957 Byzantii
1256 3889 1356 3943 sub
1402 3890 1615 3945 Adoxio
1673 3890 1897 3957 Ariano,

324 3974 571 4041 quintam
598 3974 743 4032 Nicaa
767 3977 821 4032 in
843 3977 1096 4046 Thracia,
1128 3991 1335 4036 sextam
1367 3980 1552 4038 Sirmii
1584 4000 1598 4037 :
1629 3991 1683 4040 et
1705 3995 1903 4054 prmter

327 4069 423 4120 has
446 4064 649 4122 multos
673 4077 991 4137 postannos
1014 4071 1302 4140 septimam
1347 4071 1550 4145 Ephesi
1596 4075 1899 4131 secundum

324 4159 696 4218 eoactam,cui
730 4157 1025 4217 Dioscorus
1050 4172 1301 4230 praeerat.
1352 4183 1372 4217 ι
1410 4162 1621 4235 Quibus
1647 4175 1899 4238 apertum

327 4257 572 4301 remanet
626 4249 899 4307 homousii
934 4253 1107 4323 gratia
1146 4269 1456 4313 sermonem
1505 4258 1579 4312 ita
1631 4259 1900 4327 digestum

326 4334 516 4391 fuisse.
546 4335 952 4411 Proptereaque
1008 4352 1064 4398 et
1113 4346 1450 4404 Athanasius
1483 4357 1537 4405 et
1570 4342 1801 4408 Basilius
1847 4358 1904 4406 et

298 4427 583 4499 ‘Cyrillus,
671 4430 931 4489 Ecclesiae
994 4435 1309 4494 ﬁrmissima
1374 4439 1758 4509 fundamenta,
1800 4442 1904 4498 hoc

327 4521 546 4588 preprie
579 4521 650 4576 ab
671 4523 788 4591 ipsa
817 4525 994 4593 prima
1036 4539 1225 4582 sancta
1287 4532 1502 4600 synodo
1547 4532 1902 4600 conﬁtentur,

330 4608 418 4664 hic
446 4611 692 4679 quidem,
725 4614 869 4681 quod
903 4622 959 4669 et
985 4630 1278 4672 assensum
1305 4620 1622 4690 prrebuerit,
1649 4623 1726 4678 illi
1755 4626 1900 4694 quod

2019 4608 2079 4674 ⁸0
2111 4620 2211 4691 μὲν
2245 4619 2390 4684 θεῖος
2426 4618 2708 4684 Βασίλειός
2739 4633 2898 4690 φησιο
2952 4638 2972 4672 ι
3011 4619 3202 4673 Πίστιν
3241 4620 3407 4690 ἡμεῖς
3455 4615 3582 4671 οὔτε
3614 4632 3621 4643 ί

328 4701 663 4771 exceperint.
699 4701 869 4760 Divus
924 4715 1104 4761 autem
1165 4707 1400 4766 Basilius
1445 4711 1614 4767 dicit:
1660 4732 1679 4766 ι
1717 4714 1902 4771 Fidem

334 4806 432 4847 nos
451 4807 628 4862 neque
651 4795 1015 4852 recentiorem
1046 4798 1117 4855 ab
1170 4801 1293 4856 aliis
1346 4803 1717 4875 conscriptam
1762 4806 1907 4863 acci-

330 4882 536 4951 pimus,
562 4899 741 4956 neque
789 4886 892 4958 ipsi
927 4898 1130 4945 nostra?
1185 4893 1384 4951 mentis
1431 4893 1598 4951 foetus
1648 4896 1774 4953 aliis
1807 4898 1906 4954 ob-

333 4974 552 5032 trudere
602 4978 906 5049 audemus,
960 4997 1030 5037 ne
1089 4982 1326 5039 humana
1384 4985 1650 5043 faciamus
1691 4989 1905 5058 pietatis

336 5068 555 5135 verba,»
598 5076 708 5126 etc.
742 5070 982 5127 Sanctus
1032 5073 1413 5132 Athanasius:
1454 5095 1473 5130 ι
1510 5077 1654 5133 Nihil
1711 5088 1907 5149 prater

332 5172 421 5221 ca,
455 5174 577 5227 quae
614 5158 808 5217 Nicaea:
848 5162 1066 5220 decreta
1091 5176 1242 5233 sunt,
1303 5184 1574 5238 promere.
1621 5168 1688 5224 Et
1723 5170 1909 5225 Sardi-

334 5261 555 5303 censem
590 5252 884 5321 synodum,
930 5268 1074 5326 aegre
1134 5256 1347 5321 tulisse,
1381 5258 1782 5330 ordinasseque
1839 5275 1908 5316 nc

333 5339 463 5405 quid
492 5340 547 5393 in
570 5354 849 5410 posterum
884 5346 951 5401 de
986 5347 1092 5401 lide
1136 5349 1493 5416 scriberetur,
1544 5350 1638 5405 sed
1690 5352 1910 5420 acquie-

335 5440 550 5483 scerent
575 5430 696 5487 fidei
725 5447 755 5486 a
783 5433 1040 5492 Patribus
1072 5436 1267 5493 Nicaea:
1305 5440 1539 5505 traditaa,
1582 5441 1728 5509 quod
1759 5441 1810 5494 in
1847 5456 1908 5495 ea

336 5520 471 5574 nihil
492 5521 770 5590 deﬁceret,
805 5526 898 5582 sed
927 5529 1085 5598 plena
1117 5541 1262 5586 esset
1285 5533 1524 5600 pictatis.
1566 5552 1584 5584 ι
1616 5533 1852 5603 Cyrillus
1889 5550 1905 5587 :

341 5626 360 5658 ι
412 5607 529 5664 Non
573 5616 938 5680 permittimus
997 5618 1432 5689 nobismetipsis,
1486 5630 1581 5677 aut
1627 5623 1771 5686 aliis,
1818 5636 1912 5678 aut

338 5699 631 5757 dictionem
669 5721 732 5759 ex
775 5706 841 5762 iis
870 5723 990 5777 qua:
1020 5708 1094 5764 ibi
1142 5721 1292 5777 sunt,
1317 5712 1629 5778 immutare,
1687 5723 1782 5767 aut
1824 5717 1906 5769 vel

341 5805 501 5844 unam
528 5794 791 5862 syllabam
826 5807 1170 5868 praevertere.
1210 5820 1228 5852 ι
1263 5802 1440 5867 Adde,
1474 5804 1643 5873 quiin
1677 5804 1910 5874 JEgypto

336 5892 396 5937 et
424 5883 476 5937 in
507 5882 674 5954 Libya
703 5898 880 5956 erant,
910 5893 1204 5960 nonaginta
1239 5894 1623 5963 episcoporum
1656 5906 1708 5951 et
1767 5898 1906 5951 beati

2003 3422 2171 3494 ξαιντ⁹
2186 3427 2252 3482 ἂν
2268 3426 2525 3491 τὰς’κατὰ
2542 3424 2636 3481 τοῦ
2651 3416 2940 3495 δμοουσίου
2959 3424 3258 3495 γενομένας
3303 3423 3580 3486 συνόδους,

2000 3518 2189 3589 ἐπειδὴ
2202 3518 2534 3587 κελεύσμασι
2554 3516 2818 3586 βασιλέων
2835 3515 3118 3585 γεγόνασιο
3140 3515 3285 3583 φημί
3304 3513 3369 3583 δὴ
3397 3513 3494 3584 τὴν
3514 3513 3574 3564 ἑν

2001 3612 2164 3682 Τύρῳ
2190 3602 2437 3681 πρώτην,
2458 3609 2719 3680 δευτέραν
2737 3610 2834 3679 τὴν
2869 3610 2927 3662 ἑν
2942 3604 3582 3678 ’Δντιοχείᾳπρίτηνλτὴν

2003 3705 2060 3757 ἑν
2085 3702 2403 3773 Σελευκείᾳ,
2446 3701 2722 3771 τετάρτην
2767 3701 2866 3768 τὴν
2908 3702 2967 3752 ἑν
3002 3697 3580 3753 Κωνσταντινουπόλει

2002 3799 2094 3852 ἑπῖ
2123 3798 2357 3862 Ἀδοξίου
2384 3796 2479 3850 τοῦ
2505 3796 2810 3867 Ἀρειανοῦ,
2829 3795 3092 3867 πέμπτην
3120 3794 3219 3866 τὴν
3235 3795 3460 3866 ἐν’Νίκῃ
3476 3793 3578 3862 τῆς

2003 3890 2248 3963 Θρᾴκης,
2281 3889 2452 3959 ἑκτην
2484 3888 2584 3958 τὴν
2639 3889 2698 3940 ἑν
2728 3888 2804 3957 τῷ
2831 3887 3064 3958 Σιρμίῳ,
3115 3887 3210 3940 καὶ
3262 3885 3402 3954 μετά
3454 3886 3578 3939 ταύ-

2002 3998 2103 4045 τας
2133 3980 2353 4042 πολλοῖς
2389 3979 2621 4051 ὕστερον
2646 3980 2881 4049 χρόνοις,
2917 3978 3159 4048 ἑϐδόμην
3183 3978 3282 4046 τὴν
3319 3979 3378 4030 ἐν
3422 3974 3583 4043 Ἐφέ-

2008 4089 2088 4143 σῳ
2151 4072 2214 4125 τὸ
2273 4071 2553 4141 δεύτερον,
2605 4065 2673 4141 ἦς
2752 4068 2948 4141 ἐξῆρχε
2998 4070 3356 4139 Διόσκορος.»
3420 4067 3589 4123 Ὅθεν

2007 4161 2241 4231 φανερόν
2290 4161 2575 4224 ὲστιν,ὄτι
2632 4159 2728 4214 τοῦ
2776 4161 3069 4230 ὁμοουσίου
3118 4162 3279 4231 χάριν
3324 4161 3353 4213 ὁ
3398 4159 3579 4228 λόγος.

2006 4256 2106 4307 Διὰ
2156 4252 2317 4307 τοῦτο
2344 4253 2441 4305 καὶ
2461 4251 2808 4320 ’Δθανάσιος,
2844 4254 2942 4306 καὶ
2969 4254 3304 4318 Βασίλειος,
3335 4253 3432 4306 καὶ
3468 4251 3583 4304 Κύ-

2010 4343 2210 4416 ριλλος,
2246 4345 2294 4398 si
2323 4347 2423 4413 τῆς
2492 4343 2828 4411 Ἐκκλησίας
2886 4344 3155 4415 ἀρῤαγεῖς
3200 4343 3472 4414 θεμέλιοι,
3501 4369 3505 4374 -
3532 4343 3581 4395 oi

2005 4435 2163 4490 τοῦτο
2192 4437 2399 4503 κυρίως
2431 4433 2826 4505 ὁμολογοῦντες
2853 4435 2963 4489 ἀπὸ
3017 4435 3119 4506 τῆς
3163 4435 3392 4506 πρώτης
3416 4433 3583 4503 ἁγίας

2010 4528 2250 4592 συνόδου,
2292 4530 2322 4588 ὁ
2354 4527 2455 4597 μὲν
2485 4523 2582 4585 καὶ
2636 4527 2873 4595 συνθεὶς,
2904 4528 2952 4581 oi
2974 4526 3032 4581 δὲ
3064 4528 3161 4582 καὶ
3182 4526 3578 4598 διαδεξάμενοι.

2006 4712 2136 4782 παρ’
2174 4700 2336 4767 ἄλλον
2361 4710 2726 4782 γραφομένην
2762 4713 2897 4781 ἡμῖν
2956 4710 3233 4780 νεωτέραν
3274 4708 3586 4781 παραδεχό-

2010 4804 2173 4875 μεθα,
2197 4802 2322 4855 οὔτε
2348 4803 2502 4856 αὐτοὶ
2527 4801 2595 4856 τὰ
2622 4802 2724 4872 τῆς
2777 4802 3056 4872 ἡμετέρας
3108 4800 3345 4863 διανοίας
3387 4802 3585 4868 γεννή-

2012 4911 2162 4966 ματα
2195 4892 2553 4964 παραδιδόναι
2616 4892 2933 4963 τολμῶμεν,
2975 4893 3067 4945 ἵνα
3124 4891 3200 4961 μὴ
3261 4887 3584 4960 ἀνθρώπινα

2007 4989 2328 5056 ποιήσωμεν
2368 4988 2439 5040 τὰ
2493 4985 2596 5056 τῆς
2655 4985 2942 5049 εὐσεϐείας
2993 4984 3242 5055 ῥήματαο
3307 5000 3327 5033 ι
3362 4982 3460 5034 καὶ
3515 4981 3585 5034 τὰ

2009 5078 2160 5147 ἑξῆς.
2197 5079 2259 5131 '0
2285 5077 2341 5130 δὲ
2371 5076 2525 5143 διγιος
2554 5075 2896 5142 Ἀθανάσιος,
2927 5075 3143 5143 ιΜηδὲν
3173 5073 3337 5126 πλέον
3385 5071 3497 5125 τῶν
3525 5071 3585 5123 ὲν

2007 5168 2217 5238 Νικαίᾳ
2257 5165 2685 5238 προϐάλλεσθαι,
2726 5169 2823 5220 καὶ
2862 5167 2945 5219 ὅτι
2985 5166 3019 5235 ἡ
3058 5165 3117 5217 ἂν
3136 5163 3375 5232 Σαρδικῇ
3413 5163 3586 5231 ἠγαν-

2008 5259 2362 5330 άκτησε,καὶ
2424 5258 2625 5328 ὥρισεν
2663 5258 2748 5311 ὅτι
2787 5257 2955 5327 μηδὲν
3012 5256 3094 5309 ἔτι
3158 5254 3295 5324 περὶ
3350 5253 3583 5313 πίστεως

2009 5351 2343 5422 γράφεσθαι,
2373 5350 2488 5404 ἀλλ’
2518 5349 2809 5420 ἀρκεῖσθαι
2830 5351 2896 5419 τῇ
2922 5350 2980 5401 ἑν
3025 5347 3233 5418 Νικαίᾳ
3282 5344 3436 5416 ποιρά
3477 5344 3587 5397 τῶν

2012 5441 2276 5508 Πατέρων
2307 5439 2714 5511 όμολογηθείσῃ
2747 5439 2949 5502 πίστει,
2998 5437 3088 5491 διὰ
3116 5439 3180 5491 τδ
3243 5436 3413 5506 μηδὲν
3445 5434 3584 5503 αὐτῇ

2012 5534 2305 5599 ἐλλείπειν,
2350 5531 2488 5585 ἀλλὰ
2552 5533 2736 5600 πλήρη
2793 5531 3076 5592 εὐσεϐείας
3137 5524 3335 5583 εἶναι.»
3393 5529 3507 5581 Καὶ
3560 5529 3590 5581 ὁ

2012 5622 2283 5694 Κύριλλος
2304 5622 2361 5674 δέ
2391 5639 2579 5692 φησιν’
2644 5641 2664 5675 ι
2699 5625 2814 5676 υὺκ
2848 5621 3228 5691 ἐπιτρέπομεν
3289 5621 3507 5683 ἑαυτοῖς
3551 5619 3585 5689 ἢ

2014 5717 2246 5786 ἑτέροις,
2277 5716 2311 5788 ἢ
2346 5718 2490 5782 λέξιν
2521 5717 2754 5786 ἀμεῖψαι
2776 5717 2887 5770 τῶν
2938 5716 3282 5784 ἐγκειμένων
3321 5714 3525 5775 ἐκεῖσε,
3557 5711 3587 5780 ἦ

2018 5807 2145 5876 μίαν
2176 5805 2308 5874 γοῦν
2363 5808 2680 5878 παραϐῆναι
2735 5807 3034 5875 συλλαϐήν.
3068 5824 3086 5857 ι
3148 5806 3267 5867 Ἔτι
3312 5802 3421 5861 τῶν
3468 5801 3590 5856 κατ’

2016 5898 2290 5966 Αἴγυπτον
2318 5900 2408 5960 καὶ
2444 5899 2652 5971 Λιϐύην
2710 5901 3027 5953 ἐπισκόπων
3085 5898 3439 5966 ἐνενήκοντα,
3493 5894 3591 5947 καὶ
