  <div class='ocr_page' id='page_1' title='image "/cluster/home/n/w/nwhite01/storage/ocr_20150623/160/coo.31924054870658/121.png"; bbox 0 0 4102 6484; ppageno 0'>
   <div class='ocr_carea' id='block_1_1' title="bbox 216 490 3482 574">
    <p class='ocr_par' dir='ltr' id='par_1_1' title="bbox 216 490 3482 574">
     <span class='ocr_line' id='line_1_1' title="bbox 216 490 3482 574; baseline -0.005 -2"><span class='ocrx_word' id='word_1_1' title='bbox 216 510 320 574; x_wconf 71' lang='lat'><strong>227</strong></span> <span class='ocrx_word' id='word_1_2' title='bbox 1136 490 1518 569; x_wconf 57' lang='lat' dir='ltr'><strong>enitemur</strong></span> <span class='ocrx_word' id='word_1_3' title='bbox 1545 497 1848 565; x_wconf 77' lang='lat' dir='ltr'><strong>MAMM/E</strong></span> <span class='ocrx_word' id='word_1_4' title='bbox 1883 503 1990 563; x_wconf 73' lang='lat' dir='ltr'><strong>ce.</strong></span> <span class='ocrx_word' id='word_1_5' title='bbox 2031 498 2550 563; x_wconf 62' lang='lat' dir='ltr'><strong>PATRIABCH£</strong></span> <span class='ocrx_word' id='word_1_6' title='bbox 3376 493 3482 559; x_wconf 77' lang='lat'><strong>228</strong></span> 
     </span>
    </p>
   </div>
   <div class='ocr_carea' id='block_1_2' title="bbox 221 613 1813 697">
    <p class='ocr_par' dir='ltr' id='par_1_2' title="bbox 221 622 1798 697">
     <span class='ocr_line' id='line_1_2' title="bbox 221 622 1798 697; baseline -0.006 -11"><span class='ocrx_word' id='word_1_7' title='bbox 221 643 384 686; x_wconf 86' lang='lat' dir='ltr'><strong>unam</strong></span> <span class='ocrx_word' id='word_1_8' title='bbox 406 627 598 682; x_wconf 86' lang='lat' dir='ltr'><strong>saltem</strong></span> <span class='ocrx_word' id='word_1_9' title='bbox 621 623 884 697; x_wconf 73' lang='lat' dir='ltr'><strong>syllabam</strong></span> <span class='ocrx_word' id='word_1_10' title='bbox 916 622 1262 695; x_wconf 71' lang='lat' dir='ltr'><strong>prmt&#39;ertere.</strong></span> <span class='ocrx_word' id='word_1_11' title='bbox 1296 643 1316 676; x_wconf 74' lang='grc' dir='ltr'><strong>ι</strong></span> <span class='ocrx_word' id='word_1_12' title='bbox 1344 623 1642 678; x_wconf 83' lang='lat' dir='ltr'><strong>Immutare</strong></span> <span class='ocrx_word' id='word_1_13' title='bbox 1668 637 1798 676; x_wconf 85' lang='lat' dir='ltr'><strong>vero</strong></span> 
     </span>
    </p>
   </div>
   <div class='ocr_carea' id='block_1_3' title="bbox 1920 613 3481 697">
    <p class='ocr_par' dir='ltr' id='par_1_3' title="bbox 1920 613 3481 697">
     <span class='ocr_line' id='line_1_3' title="bbox 1920 613 3481 697; baseline -0.003 -25"><span class='ocrx_word' id='word_1_14' title='bbox 1920 623 2198 693; x_wconf 70' lang='grc' dir='ltr'><strong>προσέχειν</strong></span> <span class='ocrx_word' id='word_1_15' title='bbox 2228 623 2341 684; x_wconf 80' lang='grc' dir='ltr'>τοῖς</span> <span class='ocrx_word' id='word_1_16' title='bbox 2381 615 2938 686; x_wconf 69' lang='grc' dir='ltr'>ἀναγινωσκομένοις,</span> <span class='ocrx_word' id='word_1_17' title='bbox 2991 615 3086 668; x_wconf 72' lang='grc' dir='ltr'><strong>καὶ</strong></span> <span class='ocrx_word' id='word_1_18' title='bbox 3133 613 3315 697; x_wconf 71' lang='grc' dir='ltr'>καλῷς</span> <span class='ocrx_word' id='word_1_19' title='bbox 3341 618 3481 669; x_wconf 85' lang='grc' dir='ltr'>νοεῖν</span> 
     </span>
    </p>
   </div>
   <div class='ocr_carea' id='block_1_4' title="bbox 220 717 1794 786">
    <p class='ocr_par' dir='ltr' id='par_1_4' title="bbox 220 717 1794 786">
     <span class='ocr_line' id='line_1_4' title="bbox 220 717 1794 786; baseline -0.005 -10"><span class='ocrx_word' id='word_1_20' title='bbox 220 729 326 782; x_wconf 86' lang='lat' dir='ltr'><strong>est,</strong></span> <span class='ocrx_word' id='word_1_21' title='bbox 345 719 826 774; x_wconf 83' lang='lat' dir='ltr'><strong>dictionem‘unam</strong></span> <span class='ocrx_word' id='word_1_22' title='bbox 853 719 974 771; x_wconf 85' lang='lat' dir='ltr'><strong>loco</strong></span> <span class='ocrx_word' id='word_1_23' title='bbox 996 718 1223 772; x_wconf 89' lang='lat' dir='ltr'><strong>alterius</strong></span> <span class='ocrx_word' id='word_1_24' title='bbox 1246 732 1450 786; x_wconf 83' lang='lat' dir='ltr'><strong>ponere.</strong></span> <span class='ocrx_word' id='word_1_25' title='bbox 1465 726 1516 772; x_wconf 91' lang='lat' dir='ltr'><strong>et</strong></span> <span class='ocrx_word' id='word_1_26' title='bbox 1541 717 1794 771; x_wconf 86' lang='lat' dir='ltr'><strong>alterare.</strong></span> 
     </span>
    </p>
   </div>
   <div class='ocr_carea' id='block_1_5' title="bbox 221 806 1794 878">
    <p class='ocr_par' dir='ltr' id='par_1_5' title="bbox 221 806 1794 878">
     <span class='ocr_line' id='line_1_5' title="bbox 221 806 1794 878; baseline -0.004 -13"><span class='ocrx_word' id='word_1_27' title='bbox 221 810 402 878; x_wconf 83' lang='lat' dir='ltr'><strong>Quare</strong></span> <span class='ocrx_word' id='word_1_28' title='bbox 449 810 840 864; x_wconf 87' lang='lat' dir='ltr'><strong>attendendum</strong></span> <span class='ocrx_word' id='word_1_29' title='bbox 869 819 954 863; x_wconf 83' lang='lat' dir='ltr'><strong>est</strong></span> <span class='ocrx_word' id='word_1_30' title='bbox 1003 810 1132 873; x_wconf 86' lang='lat' dir='ltr'><strong>illis,</strong></span> <span class='ocrx_word' id='word_1_31' title='bbox 1188 825 1309 878; x_wconf 72' lang='lat' dir='ltr'><strong>quae</strong></span> <span class='ocrx_word' id='word_1_32' title='bbox 1338 806 1610 877; x_wconf 77' lang='lat' dir='ltr'><strong>leguntur,</strong></span> <span class='ocrx_word' id='word_1_33' title='bbox 1668 823 1794 876; x_wconf 90' lang='lat' dir='ltr'><strong>pru-</strong></span> 
     </span>
    </p>
   </div>
   <div class='ocr_carea' id='block_1_6' title="bbox 223 897 1800 972">
    <p class='ocr_par' dir='ltr' id='par_1_6' title="bbox 223 897 1800 972">
     <span class='ocr_line' id='line_1_6' title="bbox 223 897 1800 972; baseline -0.003 -17"><span class='ocrx_word' id='word_1_34' title='bbox 223 904 524 970; x_wconf 82' lang='lat' dir='ltr'><strong>denterque</strong></span> <span class='ocrx_word' id='word_1_35' title='bbox 581 902 782 972; x_wconf 88' lang='lat' dir='ltr'><strong>scripta</strong></span> <span class='ocrx_word' id='word_1_36' title='bbox 844 900 1293 956; x_wconf 78' lang='lat' dir='ltr'><strong>consideranda:</strong></span> <span class='ocrx_word' id='word_1_37' title='bbox 1344 909 1394 955; x_wconf 92' lang='lat' dir='ltr'><strong>et</strong></span> <span class='ocrx_word' id='word_1_38' title='bbox 1459 915 1564 954; x_wconf 89' lang='lat' dir='ltr'><strong>non</strong></span> <span class='ocrx_word' id='word_1_39' title='bbox 1610 897 1800 953; x_wconf 66' lang='lat' dir='ltr'><strong>letile&#39;r</strong></span> 
     </span>
    </p>
   </div>
   <div class='ocr_carea' id='block_1_7' title="bbox 227 979 1801 1066">
    <p class='ocr_par' dir='ltr' id='par_1_7' title="bbox 227 979 1801 1066">
     <span class='ocr_line' id='line_1_7' title="bbox 227 979 1801 1066; baseline -0.004 -18"><span class='ocrx_word' id='word_1_40' title='bbox 227 1006 540 1066; x_wconf 84' lang='lat' dir='ltr'><strong>temereque</strong></span> <span class='ocrx_word' id='word_1_41' title='bbox 565 993 791 1064; x_wconf 80' lang='lat' dir='ltr'><strong>legenda</strong></span> <span class='ocrx_word' id='word_1_42' title='bbox 848 993 1348 1062; x_wconf 82' lang='lat' dir='ltr'><strong>percurrendaque.</strong></span> <span class='ocrx_word' id='word_1_43' title='bbox 1383 979 1448 1045; x_wconf 81' lang='lat' dir='ltr'><strong>Et</strong></span> <span class='ocrx_word' id='word_1_44' title='bbox 1497 995 1801 1058; x_wconf 69' lang='lat' dir='ltr'><strong>praevertere</strong></span> 
     </span>
    </p>
   </div>
   <div class='ocr_carea' id='block_1_8' title="bbox 229 1081 1803 1154">
    <p class='ocr_par' dir='ltr' id='par_1_8' title="bbox 229 1081 1803 1154">
     <span class='ocr_line' id='line_1_8' title="bbox 229 1081 1803 1154; baseline -0.004 -14"><span class='ocrx_word' id='word_1_45' title='bbox 229 1089 294 1140; x_wconf 90' lang='lat' dir='ltr'><strong>iis</strong></span> <span class='ocrx_word' id='word_1_46' title='bbox 324 1086 486 1141; x_wconf 88' lang='lat' dir='ltr'><strong>etiam</strong></span> <span class='ocrx_word' id='word_1_47' title='bbox 539 1091 632 1154; x_wconf 88' lang='lat' dir='ltr'><strong>qui</strong></span> <span class='ocrx_word' id='word_1_48' title='bbox 674 1085 835 1154; x_wconf 86' lang='lat' dir='ltr'><strong>pleno</strong></span> <span class='ocrx_word' id='word_1_49' title='bbox 861 1093 1082 1154; x_wconf 87' lang='lat' dir='ltr'><strong>pectore</strong></span> <span class='ocrx_word' id='word_1_50' title='bbox 1132 1083 1353 1152; x_wconf 88' lang='lat' dir='ltr'><strong>sapiunt</strong></span> <span class='ocrx_word' id='word_1_51' title='bbox 1399 1081 1679 1152; x_wconf 72' lang='lat' dir='ltr'><strong>prmterire</strong></span> <span class='ocrx_word' id='word_1_52' title='bbox 1722 1081 1803 1134; x_wconf 85' lang='lat' dir='ltr'><strong>in-</strong></span> 
     </span>
    </p>
   </div>
   <div class='ocr_carea' id='block_1_9' title="bbox 228 1171 1803 1243">
    <p class='ocr_par' dir='ltr' id='par_1_9' title="bbox 228 1171 1803 1243">
     <span class='ocr_line' id='line_1_9' title="bbox 228 1171 1803 1243; baseline -0.004 -13"><span class='ocrx_word' id='word_1_53' title='bbox 228 1180 396 1231; x_wconf 83' lang='lat' dir='ltr'><strong>dicat.</strong></span> <span class='ocrx_word' id='word_1_54' title='bbox 427 1177 494 1230; x_wconf 88' lang='lat' dir='ltr'><strong>Et</strong></span> <span class='ocrx_word' id='word_1_55' title='bbox 518 1175 757 1230; x_wconf 85' lang='lat' dir='ltr'><strong>Basilius</strong></span> <span class='ocrx_word' id='word_1_56' title='bbox 811 1183 865 1230; x_wconf 90' lang='lat' dir='ltr'><strong>et</strong></span> <span class='ocrx_word' id='word_1_57' title='bbox 901 1174 1254 1238; x_wconf 85' lang='lat' dir='ltr'><strong>Athanasius,</strong></span> <span class='ocrx_word' id='word_1_58' title='bbox 1288 1173 1382 1243; x_wconf 87' lang='lat' dir='ltr'><strong>qui</strong></span> <span class='ocrx_word' id='word_1_59' title='bbox 1419 1174 1534 1229; x_wconf 69' lang='lat' dir='ltr'><strong>haec</strong></span> <span class='ocrx_word' id='word_1_60' title='bbox 1587 1171 1803 1234; x_wconf 84' lang='lat' dir='ltr'><strong>dicunt,</strong></span> 
     </span>
    </p>
   </div>
   <div class='ocr_carea' id='block_1_10' title="bbox 227 1261 1802 1337">
    <p class='ocr_par' dir='ltr' id='par_1_10' title="bbox 227 1261 1802 1337">
     <span class='ocr_line' id='line_1_10' title="bbox 227 1261 1802 1337; baseline -0.006 -15"><span class='ocrx_word' id='word_1_61' title='bbox 227 1270 592 1337; x_wconf 83' lang='lat' dir='ltr'><strong>scribuntqne</strong></span> <span class='ocrx_word' id='word_1_62' title='bbox 611 1276 737 1322; x_wconf 90' lang='lat' dir='ltr'><strong>ante</strong></span> <span class='ocrx_word' id='word_1_63' title='bbox 786 1276 1030 1320; x_wconf 89' lang='lat' dir='ltr'><strong>sanctam</strong></span> <span class='ocrx_word' id='word_1_64' title='bbox 1062 1265 1456 1320; x_wconf 79' lang='lat' dir='ltr'><strong>recumenicam</strong></span> <span class='ocrx_word' id='word_1_65' title='bbox 1505 1261 1802 1318; x_wconf 82' lang='lat' dir='ltr'><strong>secundam</strong></span> 
     </span>
    </p>
   </div>
   <div class='ocr_carea' id='block_1_11' title="bbox 227 1355 1805 1431">
    <p class='ocr_par' dir='ltr' id='par_1_11' title="bbox 227 1355 1805 1431">
     <span class='ocr_line' id='line_1_11' title="bbox 227 1355 1805 1431; baseline -0.004 -18"><span class='ocrx_word' id='word_1_66' title='bbox 227 1362 490 1431; x_wconf 67' lang='lat' dir='ltr'><strong>Synodnm</strong></span> <span class='ocrx_word' id='word_1_67' title='bbox 516 1361 688 1423; x_wconf 82' lang='lat' dir='ltr'><strong>fuere,</strong></span> <span class='ocrx_word' id='word_1_68' title='bbox 731 1365 1152 1430; x_wconf 84' lang='lat' dir='ltr'><strong>proptereaque,</strong></span> <span class='ocrx_word' id='word_1_69' title='bbox 1187 1364 1245 1410; x_wconf 92' lang='lat' dir='ltr'><strong>ut</strong></span> <span class='ocrx_word' id='word_1_70' title='bbox 1270 1355 1641 1425; x_wconf 62' lang='lat' dir='ltr'><strong>praediximus,</strong></span> <span class='ocrx_word' id='word_1_71' title='bbox 1676 1363 1805 1408; x_wconf 88' lang='lat' dir='ltr'><strong>ante</strong></span> 
     </span>
    </p>
   </div>
   <div class='ocr_carea' id='block_1_12' title="bbox 230 1445 1806 1517">
    <p class='ocr_par' dir='ltr' id='par_1_12' title="bbox 230 1445 1806 1517">
     <span class='ocr_line' id='line_1_12' title="bbox 230 1445 1806 1517; baseline -0.003 -15"><span class='ocrx_word' id='word_1_72' title='bbox 230 1467 348 1503; x_wconf 80' lang='lat' dir='ltr'><strong>eam</strong></span> <span class='ocrx_word' id='word_1_73' title='bbox 378 1449 675 1517; x_wconf 78' lang='lat' dir='ltr'><strong>prohibitio</strong></span> <span class='ocrx_word' id='word_1_74' title='bbox 712 1449 910 1505; x_wconf 87' lang='lat' dir='ltr'><strong>similis</strong></span> <span class='ocrx_word' id='word_1_75' title='bbox 971 1448 1279 1502; x_wconf 83' lang='lat' dir='ltr'><strong>invaluerat</strong></span> <span class='ocrx_word' id='word_1_76' title='bbox 1306 1456 1527 1517; x_wconf 82' lang='lat' dir='ltr'><strong>propter</strong></span> <span class='ocrx_word' id='word_1_77' title='bbox 1575 1445 1806 1500; x_wconf 88' lang='lat' dir='ltr'><strong>bomou-</strong></span> 
     </span>
    </p>
   </div>
   <div class='ocr_carea' id='block_1_13' title="bbox 228 1539 1802 1610">
    <p class='ocr_par' dir='ltr' id='par_1_13' title="bbox 228 1539 1802 1610">
     <span class='ocr_line' id='line_1_13' title="bbox 228 1539 1802 1610; baseline -0.004 -16"><span class='ocrx_word' id='word_1_78' title='bbox 228 1542 370 1605; x_wconf 86' lang='lat' dir='ltr'><strong>sion,</strong></span> <span class='ocrx_word' id='word_1_79' title='bbox 405 1549 462 1593; x_wconf 88' lang='lat' dir='ltr'><strong>ul.</strong></span> <span class='ocrx_word' id='word_1_80' title='bbox 489 1549 677 1595; x_wconf 87' lang='lat' dir='ltr'><strong>nostra</strong></span> <span class='ocrx_word' id='word_1_81' title='bbox 705 1541 879 1596; x_wconf 86' lang='lat' dir='ltr'><strong>oratio</strong></span> <span class='ocrx_word' id='word_1_82' title='bbox 923 1540 1031 1610; x_wconf 84' lang='lat' dir='ltr'><strong>jam</strong></span> <span class='ocrx_word' id='word_1_83' title='bbox 1081 1539 1427 1594; x_wconf 85' lang='lat' dir='ltr'><strong>laudatorum</strong></span> <span class='ocrx_word' id='word_1_84' title='bbox 1485 1545 1802 1591; x_wconf 85' lang='lat' dir='ltr'><strong>sanctorum</strong></span> 
     </span>
    </p>
   </div>
   <div class='ocr_carea' id='block_1_14' title="bbox 229 1626 1804 1695">
    <p class='ocr_par' dir='ltr' id='par_1_14' title="bbox 229 1626 1804 1695">
     <span class='ocr_line' id='line_1_14' title="bbox 229 1626 1804 1695; baseline -0.004 -11"><span class='ocrx_word' id='word_1_85' title='bbox 229 1643 281 1685; x_wconf 86' lang='lat' dir='ltr'><strong>et</strong></span> <span class='ocrx_word' id='word_1_86' title='bbox 316 1632 601 1687; x_wconf 85' lang='lat' dir='ltr'><strong>doctorum</strong></span> <span class='ocrx_word' id='word_1_87' title='bbox 639 1633 969 1687; x_wconf 85' lang='lat' dir='ltr'><strong>testimoniis</strong></span> <span class='ocrx_word' id='word_1_88' title='bbox 1009 1630 1431 1695; x_wconf 76' lang='lat' dir='ltr'><strong>demonstravit,</strong></span> <span class='ocrx_word' id='word_1_89' title='bbox 1457 1627 1523 1682; x_wconf 86' lang='lat' dir='ltr'><strong>ad</strong></span> <span class='ocrx_word' id='word_1_90' title='bbox 1586 1626 1804 1681; x_wconf 72' lang='lat' dir='ltr'><strong>lucreti-</strong></span> 
     </span>
    </p>
   </div>
   <div class='ocr_carea' id='block_1_15' title="bbox 1904 692 3483 782">
    <p class='ocr_par' dir='ltr' id='par_1_15' title="bbox 1904 692 3483 782">
     <span class='ocr_line' id='line_1_15' title="bbox 1904 692 3483 782; baseline -0.005 -16"><span class='ocrx_word' id='word_1_91' title='bbox 1904 692 1971 766; x_wconf 79' lang='grc' dir='ltr'>τὰ</span> <span class='ocrx_word' id='word_1_92' title='bbox 1999 712 2385 782; x_wconf 69' lang='grc' dir='ltr'><strong>γεγραμμένα,</strong></span> <span class='ocrx_word' id='word_1_93' title='bbox 2420 711 2518 764; x_wconf 80' lang='grc' dir='ltr'>καὶ</span> <span class='ocrx_word' id='word_1_94' title='bbox 2562 710 2637 778; x_wconf 78' lang='grc' dir='ltr'>μὴ</span> <span class='ocrx_word' id='word_1_95' title='bbox 2693 709 3054 771; x_wconf 75' lang='grc' dir='ltr'><strong>ἐπιπολαίως,</strong></span> <span class='ocrx_word' id='word_1_96' title='bbox 3101 709 3197 760; x_wconf 71' lang='grc' dir='ltr'><strong>καὶ</strong></span> <span class='ocrx_word' id='word_1_97' title='bbox 3233 692 3310 770; x_wconf 78' lang='grc' dir='ltr'><strong>ὧς</strong></span> <span class='ocrx_word' id='word_1_98' title='bbox 3355 705 3483 759; x_wconf 73' lang='grc' dir='ltr'>ἔτυ-</span> 
     </span>
    </p>
   </div>
   <div class='ocr_carea' id='block_1_16' title="bbox 1906 796 3486 872">
    <p class='ocr_par' dir='ltr' id='par_1_16' title="bbox 1906 796 3486 872">
     <span class='ocr_line' id='line_1_16' title="bbox 1906 796 3486 872; baseline -0.002 -19"><span class='ocrx_word' id='word_1_99' title='bbox 1906 816 2000 872; x_wconf 66' lang='grc' dir='ltr'><strong>χεν</strong></span> <span class='ocrx_word' id='word_1_100' title='bbox 2035 799 2436 868; x_wconf 71' lang='grc' dir='ltr'><strong>ἀναγινώσκειν</strong></span> <span class='ocrx_word' id='word_1_101' title='bbox 2505 798 2608 852; x_wconf 74' lang='grc' dir='ltr'>καὶ</span> <span class='ocrx_word' id='word_1_102' title='bbox 2643 797 3032 868; x_wconf 73' lang='grc' dir='ltr'><strong>παρατρέχειν.</strong></span> <span class='ocrx_word' id='word_1_103' title='bbox 3059 797 3167 850; x_wconf 72' lang='grc' dir='ltr'>Καὶ</span> <span class='ocrx_word' id='word_1_104' title='bbox 3203 796 3264 848; x_wconf 79' lang='grc' dir='ltr'><strong>τὸ</strong></span> <span class='ocrx_word' id='word_1_105' title='bbox 3299 810 3486 864; x_wconf 76' lang='grc' dir='ltr'>παρα-</span> 
     </span>
    </p>
   </div>
   <div class='ocr_carea' id='block_1_17' title="bbox 1908 888 3486 960">
    <p class='ocr_par' dir='ltr' id='par_1_17' title="bbox 1908 888 3486 960">
     <span class='ocr_line' id='line_1_17' title="bbox 1908 888 3486 960; baseline -0.003 -15"><span class='ocrx_word' id='word_1_106' title='bbox 1908 891 2086 960; x_wconf 72' lang='grc' dir='ltr'>ϐῆναι</span> <span class='ocrx_word' id='word_1_107' title='bbox 2115 891 2173 944; x_wconf 81' lang='grc' dir='ltr'>δὲ</span> <span class='ocrx_word' id='word_1_108' title='bbox 2202 893 2316 955; x_wconf 79' lang='grc' dir='ltr'>τοῖς</span> <span class='ocrx_word' id='word_1_109' title='bbox 2339 889 2519 953; x_wconf 81' lang='grc' dir='ltr'>καλῶς</span> <span class='ocrx_word' id='word_1_110' title='bbox 2546 888 2730 944; x_wconf 78' lang='grc' dir='ltr'>νοοῦσι</span> <span class='ocrx_word' id='word_1_111' title='bbox 2762 889 2822 942; x_wconf 80' lang='grc' dir='ltr'><strong>τὸ</strong></span> <span class='ocrx_word' id='word_1_112' title='bbox 2853 889 3242 958; x_wconf 78' lang='grc' dir='ltr'>παραδραμεῖν</span> <span class='ocrx_word' id='word_1_113' title='bbox 3285 888 3486 958; x_wconf 86' lang='grc' dir='ltr'>σημαί-</span> 
     </span>
    </p>
   </div>
   <div class='ocr_carea' id='block_1_18' title="bbox 1908 979 3485 1046">
    <p class='ocr_par' dir='ltr' id='par_1_18' title="bbox 1908 979 3485 1046">
     <span class='ocr_line' id='line_1_18' title="bbox 1908 979 3485 1046; baseline -0.003 -12"><span class='ocrx_word' id='word_1_114' title='bbox 1908 992 2008 1037; x_wconf 80' lang='grc' dir='ltr'>νει.</span> <span class='ocrx_word' id='word_1_115' title='bbox 2037 983 2320 1045; x_wconf 81' lang='grc' dir='ltr'>Βασίλειος</span> <span class='ocrx_word' id='word_1_116' title='bbox 2355 982 2413 1036; x_wconf 70' lang='grc' dir='ltr'>δὲ</span> <span class='ocrx_word' id='word_1_117' title='bbox 2440 984 2532 1035; x_wconf 76' lang='grc' dir='ltr'><strong>καὶ</strong></span> <span class='ocrx_word' id='word_1_118' title='bbox 2569 979 2890 1042; x_wconf 79' lang='grc' dir='ltr'>Ἀθανάσιος</span> <span class='ocrx_word' id='word_1_119' title='bbox 2917 979 2965 1032; x_wconf 76' lang='grc' dir='ltr'><strong>οἱ</strong></span> <span class='ocrx_word' id='word_1_120' title='bbox 3008 979 3186 1032; x_wconf 87' lang='grc' dir='ltr'>ταῦτα</span> <span class='ocrx_word' id='word_1_121' title='bbox 3232 979 3485 1046; x_wconf 83' lang='grc' dir='ltr'>λέγοντές</span> 
     </span>
    </p>
   </div>
   <div class='ocr_carea' id='block_1_19' title="bbox 1909 1071 3487 1145">
    <p class='ocr_par' dir='ltr' id='par_1_19' title="bbox 1909 1071 3487 1145">
     <span class='ocr_line' id='line_1_19' title="bbox 1909 1071 3487 1145; baseline -0.003 -17"><span class='ocrx_word' id='word_1_122' title='bbox 1909 1092 1972 1128; x_wconf 87' lang='grc' dir='ltr'><strong>τε</strong></span> <span class='ocrx_word' id='word_1_123' title='bbox 2003 1076 2094 1128; x_wconf 75' lang='grc' dir='ltr'>καὶ</span> <span class='ocrx_word' id='word_1_124' title='bbox 2122 1073 2430 1142; x_wconf 82' lang='grc' dir='ltr'>γράφοντες</span> <span class='ocrx_word' id='word_1_125' title='bbox 2464 1076 2572 1145; x_wconf 71' lang='grc' dir='ltr'><strong>πρδ</strong></span> <span class='ocrx_word' id='word_1_126' title='bbox 2593 1075 2692 1143; x_wconf 81' lang='grc' dir='ltr'>τῆς</span> <span class='ocrx_word' id='word_1_127' title='bbox 2724 1073 2889 1142; x_wconf 85' lang='grc' dir='ltr'>ἁγίας</span> <span class='ocrx_word' id='word_1_128' title='bbox 2929 1071 3321 1142; x_wconf 76' lang='grc' dir='ltr'>οίκουμενικῆς</span> <span class='ocrx_word' id='word_1_129' title='bbox 3361 1073 3487 1125; x_wconf 73' lang='grc' dir='ltr'>δευο</span> 
     </span>
    </p>
   </div>
   <div class='ocr_carea' id='block_1_20' title="bbox 1909 1159 3486 1232">
    <p class='ocr_par' dir='ltr' id='par_1_20' title="bbox 1909 1159 3486 1232">
     <span class='ocr_line' id='line_1_20' title="bbox 1909 1159 3486 1232; baseline -0.002 -17"><span class='ocrx_word' id='word_1_130' title='bbox 1909 1163 2075 1232; x_wconf 78' lang='grc' dir='ltr'>τέρας</span> <span class='ocrx_word' id='word_1_131' title='bbox 2100 1163 2322 1217; x_wconf 79' lang='grc' dir='ltr'>συνόδου</span> <span class='ocrx_word' id='word_1_132' title='bbox 2372 1162 2644 1232; x_wconf 80' lang='grc' dir='ltr'>ὑπῆρχον.</span> <span class='ocrx_word' id='word_1_133' title='bbox 2692 1162 2784 1215; x_wconf 82' lang='grc' dir='ltr'>Διδ</span> <span class='ocrx_word' id='word_1_134' title='bbox 2829 1165 2945 1226; x_wconf 74' lang='grc' dir='ltr'>καὶ,</span> <span class='ocrx_word' id='word_1_135' title='bbox 3005 1159 3081 1224; x_wconf 82' lang='grc' dir='ltr'>ὡς</span> <span class='ocrx_word' id='word_1_136' title='bbox 3136 1161 3486 1231; x_wconf 70' lang='grc' dir='ltr'>προείρηται,</span> 
     </span>
    </p>
   </div>
   <div class='ocr_carea' id='block_1_21' title="bbox 1911 1249 3491 1338">
    <p class='ocr_par' dir='ltr' id='par_1_21' title="bbox 1911 1249 3491 1338">
     <span class='ocr_line' id='line_1_21' title="bbox 1911 1249 3491 1338; baseline -0.001 -33"><span class='ocrx_word' id='word_1_137' title='bbox 1911 1255 2006 1308; x_wconf 74' lang='grc' dir='ltr'><strong>καὶ</strong></span> <span class='ocrx_word' id='word_1_138' title='bbox 2032 1257 2138 1324; x_wconf 51' lang='lat' dir='ltr'><strong>arpi;</strong></span> <span class='ocrx_word' id='word_1_139' title='bbox 2169 1254 2374 1325; x_wconf 80' lang='grc' dir='ltr'><strong>ταύτης</strong></span> <span class='ocrx_word' id='word_1_140' title='bbox 2398 1253 2462 1308; x_wconf 78' lang='grc' dir='ltr'>τὸ</span> <span class='ocrx_word' id='word_1_141' title='bbox 2509 1255 2740 1324; x_wconf 75' lang='grc' dir='ltr'>κώλυμα</span> <span class='ocrx_word' id='word_1_142' title='bbox 2778 1252 2937 1307; x_wconf 87' lang='grc' dir='ltr'>τοῦτο</span> <span class='ocrx_word' id='word_1_143' title='bbox 2966 1251 3360 1338; x_wconf 62' lang='grc' dir='ltr'>νενομοθέτητο</span> <span class='ocrx_word' id='word_1_144' title='bbox 3403 1249 3491 1304; x_wconf 70' lang='grc' dir='ltr'>διὰ</span> 
     </span>
    </p>
   </div>
   <div class='ocr_carea' id='block_1_22' title="bbox 1911 1342 3493 1414">
    <p class='ocr_par' dir='ltr' id='par_1_22' title="bbox 1911 1342 3493 1414">
     <span class='ocr_line' id='line_1_22' title="bbox 1911 1342 3493 1414; baseline -0.003 -17"><span class='ocrx_word' id='word_1_145' title='bbox 1911 1346 1971 1397; x_wconf 84' lang='grc' dir='ltr'><strong>τὸ</strong></span> <span class='ocrx_word' id='word_1_146' title='bbox 2001 1345 2309 1413; x_wconf 84' lang='grc' dir='ltr'>όμοούσιον,</span> <span class='ocrx_word' id='word_1_147' title='bbox 2361 1345 2438 1408; x_wconf 84' lang='grc' dir='ltr'>ὡς</span> <span class='ocrx_word' id='word_1_148' title='bbox 2485 1347 2803 1414; x_wconf 80' lang='grc' dir='ltr'>σαφέστατα</span> <span class='ocrx_word' id='word_1_149' title='bbox 2834 1347 2862 1397; x_wconf 90' lang='grc' dir='ltr'><strong>ό</strong></span> <span class='ocrx_word' id='word_1_150' title='bbox 2887 1344 3044 1412; x_wconf 81' lang='grc' dir='ltr'>λόγος</span> <span class='ocrx_word' id='word_1_151' title='bbox 3068 1342 3157 1397; x_wconf 79' lang='grc' dir='ltr'>διὰ</span> <span class='ocrx_word' id='word_1_152' title='bbox 3174 1342 3280 1395; x_wconf 86' lang='grc' dir='ltr'><strong>τῶν</strong></span> <span class='ocrx_word' id='word_1_153' title='bbox 3307 1357 3493 1412; x_wconf 70' lang='grc' dir='ltr'>προειδ</span> 
     </span>
    </p>
   </div>
   <div class='ocr_carea' id='block_1_23' title="bbox 1917 1432 3490 1508">
    <p class='ocr_par' dir='ltr' id='par_1_23' title="bbox 1917 1432 3490 1508">
     <span class='ocr_line' id='line_1_23' title="bbox 1917 1432 3490 1508; baseline -0.003 -17"><span class='ocrx_word' id='word_1_154' title='bbox 1917 1437 2171 1508; x_wconf 88' lang='grc' dir='ltr'>ρημένων</span> <span class='ocrx_word' id='word_1_155' title='bbox 2197 1438 2370 1507; x_wconf 79' lang='grc' dir='ltr'>ἁγίων</span> <span class='ocrx_word' id='word_1_156' title='bbox 2403 1432 2865 1505; x_wconf 72' lang='grc' dir='ltr'>καὶδιδασκάλων</span> <span class='ocrx_word' id='word_1_157' title='bbox 2891 1435 3166 1500; x_wconf 80' lang='grc' dir='ltr'><strong>ἀπέδειξε,</strong></span> <span class='ocrx_word' id='word_1_158' title='bbox 3209 1435 3308 1488; x_wconf 73' lang='grc' dir='ltr'>καὶ</span> <span class='ocrx_word' id='word_1_159' title='bbox 3360 1435 3490 1497; x_wconf 76' lang='grc' dir='ltr'>τοὺς</span> 
     </span>
    </p>
   </div>
   <div class='ocr_carea' id='block_1_24' title="bbox 1913 1529 3492 1602">
    <p class='ocr_par' dir='ltr' id='par_1_24' title="bbox 1913 1529 3492 1602">
     <span class='ocr_line' id='line_1_24' title="bbox 1913 1529 3492 1602; baseline -0.003 -18"><span class='ocrx_word' id='word_1_160' title='bbox 1913 1531 2227 1601; x_wconf 78' lang='grc' dir='ltr'>αἱρετικοῦς</span> <span class='ocrx_word' id='word_1_161' title='bbox 2293 1530 2595 1586; x_wconf 76' lang='grc' dir='ltr'>ἑκκόππων</span> <span class='ocrx_word' id='word_1_162' title='bbox 2625 1533 2724 1602; x_wconf 83' lang='grc' dir='ltr'><strong>τῆς</strong></span> <span class='ocrx_word' id='word_1_163' title='bbox 2749 1530 2892 1584; x_wconf 84' lang='grc' dir='ltr'>κατὰ</span> <span class='ocrx_word' id='word_1_164' title='bbox 2926 1530 3019 1583; x_wconf 86' lang='grc' dir='ltr'><strong>τοῦ</strong></span> <span class='ocrx_word' id='word_1_165' title='bbox 3051 1529 3342 1600; x_wconf 78' lang='grc' dir='ltr'>δμοονσίου</span> <span class='ocrx_word' id='word_1_166' title='bbox 3371 1529 3492 1583; x_wconf 84' lang='grc' dir='ltr'>τόλ-</span> 
     </span>
    </p>
   </div>
   <div class='ocr_carea' id='block_1_25' title="bbox 1919 1622 3274 1691">
    <p class='ocr_par' dir='ltr' id='par_1_25' title="bbox 1919 1622 3274 1691">
     <span class='ocr_line' id='line_1_25' title="bbox 1919 1622 3274 1691; baseline 0.004 -18"><span class='ocrx_word' id='word_1_167' title='bbox 1919 1636 2025 1691; x_wconf 84' lang='grc' dir='ltr'><strong>μης</strong></span> <span class='ocrx_word' id='word_1_168' title='bbox 2056 1622 2150 1674; x_wconf 78' lang='grc' dir='ltr'><strong>καὶ</strong></span> <span class='ocrx_word' id='word_1_169' title='bbox 2184 1635 2322 1690; x_wconf 85' lang='grc' dir='ltr'>μετα</span> <span class='ocrx_word' id='word_1_170' title='bbox 2331 1624 2621 1690; x_wconf 84' lang='grc' dir='ltr'>ποιήσεως.</span> <span class='ocrx_word' id='word_1_171' title='bbox 3270 1628 3274 1631; x_wconf 83' lang='grc'><strong>’</strong></span> 
     </span>
    </p>
   </div>
   <div class='ocr_carea' id='block_1_26' title="bbox 229 1712 2784 1792">
    <p class='ocr_par' dir='ltr' id='par_1_26' title="bbox 229 1712 2784 1792">
     <span class='ocr_line' id='line_1_26' title="bbox 229 1712 2784 1792; baseline -0.004 -15"><span class='ocrx_word' id='word_1_172' title='bbox 229 1741 418 1777; x_wconf 85' lang='lat' dir='ltr'><strong>eorum</strong></span> <span class='ocrx_word' id='word_1_173' title='bbox 449 1723 771 1779; x_wconf 87' lang='lat' dir='ltr'><strong>temerarios</strong></span> <span class='ocrx_word' id='word_1_174' title='bbox 790 1731 1045 1785; x_wconf 86' lang='lat' dir='ltr'><strong>conatus,</strong></span> <span class='ocrx_word' id='word_1_175' title='bbox 1081 1720 1678 1792; x_wconf 84' lang='lat' dir='ltr'><strong>atqueimmutationes</strong></span> <span class='ocrx_word' id='word_1_176' title='bbox 1714 1716 1780 1772; x_wconf 88' lang='lat' dir='ltr'><strong>ad</strong></span> <span class='ocrx_word' id='word_1_177' title='bbox 1797 1729 1993 1770; x_wconf 84' lang='lat' dir='ltr'><strong>vorsus</strong></span> <span class='ocrx_word' id='word_1_178' title='bbox 2030 1713 2356 1770; x_wconf 78' lang='lat' dir='ltr'><strong>ltomonsion</strong></span> <span class='ocrx_word' id='word_1_179' title='bbox 2386 1712 2784 1782; x_wconf 79' lang='lat' dir='ltr'><strong>impediendas.</strong></span> 
     </span>
    </p>
   </div>
   <div class='ocr_carea' id='block_1_27' title="bbox 300 1799 1812 1884">
    <p class='ocr_par' dir='ltr' id='par_1_27' title="bbox 300 1799 1812 1884">
     <span class='ocr_line' id='line_1_27' title="bbox 300 1799 1812 1884; baseline -0.005 -15"><span class='ocrx_word' id='word_1_180' title='bbox 300 1817 388 1870; x_wconf 73' lang='lat' dir='ltr'><strong>H.</strong></span> <span class='ocrx_word' id='word_1_181' title='bbox 423 1817 488 1872; x_wconf 86' lang='lat' dir='ltr'><strong>Ut</strong></span> <span class='ocrx_word' id='word_1_182' title='bbox 519 1832 648 1870; x_wconf 86' lang='lat' dir='ltr'><strong>vero</strong></span> <span class='ocrx_word' id='word_1_183' title='bbox 680 1815 931 1884; x_wconf 89' lang='lat' dir='ltr'><strong>pluribus</strong></span> <span class='ocrx_word' id='word_1_184' title='bbox 965 1815 1179 1883; x_wconf 81' lang='lat' dir='ltr'><strong>planius</strong></span> <span class='ocrx_word' id='word_1_185' title='bbox 1223 1827 1287 1866; x_wconf 85' lang='lat' dir='ltr'><strong>ac</strong></span> <span class='ocrx_word' id='word_1_186' title='bbox 1313 1811 1658 1866; x_wconf 80' lang='lat' dir='ltr'><strong>manifestius</strong></span> <span class='ocrx_word' id='word_1_187' title='bbox 1687 1799 1812 1880; x_wconf 33' lang='lat' dir='ltr'><strong>&#39;pa-</strong></span> 
     </span>
    </p>
   </div>
   <div class='ocr_carea' id='block_1_28' title="bbox 233 1903 1811 1976">
    <p class='ocr_par' dir='ltr' id='par_1_28' title="bbox 233 1903 1811 1976">
     <span class='ocr_line' id='line_1_28' title="bbox 233 1903 1811 1976; baseline -0.003 -17"><span class='ocrx_word' id='word_1_188' title='bbox 233 1917 364 1969; x_wconf 84' lang='lat' dir='ltr'><strong>teat,</strong></span> <span class='ocrx_word' id='word_1_189' title='bbox 399 1906 823 1976; x_wconf 82' lang='lat' dir='ltr'><strong>prohibitionem</strong></span> <span class='ocrx_word' id='word_1_190' title='bbox 894 1905 1163 1960; x_wconf 88' lang='lat' dir='ltr'><strong>bomousii</strong></span> <span class='ocrx_word' id='word_1_191' title='bbox 1198 1903 1370 1972; x_wconf 72' lang='lat' dir='ltr'><strong>gratia</strong></span> <span class='ocrx_word' id='word_1_192' title='bbox 1421 1903 1619 1957; x_wconf 81' lang='lat' dir='ltr'><strong>factam</strong></span> <span class='ocrx_word' id='word_1_193' title='bbox 1669 1917 1811 1965; x_wconf 84' lang='lat' dir='ltr'><strong>esse,</strong></span> 
     </span>
    </p>
   </div>
   <div class='ocr_carea' id='block_1_29' title="bbox 2003 1783 3493 1875">
    <p class='ocr_par' dir='ltr' id='par_1_29' title="bbox 2003 1783 3493 1875">
     <span class='ocr_line' id='line_1_29' title="bbox 2003 1783 3493 1875; baseline 0 -17"><span class='ocrx_word' id='word_1_194' title='bbox 2003 1804 2100 1859; x_wconf 85' lang='grc' dir='ltr'>ιδ’.</span> <span class='ocrx_word' id='word_1_195' title='bbox 2145 1804 2266 1860; x_wconf 73' lang='grc' dir='ltr'>Ἵνα</span> <span class='ocrx_word' id='word_1_196' title='bbox 2300 1805 2352 1858; x_wconf 83' lang='grc' dir='ltr'>δὲ</span> <span class='ocrx_word' id='word_1_197' title='bbox 2381 1806 2716 1874; x_wconf 73' lang='grc' dir='ltr'>σαφέστερον</span> <span class='ocrx_word' id='word_1_198' title='bbox 2745 1806 2838 1858; x_wconf 81' lang='grc' dir='ltr'><strong>καὶ</strong></span> <span class='ocrx_word' id='word_1_199' title='bbox 2871 1783 3223 1874; x_wconf 66' lang='grc' dir='ltr'><strong>ἐκδηλότερον</strong></span> <span class='ocrx_word' id='word_1_200' title='bbox 3265 1803 3493 1875; x_wconf 76' lang='grc' dir='ltr'>γένηται</span> 
     </span>
    </p>
   </div>
   <div class='ocr_carea' id='block_1_30' title="bbox 1919 1895 3490 1967">
    <p class='ocr_par' dir='ltr' id='par_1_30' title="bbox 1919 1895 3490 1967">
     <span class='ocr_line' id='line_1_30' title="bbox 1919 1895 3490 1967; baseline 0.001 -20"><span class='ocrx_word' id='word_1_201' title='bbox 1919 1895 2008 1947; x_wconf 75' lang='grc' dir='ltr'><strong>διὰ</strong></span> <span class='ocrx_word' id='word_1_202' title='bbox 2037 1896 2324 1963; x_wconf 79' lang='grc' dir='ltr'>πλειόνων,</span> <span class='ocrx_word' id='word_1_203' title='bbox 2379 1895 2454 1959; x_wconf 85' lang='grc' dir='ltr'>ὡς</span> <span class='ocrx_word' id='word_1_204' title='bbox 2498 1895 2590 1948; x_wconf 88' lang='grc' dir='ltr'><strong>τοῦ</strong></span> <span class='ocrx_word' id='word_1_205' title='bbox 2621 1898 2910 1966; x_wconf 88' lang='grc' dir='ltr'>όμοουσίου</span> <span class='ocrx_word' id='word_1_206' title='bbox 2971 1897 3135 1967; x_wconf 81' lang='grc' dir='ltr'>χάριν</span> <span class='ocrx_word' id='word_1_207' title='bbox 3177 1897 3400 1964; x_wconf 85' lang='grc' dir='ltr'>ἐγένετο</span> <span class='ocrx_word' id='word_1_208' title='bbox 3458 1901 3490 1966; x_wconf 75' lang='grc' dir='ltr'>ἡ</span> 
     </span>
    </p>
   </div>
   <div class='ocr_carea' id='block_1_31' title="bbox 233 1972 1813 2078">
    <p class='ocr_par' dir='ltr' id='par_1_31' title="bbox 233 1972 1804 2078">
     <span class='ocr_line' id='line_1_31' title="bbox 233 1972 1804 2078; baseline -0.003 -26"><span class='ocrx_word' id='word_1_209' title='bbox 233 1972 483 2068; x_wconf 76' lang='lat' dir='ltr'><strong>Iicetjam</strong></span> <span class='ocrx_word' id='word_1_210' title='bbox 520 2001 684 2055; x_wconf 89' lang='lat' dir='ltr'><strong>dictis</strong></span> <span class='ocrx_word' id='word_1_211' title='bbox 739 2000 874 2078; x_wconf 77' lang='lat' dir='ltr'><strong>satis</strong></span> <span class='ocrx_word' id='word_1_212' title='bbox 930 1998 981 2052; x_wconf 93' lang='lat' dir='ltr'><strong>id</strong></span> <span class='ocrx_word' id='word_1_213' title='bbox 1037 2012 1314 2066; x_wconf 81' lang='lat' dir='ltr'><strong>superque</strong></span> <span class='ocrx_word' id='word_1_214' title='bbox 1375 1996 1664 2066; x_wconf 89' lang='lat' dir='ltr'><strong>probatum</strong></span> <span class='ocrx_word' id='word_1_215' title='bbox 1710 1995 1804 2054; x_wconf 89' lang='lat' dir='ltr'><strong>sit.</strong></span> 
     </span>
    </p>
   </div>
   <div class='ocr_carea' id='block_1_32' title="bbox 1920 1972 3493 2078">
    <p class='ocr_par' dir='ltr' id='par_1_32' title="bbox 1920 1986 3493 2058">
     <span class='ocr_line' id='line_1_32' title="bbox 1920 1986 3493 2058; baseline 0.001 -17"><span class='ocrx_word' id='word_1_216' title='bbox 1920 1986 2233 2052; x_wconf 82' lang='grc' dir='ltr'>κώλυσις,εί</span> <span class='ocrx_word' id='word_1_217' title='bbox 2269 1989 2362 2040; x_wconf 72' lang='grc' dir='ltr'><strong>καὶ</strong></span> <span class='ocrx_word' id='word_1_218' title='bbox 2399 1988 2466 2040; x_wconf 82' lang='grc' dir='ltr'>τὰ</span> <span class='ocrx_word' id='word_1_219' title='bbox 2520 1989 2792 2058; x_wconf 71' lang='grc' dir='ltr'>εἰρημένα</span> <span class='ocrx_word' id='word_1_220' title='bbox 2832 1989 3148 2058; x_wconf 78' lang='grc' dir='ltr'>ἀρκούντως</span> <span class='ocrx_word' id='word_1_221' title='bbox 3202 1988 3493 2054; x_wconf 80' lang='grc' dir='ltr'>ἀπέδειξαν</span> 
     </span>
    </p>
   </div>
   <div class='ocr_carea' id='block_1_33' title="bbox 233 2087 1803 2146">
    <p class='ocr_par' dir='ltr' id='par_1_33' title="bbox 233 2087 1803 2146">
     <span class='ocr_line' id='line_1_33' title="bbox 233 2087 1803 2146; baseline -0.002 -3"><span class='ocrx_word' id='word_1_222' title='bbox 233 2107 430 2145; x_wconf 82' lang='lat' dir='ltr'><strong>rursus</strong></span> <span class='ocrx_word' id='word_1_223' title='bbox 467 2093 687 2146; x_wconf 81' lang='lat' dir='ltr'><strong>divinus</strong></span> <span class='ocrx_word' id='word_1_224' title='bbox 718 2091 1055 2146; x_wconf 76' lang='lat' dir='ltr'><strong>Athanasius</strong></span> <span class='ocrx_word' id='word_1_225' title='bbox 1077 2089 1384 2144; x_wconf 86' lang='lat' dir='ltr'><strong>audiendus</strong></span> <span class='ocrx_word' id='word_1_226' title='bbox 1405 2092 1513 2143; x_wconf 87' lang='lat' dir='ltr'><strong>est.</strong></span> <span class='ocrx_word' id='word_1_227' title='bbox 1546 2087 1644 2141; x_wconf 79' lang='lat' dir='ltr'><strong>Hic</strong></span> <span class='ocrx_word' id='word_1_228' title='bbox 1661 2088 1803 2141; x_wconf 86' lang='lat' dir='ltr'><strong>enim</strong></span> 
     </span>
    </p>
   </div>
   <div class='ocr_carea' id='block_1_34' title="bbox 234 2176 1807 2251">
    <p class='ocr_par' dir='ltr' id='par_1_34' title="bbox 234 2176 1807 2251">
     <span class='ocr_line' id='line_1_34' title="bbox 234 2176 1807 2251; baseline -0.003 -18"><span class='ocrx_word' id='word_1_229' title='bbox 234 2185 286 2234; x_wconf 93' lang='lat' dir='ltr'><strong>in</strong></span> <span class='ocrx_word' id='word_1_230' title='bbox 357 2182 589 2247; x_wconf 84' lang='lat' dir='ltr'><strong>quadam</strong></span> <span class='ocrx_word' id='word_1_231' title='bbox 640 2197 740 2236; x_wconf 86' lang='lat' dir='ltr'><strong>sua</strong></span> <span class='ocrx_word' id='word_1_232' title='bbox 783 2181 1036 2251; x_wconf 85' lang='lat' dir='ltr'><strong>epistola,</strong></span> <span class='ocrx_word' id='word_1_233' title='bbox 1089 2180 1248 2250; x_wconf 73' lang='lat' dir='ltr'><strong>cujus</strong></span> <span class='ocrx_word' id='word_1_234' title='bbox 1305 2178 1674 2248; x_wconf 81' lang='lat' dir='ltr'><strong>principium,</strong></span> <span class='ocrx_word' id='word_1_235' title='bbox 1705 2176 1807 2230; x_wconf 77' lang='lat' dir='ltr'><strong>Ad-</strong></span> 
     </span>
    </p>
   </div>
   <div class='ocr_carea' id='block_1_35' title="bbox 231 2271 1807 2337">
    <p class='ocr_par' dir='ltr' id='par_1_35' title="bbox 231 2271 1807 2337">
     <span class='ocr_line' id='line_1_35' title="bbox 231 2271 1807 2337; baseline -0.001 -12"><span class='ocrx_word' id='word_1_236' title='bbox 231 2273 480 2337; x_wconf 84' lang='lat' dir='ltr'><strong>decebat,</strong></span> <span class='ocrx_word' id='word_1_237' title='bbox 546 2273 741 2327; x_wconf 84' lang='lat' dir='ltr'><strong>fratres</strong></span> <span class='ocrx_word' id='word_1_238' title='bbox 810 2274 1048 2326; x_wconf 77' lang='lat' dir='ltr'><strong>maxime</strong></span> <span class='ocrx_word' id='word_1_239' title='bbox 1122 2271 1454 2336; x_wconf 86' lang='lat' dir='ltr'><strong>honorandi,</strong></span> <span class='ocrx_word' id='word_1_240' title='bbox 1531 2273 1646 2325; x_wconf 63' lang='lat' dir='ltr'><strong>haec</strong></span> <span class='ocrx_word' id='word_1_241' title='bbox 1709 2272 1807 2324; x_wconf 79' lang='lat' dir='ltr'><strong>lia-</strong></span> 
     </span>
    </p>
   </div>
   <div class='ocr_carea' id='block_1_36' title="bbox 232 2362 1806 2433">
    <p class='ocr_par' dir='ltr' id='par_1_36' title="bbox 232 2362 1806 2433">
     <span class='ocr_line' id='line_1_36' title="bbox 232 2362 1806 2433; baseline -0.001 -15"><span class='ocrx_word' id='word_1_242' title='bbox 232 2367 322 2418; x_wconf 89' lang='lat' dir='ltr'><strong>bet</strong></span> <span class='ocrx_word' id='word_1_243' title='bbox 346 2382 360 2418; x_wconf 87' lang='lat'><strong>:</strong></span> <span class='ocrx_word' id='word_1_244' title='bbox 391 2383 410 2415; x_wconf 75' lang='grc' dir='ltr'><strong>ι</strong></span> <span class='ocrx_word' id='word_1_245' title='bbox 439 2363 538 2429; x_wconf 87' lang='lat' dir='ltr'><strong>Qui</strong></span> <span class='ocrx_word' id='word_1_246' title='bbox 561 2367 741 2432; x_wconf 80' lang='lat' dir='ltr'><strong>itaque</strong></span> <span class='ocrx_word' id='word_1_247' title='bbox 760 2363 1017 2417; x_wconf 78' lang='lat' dir='ltr'><strong>Acacium</strong></span> <span class='ocrx_word' id='word_1_248' title='bbox 1053 2364 1444 2433; x_wconf 86' lang='lat' dir='ltr'><strong>sequebantur,</strong></span> <span class='ocrx_word' id='word_1_249' title='bbox 1471 2377 1585 2418; x_wconf 71' lang='lat' dir='ltr'><strong>suae</strong></span> <span class='ocrx_word' id='word_1_250' title='bbox 1621 2362 1806 2418; x_wconf 86' lang='lat' dir='ltr'><strong>stulti-</strong></span> 
     </span>
    </p>
   </div>
   <div class='ocr_carea' id='block_1_37' title="bbox 235 2453 1807 2523">
    <p class='ocr_par' dir='ltr' id='par_1_37' title="bbox 235 2453 1807 2523">
     <span class='ocr_line' id='line_1_37' title="bbox 235 2453 1807 2523; baseline -0.003 -13"><span class='ocrx_word' id='word_1_251' title='bbox 235 2459 322 2510; x_wconf 76' lang='lat' dir='ltr'><strong>ti:.e</strong></span> <span class='ocrx_word' id='word_1_252' title='bbox 346 2455 575 2508; x_wconf 73' lang='lat' dir='ltr'><strong>audacia</strong></span> <span class='ocrx_word' id='word_1_253' title='bbox 604 2455 920 2520; x_wconf 86' lang='lat' dir='ltr'><strong>abutentes,</strong></span> <span class='ocrx_word' id='word_1_254' title='bbox 954 2470 1179 2523; x_wconf 88' lang='lat' dir='ltr'><strong>prorsus</strong></span> <span class='ocrx_word' id='word_1_255' title='bbox 1223 2457 1423 2522; x_wconf 86' lang='lat' dir='ltr'><strong>scripta</strong></span> <span class='ocrx_word' id='word_1_256' title='bbox 1455 2453 1675 2508; x_wconf 72' lang='lat' dir='ltr'><strong>Nicazna</strong></span> <span class='ocrx_word' id='word_1_257' title='bbox 1709 2468 1807 2506; x_wconf 91' lang='lat' dir='ltr'><strong>ne-</strong></span> 
     </span>
    </p>
   </div>
   <div class='ocr_carea' id='block_1_38' title="bbox 235 2541 1808 2612">
    <p class='ocr_par' dir='ltr' id='par_1_38' title="bbox 235 2541 1808 2612">
     <span class='ocr_line' id='line_1_38' title="bbox 235 2541 1808 2612; baseline 0.001 -18"><span class='ocrx_word' id='word_1_258' title='bbox 235 2544 461 2612; x_wconf 70' lang='lat' dir='ltr'><strong>gabant,</strong></span> <span class='ocrx_word' id='word_1_259' title='bbox 491 2550 545 2594; x_wconf 91' lang='lat' dir='ltr'><strong>et</strong></span> <span class='ocrx_word' id='word_1_260' title='bbox 601 2541 862 2612; x_wconf 86' lang='lat' dir='ltr'><strong>synodum</strong></span> <span class='ocrx_word' id='word_1_261' title='bbox 922 2542 1398 2609; x_wconf 79' lang='lat' dir='ltr'><strong>criminabantur;</strong></span> <span class='ocrx_word' id='word_1_262' title='bbox 1450 2544 1539 2597; x_wconf 88' lang='lat' dir='ltr'><strong>alii</strong></span> <span class='ocrx_word' id='word_1_263' title='bbox 1578 2558 1708 2598; x_wconf 82' lang='lat' dir='ltr'><strong>vero</strong></span> <span class='ocrx_word' id='word_1_264' title='bbox 1741 2557 1808 2595; x_wconf 73' lang='lat' dir='ltr'><strong>ex</strong></span> 
     </span>
    </p>
   </div>
   <div class='ocr_carea' id='block_1_39' title="bbox 237 2633 1811 2705">
    <p class='ocr_par' dir='ltr' id='par_1_39' title="bbox 237 2633 1811 2705">
     <span class='ocr_line' id='line_1_39' title="bbox 237 2633 1811 2705; baseline 0.004 -21"><span class='ocrx_word' id='word_1_265' title='bbox 237 2633 592 2686; x_wconf 84' lang='lat' dir='ltr'><strong>multitudine</strong></span> <span class='ocrx_word' id='word_1_266' title='bbox 625 2642 676 2686; x_wconf 86' lang='lat' dir='ltr'><strong>et</strong></span> <span class='ocrx_word' id='word_1_267' title='bbox 703 2633 875 2702; x_wconf 85' lang='lat' dir='ltr'><strong>plebe,</strong></span> <span class='ocrx_word' id='word_1_268' title='bbox 909 2635 1115 2702; x_wconf 81' lang='lat' dir='ltr'><strong>reliqua</strong></span> <span class='ocrx_word' id='word_1_269' title='bbox 1143 2637 1323 2689; x_wconf 81' lang='lat' dir='ltr'><strong>ornnia</strong></span> <span class='ocrx_word' id='word_1_270' title='bbox 1370 2636 1562 2704; x_wconf 84' lang='lat' dir='ltr'><strong>synodi</strong></span> <span class='ocrx_word' id='word_1_271' title='bbox 1620 2650 1811 2705; x_wconf 80' lang='lat' dir='ltr'><strong>accep-</strong></span> 
     </span>
    </p>
   </div>
   <div class='ocr_carea' id='block_1_40' title="bbox 237 2724 1810 2786">
    <p class='ocr_par' dir='ltr' id='par_1_40' title="bbox 237 2724 1810 2786">
     <span class='ocr_line' id='line_1_40' title="bbox 237 2724 1810 2786; baseline 0.001 -10"><span class='ocrx_word' id='word_1_272' title='bbox 237 2725 444 2786; x_wconf 85' lang='lat' dir='ltr'><strong>tabant,</strong></span> <span class='ocrx_word' id='word_1_273' title='bbox 477 2724 857 2778; x_wconf 84' lang='lat' dir='ltr'><strong>tantummodo</strong></span> <span class='ocrx_word' id='word_1_274' title='bbox 892 2725 1189 2780; x_wconf 79' lang='lat' dir='ltr'><strong>dictionem</strong></span> <span class='ocrx_word' id='word_1_275' title='bbox 1223 2727 1494 2782; x_wconf 90' lang='lat' dir='ltr'><strong>bomousii</strong></span> <span class='ocrx_word' id='word_1_276' title='bbox 1523 2727 1684 2781; x_wconf 83' lang='lat' dir='ltr'><strong>veluti</strong></span> <span class='ocrx_word' id='word_1_277' title='bbox 1715 2733 1810 2782; x_wconf 88' lang='lat' dir='ltr'><strong>ob-</strong></span> 
     </span>
    </p>
   </div>
   <div class='ocr_carea' id='block_1_41' title="bbox 237 2809 1811 2888">
    <p class='ocr_par' dir='ltr' id='par_1_41' title="bbox 237 2809 1811 2888">
     <span class='ocr_line' id='line_1_41' title="bbox 237 2809 1811 2888; baseline 0.003 -20"><span class='ocrx_word' id='word_1_278' title='bbox 237 2828 453 2868; x_wconf 83' lang='lat' dir='ltr'><strong>scuram</strong></span> <span class='ocrx_word' id='word_1_279' title='bbox 490 2815 542 2867; x_wconf 93' lang='lat' dir='ltr'><strong>in</strong></span> <span class='ocrx_word' id='word_1_280' title='bbox 573 2813 940 2883; x_wconf 88' lang='lat' dir='ltr'><strong>suspicionem</strong></span> <span class='ocrx_word' id='word_1_281' title='bbox 965 2815 1258 2872; x_wconf 80' lang='lat' dir='ltr'><strong>vacabant.</strong></span> <span class='ocrx_word' id='word_1_282' title='bbox 1294 2809 1421 2870; x_wconf 80' lang='lat' dir='ltr'><strong>Pari</strong></span> <span class='ocrx_word' id='word_1_283' title='bbox 1457 2819 1668 2873; x_wconf 86' lang='lat' dir='ltr'><strong>ratione</strong></span> <span class='ocrx_word' id='word_1_284' title='bbox 1721 2827 1811 2888; x_wconf 83' lang='lat' dir='ltr'><strong>sy-</strong></span> 
     </span>
    </p>
   </div>
   <div class='ocr_carea' id='block_1_42' title="bbox 238 2907 1810 2979">
    <p class='ocr_par' dir='ltr' id='par_1_42' title="bbox 238 2907 1810 2979">
     <span class='ocr_line' id='line_1_42' title="bbox 238 2907 1810 2979; baseline 0.004 -19"><span class='ocrx_word' id='word_1_285' title='bbox 238 2907 416 2962; x_wconf 90' lang='lat' dir='ltr'><strong>nodus</strong></span> <span class='ocrx_word' id='word_1_286' title='bbox 447 2908 586 2977; x_wconf 84' lang='lat' dir='ltr'><strong>apud</strong></span> <span class='ocrx_word' id='word_1_287' title='bbox 617 2907 1053 2977; x_wconf 80' lang='lat' dir='ltr'><strong>Hierosolymam</strong></span> <span class='ocrx_word' id='word_1_288' title='bbox 1085 2907 1176 2963; x_wconf 86' lang='lat' dir='ltr'><strong>Dei</strong></span> <span class='ocrx_word' id='word_1_289' title='bbox 1212 2911 1383 2979; x_wconf 78' lang='lat' dir='ltr'><strong>gratia</strong></span> <span class='ocrx_word' id='word_1_290' title='bbox 1415 2922 1601 2966; x_wconf 80' lang='lat' dir='ltr'><strong>coacta</strong></span> <span class='ocrx_word' id='word_1_291' title='bbox 1641 2910 1810 2967; x_wconf 83' lang='lat' dir='ltr'><strong>dicit:</strong></span> 
     </span>
    </p>
   </div>
   <div class='ocr_carea' id='block_1_43' title="bbox 239 2996 1813 3070">
    <p class='ocr_par' dir='ltr' id='par_1_43' title="bbox 239 2996 1813 3070">
     <span class='ocr_line' id='line_1_43' title="bbox 239 2996 1813 3070; baseline 0.004 -22"><span class='ocrx_word' id='word_1_292' title='bbox 239 2997 440 3050; x_wconf 76' lang='lat' dir='ltr'><strong>nullan]</strong></span> <span class='ocrx_word' id='word_1_293' title='bbox 492 2997 653 3048; x_wconf 82' lang='lat' dir='ltr'><strong>aliam</strong></span> <span class='ocrx_word' id='word_1_294' title='bbox 682 2996 762 3048; x_wconf 76' lang='lat' dir='ltr'><strong>&quot;ob</strong></span> <span class='ocrx_word' id='word_1_295' title='bbox 790 3010 1011 3050; x_wconf 82' lang='lat' dir='ltr'><strong>causam</strong></span> <span class='ocrx_word' id='word_1_296' title='bbox 1040 3009 1161 3049; x_wconf 77' lang='lat' dir='ltr'><strong>cum</strong></span> <span class='ocrx_word' id='word_1_297' title='bbox 1223 3012 1416 3068; x_wconf 83' lang='lat' dir='ltr'><strong>magna</strong></span> <span class='ocrx_word' id='word_1_298' title='bbox 1452 2999 1542 3053; x_wconf 90' lang='lat' dir='ltr'><strong>illa</strong></span> <span class='ocrx_word' id='word_1_299' title='bbox 1602 3002 1813 3070; x_wconf 80' lang='lat' dir='ltr'><strong>synodo</strong></span> 
     </span>
    </p>
   </div>
   <div class='ocr_carea' id='block_1_44' title="bbox 240 3087 1811 3154">
    <p class='ocr_par' dir='ltr' id='par_1_44' title="bbox 240 3087 1811 3154">
     <span class='ocr_line' id='line_1_44' title="bbox 240 3087 1811 3154; baseline 0.003 -17"><span class='ocrx_word' id='word_1_300' title='bbox 240 3088 543 3149; x_wconf 80' lang='lat' dir='ltr'><strong>decertant,</strong></span> <span class='ocrx_word' id='word_1_301' title='bbox 579 3087 682 3139; x_wconf 87' lang='lat' dir='ltr'><strong>nisi</strong></span> <span class='ocrx_word' id='word_1_302' title='bbox 717 3087 857 3154; x_wconf 88' lang='lat' dir='ltr'><strong>quod</strong></span> <span class='ocrx_word' id='word_1_303' title='bbox 915 3087 1005 3140; x_wconf 86' lang='lat' dir='ltr'><strong>illa</strong></span> <span class='ocrx_word' id='word_1_304' title='bbox 1057 3087 1312 3141; x_wconf 80' lang='lat' dir='ltr'><strong>Arianam</strong></span> <span class='ocrx_word' id='word_1_305' title='bbox 1371 3088 1628 3144; x_wconf 64' lang='lat' dir='ltr'><strong>haeresim</strong></span> <span class='ocrx_word' id='word_1_306' title='bbox 1677 3104 1811 3144; x_wconf 61' lang='lat' dir='ltr'><strong>cono</strong></span> 
     </span>
    </p>
   </div>
   <div class='ocr_carea' id='block_1_45' title="bbox 240 3177 1814 3236">
    <p class='ocr_par' dir='ltr' id='par_1_45' title="bbox 240 3177 1814 3236">
     <span class='ocr_line' id='line_1_45' title="bbox 240 3177 1814 3236; baseline 0.004 -7"><span class='ocrx_word' id='word_1_307' title='bbox 240 3177 538 3231; x_wconf 81' lang='lat' dir='ltr'><strong>demnavit.</strong></span> <span class='ocrx_word' id='word_1_308' title='bbox 569 3177 779 3233; x_wconf 67' lang='lat' dir='ltr'><strong>lzlcirco</strong></span> <span class='ocrx_word' id='word_1_309' title='bbox 815 3179 958 3232; x_wconf 89' lang='lat' dir='ltr'><strong>cnim</strong></span> <span class='ocrx_word' id='word_1_310' title='bbox 997 3180 1340 3235; x_wconf 87' lang='lat' dir='ltr'><strong>etbomousii</strong></span> <span class='ocrx_word' id='word_1_311' title='bbox 1384 3181 1676 3236; x_wconf 86' lang='lat' dir='ltr'><strong>dictionem</strong></span> <span class='ocrx_word' id='word_1_312' title='bbox 1729 3187 1814 3236; x_wconf 80' lang='lat' dir='ltr'><strong>in-</strong></span> 
     </span>
    </p>
   </div>
   <div class='ocr_carea' id='block_1_46' title="bbox 1921 2079 3490 2150">
    <p class='ocr_par' dir='ltr' id='par_1_46' title="bbox 1921 2079 3490 2150">
     <span class='ocr_line' id='line_1_46' title="bbox 1921 2079 3490 2150; baseline 0.001 -18"><span class='ocrx_word' id='word_1_313' title='bbox 1921 2080 2104 2145; x_wconf 89' lang='grc' dir='ltr'>τοῦτο,</span> <span class='ocrx_word' id='word_1_314' title='bbox 2136 2081 2300 2134; x_wconf 79' lang='grc' dir='ltr'>πάλιν</span> <span class='ocrx_word' id='word_1_315' title='bbox 2358 2079 2454 2132; x_wconf 82' lang='grc' dir='ltr'><strong>τοῦ</strong></span> <span class='ocrx_word' id='word_1_316' title='bbox 2527 2081 2684 2149; x_wconf 80' lang='grc' dir='ltr'>ἁγίου</span> <span class='ocrx_word' id='word_1_317' title='bbox 2751 2081 3078 2134; x_wconf 83' lang='grc' dir='ltr'>Ἀθανασίου</span> <span class='ocrx_word' id='word_1_318' title='bbox 3141 2081 3490 2150; x_wconf 80' lang='grc' dir='ltr'>ἀκούσωμεν,</span> 
     </span>
    </p>
   </div>
   <div class='ocr_carea' id='block_1_47' title="bbox 1921 2167 3492 2245">
    <p class='ocr_par' dir='ltr' id='par_1_47' title="bbox 1921 2167 3492 2245">
     <span class='ocr_line' id='line_1_47' title="bbox 1921 2167 3492 2245; baseline 0.027 -46"><span class='ocrx_word' id='word_1_319' title='bbox 1921 2167 2092 2231; x_wconf 56' lang='grc' dir='ltr'><strong>οὗτος</strong></span> <span class='ocrx_word' id='word_1_320' title='bbox 2157 2173 2265 2240; x_wconf 70' lang='grc' dir='ltr'><strong>γὰρ</strong></span> <span class='ocrx_word' id='word_1_321' title='bbox 2331 2174 2388 2225; x_wconf 69' lang='grc' dir='ltr'>ὲν</span> <span class='ocrx_word' id='word_1_322' title='bbox 2450 2175 2516 2242; x_wconf 81' lang='grc' dir='ltr'>τῇ</span> <span class='ocrx_word' id='word_1_323' title='bbox 2593 2174 2729 2242; x_wconf 76' lang='grc' dir='ltr'>αὐτῇ</span> <span class='ocrx_word' id='word_1_324' title='bbox 2779 2173 3034 2245; x_wconf 77' lang='grc' dir='ltr'>ἐπιστολῇ</span> <span class='ocrx_word' id='word_1_325' title='bbox 3093 2168 3240 2245; x_wconf 77' lang='grc' dir='ltr'>ἦςὴ</span> <span class='ocrx_word' id='word_1_326' title='bbox 3306 2173 3492 2245; x_wconf 78' lang='grc' dir='ltr'><strong>ἀρχὴ.</strong></span> 
     </span>
    </p>
   </div>
   <div class='ocr_carea' id='block_1_48' title="bbox 1922 2259 3486 2337">
    <p class='ocr_par' dir='ltr' id='par_1_48' title="bbox 1922 2259 3486 2337">
     <span class='ocr_line' id='line_1_48' title="bbox 1922 2259 3486 2337; baseline 0.003 -21"><span class='ocrx_word' id='word_1_327' title='bbox 1922 2263 2208 2332; x_wconf 83' lang='grc' dir='ltr'>Προσῆκον</span> <span class='ocrx_word' id='word_1_328' title='bbox 2264 2259 2374 2334; x_wconf 79' lang='grc' dir='ltr'>ἦν,</span> <span class='ocrx_word' id='word_1_329' title='bbox 2410 2264 2629 2331; x_wconf 78' lang='grc' dir='ltr'>ἀδελφοῖ</span> <span class='ocrx_word' id='word_1_330' title='bbox 2687 2263 3029 2332; x_wconf 84' lang='grc' dir='ltr'>τιμιώτατοι,</span> <span class='ocrx_word' id='word_1_331' title='bbox 3095 2265 3221 2320; x_wconf 80' lang='grc' dir='ltr'>τάδε</span> <span class='ocrx_word' id='word_1_332' title='bbox 3279 2271 3486 2337; x_wconf 79' lang='grc' dir='ltr'>φησιν’</span> 
     </span>
    </p>
   </div>
   <div class='ocr_carea' id='block_1_49' title="bbox 1925 2355 3495 2432">
    <p class='ocr_par' dir='ltr' id='par_1_49' title="bbox 1925 2355 3495 2432">
     <span class='ocr_line' id='line_1_49' title="bbox 1925 2355 3495 2432; baseline 0.006 -27"><span class='ocrx_word' id='word_1_333' title='bbox 1925 2375 1942 2404; x_wconf 74' lang='grc' dir='ltr'><strong>ι</strong></span> <span class='ocrx_word' id='word_1_334' title='bbox 1985 2356 2048 2408; x_wconf 82' lang='lat' dir='ltr'><strong>Ol</strong></span> <span class='ocrx_word' id='word_1_335' title='bbox 2084 2356 2184 2424; x_wconf 81' lang='grc' dir='ltr'><strong>μὲν</strong></span> <span class='ocrx_word' id='word_1_336' title='bbox 2240 2355 2335 2409; x_wconf 80' lang='grc' dir='ltr'><strong>οὖν</strong></span> <span class='ocrx_word' id='word_1_337' title='bbox 2385 2357 2516 2424; x_wconf 68' lang='grc' dir='ltr'>περὶ</span> <span class='ocrx_word' id='word_1_338' title='bbox 2616 2355 2874 2410; x_wconf 84' lang='grc' dir='ltr'>Ἀκάκιον</span> <span class='ocrx_word' id='word_1_339' title='bbox 2925 2359 3375 2429; x_wconf 84' lang='grc' dir='ltr'>ἀποχρησάμενοι</span> <span class='ocrx_word' id='word_1_340' title='bbox 3415 2361 3495 2432; x_wconf 85' lang='grc' dir='ltr'>τῷ</span> 
     </span>
    </p>
   </div>
   <div class='ocr_carea' id='block_1_50' title="bbox 1915 2446 3493 2524">
    <p class='ocr_par' dir='ltr' id='par_1_50' title="bbox 1915 2446 3493 2524">
     <span class='ocr_line' id='line_1_50' title="bbox 1915 2446 3493 2524; baseline 0.005 -25"><span class='ocrx_word' id='word_1_341' title='bbox 1915 2448 2014 2517; x_wconf 77' lang='grc' dir='ltr'>τῆς</span> <span class='ocrx_word' id='word_1_342' title='bbox 2039 2447 2297 2510; x_wconf 79' lang='grc' dir='ltr'>ἀπονοίας</span> <span class='ocrx_word' id='word_1_343' title='bbox 2333 2446 2527 2516; x_wconf 82' lang='grc' dir='ltr'>θράσει</span> <span class='ocrx_word' id='word_1_344' title='bbox 2573 2448 2762 2501; x_wconf 80' lang='grc' dir='ltr'>τέλεον</span> <span class='ocrx_word' id='word_1_345' title='bbox 2823 2449 3087 2518; x_wconf 74' lang='grc' dir='ltr'>ἠρνοῦντο</span> <span class='ocrx_word' id='word_1_346' title='bbox 3106 2451 3176 2504; x_wconf 79' lang='grc' dir='ltr'><strong>τά</strong></span> <span class='ocrx_word' id='word_1_347' title='bbox 3203 2453 3260 2503; x_wconf 85' lang='grc' dir='ltr'>ὲν</span> <span class='ocrx_word' id='word_1_348' title='bbox 3289 2453 3493 2524; x_wconf 71' lang='grc' dir='ltr'>Νικαῐςι</span> 
     </span>
    </p>
   </div>
   <div class='ocr_carea' id='block_1_51' title="bbox 1917 2539 3486 2610">
    <p class='ocr_par' dir='ltr' id='par_1_51' title="bbox 1917 2539 3486 2610">
     <span class='ocr_line' id='line_1_51' title="bbox 1917 2539 3486 2610; baseline 0.006 -21"><span class='ocrx_word' id='word_1_349' title='bbox 1917 2539 2225 2609; x_wconf 76' lang='grc' dir='ltr'>γραφέντα,</span> <span class='ocrx_word' id='word_1_350' title='bbox 2271 2540 2362 2592; x_wconf 69' lang='grc' dir='ltr'>καὶ</span> <span class='ocrx_word' id='word_1_351' title='bbox 2388 2539 2487 2610; x_wconf 75' lang='grc' dir='ltr'>τὴν</span> <span class='ocrx_word' id='word_1_352' title='bbox 2521 2539 2740 2593; x_wconf 82' lang='grc' dir='ltr'>σύνοδον</span> <span class='ocrx_word' id='word_1_353' title='bbox 2789 2541 3087 2595; x_wconf 76' lang='grc' dir='ltr'>διέϐαλλον·</span> <span class='ocrx_word' id='word_1_354' title='bbox 3134 2544 3183 2596; x_wconf 82' lang='grc' dir='ltr'>οἱ</span> <span class='ocrx_word' id='word_1_355' title='bbox 3219 2544 3275 2597; x_wconf 86' lang='grc' dir='ltr'>δὲ</span> <span class='ocrx_word' id='word_1_356' title='bbox 3314 2545 3486 2610; x_wconf 77' lang='grc' dir='ltr'>ἄλλοι,</span> 
     </span>
    </p>
   </div>
   <div class='ocr_carea' id='block_1_52' title="bbox 1916 2613 3493 2705">
    <p class='ocr_par' dir='ltr' id='par_1_52' title="bbox 1916 2613 3493 2705">
     <span class='ocr_line' id='line_1_52' title="bbox 1916 2613 3493 2705; baseline 0.006 -25"><span class='ocrx_word' id='word_1_357' title='bbox 1916 2629 1979 2680; x_wconf 73' lang='grc' dir='ltr'>τὸ</span> <span class='ocrx_word' id='word_1_358' title='bbox 2009 2627 2215 2696; x_wconf 79' lang='grc' dir='ltr'>πλῆθος</span> <span class='ocrx_word' id='word_1_359' title='bbox 2243 2613 2298 2680; x_wconf 80' lang='grc' dir='ltr'>δὲ</span> <span class='ocrx_word' id='word_1_360' title='bbox 2344 2624 2485 2699; x_wconf 81' lang='grc' dir='ltr'>ἦσαν</span> <span class='ocrx_word' id='word_1_361' title='bbox 2535 2625 2704 2694; x_wconf 78' lang='grc' dir='ltr'>οῦτοι,</span> <span class='ocrx_word' id='word_1_362' title='bbox 2753 2631 2820 2684; x_wconf 83' lang='grc' dir='ltr'>τὰ</span> <span class='ocrx_word' id='word_1_363' title='bbox 2851 2631 2949 2700; x_wconf 76' lang='grc' dir='ltr'>μὲν</span> <span class='ocrx_word' id='word_1_364' title='bbox 2990 2631 3124 2685; x_wconf 83' lang='grc' dir='ltr'>ἄλλα</span> <span class='ocrx_word' id='word_1_365' title='bbox 3175 2633 3352 2688; x_wconf 82' lang='grc' dir='ltr'>πάντα</span> <span class='ocrx_word' id='word_1_366' title='bbox 3391 2635 3493 2705; x_wconf 68' lang='grc' dir='ltr'>τῆς</span> 
     </span>
    </p>
   </div>
   <div class='ocr_carea' id='block_1_53' title="bbox 1926 2715 3492 2792">
    <p class='ocr_par' dir='ltr' id='par_1_53' title="bbox 1926 2715 3492 2792">
     <span class='ocr_line' id='line_1_53' title="bbox 1926 2715 3492 2792; baseline 0.008 -26"><span class='ocrx_word' id='word_1_367' title='bbox 1926 2715 2150 2768; x_wconf 86' lang='grc' dir='ltr'>συνόδου</span> <span class='ocrx_word' id='word_1_368' title='bbox 2173 2716 2524 2787; x_wconf 83' lang='grc' dir='ltr'>ἀπεδέχοντο,</span> <span class='ocrx_word' id='word_1_369' title='bbox 2609 2719 2769 2786; x_wconf 87' lang='grc' dir='ltr'>μόνον</span> <span class='ocrx_word' id='word_1_370' title='bbox 2825 2719 2882 2772; x_wconf 77' lang='grc' dir='ltr'>δὲ</span> <span class='ocrx_word' id='word_1_371' title='bbox 2917 2720 3016 2788; x_wconf 83' lang='grc' dir='ltr'>τὴν</span> <span class='ocrx_word' id='word_1_372' title='bbox 3052 2720 3147 2774; x_wconf 86' lang='grc' dir='ltr'><strong>τοῦ</strong></span> <span class='ocrx_word' id='word_1_373' title='bbox 3200 2722 3492 2792; x_wconf 83' lang='grc' dir='ltr'>όμοουσίου</span> 
     </span>
    </p>
   </div>
   <div class='ocr_carea' id='block_1_54' title="bbox 1919 2807 3488 2882">
    <p class='ocr_par' dir='ltr' id='par_1_54' title="bbox 1919 2807 3488 2882">
     <span class='ocr_line' id='line_1_54' title="bbox 1919 2807 3488 2882; baseline 0.007 -24"><span class='ocrx_word' id='word_1_374' title='bbox 1919 2807 2065 2872; x_wconf 77' lang='grc' dir='ltr'>λέξιν</span> <span class='ocrx_word' id='word_1_375' title='bbox 2095 2807 2171 2870; x_wconf 84' lang='grc' dir='ltr'>ὡς</span> <span class='ocrx_word' id='word_1_376' title='bbox 2200 2810 2262 2860; x_wconf 78' lang='grc' dir='ltr'>ὲκ</span> <span class='ocrx_word' id='word_1_377' title='bbox 2300 2810 2398 2878; x_wconf 83' lang='grc' dir='ltr'>τῆς</span> <span class='ocrx_word' id='word_1_378' title='bbox 2424 2810 2692 2877; x_wconf 72' lang='grc' dir='ltr'>ἀσαφείας</span> <span class='ocrx_word' id='word_1_379' title='bbox 2727 2809 2974 2864; x_wconf 80' lang='grc' dir='ltr'>ὕποπτον</span> <span class='ocrx_word' id='word_1_380' title='bbox 3026 2813 3488 2882; x_wconf 75' lang='grc' dir='ltr'>ἐπροφασίζοντο.</span> 
     </span>
    </p>
   </div>
   <div class='ocr_carea' id='block_1_55' title="bbox 1933 2898 3492 2976">
    <p class='ocr_par' dir='ltr' id='par_1_55' title="bbox 1933 2898 3492 2976">
     <span class='ocr_line' id='line_1_55' title="bbox 1933 2898 3492 2976; baseline 0.005 -24"><span class='ocrx_word' id='word_1_381' title='bbox 1933 2898 2168 2968; x_wconf 83' lang='grc' dir='ltr'>Ὁμοίως</span> <span class='ocrx_word' id='word_1_382' title='bbox 2197 2899 2253 2952; x_wconf 81' lang='grc' dir='ltr'>δὲ</span> <span class='ocrx_word' id='word_1_383' title='bbox 2283 2902 2375 2953; x_wconf 76' lang='grc' dir='ltr'><strong>καὶ</strong></span> <span class='ocrx_word' id='word_1_384' title='bbox 2428 2902 2461 2970; x_wconf 77' lang='grc' dir='ltr'><strong>ἡ</strong></span> <span class='ocrx_word' id='word_1_385' title='bbox 2489 2902 2707 2964; x_wconf 85' lang='grc' dir='ltr'>σύνοδος</span> <span class='ocrx_word' id='word_1_386' title='bbox 2743 2904 2775 2972; x_wconf 79' lang='grc' dir='ltr'>ὴ</span> <span class='ocrx_word' id='word_1_387' title='bbox 2831 2905 2886 2956; x_wconf 77' lang='grc' dir='ltr'>ὲν</span> <span class='ocrx_word' id='word_1_388' title='bbox 2933 2903 3327 2976; x_wconf 86' lang='grc' dir='ltr'>Ἰεροσολύμοις</span> <span class='ocrx_word' id='word_1_389' title='bbox 3359 2907 3492 2961; x_wconf 85' lang='grc' dir='ltr'>Θεοῦ</span> 
     </span>
    </p>
   </div>
   <div class='ocr_carea' id='block_1_56' title="bbox 1919 2991 3494 3068">
    <p class='ocr_par' dir='ltr' id='par_1_56' title="bbox 1919 2991 3494 3068">
     <span class='ocr_line' id='line_1_56' title="bbox 1919 2991 3494 3068; baseline 0.004 -23"><span class='ocrx_word' id='word_1_390' title='bbox 1919 2993 2104 3062; x_wconf 82' lang='grc' dir='ltr'>χάριτι</span> <span class='ocrx_word' id='word_1_391' title='bbox 2139 2991 2473 3062; x_wconf 84' lang='grc' dir='ltr'>συναχθεῖσά</span> <span class='ocrx_word' id='word_1_392' title='bbox 2506 3009 2662 3062; x_wconf 71' lang='grc' dir='ltr'>φησι*</span> <span class='ocrx_word' id='word_1_393' title='bbox 2706 2994 2784 3045; x_wconf 84' lang='grc' dir='ltr'><strong>Δι’</strong></span> <span class='ocrx_word' id='word_1_394' title='bbox 2818 2993 2970 3047; x_wconf 82' lang='grc' dir='ltr'>οὐδὲν</span> <span class='ocrx_word' id='word_1_395' title='bbox 2996 2995 3184 3066; x_wconf 77' lang='grc' dir='ltr'>ἕτερον</span> <span class='ocrx_word' id='word_1_396' title='bbox 3230 2997 3494 3068; x_wconf 83' lang='grc' dir='ltr'>μάχονται</span> 
     </span>
    </p>
   </div>
   <div class='ocr_carea' id='block_1_57' title="bbox 1922 3083 3495 3160">
    <p class='ocr_par' dir='ltr' id='par_1_57' title="bbox 1922 3083 3495 3160">
     <span class='ocr_line' id='line_1_57' title="bbox 1922 3083 3495 3160; baseline 0.004 -22"><span class='ocrx_word' id='word_1_397' title='bbox 1922 3085 2058 3155; x_wconf 70' lang='grc' dir='ltr'>πρὸς</span> <span class='ocrx_word' id='word_1_398' title='bbox 2087 3083 2184 3155; x_wconf 78' lang='grc' dir='ltr'><strong>τὴν</strong></span> <span class='ocrx_word' id='word_1_399' title='bbox 2223 3084 2436 3138; x_wconf 73' lang='grc' dir='ltr'>σύνοδον</span> <span class='ocrx_word' id='word_1_400' title='bbox 2468 3085 2687 3154; x_wconf 77' lang='grc' dir='ltr'>ἐκείνην</span> <span class='ocrx_word' id='word_1_401' title='bbox 2746 3085 2846 3152; x_wconf 74' lang='grc' dir='ltr'><strong>τὴν</strong></span> <span class='ocrx_word' id='word_1_402' title='bbox 2900 3087 3167 3158; x_wconf 84' lang='grc' dir='ltr'>μεγάλην,</span> <span class='ocrx_word' id='word_1_403' title='bbox 3221 3091 3254 3160; x_wconf 73' lang='grc' dir='ltr'>ἢ</span> <span class='ocrx_word' id='word_1_404' title='bbox 3289 3091 3368 3143; x_wconf 77' lang='grc' dir='ltr'>ὅτι</span> <span class='ocrx_word' id='word_1_405' title='bbox 3398 3092 3495 3160; x_wconf 70' lang='grc' dir='ltr'><strong>τὴν</strong></span> 
     </span>
    </p>
   </div>
   <div class='ocr_carea' id='block_1_58' title="bbox 1938 3176 3496 3250">
    <p class='ocr_par' dir='ltr' id='par_1_58' title="bbox 1938 3176 3496 3250">
     <span class='ocr_line' id='line_1_58' title="bbox 1938 3176 3496 3250; baseline 0.004 -20"><span class='ocrx_word' id='word_1_406' title='bbox 1938 3176 2282 3247; x_wconf 81' lang='grc' dir='ltr'>Ἀρειανικὴν</span> <span class='ocrx_word' id='word_1_407' title='bbox 2316 3176 2530 3245; x_wconf 75' lang='grc' dir='ltr'>αἵρεσιν</span> <span class='ocrx_word' id='word_1_408' title='bbox 2560 3177 2874 3246; x_wconf 86' lang='grc' dir='ltr'>κατέκρινε.</span> <span class='ocrx_word' id='word_1_409' title='bbox 2926 3180 3026 3231; x_wconf 75' lang='grc' dir='ltr'><strong>Διὰ</strong></span> <span class='ocrx_word' id='word_1_410' title='bbox 3054 3180 3212 3234; x_wconf 87' lang='grc' dir='ltr'>τοῦτο</span> <span class='ocrx_word' id='word_1_411' title='bbox 3245 3182 3353 3250; x_wconf 79' lang='grc' dir='ltr'><strong>γὰρ</strong></span> <span class='ocrx_word' id='word_1_412' title='bbox 3400 3184 3496 3236; x_wconf 73' lang='grc' dir='ltr'>καὶ</span> 
     </span>
    </p>
   </div>
   <div class='ocr_carea' id='block_1_59' title="bbox 241 3265 1813 3337">
    <p class='ocr_par' dir='ltr' id='par_1_59' title="bbox 241 3268 1810 3337">
     <span class='ocr_line' id='line_1_59' title="bbox 241 3268 1810 3337; baseline 0.003 -15"><span class='ocrx_word' id='word_1_413' title='bbox 241 3276 459 3330; x_wconf 85' lang='lat' dir='ltr'><strong>cusant,</strong></span> <span class='ocrx_word' id='word_1_414' title='bbox 483 3269 624 3323; x_wconf 74' lang='lat' dir='ltr'><strong>male</strong></span> <span class='ocrx_word' id='word_1_415' title='bbox 658 3268 759 3337; x_wconf 86' lang='lat' dir='ltr'><strong>ipsi</strong></span> <span class='ocrx_word' id='word_1_416' title='bbox 783 3269 849 3324; x_wconf 87' lang='lat' dir='ltr'><strong>de</strong></span> <span class='ocrx_word' id='word_1_417' title='bbox 888 3284 950 3323; x_wconf 90' lang='lat' dir='ltr'><strong>ea</strong></span> <span class='ocrx_word' id='word_1_418' title='bbox 993 3271 1311 3325; x_wconf 84' lang='lat' dir='ltr'><strong>sentientes.</strong></span> <span class='ocrx_word' id='word_1_419' title='bbox 1369 3291 1387 3323; x_wconf 77' lang='grc' dir='ltr'><strong>ι</strong></span> <span class='ocrx_word' id='word_1_420' title='bbox 1445 3271 1707 3327; x_wconf 72' lang='lat' dir='ltr'><strong>Praeterea</strong></span> <span class='ocrx_word' id='word_1_421' title='bbox 1757 3274 1810 3327; x_wconf 90' lang='lat' dir='ltr'><strong>in</strong></span> 
     </span>
    </p>
   </div>
   <div class='ocr_carea' id='block_1_60' title="bbox 1920 3265 3490 3337">
    <p class='ocr_par' dir='ltr' id='par_1_60' title="bbox 1920 3265 3490 3337">
     <span class='ocr_line' id='line_1_60' title="bbox 1920 3265 3490 3337; baseline 0.004 -18"><span class='ocrx_word' id='word_1_422' title='bbox 1920 3267 2020 3337; x_wconf 76' lang='grc' dir='ltr'>τὴν</span> <span class='ocrx_word' id='word_1_423' title='bbox 2047 3265 2142 3319; x_wconf 83' lang='grc' dir='ltr'><strong>τοῦ</strong></span> <span class='ocrx_word' id='word_1_424' title='bbox 2172 3267 2462 3336; x_wconf 79' lang='grc' dir='ltr'>όμοουσίου</span> <span class='ocrx_word' id='word_1_425' title='bbox 2499 3266 2641 3332; x_wconf 79' lang='grc' dir='ltr'>λέξιν</span> <span class='ocrx_word' id='word_1_426' title='bbox 2674 3268 3042 3334; x_wconf 73' lang='grc' dir='ltr'>διαϐάλλουσι,</span> <span class='ocrx_word' id='word_1_427' title='bbox 3093 3273 3276 3335; x_wconf 80' lang='grc' dir='ltr'>κακῶς</span> <span class='ocrx_word' id='word_1_428' title='bbox 3333 3275 3490 3326; x_wconf 77' lang='grc' dir='ltr'>αὐτοὶ</span> 
     </span>
    </p>
   </div>
   <div class='ocr_carea' id='block_1_61' title="bbox 243 3359 1810 3432">
    <p class='ocr_par' dir='ltr' id='par_1_61' title="bbox 243 3359 1810 3432">
     <span class='ocr_line' id='line_1_61' title="bbox 243 3359 1810 3432; baseline 0.003 -20"><span class='ocrx_word' id='word_1_429' title='bbox 243 3362 346 3414; x_wconf 87' lang='lat' dir='ltr'><strong>bac</strong></span> <span class='ocrx_word' id='word_1_430' title='bbox 376 3359 564 3413; x_wconf 85' lang='lat' dir='ltr'><strong>eadem</strong></span> <span class='ocrx_word' id='word_1_431' title='bbox 613 3361 839 3428; x_wconf 89' lang='lat' dir='ltr'><strong>epistola</strong></span> <span class='ocrx_word' id='word_1_432' title='bbox 898 3369 1021 3430; x_wconf 87' lang='lat' dir='ltr'><strong>post</strong></span> <span class='ocrx_word' id='word_1_433' title='bbox 1057 3376 1227 3428; x_wconf 85' lang='lat' dir='ltr'><strong>pauca</strong></span> <span class='ocrx_word' id='word_1_434' title='bbox 1280 3363 1514 3418; x_wconf 84' lang='lat' dir='ltr'><strong>scribit:</strong></span> <span class='ocrx_word' id='word_1_435' title='bbox 1545 3381 1565 3414; x_wconf 74' lang='grc' dir='ltr'><strong>ι</strong></span> <span class='ocrx_word' id='word_1_436' title='bbox 1603 3362 1659 3416; x_wconf 81' lang='lat' dir='ltr'><strong>in</strong></span> <span class='ocrx_word' id='word_1_437' title='bbox 1698 3366 1810 3432; x_wconf 92' lang='lat' dir='ltr'><strong>ipsa</strong></span> 
     </span>
    </p>
   </div>
   <div class='ocr_carea' id='block_1_62' title="bbox 245 3450 1815 3521">
    <p class='ocr_par' dir='ltr' id='par_1_62' title="bbox 245 3450 1815 3521">
     <span class='ocr_line' id='line_1_62' title="bbox 245 3450 1815 3521; baseline 0.003 -17"><span class='ocrx_word' id='word_1_438' title='bbox 245 3450 453 3505; x_wconf 85' lang='lat' dir='ltr'><strong>Isauria</strong></span> <span class='ocrx_word' id='word_1_439' title='bbox 509 3453 785 3504; x_wconf 77' lang='lat' dir='ltr'><strong>contraria</strong></span> <span class='ocrx_word' id='word_1_440' title='bbox 841 3452 1208 3521; x_wconf 85' lang='lat' dir='ltr'><strong>scripserunt,</strong></span> <span class='ocrx_word' id='word_1_441' title='bbox 1265 3453 1532 3518; x_wconf 84' lang='lat' dir='ltr'><strong>dicentes,</strong></span> <span class='ocrx_word' id='word_1_442' title='bbox 1587 3455 1815 3509; x_wconf 89' lang='lat' dir='ltr'><strong>bomou-</strong></span> 
     </span>
    </p>
   </div>
   <div class='ocr_carea' id='block_1_63' title="bbox 244 3539 1813 3613">
    <p class='ocr_par' dir='ltr' id='par_1_63' title="bbox 244 3539 1813 3613">
     <span class='ocr_line' id='line_1_63' title="bbox 244 3539 1813 3613; baseline 0.003 -19"><span class='ocrx_word' id='word_1_443' title='bbox 244 3542 406 3604; x_wconf 85' lang='lat' dir='ltr'><strong>sinm,</strong></span> <span class='ocrx_word' id='word_1_444' title='bbox 433 3539 906 3610; x_wconf 74' lang='lat' dir='ltr'><strong>bommusiumque</strong></span> <span class='ocrx_word' id='word_1_445' title='bbox 967 3550 1225 3611; x_wconf 77' lang='lat' dir='ltr'><strong>tanquam</strong></span> <span class='ocrx_word' id='word_1_446' title='bbox 1273 3558 1302 3596; x_wconf 91' lang='lat' dir='ltr'><strong>a</strong></span> <span class='ocrx_word' id='word_1_447' title='bbox 1345 3541 1642 3613; x_wconf 82' lang='lat' dir='ltr'><strong>Scripturis</strong></span> <span class='ocrx_word' id='word_1_448' title='bbox 1683 3546 1813 3600; x_wconf 83' lang='lat' dir='ltr'><strong>alie-</strong></span> 
     </span>
    </p>
   </div>
   <div class='ocr_carea' id='block_1_64' title="bbox 245 3623 1814 3703">
    <p class='ocr_par' dir='ltr' id='par_1_64' title="bbox 245 3623 1814 3703">
     <span class='ocr_line' id='line_1_64' title="bbox 245 3623 1814 3703; baseline 0.004 -20"><span class='ocrx_word' id='word_1_449' title='bbox 245 3646 374 3684; x_wconf 85' lang='lat' dir='ltr'><strong>num</strong></span> <span class='ocrx_word' id='word_1_450' title='bbox 402 3623 708 3700; x_wconf 80' lang='lat' dir='ltr'><strong>ejicieutes,</strong></span> <span class='ocrx_word' id='word_1_451' title='bbox 738 3640 792 3686; x_wconf 91' lang='lat' dir='ltr'><strong>et</strong></span> <span class='ocrx_word' id='word_1_452' title='bbox 820 3634 1073 3687; x_wconf 77' lang='lat' dir='ltr'><strong>essentia:</strong></span> <span class='ocrx_word' id='word_1_453' title='bbox 1105 3648 1297 3687; x_wconf 88' lang='lat' dir='ltr'><strong>nomen</strong></span> <span class='ocrx_word' id='word_1_454' title='bbox 1327 3633 1637 3703; x_wconf 70' lang='lat' dir='ltr'><strong>eijciemus,</strong></span> <span class='ocrx_word' id='word_1_455' title='bbox 1696 3643 1814 3691; x_wconf 80' lang='lat' dir='ltr'><strong>tau-&#39;-</strong></span> 
     </span>
    </p>
   </div>
   <div class='ocr_carea' id='block_1_65' title="bbox 244 3723 1811 3797">
    <p class='ocr_par' dir='ltr' id='par_1_65' title="bbox 244 3723 1811 3797">
     <span class='ocr_line' id='line_1_65' title="bbox 244 3723 1811 3797; baseline 0.005 -21"><span class='ocrx_word' id='word_1_456' title='bbox 244 3736 408 3790; x_wconf 80' lang='lat' dir='ltr'><strong>quam</strong></span> <span class='ocrx_word' id='word_1_457' title='bbox 431 3723 574 3791; x_wconf 86' lang='lat' dir='ltr'><strong>quod</strong></span> <span class='ocrx_word' id='word_1_458' title='bbox 605 3738 872 3792; x_wconf 82' lang='lat' dir='ltr'><strong>nusquam</strong></span> <span class='ocrx_word' id='word_1_459' title='bbox 902 3725 954 3778; x_wconf 92' lang='lat' dir='ltr'><strong>in</strong></span> <span class='ocrx_word' id='word_1_460' title='bbox 999 3724 1300 3794; x_wconf 87' lang='lat' dir='ltr'><strong>Scripturis</strong></span> <span class='ocrx_word' id='word_1_461' title='bbox 1359 3735 1462 3781; x_wconf 85' lang='lat' dir='ltr'><strong>est.</strong></span> <span class='ocrx_word' id='word_1_462' title='bbox 1507 3745 1525 3779; x_wconf 75' lang='grc' dir='ltr'><strong>ι</strong></span> <span class='ocrx_word' id='word_1_463' title='bbox 1568 3727 1811 3797; x_wconf 87' lang='lat' dir='ltr'><strong>llincqnc</strong></span> 
     </span>
    </p>
   </div>
   <div class='ocr_carea' id='block_1_66' title="bbox 245 3812 1817 3885">
    <p class='ocr_par' dir='ltr' id='par_1_66' title="bbox 245 3812 1817 3885">
     <span class='ocr_line' id='line_1_66' title="bbox 245 3812 1817 3885; baseline 0.006 -21"><span class='ocrx_word' id='word_1_464' title='bbox 245 3814 415 3882; x_wconf 84' lang='lat' dir='ltr'><strong>probe</strong></span> <span class='ocrx_word' id='word_1_465' title='bbox 448 3812 607 3868; x_wconf 87' lang='lat' dir='ltr'><strong>divus</strong></span> <span class='ocrx_word' id='word_1_466' title='bbox 649 3814 927 3885; x_wconf 83' lang='lat' dir='ltr'><strong>Cyrinus:</strong></span> <span class='ocrx_word' id='word_1_467' title='bbox 987 3833 1007 3867; x_wconf 71' lang='grc' dir='ltr'><strong>ι</strong></span> <span class='ocrx_word' id='word_1_468' title='bbox 1077 3815 1194 3871; x_wconf 84' lang='lat' dir='ltr'><strong>Non</strong></span> <span class='ocrx_word' id='word_1_469' title='bbox 1247 3817 1611 3884; x_wconf 84' lang='lat' dir='ltr'><strong>permittimus</strong></span> <span class='ocrx_word' id='word_1_470' title='bbox 1660 3820 1817 3874; x_wconf 91' lang='lat' dir='ltr'><strong>nobis</strong></span> 
     </span>
    </p>
   </div>
   <div class='ocr_carea' id='block_1_67' title="bbox 246 3905 1811 3973">
    <p class='ocr_par' dir='ltr' id='par_1_67' title="bbox 246 3905 1811 3973">
     <span class='ocr_line' id='line_1_67' title="bbox 246 3905 1811 3973; baseline 0.004 -17"><span class='ocrx_word' id='word_1_471' title='bbox 246 3905 403 3973; x_wconf 81' lang='lat' dir='ltr'><strong>ipsis,</strong></span> <span class='ocrx_word' id='word_1_472' title='bbox 440 3915 533 3959; x_wconf 88' lang='lat' dir='ltr'><strong>aut</strong></span> <span class='ocrx_word' id='word_1_473' title='bbox 562 3906 706 3970; x_wconf 87' lang='lat' dir='ltr'><strong>aliis,</strong></span> <span class='ocrx_word' id='word_1_474' title='bbox 733 3907 889 3968; x_wconf 88' lang='lat' dir='ltr'><strong>dicit.</strong></span> <span class='ocrx_word' id='word_1_475' title='bbox 924 3921 993 3962; x_wconf 91' lang='lat' dir='ltr'><strong>ne</strong></span> <span class='ocrx_word' id='word_1_476' title='bbox 1025 3907 1252 3962; x_wconf 90' lang='lat' dir='ltr'><strong>libertas</strong></span> <span class='ocrx_word' id='word_1_477' title='bbox 1276 3909 1587 3964; x_wconf 82' lang='lat' dir='ltr'><strong>volentibus</strong></span> <span class='ocrx_word' id='word_1_478' title='bbox 1649 3907 1811 3963; x_wconf 72' lang='lat' dir='ltr'><strong>detur</strong></span> 
     </span>
    </p>
   </div>
   <div class='ocr_carea' id='block_1_68' title="bbox 248 3997 1818 4069">
    <p class='ocr_par' dir='ltr' id='par_1_68' title="bbox 248 3997 1818 4069">
     <span class='ocr_line' id='line_1_68' title="bbox 248 3997 1818 4069; baseline 0.005 -21"><span class='ocrx_word' id='word_1_479' title='bbox 248 3997 559 4060; x_wconf 86' lang='lat' dir='ltr'><strong>immutare,</strong></span> <span class='ocrx_word' id='word_1_480' title='bbox 595 4006 649 4051; x_wconf 87' lang='lat' dir='ltr'><strong>et</strong></span> <span class='ocrx_word' id='word_1_481' title='bbox 673 3999 949 4052; x_wconf 81' lang='lat' dir='ltr'><strong>contraria</strong></span> <span class='ocrx_word' id='word_1_482' title='bbox 969 3999 1236 4054; x_wconf 86' lang='lat' dir='ltr'><strong>scribere.</strong></span> <span class='ocrx_word' id='word_1_483' title='bbox 1259 4017 1277 4050; x_wconf 75' lang='grc' dir='ltr'><strong>ι</strong></span> <span class='ocrx_word' id='word_1_484' title='bbox 1314 3998 1480 4069; x_wconf 83' lang='lat' dir='ltr'><strong>idque</strong></span> <span class='ocrx_word' id='word_1_485' title='bbox 1526 4002 1818 4057; x_wconf 70' lang='lat' dir='ltr'><strong>manifeste</strong></span> 
     </span>
    </p>
   </div>
   <div class='ocr_carea' id='block_1_69' title="bbox 249 4089 1819 4163">
    <p class='ocr_par' dir='ltr' id='par_1_69' title="bbox 249 4089 1819 4163">
     <span class='ocr_line' id='line_1_69' title="bbox 249 4089 1819 4163; baseline 0.007 -25"><span class='ocrx_word' id='word_1_486' title='bbox 249 4094 476 4156; x_wconf 83' lang='lat' dir='ltr'><strong>apparet</strong></span> <span class='ocrx_word' id='word_1_487' title='bbox 510 4101 575 4142; x_wconf 81' lang='lat' dir='ltr'><strong>ex</strong></span> <span class='ocrx_word' id='word_1_488' title='bbox 601 4089 838 4155; x_wconf 85' lang='lat' dir='ltr'><strong>septimo</strong></span> <span class='ocrx_word' id='word_1_489' title='bbox 899 4103 1106 4144; x_wconf 81' lang='lat' dir='ltr'><strong>canone</strong></span> <span class='ocrx_word' id='word_1_490' title='bbox 1142 4092 1316 4146; x_wconf 70' lang='lat' dir='ltr'><strong>tertiae</strong></span> <span class='ocrx_word' id='word_1_491' title='bbox 1350 4092 1564 4162; x_wconf 87' lang='lat' dir='ltr'><strong>synodi,</strong></span> <span class='ocrx_word' id='word_1_492' title='bbox 1625 4094 1678 4148; x_wconf 89' lang='lat' dir='ltr'><strong>in</strong></span> <span class='ocrx_word' id='word_1_493' title='bbox 1711 4109 1819 4163; x_wconf 90' lang='lat' dir='ltr'><strong>quo</strong></span> 
     </span>
    </p>
   </div>
   <div class='ocr_carea' id='block_1_70' title="bbox 247 4178 1820 4254">
    <p class='ocr_par' dir='ltr' id='par_1_70' title="bbox 247 4178 1820 4254">
     <span class='ocr_line' id='line_1_70' title="bbox 247 4178 1820 4254; baseline 0.005 -24"><span class='ocrx_word' id='word_1_494' title='bbox 247 4178 546 4233; x_wconf 85' lang='lat' dir='ltr'><strong>scribitur:</strong></span> <span class='ocrx_word' id='word_1_495' title='bbox 588 4196 606 4230; x_wconf 76' lang='grc' dir='ltr'><strong>ι</strong></span> <span class='ocrx_word' id='word_1_496' title='bbox 653 4178 755 4244; x_wconf 87' lang='lat' dir='ltr'><strong>Qui</strong></span> <span class='ocrx_word' id='word_1_497' title='bbox 791 4180 950 4236; x_wconf 79' lang='lat' dir='ltr'><strong>(idem</strong></span> <span class='ocrx_word' id='word_1_498' title='bbox 984 4181 1144 4234; x_wconf 83' lang='lat' dir='ltr'><strong>aliam</strong></span> <span class='ocrx_word' id='word_1_499' title='bbox 1175 4197 1338 4250; x_wconf 90' lang='lat' dir='ltr'><strong>quam</strong></span> <span class='ocrx_word' id='word_1_500' title='bbox 1394 4197 1514 4237; x_wconf 89' lang='lat' dir='ltr'><strong>eam</strong></span> <span class='ocrx_word' id='word_1_501' title='bbox 1563 4198 1685 4254; x_wconf 69' lang='lat' dir='ltr'><strong>qua:</strong></span> <span class='ocrx_word' id='word_1_502' title='bbox 1728 4184 1820 4238; x_wconf 78' lang='lat' dir='ltr'><strong>Ni-</strong></span> 
     </span>
    </p>
   </div>
   <div class='ocr_carea' id='block_1_71' title="bbox 249 4270 1821 4343">
    <p class='ocr_par' dir='ltr' id='par_1_71' title="bbox 249 4270 1821 4343">
     <span class='ocr_line' id='line_1_71' title="bbox 249 4270 1821 4343; baseline 0.004 -22"><span class='ocrx_word' id='word_1_503' title='bbox 249 4281 372 4322; x_wconf 75' lang='lat' dir='ltr'><strong>eueze</strong></span> <span class='ocrx_word' id='word_1_504' title='bbox 399 4270 621 4324; x_wconf 79' lang='lat' dir='ltr'><strong>deﬁnita</strong></span> <span class='ocrx_word' id='word_1_505' title='bbox 677 4279 781 4337; x_wconf 88' lang='lat' dir='ltr'><strong>est,</strong></span> <span class='ocrx_word' id='word_1_506' title='bbox 849 4271 1202 4328; x_wconf 85' lang='lat' dir='ltr'><strong>introducens</strong></span> <span class='ocrx_word' id='word_1_507' title='bbox 1237 4274 1548 4342; x_wconf 84' lang='lat' dir='ltr'><strong>episcopus,</strong></span> <span class='ocrx_word' id='word_1_508' title='bbox 1598 4275 1664 4328; x_wconf 89' lang='lat' dir='ltr'><strong>ab</strong></span> <span class='ocrx_word' id='word_1_509' title='bbox 1707 4275 1821 4343; x_wconf 90' lang='lat' dir='ltr'><strong>epi-</strong></span> 
     </span>
    </p>
   </div>
   <div class='ocr_carea' id='block_1_72' title="bbox 249 4363 1820 4436">
    <p class='ocr_par' dir='ltr' id='par_1_72' title="bbox 249 4363 1820 4436">
     <span class='ocr_line' id='line_1_72' title="bbox 249 4363 1820 4436; baseline 0.004 -23"><span class='ocrx_word' id='word_1_510' title='bbox 249 4370 474 4428; x_wconf 76' lang='lat' dir='ltr'><strong>sropatu</strong></span> <span class='ocrx_word' id='word_1_511' title='bbox 513 4363 729 4417; x_wconf 86' lang='lat' dir='ltr'><strong>alienus</strong></span> <span class='ocrx_word' id='word_1_512' title='bbox 772 4373 875 4427; x_wconf 89' lang='lat' dir='ltr'><strong>est,</strong></span> <span class='ocrx_word' id='word_1_513' title='bbox 913 4364 1108 4418; x_wconf 78' lang='lat' dir='ltr'><strong>laicus</strong></span> <span class='ocrx_word' id='word_1_514' title='bbox 1138 4363 1414 4432; x_wconf 84' lang='lat' dir='ltr'><strong>ejiciatur.</strong></span> <span class='ocrx_word' id='word_1_515' title='bbox 1446 4384 1466 4418; x_wconf 73' lang='grc' dir='ltr'><strong>ι</strong></span> <span class='ocrx_word' id='word_1_516' title='bbox 1509 4365 1678 4436; x_wconf 84' lang='lat' dir='ltr'><strong>Cttjus</strong></span> <span class='ocrx_word' id='word_1_517' title='bbox 1737 4368 1820 4420; x_wconf 88' lang='lat' dir='ltr'><strong>in-</strong></span> 
     </span>
    </p>
   </div>
   <div class='ocr_carea' id='block_1_73' title="bbox 249 4453 1819 4526">
    <p class='ocr_par' dir='ltr' id='par_1_73' title="bbox 249 4453 1819 4526">
     <span class='ocr_line' id='line_1_73' title="bbox 249 4453 1819 4526; baseline 0.006 -24"><span class='ocrx_word' id='word_1_518' title='bbox 249 4453 566 4517; x_wconf 80' lang='lat' dir='ltr'><strong>terpretatio</strong></span> <span class='ocrx_word' id='word_1_519' title='bbox 613 4459 734 4507; x_wconf 86' lang='lat' dir='ltr'><strong>est:</strong></span> <span class='ocrx_word' id='word_1_520' title='bbox 773 4467 792 4504; x_wconf 73' lang='grc' dir='ltr'><strong>ι</strong></span> <span class='ocrx_word' id='word_1_521' title='bbox 859 4453 962 4518; x_wconf 86' lang='lat' dir='ltr'><strong>Qui</strong></span> <span class='ocrx_word' id='word_1_522' title='bbox 1020 4465 1214 4523; x_wconf 83' lang='lat' dir='ltr'><strong>praeter</strong></span> <span class='ocrx_word' id='word_1_523' title='bbox 1267 4469 1387 4509; x_wconf 83' lang='lat' dir='ltr'><strong>eam</strong></span> <span class='ocrx_word' id='word_1_524' title='bbox 1452 4457 1610 4511; x_wconf 76' lang='lat' dir='ltr'><strong>[idem</strong></span> <span class='ocrx_word' id='word_1_525' title='bbox 1657 4473 1819 4526; x_wconf 86' lang='lat' dir='ltr'><strong>quam</strong></span> 
     </span>
    </p>
   </div>
   <div class='ocr_carea' id='block_1_74' title="bbox 251 4541 1824 4620">
    <p class='ocr_par' dir='ltr' id='par_1_74' title="bbox 251 4541 1824 4620">
     <span class='ocr_line' id='line_1_74' title="bbox 251 4541 1824 4620; baseline 0.005 -26"><span class='ocrx_word' id='word_1_526' title='bbox 251 4542 426 4595; x_wconf 84' lang='lat' dir='ltr'><strong>sancti</strong></span> <span class='ocrx_word' id='word_1_527' title='bbox 453 4541 640 4596; x_wconf 82' lang='lat' dir='ltr'><strong>Patres</strong></span> <span class='ocrx_word' id='word_1_528' title='bbox 678 4544 731 4596; x_wconf 92' lang='lat' dir='ltr'><strong>in</strong></span> <span class='ocrx_word' id='word_1_529' title='bbox 767 4541 981 4596; x_wconf 66' lang='lat' dir='ltr'><strong>Nicaaua</strong></span> <span class='ocrx_word' id='word_1_530' title='bbox 1016 4545 1226 4614; x_wconf 82' lang='lat' dir='ltr'><strong>synodo</strong></span> <span class='ocrx_word' id='word_1_531' title='bbox 1285 4548 1600 4620; x_wconf 77' lang='lat' dir='ltr'><strong>congregati</strong></span> <span class='ocrx_word' id='word_1_532' title='bbox 1640 4547 1824 4602; x_wconf 84' lang='lat' dir='ltr'><strong>edide-</strong></span> 
     </span>
    </p>
   </div>
   <div class='ocr_carea' id='block_1_75' title="bbox 1919 3358 3494 3438">
    <p class='ocr_par' dir='ltr' id='par_1_75' title="bbox 1919 3358 3494 3438">
     <span class='ocr_line' id='line_1_75' title="bbox 1919 3358 3494 3438; baseline 0.005 -28"><span class='ocrx_word' id='word_1_533' title='bbox 1919 3358 2247 3427; x_wconf 80' lang='grc' dir='ltr'>φρονοῦντες</span> <span class='ocrx_word' id='word_1_534' title='bbox 2303 3361 2433 3430; x_wconf 76' lang='grc' dir='ltr'>περὶ</span> <span class='ocrx_word' id='word_1_535' title='bbox 2488 3360 2678 3428; x_wconf 71' lang='grc' dir='ltr'>αὐτῆς.</span> <span class='ocrx_word' id='word_1_536' title='bbox 2722 3381 2741 3414; x_wconf 74' lang='grc' dir='ltr'><strong>ι</strong></span> <span class='ocrx_word' id='word_1_537' title='bbox 2807 3363 2927 3415; x_wconf 82' lang='grc' dir='ltr'><strong>Ἔτι</strong></span> <span class='ocrx_word' id='word_1_538' title='bbox 2987 3365 3080 3416; x_wconf 78' lang='grc' dir='ltr'><strong>καὶ</strong></span> <span class='ocrx_word' id='word_1_539' title='bbox 3136 3365 3193 3417; x_wconf 78' lang='grc' dir='ltr'>ὲν</span> <span class='ocrx_word' id='word_1_540' title='bbox 3221 3367 3286 3435; x_wconf 83' lang='grc' dir='ltr'>τῇ</span> <span class='ocrx_word' id='word_1_541' title='bbox 3356 3367 3494 3438; x_wconf 78' lang='grc' dir='ltr'>αὐτῇ</span> 
     </span>
    </p>
   </div>
   <div class='ocr_carea' id='block_1_76' title="bbox 1918 3447 3498 3526">
    <p class='ocr_par' dir='ltr' id='par_1_76' title="bbox 1918 3447 3498 3526">
     <span class='ocr_line' id='line_1_76' title="bbox 1918 3447 3498 3526; baseline 0.008 -27"><span class='ocrx_word' id='word_1_542' title='bbox 1918 3447 2173 3518; x_wconf 76' lang='grc' dir='ltr'>ἐπιστολῇ</span> <span class='ocrx_word' id='word_1_543' title='bbox 2214 3450 2346 3518; x_wconf 75' lang='grc' dir='ltr'>φησι</span> <span class='ocrx_word' id='word_1_544' title='bbox 2397 3450 2514 3517; x_wconf 87' lang='grc' dir='ltr'>μετ’</span> <span class='ocrx_word' id='word_1_545' title='bbox 2561 3451 2779 3520; x_wconf 81' lang='grc' dir='ltr'><strong>ὀλίγον⁸</strong></span> <span class='ocrx_word' id='word_1_546' title='bbox 2815 3472 2834 3506; x_wconf 74' lang='grc' dir='ltr'><strong>ι</strong></span> <span class='ocrx_word' id='word_1_547' title='bbox 2881 3454 2970 3507; x_wconf 85' lang='grc' dir='ltr'>Ἐν</span> <span class='ocrx_word' id='word_1_548' title='bbox 3010 3458 3076 3525; x_wconf 74' lang='grc' dir='ltr'>τῇ</span> <span class='ocrx_word' id='word_1_549' title='bbox 3139 3459 3278 3526; x_wconf 82' lang='grc' dir='ltr'>αὐτῇ</span> <span class='ocrx_word' id='word_1_550' title='bbox 3325 3458 3498 3510; x_wconf 83' lang='grc' dir='ltr'>Ἰσαυ-</span> 
     </span>
    </p>
   </div>
   <div class='ocr_carea' id='block_1_77' title="bbox 1922 3537 3500 3614">
    <p class='ocr_par' dir='ltr' id='par_1_77' title="bbox 1922 3537 3500 3614">
     <span class='ocr_line' id='line_1_77' title="bbox 1922 3537 3500 3614; baseline 0.006 -25"><span class='ocrx_word' id='word_1_551' title='bbox 1922 3537 2014 3607; x_wconf 75' lang='grc' dir='ltr'>ρίᾳ</span> <span class='ocrx_word' id='word_1_552' title='bbox 2043 3538 2302 3592; x_wconf 84' lang='grc' dir='ltr'>τάναντία</span> <span class='ocrx_word' id='word_1_553' title='bbox 2332 3539 2579 3608; x_wconf 67' lang='grc' dir='ltr'>ἔγραψαν</span> <span class='ocrx_word' id='word_1_554' title='bbox 2631 3539 2905 3608; x_wconf 79' lang='grc' dir='ltr'>λέγοντες,</span> <span class='ocrx_word' id='word_1_555' title='bbox 2966 3545 3024 3597; x_wconf 60' lang='lat' dir='ltr'><strong>to</strong></span> <span class='ocrx_word' id='word_1_556' title='bbox 3081 3544 3370 3614; x_wconf 77' lang='grc' dir='ltr'>όμοούσιον</span> <span class='ocrx_word' id='word_1_557' title='bbox 3403 3545 3500 3599; x_wconf 56' lang='grc' dir='ltr'>καὶ</span> 
     </span>
    </p>
   </div>
   <div class='ocr_carea' id='block_1_78' title="bbox 1915 3629 3495 3711">
    <p class='ocr_par' dir='ltr' id='par_1_78' title="bbox 1915 3629 3495 3711">
     <span class='ocr_line' id='line_1_78' title="bbox 1915 3629 3495 3711; baseline 0.006 -30"><span class='ocrx_word' id='word_1_558' title='bbox 1915 3630 1977 3682; x_wconf 82' lang='grc' dir='ltr'><strong>τὸ</strong></span> <span class='ocrx_word' id='word_1_559' title='bbox 1997 3630 2309 3697; x_wconf 84' lang='grc' dir='ltr'>όμοιούσιον</span> <span class='ocrx_word' id='word_1_560' title='bbox 2339 3629 2689 3694; x_wconf 78' lang='grc' dir='ltr'>ὲκὸάλλοντες</span> <span class='ocrx_word' id='word_1_561' title='bbox 2714 3631 2787 3695; x_wconf 80' lang='grc' dir='ltr'>ὡς</span> <span class='ocrx_word' id='word_1_562' title='bbox 2810 3634 3090 3705; x_wconf 74' lang='grc' dir='ltr'>ἀλλότριον</span> <span class='ocrx_word' id='word_1_563' title='bbox 3117 3639 3223 3690; x_wconf 87' lang='grc' dir='ltr'><strong>τῶν</strong></span> <span class='ocrx_word' id='word_1_564' title='bbox 3242 3633 3495 3711; x_wconf 82' lang='grc' dir='ltr'>Γραφῶν,</span> 
     </span>
    </p>
   </div>
   <div class='ocr_carea' id='block_1_79' title="bbox 1918 3719 3499 3800">
    <p class='ocr_par' dir='ltr' id='par_1_79' title="bbox 1918 3719 3499 3800">
     <span class='ocr_line' id='line_1_79' title="bbox 1918 3719 3499 3800; baseline 0.008 -29"><span class='ocrx_word' id='word_1_565' title='bbox 1918 3721 2016 3772; x_wconf 76' lang='grc' dir='ltr'>καὶ</span> <span class='ocrx_word' id='word_1_566' title='bbox 2047 3720 2105 3772; x_wconf 85' lang='grc' dir='ltr'><strong>τὸ</strong></span> <span class='ocrx_word' id='word_1_567' title='bbox 2133 3721 2230 3788; x_wconf 79' lang='grc' dir='ltr'><strong>τῆς</strong></span> <span class='ocrx_word' id='word_1_568' title='bbox 2267 3721 2454 3781; x_wconf 68' lang='grc' dir='ltr'>οὐσίας</span> <span class='ocrx_word' id='word_1_569' title='bbox 2483 3719 2655 3790; x_wconf 71' lang='grc' dir='ltr'>ὄνομα</span> <span class='ocrx_word' id='word_1_570' title='bbox 2685 3719 3106 3795; x_wconf 85' lang='grc' dir='ltr'>περιαιροῦμεν,</span> <span class='ocrx_word' id='word_1_571' title='bbox 3131 3727 3207 3792; x_wconf 83' lang='grc' dir='ltr'><strong>ὡς</strong></span> <span class='ocrx_word' id='word_1_572' title='bbox 3253 3730 3327 3800; x_wconf 79' lang='grc' dir='ltr'>μὴ</span> <span class='ocrx_word' id='word_1_573' title='bbox 3383 3731 3499 3783; x_wconf 67' lang='grc' dir='ltr'>κείν</span> 
     </span>
    </p>
   </div>
   <div class='ocr_carea' id='block_1_80' title="bbox 1924 3813 3498 3887">
    <p class='ocr_par' dir='ltr' id='par_1_80' title="bbox 1924 3813 3498 3887">
     <span class='ocr_line' id='line_1_80' title="bbox 1924 3813 3498 3887; baseline 0.009 -24"><span class='ocrx_word' id='word_1_574' title='bbox 1924 3827 2087 3880; x_wconf 84' lang='grc' dir='ltr'>μενον</span> <span class='ocrx_word' id='word_1_575' title='bbox 2117 3813 2173 3863; x_wconf 86' lang='grc' dir='ltr'>ὲν</span> <span class='ocrx_word' id='word_1_576' title='bbox 2199 3814 2318 3875; x_wconf 83' lang='grc' dir='ltr'>ταῖς</span> <span class='ocrx_word' id='word_1_577' title='bbox 2347 3813 2611 3882; x_wconf 77' lang='grc' dir='ltr'>Γραφαῖς.</span> <span class='ocrx_word' id='word_1_578' title='bbox 2641 3834 2659 3867; x_wconf 77' lang='grc' dir='ltr'><strong>ι</strong></span> <span class='ocrx_word' id='word_1_579' title='bbox 2695 3815 2805 3869; x_wconf 75' lang='grc' dir='ltr'><strong>Καὶ</strong></span> <span class='ocrx_word' id='word_1_580' title='bbox 2829 3817 2937 3887; x_wconf 88' lang='grc' dir='ltr'>γὰρ</span> <span class='ocrx_word' id='word_1_581' title='bbox 2967 3818 3150 3882; x_wconf 85' lang='grc' dir='ltr'>καλῶς</span> <span class='ocrx_word' id='word_1_582' title='bbox 3189 3822 3330 3874; x_wconf 80' lang='grc' dir='ltr'><strong>καὶὸ</strong></span> <span class='ocrx_word' id='word_1_583' title='bbox 3357 3822 3498 3886; x_wconf 73' lang='grc' dir='ltr'>θεῖος</span> 
     </span>
    </p>
   </div>
   <div class='ocr_carea' id='block_1_81' title="bbox 1919 3902 3496 3984">
    <p class='ocr_par' dir='ltr' id='par_1_81' title="bbox 1919 3902 3496 3984">
     <span class='ocr_line' id='line_1_81' title="bbox 1919 3902 3496 3984; baseline 0.011 -30"><span class='ocrx_word' id='word_1_584' title='bbox 1919 3902 2186 3972; x_wconf 83' lang='grc' dir='ltr'>Κύριλλος</span> <span class='ocrx_word' id='word_1_585' title='bbox 2220 3904 2304 3956; x_wconf 79' lang='grc' dir='ltr'>τόο</span> <span class='ocrx_word' id='word_1_586' title='bbox 2339 3921 2356 3953; x_wconf 77' lang='grc' dir='ltr'><strong>ι</strong></span> <span class='ocrx_word' id='word_1_587' title='bbox 2398 3903 2515 3958; x_wconf 82' lang='grc' dir='ltr'>Οὐκ</span> <span class='ocrx_word' id='word_1_588' title='bbox 2547 3905 2922 3976; x_wconf 73' lang='grc' dir='ltr'>ίπιτρέπομεν</span> <span class='ocrx_word' id='word_1_589' title='bbox 2949 3909 3238 3980; x_wconf 69' lang='grc' dir='ltr'>ἑαυτοῖς,ἢ</span> <span class='ocrx_word' id='word_1_590' title='bbox 3267 3913 3496 3984; x_wconf 63' lang='grc' dir='ltr'>ἑτέραις,</span> 
     </span>
    </p>
   </div>
   <div class='ocr_carea' id='block_1_82' title="bbox 1919 3993 3499 4070">
    <p class='ocr_par' dir='ltr' id='par_1_82' title="bbox 1919 3993 3499 4070">
     <span class='ocr_line' id='line_1_82' title="bbox 1919 3993 3499 4070; baseline 0.009 -25"><span class='ocrx_word' id='word_1_591' title='bbox 1919 3995 2106 4063; x_wconf 66' lang='grc' dir='ltr'>φησιν,</span> <span class='ocrx_word' id='word_1_592' title='bbox 2145 3994 2232 4048; x_wconf 75' lang='grc' dir='ltr'>ἵνα</span> <span class='ocrx_word' id='word_1_593' title='bbox 2297 3993 2373 4062; x_wconf 70' lang='grc' dir='ltr'>μὴ</span> <span class='ocrx_word' id='word_1_594' title='bbox 2403 3994 2555 4047; x_wconf 67' lang='grc' dir='ltr'>ἄδεια</span> <span class='ocrx_word' id='word_1_595' title='bbox 2593 3995 2720 4067; x_wconf 73' lang='grc' dir='ltr'>δοθῇ</span> <span class='ocrx_word' id='word_1_596' title='bbox 2754 4001 2866 4061; x_wconf 82' lang='grc' dir='ltr'>τοῖς</span> <span class='ocrx_word' id='word_1_597' title='bbox 2938 3997 3282 4070; x_wconf 72' lang='grc' dir='ltr'>βουλομένοις</span> <span class='ocrx_word' id='word_1_598' title='bbox 3345 4005 3499 4058; x_wconf 70' lang='grc' dir='ltr'>ἔναλα</span> 
     </span>
    </p>
   </div>
   <div class='ocr_carea' id='block_1_83' title="bbox 1921 4083 3495 4165">
    <p class='ocr_par' dir='ltr' id='par_1_83' title="bbox 1921 4083 3495 4165">
     <span class='ocr_line' id='line_1_83' title="bbox 1921 4083 3495 4165; baseline 0.01 -30"><span class='ocrx_word' id='word_1_599' title='bbox 1921 4083 2163 4150; x_wconf 82' lang='grc' dir='ltr'>λάττειν,</span> <span class='ocrx_word' id='word_1_600' title='bbox 2196 4087 2288 4139; x_wconf 74' lang='grc' dir='ltr'><strong>καὶ</strong></span> <span class='ocrx_word' id='word_1_601' title='bbox 2316 4086 2536 4140; x_wconf 79' lang='grc' dir='ltr'>ἐναντία</span> <span class='ocrx_word' id='word_1_602' title='bbox 2592 4089 2848 4156; x_wconf 70' lang='grc' dir='ltr'>γράφειν.</span> <span class='ocrx_word' id='word_1_603' title='bbox 2895 4109 2913 4142; x_wconf 73' lang='grc' dir='ltr'><strong>ι</strong></span> <span class='ocrx_word' id='word_1_604' title='bbox 2977 4094 3087 4146; x_wconf 68' lang='grc' dir='ltr'>Καὶ</span> <span class='ocrx_word' id='word_1_605' title='bbox 3118 4094 3278 4150; x_wconf 82' lang='grc' dir='ltr'>τοῦτο</span> <span class='ocrx_word' id='word_1_606' title='bbox 3333 4097 3495 4165; x_wconf 78' lang='grc' dir='ltr'>δῆλον</span> 
     </span>
    </p>
   </div>
   <div class='ocr_carea' id='block_1_84' title="bbox 1920 4165 3490 4253">
    <p class='ocr_par' dir='ltr' id='par_1_84' title="bbox 1920 4165 3490 4253">
     <span class='ocr_line' id='line_1_84' title="bbox 1920 4165 3490 4253; baseline 0.01 -27"><span class='ocrx_word' id='word_1_607' title='bbox 1920 4173 2014 4226; x_wconf 80' lang='grc' dir='ltr'>καὶ</span> <span class='ocrx_word' id='word_1_608' title='bbox 2041 4175 2104 4226; x_wconf 83' lang='grc' dir='ltr'>ὲκ</span> <span class='ocrx_word' id='word_1_609' title='bbox 2135 4173 2229 4226; x_wconf 89' lang='grc' dir='ltr'><strong>τοῦ</strong></span> <span class='ocrx_word' id='word_1_610' title='bbox 2295 4174 2528 4244; x_wconf 73' lang='grc' dir='ltr'>ἑϐδόμου</span> <span class='ocrx_word' id='word_1_611' title='bbox 2574 4179 2802 4242; x_wconf 87' lang='grc' dir='ltr'>κανόνος</span> <span class='ocrx_word' id='word_1_612' title='bbox 2858 4180 2957 4252; x_wconf 85' lang='grc' dir='ltr'>τῆς</span> <span class='ocrx_word' id='word_1_613' title='bbox 3015 4183 3204 4253; x_wconf 78' lang='grc' dir='ltr'>τρίτης</span> <span class='ocrx_word' id='word_1_614' title='bbox 3253 4165 3490 4241; x_wconf 75' lang='grc' dir='ltr'>συνόδου·</span> 
     </span>
    </p>
   </div>
   <div class='ocr_carea' id='block_1_85' title="bbox 1920 4264 3493 4349">
    <p class='ocr_par' dir='ltr' id='par_1_85' title="bbox 1920 4264 3493 4349">
     <span class='ocr_line' id='line_1_85' title="bbox 1920 4264 3493 4349; baseline 0.011 -33"><span class='ocrx_word' id='word_1_615' title='bbox 1920 4267 2054 4335; x_wconf 70' lang='grc' dir='ltr'>φησι</span> <span class='ocrx_word' id='word_1_616' title='bbox 2084 4264 2191 4334; x_wconf 85' lang='grc' dir='ltr'><strong>γάρ</strong></span> <span class='ocrx_word' id='word_1_617' title='bbox 2219 4281 2233 4294; x_wconf 77' lang='grc'><strong><em>⁸</em></strong></span> <span class='ocrx_word' id='word_1_618' title='bbox 2273 4283 2293 4319; x_wconf 82' lang='lat' dir='ltr'><strong>t</strong></span> <span class='ocrx_word' id='word_1_619' title='bbox 2333 4268 2394 4320; x_wconf 90' lang='lat'><strong>&#39;0</strong></span> <span class='ocrx_word' id='word_1_620' title='bbox 2422 4268 2602 4320; x_wconf 82' lang='grc' dir='ltr'>πίστιν</span> <span class='ocrx_word' id='word_1_621' title='bbox 2637 4269 2833 4338; x_wconf 75' lang='grc' dir='ltr'>ἑτέραν</span> <span class='ocrx_word' id='word_1_622' title='bbox 2862 4272 2963 4339; x_wconf 78' lang='grc' dir='ltr'>τῆς</span> <span class='ocrx_word' id='word_1_623' title='bbox 2997 4275 3054 4327; x_wconf 79' lang='grc' dir='ltr'>ἐν</span> <span class='ocrx_word' id='word_1_624' title='bbox 3079 4275 3286 4349; x_wconf 79' lang='grc' dir='ltr'>Νικαίᾳ</span> <span class='ocrx_word' id='word_1_625' title='bbox 3319 4296 3493 4349; x_wconf 85' lang='grc' dir='ltr'>προσ-</span> 
     </span>
    </p>
   </div>
   <div class='ocr_carea' id='block_1_86' title="bbox 1920 4355 3492 4438">
    <p class='ocr_par' dir='ltr' id='par_1_86' title="bbox 1920 4355 3492 4438">
     <span class='ocr_line' id='line_1_86' title="bbox 1920 4355 3492 4438; baseline 0.011 -30"><span class='ocrx_word' id='word_1_626' title='bbox 1920 4355 2069 4422; x_wconf 84' lang='grc' dir='ltr'>άγων</span> <span class='ocrx_word' id='word_1_627' title='bbox 2092 4355 2384 4420; x_wconf 76' lang='grc' dir='ltr'>ἐπίσκοπος</span> <span class='ocrx_word' id='word_1_628' title='bbox 2414 4359 2795 4430; x_wconf 70' lang='grc' dir='ltr'>ἠλλοτρίωται,</span> <span class='ocrx_word' id='word_1_629' title='bbox 2845 4361 3034 4427; x_wconf 78' lang='grc' dir='ltr'>λαϊκδς</span> <span class='ocrx_word' id='word_1_630' title='bbox 3093 4367 3148 4420; x_wconf 82' lang='grc' dir='ltr'>δὲ</span> <span class='ocrx_word' id='word_1_631' title='bbox 3205 4373 3299 4422; x_wconf 72' lang='grc' dir='ltr'><strong>καὶ</strong></span> <span class='ocrx_word' id='word_1_632' title='bbox 3357 4371 3492 4438; x_wconf 77' lang='grc' dir='ltr'><strong>ἐξω-</strong></span> 
     </span>
    </p>
   </div>
   <div class='ocr_carea' id='block_1_87' title="bbox 1924 4445 3498 4531">
    <p class='ocr_par' dir='ltr' id='par_1_87' title="bbox 1924 4445 3498 4531">
     <span class='ocr_line' id='line_1_87' title="bbox 1924 4445 3498 4531; baseline 0.013 -36"><span class='ocrx_word' id='word_1_633' title='bbox 1924 4445 2264 4515; x_wconf 83' lang='grc' dir='ltr'>στράκισται.</span> <span class='ocrx_word' id='word_1_634' title='bbox 2299 4464 2318 4500; x_wconf 75' lang='grc' dir='ltr'><strong>ι</strong></span> <span class='ocrx_word' id='word_1_635' title='bbox 2371 4448 2433 4501; x_wconf 82' lang='grc' dir='ltr'><em>Ἦ</em></span> <span class='ocrx_word' id='word_1_636' title='bbox 2475 4449 2533 4502; x_wconf 80' lang='grc' dir='ltr'>δὲ</span> <span class='ocrx_word' id='word_1_637' title='bbox 2569 4451 2881 4522; x_wconf 80' lang='grc' dir='ltr'>Ἑξηγήσις’</span> <span class='ocrx_word' id='word_1_638' title='bbox 2920 4474 2939 4506; x_wconf 76' lang='grc' dir='ltr'><strong>ι</strong></span> <span class='ocrx_word' id='word_1_639' title='bbox 2974 4456 3033 4509; x_wconf 83' lang='grc' dir='ltr'>Ὀ</span> <span class='ocrx_word' id='word_1_640' title='bbox 3065 4457 3218 4528; x_wconf 76' lang='grc' dir='ltr'>παρὰ</span> <span class='ocrx_word' id='word_1_641' title='bbox 3255 4459 3354 4531; x_wconf 76' lang='grc' dir='ltr'>τὴν</span> <span class='ocrx_word' id='word_1_642' title='bbox 3409 4463 3498 4515; x_wconf 74' lang='grc' dir='ltr'>πίει</span> 
     </span>
    </p>
   </div>
   <div class='ocr_carea' id='block_1_88' title="bbox 1924 4537 3496 4624">
    <p class='ocr_par' dir='ltr' id='par_1_88' title="bbox 1924 4537 3496 4624">
     <span class='ocr_line' id='line_1_88' title="bbox 1924 4537 3496 4624; baseline 0.011 -37"><span class='ocrx_word' id='word_1_643' title='bbox 1924 4553 2042 4588; x_wconf 88' lang='grc' dir='ltr'>στιν</span> <span class='ocrx_word' id='word_1_644' title='bbox 2062 4537 2159 4606; x_wconf 81' lang='grc' dir='ltr'>τὴν</span> <span class='ocrx_word' id='word_1_645' title='bbox 2195 4540 2346 4610; x_wconf 79' lang='grc' dir='ltr'>παρὰ</span> <span class='ocrx_word' id='word_1_646' title='bbox 2387 4541 2499 4593; x_wconf 85' lang='grc' dir='ltr'>τῶν</span> <span class='ocrx_word' id='word_1_647' title='bbox 2543 4541 2714 4610; x_wconf 83' lang='grc' dir='ltr'>ἁγίων</span> <span class='ocrx_word' id='word_1_648' title='bbox 2748 4544 3008 4616; x_wconf 84' lang='grc' dir='ltr'>Πατέρων</span> <span class='ocrx_word' id='word_1_649' title='bbox 3042 4548 3152 4602; x_wconf 81' lang='grc' dir='ltr'><strong>τῶν</strong></span> <span class='ocrx_word' id='word_1_650' title='bbox 3182 4552 3239 4602; x_wconf 70' lang='grc' dir='ltr'>ἐν</span> <span class='ocrx_word' id='word_1_651' title='bbox 3293 4552 3496 4624; x_wconf 75' lang='grc' dir='ltr'>Νικαίᾳ</span> 
     </span>
    </p>
   </div>
   <div class='ocr_carea' id='block_1_89' title="bbox 251 4627 1813 4712">
    <p class='ocr_par' dir='ltr' id='par_1_89' title="bbox 251 4632 1813 4703">
     <span class='ocr_line' id='line_1_89' title="bbox 251 4632 1813 4703; baseline 0.006 -20"><span class='ocrx_word' id='word_1_652' title='bbox 251 4641 402 4695; x_wconf 83' lang='lat' dir='ltr'><strong>runt,</strong></span> <span class='ocrx_word' id='word_1_653' title='bbox 447 4632 592 4685; x_wconf 85' lang='lat' dir='ltr'><strong>aliud</strong></span> <span class='ocrx_word' id='word_1_654' title='bbox 629 4634 936 4703; x_wconf 79' lang='lat' dir='ltr'><strong>symbolum</strong></span> <span class='ocrx_word' id='word_1_655' title='bbox 980 4635 1204 4703; x_wconf 78' lang='lat' dir='ltr'><strong>impium&quot;</strong></span> <span class='ocrx_word' id='word_1_656' title='bbox 1259 4635 1510 4700; x_wconf 82' lang='lat' dir='ltr'><strong>all’erens,</strong></span> <span class='ocrx_word' id='word_1_657' title='bbox 1539 4637 1605 4691; x_wconf 88' lang='lat' dir='ltr'><strong>ad</strong></span> <span class='ocrx_word' id='word_1_658' title='bbox 1666 4652 1813 4692; x_wconf 71' lang='lat' dir='ltr'><strong>ever-</strong></span> 
     </span>
    </p>
   </div>
   <div class='ocr_carea' id='block_1_90' title="bbox 1920 4627 3496 4712">
    <p class='ocr_par' dir='ltr' id='par_1_90' title="bbox 1925 4627 3496 4710">
     <span class='ocr_line' id='line_1_90' title="bbox 1925 4627 3496 4710; baseline 0.011 -30"><span class='ocrx_word' id='word_1_659' title='bbox 1925 4627 2428 4700; x_wconf 86' lang='grc' dir='ltr'>συναθροισθέντων</span> <span class='ocrx_word' id='word_1_660' title='bbox 2453 4633 2802 4689; x_wconf 76' lang='grc' dir='ltr'>συντεθεῖσαν</span> <span class='ocrx_word' id='word_1_661' title='bbox 2831 4637 3021 4707; x_wconf 74' lang='grc' dir='ltr'>ἕτερον</span> <span class='ocrx_word' id='word_1_662' title='bbox 3059 4640 3339 4710; x_wconf 70' lang='grc' dir='ltr'>Σύμϐολον</span> <span class='ocrx_word' id='word_1_663' title='bbox 3371 4643 3496 4697; x_wconf 69' lang='grc' dir='ltr'>δυσε</span> 
     </span>
    </p>
   </div>
   <div class='ocr_carea' id='block_1_91' title="bbox 251 4723 1817 4798">
    <p class='ocr_par' dir='ltr' id='par_1_91' title="bbox 251 4723 1817 4798">
     <span class='ocr_line' id='line_1_91' title="bbox 251 4723 1817 4798; baseline 0.004 -22"><span class='ocrx_word' id='word_1_664' title='bbox 251 4723 461 4776; x_wconf 87' lang='lat' dir='ltr'><strong>sionem</strong></span> <span class='ocrx_word' id='word_1_665' title='bbox 496 4734 665 4792; x_wconf 88' lang='lat' dir='ltr'><strong>atque</strong></span> <span class='ocrx_word' id='word_1_666' title='bbox 700 4725 979 4779; x_wconf 88' lang='lat' dir='ltr'><strong>interitum</strong></span> <span class='ocrx_word' id='word_1_667' title='bbox 1009 4735 1198 4779; x_wconf 85' lang='lat' dir='ltr'><strong>eorum</strong></span> <span class='ocrx_word' id='word_1_668' title='bbox 1245 4726 1337 4794; x_wconf 84' lang='lat' dir='ltr'><strong>qui</strong></span> <span class='ocrx_word' id='word_1_669' title='bbox 1368 4741 1432 4780; x_wconf 82' lang='lat' dir='ltr'><strong>ex</strong></span> <span class='ocrx_word' id='word_1_670' title='bbox 1487 4728 1817 4798; x_wconf 81' lang='lat' dir='ltr'><strong>gentilitate,</strong></span> 
     </span>
    </p>
   </div>
   <div class='ocr_carea' id='block_1_92' title="bbox 252 4815 1820 4888">
    <p class='ocr_par' dir='ltr' id='par_1_92' title="bbox 252 4815 1820 4888">
     <span class='ocr_line' id='line_1_92' title="bbox 252 4815 1820 4888; baseline 0.005 -21"><span class='ocrx_word' id='word_1_671' title='bbox 252 4823 346 4868; x_wconf 77' lang='lat' dir='ltr'><strong>aut</strong></span> <span class='ocrx_word' id='word_1_672' title='bbox 388 4815 688 4884; x_wconf 83' lang='lat' dir='ltr'><strong>jndaismo,</strong></span> <span class='ocrx_word' id='word_1_673' title='bbox 721 4817 804 4870; x_wconf 80' lang='lat' dir='ltr'><strong>vel</strong></span> <span class='ocrx_word' id='word_1_674' title='bbox 836 4831 899 4871; x_wconf 76' lang='lat' dir='ltr'><strong>ex</strong></span> <span class='ocrx_word' id='word_1_675' title='bbox 935 4829 1260 4888; x_wconf 83' lang='lat' dir='ltr'><strong>quacunque</strong></span> <span class='ocrx_word' id='word_1_676' title='bbox 1293 4819 1396 4872; x_wconf 85' lang='lat' dir='ltr'><strong>alia</strong></span> <span class='ocrx_word' id='word_1_677' title='bbox 1450 4819 1642 4876; x_wconf 76' lang='lat' dir='ltr'><strong>luet-esi</strong></span> <span class='ocrx_word' id='word_1_678' title='bbox 1689 4835 1820 4876; x_wconf 90' lang='lat' dir='ltr'><strong>con-</strong></span> 
     </span>
    </p>
   </div>
   <div class='ocr_carea' id='block_1_93' title="bbox 254 4905 1818 4978">
    <p class='ocr_par' dir='ltr' id='par_1_93' title="bbox 254 4905 1818 4978">
     <span class='ocr_line' id='line_1_93' title="bbox 254 4905 1818 4978; baseline 0.004 -20"><span class='ocrx_word' id='word_1_679' title='bbox 254 4918 543 4959; x_wconf 68' lang='lat' dir='ltr'><strong>Vertuntur</strong></span> <span class='ocrx_word' id='word_1_680' title='bbox 565 4905 633 4959; x_wconf 88' lang='lat' dir='ltr'><strong>ad</strong></span> <span class='ocrx_word' id='word_1_681' title='bbox 683 4908 930 4962; x_wconf 79' lang='lat' dir='ltr'><strong>veritatis</strong></span> <span class='ocrx_word' id='word_1_682' title='bbox 987 4909 1338 4977; x_wconf 78' lang='lat' dir='ltr'><strong>agnitionem,</strong></span> <span class='ocrx_word' id='word_1_683' title='bbox 1391 4909 1435 4964; x_wconf 90' lang='lat' dir='ltr'><strong>si</strong></span> <span class='ocrx_word' id='word_1_684' title='bbox 1486 4909 1652 4964; x_wconf 80' lang='lat' dir='ltr'><strong>laicus</strong></span> <span class='ocrx_word' id='word_1_685' title='bbox 1711 4918 1818 4978; x_wconf 89' lang='lat' dir='ltr'><strong>est,</strong></span> 
     </span>
    </p>
   </div>
   <div class='ocr_carea' id='block_1_94' title="bbox 257 4998 1821 5069">
    <p class='ocr_par' dir='ltr' id='par_1_94' title="bbox 257 4998 1821 5069">
     <span class='ocr_line' id='line_1_94' title="bbox 257 4998 1821 5069; baseline 0.006 -21"><span class='ocrx_word' id='word_1_686' title='bbox 257 4998 791 5062; x_wconf 83' lang='lat' dir='ltr'><strong>:matbcmatizetur;</strong></span> <span class='ocrx_word' id='word_1_687' title='bbox 823 4998 869 5052; x_wconf 87' lang='lat' dir='ltr'><strong>si</strong></span> <span class='ocrx_word' id='word_1_688' title='bbox 907 5014 1033 5054; x_wconf 76' lang='lat' dir='ltr'><strong>vero</strong></span> <span class='ocrx_word' id='word_1_689' title='bbox 1066 5000 1375 5069; x_wconf 59' lang='lat' dir='ltr'><strong>episeoltus,</strong></span> <span class='ocrx_word' id='word_1_690' title='bbox 1433 5009 1522 5055; x_wconf 88' lang='lat' dir='ltr'><strong>aut</strong></span> <span class='ocrx_word' id='word_1_691' title='bbox 1565 5001 1821 5066; x_wconf 70' lang='lat' dir='ltr'><strong>clericus,</strong></span> 
     </span>
    </p>
   </div>
   <div class='ocr_carea' id='block_1_95' title="bbox 253 5091 1820 5162">
    <p class='ocr_par' dir='ltr' id='par_1_95' title="bbox 253 5091 1820 5162">
     <span class='ocr_line' id='line_1_95' title="bbox 253 5091 1820 5162; baseline 0.004 -20"><span class='ocrx_word' id='word_1_692' title='bbox 253 5091 321 5142; x_wconf 81' lang='lat' dir='ltr'><strong>ab</strong></span> <span class='ocrx_word' id='word_1_693' title='bbox 343 5091 659 5160; x_wconf 86' lang='lat' dir='ltr'><strong>episcopatu</strong></span> <span class='ocrx_word' id='word_1_694' title='bbox 689 5100 742 5146; x_wconf 93' lang='lat' dir='ltr'><strong>et</strong></span> <span class='ocrx_word' id='word_1_695' title='bbox 773 5092 918 5146; x_wconf 88' lang='lat' dir='ltr'><strong>clero</strong></span> <span class='ocrx_word' id='word_1_696' title='bbox 942 5093 1213 5161; x_wconf 80' lang='lat' dir='ltr'><strong>ejiciatur.</strong></span> <span class='ocrx_word' id='word_1_697' title='bbox 1251 5111 1270 5144; x_wconf 75' lang='grc' dir='ltr'><strong>ι</strong></span> <span class='ocrx_word' id='word_1_698' title='bbox 1311 5092 1386 5146; x_wconf 89' lang='lat' dir='ltr'><strong>En</strong></span> <span class='ocrx_word' id='word_1_699' title='bbox 1408 5094 1517 5162; x_wconf 81' lang='lat' dir='ltr'><strong>jam</strong></span> <span class='ocrx_word' id='word_1_700' title='bbox 1541 5103 1820 5150; x_wconf 85' lang='lat' dir='ltr'><strong>ostensum</strong></span> 
     </span>
    </p>
   </div>
   <div class='ocr_carea' id='block_1_96' title="bbox 252 5181 1822 5254">
    <p class='ocr_par' dir='ltr' id='par_1_96' title="bbox 252 5181 1822 5254">
     <span class='ocr_line' id='line_1_96' title="bbox 252 5181 1822 5254; baseline 0.002 -19"><span class='ocrx_word' id='word_1_701' title='bbox 252 5192 360 5244; x_wconf 88' lang='lat' dir='ltr'><strong>est,</strong></span> <span class='ocrx_word' id='word_1_702' title='bbox 388 5191 635 5251; x_wconf 81' lang='lat' dir='ltr'><strong>separata</strong></span> <span class='ocrx_word' id='word_1_703' title='bbox 667 5197 790 5237; x_wconf 83' lang='lat' dir='ltr'><strong>esse</strong></span> <span class='ocrx_word' id='word_1_704' title='bbox 818 5181 1070 5252; x_wconf 81' lang='lat' dir='ltr'><strong>Symbola</strong></span> <span class='ocrx_word' id='word_1_705' title='bbox 1097 5191 1409 5243; x_wconf 82' lang='lat' dir='ltr'><strong>sanctarum</strong></span> <span class='ocrx_word' id='word_1_706' title='bbox 1462 5184 1822 5254; x_wconf 83' lang='lat' dir='ltr'><strong>synodorum,</strong></span> 
     </span>
    </p>
   </div>
   <div class='ocr_carea' id='block_1_97' title="bbox 252 5273 1826 5330">
    <p class='ocr_par' dir='ltr' id='par_1_97' title="bbox 252 5273 1826 5330">
     <span class='ocr_line' id='line_1_97' title="bbox 252 5273 1826 5330; baseline 0.001 -4"><span class='ocrx_word' id='word_1_707' title='bbox 252 5274 380 5326; x_wconf 79' lang='lat' dir='ltr'><strong>licet</strong></span> <span class='ocrx_word' id='word_1_708' title='bbox 415 5274 696 5328; x_wconf 60' lang='lat' dir='ltr'><strong>sententia</strong></span> <span class='ocrx_word' id='word_1_709' title='bbox 737 5275 879 5329; x_wconf 86' lang='lat' dir='ltr'><strong>inter</strong></span> <span class='ocrx_word' id='word_1_710' title='bbox 903 5290 962 5330; x_wconf 91' lang='lat' dir='ltr'><strong>se</strong></span> <span class='ocrx_word' id='word_1_711' title='bbox 998 5273 1405 5329; x_wconf 75' lang='lat' dir='ltr'><strong>nihildiﬂ&#39;erant</strong></span> <span class='ocrx_word' id='word_1_712' title='bbox 1437 5286 1488 5329; x_wconf 89' lang='lat' dir='ltr'><strong>ct</strong></span> <span class='ocrx_word' id='word_1_713' title='bbox 1549 5275 1826 5330; x_wconf 88' lang='lat' dir='ltr'><strong>delinitio-</strong></span> 
     </span>
    </p>
   </div>
   <div class='ocr_carea' id='block_1_98' title="bbox 254 5363 1827 5435">
    <p class='ocr_par' dir='ltr' id='par_1_98' title="bbox 254 5363 1827 5435">
     <span class='ocr_line' id='line_1_98' title="bbox 254 5363 1827 5435; baseline 0.004 -21"><span class='ocrx_word' id='word_1_714' title='bbox 254 5379 350 5417; x_wconf 81' lang='lat' dir='ltr'><strong>nes</strong></span> <span class='ocrx_word' id='word_1_715' title='bbox 374 5363 440 5417; x_wconf 92' lang='lat' dir='ltr'><strong>de</strong></span> <span class='ocrx_word' id='word_1_716' title='bbox 471 5366 687 5420; x_wconf 67' lang='grc' dir='ltr'>Μείνιιο</span> <span class='ocrx_word' id='word_1_717' title='bbox 725 5369 1058 5420; x_wconf 90' lang='lat' dir='ltr'><strong>mentionem</strong></span> <span class='ocrx_word' id='word_1_718' title='bbox 1104 5365 1285 5421; x_wconf 84' lang='lat' dir='ltr'><strong>facere</strong></span> <span class='ocrx_word' id='word_1_719' title='bbox 1344 5373 1566 5435; x_wconf 89' lang='lat' dir='ltr'><strong>propter</strong></span> <span class='ocrx_word' id='word_1_720' title='bbox 1598 5367 1827 5420; x_wconf 85' lang='lat' dir='ltr'><strong>bomou-</strong></span> 
     </span>
    </p>
   </div>
   <div class='ocr_carea' id='block_1_99' title="bbox 255 5455 1828 5525">
    <p class='ocr_par' dir='ltr' id='par_1_99' title="bbox 255 5455 1828 5525">
     <span class='ocr_line' id='line_1_99' title="bbox 255 5455 1828 5525; baseline 0.002 -18"><span class='ocrx_word' id='word_1_721' title='bbox 255 5455 398 5518; x_wconf 85' lang='lat' dir='ltr'><strong>sion,</strong></span> <span class='ocrx_word' id='word_1_722' title='bbox 432 5465 492 5507; x_wconf 89' lang='lat' dir='ltr'><strong>ut</strong></span> <span class='ocrx_word' id='word_1_723' title='bbox 516 5457 720 5509; x_wconf 70' lang='lat' dir='ltr'><strong>dictum</strong></span> <span class='ocrx_word' id='word_1_724' title='bbox 755 5465 858 5511; x_wconf 85' lang='lat' dir='ltr'><strong>est.</strong></span> <span class='ocrx_word' id='word_1_725' title='bbox 893 5455 1026 5509; x_wconf 82' lang='lat' dir='ltr'><strong>Nam</strong></span> <span class='ocrx_word' id='word_1_726' title='bbox 1057 5457 1202 5525; x_wconf 86' lang='lat' dir='ltr'><strong>quod</strong></span> <span class='ocrx_word' id='word_1_727' title='bbox 1242 5457 1293 5510; x_wconf 90' lang='lat' dir='ltr'><strong>in</strong></span> <span class='ocrx_word' id='word_1_728' title='bbox 1341 5457 1476 5510; x_wconf 90' lang='lat' dir='ltr'><strong>urbe</strong></span> <span class='ocrx_word' id='word_1_729' title='bbox 1501 5456 1828 5512; x_wconf 81' lang='lat' dir='ltr'><strong>Constanti-</strong></span> 
     </span>
    </p>
   </div>
   <div class='ocr_carea' id='block_1_100' title="bbox 256 5547 1826 5617">
    <p class='ocr_par' dir='ltr' id='par_1_100' title="bbox 256 5547 1826 5617">
     <span class='ocr_line' id='line_1_100' title="bbox 256 5547 1826 5617; baseline 0.002 -19"><span class='ocrx_word' id='word_1_730' title='bbox 256 5547 568 5613; x_wconf 82' lang='lat' dir='ltr'><strong>nopolitana</strong></span> <span class='ocrx_word' id='word_1_731' title='bbox 591 5550 956 5615; x_wconf 82' lang='lat' dir='ltr'><strong>compositum</strong></span> <span class='ocrx_word' id='word_1_732' title='bbox 1003 5547 1128 5612; x_wconf 79' lang='lat' dir='ltr'><strong>fuit,</strong></span> <span class='ocrx_word' id='word_1_733' title='bbox 1190 5549 1264 5600; x_wconf 85' lang='lat' dir='ltr'><strong>ita</strong></span> <span class='ocrx_word' id='word_1_734' title='bbox 1317 5549 1673 5617; x_wconf 86' lang='lat' dir='ltr'><strong>poscentibus</strong></span> <span class='ocrx_word' id='word_1_735' title='bbox 1719 5551 1826 5602; x_wconf 84' lang='lat' dir='ltr'><strong>cla-</strong></span> 
     </span>
    </p>
   </div>
   <div class='ocr_carea' id='block_1_101' title="bbox 259 5637 1823 5707">
    <p class='ocr_par' dir='ltr' id='par_1_101' title="bbox 259 5637 1823 5707">
     <span class='ocr_line' id='line_1_101' title="bbox 259 5637 1823 5707; baseline 0 -17"><span class='ocrx_word' id='word_1_736' title='bbox 259 5637 495 5692; x_wconf 85' lang='lat' dir='ltr'><strong>rissimis</strong></span> <span class='ocrx_word' id='word_1_737' title='bbox 527 5639 871 5707; x_wconf 88' lang='lat' dir='ltr'><strong>principibus</strong></span> <span class='ocrx_word' id='word_1_738' title='bbox 901 5641 970 5694; x_wconf 86' lang='lat' dir='ltr'><strong>ab</strong></span> <span class='ocrx_word' id='word_1_739' title='bbox 993 5639 1153 5693; x_wconf 88' lang='lat' dir='ltr'><strong>Aetio</strong></span> <span class='ocrx_word' id='word_1_740' title='bbox 1187 5639 1417 5693; x_wconf 82' lang='lat' dir='ltr'><strong>diacono</strong></span> <span class='ocrx_word' id='word_1_741' title='bbox 1466 5639 1666 5692; x_wconf 89' lang='lat' dir='ltr'><strong>lectum</strong></span> <span class='ocrx_word' id='word_1_742' title='bbox 1699 5647 1782 5692; x_wconf 90' lang='lat' dir='ltr'><strong>est</strong></span> <span class='ocrx_word' id='word_1_743' title='bbox 1809 5653 1823 5690; x_wconf 92' lang='lat'>:</span> 
     </span>
    </p>
   </div>
   <div class='ocr_carea' id='block_1_102' title="bbox 256 5727 1826 5795">
    <p class='ocr_par' dir='ltr' id='par_1_102' title="bbox 256 5727 1826 5795">
     <span class='ocr_line' id='line_1_102' title="bbox 256 5727 1826 5795; baseline 0.003 -17"><span class='ocrx_word' id='word_1_744' title='bbox 256 5727 402 5795; x_wconf 86' lang='lat' dir='ltr'><strong>quod</strong></span> <span class='ocrx_word' id='word_1_745' title='bbox 451 5727 726 5783; x_wconf 68' lang='lat' dir='ltr'><strong>Nicmnum</strong></span> <span class='ocrx_word' id='word_1_746' title='bbox 759 5740 964 5782; x_wconf 53' lang='lat' dir='ltr'><strong>tantum</strong></span> <span class='ocrx_word' id='word_1_747' title='bbox 1020 5729 1410 5792; x_wconf 86' lang='lat' dir='ltr'><strong>innotesccrct,</strong></span> <span class='ocrx_word' id='word_1_748' title='bbox 1463 5742 1583 5782; x_wconf 85' lang='lat' dir='ltr'><strong>cum</strong></span> <span class='ocrx_word' id='word_1_749' title='bbox 1635 5742 1826 5783; x_wconf 88' lang='lat' dir='ltr'><strong>omnes</strong></span> 
     </span>
    </p>
   </div>
   <div class='ocr_carea' id='block_1_103' title="bbox 260 5819 1824 5889">
    <p class='ocr_par' dir='ltr' id='par_1_103' title="bbox 260 5819 1824 5889">
     <span class='ocr_line' id='line_1_103' title="bbox 260 5819 1824 5889; baseline -0.001 -17"><span class='ocrx_word' id='word_1_750' title='bbox 260 5824 318 5872; x_wconf 82' lang='lat' dir='ltr'><strong>in</strong></span> <span class='ocrx_word' id='word_1_751' title='bbox 354 5834 419 5872; x_wconf 89' lang='lat' dir='ltr'><strong>eo</strong></span> <span class='ocrx_word' id='word_1_752' title='bbox 445 5819 859 5888; x_wconf 82' lang='lat' dir='ltr'><strong>baptizarentur</strong></span> <span class='ocrx_word' id='word_1_753' title='bbox 893 5829 949 5874; x_wconf 91' lang='lat' dir='ltr'><strong>et</strong></span> <span class='ocrx_word' id='word_1_754' title='bbox 999 5820 1359 5889; x_wconf 81' lang='lat' dir='ltr'><strong>baptizarcnt,</strong></span> <span class='ocrx_word' id='word_1_755' title='bbox 1397 5828 1450 5871; x_wconf 86' lang='lat' dir='ltr'><strong>at</strong></span> <span class='ocrx_word' id='word_1_756' title='bbox 1495 5820 1637 5887; x_wconf 90' lang='lat' dir='ltr'><strong>quod</strong></span> <span class='ocrx_word' id='word_1_757' title='bbox 1681 5821 1824 5874; x_wconf 56' lang='lat' dir='ltr'><strong>Conv</strong></span> 
     </span>
    </p>
   </div>
   <div class='ocr_carea' id='block_1_104' title="bbox 257 5908 1823 5977">
    <p class='ocr_par' dir='ltr' id='par_1_104' title="bbox 257 5908 1823 5977">
     <span class='ocr_line' id='line_1_104' title="bbox 257 5908 1823 5977; baseline -0.002 -12"><span class='ocrx_word' id='word_1_758' title='bbox 257 5908 611 5976; x_wconf 69' lang='lat' dir='ltr'><strong>Stantinopoli</strong></span> <span class='ocrx_word' id='word_1_759' title='bbox 660 5910 1030 5977; x_wconf 86' lang='lat' dir='ltr'><strong>conscriptum</strong></span> <span class='ocrx_word' id='word_1_760' title='bbox 1109 5908 1288 5961; x_wconf 71' lang='lat' dir='ltr'><strong>fuerat</strong></span> <span class='ocrx_word' id='word_1_761' title='bbox 1357 5909 1523 5963; x_wconf 79' lang='lat' dir='ltr'><strong>veluti</strong></span> <span class='ocrx_word' id='word_1_762' title='bbox 1577 5910 1823 5964; x_wconf 81' lang='lat' dir='ltr'><strong>deﬁnitio</strong></span> 
     </span>
    </p>
   </div>
   <div class='ocr_carea' id='block_1_105' title="bbox 1927 4719 3494 4798">
    <p class='ocr_par' dir='ltr' id='par_1_105' title="bbox 1927 4719 3494 4798">
     <span class='ocr_line' id='line_1_105' title="bbox 1927 4719 3494 4798; baseline 0.006 -22"><span class='ocrx_word' id='word_1_763' title='bbox 1927 4719 2085 4783; x_wconf 74' lang='grc' dir='ltr'><strong>σεῦὲς</strong></span> <span class='ocrx_word' id='word_1_764' title='bbox 2138 4722 2490 4793; x_wconf 77' lang='grc' dir='ltr'>προκομίζων</span> <span class='ocrx_word' id='word_1_765' title='bbox 2526 4726 2607 4788; x_wconf 77' lang='grc' dir='ltr'><strong>εἰς</strong></span> <span class='ocrx_word' id='word_1_766' title='bbox 2636 4731 3026 4798; x_wconf 73' lang='grc' dir='ltr'>καταστροφὴν</span> <span class='ocrx_word' id='word_1_767' title='bbox 3091 4731 3187 4782; x_wconf 72' lang='grc' dir='ltr'>καὶ</span> <span class='ocrx_word' id='word_1_768' title='bbox 3213 4733 3494 4786; x_wconf 85' lang='grc' dir='ltr'>ἀπώλειαν</span> 
     </span>
    </p>
   </div>
   <div class='ocr_carea' id='block_1_106' title="bbox 1922 4809 3493 4894">
    <p class='ocr_par' dir='ltr' id='par_1_106' title="bbox 1922 4809 3493 4894">
     <span class='ocr_line' id='line_1_106' title="bbox 1922 4809 3493 4894; baseline 0.013 -34"><span class='ocrx_word' id='word_1_769' title='bbox 1922 4809 2029 4861; x_wconf 81' lang='grc' dir='ltr'><strong>τῶν</strong></span> <span class='ocrx_word' id='word_1_770' title='bbox 2059 4809 2118 4873; x_wconf 76' lang='grc' dir='ltr'>ἐξ</span> <span class='ocrx_word' id='word_1_771' title='bbox 2157 4812 2535 4884; x_wconf 75' lang='grc' dir='ltr'>Ἑλληνισμοῦ,</span> <span class='ocrx_word' id='word_1_772' title='bbox 2573 4815 2606 4886; x_wconf 75' lang='grc' dir='ltr'>ἢ</span> <span class='ocrx_word' id='word_1_773' title='bbox 2678 4818 3041 4889; x_wconf 78' lang='grc' dir='ltr'>Ἰουδαῖσμοῦ,</span> <span class='ocrx_word' id='word_1_774' title='bbox 3099 4822 3133 4892; x_wconf 68' lang='grc' dir='ltr'><strong>ἢ</strong></span> <span class='ocrx_word' id='word_1_775' title='bbox 3185 4821 3247 4889; x_wconf 78' lang='grc' dir='ltr'>ἐξ</span> <span class='ocrx_word' id='word_1_776' title='bbox 3276 4824 3493 4894; x_wconf 61' lang='grc' dir='ltr'>οίασδηά</span> 
     </span>
    </p>
   </div>
   <div class='ocr_carea' id='block_1_107' title="bbox 1924 4901 3492 4986">
    <p class='ocr_par' dir='ltr' id='par_1_107' title="bbox 1924 4901 3492 4986">
     <span class='ocr_line' id='line_1_107' title="bbox 1924 4901 3492 4986; baseline 0.012 -34"><span class='ocrx_word' id='word_1_777' title='bbox 1924 4901 2122 4955; x_wconf 85' lang='grc' dir='ltr'>ποτοῦν</span> <span class='ocrx_word' id='word_1_778' title='bbox 2147 4903 2415 4974; x_wconf 83' lang='grc' dir='ltr'>αἱρέσεως</span> <span class='ocrx_word' id='word_1_779' title='bbox 2444 4907 2888 4976; x_wconf 71' lang='grc' dir='ltr'>ἐπιστρεφόντων</span> <span class='ocrx_word' id='word_1_780' title='bbox 2951 4914 3029 4974; x_wconf 86' lang='grc' dir='ltr'><strong>είς</strong></span> <span class='ocrx_word' id='word_1_781' title='bbox 3063 4914 3363 4982; x_wconf 79' lang='grc' dir='ltr'>ἐπίγνωσιν</span> <span class='ocrx_word' id='word_1_782' title='bbox 3394 4921 3492 4986; x_wconf 84' lang='grc' dir='ltr'><strong>τῆς</strong></span> 
     </span>
    </p>
   </div>
   <div class='ocr_carea' id='block_1_108' title="bbox 1922 4997 3491 5075">
    <p class='ocr_par' dir='ltr' id='par_1_108' title="bbox 1922 4997 3491 5075">
     <span class='ocr_line' id='line_1_108' title="bbox 1922 4997 3491 5075; baseline 0.006 -23"><span class='ocrx_word' id='word_1_783' title='bbox 1922 4997 2202 5067; x_wconf 80' lang='grc' dir='ltr'>ἀληθείας,</span> <span class='ocrx_word' id='word_1_784' title='bbox 2243 5002 2290 5052; x_wconf 81' lang='grc' dir='ltr'><strong>εί</strong></span> <span class='ocrx_word' id='word_1_785' title='bbox 2342 5001 2441 5068; x_wconf 71' lang='grc' dir='ltr'>μὲν</span> <span class='ocrx_word' id='word_1_786' title='bbox 2504 5001 2692 5066; x_wconf 84' lang='grc' dir='ltr'>λαῖκός</span> <span class='ocrx_word' id='word_1_787' title='bbox 2753 5006 2924 5069; x_wconf 80' lang='grc' dir='ltr'>ἐστιν,</span> <span class='ocrx_word' id='word_1_788' title='bbox 2985 5006 3491 5075; x_wconf 78' lang='grc' dir='ltr'>ἀναθεματίζεσθω·</span> 
     </span>
    </p>
   </div>
   <div class='ocr_carea' id='block_1_109' title="bbox 1924 5089 3494 5166">
    <p class='ocr_par' dir='ltr' id='par_1_109' title="bbox 1924 5089 3494 5166">
     <span class='ocr_line' id='line_1_109' title="bbox 1924 5089 3494 5166; baseline 0.005 -25"><span class='ocrx_word' id='word_1_789' title='bbox 1924 5092 1972 5141; x_wconf 87' lang='grc' dir='ltr'><strong>εί</strong></span> <span class='ocrx_word' id='word_1_790' title='bbox 2027 5089 2085 5141; x_wconf 75' lang='grc' dir='ltr'>δὲ</span> <span class='ocrx_word' id='word_1_791' title='bbox 2116 5089 2414 5150; x_wconf 76' lang='grc' dir='ltr'>ἐπίσκοπος</span> <span class='ocrx_word' id='word_1_792' title='bbox 2473 5091 2826 5163; x_wconf 78' lang='grc' dir='ltr'>ἣκληρικδς,</span> <span class='ocrx_word' id='word_1_793' title='bbox 2885 5095 2985 5162; x_wconf 77' lang='grc' dir='ltr'>τῆς</span> <span class='ocrx_word' id='word_1_794' title='bbox 3037 5097 3342 5166; x_wconf 75' lang='grc' dir='ltr'>ἐπισκοπῆς</span> <span class='ocrx_word' id='word_1_795' title='bbox 3400 5097 3494 5149; x_wconf 80' lang='grc' dir='ltr'>καὶ</span> 
     </span>
    </p>
   </div>
   <div class='ocr_carea' id='block_1_110' title="bbox 1925 5180 3490 5252">
    <p class='ocr_par' dir='ltr' id='par_1_110' title="bbox 1925 5180 3490 5252">
     <span class='ocr_line' id='line_1_110' title="bbox 1925 5180 3490 5252; baseline 0.003 -17"><span class='ocrx_word' id='word_1_796' title='bbox 1925 5180 2017 5235; x_wconf 84' lang='grc' dir='ltr'><strong>τοῦ</strong></span> <span class='ocrx_word' id='word_1_797' title='bbox 2051 5181 2253 5249; x_wconf 84' lang='grc' dir='ltr'>κλήρου</span> <span class='ocrx_word' id='word_1_798' title='bbox 2304 5181 2743 5252; x_wconf 81' lang='grc' dir='ltr'>ἀλλοτριοῦσθαι.</span> <span class='ocrx_word' id='word_1_799' title='bbox 2786 5204 2804 5236; x_wconf 85' lang='grc'><strong>›</strong></span> <span class='ocrx_word' id='word_1_800' title='bbox 2873 5185 3006 5239; x_wconf 81' lang='grc' dir='ltr'>Ἰδοὺ</span> <span class='ocrx_word' id='word_1_801' title='bbox 3052 5187 3347 5251; x_wconf 80' lang='grc' dir='ltr'>δέδεικται,</span> <span class='ocrx_word' id='word_1_802' title='bbox 3408 5189 3490 5242; x_wconf 77' lang='grc' dir='ltr'><strong>ὅτι</strong></span> 
     </span>
    </p>
   </div>
   <div class='ocr_carea' id='block_1_111' title="bbox 1925 5270 3493 5345">
    <p class='ocr_par' dir='ltr' id='par_1_111' title="bbox 1925 5270 3493 5345">
     <span class='ocr_line' id='line_1_111' title="bbox 1925 5270 3493 5345; baseline 0.004 -21"><span class='ocrx_word' id='word_1_803' title='bbox 1925 5270 2028 5324; x_wconf 83' lang='grc' dir='ltr'><strong>ἀνὰ</strong></span> <span class='ocrx_word' id='word_1_804' title='bbox 2053 5273 2216 5341; x_wconf 80' lang='grc' dir='ltr'>μέρος</span> <span class='ocrx_word' id='word_1_805' title='bbox 2245 5271 2404 5341; x_wconf 73' lang='grc' dir='ltr'>ἔσχον</span> <span class='ocrx_word' id='word_1_806' title='bbox 2433 5273 2498 5326; x_wconf 80' lang='grc' dir='ltr'>τὰ</span> <span class='ocrx_word' id='word_1_807' title='bbox 2527 5273 2782 5343; x_wconf 79' lang='grc' dir='ltr'>Σύμϐολα</span> <span class='ocrx_word' id='word_1_808' title='bbox 2814 5276 2923 5330; x_wconf 83' lang='grc' dir='ltr'><strong>τῶν</strong></span> <span class='ocrx_word' id='word_1_809' title='bbox 2958 5278 3128 5338; x_wconf 83' lang='grc' dir='ltr'>ἁγίων</span> <span class='ocrx_word' id='word_1_810' title='bbox 3159 5279 3409 5345; x_wconf 78' lang='grc' dir='ltr'>συνόδων,</span> <span class='ocrx_word' id='word_1_811' title='bbox 3445 5279 3493 5331; x_wconf 80' lang='grc' dir='ltr'>εἰ</span> 
     </span>
    </p>
   </div>
   <div class='ocr_carea' id='block_1_112' title="bbox 1926 5363 3490 5440">
    <p class='ocr_par' dir='ltr' id='par_1_112' title="bbox 1926 5363 3490 5440">
     <span class='ocr_line' id='line_1_112' title="bbox 1926 5363 3490 5440; baseline 0.006 -26"><span class='ocrx_word' id='word_1_812' title='bbox 1926 5365 2019 5414; x_wconf 81' lang='grc' dir='ltr'>καὶ</span> <span class='ocrx_word' id='word_1_813' title='bbox 2051 5364 2188 5415; x_wconf 86' lang='grc' dir='ltr'>κατὰ</span> <span class='ocrx_word' id='word_1_814' title='bbox 2209 5363 2296 5416; x_wconf 79' lang='grc' dir='ltr'><strong>τὸν</strong></span> <span class='ocrx_word' id='word_1_815' title='bbox 2330 5363 2452 5417; x_wconf 89' lang='grc' dir='ltr'>νοῦν</span> <span class='ocrx_word' id='word_1_816' title='bbox 2483 5366 2543 5416; x_wconf 82' lang='grc' dir='ltr'><strong>ού</strong></span> <span class='ocrx_word' id='word_1_817' title='bbox 2573 5365 2913 5436; x_wconf 82' lang='grc' dir='ltr'>διαφέρουσι,</span> <span class='ocrx_word' id='word_1_818' title='bbox 2965 5371 3062 5422; x_wconf 72' lang='grc' dir='ltr'>καὶ</span> <span class='ocrx_word' id='word_1_819' title='bbox 3106 5371 3189 5422; x_wconf 79' lang='grc' dir='ltr'>ὅτι</span> <span class='ocrx_word' id='word_1_820' title='bbox 3236 5372 3363 5440; x_wconf 79' lang='grc' dir='ltr'>περὶ</span> <span class='ocrx_word' id='word_1_821' title='bbox 3396 5371 3490 5424; x_wconf 86' lang='grc' dir='ltr'><strong>τοῦ</strong></span> 
     </span>
    </p>
   </div>
   <div class='ocr_carea' id='block_1_113' title="bbox 1929 5455 3492 5532">
    <p class='ocr_par' dir='ltr' id='par_1_113' title="bbox 1929 5455 3492 5532">
     <span class='ocr_line' id='line_1_113' title="bbox 1929 5455 3492 5532; baseline 0.007 -25"><span class='ocrx_word' id='word_1_822' title='bbox 1929 5457 1988 5507; x_wconf 81' lang='grc' dir='ltr'>ἐν</span> <span class='ocrx_word' id='word_1_823' title='bbox 2009 5455 2216 5527; x_wconf 77' lang='grc' dir='ltr'>Νικαίᾳ</span> <span class='ocrx_word' id='word_1_824' title='bbox 2243 5458 2292 5509; x_wconf 84' lang='lat' dir='ltr'><strong>oi</strong></span> <span class='ocrx_word' id='word_1_825' title='bbox 2319 5457 2436 5526; x_wconf 82' lang='grc' dir='ltr'>ὅροι</span> <span class='ocrx_word' id='word_1_826' title='bbox 2497 5459 2804 5528; x_wconf 85' lang='grc' dir='ltr'>μέμνηνται</span> <span class='ocrx_word' id='word_1_827' title='bbox 2831 5461 2918 5514; x_wconf 83' lang='grc' dir='ltr'>διὰ</span> <span class='ocrx_word' id='word_1_828' title='bbox 2967 5463 3027 5514; x_wconf 82' lang='grc' dir='ltr'><strong>τὸ</strong></span> <span class='ocrx_word' id='word_1_829' title='bbox 3075 5464 3381 5532; x_wconf 88' lang='grc' dir='ltr'>όμοούσιον,</span> <span class='ocrx_word' id='word_1_830' title='bbox 3417 5463 3492 5527; x_wconf 86' lang='grc' dir='ltr'>ὡς</span> 
     </span>
    </p>
   </div>
   <div class='ocr_carea' id='block_1_114' title="bbox 1928 5543 3494 5620">
    <p class='ocr_par' dir='ltr' id='par_1_114' title="bbox 1928 5543 3494 5620">
     <span class='ocr_line' id='line_1_114' title="bbox 1928 5543 3494 5620; baseline 0.006 -22"><span class='ocrx_word' id='word_1_831' title='bbox 1928 5547 2276 5616; x_wconf 82' lang='grc' dir='ltr'>προείρηται.</span> <span class='ocrx_word' id='word_1_832' title='bbox 2312 5549 2422 5600; x_wconf 71' lang='grc' dir='ltr'>Καὶ</span> <span class='ocrx_word' id='word_1_833' title='bbox 2445 5551 2552 5618; x_wconf 72' lang='grc' dir='ltr'><strong>γὰρ</strong></span> <span class='ocrx_word' id='word_1_834' title='bbox 2577 5549 2636 5601; x_wconf 87' lang='grc' dir='ltr'><strong>τὸ</strong></span> <span class='ocrx_word' id='word_1_835' title='bbox 2676 5543 2744 5603; x_wconf 76' lang='grc' dir='ltr'>ὲν</span> <span class='ocrx_word' id='word_1_836' title='bbox 2806 5553 3376 5608; x_wconf 77' lang='grc' dir='ltr'>Κωνσταντινονπόλει</span> <span class='ocrx_word' id='word_1_837' title='bbox 3435 5554 3494 5620; x_wconf 79' lang='grc' dir='ltr'><strong>ἐξ</strong></span> 
     </span>
    </p>
   </div>
   <div class='ocr_carea' id='block_1_115' title="bbox 1929 5638 3492 5716">
    <p class='ocr_par' dir='ltr' id='par_1_115' title="bbox 1929 5638 3492 5716">
     <span class='ocr_line' id='line_1_115' title="bbox 1929 5638 3492 5716; baseline 0.008 -28"><span class='ocrx_word' id='word_1_838' title='bbox 1929 5638 2194 5706; x_wconf 79' lang='grc' dir='ltr'>αἱρέσεως</span> <span class='ocrx_word' id='word_1_839' title='bbox 2258 5639 2366 5693; x_wconf 82' lang='grc' dir='ltr'><strong>τῶν</strong></span> <span class='ocrx_word' id='word_1_840' title='bbox 2420 5639 2780 5703; x_wconf 78' lang='grc' dir='ltr'>ἐνδοξοτάτων</span> <span class='ocrx_word' id='word_1_841' title='bbox 2829 5642 3104 5711; x_wconf 84' lang='grc' dir='ltr'>ἀρχόντων</span> <span class='ocrx_word' id='word_1_842' title='bbox 3130 5646 3238 5698; x_wconf 82' lang='grc' dir='ltr'><strong>ἀπὺ</strong></span> <span class='ocrx_word' id='word_1_843' title='bbox 3285 5645 3492 5716; x_wconf 79' lang='grc' dir='ltr'>βιϐλίου</span> 
     </span>
    </p>
   </div>
   <div class='ocr_carea' id='block_1_116' title="bbox 1929 5728 3599 5798">
    <p class='ocr_par' dir='ltr' id='par_1_116' title="bbox 1929 5728 3599 5798">
     <span class='ocr_line' id='line_1_116' title="bbox 1929 5728 3599 5798; baseline 0.007 -17"><span class='ocrx_word' id='word_1_844' title='bbox 1929 5728 2243 5798; x_wconf 79' lang='grc' dir='ltr'>ἀνεγνώσθη</span> <span class='ocrx_word' id='word_1_845' title='bbox 2279 5730 2429 5798; x_wconf 77' lang='grc' dir='ltr'>παρὰ</span> <span class='ocrx_word' id='word_1_846' title='bbox 2467 5730 2677 5784; x_wconf 80' lang='grc' dir='ltr'>Ἀετίου</span> <span class='ocrx_word' id='word_1_847' title='bbox 2733 5733 3002 5798; x_wconf 79' lang='grc' dir='ltr'>διακόνου,</span> <span class='ocrx_word' id='word_1_848' title='bbox 3058 5736 3147 5789; x_wconf 70' lang='grc' dir='ltr'><strong>διὰ</strong></span> <span class='ocrx_word' id='word_1_849' title='bbox 3177 5737 3236 5789; x_wconf 57' lang='lat' dir='ltr'><strong>ct.</strong></span> <span class='ocrx_word' id='word_1_850' title='bbox 3280 5741 3337 5791; x_wconf 83' lang='grc' dir='ltr'>ὲν</span> <span class='ocrx_word' id='word_1_851' title='bbox 3395 5739 3492 5791; x_wconf 86' lang='grc' dir='ltr'><strong>Νι-</strong></span> <span class='ocrx_word' id='word_1_852' title='bbox 3587 5756 3599 5766; x_wconf 88' lang='grc'><em>’</em></span> 
     </span>
    </p>
   </div>
   <div class='ocr_carea' id='block_1_117' title="bbox 1929 5817 3486 5894">
    <p class='ocr_par' dir='ltr' id='par_1_117' title="bbox 1929 5817 3486 5894">
     <span class='ocr_line' id='line_1_117' title="bbox 1929 5817 3486 5894; baseline 0.01 -24"><span class='ocrx_word' id='word_1_853' title='bbox 1929 5820 2058 5889; x_wconf 57' lang='lat' dir='ltr'><strong>xui;</strong></span> <span class='ocrx_word' id='word_1_854' title='bbox 2095 5819 2377 5889; x_wconf 80' lang='grc' dir='ltr'>γνώριμον</span> <span class='ocrx_word' id='word_1_855' title='bbox 2421 5817 2562 5875; x_wconf 82' lang='grc' dir='ltr'>εἶναι</span> <span class='ocrx_word' id='word_1_856' title='bbox 2596 5826 2693 5878; x_wconf 78' lang='grc' dir='ltr'>καὶ</span> <span class='ocrx_word' id='word_1_857' title='bbox 2728 5825 2908 5894; x_wconf 82' lang='grc' dir='ltr'>μόνον,</span> <span class='ocrx_word' id='word_1_858' title='bbox 2950 5827 3024 5889; x_wconf 84' lang='grc' dir='ltr'><strong>ὡς</strong></span> <span class='ocrx_word' id='word_1_859' title='bbox 3051 5828 3256 5892; x_wconf 74' lang='grc' dir='ltr'>πάντας</span> <span class='ocrx_word' id='word_1_860' title='bbox 3282 5833 3339 5882; x_wconf 83' lang='grc' dir='ltr'>ὲν</span> <span class='ocrx_word' id='word_1_861' title='bbox 3363 5833 3486 5884; x_wconf 85' lang='grc' dir='ltr'>τού-</span> 
     </span>
    </p>
   </div>
   <div class='ocr_carea' id='block_1_118' title="bbox 1926 5909 3494 5980">
    <p class='ocr_par' dir='ltr' id='par_1_118' title="bbox 1926 5909 3494 5980">
     <span class='ocr_line' id='line_1_118' title="bbox 1926 5909 3494 5980; baseline 0.008 -21"><span class='ocrx_word' id='word_1_862' title='bbox 1926 5909 2002 5978; x_wconf 78' lang='grc' dir='ltr'>τῷ</span> <span class='ocrx_word' id='word_1_863' title='bbox 2027 5909 2376 5978; x_wconf 71' lang='grc' dir='ltr'>βαπτίζεσθαι</span> <span class='ocrx_word' id='word_1_864' title='bbox 2412 5914 2503 5964; x_wconf 72' lang='grc' dir='ltr'><strong>καὶ</strong></span> <span class='ocrx_word' id='word_1_865' title='bbox 2541 5911 2840 5980; x_wconf 73' lang='grc' dir='ltr'>βαπτίζειν,</span> <span class='ocrx_word' id='word_1_866' title='bbox 2877 5915 3031 5968; x_wconf 85' lang='grc' dir='ltr'>τοῦτο</span> <span class='ocrx_word' id='word_1_867' title='bbox 3067 5917 3122 5969; x_wconf 79' lang='grc' dir='ltr'>δὲ</span> <span class='ocrx_word' id='word_1_868' title='bbox 3165 5916 3225 5970; x_wconf 81' lang='grc' dir='ltr'>τὸ</span> <span class='ocrx_word' id='word_1_869' title='bbox 3257 5919 3313 5970; x_wconf 85' lang='grc' dir='ltr'><strong>ἐν</strong></span> <span class='ocrx_word' id='word_1_870' title='bbox 3343 5919 3494 5972; x_wconf 81' lang='grc' dir='ltr'>Κων-</span> 
     </span>
    </p>
   </div>
   <div class='ocr_carea' id='block_1_119' title="bbox 4079 2503 4091 2682">
    <p class='ocr_par' dir='ltr' id='par_1_119' title="bbox 4079 2503 4091 2662">
     <span class='ocr_line' id='line_1_119' title="bbox 4079 2503 4085 2534; baseline 1 -5"><span class='ocrx_word' id='word_1_871' title='bbox 4079 2503 4085 2534; x_wconf 82' lang='lat' dir='ltr'><strong>Ii</strong></span> 
     </span>
     <span class='ocr_line' id='line_1_120' title="bbox 4079 2533 4091 2662; baseline 0 0"><span class='ocrx_word' id='word_1_872' title='bbox 4079 2533 4091 2662; x_wconf 66' lang='grc' dir='ltr'>ἓ</span> 
     </span>
    </p>
   </div>
  </div>
