4102 6484
405 385 505 450 2⁸31

405 588 607 642 Christi
653 590 1002 658 possidebant
1031 589 1243 658 Patres,
1277 593 1611 648 subneetunt
1640 612 1652 648 :
1684 593 1780 648 llis
1813 593 1988 662 itaque

402 681 648 745 decretis,
681 682 938 738 omnibus
971 683 1183 737 scilicet
1215 693 1345 740 ante
1373 685 1558 741 dictis.

1312 383 1693 446 GREGORII
1735 381 2039 446 MAMIWE
2076 383 2184 446 Cl‘.
2221 381 2739 443 PATHiAilCi-1.E

407 497 606 561 positis
647 496 1011 568 digestiSque,
1061 505 1327 569 tanquam
1376 500 1468 570 qui
1530 515 1586 554 in
1643 515 1702 555 se
1749 507 1952 554 menter

2059 549 2067 564 _
2097 496 2241 563 τοὺς
2280 497 2849 564 Πνευματομάχους,
2882 495 2974 548 καὶ
3001 495 3098 558 τὰς
3142 494 3424 555 συνοδικὰ,
3456 496 3677 549 Emete-

2097 590 2195 651 λὰς
2233 589 2502 658 Κυρίλλου
2565 590 2659 642 καὶ
2693 589 2945 651 Λέοντος,
2995 587 3092 640 καὶ
3127 587 3210 640 ὅτι
3262 588 3326 640 οὐ
3367 587 3589 657 παθητὴ
3637 591 3670 658 ἡ

2099 682 2292 748 θεότης
2323 681 2418 734 τοῦ
2458 679 2821 748 Μονογενοῦς,
2852 679 2946 732 καὶ
2971 677 3045 741 ὡς
3073 678 3357 749 όμοούσιος
3390 679 3469 749 τῷ
3496 679 3672 748 Harp!

401 783 429 828 ὸ
468 778 669 847 Κύριος
708 779 871 848 ήμῶν
913 779 1125 849 Ἰησοῦς
1156 782 1395 848 Χριστὸς
1427 782 1571 836 κατὰ
1634 783 1732 854 τὴν
1766 766 2021 852 θεότητα,
2100 783 2194 834 καὶ
2242 779 2532 850 ὁμοούσιος
2570 779 2702 848 ἡμῖν
2731 778 2872 829 κατὰ
2913 775 3013 844 τὴν
3071 774 3494 845 ἁνθρωπότητα.
3560 774 3669 827 Καὶ

399 872 579 926 ταῦτα
611 875 788 930 πάντα
824 875 1282 946 ’διασαφήσαντες
1318 878 1442 932 λίαν
1487 880 1864 950 ἁρμοζόντως,
1901 880 1976 944 ὼς
2017 879 2140 932 νοῦν
2170 877 2411 950 Χριστοῦ
2482 876 2720 946 ἔχοντες,
2800 873 3124 942 ἐπάγουσιν·
3170 873 3404 954 Τούτων
3460 872 3672 926 τοίνυν

401 968 770 1036 (τρωθέντων
799 1009 813 1033 ,
873 969 1119 1039 δηλονότι
1181 972 1404 1024 πάντων
1464 973 1577 1026 τῶν
1641 975 2074 1045 προειρημένων.

472 1062 564 1115 16.
606 1060 962 1116 Manifestum
991 1063 1174 1132 itaque
1213 1073 1317 1129 εει,
1360 1080 1455 1120 eos
1481 1067 1680 1121 similia
1726 1067 1794 1122 de
1850 1082 1980 1122 con-

401 1154 570 1207 traria
613 1152 715 1207 fide
739 1155 1074 1209 enuntiassc.
1107 1154 1240 1210 Nam
1277 1158 1526 1228 plerique
1551 1161 1712 1214 etiam
1768 1162 1860 1215 alii
1906 1161 1976 1216 de

399 1248 468 1300 iis
501 1262 622 1314 qua:
659 1247 793 1300 inibi
827 1249 1280 1314 continebantur,
1302 1253 1776 1322 conscripserunt.
1803 1269 1978 1322 caque

400 1338 604 1391 fnsiore
634 1348 887 1395 sermOne
912 1344 1186 1410 prosecuti
1224 1354 1351 1398 sunt
1380 1361 1397 1410 ;
1431 1352 1485 1399 et
1521 1348 1662 1399 inter
1682 1361 1779 1401 eos
1805 1363 1832 1399 a
1868 1346 1978 1401 Deo

397 1427 576 1480 edocti
608 1427 820 1492 Patres,
854 1429 1120 1486 Maximus
1149 1438 1204 1486 et
1260 1432 1656 1489 Datnascenns.
1697 1436 1838 1501 Quid
1873 1435 1974 1490 ita-

395 1533 502 1587 que
531 1519 820 1574 dicemus?
865 1521 1233 1591 lgnorassene
1289 1523 1479 1581 Patres
1506 1526 1976 1597 prohibitionem?

398 1625 467 1665 an
491 1611 708 1666 novisse
734 1621 786 1667 et
805 1615 1110 1683 neglexisse
1135 1617 1337 1674 ?Absit
1362 1622 1528 1674 verbo
1587 1621 1814 1690 injuria.
1841 1620 1978 1676 Sed-

394 1704 540 1755 enim
580 1705 876 1771 prohibitio
907 1717 1023 1762 erat
1051 1709 1116 1764 de
1142 1713 1244 1765 lide
1282 1713 1558 1768 contraria
1608 1727 1664 1768 et
1721 1729 1841 1784 qua:
1897 1730 1976 1770 re-

401 1801 547 1845 ctam
597 1793 754 1848 tidem
799 1804 1091 1862 everteret,
1131 1813 1252 1853 cum
1289 1817 1395 1856 una
1431 1801 1564 1856 fides
1595 1805 1665 1859 sit
1700 1820 1716 1869 ;
1773 1804 1975 1858 conﬁr-

399 1899 452 1936 m
468 1891 635 1950 atque
667 1885 720 1939 id
755 1887 946 1942 beatus
988 1888 1191 1946 Paulus
1225 1891 1416 1949 dicens
1453 1911 1467 1947 :
1507 1893 1658 1950 Unus
1691 1895 1970 1959 Dominus,

2168 1067 2266 1131 ις’.
2325 1065 2599 1137 Πρόδηλον
2646 1062 2779 1130 γοῦν
2819 1062 2894 1125 ὡς
2948 1060 3080 1130 περὶ
3122 1059 3373 1122 ἐναντίας
3426 1058 3664 1120 πίστεως

2086 1161 2266 1217 ταῦτά
2294 1177 2448 1228 φασι.
2483 1157 2683 1211 Πολλοὶ
2738 1156 2847 1226 γὰρ
2906 1155 3001 1208 καὶ
3032 1155 3183 1210 ἄλλοι
3248 1155 3666 1224 συνεγράψαντο

2087 1255 2216 1321 περὶ
2247 1253 2359 1304 τῶν
2391 1251 2808 1320 περιεχομένων
2832 1249 2892 1301 ἔν
2921 1247 3153 1310 τούτοις,
3185 1248 3279 1300 καὶ
3309 1247 3660 1316 ὲξήπλωσαν·

2082 1345 2220 1398 ἀλλὰ
2241 1344 2333 1396 καὶ
2349 1345 2396 1396 οἱ
2421 1341 2670 1408 θεὸσοφοι
2692 1340 2934 1410 Πατέρες
2967 1338 3219 1406 Μάξιμος
3247 1339 3340 1392 καὶ
3363 1342 3664 1409 Δαμασκη-

2083 1437 2195 1496 νός.
2240 1436 2308 1488 Τί
2337 1433 2430 1487 οὖν
2456 1433 2699 1503 ἐροῦμεν
2732 1447 2748 1496 ;
2794 1431 3156 1498 Ἤγνοηκέναι
3213 1431 3340 1492 τοὺς
3390 1429 3580 1496 ἁγίους
3603 1430 3666 1481 τὸ

2086 1529 2314 1598 κώλυμα
2331 1528 2438 1580 τῶν
2470 1527 2630 1587 ὅλων,
2669 1523 2701 1594 ἢ
2731 1521 3033 1590 ἐγνωκέναι
3063 1521 3158 1574 καὶ
3200 1519 3659 1587 καταφρονῆσαι;

2087 1622 2177 1691 Μὴ
2206 1621 2438 1688 γένοιτο.
2488 1617 2651 1671 una
2701 1617 2833 1685 περὶ
2896 1615 3146 1675 ἐναντίας
3206 1612 3443 1672 πίστεως
3475 1607 3545 1682 ἦν
3599 1612 3661 1661 τὸ

2083 1714 2317 1780 κώλυμα
2346 1711 2441 1764 καὶ
2480 1709 2793 1778 ἀνατροπῆς
2850 1706 2954 1776 τῆς
3005 1704 3176 1773 ὀρθῆς
3223 1702 3483 1763 πίστεως,
3537 1701 3658 1752 ἐπεὶ

2083 1807 2174 1858 καὶ
2203 1806 2302 1875 μία
2329 1803 2508 1866 πίστις
2536 1803 2676 1865 ἐστὶ,
2736 1799 2834 1852 καὶ
2866 1797 3164 1866 παρίστησι
3193 1792 3351 1846 τοῦτο
3409 1793 3436 1846 ὁ
3473 1794 3657 1860 μακά-

2085 1911 2199 1962 ριος
2253 1893 2465 1955 Παῦλος
2497 1891 2694 1959 λέγων,
2726 1883 2837 1952 Εἷς
2876 1888 3115 1954 Κύριος,
3168 1887 3271 1950 μία
3321 1883 3546 1947 πίστις.
3596 1883 3655 1934 Ei

392 1991 496 2028 una
525 1976 679 2044 ﬁdes.
714 1977 770 2032 Si
812 1980 1000 2049 itaque
1028 1997 1136 2035 una
1164 1982 1324 2048 fides,
1347 1987 1523 2041 modis
1554 1987 1814 2044 omnibus
1851 1991 1955 2044 alia

2075 1981 2173 2038 οὖν
2208 1984 2304 2053 μία
2336 1983 2543 2044 πίστις,
2584 1981 2802 2040 πάντως
2845 1979 2878 2046 ὴ
2907 1978 3073 2046 ἑτέρα
3122 1973 3364 2028 ἐναντία.
3400 1973 3510 2026 Καὶ
3566 1974 3656 2026 ού-

390 2072 668 2123 contraria
694 2071 879 2126 fuerit.
925 2071 1232 2144 Nemoque,
1271 2077 1575 2135 dummodo
1631 2095 1661 2135 a
1699 2083 1968 2152 sapientia

390 2176 498 2215 non
537 2163 776 2228 aberret,
813 2165 959 2220 dicet
1009 2183 1191 2223 veram
1227 2185 1352 2226 esse
1396 2172 1557 2227 aliam
1617 2174 1778 2230 fidem
1843 2191 1967 2246 pro-

387 2253 651 2319 positam,
693 2269 818 2309 cum
871 2271 977 2310 una
1010 2266 1223 2312 tantum
1256 2275 1384 2315 vera
1415 2263 1508 2318 sit.
1541 2262 1887 2336 Quapropter
1913 2276 1966 2323 et

387 2345 720 2398 contrariam
748 2347 909 2401 diVus
944 2347 1214 2406 Maximus
1243 2351 1580 2408 additionem
1613 2355 1816 2425 rejicit,
1873 2375 1962 2413 ve-

390 2451 506 2487 ram
534 2435 905 2503 amplectitur.
941 2438 1108 2506 ldque
1136 2451 1325 2511 aperte
1349 2445 1625 2515 colligitur
1659 2462 1726 2501 cx
1740 2447 1965 2521 Dialogo

385 2529 560 2596 ipsius
582 2529 847 2584 adversus
870 2531 1020 2584 illum
1044 2533 1134 2603 qui
1155 2533 1477 2601 Macedonii,
1501 2537 1743 2606 Spiritus
1764 2541 1963 2608 hostis,

385 2621 714 2674 sententiam
754 2623 1062 2691 tutabatur,
1115 2626 1170 2680 in
1196 2642 1304 2695 quo
1343 2643 1464 2682 cum
1500 2628 1855 2687 Orthodoxus
1885 2636 1966 2687 di-

385 2723 567 2767 ceret:
604 2731 622 2764 ι
648 2713 1023 2770 Condemnavi
1048 2719 1402 2785 auditionem,
1425 2736 1589 2790 quam
1610 2725 1836 2778 editioni
1854 2724 1964 2779 Ln-

381 2808 529 2860 ciani
589 2811 921 2878 apposuistis
958 2827 972 2864 :
1008 2827 1340 2881 possuntque
1368 2817 1658 2872 ostendere
1719 2819 1960 2874 additam

384 2897 460 2951 illi
487 2899 766 2954 adversari
799 2918 816 2966 ;
862 2920 880 2952 ι
925 2913 978 2955 et
1014 2909 1379 2973 respOndente
1399 2905 1790 2965 Macedoniano
1813 2927 1827 2963 :
1854 2929 1871 2962 ι
1898 2911 1962 2964 Ει

380 3004 479 3044 vos
505 2991 685 3046 nonne
702 2991 995 3049 addidistis
1017 2993 1250 3051 Nicena:
1299 2997 1320 3049 2
1350 3016 1368 3048 ι
1397 2998 1744 3056 Orthodoxus
1763 3001 1958 3057 infert:

386 3080 523 3134 «Sed
548 3097 654 3136 non
688 3084 766 3138 illi
794 3087 1095 3142 contraria.
1131 3107 1150 3140 ι
1182 3087 1248 3142 Ει
1289 3092 1638 3148 manifestius
1669 3095 1812 3148 idem
1843 3095 1960 3164 ipse

379 3174 690 3229 sanctnsin
743 3191 842 3232 sua
897 3178 1244 3235 confessione
1300 3185 1627 3253 compendio
1685 3188 1954 3256 exposita,

379 3279 544 3334 quam
571 3281 670 3335 pro
693 3266 1130 3326 Chalcedonensi
1173 3275 1383 3343 synodo
1431 3279 1769 3348 compilavit,
1799 3282 1957 3352 cujus

2074 2079 2188 2141 δεῖς
2215 2077 2328 2130 τῶν
2353 2074 2479 2128 νοῦν
2508 2075 2762 2143 ἑχόντων,
2787 2071 2862 2135 ὡς
2886 2073 2920 2138 ἡ
2953 2070 3116 2138 ἑτέρα
3143 2067 3506 2139 προστεθεῖσα
3560 2069 3651 2120 πί-

2073 2187 2188 2231 στις
2213 2168 2420 2238 ἀληθής
2473 2168 2646 2230 ἐστιν,
2691 2164 2812 2216 ἐπεὶ
2873 2163 2972 2231 μία
3033 2161 3180 2214 ἐστὶν
3225 2161 3258 2230 ή
3297 2159 3526 2230 ἀληθής.
3558 2158 3648 2211 Διὸ

2069 2261 2169 2331 τὴν
2194 2261 2440 2312 ἐναντίαν
2468 2259 2565 2312 καὶ
2606 2257 2864 2328 Μάξιμος
2889 2259 2918 2311 ὀ
2951 2256 3098 2326 ίερδς
3127 2254 3450 2324 ἀποπέμπει
3474 2271 3647 2325 προσ-

2069 2355 2265 2424 θήκην,
2299 2352 2399 2422 τὴν
2421 2352 2477 2405 δὲ
2506 2351 2682 2423 ἀληθῆ
2721 2352 2818 2404 καὶ
2871 2349 3255 2420 προσδέχεται.
3323 2346 3435 2400 Καὶ
3485 2346 3647 2400 τοῦτο

2069 2445 2230 2514 δῆλον
2252 2445 2318 2498 ἂν
2352 2445 2417 2496 ὲκ
2446 2443 2539 2496 τοῦ
2580 2443 2844 2510 Διαλόγου
2879 2441 3047 2496 αὑτοῦ
3107 2442 3245 2510 πρὸς
3302 2439 3395 2492 τὸν
3429 2440 3499 2492 τὰ
3548 2439 3644 2493 τοῦ

2070 2538 2538 2608 Πνευματομάχου
2574 2535 2913 2590 Μακεδονίου
2975 2535 3301 2605 φρονοῦντα,
3361 2535 3422 2587 ιν
3462 2525 3506 2600 ᾧ
3549 2532 3642 2586 τοῦ

2080 2633 2399 2705 Ὀρθοδόξου
2445 2632 2720 2700 λέγοντος,
2788 2649 2808 2680 ι
2847 2630 3144 2696 Κατέγνων
3175 2629 3272 2698 τῆς
3302 2627 3638 2698 προσθήκης,

2066 2722 2138 2798 ἦς
2166 2726 2548 2796 προσεθήκατε
2610 2726 2666 2776 ἐν
2696 2725 2764 2793 τῇ
2796 2722 3012 2776 ἐκθέσει
3042 2719 3136 2773 τοῦ
3191 2719 3518 2774 Λουκιανοῦο
3547 2723 3642 2774 καὶ

2065 2821 2176 2889 ἔχω
2205 2818 2400 2883 δεῖξαι,
2422 2821 2505 2871 ὅτι
2540 2817 2922 2886 προσεθήκατε
2965 2813 3207 2867 ἐναντίον
3246 2812 3418 2882 αὐτῆς
3444 2829 3458 2842 ο
3501 2831 3519 2864 ι
3546 2813 3638 2866 τοῦ

2062 2912 2118 2964 δὲ
2175 2910 2244 2962 τὰ
2312 2906 2720 2962 Μακεδονιανοῦ
2803 2906 3127 2976 φρονοῦντος
3186 2904 3639 2970 ἁντεπάγοντος,

2036 3002 2304 3072 ἰὙμεῖς
2335 3007 2444 3072 γὰρ
2497 3002 2557 3053 οὐ
2600 3000 2979 3070 προσεθήκατε
3039 3001 3104 3068 τῇ
3154 2999 3210 3050 ὲν
3265 2997 3504 3067 Νικαίας
3547 3016 3564 3048 ι
3611 2997 3636 3048 ἐ

2078 3095 2393 3166 Ὀρθὸδοξος
2423 3093 2560 3163 πρὸς
2585 3091 2742 3145 τοῦτο
2766 3108 2781 3123 ο
2819 3109 2838 3141 ι
2881 3090 3022 3142 Ἀλλ’
3043 3090 3142 3142 οὐκ
3165 3089 3385 3142 ἐναντία
3415 3088 3575 3156 αὐτῇ.
3615 3106 3628 3138 ι

2063 3189 2175 3242 Καὶ
2206 3189 2287 3242 έτι
2311 3187 2668 3256 ἐκδηλότερον
2703 3186 2731 3237 ὁ
2786 3183 2949 3245 αὐτὸς
3002 3183 3158 3250 ἅγιος
3209 3180 3423 3250 τίθησιν
3453 3181 3512 3230 ἐν
3569 3182 3636 3248 τῇ

2061 3277 2229 3332 αὐτοῦ
2267 3276 2518 3346 συντόμῳ
2550 3273 2837 3344 ὁμολογίᾳ,
2871 3273 2938 3341 ἢν
2976 3272 3214 3323 ποιεῖται
3260 3270 3401 3336 ὑπὲρ
3439 3269 3538 3338 τῆς
3581 3271 3638 3320 ἐν

378 3355 726 3427 principium,
766 3358 902 3414 Cum
949 3362 1243 3417 admodum
1295 3381 1578 3435 generose,
1624 3371 1718 3425 aut
1749 3373 1955 3442 ignavi-

2059 3368 2365 3439 Χαλκηδόνι
2395 3367 2642 3433 συνόδου,
2670 3360 2737 3437 ἧς
2771 3367 2805 3435 ή
2833 3365 3001 3435 ἁρχὴ,
3039 3365 3194 3416 Ἐπεὶ
3235 3362 3291 3414 δὲ
3340 3361 3461 3414 λίαν
3513 3377 3637 3429 γεν-

374 3458 483 3516 ter,
509 3460 566 3504 ut
596 3452 778 3520 aptius
815 3454 1067 3523 cIOquar,
1115 3466 1240 3526 post
1286 3475 1457 3528 pauca
1488 3476 1502 3514 :
1541 3481 1559 3513 ι
1591 3461 1728 3529 Quis
1764 3467 1949 3535 igitur,

374 3548 429 3595 et
475 3541 544 3597 de
569 3544 772 3612 quibus
801 3547 1156 3603 criminatio?
1184 3549 1418 3617 Asserit,
1436 3553 1594 3608 aliam
1615 3556 1736 3610 fidei
1762 3556 1951 3613 defini«

384 3632 585 3688 tionem
613 3635 888 3690 diversam
919 3639 986 3692 ab
1010 3652 1073 3694 ea
1107 3657 1229 3710 quae
1266 3643 1320 3696 in
1362 3656 1549 3699 sancta
1586 3645 1806 3704 Ntcmna
1865 3665 1955 3721 sy.

380 3725 526 3778 nodo
553 3725 750 3780 tradita
785 3739 870 3784 est
901 3744 930 3783 «ι
955 3733 1164 3786 sanctis
1191 3743 1503 3789 tercentum
1529 3739 1716 3792 decem
1747 3750 1798 3793 et
1827 3749 1951 3794 octo

377 3816 637 3874 Patribus
669 3820 1098 3877 introduxisse.»
1128 3821 1467 3895 Reiquoque
1500 3832 1950 3896 peraccommoda

373 3905 514 3968 erit,
579 3922 644 3962 ex
690 3907 980 3980 Florilegio
1011 3927 1042 3966 e
1079 3913 1327 3981 cujusvis
1373 3918 1588 3986 generis
1620 3919 1776 3975 libris
1821 3935 1951 3975 con-

372 3999 597 4053 cinnato
621 4000 1438 4076 Photii_Constantinopolitani,
1479 4009 1690 4082 Eulogii
1715 4015 1950 4082 patriar-

376 4087 495 4142 cha:
522 4089 882 4148 Alexandrini
918 4097 1216 4160 sententia,
1268 4098 1540 4170 habetque
1592 4117 1653 4157 se
1703 4104 1854 4159 hunc
1895 4109 1948 4161 in

368 4184 592 4239 modum
625 4203 639 4240 :
671 4206 688 4238 ι
743 4187 849 4243 Sed
888 4190 1271 4248 haereticorum
1307 4212 1499 4252 rursus
1527 4202 1747 4254 vesania
1783 4217 1950 4270 quar-

370 4287 478 4329 tam
513 4280 765 4348 synodun
812 4281 1161 4348 criminatur,
1186 4289 1332 4355 quod
1370 4288 1654 4346 decretum
1691 4295 1943 4361 ediderit,

365 4371 799 4440 contenditque,
873 4375 1039 4428 talem
1110 4387 1370 4433 conatum
1417 4397 1447 4434 a
1495 4384 1670 4451 prima
1738 4389 1946 4457 synodo

367 4455 569 4524 Ephesi
597 4458 781 4512 habita
801 4464 1021 4517 omnino
1037 4466 1373 4534 prohibitum
1397 4469 1591 4526 fuisse.
1616 4474 1682 4527 Et
1709 4455 1852 4538 licet,
1872 4477 1939 4544 si,

375 4555 434 4599 ut
459 4547 558 4615 ipsi
597 4561 892 4620 nngantur,
928 4558 1201 4623 synodum
1240 4561 1459 4628 quidvis
1489 4565 1636 4620 aliud
1663 4567 1940 4624 decretum

375 4639 676 4706 producere
705 4643 897 4707 vetuit,-
934 4645 1050 4700 liarc
1081 4656 1209 4703 ante
1233 4653 1369 4706 alias
1395 4665 1580 4708 contra
1603 4671 1662 4712 se
1683 4661 1941 4719 condem-

369 4730 608 4787 nationis
643 4735 975 4791 sententiam
1019 4742 1247 4808 protulit
1277 4761 1291 4798 :
1327 4745 1684 4803 delinitenim
1725 4752 1828 4806 hoc
1859 4753 1938 4822 ip-

364 4836 484 4876 sum
515 4822 845 4893 decernens,
871 4831 1015 4899 quod
1052 4833 1199 4888 nulla
1235 4836 1340 4889 alia
1397 4841 1718 4909 anteipsam
1746 4843 1936 4899 delini-

356 4913 454 4966 vit.
503 4912 606 4968 Sed
639 4915 978 4986 hypostatica
1008 4924 1272 4992 siquidem
1327 4928 1460 4980 unio
1495 4930 1658 4998 hujus
1692 4941 1777 4986 est
1808 4949 1934 4997 vox,

360 5003 429 5057 de
462 5019 567 5074 qua
641 5009 978 5078 antiquiores
1051 5015 1244 5084 synodi
1279 5019 1363 5072 ‘nil
1419 5031 1734 5078 sanxerant.
1793 5023 1932 5090 Quin

371 5105 428 5150 ct.
453 5099 1106 5171 Constantinopolilanam
1135 5119 1352 5164 centum
1393 5117 1789 5184 quinquaginta
1829 5116 1934 5171 Pa-

362 5199 507 5243 trum
563 5195 679 5247 suis
713 5194 814 5262 ipsi
846 5197 1010 5266 nugis
1051 5199 1329 5268 rejiciunt,
1359 5211 1413 5257 ct
1474 5207 1864 5272 condemnant,
1901 5224 1928 5261 a

353 5297 464 5350 qua
507 5283 788 5355 proﬂigata
829 5297 913 5343 est
959 5288 1220 5360 Spiritum
1269 5299 1701 5365 Oppugnantium
1761 5301 1930 5356 haere-

356 5375 454 5438 sis,
494 5387 550 5427 οι
579 5378 775 5432 additis
792 5378 1010 5437 Nicaano
1033 5381 1296 5453 Symbolo
1323 5389 1504 5444 verbis
1523 5390 1589 5443 de
1604 5394 1779 5445 sancti
1802 5391 1929 5460 Spi-

359 5469 499 5525 ritus
546 5471 856 5538 divinitate,
897 5476 1031 5530 fides
1065 5487 1428 5547 congruenter
1491 5481 1761 5549 explicata
1819 5493 1923 5537 est.

357 5561 415 5614 Si
453 5564 600 5618 enim
642 5569 1016 5634 praecedentes
1071 5574 1392 5640 apponcndo
1443 5574 1924 5642 reprehensionem

357 5654 646 5725 cﬂugiunt,
680 5675 857 5730 neque
881 5664 1002 5719 illas
1029 5668 1344 5721 subsecutae
1371 5667 1424 5721 in
1454 5667 1728 5723 similibus
1767 5670 1929 5724 dissi-

358 5745 562 5799 ini'liter
593 5748 1047 5816 vituperationem
1081 5756 1382 5810 incurrent.
1421 5756 1511 5811 Sic
1537 5757 1924 5827 desipientium

357 5849 515 5890 mcns
543 5839 724 5892 omnia
763 5844 1079 5899 commiscet
1103 5857 1153 5901 et
1183 5847 1388 5904 turbat.
1425 5847 1695 5916 Ephesina
1724 5854 1924 5907 ctenim

443 6071 460 6102 Ι

1977 4704 2016 4758 D

2060 3465 2227 3527 ναίως
2306 3463 2340 3533 ἢ
2411 3461 2622 3526 ἁγενῶς
2669 3460 2849 3513 εἰπεῖν
2919 3459 3287 3524 οίκειότερον,
3337 3457 3431 3508 καὶ
3498 3455 3634 3524 μετέ

2056 3577 2177 3613 τινα
2197 3573 2212 3589 ⁸
2252 3558 2378 3621 «Τίς
2406 3552 2499 3609 οὖν
2515 3554 2626 3624 ἄρα
2655 3553 2748 3606 καὶ
2767 3551 2905 3622 ,περὶ
2937 3551 3099 3604 τίνων
3127 3551 3159 3618 ή
3187 3547 3480 3616 έγκλησις;
3509 3547 3633 3600 Ὅτι

2055 3652 2133 3715 δὲ,
2166 3651 2352 3719 φησὶν,
2383 3648 2540 3700 ἄλλον
2571 3647 2813 3706 πίστεως
2840 3644 2963 3712 ὅρον
2999 3639 3153 3710 παρὰ
3182 3639 3274 3692 τὸν
3325 3640 3383 3691 ὲν
3425 3636 3630 3705 Nini;

2058 3743 2191 3812 ἁγίᾳ
2226 3740 2431 3808 συνόδῳ
2455 3737 2682 3790 τεθέντα
2717 3736 2780 3788 ἐκ
2805 3732 2913 3786 τῶν
2949 3731 3118 3798 ἁγίων
3147 3728 3475 3796 τριακοσίων
3498 3726 3630 3778 δέκα

2057 3835 2152 3887 καὶ
2187 3831 2331 3883 ὀκτὼ
2363 3830 2626 3897 Πατέρων
2662 3829 2983 3895 εἰσήγαγεν.
3027 3843 3044 3875 ι
3097 3823 3256 3876 Ἀλλὰ
3297 3821 3391 3872 καὶ
3421 3822 3485 3872 ὲκ
3532 3819 3631 3885 τῆς

2059 3921 2657 3996 βιϐλιοπανσυλλέκτου
2691 3918 3080 3986 Ἀνθολογίας
3105 3914 3310 3966 Φωτίου
3342 3913 3632 3965 Κωνσταν-

2055 4018 2420 4077 τινσυπόλεως
2452 4013 2629 4067 καὶτὸ
2666 4011 2762 4064 τοῦ
2801 4009 3059 4074 Εὐλογίου
3101 4006 3443 4076 πατριάρχου
3484 4004 3632 4054 Ἀλε-

2056 4110 2344 4180 ξανδρείας
2400 4105 2768 4175 προκείμενον
2815 4102 2936 4155 λίαν
2979 4102 3263 4170 ἁρμόζειν.
3302 4097 3458 4166 Ἔχει
3520 4094 3628 4164 γὰρ

2053 4199 2258 4266 οὕτως·
2303 4217 2321 4250 ι
2345 4197 2507 4252 ’Δλλά
2542 4196 2649 4264 γὰρ
2672 4194 2771 4262 τῆς
2804 4192 3074 4261 αἱρέσεως
3115 4191 3278 4244 πάλιν
3309 4191 3341 4258 ή
3397 4188 3629 4244 ἀπόνοια

2051 4294 2151 4361 τὴν
2185 4289 2452 4358 τετάρτην
2495 4289 2772 4356 μέμφεται
2812 4281 3055 4344 σύνοδον,
3091 4281 3167 4341 ὼς
3216 4279 3343 4348 ὅρον
3397 4276 3622 4344 ὲκθεμέο

2052 4399 2171 4449 νην,
2202 4378 2612 4448 διατεινομένην
2642 4379 2742 4445 τὴν
2772 4375 3032 4443 τοιαύτην
3092 4373 3462 4441 ὲπιχεέρησιν,
3517 4367 3620 4420 ὑπὸ

2048 4473 2148 4540 τῆς
2186 4471 2330 4525 κατὰ
2354 4473 2453 4540 τὴν
2489 4470 2727 4537 Ἔφεσον
2761 4466 2984 4534 πρώτης
3044 4464 3288 4524 συνόδου,
3341 4459 3618 4522 παντελῶς

2048 4563 2532 4620 ἁποκεκωλῦσθαι.
2557 4563 2761 4615 Καίτοι
2783 4578 2845 4629 γε
2870 4563 2920 4613 εί
2948 4558 3091 4612 κατὰ
3124 4557 3216 4610 τὸν
3245 4555 3410 4624 λῆρον
3458 4553 3620 4608 αὐτὸν

2050 4657 2312 4725 ἀπεῖργεν
2341 4657 2373 4724 ή
2409 4651 2625 4718 σύνοδος
2662 4653 2852 4722 ἕτερον
2873 4652 2999 4722 ὅρον
3047 4649 3293 4720 μηδόλως
3326 4648 3614 4727 προάγειν,

2042 4746 2179 4814 αὑτὴ
2211 4743 2334 4798 καθ’
2363 4746 2567 4814 ἑαυτῆς
2597 4746 2728 4813 "apo
2769 4744 2878 4796 τῶν
2911 4743 3084 4795 ἄλλων
3138 4743 3238 4809 τὴν
3285 4739 3615 4802 δικάζουσαν

2039 4835 2300 4904 ἐξήνεγκε
2337 4834 2540 4904 ψῆφον.
2585 4835 2791 4906 Ὀρίζει
2817 4836 2925 4904 γὰρ
2970 4833 3105 4886 αὐτὸ
3135 4832 3294 4885 τοῦτο
3341 4832 3611 4895 τυποῦσα,

2038 4929 2067 4982 ὃ
2109 4929 2232 5000 μηδ’
2261 4929 2424 4998 έτὲρα
2456 4927 2567 4981 τῶν
2601 4930 2708 5000 πρὸ
2738 4929 2906 4996 αὐτῆς
2936 4927 3254 4997 διωρίσατο,
3303 4925 3469 4979 Ἀλλὰ
3520 4925 3616 4977 καὶ

2039 5025 2072 5092 ή
2103 5021 2224 5074 καθ’
2258 5022 2571 5075 ὑπόστασιν
2603 5022 2804 5084 ἓνωσις
2860 5021 3032 5089 αὐτῆς
3066 5022 3213 5072 ἐστιν
3247 5019 3394 5088 ὅρος,
3421 5017 3449 5069 ὃ
3494 5018 3615 5078 ταῖς

2041 5115 2452 5184 πρεσϐυτέραις
2516 5120 2627 5166 τῶν
2689 5113 2928 5164 συνόδων
2983 5113 3044 5162 οὐ
3071 5109 3379 5180 διώρισται.
3414 5112 3522 5163 Ναὶ
3550 5109 3614 5178 δή

2038 5209 2132 5259 καὶ
2157 5206 2259 5277 τὴν
2290 5211 2348 5259 ὲν
2384 5205 2956 5259 Κωνσταντινουπόλει
3010 5204 3119 5259 τῶν
3158 5203 3353 5256 ἑκατὸν
3414 5204 3613 5270 πεντή-

2037 5314 2206 5350 κοντα
2244 5297 2418 5365 ἁγίων
2450 5298 2714 5366 Πατέρων
2739 5295 2797 5358 ἐξ
2827 5289 2900 5348 ὧν
2929 5295 3085 5349 αὐτοὶ⁹
3133 5293 3360 5361 ληροῦσι
3417 5309 3604 5363 παρα-

2004 5389 2326 5473 ,γράφεταμ
2352 5391 2455 5443 Τὸν
2486 5389 2952 5459 Πνευματομάχον
2991 5389 3102 5458 γὰρ
3132 5388 3273 5459 αὕτη
3304 5387 3609 5459 καθελοῦσα

2035 5483 2112 5554 τῷ
2142 5485 2282 5536 κατὰ
2323 5482 2424 5551 τὴν
2455 5483 2690 5536 Νίκαιαν
2747 5482 3123 5552 ἐκφωνηθέντι
3163 5485 3275 5551 ὅρῳ
3328 5481 3426 5550 τὴν
3482 5482 3611 5548 περὶ

2034 5575 2127 5627 τοῦ
2159 5574 2315 5642 ἁγίου
2343 5574 2657 5644 Πνεύματος
2689 5574 2969 5642 θεολογίαν
2995 5573 3296 5644 προσθεῖσα
3326 5574 3609 5642 συνήρμοο

2038 5685 2148 5720 σίν.
2184 5669 2243 5719 Εἰ
2273 5669 2381 5738 γὰρ
2415 5669 2471 5721 αἱ
2500 5668 2869 5736 προλαϐοῦσαι
2892 5667 3272 5737 προστιθεῖσαι
3297 5667 3387 5718 τὸν
3421 5663 3610 5732 μῶμον

2043 5761 2430 5829 ἐκφεύγουσιν,
2459 5759 2582 5813 οὐδὲ
2625 5762 2680 5814 αἱ
2717 5763 2837 5829 μετ’
2894 5761 3068 5824 αὑτὰς
3127 5763 3186 5814 ἐν
3243 5762 3355 5821 τοῖς
3400 5758 3607 5825 ὁμοίοις

2039 5851 2306 5921 ἀνομοίως
2331 5852 2517 5916 ἕξουσι
2550 5854 2644 5922 τὴν
2680 5857 3044 5921 κατέγνωσιν.
3078 5851 3235 5908 Οὕτω
3268 5852 3326 5906 τὸ
3351 5850 3608 5904 ἀσύνετον

3568 383 3676 447 ‘2‘32
