4102 6418
352 396 455 461 2523

1470 385 1567 444 AD
1618 381 1987 443 lMPERAT.
2028 372 2513 436 TRAI‘EZUNT.

3505 363 3613 428 233i

353 520 528 572 πάντα
556 514 720 583 φύρει
754 512 849 566 καὶ
878 507 1216 580 διαστρέφει.
1248 506 1357 561 Καὶ
1390 505 1498 575 γὰρ
1552 506 1584 575 ὴ
1625 505 1684 556 ὲν
1711 502 1928 570 Ἐφέσῳ

2044 495 2281 566 synodus
2302 493 2461 546 fidem
2487 490 2707 560 quidem
2730 488 2914 554 aliam,
2932 487 3089 558 cujus
3115 486 3367 558 dogmata
3388 486 3617 543 Nicaeum

356 608 573 670 σύνοδος
609 606 794 657 πίστιν
819 604 918 673 μὲν
942 602 1162 668 ἑτέραν,
1195 594 1263 672 ἧς
1315 596 1538 650 ἐναντία
1566 598 1635 648 τά
1683 595 1933 661 δόγματα

356 701 490 771 πρὸς
511 701 614 769 τὴν
639 702 697 752 ἐν
736 695 944 765 Νικαίᾳ
990 693 1300 760 καθέστηκε
1352 688 1593 748 σύνοδον,
1652 684 1934 745 παντελῶς

355 792 669 847 ἐκτίθεσθαι
698 788 1027 842 διεκώλυσεν
1053 802 1069 817 ο
1107 784 1405 855 ἀκηράτων
1444 783 1500 834 δὲ
1530 780 1638 833 τῶν
1675 781 1731 832 ὲν
1793 775 1933 844 αὐτῇ

358 883 702 951 σωζομένων,
763 878 909 945 ἅπερ
953 879 981 930 ὁ
1039 875 1234 945 καιρὸς
1280 873 1503 927 άπαιτεί
1555 866 1932 939 προστιθέναι,

328 977 521 1044 ,αὐτῆς
552 990 612 1026 τε
641 971 867 1040 γέγονεν
901 969 1088 1039 ἔργον,
1119 969 1215 1020 καὶ
1247 966 1356 1019 τῶν
1380 962 1729 1035 πραγμάτων
1758 960 1791 1029 ἠ
1829 957 1935 1027 φύ-

360 1086 444 1130 σις
490 1064 830 1127 διδάσκαλος,
881 1060 1106 1130 καὶτῆς
1146 1058 1480 1129 Ἐκκλησίας
1524 1056 1724 1126 όρᾶται
1776 1051 1935 1105 τοῦτο

362 1159 661 1229 στέργουσα
686 1152 777 1207 διὰ
834 1149 1040 1213 παντὸς
1070 1151 1103 1219 ὴ
1148 1147 1476 1218 παράδοσις.
1513 1144 1607 1196 Διό
1646 1142 1744 1195 καὶ
1789 1139 1934 1194 κατὰ

358 1249 456 1318 τὴν
499 1243 911 1311 Ἀλεξάνδρειαν
940 1240 1094 1294 οὗπω
1118 1239 1215 1308 τῆς
1268 1237 1665 1307 οἱκουμενικῆς
1696 1248 1935 1301 συγκρο-

359 1338 617 1408 τηθείσης
653 1334 904 1398 συνόδου,
929 1334 1055 1396 τοὺς
1088 1333 1146 1385 ἐν
1178 1330 1319 1400 αὐτῇ
1342 1330 1450 1381 τῶν
1474 1327 1667 1399 ἱερέων
1696 1324 1931 1389 λογάδας

358 1433 388 1485 ό
452 1429 742 1490 θεσπέσιος
798 1423 1073 1496 Κύριλλος
1113 1420 1555 1491 .ἁθροισάμενος,
1599 1418 1697 1472 καὶ
1749 1416 1936 1469 πίστιν

358 1524 673 1592 δ.αθέμενος
700 1520 981 1590 ἔγγραφον
1024 1517 1102 1586 τῷ
1154 1515 1441 1583 Νεστορεῳ
1494 1510 1857 1581 διεπέμψατο.
1910 1526 1930 1560 ι

361 1619 469 1669 Καὶ
516 1617 544 1668 ὁ
600 1616 754 1683 ἆγιος
795 1611 1119 1683 Ἐφραίμιος
1181 1606 1533 1679 πατριάρχης
1601 1601 1933 1672 Ἀντιοχείας

364 1707 536 1778 φησί·
572 1724 591 1757 ι
630 1705 803 1759 Ιιάλιν
849 1704 907 1757 δὲ
943 1701 1354 1772 ἐπηρεάζουσιν
1406 1699 1457 1750 οἱ
1507 1696 1775 1769 αἱρετικοὶ
1836 1695 1935 1763 τὴν

360 1799 626 1868 τετάρτην
650 1795 890 1857 σύνοδον,
922 1793 1195 1861 λέγοντες,
1217 1789 1294 1853 ὡς
1321 1788 1703 1858 ἐδογμάτισεν,
1744 1784 1936 1856 μηδενὶ

359 1863 921 1958 ἐξεῖναι-προφέρειν,
960 1885 993 1954 ἢ
1022 1884 1392 1952 συγγράφειν,
1422 1878 1455 1951 ἢ
1513 1877 1819 1931 συντιθέναι
1846 1876 1937 1929 πί·
1969 1863 2010 1920 Β

364 1998 482 2033 στιν
507 1980 725 2049 ἐτέραν,
761 1978 793 2042 ἧ
824 1979 1064 2045 φρονεῖν,
1097 1974 1229 2043 παρ’
1264 1974 1333 2045 ἢν
1359 1971 1576 2037 ἐξέθετο
1602 1969 1764 2039 αὐτή.
1799 1967 1938 2022 Καί-

361 2073 528 2127 τοιού
566 2070 727 2125 τοῦτο
760 2072 792 2138 ὴ
823 2068 1038 2130 σύνοδος
1064 2067 1382 2135 διωρίσατο,
1428 2062 1532 2116 κᾶν
1562 2059 1938 2130 ἀναισχύντως

362 2159 508 2217 οὗτοι
531 2160 997 2230 καταψεύδωνται.
1034 2156 1199 2210 Ἀλλὰ
1228 2158 1329 2226 τὴν
1358 2154 1562 2217 πίστιν,
1600 2153 1669 2224 ἣν
1698 2153 1747 2205 οί
1780 2168 1938 2221 τρια·

364 2255 537 2307 κόσιοι
571 2253 700 2306 δέκα
736 2252 831 2304 καί
864 2248 1012 2302 ὀκτὼ
1039 2248 1283 2318 Πατέρες
1324 2248 1592 2313 ἐξέθεντο,
1630 2244 1851 2316 τιμῶσά
1879 2259 1938 2296 τε

366 2347 460 2399 καὶ
488 2343 849 2407 θεσπίζουσα,
892 2341 1047 2412 παρὰ
1068 2340 1276 2409 ταύτην
1310 2339 1481 2410 ἔφησε
1520 2339 1711 2408 μηδενὶ
1734 2337 1939 2401 ἐξεῖναι

370 2437 662 2507 προφέρειν
683 2436 878 2504 ἑτέραν
921 2434 1129 2501 πίστιν,
1155 2452 1173 2485 ι
1193 2433 1287 2486 καὶ
1316 2432 1385 2486 τὰ
1417 2433 1740 2486 ὑπόλοιπα.ι
1771 2431 1938 2500 Δῆλον

366 2530 423 2584 δέ
445 2533 595 2584 ἐστιν
630 2527 688 2593 ἐξ
714 2528 897 2582 αὐτῶν
954 2526 1193 2597 μάλιστα
1221 2526 1333 2579 τῶν
1389 2525 1683 2579 συνοδικιῖν
1720 2523 1937 2591 φωνῶν,

366 2616 558 2674 ὤνκαὶ
596 2620 756 2690 μόνον
819 2618 1367 2688 ἀναγινωσκομένων,
1416 2616 1536 2670 οὐδὲ
1593 2619 1724 2683 μιᾶς
1773 2615 1940 2682 ἄλλης

365 2714 567 2765 δεῖσθαι
602 2710 1040 2781 κατασκευῆς,ἢ
1103 2709 1415 2772 συστάσεως
1486 2706 1855 2776 ἐπιδειχθεῖσα
1904 2706 1936 2774 ἡ

369 2805 615 2872 ἀλήθεια.
652 2806 758 2857 Καὶ
783 2805 879 2875 οὐχ
907 2802 1077 2875 ὥρισε
1131 2802 1232 2871 μὲν
1260 2802 1441 2867 τοῦτο,
1501 2800 1707 2871 ἔπραξε
1738 2800 1796 2853 δὲ
1845 2799 1940 2853 άλ-

369 2898 496 2965 λως,
527 2897 643 2950 ἀλλ’
664 2896 741 2959 ὡς
775 2896 1002 2966 ὥρισεν,
1032 2894 1205 2958 οὕτως
1232 2893 1507 2963 πανταχοῦ
1546 2895 1640 2946 καὶ
1678 2894 1941 2962 διαπρατ-

367 2992 565 3059 τομένη
599 2983 894 3057 λογίζεται.
922 2988 1028 3040 Καὶ
1060 2986 1170 3054 γὰρ
1201 2987 1329 3047 τοὺς
1358 2987 1424 3056 τῇ
1480 2985 1737 3057 εὐσεϐείᾳ
1767 3002 1942 3056 προσ-

371 3086 548 3140 ιόντας
577 3082 677 3134 οὐκ
710 3081 835 3132 ἄλλο
862 3079 1158 3149 σύμϐολον,
1193 3077 1339 3130 ἀλλὰ
1380 3078 1576 3157 τὺοτῶν
1611 3079 1941 3147 τριακοσίων

368 3173 499 3225 δέκα
530 3172 623 3224 καὶ
646 3168 789 3222 ὀκτὼ
815 3170 991 3238 ἁγίων
1025 3170 1286 3239 Πατέρων
1339 3169 1651 3223 ἐκδιδάσκει
1689 3171 1783 3222 καὶ
1832 3186 1939 3222 πα-

372 3264 648 3333 ραδίδωσι.
676 3218 897 3314 mm;
926 3261 982 3314 δὲ
1009 3218 1212 3332 μᾶλλον
1240 3261 1362 3316 καθ’
1392 3218 1656 3333 (iamdiu-il
1967 3218 2011 3282 Ο

368 3355 466 3422 τῆς
506 3354 725 3407 συνόδου
760 3354 1107 3425 κατέχουσιν,
1143 3356 1202 3407 ἐν
1255 3347 1337 3417 οἷς
1393 3371 1559 3424 φασιν
1612 3354 1784 3426 αὐτὴν
1836 3355 1942 3407 ὑπὸ

373 3445 584 3498 πολλῶν
610 3445 991 3515 διασύρεσθαι.
1027 3446 1202 3501 Πόσαι
1238 3447 1347 3517 γὰρ
1378 3449 1477 3517 τῆς
1500 3448 1724 3516 πρώτης
1743 3449 1838 3501 καὶ
1866 3448 1944 3501 0!-

367 3538 698 3608 κουμενικῆς
755 3538 921 3607 ἁγίας
974 3538 1197 3591 συνόδου
1256 3542 1517 3593 κατεῖπον
1565 3540 1809 3606 σύνοδοι,
1845 3542 1941 3596 καὶ

366 3628 487 3681 τότε
517 3629 819 3698 ἀρχιερέων
844 3625 1002 3681 οὖσαι
1044 3628 1320 3700 πλήρωμα
1347 3647 1362 3697 ;
1394 3629 1502 3700 Τὴν
1523 3630 1575 3684 δὲ
1605 3632 1712 3685 τῶν
1745 3633 1943 3686 ἑκατὸν

366 3723 736 3789 πεντήκοντα,
768 3721 878 3773 οὐδ’
913 3722 963 3773 εί
1020 3723 1238 3791 γέγονε,
1275 3726 1421 3786 τινὲς
1476 3725 1586 3777 τῶν
1628 3725 1943 3793 Αίγυπτῗων

369 3813 571 3865 εἰδέναι
609 3813 903 3883 ἠθέλησαν.
951 3813 1094 3867 Ἀλλ’
1148 3816 1404 3885 ἐάσωμεν
1466 3818 1525 3869 τὸ
1576 3818 1884 3885 ἀλόγιστον.
1918 3837 1935 3868 ι

370 3905 479 3956 Καὶ
505 3905 667 3959 πάλιν
701 3903 897 3968 όθεῖος
945 3905 1238 3975 Μάξιμος·
1275 3926 1294 3958 ι
1338 3908 1459 3973 Πῶς
1508 3905 1603 3963 οὖν
1650 3910 1752 3979 τὴν
1799 3909 1943 3961 οὓτω

367 3997 543 4050 ταῦτα
576 3996 892 4066 σεϐασμίως
919 3996 1034 4066 ἅμα
1100 4001 1193 4051 καὶ
1243 3998 1585 4068 διαπρυσίως
1619 4001 1837 4070 δρῶσάν
1882 4018 1941 4053 τε

368 4088 463 4139 καὶ
488 4086 923 4157 διαγορεύουσαν
956 4087 1123 4156 άγίαν
1158 4091 1214 4140 ἐν
1242 4090 1551 4160 Χαλκηδόνι
1602 4092 1842 4156 σύνοδον,
1866 4091 1943 4153 ὡς

368 4179 826 4251 δια-πεμπομένην
850 4181 942 4234 τὸν
971 4182 1070 4251 τῆς
1106 4182 1361 4236 Νικαέων
1403 4185 1528 4254 ὅρον
1564 4185 1942 4253 παραστῆσαι,

375 4270 460 4332 τίς
490 4273 553 4324 ἂν
582 4272 884 4342 ἐξισχύσειε
928 4273 1171 4340 πώποτε,
1206 4274 1312 4328 κᾶν
1349 4276 1570 4328 πάντων
1698 4274 1945 4346 ποριμώ-

368 4380 527 4428 τατος
570 4369 651 4427 είς
703 4366 981 4437 ἐξεύρεσιν
1041 4368 1151 4421 τῶν
1203 4368 1293 4422 διὰ
1352 4369 1579 4438 ψεύδους
1609 4372 1676 4422 τὰ
1706 4371 1782 4438 μὴ
1812 4369 1944 4421 ὄντα

371 4458 508 4506 κατὰ
554 4455 651 4524 τῆς
700 4457 934 4526 ἀληθοῦς
981 4457 1075 4510 καί
1103 4457 1272 4521 ὅντως
1313 4459 1743 4528 πλαττομένων;
1778 4461 1837 4511 Εἰ
1882 4459 1941 4512 δὲ

371 4547 459 4599 καὶ
488 4549 560 4609 ὡς
591 4548 781 4601 τοῦτον
813 4550 911 4619 μὲν
940 4549 1219 4620 τηροῦσαν
1275 4550 1533 4620 βεϐαίως,
1562 4550 1636 4615 ὼς
1684 4552 1942 4622 δεύτερον

367 4639 424 4691 δὲ
448 4641 609 4709 τυχὸν
641 4643 1044 4710 ἐπεισάγονσαν
1071 4644 1200 4712 ὅρον
1228 4643 1615 4713 διαλοιδορεῖτε
1674 4645 1771 4697 καὶ
1804 4648 1946 4715 μέμ-

370 4733 554 4801 φεσθε,
583 4734 665 4797 τίς
690 4733 845 4799 οὗτος
878 4736 1221 4805 καθέστηκεν
1254 4739 1282 4788 ό
1321 4737 1413 4789 ὑπ’
1436 4738 1607 4807 αὐτῆς
1644 4738 1940 4806 ἐπεισαγό-

371 4843 529 4893 μενος
560 4827 810 4897 δεύτερος
835 4829 992 4899 ὄρος;
1033 4827 1099 4881 Ἦ
1157 4830 1445 4900 ὁμολογία,
1480 4832 1638 4898 φησι,
1697 4831 1808 4886 τῶν
1849 4832 1945 4884 δύο

370 4919 604 4987 φύσεων,
668 4922 763 4971 καὶ
818 4921 876 4972 ἐν
907 4921 1001 4973 δύο
1049 4922 1246 4990 φύσεσι
1305 4923 1512 4992 φωνῆς.
1560 4925 1637 4975 Οὐ
1688 4924 1798 4992 γὰρ
1833 4922 1947 4993 ἔχει

369 5014 570 5081 ταύτην
593 5015 621 5066 ὁ
648 5012 742 5081 τῆς
769 5010 1019 5068 Νικαέων
1064 5016 1213 5085 ὅρος.
1243 5017 1485 5090 Εἰσήχθη
1540 5019 1599 5071 δέ
1654 5019 1945 5089 προδήλως

372 5104 475 5158 ὑπὸ
503 5106 614 5159 τῶν
663 5109 718 5159 ἐν
747 5106 1057 5179 Χαλκηδόνι
1089 5111 1372 5181 Ιιατέρων,
1405 5112 1466 5164 ού
1497 5112 1769 5184 πρότερον
1800 5112 1944 5182 γνὼ-

374 5198 702 5272 ρισθείσα,ἢ
734 5201 1102 5273 ὀνομασθεῖσα
1134 5207 1287 5276 παρά
1315 5223 1484 5271 τινος.
1517 5207 1641 5261 Ὀτι
1686 5211 1785 5280 μὲν
1824 5209 1946 5263 οὐδὲ

371 5292 528 5345 τοῦτο
562 5294 817 5359 δύνασθε,
854 5300 1212 5368 παραστῆσαι
1256 5300 1435 5371 δῆλον.
1482 5302 1703 5366 Πολλοῖς
1742 5320 1802 5355 τε
1836 5304 1946 5372 γάρ

370 5384 480 5437 τῶν
515 5386 619 5453 πρὸ
666 5386 836 5453 αὐτῆς
864 5388 1040 5455 άγίων
1080 5389 1341 5462 Πατέρων
1364 5393 1439 5456 ὡς
1475 5393 1706 5462 εὐσεϐὴς
1735 5394 1767 5464 ἡ
1795 5394 1947 5463 φωνὴ

375 5476 467 5529 καὶ
500 5479 693 5551 ἐκρίθη
729 5482 821 5534 καὶ
849 5483 1220 5553 ἀνηγορεύθη,
1284 5486 1380 5538 καὶ
1442 5487 1783 5557 μαρτυροῦσι
1836 5488 1947 5539 τῶν

372 5571 577 5642 ταύτην
616 5574 975 5643 κηρυξάντων
1008 5579 1058 5628 οἱ
1090 5578 1259 5645 λόγοι,
1297 5579 1477 5647 πάσης
1519 5578 1672 5642 ὄντες
1714 5581 1944 5650 ἡλιακῆς

373 5661 588 5727 άκτῐνος
673 5669 1124 5735 φωτοειδέστατοι
1201 5673 1301 5723 καὶ
1380 5672 1774 5743 λαμπρότεροι.
1833 5676 1941 5727 Καὶ

374 5756 529 5826 ὑμεῖς
556 5758 590 5827 ἢ
619 5759 863 5824 ἀγνοεῖτε
910 5760 979 5813 δι’
1015 5763 1401 5829 ἀπαιδευσίαν,
1438 5765 1471 5835 ἢ
1527 5767 1742 5833 ἀγνοεῖν
1776 5784 1947 5836 προσ-

374 5851 611 5903 ποιεῖσθε
645 5853 731 5905 διὰ
765 5852 1057 5922 λοδορίαν,
1092 5857 1186 5907 καὶ
1240 5856 1349 5908 τῶν
1387 5859 1628 5911 εύσεϐων
1684 5861 1943 5933 ιιατέρων

696 5951 938 6009 ιἈτιιυι.
1006 5960 1124 6011 tun.
1173 5951 1345 6013 CLX.

2037 589 2311 645 contraria
2342 595 2550 647 essent,
2580 584 2807 638 omnino
2831 583 3030 653 exponi
3065 581 3256 636 vetuit.
3297 579 3459 636 Puris
3487 596 3620 635 vero

2038 691 2204 749 atque
2238 678 2542 741 inviolatis,
2579 692 2702 747 qua:
2732 676 2787 731 in
2824 692 2886 729 eu
2917 684 3068 738 sunt,
3102 674 3356 738 servatis,
3380 688 3501 743 qua:
3532 688 3624 728 0c-

2036 773 2187 829 casio
2243 770 2482 843 postulat
2539 767 3064 840 apponendzt,sicut
3097 767 3327 835 ipsamet
3387 766 3622 826 addidit,

2040 867 2143 923 hoc
2164 876 2217 921 et
2254 880 2436 919 rerum
2465 873 2663 917 natura
2702 861 2965 932 magistra
3018 860 3198 923 docet,
3254 867 3310 914 et
3362 858 3624 913 Ecclesia:

2040 975 2177 1016 usus
2234 958 2455 1014 videtur
2521 970 2631 1009 non
2679 954 2957 1025 reiecisse.
3001 952 3185 1018 Quare
3223 960 3279 1004 ct
3320 950 3618 1004 Alexandri

2040 1049 2281 1105 nondum
2308 1048 2644 1104 meumenica
2675 1047 2887 1117 synodo
2920 1052 3131 1106 coacta,
3199 1042 3443 1097 delectos
3478 1041 3532 1094 in
3558 1058 3620 1093 ea

2036 1142 2349 1197 sacerdotes
2365 1139 2583 1195 divinus
2600 1136 2836 1211 Cyrillus
2855 1148 3216 1205 congregans,
3236 1143 3289 1187 et
3309 1132 3468 1187 fidem
3492 1132 3625 1185 scri-

2037 1244 2182 1303 ptam
2202 1233 2519 1301 disponens,
2538 1229 2795 1286 Nestorio
2816 1229 2990 1283 misit.
3007 1248 3023 1278 ι
3050 1229 3113 1281 Ει
3128 1228 3302 1282 sancti
3331 1227 3443 1295 Eph
3455 1225 3627 1279 rmmii

2036 1321 2735 1393 patriarchmAntioeheni:
2767 1338 2786 1371 ι
2813 1320 3164 1375 Ecceiterum
3181 1327 3436 1386 quartam
3467 1331 3630 1386 synn-

2037 1416 2169 1469 dum
2192 1415 2603 1470 calumniantur
2618 1412 2886 1476 haeretici,
2909 1421 3169 1479 tanquam
3200 1424 3322 1480 qua:
3357 1408 3627 1469 docuerit,

2037 1505 2331 1561 nonlicere
2367 1504 2527 1559 alicui
2560 1501 2826 1575 proferre,
2860 1509 2949 1554 aut
2984 1501 3250 1564 scribere,
3290 1508 3385 1551 aut
3407 1512 3631 1567 compo-

2044 1616 2198 1667 nere,
2237 1607 2333 1657 aut
2368 1609 2557 1654 tenere
2609 1596 2771 1651 aliam
2806 1595 2967 1649 fidem
3011 1603 3210 1664 praeter
3238 1607 3358 1647 eam
3377 1606 3539 1660 quam
3564 1604 3631 1644 ea

2037 1692 2315 1765 exposuit.
2367 1691 2433 1746 Et
2492 1698 2677 1745 tamen
2724 1688 2778 1743 id
2842 1687 3084 1759 synodus
3127 1700 3233 1740 non
3287 1684 3630 1745 decreverat.

2037 1786 2292 1858 quamvis
2308 1786 2361 1839 id
2382 1782 2626 1839 haeretici
2644 1780 3121 1851 impudentissime
3142 1778 3501 1832 mentiantur.
3523 1775 3630 1830 Sed

2039 1896 2160 1937 eam
2179 1878 2362 1944 fidem,
2387 1892 2548 1949 quam
2576 1874 2805 1931 trecenti
2829 1873 3134 1929 octodecim
3161 1869 3350 1925 Patres
3374 1884 3630 1924 asserue-

2040 1982 2191 2037 runt,
2209 1986 2425 2027 summo
2463 1971 2518 2025 in
2574 1968 2782 2024 honore
2823 1967 3032 2023 habens
3072 1976 3239 2034 atque
3271 1963 3628 2026 confirmans,

2039 2078 2237 2138 praeter
2264 2066 2409 2124 illam
2433 2063 2598 2129 dixit,
2638 2062 2848 2117 nemini
2893 2060 3057 2115 licere
3085 2059 3247 2112 aliam
3309 2056 3467 2110 fidem
3500 2069 3632 2124 pro-

2043 2162 2183 2216 ferre
2209 2200 2223 2225 ,
2268 2180 2284 2211 ι
2320 2168 2377 2214 et
2403 2174 2525 2229 qua;
2551 2166 2875 2226 sequuntur.
2903 2173 2921 2206 ι
2947 2153 3024 2208 Ex
3047 2153 3133 2206 his
3161 2150 3417 2206 omnibus
3435 2147 3631 2220 synodi

2040 2255 2293 2319 vocibus,
2357 2268 2481 2323 quae
2534 2249 2835 2306 dummodo
2884 2247 3036 2303 lectte
3080 2244 3283 2300 fuerint
3307 2241 3457 2298 nulla
3518 2240 3630 2295 alia

2042 2347 2368 2419 probatione
2420 2353 2517 2399 aut
2539 2341 3013 2400 demonstratione
3036 2340 3327 2395 veritatem
3358 2334 3630 2405 indigere,

2040 2448 2376 2511 compertum
2428 2447 2536 2504 est,
2568 2450 2668 2493 nec
2706 2437 2853 2492 aliud
2883 2434 3160 2498 definisse,
3215 2431 3361 2487 aliud
3394 2443 3525 2485 vero
3556 2426 3635 2481 fe-

2041 2536 2183 2590 cisse
2213 2552 2227 2600 ;
2256 2534 2348 2589 sed
2370 2542 2429 2587 ut
2459 2532 2724 2595 decrevit,
2760 2531 2840 2585 sie
2873 2537 2927 2585 et
2958 2529 3164 2598 ubique
3194 2527 3392 2580 fecisse
3424 2536 3633 2592 cogno-

2041 2631 2231 2685 scitur.
2257 2626 2501 2698 Namque
2529 2641 2622 2681 ens
2638 2625 2727 2695 qui
2748 2623 2813 2678 ad
2835 2623 3090 2694 pietatem
3138 2619 3363 2692 gradum
3403 2616 3632 2674 faciunt,

2042 2723 2250 2778 nullum
2281 2721 2423 2774 aliud
2452 2721 2797 2790 Symbolum,
2820 2732 2983 2787 quam
3018 2721 3387 2769 trecentorum
3416 2710 3637 2764 octode-

2041 2816 2146 2870 cim
2168 2814 2385 2867 Patrum
2413 2812 2600 2867 docuit
2645 2810 2997 2880 tradiditque,
3020 2808 3188 2862 risum
3222 2812 3407 2861 autem
3446 2806 3632 2874 potius

2043 2918 2232 2962 contra
2261 2906 2499 2977 seipsos,
2530 2921 2693 2976 quam
2723 2903 2916 2975 synodi
2945 2901 3351 2956 accusationem
3374 2899 3636 2959 excitant,

2044 3001 2133 3053 ubi
2167 3000 2357 3053 dicunt
2389 3013 2509 3053 eam
2536 3014 2565 3050 ιι
2591 2997 2838 3066 pluribus
2865 2993 3124 3049 derideri.
3158 2992 3307 3060 Quot
3332 2991 3480 3045 enim
3520 2989 3637 3058 pri-

2045 3107 2188 3146 mam
2213 3104 2262 3146 et
2288 3091 2686 3147 meumenicam
2721 3099 2965 3143 sanctam
2992 3086 3273 3158 synodum,
3292 3083 3487 3154 synodi
3530 3082 3638 3137 (τι-

2046 3185 2265 3237 minata:
2283 3193 2434 3247 sunt,
2453 3192 2564 3235 tum
2585 3182 2752 3237 etiam
2768 3182 2895 3250 ipsa:
2916 3179 3241 3249 pratsulilms
3263 3174 3639 3231 abundantes?

2047 3274 2192 3329 Illam
2215 3291 2340 3330 vero
2355 3284 2576 3330 centum
2612 3274 3005 3343 quinquaginta
3026 3270 3266 3336 Patrum,
3284 3284 3351 3323 an
3371 3267 3449 3322 νει
3471 3266 3637 3321 fuerit

2047 3366 2291 3439 Egyptii
2326 3368 2466 3422 Scire
2514 3369 2830 3420 noluerunt.
2879 3362 2985 3418 Sed
3020 3363 3187 3417 missa
3244 3360 3508 3415 faciamus
3546 3374 3639 3413 eo.

2049 3463 2291 3515 rutndcm
2333 3458 2719 3514 deliramenta.
2770 3475 2789 3509 ι
2827 3456 2908 3509 Ad
2952 3454 3070 3510 haec
3108 3456 3263 3508 divus
3314 3452 3584 3508 Maximus
3619 3468 3636 3504 :

2050 3576 2069 3607 ι
2101 3554 2347 3620 Quanam
2371 3552 2536 3623 igitur
2563 3551 2799 3616 ratione,
2834 3564 2956 3621 qua:
2995 3551 3096 3604 ltoe
3127 3558 3287 3619 pacto
3319 3547 3639 3615 sintilimpie

2045 3649 2302 3716 clareque
2331 3655 2598 3713 operatur
2632 3655 2687 3698 et
2735 3642 2913 3696 sancit
2938 3650 3188 3696 sanctam
3219 3639 3639 3694 Chalcedonen-

2046 3756 2159 3794 sem
2187 3737 2455 3807 synodum
2484 3750 2636 3805 reque
2672 3749 2736 3789 ac
2767 3736 2810 3789 si
2843 3731 3121 3788 Nicmnam
3156 3730 3527 3787 definitionem
3555 3746 3638 3783 re-

2047 3832 2318 3900 pudiaret,
2349 3830 2550 3899 poterit
2596 3842 2841 3898 unquam
2893 3826 3168 3896 quispiam
3201 3825 3452 3895 probare,
3505 3823 3639 3877 licet

2045 3924 2289 3987 omnium
2324 3924 2391 3978 ad
2428 3937 2537 3987 res,
2563 3937 2686 3993 quae
2739 3935 3012 3991 nusquam
3058 3927 3207 3986 Sunt,
3246 3919 3638 3991 ﬁttgttnlurque

2046 4019 2311 4071 adversus
2346 4016 2655 4079 veritatem,
2678 4012 2845 4067 etiam
2879 4028 3003 4067 cum
3032 4010 3320 4065 rneudacio
3345 4012 3638 4065 commini-

2048 4107 2280 4165 scendas
2306 4107 2615 4161 acerrimus
2639 4106 2730 4162 sit.
2758 4103 2913 4171 Quod
2932 4104 2979 4157 si
3001 4116 3056 4156 ut
3079 4104 3195 4157 lucc
3216 4103 3435 4173 quidem
3463 4103 3633 4157 tinni-

2047 4210 2132 4256 ter
2170 4190 2616 4260 conservantem,
2645 4208 2698 4251 et
2726 4194 3027 4251 secundam
3082 4193 3223 4250 forte
3255 4195 3633 4249 deﬁnitionem

2048 4292 2490 4347 iutroducentetn
2521 4286 2906 4342 maledictione
2953 4295 3007 4338 et
3038 4283 3305 4339 convicio'
3339 4282 3594 4351 excipitis
3618 4326 3631 4344 ,

2048 4389 2296 4459 quaath
2311 4387 2555 4462 fpet‘itab
2567 4384 2758 4440 eadem
2778 4382 3020 4438 secunda
3036 4381 3635 4437 deiinitiointroducta?

2047 4480 2355 4545 Confessio,
2379 4480 2587 4549 inquis,
2611 4480 2845 4533 duarum
2870 4475 3634 4543 naturarum,dictioqueilla,

2050 4576 2101 4629 in
2132 4573 2346 4628 duabus
2383 4571 2620 4635 naturis,
2658 4585 2777 4641 quae
2818 4569 2967 4624 nullo
2992 4567 3157 4623 modo
3186 4565 3407 4622 Nicazna
3442 4567 3639 4621 defini-

2049 4669 2127 4721 tio
2161 4666 2427 4731 continet,
2452 4662 2548 4719 scd
2583 4664 2761 4733 palam
2805 4677 2835 4717 τι
2869 4660 3417 4717 Cltalccdoncusihus
3462 4659 3638 4712 Patri-

2048 4758 2151 4812 hus
2183 4756 2396 4810 intrusa
2433 4764 2581 4817 sunt,
2615 4753 2771 4807 nullo
2794 4752 2959 4807 modo
3008 4758 3168 4806 antea
3209 4750 3454 4822 cognita,
3480 4749 3562 4803 vel
3609 4767 3637 4801 ιι

2047 4862 2320 4919 quoquam
2360 4846 2654 4901 recensita.
2685 4844 2837 4912 Quod
2874 4861 3001 4900 vero
3063 4860 3241 4914 neque
3288 4845 3338 4899 id
3405 4844 3640 4913 probare

2050 4942 2300 5012 potestis,
2325 4940 2680 4994 manifestum
2712 4949 2837 4993 est:
2873 4953 2903 4992 a
2936 4940 3125 4993 multis
3176 4938 3453 5008 siquidem
3508 4946 3637 4990 ante

2050 5052 2171 5093 eam
2208 5034 2460 5089 Patr-ibus
2492 5049 2597 5087 vox
2632 5033 2721 5087 illa
2754 5034 2832 5087 uti
2869 5034 2953 5104 pia
2995 5041 3247 5101 reputata
3289 5040 3374 5086 est
3430 5039 3485 5083 et
3536 5043 3632 5100 pu-

2051 5129 2192 5185 blice
2232 5126 2621 5199 depraidicata,
2672 5114 2951 5196 testesque
2986 5134 3117 5181 sunt
3175 5138 3367 5178 eorum
3428 5136 3639 5175 sermo-

2051 5236 2172 5286 nes,
2241 5222 2335 5290 qui
2369 5235 2489 5275 eam
2520 5221 2832 5285 edixerunt,
2884 5219 3081 5289 quovis
3126 5217 3260 5271 solis
3302 5215 3456 5268 radio
3520 5213 3637 5267 cla-

2051 5315 2228 5368 riores
2279 5322 2444 5384 atque
2474 5313 2902 5383 splendidiOres.
2933 5310 3153 5379 Vosque
3189 5309 3241 5362 id
3271 5320 3366 5362 aut
3416 5314 3641 5375 prepter

2052 5405 2326 5459 inscitiam
2360 5404 2670 5479 ignoratis,
2739 5411 2834 5457 aut
2892 5404 3145 5473 ignorare
3187 5401 3393 5469 fingitis
3420 5406 3640 5467 propter

2052 5498 2518 5563 maledictionem,
2562 5506 2617 5550 et
2642 5498 2859 5566 piorum
2923 5497 3141 5547 Patrum
3201 5508 3267 5547 ac
3311 5491 3636 5561 dogmatnm

2052 5597 2308 5642 veSanant
2346 5588 2808 5647 criminationem.
2857 5583 3071 5650 Quodsi
3107 5584 3315 5636 nullum
3346 5580 3400 5635 id
3421 5596 3640 5649 quoque

2056 5691 2222 5746 esset,
2272 5697 2393 5734 cum
2423 5688 2605 5733 tamen
2646 5681 2966 5748 plurimum,
3000 5687 3059 5731 ut
3087 5678 3222 5740 dixi,
3265 5691 3387 5730 sese
3419 5674 3636 5737 oderat,

2055 5775 2186 5843 quid
2219 5775 2445 5843 impedit
2498 5782 2579 5826 ιυι
2623 5773 2832 5838 Patres,
2862 5773 2971 5826 into
3022 5772 3462 5826 Christianorum
3518 5787 3634 5822 tur--

2059 5884 2209 5920 litum
2252 5878 2477 5935 Ctl’ltlm,
2504 5867 2554 5923 itl
2587 5884 2821 5938 namque
2858 5885 3074 5938 proprzc
3101 5879 3185 5920 cst
3209 5869 3346 5919 nrtln
3371 5867 3638 5918 duxmunt

3198 5958 3232 6017 8
