4102 6418
440 411 549 474 235

1343 409 1723 471 GREGORII
1766 411 2070 472 MAMM/E
2107 411 2218 475 (ΞΡ.
2265 411 2783 474 ΡΑΤΒΙΑΒΟΗΓΕ

3610 404 3715 469 2Ἰῦ

448 533 669 586 Patrum
713 526 1065 588 sanctissima
1094 524 1356 597 synodus,
1389 542 1485 582 sua
1532 531 1866 583 auctoritate
1911 543 2032 582 eam

2147 553 2200 589 τε
2243 536 2340 588 καὶ
2374 535 2665 604 δογμάτων
2690 533 2920 602 ἀνόητον
2957 527 3238 599 έγκλησιν.
3273 528 3336 581 Ei
3385 527 3440 582 δὶ
3481 530 3576 582 καὶ
3603 547 3714 598 μη-

443 625 712 686 emittere,
732 621 1190 691 ρταιεοτὶὺθτεῳιε
1202 621 1466 677 adversus
1481 623 1727 677 Intres-int
1749 623 2036 694 Entyebia-

445 716 633 770 munit
663 715 728 768 Et
751 713 1029 768 nonnullis
1057 714 1379 783 interiectis,
1401 713 1588 770 subdit
1611 733 1625 770 :
1648 736 1665 766 ι
1686 714 1802 781 Qua
1824 716 2036 771 ratione

442 819 496 861 et
526 808 687 862 modo
715 814 962 862 sanctam
993 805 1508 862 Cbalcedonensem
1549 809 1817 876 synodum
1851 817 2036 878 aperte

444 912 706 970 paternas
718 900 988 956 dictiones
1006 908 1386 968 usurpantent,
1403 899 1797 961 criminamiui,
1815 908 1867 954 et
1884 913 2038 969 asque

445 1011 510 1050 ac
545 995 588 1048 si
623 994 787 1048 aliain
825 991 951 1047 ﬁdei
979 991 1348 1046 deﬁnitionem
1395 992 1787 1054 introduceret,
1820 991 1953 1045 locis
1983 991 2036 1043 in

444 1087 702 1139 omnibus
731 1100 825 1138 ore
855 1093 909 1138 et
938 1082 1156 1151 scriptis
1177 1081 1424 1135 convicio
1447 1081 1724 1151 exeipitis,
1747 1089 1801 1136 et
1830 1079 2038 1134 derisui

445 1177 690 1233 habetis?
722 1175 804 1230 Ne
841 1175 1095 1245 judicetis
1143 1174 1430 1228 secundum
1471 1173 1852 1240 {aciem,Detts
1872 1171 2032 1239 dixit,

445 1272 536 1323 sed
556 1269 763 1339 justum
787 1268 1053 1337 judicium
1088 1265 1390 1336 judicate'.
1411 1265 1542 1330 Quae
1590 1265 1643 1318 in
1674 1281 1782 1318 uno
1813 1265 2037 1319 eodeni-

446 1379 553 1432 que
573 1373 892 1431 ttt'gttliieltlo
915 1358 1449 1413 Chalcedonensium
1469 1355 1694 1411 Patrum
1726 1367 1906 1411 vestra
1929 1356 2037 1410 cri-

449 1454 678 1508 minatio
694 1461 800 1516 est,
818 1459 871 1506 et
889 1465 1076 1506 eorum
1097 1451 1188 1519 qui
1210 1449 1537 1520 praeiverunt
1551 1488 1566 1512 ,
1587 1450 1918 1517 praeconium
1940 1448 1962 1500 ?
1980 1447 2038 1504 Si

449 1545 711 1600 adversus
730 1543 1207 1598 llltalcedonenses
1234 1551 1338 1606 est,
1366 1542 1514 1610 quod
1537 1541 1610 1594 illi
1643 1539 2038 1595 scilicetaliatn

451 1637 573 1692 titlei
604 1635 1003 1696 deﬁnitionem,
1028 1643 1250 1701 propter
1282 1628 1514 1685 Nicaeum
1541 1631 1847 1685 delinitioni
1880 1644 2040 1685 voces

451 1728 752 1798 appositas,
772 1724 1260 1794 promulgaverint,
1278 1723 1382 1776 Itoc
1401 1722 1561 1792 plane
1588 1730 1870 1793 sequetur,
1894 1706 2044 1775 eam;

450 1825 575 1878 dein
593 1822 662 1876 ob
681 1835 927 1881 causam,
949 1828 1001 1873 et
1021 1827 1212 1872 contra
1236 1815 1308 1886 Cy
1321 1815 1522 1879 rillutn,
1540 1823 1593 1869 et
1610 1825 1798 1868 contra
1820 1825 2038 1867 centum

451 1913 868 1986 quinquaginta.
894 1909 1050 1978 Quod
1075 1909 1120 1963 si
1137 1918 1329 1962 contra
1361 1923 1456 1961 eos
1483 1921 1588 1960 non
1621 1912 1726 1969 est,
1759 1905 2040 1975 quomodo

451 2019 645 2061 contra
667 2019 786 2058 eam
807 2018 929 2058 esse
951 2001 1146 2071 possit,
1191 2015 1304 2053 non
1333 1997 1512 2066 capio.
1536 1994 1924 2051 Verumtamen
1949 2010 2039 2049 ve-

451 2107 623 2154 stram
646 2096 851 2151 rabiem
870 2103 925 2150 et
941 2093 1351 2150 contentionem
1372 2092 1427 2144 in
1448 2090 1514 2144 iis
1539 2104 1659 2160 qua:
1677 2086 2044 2144 demonstrari

452 2193 679 2248 minime
723 2197 976 2262 possunt,
1028 2199 1336 2258 pr0ponere
1378 2198 1647 2238 moneor:
1680 2183 1725 2238 si
1759 2180 1900 2237 forte
1942 2181 2045 2235 hac

455 2287 687 2350 ratione,
707 2283 786 2338 uti
832 2296 930 2352 par
958 2289 1064 2344 est,
1118 2280 1534 2345 erubescentes,
1565 2279 1790 2333 missam
1827 2274 2046 2330 faciatis
2084 2317 2088 2321 .

456 2377 892 2439 haesitationem,
935 2374 1209 2441 linemque
1241 2371 1532 2441 imponatis
1569 2379 1733 2424 tanta!
1777 2369 2044 2423 adversus

455 2469 744 2523 veritatem
800 2465 974 2536 ipsam
1020 2464 1442 2534 conspirationi.
1486 2459 1944 2531 Quandoquidem
1991 2469 2044 2515 et

456 2561 758 2630 Gregorius
805 2556 1094 2626 tbeoIOgia:
1129 2557 1328 2610 vindex
1369 2563 1608 2610 vestram
1655 2561 1848 2608 contra
1875 2549 2045 2606 Chal-

459 2653 827 2709 eednneusem
851 2648 1118 2721 synodum
1149 2647 1558 2704 accusationem
1588 2646 1769 2700 minus
1787 2643 2042 2714 οἰΐυεὶοις

455 2747 590 2810 into,
615 2745 690 2796 uti
726 2757 820 2797 vos
837 2741 1226 2811 praescribitis,
1259 2740 1498 2794 maxime
1519 2739 1594 2792 illi
1620 2738 1727 2793 erit
1746 2737 2045 2802 obnoxius,

457 2858 524 2894 ex
558 2850 748 2894 trunca
769 2847 934 2906 atque
953 2833 1151 2889 mutila
1180 2831 1402 2887 Nicena
1433 2832 1698 2902 integram
1724 2829 1928 2885 faciens
1951 2831 2047 2884 do-

454 2935 691 2989 etrinatn
745 2930 814 2984 de
878 2928 1086 2999 Spiritu
1134 2935 1330 2982 sancto
1387 2940 1402 2978 :
1446 2925 1592 2994 quod
1653 2931 1765 2976 tum
1801 2922 2044 2977 nondunt

459 3034 606 3079 mota
629 3032 747 3077 erat
766 3022 880 3076 hac
901 3021 1157 3090 quaestio,
1183 3033 1307 3074 cum
1332 3017 1492 3072 Patre
1518 3027 1574 3072 et
1610 3016 1750 3072 Filio
1779 3015 2045 3088 Spiritum

457 3125 715 3172 sanetum
775 3126 1102 3182 agnoscens,
1141 3111 1477 3179 ltortansque
1507 3107 1833 3164 Cledonittm
1879 3091 2043 3164 utita

2137 628 2226 680 δέν
2249 622 2316 695 ἦν
2353 627 2516 679 ὁπότε
2545 626 2824 686 πλεῖστον,
2852 622 2926 683 ὼς
2959 623 3119 690 ἔφην,
3158 621 3522 692 καθέστηκεν,
3550 621 3603 676 τί
3656 623 3718 674 τὸ

2141 720 2348 772 κωλύον
2407 718 2596 786 ἁγίους
2637 717 2953 778 τοτούτους,
3003 714 3208 784 μᾶλλον
3257 713 3314 766 δέ
3353 713 3446 766 τὸν
3503 714 3720 767 ᾶπαντα

2137 809 2588 879 Χριστιανισμδν,
2613 807 2774 860 τοῦτο
2801 806 2910 877 γὰρ
2939 805 3147 878 κυρίως
3187 805 3338 858 ἐστὶν
3361 807 3394 876 ἡ
3430 803 3541 857 τῶν
3563 805 3717 876 ὀρθο-

2137 902 2306 967 δὸξων
2335 901 2597 970 Πατέρων
2653 901 2938 968 ἁγιωτάτη
2998 899 3240 962 σύνοδος,
3293 896 3718 962 ἐξουσιαστικῶς

2138 992 2344 1061 ταύτην
2376 989 2671 1062 προέσθαι,
2691 994 2785 1042 καὶ
2810 989 3123 1057 νομοθετεῖν
3145 985 3288 1040 κατὰ
3317 988 3415 1056 τῆς
3441 985 3717 1054 Εὗτυχοῦς

2141 1083 2544 1153 συναιρέσεωςς
2589 1100 2609 1134 ι
2659 1083 2768 1133 Καὶ
2795 1081 2934 1150 μετὰ
2959 1080 3086 1132 τινα
3135 1094 3307 1150 φησιο
3342 1096 3362 1130 ι
3399 1079 3519 1132 Τίνι
3572 1079 3717 1148 λόγῳ

2139 1175 2234 1228 καὶ
2265 1175 2383 1237 πῶς
2415 1175 2516 1246 τὴν
2565 1177 2624 1228 ἐν
2658 1173 2966 1243 Χαλκηδὸνι
3032 1171 3196 1240 ἁγίαν
3250 1170 3492 1235 σύνοδον,
3540 1170 3716 1223 καίτοι

2142 1271 2438 1340 πατρικαῖς
2471 1265 2757 1338 προδήλως
2811 1265 3288 1340 ἀποχρησαμένην
3346 1267 3578 1334 φωναῖς,
3632 1264 3714 1317 al-

2139 1362 2351 1426 τιᾶσθε,
2373 1361 2470 1415 καὶ
2489 1360 2563 1423 ὡς
2588 1359 2750 1414 ἄλλον
2777 1359 3012 1422 πίστεως
3067 1359 3193 1427 ὅρον
3237 1356 3719 1426 εἰσάγουσαν-τῇδε

2140 1455 2364 1508 κάκεῖσε
2417 1453 2510 1506 καὶ
2557 1451 2854 1522 ἐγγράφως
2899 1449 3286 1518 διαλοιδορεῐτε
3340 1449 3433 1501 καὶ
3489 1448 3722 1501 διασκώ-

2142 1564 2306 1601 πτετε
2330 1564 2346 1613 ;
2373 1545 2468 1614 Mi;
2495 1545 2624 1598 κατ’
2647 1544 2794 1613 ὄψιν
2815 1544 3078 1611 κρίνητε,
3107 1542 3196 1596 διὰ
3215 1541 3305 1595 τὸν
3323 1541 3545 1594 εἰπόντα
3563 1541 3717 1600 Θεὸν,

2141 1641 2305 1696 ἀλλὰ
2339 1639 2455 1708 τὴν
2492 1637 2736 1692 δικαίαν
2757 1637 2964 1705 κρίσιν
3013 1635 3278 1703 κρίνατε.
3317 1633 3468 1702 Τίςὴ
3508 1635 3600 1685 ἐπὶ
3621 1634 3720 1701 τῆς

2143 1733 2318 1801 αὐτῆς
2350 1735 2448 1785 καὶ
2481 1733 2613 1803 μιᾶς
2645 1729 2957 1791 ὑποθέσεως
3010 1727 3120 1780 τῶν
3178 1726 3236 1778 ἐν
3275 1724 3582 1794 Χαλκηδόνι
3610 1725 3720 1777 [ho

2143 1827 2317 1895 τέρων
2351 1823 2616 1894 έγκλησις
2652 1821 2834 1892 ἡμῶν,
2866 1820 2966 1874 καὶ
2991 1819 3075 1882 τίς
3108 1819 3142 1888 ἠ
3180 1817 3290 1870 τῶν
3341 1813 3720 1886 προλαϐόντων

2147 1915 2451 1985 ἀνάρρησις
2475 1930 2493 1976 ς
2526 1912 2589 1964 Ei
2615 1911 2726 1980 γάρ
2755 1911 2874 1962 ἐστι
2898 1907 3039 1961 κατὰ
3068 1908 3170 1975 τῆς
3227 1908 3283 1958 ἐν
3334 1905 3723 1974 Χαλκηδονέων

2146 2006 2308 2060 ἄλλον
2345 2003 2627 2058 αἰτιᾶσθαι
2649 2003 2887 2064 πίστεως
2912 2001 3036 2071 ὅρον
3061 1998 3150 2052 διὰ
3171 1997 3269 2062 τάς
3294 1997 3620 2066 ἐγκειμένας
3646 1997 3726 2066 τῷ

2145 2101 2258 2170 ὅρῳ
2280 2098 2378 2168 τῆς
2407 2096 2662 2152 Νικαέων
2698 2094 2906 2164 φωνὰς,
2951 2091 3111 2145 τοῦτό
3160 2108 3224 2161 γε
3262 2091 3478 2154 πάντως
3533 2089 3723 2160 ἕψεται

2145 2191 2328 2258 λέγειν
2355 2190 2443 2244 διὰ
2464 2190 2563 2261 τὴν
2604 2188 2776 2258 αὐτὴν
2809 2185 2990 2240 αἰτίαν
3008 2184 3102 2239 καὶ
3135 2184 3278 2237 κατὰ
3313 2182 3604 2254 Κυρίλλου,
3629 2181 3728 2234 καὶ

2145 2285 2258 2338 τῶν
2294 2282 2490 2337 ἐκατὸν
2549 2282 2911 2352 πεντήκοντα.
2963 2277 3027 2331 Εἰ
3087 2276 3144 2330 δέ
3209 2276 3333 2330 κατ’
3385 2275 3567 2328 αὐτῶν
3624 2274 3727 2325 οὐκ

2146 2379 2285 2441 ἐστι,
2315 2377 2433 2440 πῶς
2459 2375 2582 2430 κατ’
2645 2374 2884 2443 ἐκείνης,
2929 2372 3164 2427 συνιδεῖν
3224 2371 3327 2424 οὐκ
3379 2371 3513 2440 ἔχω.
3554 2371 3728 2439 Παρι-

2149 2471 2283 2541 στᾷν
2311 2470 2368 2523 δὲ
2397 2468 2782 2540 προτρέπομαι
2812 2467 2912 2537 τὴν
2937 2466 3092 2536 ὑμῶν
3122 2465 3216 2518 ἐπὶ
3240 2465 3352 2527 τοῖς
3385 2463 3721 2518 ἀναποδείκο

2146 2581 2263 2626 τοις
2291 2561 2504 2615 λύσσαν
2531 2562 2629 2614 καὶ
2661 2559 2940 2620 ἔνστασιν,
2973 2557 3090 2627 εἴγε
3126 2556 3234 2611 κᾶν
3271 2555 3380 2627 ἄρα
3411 2553 3583 2620 οὕτως
3611 2555 3732 2610 ῑκα·

2111 2655 2254 2716 ,νῶς
2309 2655 2696 2726 αἰσχυνθέντες
2758 2651 3062 2722 συσταλῆτε
3124 2649 3227 2718 τῆς
3313 2649 3551 2719 ἀπορίας
3629 2649 3732 2716 τῆς

2148 2744 2418 2814 τοσαύτης
2459 2745 2600 2800 κατὰ
2659 2746 2756 2813 τῆς
2815 2742 3075 2813 ἀληθείας
3127 2739 3354 2813 ψευδοῦς
3392 2742 3730 2804 συστάσεως.

2160 2838 2317 2894 Ἐπεὶ
2365 2837 2460 2892 καὶ
2500 2836 2807 2910 Γρηγὸριος
2855 2837 2884 2890 ὁ
2932 2835 3035 2907 τῆς
3087 2834 3369 2902 θεολογίας
3427 2837 3734 2904 συνήγορος

2150 2931 2308 2985 οὐδέν
2341 2948 2394 2984 τι
2455 2929 2662 2998 μᾶλλον
2707 2929 3040 2999 ἐκφεύξεται
3091 2931 3194 3000 τῆς
3237 2929 3394 2998 ὑμῶν
3440 2929 3582 2982 κατά
3627 2927 3731 2996 τῆς

2147 3023 2539 3094 Χαλκηδονέων
2569 3023 2764 3092 ἐνοχῆς
2789 3037 2804 3052 ο
2834 3021 3090 3076 πλεῖστον
3132 3021 3190 3076 δὲ
3214 3021 3338 3076 ὅσον
3368 3022 3730 3074 ὑποπεσεῖται

2146 3119 2322 3186 ταύτῃ
2354 3113 2504 3186 παρὰ
2537 3113 2628 3167 τὸν
2657 3113 2926 3184 ἡμέτερον
2981 3115 3167 3181 νόμον,
3224 3112 3609 3183 προδιαρορῶν
3657 3115 3725 3167 τὸ

461 3209 692 3263 sentiret
717 3205 968 3275 aliosque
1033 3203 1362 3257 instrueret.
1393 3201 1501 3256 Sed
1564 3200 1829 3255 videmini
1888 3199 2042 3263 mihi,

2151 3210 2413 3272 ἐλλειπῶς
2448 3206 2743 3279 εἰρημένον
2782 3205 2878 3274 τῆς
2908 3207 2966 3258 ἐν
3018 3204 3224 3276 Νικαίᾳ
3258 3205 3387 3275 περὶ
3439 3203 3532 3258 τοῦ
3565 3204 3728 3274 ἁγίου

461 3317 588 3355 eum
621 3301 771 3353 visus
835 3296 907 3351 ob
939 3295 1024 3351 sui
1055 3293 1493 3348 imbecillitatem
1525 3305 1707 3362 neque
1768 3291 2037 3348 adversus

462 3392 598 3446 solis
629 3387 976 3460 splendorem
1011 3385 1239 3450 intueri,
1269 3398 1448 3454 neque
1483 3382 1636 3437 illuni
1671 3383 1921 3452 decipere
1955 3399 2046 3436 va-

466 3488 594 3546 teat,
627 3481 981 3551 splendorem
1036 3476 1205 3532 veluti
1237 3475 1598 3538 imbecillum,
1631 3489 1738 3529 non
1769 3475 2044 3544 pr0priatn

465 3579 617 3630 \isus
669 3573 1004 3628 debilitatem
1055 3571 1307 3622 incusare
1358 3575 1470 3622 :et
1504 3583 1629 3622 eum
1682 3567 1834 3621 \obis
1871 3567 2047 3636 gravi-

467 3681 575 3724 tate
598 3663 932 3722 vaietudinis
977 3678 1088 3717 non
1125 3664 1260 3716 bene
1291 3669 1362 3714 sit
1392 3669 1615 3728 propter
1636 3659 2043 3724 confusionem,

463 3779 583 3814 eant
617 3762 784 3813 veluti
822 3757 1045 3826 impiam
1077 3766 1245 3823 atque
1272 3755 1689 3815 inconcinnam,
1726 3753 1772 3805 si
1807 3767 1932 3806 cuin
1954 3768 2044 3804 ve-

467 3862 630 3906 ritate
658 3853 893 3904 duarutn
923 3856 1266 3908 naturarum,
1298 3861 1419 3912 qua:
1462 3844 1516 3896 in
1547 3843 1771 3897 Christo
1827 3857 2048 3896 cnnser-

466 3954 689 4007 vantur,
741 3943 960 3995 abunde
1000 3937 1332 4001 refellentes,
1372 3953 1528 4006 atque
1567 3952 1630 3989 ac
1680 3937 1724 3988 si
1781 3950 1889 3987 non
1937 3937 2047 3988 sint

463 4036 778 4090 conununia
839 4032 1157 4095 luminaria,
1190 4040 1245 4084 et
1295 4031 1538 4084 veritatis
1567 4029 1900 4098 interpretes
1939 4029 2049 4081 eri-

466 4127 777 4182 tuinatnini.
811 4124 971 4191 Quod
1009 4123 1146 4179 side
1194 4124 1426 4178 veritate
1475 4124 1591 4192 ipsa
1645 4137 1773 4176 vera
1811 4122 2046 4176 dicenda

465 4231 616 4283 sunt,
641 4236 834 4275 omnes
873 4229 994 4289 post
1021 4217 1301 4286 Nic-tenam
1333 4220 1601 4286 synodum
1637 4231 1666 4268 a
1724 4215 1834 4269 Deo
1885 4217 2047 4269 electi

469 4319 682 4380 Patres,
719 4323 772 4368 et
810 4312 996 4366 omnis
1040 4310 1478 4363 ortltodoxorutn
1511 4316 1565 4361 et
1593 4317 1908 4360 sanctorum
1950 4308 2050 4360 bo-

467 4410 678 4462 tnittnm
718 4415 916 4467 rmtus,
958 4417 1065 4457 non
1115 4401 1278 4454 aliam
1333 4400 1458 4452 ﬁdei
1504 4397 1879 4451 deﬁnitionem
1926 4413 2052 4467 pro-

469 4499 714 4570 priorum
753 4497 1044 4550 verborum
1067 4492 1348 4547 adtlitinue
1369 4491 1720 4552 induxerunt,
1753 4499 1811 4543 ut
1831 4504 1928 4544 vos
1960 4491 2045 4544 tti-

2151 3300 2470 3370 Πνεύματος
2503 3315 2516 3330 ³
2545 3299 2635 3353 διὰ
2673 3298 2733 3351 τὸ
2767 3298 2902 3365 μηδέ
2928 3296 3225 3362 κινεῖσθαι,
3265 3298 3422 3363 φησὶ,
3488 3297 3551 3348 τὸ
3577 3314 3732 3366 την.-

2148 3393 2327 3447 καῦτα
2352 3391 2514 3446 τοῦτο
2543 3391 2605 3444 τὸ
2633 3390 2879 3460 ζήτημα,
2934 3389 3075 3459 μετά
3123 3387 3338 3460 [ἰατρὸς
3369 3391 3464 3442 καὶ
3492 3388 3624 3443 Υίοῦ
3666 3389 3732 3443 τὸ

2149 3480 2304 3553 ἅγιον
2371 3483 2598 3554 Πνεῦμα
2654 3481 2966 3550 γινώσκων,
3019 3481 3117 3536 καὶ
3175 3479 3456 3552 Κληδονίῳ
3498 3483 3730 3551 γράφων

2150 3579 2294 3631 οὕτω
2353 3581 2496 3630 νοεῖν
2549 3577 2646 3629 καὶ
2702 3575 2997 3630 διδάσκειν.
3047 3573 3190 3626 Ἀλλ’
3234 3574 3449 3627 ἐοίκατέ
3505 3590 3597 3644 μοι
3631 3573 3732 3641 τῆς

2152 3673 2362 3743 σαθρᾶς
2393 3671 2577 3733 ὅψεως
2599 3670 2699 3739 οὐχ
2731 3669 3030 3740 ίκανούσης
3089 3667 3231 3739 πρὸς
3263 3667 3494 3738 ἡλιακῆς
3533 3666 3730 3737 αἴγλης

2151 3765 2444 3816 ἁὰνευςιν
2475 3763 2570 3814 καὶ
2620 3759 2951 3829 μετάληψιν,
2981 3760 3082 3828 τὴν
3139 3760 3311 3830 αὐτὴν
3348 3757 3424 3821 ὡς
3479 3759 3732 3828 ἀμυδρὰν

2149 3857 2502 3924 αἰτιωμένης,
2529 3855 2590 3906 οὺ
2621 3853 2719 3922 τὴν
2748 3853 2958 3905 οἰκείαν
3012 3851 3324 3922 ἁδράνειαν,
3375 3849 3730 3920 ἐκμιμεῖσθαι

2149 3949 2210 4001 τὸ
2243 3948 2445 4010 πάθος.
2471 3946 2635 3999 Αὐτοί
2668 3961 2726 3996 τε
2759 3944 2852 3997 καὶ
2884 3943 3304 4013 νοσηλευόμενοι
3330 3942 3421 3996 διὰ
3462 3944 3563 4011 τὴν
3595 3943 3732 4008 σύγ-

2149 4055 2333 4110 χυσιν,
2364 4037 2458 4090 καὶ
2485 4037 2612 4097 τοὺς
2645 4033 2852 4101 ταύτην
2881 4033 2957 4096 ὠς
3001 4031 3176 4102 ἀσεϐῆ
3228 4031 3326 4084 καί¹
3385 4029 3731 4100 ἀνάρμοστον

2151 4132 2293 4202 πρὸς
2323 4128 2422 4196 τὴν
2453 4130 2510 4182 ἐν
2542 4125 2768 4200 Χριστῷ
2791 4127 2901 4179 τῶν
2944 4123 3276 4193 σωζομένων
3304 4121 3571 4193 ἀλήθειαν
3626 4121 3730 4190 φύ-

2155 4239 2296 4276 σεων
2323 4220 2525 4282 ἱκανῶς
2582 4219 2997 4287 ἐξελέγχοντας,
3059 4214 3134 4278 ὡς
3165 4213 3225 4267 ού
3273 4213 3577 4284 φωστῆρας
3613 4228 3732 4268 κοι-

2151 4316 2294 4378 νοὺς,
2333 4313 2457 4368 οὐδὲ
2481 4312 2579 4382 τῆς
2627 4310 2889 4380 ἀληθείας
2943 4309 3292 4378 ἐκφάντορας
3346 4305 3734 4362 ἐκδιαόἁλλον-

2152 4424 2264 4470 τες.
2301 4405 2364 4458 Εἰ
2393 4405 2502 4472 γάρ
2533 4402 2652 4454 ἐστι
2679 4397 2894 4468 τὰληθῆ
2923 4398 3054 4467 περὶ
3087 4395 3348 4466 ἀληθείας
3369 4397 3570 4458 εἰπεῖν,
3599 4393 3735 4446 πάν·

2151 4517 2242 4562 τες
2274 4497 2406 4550 οἵτε
2440 4493 2581 4564 μετὰ
2613 4493 2715 4562 τὴν
2744 4488 2997 4554 Νικαέων
3034 4487 3310 4558 θεόκριτοι
3346 4485 3612 4554 Πατέρες,
3637 4485 3736 4536 καὶ

467 4564 634 4646 inium
657 4604 941 4660 perperam
984 4586 1346 4655 obloquentes
1397 4595 1450 4638 et
1491 4583 1656 4652 plane
1711 4583 2044 4638 insanientes

2157 4594 2306 4644 πᾶσα
2347 4587 2565 4648 σύνοδος
2593 4581 2900 4655 ὀρθοδὸξων
2924 4581 3019 4634 καὶ
3049 4579 3228 4647 ἁγίων
3272 4575 3485 4647 ἀνδρῶν
3516 4575 3618 4628 ούκ
3641 4575 3736 4628 ἁλ-

469 4682 788 4740 deeernitis.
823 4679 927 4734 Sed
963 4695 1082 4734 eam
1103 4686 1274 4748 ipsam
1298 4676 1462 4729 veluti
1483 4675 1713 4746 primam
1742 4683 1799 4730 et
1831 4676 2046 4730 unicam

470 4795 499 4828 a
533 4772 738 4828 sanctis
772 4768 1034 4826 trecentis
1066 4769 1253 4821 decent
1279 4781 1331 4822 et
1365 4775 1490 4822 octo
1538 4765 1799 4821 l’atribus
1861 4768 2049 4821 sancio

472 4876 582 4920 tun
620 4863 855 4918 lirmiter
905 4863 1332 4922 conﬁrmarunt,
1373 4857 1736 4912 dilucidantes
1795 4872 1940 4922 eam,
1990 4867 2052 4913 et

469 4959 826 5015 enarratione
855 4969 955 5010 sua
989 4953 1240 5024 apertius
1273 4953 1649 5016 enucleantes,
1694 4960 1921 5020 propter
1952 4967 2050 5005 eos

470 5070 562 5122 qni
595 5053 740 5105 illattt
767 5063 822 5104 et
846 5049 991 5103 illius
1015 5046 1268 5116 dogmata
1290 5045 1355 5098 ad
1404 5045 1684 5113 propriam
1712 5045 2048 5113 impietatem

471 5143 974 5200 constabiliendant
1016 5139 1424 5209 detorquebant
1450 5150 1506 5192 et
1546 5152 1836 5207 perperam
1883 5153 2052 5204 expo-

477 5243 704 5291 nebant.
749 5233 859 5288 Nec
877 5234 1051 5286 multo
1083 5245 1226 5300 post,
1273 5247 1394 5302 qua:
1441 5230 1641 5284 ibidem
1683 5229 2053 5284 tledivinitate

472 5333 850 5392 habebantur,
895 5331 1106 5381 violare
1159 5335 1450 5389 tetrantes,
1500 5321 1836 5376 Eunominnt
1883 5335 2051 5390 atque

468 5419 850 5477 Macednninnt
891 5431 1112 5474 Ct'llllllll
1146 5418 1552 5487 quinquaginta
1581 5415 1776 5470 Patres
1811 5416 2051 5485 propriis

468 5518 700 5570 voc-bus
729 5521 782 5566 et
803 5513 1040 5566 deet-etis
1085 5527 1192 5564 non
1227 5509 1634 5579 permiserunt;
1665 5517 1719 5562 et
1750 5508 1858 5560 alio
1887 5509 2050 5561 modo

468 5607 793 5663 meonontia:
830 5621 1090 5660 arcanum
1116 5605 1358 5656 dititlere
1377 5601 1686 5655 Nestorium
1719 5602 2050 5654 contenden-

470 5709 575 5758 tem
603 5699 793 5753 beatus
818 5714 923 5752 non
961 5695 1208 5765 permisit
1262 5696 1521 5765 Cyrillus.
1575 5696 2044 5760 Qnemadnmduin

543 5879 560 5909 ³
601 5874 761 5932 Joan.
823 5891 920 5934 rit.
963 5875 1056 5929 24.

2152 4682 2245 4735 λον
2273 4681 2514 4741 πίστεως
2545 4679 2672 4747 ὅρον
2700 4675 2794 4728 διὰ
2825 4673 2926 4742 τῆς
2954 4671 3340 4740 ἐπεισαγωγῆς
3374 4671 3482 4722 τῶν
3515 4669 3732 4722 οἰκείων

2155 4771 2418 4842 ῥημάτων
2449 4767 2732 4832 παντελῶς
2769 4766 3166 4836 ἐπεισήγαγον,
3201 4763 3278 4828 ὡς
3312 4765 3471 4832 ὑμεῖς
3491 4761 3733 4829 ἀποφαί-

2153 4865 2334 4932 νεσθε,
2369 4863 2624 4916 πλεῖστον
2654 4857 3106 4930 παραληροῦντες
3145 4858 3242 4910 καὶ
3277 4855 3338 4909 τὸ
3360 4855 3483 4908 ὅλον
3537 4857 3726 4923 μαινό-

2156 4973 2332 5027 μενοι,
2365 4951 2481 5007 ἀλλ’
2516 4951 2682 5005 αὐτὸν
2742 4949 2816 5012 ὡς
2870 4948 3089 5012 πρῶτον
3147 4949 3246 5000 καὶ⁸
3305 4945 3468 5015 μόνον
3511 4947 3619 4996 τῶν
3672 4944 3738 4997 ἐκ

2154 5050 2262 5103 τῶν
2293 5048 2464 5116 ἁγίων
2485 5045 2820 5113 τριακοσίων
2874 5041 3009 5094 δέκα
3043 5039 3140 5094 καὶ
3171 5037 3317 5092 ὀκτὼ
3364 5038 3622 5108 Πατέρων
3646 5054 3737 5089 νο-

2153 5137 2532 5209 μοθετηθέντα
2573 5132 2809 5204 βεϐαίως
2832 5127 3506 5209 ἐκύρωτανητρανοῦντες
3547 5129 3736 5192 αὑτὸν,

2155 5205 2251 5284 καὶ
2298 5205 2410 5283 οἷον
2457 5225 2897 5296 ἐπεξηγούμενοι
2941 5210 3054 5278 ’καὶ
3100 5205 3609 5292 ἐπεξεργαζόμενοι
3648 5220 3738 5273 διὰ

2153 5328 2280 5382 τοὺς
2311 5323 2517 5375 ἐκεῖνον
2547 5321 2641 5372 καὶ
2669 5319 2738 5372 τὰ
2797 5317 3008 5370 ἐκείνου
3034 5315 3285 5384 δόγματα
3317 5315 3454 5381 πρὸς
3504 5313 3606 5382 τὴν
3658 5315 3740 5364 οἰ-

2157 5415 2310 5468 κείαν
2347 5411 2530 5474 κακῶς
2560 5409 3010 5476 ἐκλαμϐάνοντας
3060 5407 3158 5460 καὶ
3212 5404 3737 5476 παρεξηγουμένους

2157 5508 2503 5562 δυσσέϐειαν.
2563 5504 2772 5558 Αὐτίκα
2834 5505 2968 5572 γοῦν
3025 5503 3118 5556 τὸν
3195 5501 3296 5572 τῆς
3350 5501 3634 5569 θεολογίας
3679 5503 3741 5554 ἐν

2156 5604 2306 5675 αὑτῷ
2354 5604 2608 5673 κείμενον
2680 5601 2841 5668 λόγον
2899 5596 3258 5669 mmmam:
3305 5595 3742 5665 βεϐουλημένους

2162 5696 2428 5766 Εὑνῦμιόν
2453 5712 2509 5746 τε
2545 5695 2640 5746 καὶ
2683 5693 3018 5747 Μακεδὸνιον
3066 5691 3112 5744 οἱ
3147 5689 3344 5742 ἑκατὸν
3393 5692 3736 5759 πεντήκοντα
