4102 6420
424 468 528 533 2.17

1542 460 1579 516 Λ
1595 458 1638 517 ι)
1686 457 2044 519 ιΜΡΕΙὶΑΤ.
2090 458 2135 516 Τ
2148 458 2243 516 ΙίΛ
2256 457 2445 517 PEZU
2460 457 2579 517 NT.

3594 466 3700 528 est

430 584 670 653 ιιατέρες
694 580 756 634 οὖ
792 577 1183 651 συνεχώρησαν
1226 575 1317 628 διὰ
1364 573 1476 626 τῶν
1537 573 1756 626 οἰκείων
1810 572 2001 640 φωνῶν

2112 588 2165 627 et
2192 574 2549 643 Eutychetem
2570 571 2908 628 confundere
2942 580 3243 629 tentantem
3265 580 3561 633 venerandi
3603 582 3701 635 υ..-

428 679 522 733 καὶ
583 675 893 744 δογμάτων.
954 668 1111 724 υῦτω
1165 668 1224 722 δὲ
1272 665 1493 722 καὶτὸν
1552 665 1653 735 τῆς
1696 666 2012 733 οἰκονομίας

426 769 726 838 Νεστόριον
791 766 1030 835 διαιρεῖν
1068 760 1464 833 μηχανώμενον
1515 760 1544 812 ὁ
1588 759 1863 829 μακάριος
1905 759 2008 811 οὐκ

426 863 577 917 εἴασε
612 857 925 930 Κύριλλος·
962 855 1152 926 ὥσπερ
1200 850 1295 908 οὖν
1342 854 1439 907 καὶ
1489 851 1735 921 Εύτυχέα
1785 854 2009 921 συγχεῖν

429 954 767 1024 ἐθελήσαντα
841 949 1180 1003 διεκώλυσαν
1243 948 1293 1000 οί
1367 948 1425 999 ὲν
1474 944 1785 1014 Χαλκηδόνι
1833 944 2008 1012 τίμιοι

430 1045 695 1115 Πατέρες.
734 1042 861 1105 Πῶς
886 1037 983 1094 οὖν
1040 1039 1184 1110 ὑπὲρ
1244 1037 1341 1091 τοῦ
1375 1036 1587 1106 ἀγαθοῦ
1624 1039 1721 1090 σὺν
1766 1036 2007 1099 ἐκείναις

428 1138 568 1208 φημὶ
620 1138 743 1197 ταῖς
798 1133 1042 1196 συνόδοις
1104 1133 1199 1186 καὶ
1234 1130 1442 1200 ταύτην
1495 1130 1598 1184 ούκ
1647 1130 2003 1200 ἀποδέχεσθε,

427 1230 513 1282 διὰ
541 1227 602 1280 τδ
622 1226 755 1280 αὐτὸ
785 1227 882 1279 καὶ
918 1226 1032 1277 ίσον
1061 1224 1260 1289 καλόν;
1299 1224 1369 1276 Ἦ
1418 1221 1625 1293 ταύτην
1662 1220 1737 1285 ὡς
1772 1222 2002 1289 μισῦκα-

428 1322 509 1373 λοι
548 1315 1011 1388 διαλοιδοροῦντες
1072 1315 1572 1383 συνδιαλοιδορείτε
1632 1315 1920 1379 κάκείνας,
1973 1314 2003 1367 δ

428 1411 490 1476 δὴ
519 1410 756 1479 μάλιστα
808 1408 1092 1470 ποιοῦντες
1135 1408 1250 1469 τοῖς
1300 1408 1647 1476 πράγμασιν,
1681 1404 2002 1457 εὐλαϐεῖσθε

431 1505 543 1564 τοῖς
603 1503 867 1572 ῥήμασιν,
931 1500 1001 1553 ἵν’
1061 1498 1350 1561 εὐσεϐείας
1420 1497 1740 1566 πλάσμασιν
1790 1495 2007 1559 ὲκείνας

427 1593 589 1660 δῆθεν
619 1594 765 1646 κατά
822 1591 1026 1662 ταύτης
1083 1590 1477 1665 σεμνύναντες,
1537 1590 1625 1644 διὰ
1671 1591 1876 1661 ταύτης
1908 1592 2006 1644 κὰ-

431 1686 612 1747 κείνας
655 1685 996 1755 λυμήνησθε,
1050 1684 1111 1736 τὸ
1160 1683 1274 1737 ἴσον
1323 1683 1515 1747 αὐταῖς
1565 1683 1655 1737 διὰ
1719 1683 1819 1753 τὴν
1878 1684 2005 1753 ἴσην

2118 679 2228 724 tres
2245 669 2724 725 Chalcedonenses
2748 669 3174 739 impedivernnt.
3198 674 3381 737 Quare
3404 673 3571 742 igitur
3594 692 3697 729 una

2113 778 2238 818 cum
2269 763 2380 817 illis
2433 763 2661 834 synodis
2696 763 2841 817 hanc
2897 779 3121 834 quoque
3181 775 3404 835 propter
3446 766 3589 820 idem
3645 780 3701 818 et

2112 871 2211 925 par
2249 856 2450 910 bonum
2485 872 2591 912 non
2622 855 3021 927 amplectimini
3049 858 3204 912 ?Aut
3230 859 3372 913 hanc
3409 861 3575 914 veluti
3612 876 3698 913 rc-

2112 964 2235 1003 rum
2284 950 2648 1004 honestarum
2708 964 2900 1005 osores
2968 950 3273 1020 opprobrio
3335 952 3696 1021 excipientes.

2108 1042 2406 1111 opprobrio
2441 1041 2571 1096 item
2595 1052 2651 1097 et
2678 1042 2801 1097 illas
2833 1043 3111 1112 excipitis,
3140 1043 3287 1113 quod
3347 1044 3695 1113 potissimum

2111 1149 2235 1188 eum
2265 1149 2429 1205 opere
2484 1134 2783 1205 praestetis,
2820 1135 3001 1190 verbis
3048 1136 3101 1191 id
3150 1136 3433 1191 adversari
3467 1138 3698 1207 ﬁngitis,

2111 1233 2173 1278 ut
2222 1224 2445 1295 pietatis
2493 1225 2811 1279 ﬁctionibus
2873 1225 2993 1280 illas
3046 1224 3312 1280 adversus
3362 1225 3503 1281 hanc
3543 1241 3697 1279 eom~

2112 1314 2433 1369 mendantes
2471 1323 2631 1382 atque
2661 1314 3012 1377 extollentes,
3043 1329 3136 1381 per
3168 1315 3310 1368 hanc
3331 1325 3384 1370 et
3416 1315 3525 1371 illis
3549 1316 3696 1369 Iahe-

2112 1404 2351 1466 Iactatis,
2387 1405 2596 1473 aequale
2620 1404 2728 1458 illis
2763 1414 2983 1474 propter
3003 1404 3210 1474 aequale
3244 1406 3455 1460 facinus
3483 1406 3693 1460 crimen

2111 1498 2590 1568 appingatis.Quis
2621 1499 2805 1567 itaque
2839 1504 3045 1551 tantam
3072 1497 3236 1551 vestri
3266 1496 3533 1553 adversus
3576 1499 3693 1568 pic-

2110 1600 2279 1646 tatem
2313 1590 2541 1661 piosque
2580 1590 2729 1644 vires
2758 1590 3126 1659 arrogantiam
3186 1590 3525 1646 sustinebit?
3563 1610 3581 1642 ι
3639 1602 3696 1646 et

2113 1698 2234 1752 quae
2269 1692 2596 1751 sequuntur.
3351 1693 3359 1699 '

428 1779 625 1849 πρᾶξιν
657 1780 1010 1848 ἐπιφέροντες
1037 1777 1311 1847 ἔγκλημα.
1334 1777 1433 1840 Τίς
1474 1776 1567 1830 οῦν
1606 1776 1765 1846 ἡμῶν
1789 1775 1887 1845 τὴν
1920 1773 2192 1846 τοσαύτην
2262 1775 2477 1829 ὑποίσει
2540 1775 2683 1829 κατά
2738 1775 2837 1847 τῆς
2883 1774 3170 1840 εὐσεϐείας
3217 1776 3313 1831 καὶ
3382 1777 3493 1830 τῶν
3543 1778 3696 1834 εὐσε-

428 1873 666 1926 ϐούντων
698 1871 1026 1936 αὑθάδειανς
1062 1889 1081 1923 t
1122 1870 1309 1925 καὶτὰ
1335 1870 1481 1941 ἑξῆς.

500 1964 585 2029 ιζ’.
612 1965 736 2019 Ὀτι
764 1966 820 2019 δὲ
847 1967 879 2033 ἡ
927 1965 1060 2031 ἁγία
1108 1966 1204 2017 καὶ
1242 1963 1602 2035 οἰκουμενικὴ
1650 1963 1813 2033 τρίτη
1854 1964 1985 2018 σύνο
2030 1971 2072 2026 Β

427 2057 545 2117 οδος
588 2056 679 2110 διὰ
705 2055 801 2110 τοῦ
837 2056 984 2109 θείου
1020 2048 1286 2124 Κυρίλλου
1334 2056 1436 2125 τὴν
1470 2055 1719 2109 ἐναντίαν
1745 2054 1987 2124 ἀποτρέ-

428 2165 546 2212 πει,
574 2146 688 2201 ἀλλ’
719 2146 783 2199 ού
826 2146 927 2216 τὴν
955 2144 1259 2216 ὀρθόδοξον,
1298 2144 1437 2199 ἀλλά
1494 2146 1593 2199 καὶ
1630 2146 1832 2215 μᾶλλον
1862 2161 1997 2216 προσ

426 2240 618 2311 τρέπει
664 2238 1035 2310 ταύτην,νκαὶ
1092 2239 1292 2307 ἑτέραν
1347 2236 1554 2308 κυρίως
1607 2238 1707 2309 τὴν
1748 2238 2021 2291 ἐναντίαν

429 2333 696 2387 ἀποκαλεῖ
717 2346 733 2362 ⁶
766 2334 833 2401 τῇ
881 2331 939 2385 δὲ
979 2330 1175 2401 ἀληθεῖ
1204 2332 1298 2385 καὶ
1331 2331 1645 2400 προσίεται,
1683 2330 1778 2383 καὶ
1809 2330 1998 2401 βδελυ-

432 2427 556 2497 ροὺς
603 2425 875 2479 ἀποκαλεῖ
918 2425 1047 2488 τοὺς
1096 2424 1531 2494 ἀποσειομένους
1558 2422 1792 2493 ταύτην,
1824 2423 1998 2492 αὐτῆς

428 2518 525 2588 τῆς
557 2518 721 2586 ἁγίας
771 2517 993 2571 συνόδου
1029 2517 1168 2588 πρὸς
1209 2515 1471 2569 ’Δκάκιον
1521 2514 1790 2586 λεγούσης
1833 2515 2001 2569 ἀκού-

432 2629 635 2681 σωμεν.
667 2611 811 2683 Φησὶ⁵
836 2612 949 2681 γὰρ
1003 2612 1065 2665 ὲν
1115 2610 1313 2682 ταύτῃ·
1354 2627 1374 2662 ι
1412 2609 1487 2662 υύ
1516 2609 1753 2673 πίστεως
1783 2608 2000 2663 ἔκθεσιν

428 2688 684 2777 ἐξῄτηντο
716 2704 851 2775 παρ’
885 2704 1046 2774 ἡμῶν
1074 2721 1242 2767 τινες,
1276 2705 1308 2769 ἢ
1342 2700 1477 2770 γοῦν
1510 2702 2000 2773 καινοτομηθεῖσαν

428 2798 558 2867 παρ’
588 2798 793 2867 ἑτέρων
841 2795 1273 2865 κατεδεξάμεθα.
1318 2794 1560 2865 Ἀπόχρη
1619 2795 1730 2867 γὰρ
1780 2796 1913 2865 ἡμῖν
1962 2797 1994 2865 ἡ

429 2894 785 2955 θεόπνευστος
841 2890 1075 2962 Γραφὴ,
1131 2893 1227 2945 καὶ
1268 2889 1377 2945 τῶν
1433 2890 1609 2958 ἁγίων
1658 2892 1924 2961 Πατέρων
1963 2892 1997 2960 ἢ

431 2983 612 3053 νῆψις,
650 2985 748 3037 καὶ
773 2983 835 3036 τὸ
869 2983 978 3053 πρὸ
1030 2983 1140 3037 πᾶν
1174 2981 1355 3036 ὁτιοῦν
1384 2983 1617 3052 ἐχόντων
1645 2982 1823 3053 ὀρθῶς
1847 2986 1999 3036 ὲκτεο

429 3075 786 3145 τορνευμένον
839 3076 939 3143 τῆς
971 3073 1207 3137 πίστεως
1240 3074 1542 3143 Σύμϐολον.
1578 3073 1733 3128 Ἐπεὶ
1767 3074 1827 3127 δὲ
1852 3068 1994 3145 ἦσαν

428 3170 479 3221 οἰ
510 3171 649 3221 κατὰ
675 3171 776 3237 τὴν
812 3167 1082 3237 ἀνατολὴν
1114 3166 1404 3221 ὁσιώτατοι
1433 3167 1730 3221 ἐπίσκοποι
1751 3166 1998 3238 διχονοή-

432 3263 624 3321 σαντες
663 3258 801 3329 πρὸς
841 3258 989 3328 ἡμᾶς
1040 3257 1185 3311 κατά
1234 3258 1334 3329 τὴν
1374 3258 1664 3327 Ἐφεσίων,
1708 3260 1806 3313 καὶ
1840 3260 2002 3327 γεγό-

2176 1962 2262 2017 17.
2292 1960 2548 2016 Sanctam
2603 1969 2865 2030 praeterea
2902 1970 2957 2017 et
3002 1960 3406 2018 meumenicam
3466 1963 3685 2017 tertiam

2106 2057 2373 2127 synodum
2406 2055 2517 2110 divi
2560 2054 2749 2126 Cyrilli
2813 2056 3015 2121 verbis,
3092 2056 3422 2110 contrariam
3489 2055 3688 2110 abhor-

2108 2161 2248 2208 rere,
2284 2161 2393 2200 non
2426 2145 2813 2209 orthodoxam,
2876 2160 3040 2215 quam
3096 2144 3280 2215 potius
3312 2146 3573 2210 inculcat,
3632 2156 3689 2202 et

2105 2239 2267 2294 aliam
2296 2238 2514 2309 proprie
2541 2238 2877 2293 contrariam
2912 2247 3225 2306 nuncupat:
3263 2253 3446 2303 veram
3477 2239 3686 2308 ample-

2107 2331 2204 2397 cti,
2243 2341 2298 2386 et
2338 2345 2461 2385 eam
2523 2330 2900 2399 repudiantes,
2960 2330 3331 2387 exsecrandos
3386 2331 3682 2401 appellare.

2106 2425 2175 2481 ab
2196 2425 2383 2480 eadem
2414 2424 2532 2492 ipsa
2563 2424 2772 2495 synodo
2834 2421 3072 2494 Epistola
3104 2423 3171 2478 ad
3210 2423 3495 2491 Acacium,
3562 2425 3678 2481 haec

2107 2519 2294 2572 eadem
2337 2516 2674 2582 insinuante,
2697 2515 3004 2571 audiamus.
3040 2515 3130 2570 Ait
3169 2530 3407 2587 namque
3466 2517 3521 2572 in
3575 2532 3680 2572 ea:

2113 2629 2131 2663 ι
2161 2611 2273 2665 an
2297 2623 2471 2680 neque
2493 2624 2687 2663 novam
2711 2607 2833 2662 ﬁdei
2859 2607 3254 2678 expositionem
3277 2610 3347 2664 ab
3375 2609 3484 2664 ullo
3501 2611 3686 2681 exegi-

2108 2716 2251 2769 mus,
2307 2716 2482 2770 neque
2512 2700 2581 2756 ab
2605 2700 2727 2755 aliis
2754 2700 3068 2755 innovatam
3107 2699 3456 2758 admisimus.
3517 2701 3679 2757 Sulli-

2105 2795 2180 2849 cit
2203 2794 2345 2849 enim
2376 2795 2534 2850 nobis
2562 2809 2593 2848 a
2618 2793 2728 2849 Deo
2777 2792 3039 2863 inspirata
3088 2792 3392 2865 Scriptura,
3461 2807 3684 2851 sancto-

2106 2899 2338 2954 rumque
2368 2882 2590 2938 Patrum
2636 2883 2955 2954 prudentia,
2985 2893 3040 2939 et
3067 2896 3193 2939 ante
3224 2887 3407 2941 omnia
3452 2885 3685 2958 Symbo-

2106 2976 2217 3030 lum
2256 2975 2379 3031 iidei
2415 2974 2484 3030 ad
2543 2977 2729 3031 omnia
2782 2986 2927 3031 recta
2982 2976 3235 3047 dogmata
3289 2987 3415 3047 apte
3469 2981 3684 3050 riteque

2104 3068 2512 3123 concinnatum.
2580 3068 2719 3136 Quia
2786 3084 2918 3125 vero
2978 3068 3312 3126 sanctissimi
3373 3069 3683 3130 Orientales

2103 3159 2367 3231 episcOpi,
2391 3176 2513 3216 cum
2554 3160 2749 3231 Ephesi
2780 3170 2988 3226 essent,
3018 3178 3048 3218 a
3077 3164 3234 3218 nobis
3262 3164 3680 3233 dissentiebant,

2103 3267 2275 3323 eaque
2303 3253 2371 3309 de
2396 3267 2584 3316 causa,
2633 3255 2794 3323 quasi
2828 3255 3291 3326 blasphemiarum
3317 3255 3553 3313 Nestorii
3597 3259 3681 3314 la-

430 3351 554 3403 νασί
587 3370 702 3414 πως
735 3352 792 3405 ὲν
820 3350 1028 3422 ὑποψίᾳ
1055 3350 1151 3403 τοῦ
1204 3351 1299 3404 καὶ
1347 3349 1617 3404 ὲναλῶναι
1644 3350 1860 3420 βρόχοις
1888 3350 1999 3403 τῶν

2105 3347 2259 3416 queis
2292 3346 2533 3401 irretitus
2564 3347 2761 3411 teneri,
2794 3324 3039 3417 suspicio
3067 3358 3209 3416 erat,
3242 3359 3299 3403 ut
3329 3365 3395 3404 eo
3426 3351 3681 3417 crimine,

433 3443 525 3496 τοῦ
558 3444 851 3513 Νεστορίου
878 3444 1234 3519 δυσφημιῶν,
1264 3442 1440 3516 ταύτῃ
1467 3459 1556 3496 τοι
1588 3442 1685 3497 καὶ
1723 3443 1871 3513 μάλα
1903 3445 2003 3511 ὲμ-

431 3536 647 3604 φρόνως
702 3536 1143 3599 ἀπαλλάττοντες
1196 3535 1426 3599 ἑαυτοὺς
1478 3536 1576 3605 τῆς
1637 3536 1731 3587 ἐπὶ
1790 3534 2003 3598 τούτοις

431 3627 630 3690 αίτίας,
681 3629 774 3681 καί⁵
822 3630 948 3692 τοὺς
992 3628 1093 3696 τῆς
1149 3628 1456 3698 ἀμωμήτου
1488 3626 1728 3689 πίστεως
1760 3627 2000 3696 ἐραστὰς

432 3719 799 3787 πληροφορεῖν
829 3718 1333 3784 σπουδάζοντεςβτι
1357 3718 1453 3788 τῆς
1474 3717 1685 3771 ἐκείνου
1716 3718 2001 3788 βῗελυρῖας

372 3818 381 3825 ‘
429 3812 678 3879 ἀμοιρεῖν
726 3810 1025 3880 ἐγνώκασι,
1109 3812 1437 3880 πεποίηνται
1489 3810 1589 3881 τὴν
1661 3810 1983 3877 ἀπολογίαν.

435 3901 545 3953 Καὶ
590 3900 647 3951 τὸ
688 3900 882 3970 χρῆμά
928 3902 1046 3953 εστι
1095 3901 1270 3969 ψόγου
1310 3916 1371 3953 τε
1427 3901 1629 3963 παντὸς
1677 3901 1769 3953 καὶ
1799 3899 1996 3969 μώμου

435 3992 671 4059 μακράν.
705 3991 851 4060 Ἀρα
883 3991 932 4044 εί
968 3994 1065 4045 καὶ
1092 3991 1386 4060 Νεστόριος
1425 3989 1549 4045 κατ’
1570 3992 1748 4044 ἐκεῖνο
1777 3987 1999 4059 καιροῦ,

430 4078 550 4131 καθ’
581 4080 638 4131 ὃν
675 4080 807 4133 αὐτὸ
852 4083 1197 4152 προετείνετο
1249 4081 1402 4151 παρά
1464 4080 1683 4135 πάντων
1712 4080 1892 4152 ἡμῶν,
1938 4078 2001 4131 τὸ

430 4172 633 4241 χρῆναι
663 4174 1153 4243 καταψηφίσασθαι
1182 4174 1293 4229 τῶν
1323 4174 1522 4229 ἑαυτοῦ
1558 4168 1868 4246 δογμάτων,
1904 4172 2002 4225 καὶ

432 4266 751 4319 ἀνθελέσθαι
782 4267 882 4335 τὴν
925 4264 1206 4335 ἀλήθειαν,
1255 4266 1537 4336 ἔγγραφον
1569 4267 1869 4336 ἐποιήσατο
1898 4264 1997 4335 τὴν

430 4362 521 4414 ἐπὶ
555 4361 768 4424 τούτοις
812 4359 1127 4429 ὁμολογίαν⁹
1176 4361 1269 4412 καὶ
1303 4360 1468 4412 αὑτὸν
1515 4359 1582 4413 ἂν
1638 4359 1723 4421 τίς
1765 4358 1869 4428 ἔφη
1906 4359 2001 4412 πίο

433 4469 603 4516 στεως
652 4455 785 4523 ἡμῖν
843 4453 1247 4523 καινοτομῆται
1315 4454 1634 4523 Σύμϐολον;
1695 4453 1760 4506 Τί
1813 4452 1999 4506 τοίνυν

427 4545 884 4617 διαλοιδοροῦντες
920 4547 1102 4616 μάτην
1149 4545 1366 4599 ἔκθεσιν
1425 4544 1703 4615 Συμϐόλου
1755 4546 1857 4598 καὶ
1907 4544 2001 4599 νῦν

430 4639 788 4707 ὀνομάζοντες
821 4639 921 4710 τὴν
961 4638 1187 4694 σύνεσιν
1218 4638 1328 4693 τῶν
1385 4639 1530 4692 κατά
1581 4638 1688 4709 τὴν
1739 4640 1999 4706 Φοινίκην

432 4731 860 4785 θεοσεϐεστάτων
886 4731 1232 4795 ἐπισκόπων,
1265 4730 1333 4801 ἥν
1373 4722 1673 4799 πεποίηται
1706 4729 1998 4801 χρησίμως

428 4840 487 4875 τε
536 4822 630 4876 καὶ
663 4822 1000 4890 ἀναγκαίως,
1032 4820 1472 4891 ἀπολογούμεναί
1507 4839 1567 4874 τε
1609 4824 1708 4876 καὶ
1735 4820 2003 4891 θεραπεύο

430 4930 581 4976 οντες
613 4914 737 4976 τοὺς
764 4912 1076 4983 οἰηθέντας.
1108 4913 1192 4965 ὅτι
1235 4914 1356 4975 ταῖς
1414 4909 1715 4977 Νεπορίου
1757 4926 2000 4963 κατακοο

428 5004 685 5058 λουθοῦσι
713 4992 1146 5073 καινοφωνίαιςς
1190 5001 1259 5055 Ἦ
1311 5003 1410 5072 μὲν
1459 4998 1553 5055 οὖν
1590 5003 1722 5066 ἁγία
1782 5001 2001 5063 σύνοδος

431 5100 524 5152 καὶ
551 5096 908 5167 οίκουμενικὴ
932 5098 967 5168 ἡ
997 5095 1142 5149 κατά
1164 5111 1227 5163 γε
1246 5094 1345 5166 τὴν
1374 5095 1483 5148 τῶν
1522 5092 1788 5163 Ἐφεσίων
1815 5109 1998 5146 συνει-

429 5187 667 5259 λεγμένη
707 5187 1113 5258 προεπενόησεν
1144 5177 1463 5253 ἀναγκαίως
1493 5186 1588 5237 τοῦ
1625 5185 1700 5255 μὴ
1732 5186 1843 5238 δεῖν
1877 5186 1999 5246 ταῖς

441 5280 790 5349 Ἐκκλησίαις
818 5277 914 5333 τοῦ
939 5277 1077 5333 Θεοῦ
1112 5278 1354 5340 πίστεως
1406 5277 1625 5331 ἔκθεσιν
1668 5276 1865 5347 ἑτέραν
1888 5279 2000 5329 slo-

429 5371 707 5441 κρίνεσθαι
754 5371 906 5440 παρά
938 5385 1003 5438 γε
1037 5367 1137 5439 τὴν
1165 5364 1354 5432 οὖσαν,
1390 5368 1461 5438 ἣν
1504 5369 1557 5421 οἱ
1607 5369 2000 5438 τρισμακάριοι

430 5459 668 5530 Πατιρες
709 5460 768 5512 ὲν
817 5461 961 5529 ἁγίῳ
1015 5459 1300 5529 Πνεύματι
1359 5457 1650 5520 λαλοῦντες
1702 5458 1997 5528 ὡρίσαντο.

427 5552 497 5606 Οἵ
532 5569 594 5621 γε
630 5553 739 5623 μὴν
769 5552 917 5618 ἅπαξ
951 5552 1053 5605 οὐκ
1082 5552 1287 5615 εἰδότες
1328 5549 1425 5605 τοῦ
1459 5551 1535 5621 μὴ
1578 5550 1752 5622 ὀρθῶς
1781 5550 1999 5604 ἑλέσθαι

427 5649 644 5715 φρονεῖν
669 5686 684 5711 ,
737 5648 879 5716 μήτε
942 5648 1050 5717 μὴν
1082 5648 1193 5709 τοῖς
1237 5645 1622 5706 ἀποστολικοῖς
1659 5660 1718 5696 τε
1755 5643 1853 5697 καὶ
1901 5643 1997 5697 εὑ-

426 5739 981 5805 αγγελικοίςὲπεσθαι
1005 5738 1292 5807 δόγμασιν,
1326 5733 1438 5805 ἆρα
1475 5736 1788 5798 σιωπῶντες
1817 5737 1998 5806 ἀπηλ-

432 5831 688 5899 λάγησαν
726 5834 789 5884 ἂν
812 5834 907 5898 τῆς
941 5833 1035 5885 ἐπὶ
1085 5832 1258 5897 τούτῳ
1292 5830 1685 5894 δηδασκαλίακ
1726 5829 1758 5899 ἦ
1797 5828 1998 5895 μᾶλλον

428 5922 878 5993 ἀπολογούμενοι,
922 5926 1015 5975 κέλ.
1067 5924 1164 5993 τῆς
1215 5923 1440 5993 ἐνούσης
1482 5923 1666 5985 αὐτοῖς
1704 5921 1862 5991 δόξης
1900 5921 1997 5990 τὴν

2107 3439 2181 3491 uti
2208 3453 2304 3503 par
2329 3448 2468 3502 erat,
2495 3453 2657 3508 quam
2692 3438 3122 3508 prudentissime
3150 3456 3208 3495 se
3234 3440 3553 3506 liberarent,
3596 3444 3683 3497 in-

2102 3530 2451 3602 culpataeque
2502 3531 2627 3586 iidei
2660 3534 3004 3588 amatoribus
3034 3547 3129 3603 per
3156 3535 3339 3589 omnia
3390 3534 3683 3591 satisface-

2108 3632 2346 3688 rent,ac
2394 3620 2734 3679 Nestorianae
2785 3623 3084 3693 impietatis
3143 3641 3201 3680 se
3248 3634 3502 3697 expertes
3558 3644 3683 3683 esse

2102 3715 2478 3779 ostenderent,
2518 3715 2819 3785 apologiam
2884 3712 3338 3786 composuerunt,
3365 3729 3418 3773 et
3464 3719 3518 3774 id
3555 3723 3681 3790 qui-

2102 3810 2225 3863 dem
2276 3808 2568 3863 admodum
2613 3809 2926 3877 prudenter,
2982 3822 3193 3865 tantum
3242 3814 3421 3878 abest,
3465 3823 3524 3868 ut
3578 3817 3682 3869 hoe.

2106 3902 2333 3955 istorum
2368 3901 2571 3956 factum
2611 3902 2794 3971 aliqua
2822 3904 3047 3959 omnino
3076 3916 3203 3960 nota
3237 3917 3332 3963 aut
3383 3912 3680 3977 reprehen-

2104 3995 2261 4049 sione
2292 3994 2514 4064 dignum
2544 3995 2815 4051 videatur.
2836 3994 2978 4062 Quid
3005 3997 3148 4051 enim
3177 3998 3224 4052 si
3256 3998 3374 4068 ipse
3397 3999 3682 4056 Ncstorins

2103 4099 2170 4139 eo
2200 4096 2465 4153 tempore,
2499 4100 2609 4153 quo
2636 4100 2665 4138 a
2696 4086 2855 4140 nobis
2898 4086 3157 4142 omnibus
3210 4089 3286 4143 illi
3337 4096 3681 4161 proponeba-

2106 4183 2211 4239 tur,
2243 4182 2302 4227 ut
2330 4188 2429 4228 sua
2463 4173 2578 4244 ipse
2648 4174 2898 4245 dogmata
2931 4178 3321 4236 condemnaret
3363 4184 3679 4238 veritatem-

2102 4278 2209 4334 que
2237 4264 2682 4332 amplecteretur,
2705 4266 2965 4336 scriptam
2997 4268 3064 4322 iis
3090 4268 3158 4323 de
3182 4271 3345 4326 rebus
3373 4272 3679 4329 conleSsio-

2104 4372 2225 4410 nem
2271 4357 2635 4424 exhibuisset,
2694 4358 2967 4429 quispiam
3022 4360 3269 4417 dicturus
3332 4374 3471 4429 erat,
3523 4367 3674 4421 illum

2104 4461 2303 4500 novum
2339 4448 2463 4503 lidei
2488 4449 2807 4521 Symbolum
2842 4454 3277 4523 conscripsisse?
3314 4457 3457 4523 Quid
3507 4460 3677 4523 igitur

2106 4549 2309 4594 temere
2328 4542 2595 4596 conviciis
2621 4543 2958 4598 insectantur
2976 4547 3357 4603 sanetissimos
3378 4547 3674 4605 Phoenicim.

2103 4633 2410 4703 episcopos,
2470 4650 2659 4688 eorum
2719 4650 3047 4692 consensum
3101 4654 3301 4694 novum
3354 4643 3675 4714 Symbolum

2104 4726 2458 4793 appellantes,
2504 4741 2663 4794 quem
2711 4727 2787 4781 illi
2821 4731 3028 4785 utiliter
3053 4741 3106 4786 ct
3136 4737 3451 4789 necessario
3494 4740 3682 4793 edide-

2104 4820 2251 4877 runt,
2274 4823 2327 4865 ut
2354 4813 2610 4867 nimirum
2636 4831 2695 4869 se
2714 4831 3033 4887 purgarent,
3055 4838 3257 4893 eosque
3280 4825 3679 4896 demulcercnt,

2105 4901 2199 4971 qui
2224 4904 2373 4972 ipsos
2410 4904 2789 4962 Nestorianam
2823 4925 3014 4965 vocum
3042 4916 3335 4971 novitatem
3370 4921 3681 4989 approbare

2104 4995 2207 5049 sibi
2246 5012 2569 5066 persuasum
2604 5000 2911 5056 habebant?
2963 5006 3161 5063 Sancta
3200 5011 3404 5080 quippe
3436 5021 3491 5066 et
3524 5029 3681 5068 meo.

2060 5124 2063 5125 ν
2102 5085 2316 5139 menica
2349 5093 2613 5158 synodus,
2655 5106 2779 5160 quae
2802 5092 3004 5163 Ephesi
3030 5110 3388 5164 convenerat,
3417 5116 3679 5158 necessa-

2103 5178 2187 5232 rio
2217 5178 2474 5247 providit,
2508 5195 2616 5235 non
2644 5192 2897 5254 oportere
2928 5188 3088 5243 aliam
3121 5188 3244 5243 ﬁdei
3276 5192 3675 5259 expositionem

2103 5269 2157 5324 in
2208 5271 2487 5329 Ecclesias
2531 5272 2628 5330 Dei
2678 5275 2921 5343 inferre,
2974 5292 3348 5357 praeteream,
3396 5300 3518 5354 qua:
3560 5286 3675 5355 jam

2103 5364 2392 5432 exstabat,
2436 5381 2601 5437 quam
2654 5369 2957 5426 beatissimi
3009 5372 3197 5428 Patres
3250 5379 3426 5432 nostri
3482 5391 3679 5434 sanctn

2105 5456 2312 5528 Spiritu
2338 5459 2504 5515 loeuti
2538 5460 2922 5521 deliniverant.
2950 5466 3030 5521 Illi
3060 5479 3243 5525 tamen
3270 5472 3339 5525 ab
3362 5473 3464 5528 hac
3486 5478 3677 5542 ερον-Ι,

2102 5551 2292 5604 nescio
2342 5554 2642 5620 quomodo,
2698 5553 2993 5611 dissentire
3041 5559 3168 5623 vi-i,
3217 5573 3271 5616 et
3320 5564 3465 5632 quod
3502 5580 3679 5635 neque

2104 5651 2256 5697 recte
2286 5644 2573 5711 sentirent,
2635 5661 2812 5716 neque
2860 5652 3175 5720 apostolicis
3236 5666 3291 5710 et
3343 5659 3677 5729 evangelicis

2105 5733 2457 5804 dogmatibus
2513 5733 2876 5807 adhmrerent,
2918 5744 2969 5796 in
3013 5747 3387 5815 suspicionem
3421 5752 3669 5820 adducti,

2103 5828 2367 5897 numquid
2418 5831 2796 5887 tariturnitate
2848 5836 2913 5890 ab
2961 5837 3062 5892 hac
3134 5839 3497 5911 ignominiosa
3547 5858 3676 5901 nota

2101 5936 2160 5974 se
2192 5922 2537 5988 l.b.:r.ts:cnl,
2572 5939 2638 5975 an
2682 5923 2838 5993 plena
2896 5929 3079 5999 potius
3117 5935 3490 5993 satisfactioiic
3535 5955 3674 5994 sua:-
