4102 6448
396 402 498 470 241

1491 418 1594 479 AD
1638 418 2008 482 IMPERAT.
2054 424 2405 489 TRAPEZU
2417 429 2536 491 ΝΤ.

3562 438 3669 503 242

395 520 497 590 Car}
533 517 766 589 δύναμις
798 519 995 588 αὐτοὺς
1026 523 1370 590 ἀσπάζεσθαί
1410 545 1467 582 τε
1507 531 1603 583 xui.
1652 531 1970 601 φυλάττειν,

2088 539 2121 596 li
2160 541 2457 609 subjicere,
2488 521 2675 599 veram
2719 544 3134 616 amplcelentes.
3163 547 3241 604 uti
3271 555 3495 605 sanctus
3525 547 3671 604 diri-

392 614 491 664 καὶ
538 612 640 683 τὴν
685 614 880 683 ἑτέραν
917 617 1107 671 πίστιν
1133 618 1209 683 ὡς
1241 620 1499 677 ἐναντίαν
1526 618 1602 678 ὀὐ
1640 625 1805 693 μόνον
1839 628 1977 681 ἀπο·

398 704 662 767 σείεσθαι,
704 706 824 759 ἀλλ’
864 709 1232 781 ἀπορρίπτειν
1267 714 1474 784 καὶτῷ
1512 716 1822 788 ἀναθεματι
1862 736 1971 773 πα-

399 795 741 865 ραπέμπειν,
779 799 883 870 τὴν
915 800 973 854 δὲ
1005 801 1184 874 ἀληθῆ
1231 809 1327 859 καὶ
1359 809 1686 876 προσίεσθαι
1712 812 1857 865 κατὰ
1881 813 1973 867 τὸν

397 886 544 958 ἱερὸν
585 889 682 943 καὶ
715 889 863 945 θεῖον
891 893 1166 963 Μάξι;ςον,
1201 898 1296 950 καὶ
1337 901 1466 963 τοὺς
1494 900 1722 965 λοιποὺς
1747 904 1969 973 ἁγίους,

396 982 489 1034 καὶ
540 984 669 1046 τοὺς
716 983 1037 1052 ἑξακοσίους
1088 991 1186 1043 καὶ
1239 991 1538 1062 τριάκοντα
1588 996 1843 1069 Πατέρας
1873 1000 1975 1071 τῆς

394 1073 554 1142 ἁγίας
599 1077 696 1129 καὶ
759 1079 1152 1156 οἱκουμεινικῆς
1211 1085 1485 1157 τετάρτης
1542 1088 1767 1143 συνόδου
1797 1129 1814 1156 ,
1879 1091 1973 1146 καὶ

392 1165 493 1229 τὴν
522 1167 803 1238 ἡμετέραν
854 1172 1250 1230 ἐπισυνάπτειν
1301 1177 1622 1249 ὁμολογίαν,
1652 1181 1753 1251 τὴν
1788 1182 1968 1256 ἀληθῆ

396 1258 598 1327 πίστιν,
637 1261 798 1332 εἴπερ
851 1263 1092 1333 μάλιστα
1134 1269 1257 1332 ταῖς
1306 1271 1417 1324 τῶν
1460 1272 1636 1340 ἁγίων
1664 1272 1960 1338 ἐξακολου-

398 1351 599 1421 θοῦμεν
647 1354 901 1424 γνώμαις
946 1358 1042 1411 καὶ
1101 1358 1442 1429 ἀποφάσεσι,
1505 1364 1604 1416 καὶ
1670 1365 1849 1419 πάντα
1903 1368 1973 1421 τὰ

397 1445 548 1514 κοινῇ
579 1443 883 1515 δεδογμένα
919 1450 1231 1514 φυλάττειν.
1265 1453 1343 1509 Οὐ
1375 1455 1484 1525 γὰρ
1515 1455 1726 1522 ἔξεστιν
1751 1459 1972 1534 ἑκάστῳ

396 1540 768 1606 καινουργεῖν,
805 1541 1014 1610 μᾶλλον
1062 1543 1120 1596 δὲ
1167 1550 1541 1615 καινοτομεῖν.
1582 1549 1646 1602 El
1682 1549 1741 1603 δὲ
1769 1551 1832 1603 ἐκ
1861 1551 1972 1605 τῶν

400 1627 659 1697 Πατέρων
706 1630 817 1683 τῶν
861 1633 1027 1702 ἱερῶν
1078 1637 1174 1687 καὶ
1220 1633 1565 1690 διδασκάλων
1592 1639 1692 1708 τῆς
1737 1639 1973 1710 Ἐκκλη-

394 1721 515 1784 σίας
546 1723 655 1777 εἰσὶ
677 1722 747 1776 τὰ
768 1725 1198 1795 προστιθέμενα,
1238 1729 1334 1781 καὶ
1360 1732 1425 1801 τῇ
1458 1732 1614 1802 κοινῇ
1644 1732 1823 1801 κρίσει
1858 1735 1972 1803 ὁρί-

396 1814 603 1879 ζονται,
639 1814 794 1870 οὐδὲν
847 1817 908 1870 τὸ
962 1818 1200 1873 κωλύω.
1264 1822 1372 1874 Καὶ
1423 1822 1583 1876 τοῦτο
1644 1822 1972 1890 Βασίλειοςό

2082 650 2297 705 nusque
2348 635 2638 699 Maximus.
2672 644 2727 693 et
2761 640 2959 709 reliqui
2995 642 3195 705 sancti,
3240 652 3295 696 et
3325 643 3570 697 sexcenti
3612 653 3668 698 et

2080 729 2306 800 triginta
2334 729 2527 785 Patres
2560 738 2765 785 sanctis
2791 740 2843 786 et
2873 731 3229 789 meumenieae
3261 742 3471 805 quartae
3504 749 3669 806 syno-

2081 820 2133 875 di
2170 820 2516 891 prazcipiunt,
2546 829 2601 877 et
2623 831 2865 877 nostram
2894 820 3296 878 confessionem
3325 823 3624 894 adiungere
3652 841 3669 891 ;

2077 928 2262 971 veram
2291 955 2306 980 ,
2341 915 2587 985 inquam,
2620 915 2804 981 fidem,
2831 914 2877 970 si
2900 925 3221 971 sanctorum
3249 918 3456 973 monita
3481 917 3669 973 decre-

2081 1014 2248 1077 taque
2279 1007 2435 1076 sequi
2461 1006 2809 1075 petissimum
2835 1002 3110 1072 volumus,
3135 1000 3189 1063 εἰ
3204 999 3395 1062 omnia
3419 1024 3674 1063 commu-

2077 1096 2222 1152 niter
2268 1098 2568 1153 constituta
2614 1111 2970 1153 conservare.
3006 1096 3196 1166 Neque
3240 1098 3388 1152 enim
3435 1097 3672 1165 singulis

2077 1189 2226 1252 licet,
2270 1203 2360 1243 res
2421 1202 2594 1243 novas
2632 1188 2923 1258 designare
2969 1196 3024 1243 et
3064 1187 3388 1244 decernere.
3433 1189 3588 1255 Quod
3626 1187 3670 1243 si

2074 1298 2139 1336 ex
2193 1281 2405 1338 sanctis
2450 1279 2709 1336 Patribus
2755 1288 2810 1335 et
2857 1280 3121 1336 Ecclesiae
3164 1280 3490 1336 doctoribus
3542 1290 3673 1335 sunt

2075 1390 2198 1446 quae
2254 1380 2630 1444 apponuntur,
2687 1381 2744 1428 et
2796 1373 3077 1427 communi
3128 1371 3341 1442 judicio
3388 1373 3671 1441 preposita

2074 1463 2520 1533 comprobantur,
2559 1463 2692 1516 nihil
2724 1472 2809 1517 est
2840 1461 2988 1531 quod
3021 1477 3082 1516 ea
3119 1461 3433 1532 prohibeat.
3470 1459 3534 1515 Et
3568 1461 3674 1516 hoc

2076 1555 2292 1611 divinus
2332 1553 2569 1608 Basilius
2598 1562 2725 1607 ante
2757 1534 3061 1608 secundam
3095 1553 3364 1622 synodum
3412 1554 3610 1606 statuit
3645 1567 3659 1606 :

2081 1664 2100 1698 ι
2132 1645 2319 1701 Fidem
2370 1661 2470 1701 nos
2520 1660 2717 1715 neque
2756 1643 3116 1700 recentiorem
3146 1644 3216 1699 ab
3252 1644 3378 1699 aliis
3419 1642 3641 1697 conseri

2076 1746 2223 1810 ptant
2267 1746 2645 1807 acccptamus.
2681 1753 2701 1789 ι
2749 1735 2816 1790 Et
2868 1736 3041 1791 multa
3085 1750 3386 1806 perpessus
3427 1736 3673 1789 Athana-

2075 1831 2192 1888 sius
2223 1830 2292 1885 de
2322 1829 2636 1885 Sardicensi
2688 1829 2900 1901 synodo
2930 1830 3122 1897 tradit,
3163 1830 3311 1885 illam
3343 1829 3667 1889 decernere.

394 1908 535 1970 θεῖος
573 1907 679 1976 πρὸ
717 1909 814 1971 τῆς
845 1909 1108 1980 δευτέρας
1137 1912 1356 1966 συνόδου
1403 1914 1668 1984 ὡρίσατο,
1700 1918 1785 1970 ὅτι
1818 1938 1836 1971 ι
1872 1919 1969 1972 Πί·

2088 1941 2105 1975 ι
2134 1921 2285 2007 Fidei
2338 1920 2571 1976 Nicaeum
2602 1921 2976 1991 acquiescere.
3010 1938 3031 1974 ι
3080 1921 3195 1975 lmo
3224 1921 3465 1975 secunda
3508 1933 3674 1990 syno-

396 2019 512 2054 στιν
548 2003 710 2071 ἡμεῖς
741 2001 875 2071 παρ’
920 2002 1085 2057 ἄλλου
1129 2006 1489 2077 γραφομένην
1534 2010 1670 2077 ἡμῖν
1694 2011 1972 2082 νεωτέραν

395 2092 457 2146 ού
488 2092 936 2165 παραδεχόμεθα.
987 2114 1006 2146 ι
1045 2097 1155 2150 Καὶ
1196 2098 1519 2163 Ἀθανάσιος
1552 2099 1610 2154 δὲ
1639 2102 1668 2155 ό
1698 2100 1971 2166 πολύτλας

393 2184 650 2254 περὶτῆς
695 2185 753 2239 ὲν
788 2184 1024 2257 Σαρδικῇ
1065 2179 1287 2241 συνόδο)
1325 2191 1615 2259 διασαφεῖ,
1655 2191 1732 2254 ὼς
1781 2193 1976 2247 θεσπί-

393 2276 477 2340 ζει
507 2276 647 2346 αὕτη
680 2295 699 2328 ι
733 2278 1019 2347 ἀρκεῖσθαι
1071 2283 1138 2350 τῇ
1185 2281 1242 2333 ἐν
1296 2282 1502 2353 Natat;
1543 2284 1703 2356 μόνῃ.
1743 2304 1762 2338 ι
1814 2286 1977 2341 ’Λλλὰ

2079 2015 2186 2069 dus
2218 2013 2557 2068 conﬁdenter
2580 2011 2979 2081 superaddidit,
3003 2020 3261 2080 recteque
3288 2011 3476 2065 statuit
3503 2024 3674 2079 quaa-

2080 2117 2133 2160 ta
2156 2105 2419 2177 synodus,
2444 2104 2660 2159 tertiam
2691 2105 3014 2167 subsecuta,
3041 2106 3088 2159 si
3118 2104 3422 2159 necessitas
3455 2110 3670 2172 urgeat,

2083 2206 2332 2252 nostram
2388 2194 2797 2251 confessionem
2840 2193 3063 2249 Patrum
3125 2194 3672 2266 interpretationibus

2084 2286 2501 2357 adiungendam
2535 2302 2682 2342 esse.

399 2371 499 2424 καὶ
525 2372 558 2440 ἡ
592 2370 724 2439 ἁγία
751 2372 983 2443 δευτέρα
1012 2372 1230 2439 σύνοδος
1266 2374 1618 2447 θαρρούντως
1648 2379 1983 2449 προσέθηκε,
2012 2380 2106 2434 καὶ
2134 2380 2316 2444 καλῶς
2350 2378 2593 2451 ὡρίσατο
2623 2378 2815 2449 ὴάγία
2851 2378 3088 2450 τετάρτη
3124 2378 3361 2446 σύνοδος,
3395 2382 3490 2433 καὶ
3527 2379 3665 2448 μετὰ

397 2468 495 2539 τὴν
523 2471 713 2541 τρέτην
738 2463 896 2530 οὖσα,
920 2469 993 2533 ῶς
1022 2471 1211 2542 χρείας
1241 2473 1540 2545 γενομένης
1569 2475 1670 2546 τὴν
1703 2474 1979 2547 ἡμετέραν
2010 2477 2403 2533 ἐπισυνάπτειν
2424 2476 2717 2546 ὁμολογίαν
2741 2478 2862 2540 ταῖς
2886 2474 2995 2528 τῶν
3023 2475 3286 2547 Πατέριυν
3320 2477 3667 2546 ἑρμηνείαις.

470 2570 558 2636 ιη’.
597 2564 740 2618 Ἀλλ’
784 2564 894 2619 οὐδ’
941 2568 1006 2619 ἐκ
1054 2565 1149 2620 τοῦ
1208 2566 1343 2621 Υίοῦ
1393 2568 1626 2639 λέγομεν
1680 2571 1870 2636 ἁπλῶς
1905 2572 1970 2626 τὸ

398 2658 622 2728 Πιεῦμα
650 2661 710 2713 τὸ
742 2657 896 2726 ἆ,ἰον
941 2659 1367 2731 ἐκπορεύεσθαι,
1400 2666 1498 2716 καὶ
1530 2662 1978 2734 ἀπολελυμένως,

398 2749 485 2802 ῖια
526 2751 600 2821 μὴ
648 2753 713 2821 τῇ
774 2750 907 2823 δόξῃ
960 2750 1051 2804 τοῦ
1086 2750 1356 2822 Εὐνομίου
1411 2758 1828 2824 περιπέσωμεν,
1863 2754 1979 2809 ἀλλ’

395 2838 517 2891 οὐδὲ
545 2838 602 2905 ἐξ
653 2839 783 2893 Υἱοῦ
817 2840 916 2910 τὴν
946 2838 1186 2911 ὓπαρξιν
1219 2841 1386 2912 ἔχειν.
1420 2837 1529 2895 Ἦν
1568 2843 1678 2915 γὰρ
1710 2845 1775 2898 ἂν
1811 2846 1971 2917 ἀρχι-

397 2930 493 2984 κδν
529 2933 698 2984 αίτιον
721 2934 747 2984 ό
777 2931 924 2998 Υίὸς,
959 2935 1050 2985 καὶ
1084 2933 1183 3003 ούχ
1248 2935 1277 2986 ό
1320 2933 1538 3003 Πατὴρ,
1574 2932 1769 3006 ὥσπερ
1801 2937 1829 2990 ό
1856 2936 1981 3006 θεή-

397 3024 560 3086 λατος
592 3024 855 3093 Εύνόμιος
886 3022 1116 3094 ἔφασκε,
1148 3022 1332 3088 καθὼς
1358 3026 1385 3077 ό
1414 3025 1590 3095 μέγας
1619 3025 1898 3090 Βασίλειος
1921 3029 1981 3079 ἐν

396 3120 511 3181 τοῖς
536 3116 752 3170 ἐκείνου
784 3117 1028 3188 ἐλέγχοις
1053 3121 1111 3172 ἐν
1140 3118 1381 3189 δευτέρῳ
1414 3118 1558 3188 λόγῳ
1584 3118 1694 3171 τῶν
1741 3117 1975 3186 Ἀντιρο

2158 2571 2246 2627 18.
2273 2570 2463 2642 Neque
2493 2585 2595 2626 nos
2624 2570 2954 2639 simpliciter
2973 2579 3029 2626 et
3056 2570 3313 2624 absolute
3342 2573 3669 2634 asserimus.

2082 2661 2349 2732 Spiritum
2368 2678 2431 2718 ex
2461 2663 2602 2718 Filio
2622 2665 2917 2731 procedere
2939 2701 2955 2725 ,
2992 2678 3060 2715 ne
3091 2662 3145 2714 iu
3165 2659 3421 2716 Eunotnii
3449 2671 3672 2717 senten-

2085 2755 2215 2810 tiam
2247 2755 2530 2819 abeamus,
2562 2770 2738 2823 neque
2764 2768 2832 2808 ex
2863 2751 3003 2809 Filio
3029 2752 3406 2808 exsistentiam
3443 2754 3668 2809 habere.

2086 2845 2252 2903 Esset
2277 2845 2424 2900 enim
2458 2844 2783 2914 principalis
2815 2857 2983 2897 causa
3018 2838 3213 2906 Filius,
3246 2850 3301 2895 et
3333 2856 3442 2895 non
3480 2841 3668 2903 Pater,

2089 2937 2558 3006 quemadmodum
2605 2936 2894 2995 calamitas
2921 2934 3184 2991 Ecclesiae
3211 2952 3241 2989 a
3269 2934 3378 2989 Deo
3416 2937 3668 2989 lnnnissa

2087 3030 2395 3087 Ennomius
2423 3029 2823 3100 pratendebat,
2841 3038 2900 3083 ut
2931 3030 3149 3084 divinus
3177 3029 3415 3084 Basllius
3443 3029 3495 3081 in
3523 3028 3671 3081 illius

2088 3124 2541 3186 refutationibus,
2572 3121 2826 3177 oratione
2865 3122 3106 3177 secunda
3135 3119 3503 3175 Autirrltetica
3535 3121 3672 3174 seri-

394 3207 636 3276 ρήσεών
694 3226 880 3280 φησιν·
918 3230 935 3261 ι
1000 3210 1211 3263 Ἐκεῖνο
1264 3212 1319 3263 δὲ
1377 3211 1484 3264 τίνι
1542 3209 1652 3263 τῶν
1717 3210 1978 3265 ἁπάντων

2088 3218 2212 3275 bit:
2256 3235 2276 3270 ι
2316 3217 2455 3272 Illud
2498 3231 2630 3271 vero
2678 3217 2766 3271 cui
2820 3224 3011 3270 notum
3044 3231 3154 3271 non
3191 3225 3277 3270 est
3318 3215 3517 3269 nullam
3548 3230 3673 3268 esse

401 3301 615 3368 ἄδηλον,
644 3303 727 3356 ὅτι
778 3303 1006 3373 οὐδεμία
1058 3301 1152 3356 τοῦ
1206 3302 1337 3356 Υἱοῦ
1378 3303 1634 3374 ἐνέργεια
1667 3304 1985 3374 ἀποτετμη-

402 3398 542 3465 μένη
604 3396 719 3449 ἐστὶ
755 3396 848 3450 τοῦ
908 3397 1142 3469 Πατρὸς,
1191 3397 1311 3452 οὐδὲ
1372 3396 1488 3452 ἐστι
1528 3415 1583 3451 τι
1634 3398 1832 3463 ἐντοῖς
1861 3393 1986 3453 οὖσι

398 3493 477 3560 τῷ
508 3492 620 3565 Υίῷ
644 3494 913 3565 ὑπάρχον,
946 3491 975 3546 ὃ
1007 3490 1105 3545 τοῦ
1147 3492 1359 3561 Πατρὺς
1397 3490 1797 3563 ὴλλοτρίωται;
1830 3491 1984 3546 Πάν-

398 3603 473 3640 τα
503 3586 629 3658 γὰρ,
665 3588 837 3658 φησι,
873 3586 944 3641 τὰ
967 3586 1081 3656 ἐμὰ
1127 3584 1210 3639 σά
1260 3585 1420 3653 ἐστι,
1456 3585 1557 3639 καὶ
1600 3584 1670 3638 τὰ
1711 3583 1797 3639 σὰ
1845 3586 1981 3656 ἐμά.

403 3680 524 3742 ΙΙῶς
577 3679 670 3733 οὖν
701 3679 795 3734 τοῦ
853 3681 1171 3751 Πνεύματος
1206 3679 1305 3749 τὴν
1357 3679 1541 3732 αἰτίαν
1574 3679 1653 3750 τῷ
1687 3681 1988 3750 1Κίονογενιεῖ

402 3772 735 3843 προστίθησι
779 3773 952 3845 μόνῳ,
1015 3774 1108 3825 καὶ
1160 3772 1539 3843 κατηγόρημα
1601 3773 1708 3843 τῆς
1766 3772 1987 3844 φύσεως

403 3864 568 3918 αὑτοῦ
592 3865 688 3934 τὴν
710 3865 905 3920 τούτου
928 3864 1202 3936 λαμϐάνει
1249 3864 1654 3935 δημιουργίαν;
1701 3883 1720 3917 ι
1751 3864 1844 3918 Διὸ
1890 3866 1987 3918 καὶ

402 3954 610 4021 δ’θεῖος
647 3959 1057 4028 Δαμασκηνὸς,
1112 3976 1132 4008 ι
1196 3956 1293 4009 Ἐκ
1352 3955 1446 4008 τοῦ
1499 3955 1657 4018 Υίοῦ,
1713 3956 1889 4025 φησὶ,
1924 3955 1987 4010 τὸ

412 4050 635 4118 Πνεῦμα
672 4051 732 4105 οὐ
772 4051 1024 4121 λέγομεν.
1056 4049 1177 4104 rAs’
1211 4048 1345 4104 Υίοῦ
1380 4050 1439 4103 δὲ
1468 4049 1730 4121 ὁμολογεῖ
1751 4050 1845 4103 καὶ
1881 4066 1986 4120 κη-

407 4142 617 4212 ρύττει,
664 4144 763 4197 καὶ
815 4143 873 4210 ἐξ
924 4140 1059 4196 Υἱοῦ
1114 4141 1214 4213 τὴν
1266 4140 1505 4212 ὓπαρξιν
1539 4140 1988 4211 ἁπαρνεῖται,δι’

412 4234 546 4288 Υίοῦ
569 4234 627 4287 δὲ
660 4218 868 4304 ταύτην
909 4232 1011 4286 οὐκ
1054 4233 1405 4303 ἀπαρνεῖται.
1469 4233 1529 4285 Εἰ
1582 4231 1639 4284 δὲ
1692 4231 1786 4284 καί
1841 4247 1986 4293 τινες

414 4330 525 4383 τῶν
557 4328 895 4384 ἀνατολικῶν
924 4328 1099 4395 ἁγίων
1132 4325 1397 4389 ὡσαύτως
1421 4329 1513 4378 καί
1545 4326 1596 4379 οἱ
1630 4324 1848 4387 πλείους
1878 4324 1988 4378 τῶν

406 4422 677 4490 ἑσπερίων
708 4422 823 4487 καὶ,
852 4421 921 4474 ἐκ
952 4419 1059 4476 τοῦ
1098 4417 1261 4484 Υἱοῦ,
1281 4417 1652 4486 θεολογοῦσιν,
1684 4419 1746 4472 οὐ
1779 4417 1984 4485 διαφω-

405 4514 495 4564 νία
520 4511 700 4576 τοῦτο,
748 4512 887 4567 ἀλλὰ
936 4512 1035 4566 καὶ
1076 4513 1285 4582 μᾶλλον
1315 4511 1630 4581 συμφωνία.
1663 4509 1844 4565 Ταυτὸ
1878 4512 1986 4581 γὰρ

2087 3310 2465 3381 operationem
2521 3307 2647 3363 Filii
2704 3324 2733 3361 a
2789 3307 2954 3361 Patre
3003 3308 3263 3373 divisam,
3317 3323 3502 3377 neque
3550 3324 3674 3362 esse

2087 3402 2369 3475 quidpiam
2402 3403 2457 3457 in
2486 3401 2677 3466 rebus,
2706 3399 2857 3470 quod
2885 3401 2939 3455 in
2964 3399 3103 3456 Filio
3129 3402 3222 3463 sit,
3252 3410 3307 3457 et
3338 3400 3669 3457 sitalienum

2086 3510 2118 3552 a
2160 3495 2339 3550 Patre.
2398 3493 2597 3550 Omnia
2638 3495 2819 3560 enim,
2878 3494 2985 3559 ait,
3033 3511 3151 3547 mea
3191 3504 3282 3548 tua
3314 3509 3460 3551 sum.
3493 3504 3542 3547 et
3580 3506 3673 3548 tua

2088 3604 2228 3644 mea.
2255 3586 2545 3655 Quomodo
2583 3587 2771 3656 itaque
2818 3601 3040 3642 causam
3075 3586 3314 3656 Spiritus
3337 3586 3439 3641 soli
3471 3582 3673 3653 Unigc-

2090 3681 2209 3736 ttito
2236 3678 2518 3749 appingit,
2553 3685 2609 3732 et
2644 3685 2854 3732 natura!
2876 3678 3027 3734 illius
3060 3679 3470 3734 accusationem
3510 3679 3676 3745 hujus

2088 3771 2372 3843 epilicium
2400 3772 2641 3842 accipit?
2671 3789 2690 3823 ι
2718 3772 2901 3838 Quare
2939 3780 2995 3827 et
3024 3771 3248 3826 divinus
3272 3769 3670 3831 Damascenus.

2094 3882 2113 3916 ι
2147 3862 2221 3918 Ex
2252 3862 2412 3928 Filio,
2442 3865 2538 3929 ait,
2564 3861 2835 3934 Spiritum
2869 3879 2976 3919 non
3006 3865 3262 3930 dicimus,
3293 3884 3319 3918 ι
3348 3881 3444 3934 per
3473 3864 3671 3919 Filium

2090 3971 2220 4011 vero
2272 3955 2477 4011 fatetur
2501 3964 2557 4011 et
2588 3955 2877 4026 praedicat,
2922 3967 2978 4011 et
3027 3972 3092 4010 es
3127 3954 3267 4011 Filio
3295 3956 3673 4011 exsisteulia-u

2091 4047 2293 4101 haltere
2324 4054 2612 4116 pernegat,
2644 4061 2757 4100 non
2781 4059 2915 4101 vero
2945 4061 3042 4116 per
3061 4037 3261 4100 Filium
3294 4062 3413 4099 eam
3443 4045 3672 4099 habere.

2092 4135 2250 4204 Quod
2289 4137 2335 4192 si
2367 4151 2431 4192 cx
2467 4135 2845 4192 Orientalibus
2864 4138 3307 4208 sanctisquidam
3343 4176 3360 4203 ,
3394 4137 3678 4205 multoque

2093 4231 2283 4303 plures
2340 4245 2406 4285 ex
2449 4230 2913 4296 Occidentalibus,
2941 4229 3108 4285 etiam
3140 4244 3205 4282 ea:
3245 4226 3401 4299 Filiq
3431 4231 3676 4288 tradant.

2092 4339 2203 4377 non
2246 4331 2333 4379 est
2360 4323 2574 4379 discors
2607 4323 2722 4378 haec.
2748 4323 3046 4384 sententia,
3076 4321 3172 4377 sed
3212 4322 3396 4392 potius
3418 4335 3676 4375 concors.

2091 4415 2207 4472 lloc
2247 4430 2484 4487 namque
2536 4415 2638 4471 sibi
2688 4415 2802 4471 vult
2848 4431 2914 4470 ea:
2943 4413 3105 4479 Fiiio,
3142 4415 3289 4485 quod
3321 4430 3414 4483 per
3449 4411 3671 4466 Filium.
3750 4396 3761 4415 ”

2093 4511 2277 4579 Quare
2322 4510 2390 4564 iis
2420 4510 2515 4580 qui
2551 4507 2856 4578 prudenter
2902 4525 2992 4564 res
3021 4508 3337 4563 exatninare
3366 4506 3671 4571 voluerint,

406 4605 656 4676 βούλεται
681 4607 738 4660 τὸ
766 4606 835 4660 ἑκ
862 4605 966 4660 τοῦ
992 4605 1126 4661 Υἱοῦ
1170 4605 1248 4663 τῶ
1270 4605 1368 4661 διὰ
1398 4603 1502 4660 τοῦ
1538 4602 1695 4659 Υίοῦ.
1720 4604 1981 4676 Πρόδηλον

2098 4600 2451 4656 manifestum
2508 4599 2636 4666 erit,
2694 4598 3007 4669 ubicunque
3032 4614 3124 4669 per
3151 4597 3471 4670 praepositio
3505 4612 3678 4666 appo-

407 4697 502 4753 οὒν
532 4701 642 4761 τοῖς
676 4697 923 4751 ἐθέλουσι
952 4700 1194 4761 συνετῶς
1223 4700 1388 4764 νοεῖν,
1418 4696 1492 4760 ὡς
1521 4695 1651 4750 ἔνθα
1677 4696 1743 4750 ἂν
1774 4695 1987 4749 τίθεται

409 4793 445 4863 ἡ
495 4791 591 4845 διὰ
636 4791 900 4863 πρόθεσις
946 4790 1379 4863 παρηγουμένην
1424 4789 1681 4860 ἔχειντὴν
1726 4790 1796 4843 ἐκ
1852 4789 1987 4858 πρό·

411 4887 587 4939 θεσιν.
654 4884 932 4965 Ὡσαύτως
988 4887 1084 4937 καὶ
1137 4886 1166 4938 ὁ
1224 4882 1327 4937 καὶ
1384 4883 1795 4953 συμπλεκτικὸς
1863 4881 1992 4934 σύν-

408 4981 606 5050 ἰεσμος
634 4978 1103 5050 προῦποκεξμενον
1137 4977 1253 5048 ἔχει
1288 4977 1388 5048 τὴν
1417 4977 1507 5030 ἐκ.
1528 4976 1587 5028 Ὀ
1622 4975 1754 5044 γοῦν
1778 4974 1982 5042 λέγων,

412 5073 485 5127 ἐκ
529 5071 633 5127 τοῦ
675 5071 837 5138 Υἱοῦ,
870 5070 1294 5141 ἀπολελυμένως
1327 5070 1427 5123 ούκ
1483 5068 1658 5132 ἄλλως
1722 5069 1834 5120 νοεῖ
1889 5069 1984 5120 καὶ

408 5167 576 5234 λέγει.
592 5166 650 5219 '0
683 5165 741 5219 δὲ
758 5166 854 5220 καὶ
869 5163 968 5234 τὴν
986 5164 1057 5218 ὲκ
1077 5163 1460 5232 προῦποτιθεὶς
1474 5160 1572 5214 καὶ
1596 5158 1990 5212 ἐπισυνάπτων

389 5259 444 5311 ’δ
470 5260 503 5311 ἀ
526 5258 622 5312 τοῦ
660 5257 760 5311 καὶ
793 5256 1116 5326 συνδέσμου,
1143 5255 1310 5324 ἤγουν
1336 5252 1403 5307 ἐκ
1434 5249 1665 5319 Πατριλς
1695 5249 1793 5303 καὶ
1831 5246 1989 5316 Υὶοῦ,

412 5351 708 5415 δ;ίκνυσιν,
728 5351 810 5403 ὃτι
836 5348 989 5421 πηγὴ
1012 5348 1107 5402 καὶ
1132 5347 1275 5418 ἀρχὴ
1306 5347 1397 5399 καὶ
1416 5345 1565 5400 αἰτία
1582 5346 1731 5398 ἐστὶν
1753 5344 1782 5396 ὁ
1802 5341 1993 5412 Πατὴρ

411 5442 509 5508 τῆς
544 5440 670 5510 ὅλης
711 5439 984 5510 θεῦτητος.
1018 5437 1250 5490 Ἔπειτα
1281 5435 1342 5490 τὸ
1365 5436 1547 5504 λέγειν
1573 5432 1666 5486 καὶ
1702 5432 1918 5502 φρονεῖν
1937 5429 1996 5494 ἐξ

412 5531 546 5586 Υἱοῦ
598 5531 660 5585 τὸ
712 5531 939 5601 Πνεῦμα
996 5530 1058 5584 τὸ
1109 5531 1265 5598 ἅγιον
1318 5523 1606 5589 sinam!
1639 5525 1736 5595 τὴν
1786 5524 1995 5577 οἰκείαν

331 5635 340 5643 ’
417 5622 657 5693 ὓπαρξιν
687 5623 853 5693 ἔχειν,
882 5623 982 5675 ούκ
1013 5623 1234 5691 ἀληθές.
1262 5616 1371 5673 Ἦν
1398 5619 1512 5689 γὰρ
1547 5617 1609 5672 ἂν
1651 5619 1743 5670 καὶ
1779 5617 1835 5682 ἐξ
1861 5614 1994 5670 Υίοῦ

420 5717 583 5784 μόνου
618 5714 696 5785 μὴ
731 5714 1159 5784 μεσολαίοῦντός
1211 5713 1303 5765 τοῦ
1344 5712 1555 5781 [ἰατρὸς
1605 5710 1740 5780 πρὸ,
1775 5712 1872 5781 τὴν
1904 5708 1996 5763 τοῦ

418 5807 738 5877 ιινεύματος
768 5807 1016 5878 πρόοδον.
1063 5807 1197 5860 (ὶὺδέ
1243 5807 1352 5875 γὰρ
1396 5808 1425 5854 ὁ
1470 5806 1660 5873 Πατὴρ
1694 5804 1857 5873 μέσος
1896 5804 1998 5870 ἁμ-

420 5900 543 5969 ιεοῖν
578 5902 692 5953 τοῖν
744 5897 1054 5969 προσώποιν
1107 5899 1236 5953 Tia-3
1298 5899 1390 5953 καὶ
1442 5895 1992 5968 11·λεύματο;.’1“αύτη

2096 4694 2265 4758 nitur,
2287 4700 2620 4764 praeeuntem
2640 4691 2843 4747 habere
2865 4706 2966 4757 ex;
2995 4691 3249 4746 similiter
3272 4701 3319 4744 et
3351 4689 3680 4757 copulativa:

2093 4782 2570 4853 conjuttclioniex
2623 4781 2888 4852 praeponi.
2933 4781 3116 4848 Quare
3166 4782 3263 4852 qui
3319 4782 3568 4836 absolute
3597 4780 3680 4832 in-

2093 4877 2236 4944 quit,
2260 4890 2325 4929 επ
2356 4874 2515 4937 Filio,
2540 4890 2648 4928 non
2679 4874 2787 4928 alio
2822 4875 2983 4929 modo
3017 4890 3116 4929 nec
3142 4868 3332 4937 scniit,
3365 4890 3465 4929 nec
3507 4888 3687 4927 enun-
3756 4940 3767 4945 ἡ
3822 4853 3831 4867 ’

2096 4967 2214 5021 tiat.
2236 4966 2305 5021 At
2325 4966 2417 5036 qui
2447 4982 2514 5020 ea:
2544 4966 2812 5037 praeponit
2842 4965 3192 5037 aduectitque
3219 4983 3316 5037 per
3332 4965 3680 5038 conjunctio-

2096 5074 2222 5114 nem
2256 5068 2328 5123 et,
2368 5073 2564 5129 nempe
2593 5075 2658 5114 ea:
2682 5058 2848 5114 Patre
2874 5069 2922 5114 et
2959 5057 3122 5120 Filio,
3155 5057 3418 5124 ostendit,
3451 5058 3681 5122 fontem,

2094 5160 2152 5207 et
2182 5151 2536 5224 principium,
2567 5163 2622 5207 ct
2656 5168 2880 5208 causam
2924 5153 3092 5206 totius
3121 5151 3427 5207 divinitatis
3463 5149 3677 5204 Patrem

2099 5261 2247 5301 esse.
2273 5242 2631 5300 Posunodum
2668 5245 2852 5300 dicere
2913 5260 2978 5299 ac
3017 5256 3222 5306 tenere,
3249 5259 3312 5297 ex
3349 5242 3486 5297 Filio
3505 5242 3681 5311 Spiri—

2103 5346 2214 5390 tum
2238 5346 2491 5393 sanctum
2530 5351 2652 5391 esse
2685 5344 2740 5390 et
2775 5336 3050 5405 propriam
3083 5335 3463 5389 cxsistentiam
3516 5333 3679 5387 habe-

2101 5444 2189 5492 re,
2211 5444 2401 5483 verum
2430 5441 2656 5497 prorsus
2692 5441 2799 5481 non
2829 5434 2943 5480 est.
2969 5424 3126 5480 Esset
3151 5425 3297 5478 enim
3325 5440 3388 5479 ex
3423 5422 3564 5479 Filio
3594 5439 3685 5479 so-

2103 5522 2181 5586 lo,
2214 5536 2339 5574 cum
2378 5517 2540 5573 Pater
2562 5519 2616 5573 in
2644 5518 2883 5586 Spiritus
2926 5516 3283 5585 processione
3333 5517 3544 5571 medius
3573 5532 3688 5571 non

2102 5615 2207 5668 sit:
2243 5626 2423 5681 neque
2457 5610 2604 5666 enim
2638 5610 2797 5664 Pater
2828 5609 2976 5663 inter
3002 5606 3142 5663 duas
3185 5624 3449 5678 personas
3484 5608 3682 5663 Filium

2101 5716 2154 5760 et
2187 5705 2455 5773 Spiritum
2491 5702 2703 5756 medius
2729 5710 2835 5756 est.
2866 5704 3280 5770 l’roptereaqne
3313 5716 3421 5756 non
3448 5702 3696 5756 dicimus

2105 5814 2169 5852 ex
2222 5796 2362 5850 Filio
2407 5793 2698 5861 Spiritum,
2739 5808 2917 5862 neque
2959 5794 3276 5862 procedere,
3329 5808 3504 5863 neque
3540 5791 3686 5862 quod

2105 5894 2197 5961 sit,
2227 5887 2496 5959 accipere,
2526 5880 2711 5960 neque.
2737 5885 2967 5948 effundi,
3003 5885 3097 5941 sed
3131 5902 3225 5955 per
3251 5884 3450 5943 Filium
3476 5896 3684 5946 ιετιτιι
