4102 6424
418 391 524 462 2ιέ

1335 410 1716 475 GREGORII
1764 415 2063 478 ΜΛΜΜιΕ
2106 421 2214 483 CP.
2256 420 2762 483 PATIJARCILE

3569 419 3676 486 2Z1

421 533 486 570 ex
514 514 696 573 Patre.
724 517 878 585 Quod
907 518 1045 575 idem
1078 522 1182 577 erit
1214 539 1279 580 ac
1311 525 1519 593 dicere,
1552 544 1614 582 ex
1643 530 1802 584 Patre
1829 531 1992 586 simul

2119 555 2188 590 rat
2249 538 2348 590 οὐκ
2407 537 2465 605 ἐξ
2526 536 2658 590 Υίοῦ
2724 536 2786 590 τὸ
2847 532 3074 606 Πνεῦμά
3132 553 3338 607 φαμεν,
3370 535 3484 592 οὔτ’
3515 539 3674 593 ἐκπο-

420 626 485 666 ac
516 608 674 671 Filio,
709 619 768 664 ut
800 627 956 667 sacer
987 613 1319 687 divinusque
1345 618 1721 676 Damascenus
1753 624 1806 675 in
1849 622 1997 676 «Icci-

423 717 511 754 mo
556 702 721 754 tertio
776 704 958 772 capite
1017 706 1251 761 scribit:
1285 727 1303 759 ι
1351 711 1415 764 Et
1465 727 1560 780 per
1598 711 1837 766 Verbum
1873 727 2001 779 pro-

420 792 615 845 (Ittclnt‘
635 793 818 846 omnia
847 795 1246 854 manilestantis
1272 797 1562 868 Spiritus.»
1587 803 1839 874 inclytus
1871 804 1996 858 item

420 880 752 952 divinosque
799 885 1070 942 Maximus
1121 891 1170 943 iu
1197 891 1668 962 interpretatione,
1696 910 1803 964 quo
1833 910 1998 951 sensu

419 974 803 1040 accipiendum
833 979 904 1033 sit
932 979 1140 1034 dictum
1169 981 1486 1039 Zachariae:
1537 985 1604 1039 Et
1635 1003 1793 1056 super
1829 988 2000 1056 ipsam

418 1083 586 1136 parca
611 1067 838 1138 lautpas,
857 1080 907 1124 et
937 1071 1163 1129 lucerme
1185 1075 1228 1140 ',
1248 1076 1412 1131 tradit
1433 1093 1447 1131 :
1471 1095 1492 1130 ι
1515 1077 1752 1148 Spiritus
1777 1091 2001 1137 sanctus

420 1158 888 1223 quemadmodum
948 1175 1140 1218 natura
1198 1168 1502 1222 secundum
1562 1173 1854 1226 essentiam
1914 1182 2002 1227 est

419 1247 516 1302 Dt-i
553 1259 607 1303 ct
639 1249 842 1324 Patris,
875 1254 945 1308 ita
975 1264 1029 1310 et
1065 1255 1190 1312 Filii
1220 1259 1522 1315 secundum
1553 1263 1849 1318 essentiam
1891 1272 1998 1331 est,

422 1350 685 1411 tanquam
718 1345 810 1414 qui
847 1362 914 1401 ex
948 1347 1110 1404 Patre
1145 1352 1518 1426 essentialiter
1546 1369 1643 1425 per
1678 1353 1874 1409 Filium
1909 1373 2002 1426 ge-

429 1435 631 1501 uitum,
669 1437 854 1504 modo,
892 1439 986 1509 qui
1016 1441 1252 1511 exprimi
1273 1423 1468 1501 .verbis
1501 1423 1610 1501 non
1642 1454 1846 1517 potest,
1872 1423 2000 1516 pro-

427 1528 654 1584 ccdcns.
696 1548 714 1582 ι
743 1529 812 1585 Ει
847 1532 1024 1586 multa
1054 1549 1346 1604 perpessus
1375 1537 1714 1594 Athanasius
1743 1539 1808 1593 ad
1837 1538 1997 1594 Sera-

425 1621 642 1688 pionem
673 1622 940 1694 Epistola,
967 1629 1129 1697 cujus
1171 1629 1538 1700 principium:
1574 1651 1591 1684 ι
1627 1632 2002 1688 Admiraberis

425 1716 658 1770 fortasse
683 1734 698 1770 :
733 1736 855 1769 ο--ι
898 1719 1015 1774 Non
1034 1720 1177 1774 euim
1208 1733 1357 1776 extra
1379 1721 1613 1778 Verbum
1633 1723 1873 1796 Spiritus
1895 1735 2000 1792 est,

424 1809 518 1863 sed
557 1810 612 1864 in
642 1809 823 1866 Verbo
867 1827 988 1866 cum
1033 1812 1126 1878 sit,
1177 1814 1228 1867 in
1285 1815 1392 1870 Deo
1418 1816 1712 1887 peripsum
1737 1829 1838 1873 est.
1888 1838 1906 1872 ι
1936 1819 2002 1874 Ει

430 1902 621 1968 paucis
656 1902 961 1972 interjectis
994 1923 1008 1958 :
1061 1923 1080 1956 ι
1127 1903 1337 1976 Spiritu
1386 1908 1690 1964 exsistente
1721 1909 1774 1964 in
1803 1908 2000 1979 Verbo,

423 1993 636 2046 clarum
693 2002 801 2057 est,
849 2004 903 2050 et
955 1995 1009 2050 in
1071 1995 1182 2052 Deo
1231 2013 1355 2055 esse
1415 2013 1514 2069 per
1553 1999 1792 2055 Verbum
1829 2000 2006 2074 Spiri-

423 2099 563 2142 llllli.
606 2105 626 2139 ε

497 2269 587 2327 l9.
624 2267 812 2342 Neque
833 2271 981 2326 cnim
1009 2271 1319 2343 proprietas
1351 2270 1531 2330 Patris
1565 2279 1650 2330 est
1672 2273 2001 2345 producere.

428 2375 486 2419 ut
516 2376 574 2420 et
605 2365 756 2422 solus
807 2365 1100 2435 producat.
1147 2365 1328 2423 Patris
1368 2366 1641 2438 siquidem
1681 2369 1990 2440 proprietas

301 2475 318 2488 ι
429 2471 697 2524 generare
749 2465 874 2520 est;
937 2458 1206 2528 siquidem
1254 2467 1367 2514 tres
1390 2467 1604 2514 tantum
1640 2461 2006 2528 proprietates

428 2548 731 2614 credimus,
771 2557 830 2602 ut
875 2549 1050 2604 sancti
1099 2557 1155 2604 et
1206 2550 1350 2606 inter
1377 2566 1476 2607 eos
1502 2551 1813 2608 divinorum
1846 2567 2008 2607 arca-

438 2651 634 2690 norum
673 2637 941 2709 interpres
971 2635 1212 2695 Basilius
1239 2681 1256 2708 ,
1296 2639 1529 2712 cpistola
1561 2640 1628 2695 ad
1656 2641 1903 2708 fratrem,
1935 2641 2008 2698 De

427 2729 670 2784 essentia
701 2739 758 2784 et
786 2730 1064 2802 liypostasl
1106 2732 1308 2798 tradit:
1364 2751 1384 2785 ‹
1422 2733 1585 2789 Pater
1619 2749 1750 2789 vero
1785 2734 1876 2805 qui
1918 2750 2008 2790 su-

431 2839 529 2892 per
562 2825 748 2879 omnia
792 2834 901 2890 est,
945 2825 1274 2893 peculiarem
1323 2825 1634 2898 bypostasis
1669 2841 1782 2881 sua:
1833 2826 2012 2882 netio-

421 2932 556 2972 nem
598 2917 750 2972 solus
781 2917 972 2981 habet.
997 2917 1145 2988 quod
1170 2917 1332 2973 Pater
1361 2930 1467 2982 est,
1493 2928 1546 2973 et
1575 2919 1720 2988 quod
1762 2932 1828 2974 ex
1859 2919 2008 2974 nulla

433 3007 661 3062 omnino
707 3022 874 3064 causa
906 3008 1159 3065 subsistit
1187 3025 1202 3075 ;
1237 3015 1402 3079 atque
1436 3008 1542 3066 isto
1573 3009 1773 3064 iterum
1802 3010 2010 3065 indicio

431 3111 488 3156 ct
519 3102 637 3172 ipse
661 3103 884 3173 proprie
915 3116 977 3158 ac
1011 3103 1306 3173 separatim
1341 3103 1674 3174 agnoscitur.
1725 3121 1744 3156 ι
1773 3103 2014 3160 Theolo-

2106 629 2383 700 ρεύεσοαι,
2421 630 2516 684 καὶ
2548 632 2611 684 τὸ
2666 624 2808 684 εῖναι
2856 628 3180 700 λαμϐάνειν,
3215 628 3342 683 οὐτε
3393 631 3502 701 μὴν
3542 649 3676 703 προς

2101 721 2336 792 χεῖσθαι,
2395 722 2464 776 δι’
2512 722 2645 777 Υἱοῦ
2693 722 2752 776 δὲ
2797 722 2960 793 μόνον
3007 722 3070 776 ὲκ
3098 722 3352 794 Πατρός.
3383 723 3592 778 Ταυτδν
3620 725 3677 779 δὲ

2101 813 2276 865 εἰπεῖν
2307 813 2372 866 ὲκ
2397 813 2614 884 Πατρός
2645 830 2704 866 τε
2749 813 2868 883 ἅμα
2914 817 3012 868 καὶ
3047 812 3202 878 Υίοῦ,
3231 813 3318 876 ὡς.
3337 813 3434 867 καὶ
3466 816 3497 869 ό
3532 813 3678 885 ίερδς

2103 903 2202 957 καὶ
2232 903 2373 964 θεῖος
2418 905 2778 973 Δαμασκηνὸς
2831 906 2888 958 ὲν
2929 904 3368 975 τρισκαιδεκάτῳ
3394 905 3678 975 κεφαλαίῳ

2102 995 2281 1066 φησί·
2315 1015 2334 1049 ι
2377 995 2490 1052 Καὶ
2539 996 2626 1050 διὰ
2687 995 2860 1066 Λόγου
2925 997 3231 1066 προϐολεύς
3275 997 3676 1067 ὲκφαντορικοῦ

2105 1089 2451 1161 Πνεύματος.
2503 1105 2522 1140 ›
2561 1089 2675 1141 Καὶ
2711 1090 2739 1142 ό
2770 1086 2982 1152 κλεινὸς
3017 1088 3111 1142 καὶ
3163 1088 3309 1152 θεῖος
3339 1089 3591 1158 Μάξιμος
3619 1091 3678 1143 ἐν

2100 1173 2178 1243 οἷς
2207 1179 2521 1250 ἑρμηνεύει,
2550 1179 2602 1232 τί
2631 1179 2766 1248 δῆτα
2797 1176 3047 1249 βούλεται
3093 1174 3172 1249 τῷ
3203 1177 3461 1251 προφήτῃ
3493 1181 3676 1248 Ζαχα-

2103 1270 2216 1341 ρίᾳ,
2239 1269 2348 1325 Kal
2367 1270 2462 1323 ἐπ’
2483 1269 2638 1340 αὐτῇ
2660 1269 3006 1340 λαμπάδιον
3027 1270 3124 1324 καί
3153 1270 3209 1324 οἱ
3240 1270 3490 1342 λύχνοι,
3520 1271 3675 1340 φησὶ,

2109 1374 2128 1416 t
2174 1364 2249 1417 Τδ
2269 1360 2423 1431 ἅγιον
2441 1360 2663 1434 Πνεῦμα
2686 1363 2876 1433 ῶσπερ
2897 1364 3057 1432 φύσει
3084 1363 3204 1417 κατ’
3220 1363 3408 1417 οὐσίαν
3435 1365 3678 1433 ὑπάρχον

2102 1453 2195 1508 τοῦ
2220 1452 2355 1506 Θεοῦ
2386 1455 2483 1508 καὶ
2521 1452 2754 1522 Πατρός,
2777 1449 2919 1507 οὕτω
2936 1453 3140 1507 καὶτοῦ
3178 1451 3310 1506 Υίοῦ
3335 1453 3458 1505 κατ’
3481 1453 3673 1505 οὐσίαν

2103 1535 2272 1606 ἐστὶν,
2304 1544 2379 1606 ὡς
2415 1545 2479 1596 ἐκ
2512 1542 2606 1595 τοῦ
2640 1542 2853 1605 Πλτρὺς
2893 1541 3168 1607 οὐσιωδῶς
3203 1541 3273 1597 δι’
3317 1541 3448 1596 Υἱοῦ
3479 1560 3676 1613 γεννη-

2105 1633 2288 1694 θέντος
2315 1633 2610 1702 άφράστως
2639 1633 3101 1702 ἐκπορευόμενον,
3151 1652 3170 1686 ι
3202 1634 3314 1688 Καὶ
3347 1635 3377 1688 ό
3411 1634 3680 1696 πολύτλας

2104 1724 2162 1777 δὲ
2204 1723 2524 1786 ’Δθανάσιος
2563 1725 2620 1776 ἒν
2661 1726 2726 1794 τῇ
2771 1724 2908 1790 πρὸς
2941 1722 3290 1795 Σεραπίωνα,
3335 1715 3402 1797 ἧς
3437 1727 3469 1794 ὴ
3512 1725 3679 1794 ἀρχὴ,

2113 1835 2133 1868 ι
2149 1818 2304 1878 Ἴσως
2331 1815 2628 1885 θαυμάσεις
2653 1831 2667 1846 ο
2693 1834 2816 1868 ›-ι
2845 1817 2919 1870 Οὐ
2938 1815 3044 1887 γὰρ
3066 1816 3215 1880 ἐκτός
3233 1818 3350 1870 ιστι
3379 1815 3472 1869 τοῦ
3503 1817 3678 1883 Λόγον,

2105 1905 2166 1957 τὸ
2197 1900 2445 1974 Πνεῦμα,
2485 1902 2602 1958 ἀλλ’
2648 1907 2704 1956 ὲν
2754 1905 2830 1971 τῷ
2881 1905 3038 1976 Λόγῳ
3087 1905 3167 1968 ὃν,
3217 1906 3276 1958 ὲν
3321 1903 3401 1974 τῷ
3447 1903 3567 1973 Θεῷ
3611 1904 3678 1957 δι’

2107 1995 2273 2050 αὐτοῦ
2323 1997 2461 2050 ἔστι.
2501 2013 2520 2048 ι
2558 1997 2668 2050 Καὶ
2701 1997 2818 2066 μετ’
2849 1996 3027 2065 ὀλίγαο
3063 2016 3082 2049 ι
3123 1995 3230 2051 Τοῦ
3260 1996 3319 2051 δὲ
3360 1996 3681 2067 Πνεύματος

2106 2086 2261 2152 ὄντος
2291 2089 2347 2142 ιν
2376 2082 2452 2156 τῷ
2486 2088 2668 2159 Λόγῳ,
2703 2088 2864 2158 δῆλον
2908 2089 2974 2144 ἂν
3001 2089 3113 2159 είη,
3143 2089 3219 2153 ὡς
3253 2090 3346 2143 καὶ
3375 2090 3432 2142 ἑν
3460 2088 3537 2158 τῷ
3563 2089 3684 2160 Θεῷ

2108 2176 2179 2252 ἢν
2209 2179 2298 2234 διά
2331 2180 2426 2234 τοῦ
2454 2180 2629 2249 Λόγου
2671 2179 2730 2232 τὸ
2757 2178 3002 2250 Πνεῦμα.
3037 2197 3056 2231 ι

2202 2269 2287 2328 ιθ’.
2340 2271 2413 2327 Οὐ
2457 2273 2568 2342 γάρ
2616 2270 2815 2340 ίδιότης
2844 2271 2938 2326 τοῦ
2972 2271 3185 2343 Πατρός
3224 2273 3286 2326 τὸ
3323 2273 3680 2342 προϐάλλειν,

2111 2365 2200 2419 ἵνα
2254 2363 2348 2417 καὶ
2396 2361 2556 2434 μόνος
2606 2362 2908 2434 προϐάλλῃ.
2958 2362 3022 2416 Ἥ
3069 2364 3178 2432 γὰρ
3211 2362 3416 2430 ίδιότης
3441 2362 3538 2416 τοῦ
3571 2365 3685 2417 Πα-

2114 2458 2244 2528 τρὸς
2287 2457 2350 2510 τδ
2407 2456 2604 2527 γεννᾷν
2654 2456 2821 2521 εστιν,
2877 2455 3036 2525 ειπερ
3077 2456 3226 2524 τρεῖς
3280 2453 3552 2522 ἰδιότητας
3599 2471 3687 2506 πι-

2113 2548 2379 2619 στεύομεν
2422 2547 2519 2602 καὶ
2547 2547 2706 2618 μόνον
2736 2547 2879 2600 κατὰ
2907 2548 3031 2610 τοὺς
3063 2547 3272 2615 ἁγίους,
3299 2544 3397 2599 καὶ
3420 2545 3562 2598 κατὰ
3593 2546 3687 2598 τὸν

2115 2641 2451 2711 θεοφάντορα
2482 2639 2781 2695 Βασίλειον·
2809 2641 2868 2694 ἑν
2899 2642 2966 2711 τῇ
2989 2638 3126 2710 πρὸς
3154 2639 3243 2692 τὸν
3273 2639 3408 2694 ῐδιον
3437 2637 3687 2704 ἀδελφὺν,

2117 2732 2255 2803 Περὶ
2298 2733 2485 2795 οὐσίας
2535 2733 2630 2786 καὶ
2681 2731 3033 2795 ὑποστάσεως
3072 2730 3265 2801 φησίν·
3311 2749 3331 2782 t
3376 2731 3442 2784 '0
3485 2729 3543 2784 δὲ
3597 2730 3689 2782 ἐπὶ

2114 2825 2337 2880 πάντων
2393 2824 2671 2894 ἐξαίρετον
2727 2821 3020 2894 γνώρισμα
3071 2823 3171 2892 τῆς
3201 2822 3397 2876 ἑαυτοῦ
3443 2822 3687 2878 ὑποστά-

2115 2934 2253 2981 σεως
2295 2916 2356 2971 τὸ
2383 2917 2572 2987 Πατὴρ
2611 2912 2772 2983 εἶναι,
2801 2917 2896 2969 καὶ
2929 2917 2992 2969 ἐκ
3025 2915 3298 2986 μηδεμιᾶς
3341 2914 3521 2977 αἰτίας
3555 2916 3688 2967 ὐποο

2116 3011 2312 3079 στῆναι
2348 3007 2508 3078 μόνον
2558 3005 2709 3078 ἔχει·
2761 3005 2858 3060 καὶ
2918 3003 3010 3058 διὰ
3061 3002 3256 3058 τούτου
3307 3002 3403 3058 τοῦ
3452 3003 3686 3072 σημείου

2114 3101 2212 3154 καὶ
2267 3100 2432 3163 αὐτὸς
2490 3098 2801 3164 ίδιαζόντως
2831 3095 3286 3165 έπιγινώσκεταιυ
3325 3113 3344 3147 ι
3381 3095 3476 3150 καὶ
3510 3095 3603 3148 τὸν
3632 3097 3689 3146 ὲν

431 3209 535 3263 gus
569 3193 869 3266 Gregorius
893 3193 947 3249 id
980 3193 1124 3248 idem
1167 3191 1356 3249 multis
1399 3192 1517 3249 suis
1547 3193 1894 3250 orationibus
1924 3209 2011 3250 as:

2119 3193 2373 3266 θεολογίᾳ
2415 3192 2720 3264 Γρηγόριον
2775 3193 2835 3244 ὲν
2878 3189 3098 3254 πολλοῖς
3149 3187 3258 3241 τῶν
3307 3187 3476 3242 αὐτοῦ
3513 3187 3691 3255 λόγων

437 3295 676 3352 scrc-rat,
722 3295 838 3341 tum
878 3287 930 3340 in
963 3283 1182 3340 funebri
1238 3284 1550 3341 laudatione
1578 3286 1756 3356 magni
1782 3285 2008 3342 Basilii:

439 3396 460 3430 ε
500 3376 628 3432 Tria
690 3377 911 3448 quidem
953 3375 1416 3448 proprietatibus,
1445 3376 1682 3431 essentia
1713 3391 1883 3431 unum
1915 3391 2012 3428 co-

434 3472 646 3537 lentes;
685 3488 705 3522 )
737 3478 852 3524 tum
891 3469 946 3523 in
972 3482 1129 3524 sacra
1163 3465 1428 3521 Lumina:
1460 3485 1480 3519 ‹
1506 3466 1605 3523 Dei
1635 3481 1763 3520 vero
1784 3481 1909 3522 cum
1929 3466 2015 3521 di-

435 3579 594 3628 xero,
644 3577 754 3619 uno
791 3561 1000 3618 lumine
1043 3558 1476 3614 circumlustrati
1526 3557 1660 3616 estis
1699 3567 1756 3615 et
1806 3559 2010 3625 tribus,

436 3655 620 3711 tribus
657 3655 880 3725 quidem
911 3654 1219 3710 secundum
1247 3652 1617 3725 proprietates
1637 3691 1656 3718 ,
1688 3651 2016 3721 hypostases

437 3751 694 3817 scilicet;
735 3768 755 3802 ι
799 3761 916 3804 tum
949 3748 1006 3803 in
1044 3756 1295 3804 sanctum
1351 3744 1754 3801 Athanasium:
1801 3761 1820 3796 ι
1854 3742 2017 3798 Nam-

438 3860 548 3914 que
575 3859 682 3898 una
710 3842 969 3909 essentia,
995 3847 1047 3896 et
1073 3840 1253 3896 tribus
1275 3837 1663 3910 ltypostasibus
1690 3851 1719 3891 a
1747 3835 1907 3891 nobis
1931 3835 2019 3902 pie

439 3936 759 4000 intellectis,
793 3935 897 3991 hoc
923 3935 1070 3990 enim
1103 3931 1398 3990 essentiam
1444 3929 1685 3992 deitatis.
1733 3927 1863 3982 illud
1906 3935 2018 3982 tres

440 4041 598 4086 notat
627 4028 1017 4101 protirietates.
1065 4046 1085 4081 υ
1147 4023 1287 4082 Tum
1317 4025 1385 4080 de
1418 4023 1675 4094 dogmate
1717 4030 1777 4078 et
1805 4022 2020 4092 episco-

437 4138 632 4194 po-um
666 4121 1106 4192 compositione:
1157 4136 1178 4172 ι
1221 4117 1534 4172 Adoramus
1561 4115 1748 4185 itaque
1771 4111 2018 4177 Patrem,

439 4227 494 4272 et
515 4215 736 4274 Filium.
766 4222 822 4270 et
841 4211 1106 4284 Spiritum
1125 4218 1399 4275 sanctum,
1423 4209 1782 4279 proprietates
1803 4206 2018 4276 quidem

440 4315 788 4378 separantes,
828 4305 1171 4361 divinitatem
1191 4303 1477 4358 ‘unientes.
1518 4319 1537 4352 ι
1569 4297 2018 4354 Demonstratum

450 4409 536 4456 est
567 4401 754 4470 itaque
781 4398 1157 4469 apertissime.
1181 4401 1295 4452 tres
1325 4409 1428 4449 nos
1457 4393 1684 4448 credere
1715 4389 2018 4460 proprieta-

443 4508 550 4550 tes.
597 4494 708 4549 Aut
739 4495 887 4549 enim
920 4492 1247 4562 producere,
1287 4496 1383 4544 aut
1417 4502 1682 4559 generare
1715 4485 2024 4556 proprietas

2117 3284 2276 3340 τοῦτο
2318 3283 2674 3354 θεολογοῦντα
2706 3299 2721 3314 ·
2769 3282 2944 3352 λέγων
2983 3282 3041 3336 ἐν
3075 3280 3176 3352 μὲν
3207 3280 3286 3352 τῷ
3318 3281 3412 3334 τοῦ
3452 3279 3692 3349 μεγάλου

2117 3377 2404 3434 Βασιλεῐου
2435 3375 2713 3447 ἐπιταφίῳ
2741 3391 2756 3406 ο
2795 3393 2815 3428 ε
2847 3375 2988 3446 Τρία
3023 3374 3124 3444 μὲν
3166 3374 3290 3436 ταῖς
3317 3373 3602 3444 ἰδιότησιν,
3633 3370 3692 3423 ἓν

2117 3472 2174 3526 δὲ
2199 3475 2266 3544 τῇ
2302 3470 2458 3543 οὐσίᾳ
2502 3470 2756 3532 σέϐοντες
2781 3485 2795 3498 ·
2831 3485 2850 3522 ι
2883 3471 2941 3522 έν
2977 3467 3032 3520 δὲ
3064 3468 3143 3530 είς
3169 3467 3240 3521 τά
3271 3465 3431 3519 Φῶτα
3455 3483 3469 3498 ο
3508 3483 3526 3517 t
3554 3465 3692 3518 Θεοῦ

2117 3563 2176 3618 δὲ
2205 3563 2336 3616 όταν
2374 3561 2536 3623 είπω,
2567 3559 2648 3614 ἐνὶ
2678 3559 2821 3628 φωτὶ
2855 3558 3344 3630 περιηστράφθητε
3373 3559 3468 3612 καὶ
3503 3555 3687 3626 τρισί·

2119 3657 2270 3728 τρισὶ
2293 3655 2394 3726 μὲν
2419 3654 2561 3708 κατὰ
2590 3655 2688 3717 τὰς
2734 3653 3027 3722 ἰδιότητας,
3061 3652 3232 3723 ἡγουν
3259 3650 3592 3712 ὑποστάσεις
3611 3665 3625 3680 ο
3667 3665 3685 3699 ι

2123 3748 2220 3802 καὶ
2273 3748 2332 3800 έν
2386 3745 2467 3816 τῷ
2523 3745 2606 3808 είς
2647 3743 2739 3798 τὸν
2791 3742 2947 3813 ἅγιον
2989 3742 3354 3798 Ἀθανάσιον·
3391 3760 3411 3795 ι
3441 3742 3553 3811 Τῆς
3585 3741 3694 3809 γάρ

2125 3838 2259 3908 μιᾶς
2285 3835 2502 3902 οὐσίας,
2534 3835 2630 3890 καὶ
2666 3835 2776 3889 τῶν
2800 3835 2972 3904 τριῶν
2999 3834 3358 3888 ὐποστάσεων
3383 3834 3692 3903 νοουμένων

2126 3929 2229 4000 μὲν
2253 3927 2345 3997 ὐφ’
2371 3925 2533 3997 ἡμῶν
2558 3924 2819 3988 εὐσεϐῶςο
2845 3923 2908 3978 τδ
2942 3924 3042 3995 μὲν
3067 3923 3176 3993 γὰρ
3207 3923 3306 3992 τὴν
3333 3923 3522 3975 οὐσίαν
3542 3921 3695 3992 δηλοῖ

2132 4022 2239 4091 τῆς
2277 4022 2532 4092 θεότητος
2553 4061 2568 4087 ,
2600 4022 2662 4073 τὸ
2698 4019 2752 4072 δὲ
2779 4018 2879 4083 τὰς
2921 4017 3070 4091 τρεῖς
3104 4017 3393 4087 ἰδιότητας.
3430 4040 3447 4068 δ
3481 4015 3596 4070 Καὶ
3632 4015 3693 4066 έν

2124 4111 2204 4182 τῷ
2247 4113 2378 4184 περὶ
2425 4111 2694 4182 δόγματος
2744 4111 2838 4164 καὶ
2887 4110 3286 4173 καταστάσεως
3332 4109 3691 4163 ὲπισκόπωνο

2129 4225 2151 4258 ι
2199 4203 2628 4275 Προσκυνοῦμεν
2694 4197 2791 4256 οὖν
2846 4203 3067 4272 Πατέρα
3104 4201 3200 4256 καὶ
3227 4199 3356 4255 Υίδν
3398 4203 3495 4254 καὶ
3539 4199 3694 4268 άγιον

2127 4295 2375 4365 Πνεῦμα,
2413 4296 2512 4360 τὰς
2545 4295 2644 4367 μὲν
2681 4295 2949 4366 ἰδιότητας
2974 4294 3322 4366 χωρίζοντες,
3360 4292 3610 4357 ένοῦντες
3639 4293 3698 4346 δὲ

2127 4387 2229 4457 τὴν
2257 4388 2512 4459 θεότητα.
2559 4405 2578 4440 ι
2617 4387 2897 4442 Δέδεικται
2935 4389 3028 4442 οὖν
3057 4387 3376 4459 περιφανῶς
3403 4427 3418 4450 ,
3455 4385 3531 4450 ὡς
3555 4387 3702 4456 τρεῖς

2132 4480 2407 4552 ἰδιότητας
2435 4479 2793 4550 πιστεύομεν.
2824 4482 2894 4534 Ἢ
2921 4479 3055 4548 γοῦν
3087 4480 3150 4534 τὸ
3197 4479 3525 4551 προϐάλλειν
3558 4480 3704 4532 ἐστὶν

441 4597 529 4644 cst
556 4602 571 4653 ;
601 4587 695 4641 sed
733 4585 1038 4654 producere
1065 4582 1224 4637 nullo
1253 4580 1415 4636 modo
1449 4580 1756 4648 proprietas
1784 4586 1892 4642 est,
1927 4591 2011 4646 ge-

2135 4574 2362 4644 ἰδιότης,
2393 4573 2426 4645 ἢ
2455 4573 2517 4628 τδ
2554 4575 2774 4646 γεννᾷν.
2801 4573 2966 4627 Ἀλλὰ
2999 4573 3108 4646 μὴν
3147 4575 3210 4628 τὸ
3248 4572 3578 4644 προϐάλλειν
3608 4572 3706 4626 οὐκ

445 4694 642 4736 nerare
681 4677 849 4747 igitur
899 4672 1279 4731 tantummodo
1342 4669 1523 4726 Patris
1575 4667 1881 4740 proprietas
1912 4676 2018 4721 est.

445 4771 587 4828 Hinc
618 4772 788 4842 probe
841 4769 912 4824 ab
964 4765 1223 4822 Ecclesia:
1253 4762 1573 4821 doctoribus
1605 4759 1806 4815 Filium
1841 4773 1872 4812 a
1903 4758 2022 4812 solo

445 4864 610 4920 Patre
667 4862 921 4935 generari
973 4861 1296 4924 edoeemur,
1341 4856 1612 4928 Spiritum
1644 4868 1776 4908 vero
1821 4867 1929 4906 non
1958 4865 2024 4904 cx

447 4959 568 5016 solo
594 4998 612 5025 ,
656 4958 752 5014 sed
789 4973 855 5013 ex
889 4957 1049 5012 Patre
1082 4969 1179 5025 per
1214 4952 1438 5008 Filium.
1470 4950 1879 5020 Proptereaque
1907 4961 2026 5000 crc-

447 5053 632 5107 dimus
671 5048 893 5105 Patrem
931 5061 1194 5116 generare
1220 5056 1275 5098 et
1309 5042 1636 5114 producere,
1667 5050 1722 5095 et
1759 5053 2031 5110 generau—

447 5155 558 5201 tem
600 5143 908 5214 producere
957 5136 1260 5195 secundum
1305 5135 1580 5191 diversum
1630 5130 1876 5195 modum,
1919 5143 2028 5182 non

447 5238 756 5294 secundum
784 5234 950 5290 aliam
985 5232 1163 5301 ipsius
1193 5228 1586 5300 proprietatem
1620 5244 1635 5279 :
1670 5223 1907 5291 ideoque
1937 5235 2032 5291 pcr

450 5331 647 5386 Filium
698 5328 905 5384 dicitur
957 5326 1284 5397 producere,
1312 5329 1369 5376 et
1409 5333 1506 5390 per
1539 5315 1742 5372 Filium
1774 5316 2030 5378 cduccrc,

450 5432 509 5475 ut
547 5423 920 5476 Damascettus
949 5419 1146 5474 eodem
1203 5417 1385 5486 capite
1440 5413 1655 5467 tradit:
1701 5428 1718 5460 ι
1762 5407 2030 5462 llevelans

450 5515 644 5568 secreti
683 5513 910 5567 Deitatis
937 5513 1112 5566 virtus
1146 5511 1328 5563 Patris
1372 5523 1437 5562 ex
1481 5503 1641 5558 Patre
1678 5513 1760 5557 est
1810 5517 1903 5570 per
1945 5497 2032 5552 Fi-

455 5604 586 5658 ltum
614 5605 943 5672 procedens.
983 5623 1000 5655 ι

531 5873 544 5902 ⁸
580 5870 810 5924 ltuit”.
858 5888 930 5936 ιν,
961 5870 1014 5924 ‘2.

2132 4665 2284 4718 ἔστιν
2336 4665 2560 4735 ἰδιότης,
2587 4666 2652 4720 τὸ
2687 4667 2887 4737 γεννᾷν
2926 4666 3034 4736 ἄρα
3094 4667 3193 4721 καὶ
3250 4667 3414 4736 μόνον
3460 4665 3580 4718 ἐστὶ
3610 4663 3708 4717 τοῦ

2137 4759 2353 4830 Πατρός
2389 4759 2610 4832 ίδιότης.
2646 4761 2843 4826 Καλῶς
2876 4762 2973 4813 καὶ
3018 4761 3176 4831 παρὰ
3204 4761 3312 4813 τῶν
3341 4759 3441 4828 τῆς
3481 4759 3710 4828 Ἐκκλη-

2136 4852 2258 4915 σίας
2297 4851 2566 4921 θεολόγων
2593 4853 2657 4906 ὲκ
2697 4854 2860 4924 μόνου
2895 4853 2990 4907 τοῦ
3042 4851 3259 4923 Πατρδς
3302 4851 3395 4906 τδν
3422 4851 3555 4903 Υίὺν
3585 4867 3713 4920 γενο

2135 4945 2713 5014 νᾶσθαιθεολογοῦσι,
2755 4949 2816 5001 τὸ
2867 4948 2924 5001 δὲ
2973 4945 3201 5016 Πνεῦμα
3249 4945 3352 4999 οὐκ
3404 4945 3469 4997 ὲκ
3527 4943 3711 5013 μόνου,

2138 5040 2260 5094 ἀλλ’
2310 5042 2374 5092 ἐκ
2425 5040 2520 5093 τοῦ
2576 5041 2791 5111 Πατρὺς
2848 5041 2918 5094 δι’
2977 5038 3134 5101 Υίοῦ.
3165 5038 3267 5092 Διὰ
3308 5036 3468 5091 τοῦτο
3498 5037 3595 5090 xal.
3627 5052 3716 5088 πι-

2140 5133 2408 5204 στεύομεν
2464 5135 2539 5197 ὡς
2593 5135 2622 5186 ό
2671 5135 2864 5206 Πατὴρ
2915 5136 3080 5204 γεννᾷ
3115 5133 3213 5187 καὶ
3257 5132 3574 5204 προϐάλλει,
3621 5129 3717 5183 καὶ

2143 5227 2356 5295 γεννῶν
2385 5226 2681 5297 προϐάλλει
2729 5227 2872 5280 κατὰ
2918 5227 3176 5296 διάφορον
3219 5226 3447 5296 τρόπον,
3498 5225 3560 5277 οὐ
3595 5223 3718 5276 κατ’

2138 5319 2308 5388 ἄλλην
2358 5317 2596 5389 ίδιότητα
2650 5318 2838 5374 αὐτοῦ.
2875 5321 2977 5374 Διά
3021 5320 3182 5372 τοῦτο
3223 5319 3318 5372 καὶ
3343 5318 3430 5372 διὰ
3464 5316 3562 5370 τοῦ
3593 5315 3723 5370 Υἱοῦ

2140 5411 2362 5480 λέγεται
2394 5412 2740 5482 προϐάλλειν,
2773 5417 2869 5468 καὶ
2898 5413 2964 5467 δι’
2999 5411 3133 5466 Υίοῦ
3159 5412 3505 5481 ἐκπορεύειν,
3529 5413 3604 5474 ῶς
3631 5411 3726 5462 καὶ

2143 5506 2173 5558 ὁ
2218 5508 2577 5578 Δαμασκηνὸς
2610 5510 2668 5561 ἐν
2709 5508 2789 5577 τῷ
2832 5507 2981 5576 αὐτῷ
3025 5506 3308 5576 κεφαλαίῳ
3355 5507 3546 5578 φησίν·
3580 5523 3600 5557 ι
3662 5505 3726 5558 'H

2146 5597 2520 5670 ὲκφαντορικὴ
2556 5599 2649 5653 τοῦ
2685 5601 2922 5670 κρυφίου
2943 5600 3044 5670 τῆς
3075 5599 3328 5668 θεότητος
3360 5599 3596 5662 δύναμις
3626 5595 3725 5651 τοῦ

2151 5689 2362 5760 ιιατρὸς
2407 5694 2474 5745 ἐκ
2527 5694 2737 5764 Πατρός
2779 5695 2893 5746 ἐστι
2949 5693 3017 5746 δι’
3053 5691 3186 5746 Υἱοῦ
3221 5691 3653 5763 ἐκπορευομένη.
3703 5708 3720 5742 ι
