4102 6420
336 1374 385 1417 Α

384 346 489 409 243

1474 351 1574 411 AD
1620 352 1989 413 IMPERAT.
2031 354 2183 414 ΤΒΑ
2202 353 2525 419 PEZUNT.

3544 347 3649 411 246

461 462 530 518 κ’.
584 464 822 532 Φανερῖν
870 461 964 515 οὖν
1024 462 1171 515 ἐστιν
1219 461 1391 516 ἇπασι
1439 465 1789 534 Χριστιανοῖς
1850 469 1994 531 τοῖς,

2139 470 2229 523 20.
2290 469 2521 524 Planum
2593 468 2780 537 itaque
2839 476 2922 522 est
2975 465 3304 521 Christianis
3354 463 3649 519 omnibuso

391 554 555 624 λόγου
598 556 921 626 μετέχσιυσι,
980 556 1054 618 ὡς
1102 558 1511 625 προεπινοεϊται
1564 558 1598 627 ή
1659 555 1753 611 τοῦ
1831 556 1962 612 Υἱοῦ

391 650 642 716 γέννησις
696 648 797 717 τῆς
834 648 1065 718 προέδου
1106 646 1199 703 τοῦ
1236 650 1394 717 ἁγίου
1442 650 1779 718 Πνεῦματος.
1814 651 1872 703 οὐ
1901 653 1965 721 τῇ

390 738 675 810 ἀϊδιότητι,
708 743 774 811 τῇ
808 741 917 810 γὰρ
959 741 1229 809 ὰῖδιὸτητι
1264 739 1380 809 ἅμα
1425 740 1567 793 εἰσὶν
1592 740 1621 794 6
1652 741 1843 810 Πατὴρ
1872 741 1972 794 καὶ

394 838 421 888 6
466 835 612 897 Υἱὸς,
645 835 739 886 καὶ
766 833 825 887 16
858 832 1015 901 ἅγιον
1076 832 1328 903 Πνεῦμα,
1358 830 1474 885 ἀλλ’
1508 833 1697 903 ὥσπερ
1732 850 1969 903 προεπιο

398 926 663 980 νοεῖταιό
693 924 883 995 Πατὴρ
911 925 1004 978 τοῦ
1055 923 1227 990 Υίοῦ,
1286 923 1430 978 οὕτω
1480 927 1571 978 καὶ
1624 927 1651 979 6
1703 926 1832 988 Υἱὸς
1879 924 1974 979 τοῦ

398 1019 554 1085 ἁγίου
589 1016 929 1086 Πνεῦματος,
975 1016 1164 1081 καθὼς
1215 1018 1378 1073 τοῦτο
1427 1019 1617 1073 πολλοὶ
1648 1021 1759 1073 τῶν
1801 1020 1974 1088 ἁγίων

397 1114 488 1166 καὶ
522 1114 549 1164 6
577 1111 879 1164 Νυσσαέων
922 1111 1068 1180 ἱερὸς
1095 1111 1403 1182 Γρηγόριος
1438 1112 1748 1166 ἐπιϐεϐαιοῖ
1779 1113 1975 1181 λέγων*

403 1222 419 1255 ι
473 1205 559 1267 Ὦς
610 1206 719 1272 γὰρ
758 1203 1092 1257 συνάπτεται
1125 1203 1203 1274 τῷ
1240 1205 1421 1277 Πατρὶ
1451 1206 1480 1259 6
1523 1205 1672 1269 Υἱὸς,
1707 1207 1803 1258 καὶ
1830 1206 1891 1259 16
1919 1204 1979 1273 ἐξ

398 1299 561 1350 αὐτοῦ
590 1292 730 1349 εἶναι
757 1297 920 1367 ἔχων,
951 1296 1052 1364 οὐχ
1085 1296 1367 1368 ὑστερίζει
1398 1299 1545 1352 κατὰ
1586 1298 1687 1370 τὴν
1719 1296 1979 1365 ὓπαρξιν,

399 1391 541 1444 οὕτω
571 1390 733 1443 πάλιν
766 1392 861 1442 καὶ
907 1389 1003 1443 τοῦ
1050 1390 1398 1457 Μονογενοῦς
1442 1390 1627 1460 ἔχεται
1666 1391 1728 1443 τὸ
1757 1390 1983 1458 Πνεῦμα

403 1482 462 1533 τὸ
498 1480 651 1546 ἅγιον
699 1478 915 1551 ἐπινοίᾳ
958 1480 1096 1552 μόνῃ
1146 1481 1289 1534 κατὰ
1340 1482 1433 1534 τὸν
1467 1484 1570 1551 τῆς
1598 1483 1779 1544 αἰτίας
1815 1482 1979 1548 λόγον

403 1572 895 1640 προοεωρουμὲνου
936 1573 1035 1637 τῆς
1094 1572 1188 1624 τοῦ
1246 1573 1565 1642 Πνεῦματος
1597 1574 1979 1634 ὑποστάσεως.

404 1664 469 1714 Ai
519 1663 574 1714 δὲ
648 1662 897 1731 χρονικαὶ
955 1663 1302 1730 παρατάσεις
1358 1665 1449 1717 ἐπὶ
1499 1663 1600 1733 τῆς
1656 1666 1985 1734 προαιωνίου

407 1753 551 1822 ζωῆς
574 1749 762 1821 χώραν
789 1750 1151 1821 οὐκπέχουσιν,
1185 1751 1327 1805 ὥστε
1359 1752 1451 1806 τοῦ
1485 1751 1645 1820 λόγου
1673 1754 1772 1815 τῆς
1806 1753 1987 1815 αἰτίας

2072 563 2275 631 quibus
2308 579 2443 618 usus
2475 561 2709 616 rationis
2750 564 2913 626 inest,
2945 558 3289 631 praeintelligi
3331 557 3451 613 Filii
3490 574 3651 627 gene-

2076 654 2349 712 rationem
2403 655 2748 725 processioni
2781 651 3025 722 Spiritus
3055 651 3254 714 sancti,
3292 665 3400 704 non
3434 650 3653 702 aeterni-

2077 760 2188 805 tate
2225 794 2240 816 ,
2288 765 2413 804 cum
2446 748 2762 803 :eteruitate
2794 760 2901 799 una
2943 744 3107 799 simul
3146 744 3221 797 sit
3259 742 3444 803 Pater,
3469 750 3521 795 et
3562 737 3655 793 Fi-

2076 844 2205 911 lius.
2227 852 2282 898 et
2300 843 2541 911 Spiritus
2560 848 2816 903 Sanctus;
2844 838 2936 893 sed
2963 834 3420 903 quemadmodum
3454 833 3651 901 praeiu-

2078 937 2340 1006 tclligitur
2376 935 2539 990 Pater
2587 931 2749 996 Filio,
2785 932 2859 984 ita
2888 937 2943 984 et
2975 927 3144 981 Filius
3167 923 3399 993 Spiritui
3437 930 3654 983 saneto,

2079 1030 2248 1086 veluti
2293 1027 2471 1084 sancti
2508 1026 2755 1097 plerique
2785 1023 3001 1084 Patres,
3046 1029 3101 1075 et
3151 1018 3296 1073 inter
3329 1032 3427 1072 eos
3463 1015 3658 1085 pra-ci-

2080 1137 2223 1192 pnus
2281 1127 2508 1175 sanctus
2566 1117 2869 1187 Gregorius
2920 1112 3312 1183 Nyssaensium
3365 1109 3660 1177 episcopus

2083 1213 2401 1268 constabilit
2455 1211 2687 1266 dicens:
2739 1229 2759 1261 ι
2818 1204 3296 1273 Quemadmodum
3347 1202 3495 1256 enim
3531 1215 3664 1253 ιοιι-

2078 1307 2331 1378 jungitur
2370 1305 2519 1359 Patri
2572 1303 2747 1359 Filius
2772 1344 2787 1368 ,
2833 1308 2888 1355 et
2925 1315 2990 1354 et
3019 1314 3087 1353 eo
3120 1298 3356 1358 habens,
3395 1292 3539 1363 quod
3569 1292 3663 1355 sit,

2086 1398 2388 1456 secundum
2429 1395 2838 1453 exsistentiam,
2875 1400 3074 1445 tamen
3108 1404 3215 1443 non
3247 1397 3330 1443 est
3365 1386 3665 1456 posterior,

2086 1487 2159 1542 ita
2209 1499 2406 1539 rursus
2452 1491 2506 1537 et
2555 1481 2857 1552 Unigenito
2887 1479 3127 1533 adhaaret
3163 1477 3403 1546 Spiritus
3436 1483 3665 1531 sanrtns

2089 1578 2365 1634 intellectu
2387 1583 2599 1630 tantum
2634 1572 2934 1627 secundum
2961 1585 3143 1625 causa;
3172 1569 3440 1623 rationem
3467 1565 3669 1637 pra-in-

2092 1670 2313 1725 tellecto
2345 1668 2585 1736 Spiritus
2606 1666 2909 1738 liypoSIasi.
2938 1663 3229 1732 Temporis
3263 1671 3445 1715 autem
3478 1668 3672 1713 exten-
3728 1642 3735 1649 ’

2092 1764 2280 1820 siones
2323 1773 2377 1815 et
2403 1760 2695 1815 interralla
2748 1758 2801 1813 in
2853 1759 2989 1822 vita,
3026 1773 3146 1827 quae
3175 1766 3301 1810 ante
3335 1752 3533 1808 sarcula
3562 1760 3670 1811 est,

406 1843 842 1914 ὑπεξῃρημένου,
899 1843 961 1895 ὲν
1021 1843 1211 1913 μηδενὶ
1264 1845 1362 1912 τὴν
1408 1844 1576 1912 ἁγίαν
1611 1844 1820 1913 Τριάδα
1851 1846 1986 1910 πρὸς

2099 1854 2270 1909 locum
2302 1857 2436 1906 'non
2495 1852 2723 1913 habent,
2755 1850 2891 1905 adeo
2927 1857 2987 1902 nt
3026 1848 3235 1902 ratione
3268 1859 3451 1899 causa:
3485 1843 3670 1896 ablata

406 1938 602 2005 ἑαυτὴν
636 1934 981 2004 ἀσυμφώνως
1014 1934 1180 2005 ἔχειν.
1226 1955 1243 1989 ι
1288 1937 1399 1990 Kal
1436 1938 1463 1989 6
1497 1936 1671 2006 μέγας
1706 1937 1985 1998 Basilina;

408 2030 466 2080 ἐν
516 2030 580 2099 τῇ
631 2027 767 2097 πρὸς
823 2027 920 2091 τὰς
957 2028 1268 2090 Κανονικας
1322 2028 1652 2098 τρανότερον
1688 2028 1848 2081 τοῦτο
1881 2044 1988 2082 πα-

410 2122 647 2193 ρίστησι.
698 2120 838 2189 Φησὶ
891 2119 1032 2187 γάρ·
1078 2136 1097 2171 ι
1152 2119 1215 2172 El
1270 2120 1527 2188 ἀνωτέρω
1593 2117 1687 2172 τοῦ
1747 2111 1882 2171 Θεοῦ
1928 2119 1987 2172 τὸ

410 2212 650 2282 Πνεῦμα,
681 2214 779 2265 οὐκ
812 2213 877 2266 ὲκ
906 2212 999 2265 τοῦ
1036 2213 1173 2265 Θεοῦ
1198 2228 1212 2244 ·
1250 2214 1299 2265 εί
1334 2212 1392 2265 δὲ
1432 2215 1495 2265 ἐκ
1525 2212 1618 2265 τοῦ
1667 2210 1827 2273 Θεοῦ,
1863 2212 1979 2273 πῶς

411 2302 781 2373 πρεσὸύτερόν
812 2305 928 2355 ἐστι
966 2301 1060 2354 τοῦ
1093 2301 1149 2366 ἐξ
1198 2301 1258 2354 οῦ
1316 2303 1502 2366 ἐστινς
1550 2301 1693 2354 Ἀλλ’
1733 2300 1855 2353 οὐδὲ
1885 2299 1979 2352 τοῦ

413 2397 749 2463 Μονογενοῦς
785 2396 1095 2466 πρότερονο
1152 2394 1273 2449 οῦδὶ
1329 2396 1439 2465 γὰρ
1480 2396 1648 2463 μέσον
1705 2394 1838 2446 Υίοῦ
1892 2393 1987 2447 καὶ

418 2486 645 2555 Πατρός.
680 2504 698 2538 ι
737 2486 847 2539 Kal
904 2487 962 2538 ἐν
1013 2488 1079 2556 τῇ
1115 2484 1252 2554 πρὸς
1304 2485 1606 2554 Νεστόριον
1662 2482 1928 2553 Κύριλλος
1960 2483 1989 2534 6

419 2581 588 2646 μέγας
623 2580 681 2630 16
714 2597 731 2629 ι
766 2579 823 2645 ἐξ
854 2576 1025 2631 αὐτοῦ
1072 2579 1166 2629 καὶ
1211 2576 1342 2629 ἴδιον
1374 2576 1540 2629 αὐτοῦ
1581 2594 1600 2627 ι
1641 2591 1795 2643 φησι·
1831 2577 1921 2627 :«al
1954 2577 1985 2644 ἡ

418 2670 547 2736 ἁγία
572 2670 627 2722 όὲ
664 2668 851 2740 πρώτη
880 2669 1099 2733 σύνοδος
1141 2669 1228 2723 διὰ
1269 2668 1544 2722 Λεοντίου·
1586 2685 1603 2718 ι
1646 2667 1888 2736 Εὕρηται
1929 2666 1990 2718 τὸ

417 2766 643 2836 Πνεῦμα
686 2768 745 2819 τὸ
776 2766 932 2834 ἅγιον
992 2766 1431 2837 ἐκπορευόμενον
1505 2767 1605 2836 μὲν
1666 2766 1733 2817 ὲκ
1755 2764 1849 2818 τοῦ
1882 2767 1991 2820 Πα-

415 2860 567 2925 τρδς,
609 2858 737 2910 ἴδιον
767 2858 822 2911 δὲ
858 2857 953 2910 τοῦ
987 2856 1138 2922 Υἱοῦ,
1174 2859 1268 2910 καὶ
1299 2858 1359 2921 ἐξ
1392 2856 1559 2910 αὐτοῦ
1595 2857 1901 2921 ἁναὸλῦζον
1965 2874 1984 2909 ι

421 2949 617 3011 Καθὼς
635 2945 728 3002 οὖν
756 2949 974 3013 λέγεται
1006 2948 1135 3001 ἴδιον
1163 2947 1259 3001 τοῦ
1294 2948 1533 3019 Πατρδς,
1581 2947 1725 3001 οὕτω
1772 2948 1990 3016 λέγεται

419 3042 516 3094 καὶ
540 3041 671 3095 ίδιον
694 3040 788 3094 τοῦ
833 3040 963 3093 Υίοῦ
994 3056 1007 3070 ·
1051 3042 1145 3094 καὶ
1174 3039 1367 3110 ὥσπερ
1426 3040 1649 3107 λέγεται
1690 3041 1754 3092 ὲκ
1781 3041 1879 3109 τῆς
1902 3037 1991 3091 οὐ·

2090 1946 2143 2000 in
2198 1945 2350 1999 nullo
2399 1956 2592 1999 sancta
2646 1941 2805 1996 Trias
2861 1940 3002 1993 inter
3036 1953 3159 1995 sese
3203 1935 3501 1991 discordet.
3552 1953 3569 1984 ι
3609 1934 3674 1984 Et

2090 2039 2325 2093 Basilius
2380 2035 2609 2107 Magnus
2653 2035 2721 2089 ad
2774 2032 3087 2089 Ganoniras
3116 2031 3350 2101 epistola
3387 2029 3487 2082 hoc
3526 2027 3669 2079 idem

2090 2130 2411 2200 expressius
2462 2127 2707 2184 asserit:
2774 2144 2793 2175 ι
2852 2124 2907 2179 Si
2970 2124 3079 2179 Deo
3136 2121 3389 2177 subsistit
3425 2120 3675 2189 superior

2090 2223 2352 2291 Spiritus,
2382 2234 2722 2290 nequaquam
2764 2222 2943 2287 potest
2964 2230 3025 2269 ex
3053 2213 3164 2268 Deo
3182 2228 3323 2267 esse.
3359 2210 3513 2277 Quod
3540 2209 3584 2265 si
3606 2224 3671 2261 ex

2091 2316 2200 2369 Deo
2252 2296 2359 2376 est,
2406 2313 2686 2382 antiquior
2725 2325 2849 2365 esse
2899 2308 3029 2371 Deo,
3076 2307 3169 2377 qui
3208 2313 3383 2374 potest
3413 2318 3556 2367 esse,
3607 2316 3672 2354 ex

2090 2427 2197 2479 quo
2241 2410 2373 2465 est?
2418 2409 2531 2463 lmo
2578 2423 2682 2461 nec
2737 2406 2889 2475 prior
2916 2404 3134 2473 quidem
3172 2400 3489 2471 Unigeuito,
3550 2413 3674 2451 cum

2091 2506 2253 2565 inter.
2281 2501 2479 2556 Filium
2534 2500 2607 2554 sit
2648 2507 2702 2554 et
2748 2499 2957 2553 Patrem
3002 2496 3211 2550 nullum
3248 2492 3511 2549 medium.
3554 2511 3570 2542 ι
3612 2489 3679 2541 Ει

2091 2610 2323 2667 magnus
2369 2593 2631 2665 Cyrillus,
2675 2590 2905 2661 epistola
2956 2588 3023 2643 ad
3063 2587 3376 2644 Nestorium
3414 2604 3426 2639 :
3465 2604 3483 2635 ι
3520 2582 3675 2649 Quod

2089 2706 2155 2745 ex
2189 2704 2254 2744 eo
2287 2698 2394 2753 est,
2431 2695 2488 2741 et
2521 2684 2809 2757 pr0prinm
2845 2682 3044 2751 ipsius,
3081 2701 3099 2734 ι
3136 2682 3399 2752 appellat.
3439 2678 3501 2731 Et
3545 2692 3677 2729 salt-

2091 2795 2176 2838 cta
2226 2782 2399 2852 prima
2429 2779 2674 2850 synodus
2716 2792 2810 2845 per
2831 2775 3121 2829 Leontium
3150 2792 3165 2828 :
3196 2793 3213 2825 ι
3248 2772 3526 2827 Invenitur
3558 2770 3679 2837 Spi-

2091 2875 2231 2929 ritus
2269 2881 2494 2928 sanctns
2530 2869 2825 2938 procedere
2858 2866 3084 2935 quidem
3114 2880 3176 2919 ex
3211 2864 3389 2923 Patre,
3424 2864 3679 2929 proprius

2092 2982 2220 3021 vero
2238 2980 2360 3021 esse
2378 2963 2523 3027 Filii,
2542 2972 2598 3018 et
2617 2977 2682 3016 ex
2709 2974 3119 3021 eo,emanans.i
3152 2957 3227 3011 Ea
3250 2956 3419 3024 igitur
3445 2955 3677 3009 ratione.

2094 3074 2199 3129 qna
2217 3058 2421 3112 dicitur
2438 3053 2691 3124 proprius
2707 3050 2903 3116 Patris,
2919 3061 3002 3103 est
3017 3060 3065 3103 et
3082 3047 3339 3118 proprius
3358 3045 3499 3101 Filii.
3522 3044 3582 3095 lo
3623 3062 3684 3096 ιι-

423 3133 544 3192 σίας
578 3131 672 3184 τοῦ
710 3134 944 3203 Πατρὸς,
983 3130 1127 3186 οὕτω
1154 3132 1376 3194 λέγεται
1407 3130 1502 3185 καὶ
1547 3134 1611 3184 ἐκ
1663 3131 1762 3200 τῆς
1807 3130 1993 3193 οὐσίας

2099 3167 2196 3208 nes
2240 3149 2610 3204 Damascenus
2636 3187 2651 3206 .
2680 3144 2856 3212 capite
2894 3152 3106 3202 octavo,
3128 3139 3288 3209 cujus
3327 3138 3680 3208 principium.

421 3223 518 3277 τοῦ
556 3222 707 3278 res.
742 3225 851 3277 Kal
880 3226 907 3278 6
943 3224 1041 3293 μὲν
1073 3223 1214 3285 θεῖος
1262 3224 1520 3292 Ἰωάννης
1550 3224 1577 3276 6
1629 3224 1993 3293 Δαμασκηνὸς

423 3318 483 3369 ἐν
519 3315 797 3385 κεφαλαίῳ
842 3316 1034 3386 όγδὸῳ,
1075 3308 1200 3385 alii]
1256 3313 1422 3386 ἁρχὴ,
1455 3332 1473 3365 ι
1514 3314 1855 3383 [Ιιστεύομεν
1888 3313 2001 3367 10'5—

426 3405 653 3475 γαροῦνθ
677 3426 695 3459 ι
711 3429 725 3457 ι
741 3407 846 3460 Καὶ
866 3408 1025 3478 μόνον
1041 3405 1101 3458 τὸ
1122 3404 1345 3475 Πνεῦμα
1374 3405 1436 3457 15
1465 3404 1622 3473 ἅγιον
1654 3403 1988 3474 ἐκπορευτδν

426 3499 493 3549 ὲκ
525 3497 622 3565 τῆς
674 3497 863 3558 οὐσίας
908 3496 1002 3549 τοῦ
1051 3496 1291 3567 Πατρὺς,
1347 3495 1409 3548 οὐ
1472 3492 1838 3564 γεννώμενον,
1874 3493 1989 3547 ἀλλ’

430 3591 925 3658 ἐκπορευόμενον.)
959 3588 1134 3642 Τοῦτο
1167 3591 1262 3643 καὶ
1293 3592 1321 3642 6
1355 3588 2001 3658 πάμμεγαςἈΘανὰσιος

428 3680 612 3747 λέγει·
656 3699 674 3730 ι
709 3681 804 3733 Ἐκ
833 3682 931 3749 τῆς
976 3682 1167 3744 οὐσίας
1200 3679 1295 3733 τοῦ
1344 3681 1562 3751 [ἰατρὸς
1589 3678 1650 3732 τὸ
1686 3680 1915 3749 Πνεῦμα
1943 3678 2005 3732 16

430 3774 607 3842 ἅγιον.
651 3792 671 3824 ι
715 3773 876 3827 Ἀλλὰ
921 3777 1017 3828 καὶ
1064 3776 1092 3827 6
1136 3774 1427 3837 θεσπέσιος
1463 3772 1735 3844 Κύριλλος
1789 3775 1853 3826 ἐκ
1905 3773 2003 3841 τῆς

432 3866 617 3929 οὐσίας
644 3865 738 3919 τοῦ
777 3866 907 3921 Υἱοῦ
954 3869 1013 3919 ὲν
1060 3866 1347 3935 κεφαλαίῳ
1402 3866 1715 3937 τριακοστῷ
1757 3865 2007 3936 τετάρτῳ

430 3960 540 4013 τῶν
566 3960 897 4028 Θησαυρῶν
930 3959 1079 4029 λέγει
1104 3975 1121 3993 ο
1164 3976 1180 4011 ι
1230 3960 1345 4013 Οὐκ
1392 3960 1451 4011 ὲν
1482 3959 1591 4031 ἰδίᾳ
1624 3960 1731 4012 τινὶ
1768 3959 2006 4024 ϐελήσει,

434 4052 553 4105 οὐδὲ
589 4054 693 4123 μὴν
724 4052 988 4122 ἀλλοτρίᾳ
1025 4051 1303 4122 βουλήσει,
1339 4053 1395 4105 ἐν
1445 4046 1490 4120 ᾧ
1535 4052 1631 4105 καὶ
1666 4051 1726 4116 ἐξ
1775 4046 1834 4105 οὐ
1863 4050 2007 4103 ἐστὶν

435 4146 851 4215 ὁμολογοῦντες,
901 4144 1022 4200 ἀλλ’
1070 4148 1134 4197 ἐκ
1166 4146 1265 4216 τῆς
1308 4145 1497 4210 οὐσίας
1532 4144 1699 4199 αὐτοῦ
1731 4144 1941 4213 προῖόν.
1984 4160 2002 4195 ι

440 4240 558 4292 Ἔτι
591 4234 706 4305 οὖν,
740 4240 775 4291 ι’
813 4239 908 4291 Ἐκ
957 4238 1055 4306 τῆς
1089 4238 1275 4301 οὐσίας
1327 4236 1423 4290 τοῦ
1479 4235 1605 4290 Υίοῦ
1653 4236 1715 4289 τὸ
1761 4234 2006 4304 Πνεῦμα,

435 4332 656 4402 ποιότης
694 4350 797 4394 τις,
834 4331 902 4385 ἶν’
940 4329 1118 4393 οὕτως
1170 4330 1442 4400 εἴπωμεν,
1473 4330 1722 4399 ὑπάρχον
1771 4328 1866 4382 τοῦ
1914 4345 2010 4381 κυ-

440 4424 708 4489 ριεύοντος
741 4425 999 4477 ἁπάντων
1044 4422 1202 4475 Θεοῦ.
1247 4420 1311 4474 Εἰ
1366 4421 1419 4473 δὲ
1466 4420 1647 4478 τοῦτο.
1699 4421 1831 4482 Θεὸς
1874 4421 2004 4490 ἄρα,

2105 3266 2124 3299 ι
2172 3244 2462 3301 Credimus
2498 3254 2651 3303 ergo,
2680 3255 2700 3288 ι
2739 3235 2851 3288 ι-Ει
2895 3235 3071 3288 soluat
3122 3232 3384 3302 Spiritum
3427 3240 3679 3286 sanctum

2100 3314 2484 3409 procedentem
2533 3347 2597 3385 ex
2653 3324 2893 3384 essentia
2932 3327 3110 3380 Patris
3155 3340 3262 3379 non
3299 3323 3681 3394 genitnm,sed

2100 3424 2513 3495 procedentem.
2557 3438 2573 3471 ι
2624 3417 2739 3473 Hoc
2784 3432 3019 3486 quoque
3040 3418 3320 3469 maximus
3353 3415 3687 3467 Athanasius

2105 3515 2347 3571 insinuat
2389 3530 2403 3565 :
2436 3532 2453 3564 ι
2499 3511 2574 3565 Ex
2615 3511 2852 3565 essentia
2887 3507 3065 3562 Patris
3099 3506 3337 3571 Spiritus
3372 3514 3619 3559 sant-tus.
3663 3523 3679 3554 ι

2106 3605 2216 3660 Nec
2251 3618 2355 3657 non
2386 3612 2440 3657 et
2475 3602 2694 3656 divinus
2724 3598 3001 3667 Cyrillus:
3044 3615 3073 3647 ι
3106 3597 3179 3650 Et
3210 3594 3454 3649 essentia
3488 3592 3631 3646 Filii.
3662 3613 3681 3644 ι

2105 3690 2295 3761 Capite
2316 3689 2598 3743 tricesimo
2620 3694 2815 3755 quarto
2853 3684 3241 3738 Thesaurorum
3265 3684 3481 3752 inquit}
3510 3700 3529 3735 ι
3568 3681 3685 3735 Non

2107 3785 2161 3839 in
2195 3782 2412 3855 propria
2451 3782 2755 3840 voluntate,
2797 3786 2890 3832 aut
2922 3779 3100 3831 alieno
3166 3792 3195 3830 ιι
3260 3776 3540 3831 voluntate
3570 3776 3689 3845 ejus

2108 3875 2365 3937 consitio,
2423 3874 2478 3928 in
2553 3888 2681 3942 quo,
2728 3880 2783 3925 et
2831 3887 2894 3925 ex
2920 3886 3029 3939 quo
3065 3879 3169 3934 est,
3208 3870 3559 3929 Confitentes.
3590 3869 3685 3922 sed

2110 3968 2277 4024 veluti
2312 3982 2376 4020 ex
2415 3966 2658 4021 essentia
2689 3965 2810 4031 ejus
2842 3977 3136 4017 emanans.
3171 3980 3189 4013 ι
3239 3959 3394 4023 ltem,
3439 3979 3457 4012 ι
3500 3960 3574 4013 Ex
3607 3980 3693 4012 rs-

2110 4060 2283 4116 sentia
2311 4058 2433 4112 Filii
2469 4057 2749 4128 Spiritus,
2779 4066 2834 4110 ct
2859 4054 3021 4124 quasi
3056 4053 3302 4123 qualitas
3328 4052 3604 4122 quaidam,
3632 4061 3693 4103 ut

2112 4155 2195 4210 ita
2231 4153 2505 4212 dicamus,
2558 4158 2665 4215 est,
2707 4146 3050 4203 dominantis
3095 4145 3343 4199 omnium
3383 4143 3497 4197 Dei.
3552 4141 3606 4196 Id
3645 4146 3691 4197 si

2111 4253 2219 4310 est,
2261 4245 2410 4300 Dens
2437 4242 2607 4311 igitur
2637 4247 2750 4305 est,
2775 4247 2829 4293 et
2871 4254 2979 4292 non
3016 4245 3332 4307 generatus,
3362 4249 3465 4289 nec
3490 4233 3693 4301 factus,

2110 4334 2573 4407 quemadmodum
2627 4332 2877 4399 improbe
2913 4316 3273 4399 'opinantibns
3320 4326 3629 4381 videbatur.
3671 4345 3690 4378 ι

2116 4431 2186 4486 Ει
2219 4443 2457 4483 rursus:
2505 4444 2522 4477 ι
2587 4424 2646 4481 ιη
2703 4423 3014 4492 Ειιιηεοιῑίε
3062 4422 3315 4477 Salvator
3368 4422 3435 4475 de
3480 4436 3539 4475 se
3577 4420 3697 4489 ipsti

440 4516 534 4567 καὶ
562 4516 621 4568 οὐ
657 4517 936 4586 γεννητὸν,
970 4515 1002 4584 ἢ
1052 4531 1295 4579 κτιστον,
1324 4518 1516 4583 ῶσπερ
1550 4516 1663 4578 τοῖς
1698 4513 1994 4577 κακοδόξοις

2118 4519 2289 4575 dicit:
2332 4517 2446 4588 Ego
2482 4532 2599 4570 sum
2640 4514 2875 4569 Veritas.
2900 4512 2965 4565 Et
3010 4512 3203 4566 beatus
3234 4509 3477 4565 Joannes
3505 4518 3696 4565 oslt-n-

439 4608 633 4660 ἐδόκει.
677 4626 697 4659 ι
740 4610 847 4661 Kal
882 4607 1073 4675 πάλιν,
1110 4627 1126 4658 ι
1179 4605 1269 4659 Ἐν
1300 4610 1409 4665 τοῖς
1457 4604 1815 4673 Εὐαγγελίοις
1841 4605 1869 4656 6
1903 4605 2017 4657 Σω-

437 4700 543 4768 τήρ
576 4697 679 4750 πού
714 4717 847 4768 φησι
904 4701 1046 4769 περὶ,
1084 4698 1320 4751 ὲαυτοῦκ
1352 4695 1502 4767 Ἐγώ
1530 4700 1648 4765 ειμι
1672 4697 1713 4764 ἡ
1739 4697 2011 4765 ἀλήθεια.

453 4791 511 4843 ’0
540 4791 596 4842 δέ
630 4808 692 4857 γε
720 4792 907 4861 μακάρ
934 4808 993 4855 ος
1032 4791 1286 4859 Ἰωάννης
1329 4790 1391 4842 ἐκ
1437 4806 1497 4842 τε
1538 4790 1639 4857 τῆς
1691 4790 1882 4852 οὐσίας
1919 4788 2015 4841 τοῦ

442 4885 646 4953 Πατρδις
680 4884 893 4937 καὶτοῦ
937 4885 1067 4937 Υἱοῦ
1122 4885 1183 4938 τὸ
1234 4883 1457 4951 Πνεῦμα
1496 4883 1801 4951 δεικνύων,
1826 4885 1885 4934 ὲν
1916 4883 2017 4952 μὲν

442 4980 549 5038 τοῖς
584 4976 935 5043 Εὐαγγελίοις
958 4976 1125 5046 φησί·
1164 4976 1234 5030 Τὸ
1253 4976 1496 5047 Πνεῦμα
1511 4976 1622 5045 τῆς
1643 4977 1954 5043 ἀληθείας.
1991 4993 2011 5026 ι

441 5068 536 5121 Ἐκ
565 5070 662 5137 τῆς
691 5070 882 5133 οὐσίας
908 5066 1002 5123 οὖν
1035 5071 1246 5141 Πατρὸς
1275 5070 1373 5123 καὶ
1396 5068 1529 5122 Υίοῦ
1566 5069 1713 5139 παρὰ
1732 5069 1843 5122 τῶν
1870 5068 2018 5122 διδα-

441 5160 653 5214 σκάλων
692 5161 1041 5231 ὁμολογεῖται
1063 5177 1078 5193 ο
1115 5163 1209 5215 καὶ
1233 5163 1293 5215 οὐ
1321 5161 1557 5233 λέγομεν
1578 5161 2015 5231 διακεκριμένην

441 5256 532 5324 τὴν
555 5256 706 5308 Θείαν
737 5256 924 5309 οὐσίαν
956 5259 1020 5308 ὲκ
1052 5255 1160 5310 τῶν
1188 5256 1349 5309 θείων
1384 5250 1723 5327 προσώπων,
1743 5252 1880 5308 ἀλλὰ
1904 5252 2016 5305 πᾶν

439 5352 578 5401 υεῖον
609 5350 904 5419 πρόσωπον
957 5350 1087 5420 ὅλην
1138 5349 1236 5420 τὴν
1280 5350 1476 5403 οὐσίαν
1522 5350 1577 5402 ὲν
1628 5348 1810 5415 ἑαυτῷ
1842 5345 2013 5415 ἔχειν.

449 5445 609 5497 ὐταν
660 5440 753 5498 οὖν
792 5443 1044 5515 λέγωμεν
1104 5444 1298 5496 οὐσίαν
1347 5443 1485 5511 μετὰ
1529 5440 1624 5494 τοῦ
1678 5439 2015 5510 ἀναφορικοῦ

439 5538 725 5605 ὀνόματος,
764 5538 825 5589 τι)
871 5538 1054 5591 κοινὸν
1098 5538 1234 5606 μετὰ
1278 5535 1377 5589 τοῦ
1414 5535 1713 5599 ἱδιάζοντος
1756 5534 2015 5603 λέγομεν,

441 5631 513 5690 ὼς
574 5632 652 5697 τῷ
708 5630 839 5700 ἱερῷ
899 5629 1248 5699 Δαμασκηνῷ
1284 5629 1468 5691 δοκεῖ,
1524 5628 1757 5690 καὶτοῖς
1809 5626 2018 5690 λοιποῖς

442 5723 641 5787 ἀγὲοις,
676 5724 769 5774 καὶ
816 5721 892 5791 τῷ
924 5722 1052 5792 Οείῳ
1085 5722 1347 5791 Μαξίμῳ.
1387 5720 1539 5775 Μετὰ
1573 5719 1863 5789 ’Δνομοίου
1908 5719 2018 5789 γὰρ

445 5810 597 5879 οὗτος
644 5814 1020 5886 διαλεγόμενός
1072 5834 1231 5887 φησι,
1274 5814 1368 5869 τοῦ
1423 5815 1705 5885 ’Ᾱνομοίου
1742 5814 2014 5883 λέγοντος,

2121 4609 2258 4664 deus
2283 4607 2548 4677 Spiritum
2594 4621 2661 4660 ex
2709 4606 2952 4659 essrntia
3008 4602 3186 4656 Patris
3217 4608 3271 4654 et
3326 4599 3450 4654 Filii
3487 4616 3609 4656 esse
3644 4605 3696 4652 in

2120 4699 2433 4771 Erangeliis
2463 4695 2725 4766 Spiritum
2759 4695 3000 4750 veritatis
3050 4693 3310 4763 appellat.
3349 4710 3367 4743 ι
3406 4688 3482 4744 Ex
3510 4706 3703 4746 esst-n-

2122 4794 2195 4846 tia
2250 4793 2434 4857 itaque
2495 4788 2676 4844 Patris
2730 4798 2784 4843 et
2817 4786 2937 4840 Filii
2970 4802 2998 4839 a
3029 4785 3356 4841 doctoribus
3385 4783 3649 4839 asseritur
3684 4800 3697 4844 ;

2121 4901 2299 4954 neque
2345 4900 2447 4940 nos
2502 4883 2740 4937 divinam
2792 4879 3094 4936 essentiam
3138 4895 3164 4933 a
3200 4877 3403 4933 divinis
3449 4874 3702 4946 perSunis

2070 5011 2075 5015 ε
2121 4979 2388 5049 disjungi,
2436 4980 2531 5033 sed
2591 4975 2830 5029 ιΙίιὶιιτιιιι
2857 4987 3133 5043 quamque
3159 4984 3449 5040 personam
3485 4969 3704 5021 nnixer-

2120 5089 2239 5128 sam
2293 5072 2590 5128 essentiam
2639 5069 2694 5122 in
2756 5066 3050 5135 semetipsa
3113 5063 3403 5118 continuere
3441 5061 3700 5113 dicimus.

2121 5166 2262 5222 Cum
2297 5165 2483 5233 itaque
2508 5163 2748 5216 dicimus
2772 5158 3072 5215 essentiam
3103 5171 3229 5210 cum
3263 5152 3487 5209 nomine
3518 5154 3702 5205 relati-

2119 5272 2211 5323 vo,
2243 5270 2536 5311 commune
2568 5269 2692 5309 cum
2722 5252 2947 5322 proprio
2976 5248 3237 5309 dicimus,
3266 5253 3327 5298 ιιι
3358 5251 3552 5297 sancto
3588 5244 3704 5311 pla-

2120 5357 2209 5404 cet
2246 5345 2592 5400 Damasceno
2629 5351 2682 5396 et
2710 5340 2922 5397 sanctis
2952 5338 3099 5401 aliis,
3134 5342 3251 5388 tum
3292 5341 3552 5402 praeterea
3578 5346 3706 5385 san-

2120 5450 2210 5496 cto
2252 5439 2510 5494 Maximo.
2559 5434 2655 5489 Hic
2704 5436 2848 5488 enim
2907 5446 3030 5483 cum
3070 5430 3340 5505 Anomceo
3371 5424 3703 5489 edissereus,

2121 5552 2246 5589 cum
2300 5533 2390 5588 ille
2454 5532 2707 5589 dixisset,
2768 5546 2785 5579 t
2844 5526 3003 5580 Alititl
3047 5523 3309 5580 essentia.
3349 5519 3574 5573 etalind
3608 5519 3706 5589 hy-

2120 5628 2407 5697 postasis;
2459 5644 2476 5676 ι
2536 5642 2553 5674 ι
2594 5622 2777 5683 Aliud,
2838 5619 2972 5675 dixit
3033 5623 3279 5679 sanctus,
3306 5622 3358 5667 et
3390 5612 3562 5673 aliud,
3597 5628 3704 5664 non

2125 5721 2205 5773 nti
2250 5722 2359 5773 res.
2425 5735 2442 5767 ι
2491 5715 2598 5770 Sed
2658 5713 2819 5767 Pater
2870 5709 3133 5781 Spiritum
3173 5705 3451 5775 producit,
3495 5719 3602 5757 non
3636 5704 3705 5755 τιτι

2125 5816 2232 5871 alio
2259 5810 2577 5883 accipiens:
2615 5809 2730 5881 ipsc
2776 5808 2920 5861 enim
2971 5811 3055 5858 cst
3114 5801 3229 5859 sola
3272 5813 3438 5855 causa
3473 5807 3521 5851 ct
3552 5797 3709 5867 υτὶιισ
