4102 6460
447 348 553 409 2ίῖ

1157 350 1385 413 GiiEG.
1434 353 1738 417 MAMM/E
1775 358 1888 418 (ΣΡ.
1932 359 2144 420 PATR.
2187 358 2282 418 AD
2329 359 2480 420 IMP.
2525 357 3001 422 TRAPEZUNT.

3607 360 3712 423 258

449 465 678 532 cipinm.
725 464 910 536 Neque
977 472 1124 528 enim
1180 490 1350 531 causa
1397 479 1504 536 alia
1553 485 2018 554 praeiutelligitur1

2141 505 2158 538 ι
2182 484 2347 539 "Alio
2376 485 2532 539 οὐσία
2558 487 2652 538 καὶ
2680 485 2810 539 ἄλλο
2841 485 3158 542 ὑπόστασις,
3191 500 3208 532 ι
3244 501 3261 532 ι
3299 481 3481 544 Ἀλλο,
3510 481 3712 551 ἔφησεν

448 573 627 627 neque
654 561 984 631 principium
1013 581 1028 631 ;
1063 573 1119 622 at
1150 565 1322 625 Filius
1353 587 1462 627 non
1490 587 1519 627 a
1551 577 1735 645 seipso
1761 576 2024 647 Spiritum

447 649 633 715 habet,
657 652 753 707 sed
786 669 816 707 a
848 652 1042 718 Patre,
1084 657 1247 715 siculi
1301 661 1464 720 divus
1491 664 1731 736 Cyr-illus
1765 670 1818 722 iu
1850 671 2022 724 inter-

444 743 805 808 pretationem
835 745 1016 805 illius:
1052 750 1120 805 Et
1143 754 1253 819 ipse
1287 757 1478 827 rogabo
1507 757 1748 826 Patrem,
1777 774 1826 816 et
1857 763 2025 817 alium

445 833 808 898 Paracletum,
847 837 965 893 ait:
1009 857 1029 892 ι
1069 839 1163 897 Dei
1191 844 1342 898 enim
1376 854 1434 902 et
1465 846 1649 905 Patris
1682 852 2019 907 naturalium

446 925 715 980 bonorum
743 925 919 986 Filius
946 932 1227 1003 particeps
1257 949 1381 990 cum
1415 939 1508 1004 sit,
1544 939 1714 996 habet
1747 940 2016 1011 Spiritum

443 1020 751 1074 secundum
773 1020 926 1076 illum
953 1024 1210 1081 eumdem
1241 1029 1489 1096 modum,
1519 1035 1829 1090 secundum
1859 1052 2020 1105 quem

444 1109 773 1181 intelligitur
808 1113 972 1170 Pater
1023 1117 1252 1175 habere.
1312 1140 1330 1172 ι
1380 1121 1519 1178 Tum
1569 1128 1790 1182 modum
1842 1130 2022 1198 expri-

445 1218 605 1259 mens
625 1208 879 1277 exemplo
899 1207 968 1264 ab
990 1210 1210 1268 homine
1236 1214 1533 1286 desumpta
1551 1235 1716 1288 quam
1737 1222 2022 1290 aptissimo

443 1296 545 1363 rei,
574 1297 643 1353 de
674 1315 778 1368 qua
816 1316 1003 1358 sermo
1032 1317 1137 1370 est,
1172 1317 1336 1378 atque
1363 1310 1569 1366 indicio
1599 1313 1816 1368 subdit:
1853 1332 1872 1366 ι
1911 1315 2016 1371 Sed

442 1390 903 1455 quemadmodum
972 1387 1358 1469 unusquisque
1443 1413 1693 1458 nes-trum
1764 1407 2019 1473 spiritum

443 1480 729 1550 proprium
764 1483 816 1537 in
843 1489 1146 1556 semetipso
1171 1492 1442 1554 continet,
1475 1504 1528 1547 et
1561 1511 1626 1549 ex
1651 1497 1864 1550 intimis
1889 1513 2020 1566 prre-

443 1572 654 1626 cordiis
696 1573 761 1629 ad
811 1577 1090 1634 exteriora
1136 1583 1362 1636 eruittit.
1423 1583 1653 1652 Propter
1695 1588 1748 1641 id
1786 1591 1932 1643 enim
1966 1601 2021 1644 et

444 1677 710 1733 corporea
769 1666 924 1723 illum
985 1668 1244 1727 Christus
1292 1671 1628 1740 irnsulllavit,
1687 1678 2018 1745 ostendens,

443 1757 906 1824 quemadmodum
945 1775 1010 1815 ex
1049 1776 1144 1817 ore
1174 1763 1411 1821 hominis
1441 1769 1722 1836 egreditur
1789 1771 2020 1838 spiritus

2127 582 2155 633 6
2181 577 2355 644 ἁγιος,
2391 573 2545 630 εἷπον
2590 576 2686 628 καὶ
2731 575 2881 640 ἄλλο,
2921 577 3020 643 οὐχ
3049 575 3125 636 ὡς
3171 574 3427 644 πρᾶγμα.
3458 593 3476 626 ι
3507 575 3652 626 Ἀλλ’
3684 577 3712 626 6

2129 665 2228 733 μὲν
2261 666 2452 735 Πατὴρ
2475 665 2591 736 ἔχει
2618 666 2677 719 τὸ
2712 665 2940 736 Πνεῦμα
2980 667 3038 719 τὸ
3075 665 3233 734 ἅγιον
3271 665 3620 735 προϐάλλων.
3646 667 3710 719 οὐ

2126 757 2255 826 παρ’
2276 757 2436 812 ἁλλου
2459 756 2675 811 λαδὼν·
2712 758 2873 820 αὐτὸς
2906 758 3014 825 γάρ
3039 760 3158 810 ἔστι
3187 760 3284 813 καὶ
3318 758 3480 827 μόνος
3513 757 3708 817 αἴτιος,

2125 851 2222 904 καὶ
2273 851 2408 920 μόνη
2461 851 2642 920 ἁρχήο
2677 850 2739 903 οὐ
2789 850 2898 920 γὰρ
2951 850 3064 920 ἔχει
3096 850 3599 920 προεπινοούμενον
3621 852 3710 904 σῖ-

2122 957 2256 1004 τιον,
2305 939 2425 993 οὐδὲ
2465 939 2972 1010 προεπινοουμένην
3014 939 3191 1009 ἀρχήν
3223 953 3234 966 ο
3275 939 3302 990 6
3356 937 3412 991 δὲ
3468 936 3595 999 Υἱὸς
3644 937 3708 988 οὐ

2124 1032 2256 1100 παρ’
2285 1030 2485 1084 ἑαυτοῦ
2523 1031 2586 1084 τὸ
2638 1029 2866 1099 Πνεῦμα
2905 1029 3045 1098 ἔχει,
3071 1026 3191 1082 ἀλλ’
3229 1031 3294 1080 ὲκ
3318 1025 3412 1080 τοῦ
3465 1027 3705 1098 Πατρὶς,

2121 1127 2308 1191 καθὼς
2347 1129 2444 1182 καὶ
2482 1127 2510 1180 6
2546 1125 2832 1186 θεσπέσιος
2891 1123 3159 1192 Κύριλλος
3220 1124 3278 1176 ὲν
3337 1124 3404 1193 τῇ
3436 1121 3706 1190 ἑρμηνείᾳ

2121 1221 2190 1289 τῇ
2225 1219 2304 1279 είς
2335 1218 2418 1286 τὸ,
2452 1217 2626 1287 Κάγὼ
2659 1216 2941 1286 ἐρωτήσω
2966 1215 3072 1268 τὸν
3105 1215 3358 1282 Πατέρα,
3391 1213 3487 1265 καὶ
3513 1211 3707 1266 ἄλλον

2125 1310 2544 1380 Παράκληων,
2573 1311 2728 1380 φησί·
2752 1328 2771 1360 ι
2799 1310 2921 1362 Τῶν
2949 1309 3058 1377 γὰρ
3081 1308 3174 1361 τοῦ
3199 1307 3334 1360 Θεοῦ
3358 1305 3454 1359 καὶ
3491 1304 3704 1374 Πατρὶς

2122 1405 2374 1474 φυσικῶν
2410 1402 2632 1471 ἀγαθῶν
2681 1401 2958 1463 οὐσιωδῶς
2991 1401 3255 1469 ὑπάρχων
3287 1399 3316 1450 6
3349 1398 3478 1460 Υίὺς
3512 1415 3704 1450 κοινωο

2121 1497 2230 1559 νὸς,
2263 1496 2375 1564 ἔχει
2408 1497 2468 1548 τδ
2520 1493 2748 1561 Πνεῦμα
2798 1493 2942 1546 κατὰ
2971 1491 3166 1546 τοῦτον
3205 1492 3296 1545 τὸν
3331 1490 3535 1560 τρόπον
3580 1489 3702 1542 καθ’

2121 1589 2291 1658 ὅνπερ
2319 1587 2386 1640 ἂν
2412 1589 2584 1641 νοοῖτο
2626 1588 2721 1640 καὶ
2749 1587 2777 1639 6
2823 1587 3035 1655 Πατήρ.
3083 1605 3100 1638 ι
3140 1580 3274 1639 Εἶτα
3309 1585 3404 1638 καὶ
3453 1584 3544 1637 τὶν
3575 1582 3699 1652 τρόο

2124 1697 2225 1733 πον
2261 1679 2541 1747 ὲκφαίνων
2597 1679 2688 1732 διά
2737 1696 2799 1730 τε
2845 1677 3296 1746 παραδείγματος
3351 1674 3700 1745 ἀνθρωπίνου

2123 1772 2218 1824 καὶ
2270 1771 2500 1840 σημείου
2559 1769 2902 1824 οἰκειοτάτου
2962 1768 3039 1835 τῷ
3089 1767 3423 1837 πράγματι,
3488 1765 3654 1835 φησίν
3685 1781 3700 1795 ·

444 1861 732 1916 eorporee,
787 1851 902 1918 pari
949 1851 1114 1906 modo
1142 1867 1208 1907 ex
1237 1853 1422 1908 divina
1454 1831 1719 1918 essentia.
1757 1831 2017 1913 ut'Deutn

2127 1882 2148 1913 ι
2200 1831 2358 1916 Ἀλλΐ
2391 1861 2582 1931 ῶσπερ
2627 1862 2786 1932 ἡμῶν
2822 1831 3060 1924 ἕκαστος
3113 1831 3175 1913 τὸ
3220 1831 3362 1913 Ἵίδιον
3422 1831 3704 1924 ἐν’έαυτῷ

444 1939 619 2004 decet,
682 1941 1026 2006 effunditur,
1077 1944 1175 2013 qui
1231 1960 1298 1999 ex
1345 1945 1462 2016 ipsa
1503 1959 1610 2005 est.
1656 1968 1676 2002 ι
1713 1949 1834 2005 Jam
1872 1953 2019 2007 enim

444 2031 580 2085 satis
637 2042 891 2100 patenter
941 2043 996 2089 et
1043 2036 1270 2091 modum
1320 2039 1570 2107 tradidit,
1598 2057 1710 2112 quo
1746 2041 2016 2112 Spiritum

445 2123 620 2181 Filius
675 2125 887 2182 habet:
923 2142 1033 2183 non
1087 2129 1197 2185 alio
1237 2130 1470 2196 scilicet,
1520 2148 1684 2203 quam
1722 2151 1828 2203 quo
1864 2135 2015 2190 illum

441 2215 603 2271 Pater
630 2217 795 2272 habet
818 2257 832 2273 .
866 2218 973 2274 Sed
1006 2219 1096 2276 hic
1121 2221 1343 2291 quidem
1375 2238 1486 2278 non
1527 2239 1557 2278 a
1598 2225 1808 2295 seipse,
1859 2227 1953 2282 sed
1989 2243 2019 2280 a

440 2307 639 2375 Patre,
673 2309 836 2365 Pater
869 2320 1054 2368 autem
1080 2329 1188 2368 non
1216 2314 1286 2369 ab
1321 2314 1430 2369 alio
1451 2355 1467 2380 ,
1505 2317 1600 2371 sed
1630 2333 1660 2371 a
1691 2318 1895 2386 seipso.
1924 2318 2019 2374 llis

444 2399 753 2455 conformia
782 2409 1011 2460 sanctus
1042 2420 1269 2475 quoque
1297 2405 1646 2474 Augustinus
1665 2408 1799 2462 dicit
1825 2423 2020 2464 secun-

441 2492 515 2547 do
565 2491 634 2548 de
693 2491 963 2550 Triuitate
1015 2497 1198 2561 libro,
1259 2499 1440 2568 capite
1499 2509 1697 2555 octavo
1754 2503 1860 2565 (est
1894 2501 2017 2556 libri

442 2600 493 2637 tv
519 2599 642 2653 cap.
676 2583 768 2656 ‘20)
794 2605 810 2642 :
843 2608 871 2635 ιι
903 2585 1014 2641 Nec
1035 2604 1333 2658 possumus
1363 2591 1573 2655 dicere,
1603 2594 1746 2661 quod
1779 2591 2018 2660 Spiritus

439 2685 668 2731 sanctus
697 2685 754 2732 et
783 2691 812 2732 a
839 2676 982 2735 Filio
1028 2696 1137 2736 non
1177 2682 1459 2750 procedat.
1495 2680 1681 2748 Neque
1721 2683 1871 2738 enim
1903 2685 2016 2738 fru-

441 2779 557 2822 stra
591 2768 733 2824 idem
769 2769 1015 2839 Spiritus
1058 2781 1114 2828 et
1147 2773 1326 2829 Patris
1360 2782 1414 2827 et
1442 2773 1563 2828 Filii
1599 2773 1841 2844 Spiritus
1882 2777 2016 2829 dici—

439 2873 553 2915 tur.
574 2860 684 2916 Nec
716 2863 896 2929 video,
918 2865 1064 2932 quod
1092 2864 1238 2919 aliud
1269 2865 1582 2934 signiﬁcare
1605 2865 1859 2930 voluerit,
1887 2880 2014 2920 cum

442 2953 670 3008 sufﬂans
708 2953 765 3007 iu
815 2953 1010 3009 faciem
1043 2955 1449 3024 discipulorum
1479 2956 1555 3009 ait
1585 2973 1600 3009 :
1632 2957 1866 3024 Accipite
1899 2954 2017 3025 Spio

440 3045 604 3096 ritum
637 3054 906 3102 sanctum.
939 3043 1125 3114 Neque
1167 3047 1314 3101 enim
1350 3045 1566 3102 ematus
1599 3047 1694 3102 ille
1719 3061 2017 3116 corporeus

441 3151 566 3189 cum
597 3152 762 3191 sensu
793 3139 1157 3206 corporaliter
1184 3139 1441 3208 tangendi
1467 3139 1770 3209 procedens
1799 3155 1861 3194 ex
1894 3153 2017 3193 cor-

444 3245 574 3296 pore
596 3228 906 3284 substantia
925 3228 1168 3300 Spiritus
1186 3231 1363 3286 sanrti
1390 3233 1498 3286 fuit
1516 3248 1532 3298 ;
1551 3231 1646 3286 sed
1669 3233 2015 3286 demonstra-

443 3322 518 3375 Iio
585 3337 680 3391 per
721 3336 1023 3391 congruam
1081 3325 1566 3394 significationem,
1603 3338 1710 3378 nou
1745 3331 1954 3377 tantum
1985 3337 2015 3376 a

440 3411 620 3477 Patre,
652 3414 748 3469 sed
772 3425 872 3469 eta
903 3414 1041 3469 Filio
1063 3415 1358 3484 procedere
1385 3413 1650 3484 Spiritum
1675 3423 1950 3468 sanctum.
1994 3432 2014 3465 ι

2125 1953 2343 2024 πνεῦμα
2373 1951 2613 2022 συνέχει,
2652 1952 2751 2005 καὶ
2795 1953 2859 2006 ἐκ
2908 1951 3016 2004 τῶν
3047 1949 3344 2002 ὲνδοτάτων
3376 1946 3703 2014 σπλάγχνων

2123 2048 2207 2106 είς
2236 2045 2296 2099 τὸ
2330 2044 2434 2108 ἔξω
2467 2043 2716 2115 προχέει.
2750 2042 2851 2096 Διὰ
2889 2043 2999 2114 γάρ
3033 2059 3118 2095 τοι
3141 2040 3301 2094 τοῦτο
3327 2039 3427 2094 καὶ
3461 2053 3702 2106 σωματιι

2125 2136 2239 2200 κῶς
2274 2136 2406 2190 αὐτὸ
2435 2136 2774 2205 ἐνεφύσησεν
2809 2136 2837 2188 6
2883 2133 3154 2204 Χριστὸς,
3193 2132 3438 2194 δεικνὺς,
3465 2129 3550 2182 ὅτι
3597 2144 3700 2179 κα-

2125 2227 2304 2296 θάπερ
2355 2226 2419 2277 ὲκ
2466 2223 2560 2278 τοῦ
2615 2225 2884 2294 στόματος
2928 2221 3026 2276 τοῦ
3080 2219 3428 2290 ἀνθρωπείου
3481 2218 3702 2288 πρόεισι

2127 2320 2190 2371 τὸ
2227 2317 2444 2388 πνεῦμα
2491 2316 2844 2386 σωματικῶς,
2880 2314 3024 2368 οὕτω
3051 2315 3146 2368 καὶ
3177 2315 3240 2366 ὲκ
3273 2313 3372 2383 τῆς
3403 2311 3556 2371 θείας
3600 2309 3698 2361 οὐ·

2123 2411 2244 2474 σίας
2270 2409 2594 2480 θεοπρεπῶς
2623 2411 2912 2478 προχεῖται
2942 2407 3002 2460 τὸ
3032 2406 3092 2470 ἐξ
3116 2405 3307 2473 αὐτῆς.
3351 2421 3370 2454 ι
3420 2403 3560 2471 Ἤδη
3592 2400 3700 2468 γὰρ

2123 2501 2314 2569 σαφῶς
2343 2502 2440 2554 καὶ
2477 2500 2574 2553 τὸν
2608 2500 2810 2570 τρόπον
2843 2498 3123 2564 ἀπέδωκε,
3165 2495 3286 2550 καθ’
3322 2495 3383 2548 ὃν
3421 2493 3482 2546 τδ
3529 2491 3701 2545 Πνεῦ-

2125 2611 2202 2663 μα
2255 2593 2368 2663 ἔχει
2396 2593 2423 2646 6
2462 2591 2611 2656 Υἱὸς,
2659 2591 2761 2644 οὐκ
2787 2589 2948 2645 ἄλλον
2988 2587 3238 2660 δηλονότι
3280 2585 3314 2656 ἦ
3348 2584 3474 2638 καθ’
3500 2583 3558 2636 ὃν
3585 2581 3699 2649 ἔχει

2119 2689 2280 2739 τοῦτο
2319 2685 2348 2737 6
2385 2686 2594 2754 Πατήρ.
2641 2682 2786 2739 Ἀλλ’
2818 2686 2846 2738 6
2895 2683 2994 2753 μὲν
3033 2683 3133 2736 οὐκ
3179 2681 3274 2749 ἀφ’
3318 2675 3538 2743 ἑαυτοῦ,
3583 2675 3700 2728 ἀλλ’

2120 2777 2184 2829 ὲκ
2238 2773 2333 2829 τοῦ
2385 2777 2599 2844 Πατρός
2624 2793 2636 2806 ·
2674 2777 2702 2828 6
2748 2776 2803 2828 δὲ
2840 2775 3030 2846 Πατὴρ
3082 2775 3143 2828 οὐ
3192 2772 3324 2842 παρ’
3359 2770 3545 2834 άλλου,
3579 2768 3698 2820 ἀλλ’

2121 2868 2218 2937 ἀφ’
2247 2868 2471 2924 ἑαυτοῦ.
2499 2869 2722 2938 Συνῳδὰ
2754 2868 2931 2939 τούτῳ
2963 2868 3060 2922 καὶ
3095 2868 3123 2920 ό
3151 2867 3294 2928 θεῖος
3333 2862 3698 2930 Αὐγουστῖνος

2123 2961 2427 3031 φθέγγεται
2472 2963 2529 3013 ὲν
2583 2961 2660 3032 τῷ
2707 2960 2840 3032 περὶ
2870 2961 3105 3031 Τριὰδος
3148 2957 3340 3030 βιδλίῳ
3373 2957 3612 3024 δευτέρῳ
3642 2956 3698 3004 ἐν

2121 3053 2407 3120 κεφαλαίῳ
2448 3051 2641 3122 ὀγδόῳ,
2696 3053 2922 3120 φάσκων
2949 3068 2964 3083 ο
2999 3070 3022 3099 ι
3059 3050 3138 3107 Οὐ
3186 3049 3372 3120 μέντοι
3416 3044 3698 3114 δυνάμεθα

2120 3142 2325 3210 λέγειν,
2349 3145 2432 3198 ὄτι
2479 3145 2542 3197 τὸ
2605 3145 2832 3213 Πνεῦμα
2885 3144 2947 3198 τὸ
2997 3144 3157 3214 ἆγιον
3204 3141 3327 3211 οὐχὶ
3379 3138 3475 3193 καὶ
3507 3140 3572 3192 ὲκ
3599 3133 3694 3188 τοῦ

2123 3235 2256 3290 Υἱοῦ
2286 3237 2668 3309 ἐκπορεύεται.
2701 3237 2837 3292 Οὐδὲ
2891 3237 2998 3307 γὰρ
3030 3235 3206 3306 μάτην
3237 3233 3371 3288 αὐτὸ
3413 3231 3475 3284 τὸ
3522 3227 3700 3281 Πνεῦ-

2129 3345 2207 3397 μα
2242 3328 2459 3399 Πατρδς
2493 3330 2589 3383 καὶ
2618 3328 2751 3384 Υίοῦ
2795 3329 3036 3397 λέγεται.
3071 3325 3212 3381 Οὔτε
3243 3323 3350 3394 μὴν
3383 3319 3700 3390 συνορῶμεν

2128 3417 2182 3470 τί
2213 3436 2343 3473 ποτε
2373 3421 2560 3492 ἕτερον
2595 3423 2844 3490 σημᾶναι
2871 3419 3155 3490 ἠϐούλετο,
3195 3416 3358 3486 ἡνίκα
3377 3411 3698 3482 ἐμφυσήσεις

439 3505 520 3569 είς
572 3507 631 3559 τὸ
677 3507 970 3576 πρόσωπον
1019 3508 1126 3560 τῶν
1185 3507 1447 3577 μαθητῶν
1478 3546 1495 3571 ,
1555 3507 1702 3559 εἴπεο
1757 3506 1984 3560 Λάϐετε
2053 3509 2306 3580 Πνεῦμα
2363 3512 2560 3583 ἅγιον.
2629 3514 2768 3570 Οὐδὲ
2826 3514 2937 3583 γάρ
3010 3511 3073 3565 τὸ
3134 3507 3446 3578 σωματικὸν
3523 3506 3700 3558 ἐκεῖνο

439 3599 752 3671 ἐμφύσημα
805 3601 1163 3669 συναισθήσει
1241 3599 1335 3652 τοῦ
1390 3597 1726 3668 σωματικῶς
1768 3597 2052 3665 θιγγάνειν
2095 3602 2287 3668 προϊὸν
2355 3604 2419 3656 ἐκ
2448 3603 2540 3658 τοῦ
2589 3605 2863 3674 στόματος
2896 3603 2930 3672 ἡ
2960 3602 3116 3655 οὐσία
3137 3597 3230 3653 τοῦ
3264 3596 3420 3664 ἁγίου
3451 3593 3702 3660 Πνεύμαο

438 3712 530 3758 τος
567 3690 656 3764 ἦν.
688 3693 808 3748 ἀλλ’
835 3692 1066 3758 ἔνδειξις
1104 3691 1193 3745 διὰ
1222 3692 1563 3764 καταλλῆλου
1595 3690 1908 3762 δηλώσεως,
1947 3689 2022 3761 μὴ
2065 3692 2230 3760 μόνον
2281 3697 2345 3748 ὲκ
2397 3695 2490 3750 τοῦ
2544 3697 2781 3767 Πατρός,
2815 3695 2951 3750 ἀλλὰ
2990 3693 3085 3747 καὶ
3134 3693 3202 3746 ὲκ
3253 3689 3350 3744 τοῦ
3419 3685 3550 3740 Υἱοῦ
3605 3684 3698 3735 ἑκ-

443 3787 774 3855 πορεύεσθαι
809 3787 870 3839 τὸ
917 3786 1146 3856 Πνεῦμα
1183 3786 1246 3839 τὸ
1277 3787 1456 3855 ἅγιον.
1493 3805 1513 3839 ι

515 3883 608 3936 2-1.
673 3881 739 3936 Et
794 3881 876 3936 sic
931 3895 1053 3946 nos,
1106 3883 1409 3936 orationem
1454 3879 1611 3935 facile
1658 3892 1722 3934 ac
1773 3884 2021 3949 prompte

439 3978 778 4047 digerentes,
822 3974 890 4027 ad
926 3973 1088 4027 tinent
1125 3971 1492 4041 pervenimus,
1531 3968 1773 4026 debitum
1808 3969 2018 4037 persol-

441 4079 650 4129 venles,
675 4074 736 4120 ut
765 4075 926 4121 antea
962 4063 1173 4134 praefati
1202 4079 1417 4129 sumus,
1457 4078 1488 4117 a
1521 4061 1680 4117 nobis
1711 4061 1862 4115 hisce
1892 4075 2019 4129 pro-

446 4156 642 4227 positis
664 4155 1132 4218 demonstrantes,
1153 4159 1469 4207 nostrorum
1489 4165 1804 4206 sermonum
1825 4148 2016 4204 Patres

445 4259 700 4304 auctores
733 4248 934 4303 habere
969 4263 984 4300 :
1019 4255 1074 4301 et
1099 4245 1204 4322 hac
1229 4245 1442 4301 ratione
1480 4260 1582 4299 nos
1613 4245 1666 4298 in
1697 4252 1886 4298 nostro
1917 4255 2014 4308 pa-

442 4353 602 4396 terno
623 4340 877 4410 dogmate
899 4352 1270 4408 perseverare,
1297 4337 1461 4391 sicuti
1483 4350 1571 4400 ea,
1601 4350 1723 4404 quae
1753 4333 2015 4399 diximus,

2199 3874 2309 3930 κα’.
2342 3874 2532 3930 Ταῦτα
2587 3875 2689 3945 μὲν
2751 3871 2845 3929 οὖν
2881 3874 2958 3937 ὡς
3012 3874 3071 3926 ἐν
3113 3872 3392 3943 προχείρῳ
3421 3869 3700 3937 τὸνλόγον

2128 3970 2445 4041 βουλόμενοι
2503 3971 2768 4035 ποιῆσαι,
2821 3967 2922 4039 ἤδη
2969 3966 3067 4020 καὶ
3125 3967 3512 4034 πεποιήκαμεν
3563 3965 3697 4031 ἀφο-

2127 4061 2372 4125 σιοῦντες
2398 4063 2459 4116 τὸ
2485 4063 2670 4134 χρέος,
2731 4061 2808 4124 ὡς
2840 4061 2938 4115 καὶ
2971 4059 3274 4128 φθάσαντες
3323 4058 3554 4125 ἔφημεν,
3585 4057 3696 4108 δει-

2125 4153 2351 4215 κνύντες
2385 4151 2476 4205 διὰ
2518 4152 2628 4204 τῶν
2661 4149 2991 4220 εἰρημένων,
3021 4149 3095 4208 ὡς
3135 4148 3259 4211 τοὺς
3285 4147 3535 4214 Πατέρας
3568 4145 3700 4214 ἠγε-

2131 4245 2299 4314 μόνας
2337 4244 2445 4296 τῶν
2478 4243 2766 4312 ἡμετέρων
2803 4241 2978 4309 λόγων
3023 4241 3242 4310 ἔχομεν,
3278 4238 3371 4290 καὶ
3421 4236 3595 4298 οὕτως
3639 4235 3698 4286 ὲν

2128 4336 2206 4407 τῷ
2264 4337 2516 4406 ἡμετέρῳ
2563 4333 2642 4404 τῷ
2697 4335 2912 4405 πατρίῳ
2964 4333 3284 4403 ἐμμένομεν
3320 4331 3589 4400 δόγματι,
3622 4329 3698 4391 ὼς

443 4432 622 4501 palam
646 4431 855 4484 faciunt
885 4448 900 4483 :
927 4439 981 4484 et
1001 4427 1138 4482 nihil
1171 4429 1298 4482 novi
1326 4429 1379 4481 in
1411 4437 1658 4483 sanctam
1681 4427 1885 4482 Christi
1915 4425 2018 4481 Ec-

2127 4427 2458 4494 διασαφοῦσι
2515 4427 2662 4497 μάλα
2710 4427 2930 4497 τρανῶς
2974 4427 3042 4479 τὰ
3080 4425 3372 4494 εἰρημένα.
3405 4425 3517 4476 Καὶ
3547 4421 3698 4475 οὐδὲν

446 4525 673 4579 elesiam
708 4537 817 4589 prae
847 4523 933 4575 bis
953 4537 1074 4589 qua:
1098 4537 1129 4575 a
1153 4521 1365 4576 sanctis
1385 4522 1595 4575 nostris
1615 4519 1893 4583 Patribus,
1917 4534 2016 4574 nec

2127 4521 2319 4574 καινὸν
2349 4521 2646 4592 είσήξαμεν
2701 4521 2785 4582 είς
2833 4519 2934 4588 τὴν
2972 4517 3068 4571 τοῦ
3101 4515 3339 4587 Χριστοῦ
3371 4515 3534 4582 ἁγίαν
3577 4513 3700 4566 Ἐκ-

450 4629 559 4668 non
587 4611 910 4667 doctoribus
941 4623 994 4665 et
1043 4609 1312 4678 theologis
1337 4608 1643 4663 constituta
1681 4618 1810 4663 sunt
1841 4609 2018 4662 intro-

2124 4613 2357 4684 κλησίαν
2403 4612 2560 4681 παρὰ
2604 4611 2673 4664 τὰ
2723 4610 3022 4679 δεδογμένα
3047 4611 3161 4670 τοῖς
3195 4607 3374 4676 ἁγίοις
3398 4606 3558 4675 ἡμῶν
3588 4607 3696 4658 [ια-

445 4705 688 4760 duxisse.
713 4701 870 4767 Quod
892 4700 940 4754 si
964 4715 1027 4754 ea
1053 4699 1326 4769 majestati
1351 4708 1457 4754 tua:
1485 4698 1619 4754 satis
1636 4714 1744 4754 non
1771 4698 2017 4762 sunt,svd

448 4812 513 4851 ea
543 4793 796 4866 pluribus
835 4808 1056 4862 quoque
1094 4790 1662 4847 demonstrationibus
1694 4789 2014 4845 confirmari

444 4886 753 4949 desideras,
784 4886 1102 4947 dummodo,
1155 4884 1299 4954 quod
1332 4882 1650 4939 scandalum
1687 4881 1883 4950 injicit,
1933 4883 2015 4936 iu-

445 4989 716 5040 nOtescat,
748 4977 1024 5033 similibus
1059 4985 1379 5033 sanctorum
1432 4975 1762 5030 testimoniis
1784 4975 2024 5044 explica-

444 5073 648 5129 bimus.
685 5069 804 5125 Non
825 5071 971 5126 enim
1000 5084 1290 5140 possumus
1326 5070 1532 5132 oumia,
1570 5084 1690 5136 qua!
1717 5067 2022 5122 afferuntur

444 5166 502 5219 in
533 5166 637 5218 hoc
667 5171 1018 5233 argumento,
1042 5162 1208 5215 unico
1233 5169 1443 5214 tantum
1479 5159 1754 5229 colloquio
1802 5159 2024 5228 expedi-

447 5273 505 5312 re
534 5263 759 5326 propter
783 5256 1110 5320 satietatem,
1139 5271 1258 5322 qua:
1287 5253 1516 5308 auribus
1534 5255 1876 5316 adversatur,
1896 5254 2024 5307 licet

455 5359 617 5413 quam
654 5343 890 5398 maxime
919 5343 1081 5412 digna
1139 5344 1212 5398 sit
1262 5343 1667 5405 admiratione,
1723 5342 2023 5412 graliisque

453 5435 716 5490 abundet.
769 5433 1074 5490 Conscrw-t
1108 5433 1372 5489 Dominus
1402 5433 1738 5502 majestatem
1771 5443 1918 5487 tuam
1957 5432 2023 5488 ad

451 5529 656 5582 multos
699 5541 875 5581 annos
905 5541 1030 5580 cum
1057 5529 1295 5579 sanitate
1337 5525 1549 5594 integra
1580 5532 1636 5579 et
1679 5524 2022 5594 incorrupta,

454 5617 700 5684 acceptis
723 5613 950 5669 Numini
983 5614 1240 5682 precibus
1262 5621 1604 5678 sanctorum,
1636 5615 1732 5682 qui
1773 5615 1874 5666 ista
1917 5625 2027 5667 tra-

455 5707 713 5760 diderunt
750 5710 815 5762 ad
863 5709 1132 5777 ingentem
1186 5715 1430 5762 nostram
1483 5706 1726 5766 lmiitiam
1775 5717 1825 5761 ct
1875 5709 2023 5761 \ulu-

459 5805 687 5868 ptatem.

2123 4704 2289 4775 τράσι
2320 4703 2418 4758 καὶ
2459 4699 2806 4765 διδασκάλοις
2866 4701 2960 4755 καί¹
3021 4699 3321 4768 θεολόγοις.
3386 4699 3447 4751 Εἰ
3498 4699 3555 4751 δὲ
3599 4698 3698 4750 οὐκ

2126 4799 2380 4869 ἀρκεῖται
2409 4799 2441 4865 ἡ
2476 4798 2543 4863 σὴ
2575 4795 2830 4865 βασιλεία
2864 4795 2922 4847 ἐν
2947 4794 3184 4856 τούτοις,
3224 4791 3363 4845 ἀλλὰ
3389 4792 3487 4845 καὶ
3517 4791 3700 4843 πλείο-

2126 4907 2211 4943 σιν
2234 4888 2547 4954 ἀποδείξεσι
2593 4887 2805 4957 βούλει,
2853 4888 2903 4940 si
2959 4887 3122 4953 μόνον
3169 4884 3390 4954 γνῶμεν
3432 4883 3494 4936 τὺ
3534 4899 3698 4936 σκαν-

2121 4981 2365 5044 δαλίζον,
2426 4979 2494 5032 δι’
2542 4981 2747 5050 ὁμοίων
2809 4978 3130 5050 μαρτυριῶν
3169 4978 3350 5045 ἁγίων
3399 4978 3489 5029 καὶ
3517 4974 3696 5028 ταῦτα

2123 5073 2569 5142 διασαφὴσομεν.
2607 5071 2748 5126 Οὐδὲ
2792 5071 2902 5141 γὰρ
2954 5067 3235 5138 δυνάμεθα
3291 5067 3453 5120 πάνθ’
3481 5067 3580 5119 ὅσα
3610 5065 3699 5118 λέ-

2126 5181 2315 5231 γουσιν
2354 5164 2412 5214 ἐν
2462 5162 2636 5233 ταύτῃ
2674 5165 2740 5231 τῇ
2775 5162 3034 5214 ὑποθέσει
3059 5161 3237 5214 εἰπεῖν
3275 5162 3333 5212 ὲν
3381 5161 3484 5230 μιᾷ
3513 5159 3702 5228 ὁμιλίᾳ

2124 5257 2213 5308 διὰ
2239 5257 2335 5308 τὸν
2367 5254 2552 5324 κόρον,
2590 5254 2648 5318 ὃς
2680 5255 2944 5326 πολέμιος
2999 5253 3240 5322 ὑπάρχει
3287 5255 3409 5316 ταῖς
3470 5253 3698 5314 ἀκοαῖς.

2130 5346 2234 5400 κᾶν
2269 5346 2411 5399 πάνυ
2447 5345 2892 5416 ἀξιοθαύμαστος
2932 5345 3027 5397 καὶ
3069 5345 3292 5413 χάριτος
3334 5344 3544 5412 γέμων.
3577 5346 3701 5395 Δια-

2131 5436 2360 5505 φυλάξοι
2389 5437 2445 5490 δὲ
2484 5437 2583 5508 τὴν
2617 5438 2716 5508 σὴν
2749 5436 3032 5506 βασιλείαν
3063 5436 3090 5489 6
3123 5436 3326 5506 Κύριος
3361 5437 3418 5488 ὲν
3449 5434 3701 5489 πολυετεῖ

2127 5530 2244 5599 ζωῇ
2279 5531 2376 5582 σὺν
2405 5530 2564 5598 ὑγεία
2598 5530 2849 5598 σταθηρᾷ
2898 5526 3330 5596 εὐπροσδέκτοις
3377 5527 3564 5596 εὐχαῖς
3591 5523 3699 5575 τῶν

2129 5613 2299 5668 ταῦτα
2344 5616 2788 5689 θεολογηοάντων
2831 5617 3006 5686 ἁγίων
3057 5618 3139 5680 είς
3192 5617 3398 5686 πολλὴν
3434 5615 3700 5686 εὐφροσύ-

2129 5726 2224 5778 νην
2271 5707 2446 5778 ἡμῶν.
