4102 6428
429 391 3678 434 W
482 422 1291 434 _______._..___—.__.._
1296 420 2047 429 _._..._.....__...__..._._._..._

398 434 399 437 η
429 420 1979 439 --ῄ--ῇ--ο-*ᾟ-ῇν-ς-η
1991 421 2047 428 .—

785 695 1883 877 GEORGIUS
1950 695 3329 879 SCHOLARIUS

1667 1104 1810 1157 SEU,
1849 1103 2112 1147 MUTATO
2164 1101 2438 1157 NOMINE,

1188 1381 2920 1589 GENNADIUS

644 1819 2485 1938 CONSTANTINOPOLITANUS
2565 1821 3483 1938 PATRIARCHA

1342 2563 1462 2623 DE
1501 2563 1925 2626 GENNADII
1976 2564 2157 2624 l'lT.-l
2216 2564 2337 2623 ET
2374 2560 2763 2624 SCRIPTIS

1063 2842 1785 3025 EUSBBII
1860 2837 3040 2952 BENAUDOTII

1796 3145 2330 3207 DISSERTATIO

918 3381 1159 3443 (Parisiis,
1202 3394 1278 3443 ap.
1336 3376 1617 3430 Gabrielem
1671 3377 1867 3439 Martio,
1924 3376 2000 3426 via
2048 3366 2271 3428 Jacobzea
2331 3377 2394 3425 ad
2439 3377 2640 3441 insigne
2688 3378 2882 3439 Stella,
2938 3378 3058 3427 1709
3102 3378 3155 3426 4⁸

502 3620 765 3677 Gennadii
820 3618 1102 3673 homiliam
1156 3618 1221 3674 de
1280 3615 1533 3686 corporis
1603 3608 2323 3684 sanguiiiisquchladem
2378 3611 3056 3683 Conslantinopolitanam
3114 3614 3431 3682 patriarcha
3481 3630 3679 3672 renun-

430 3716 629 3771 Christi
658 3723 1004 3770 sacramento
1028 3711 1299 3766 celebrem
1334 3707 1479 3779 apud
1511 3706 1755 3769 Graecos,
1782 3703 2005 3757 rarissi-

431 3822 574 3860 mam
604 3816 803 3870 tamen,
835 3818 936 3858 nec
961 3802 1106 3872 apud
1134 3816 1235 3856 nos
1261 3799 1452 3855 Graaec
1474 3810 1568 3853 aut
1591 3796 1781 3851 Latine
1808 3796 2003 3859 visam,

431 3898 773 3964 exhibemus,
796 3895 1112 3952 Christiane
1137 3894 1355 3958 Lector,
1380 3908 1445 3948 ex
1468 3892 1657 3947 codice
1686 3886 2004 3945 monasterii

435 3989 763 4044 Brundusini
787 4029 802 4054 ,
834 3988 1128 4043 cltartacco
1156 3985 1379 4055 optimae
1415 3994 1590 4047 notze,
1623 3983 1716 4052 qui
1748 3993 1875 4036 ante
1909 3997 2009 4035 an-

433 4101 534 4140 nos
567 4085 756 4141 saltem
792 4090 1012 4137 centum
1045 4080 1443 4150 quinquaginta
1487 4078 1728 4143 scriptus
1771 4084 1875 4135 est.
1908 4091 2007 4145 pe-

434 4179 538 4233 rita
567 4193 751 4231 manu.
774 4175 1093 4232 Gennadius
1117 4173 1164 4228 is
1195 4181 1301 4235 est.
1328 4172 1420 4241 qui
1442 4171 1587 4226 circa
1620 4185 1823 4224 annum
1847 4169 2007 4233 1455,

434 4284 543 4340 quo
571 4280 725 4342 capta
765 4279 841 4327 est
872 4265 1394 4336 Constantinopolis,
1421 4264 1651 4334 jubente
1686 4261 2009 4317 Mnhamede

436 4364 736 4420 Turearum
785 4364 1155 4433 imperatore,
1196 4375 1226 4413 a
1282 4359 1487 4415 Graecis
1538 4372 1694 4412 more
1740 4356 2006 4426 majorum

435 4457 641 4512 electus
685 4464 767 4509 est
808 4454 1145 4521 patriarcha.
1182 4450 1243 4507 In
1290 4450 1482 4506 eodem
1525 4449 1714 4503 codice
1749 4447 2010 4516 leguntur

436 4549 626 4604 Oratio
674 4548 923 4604 funebris
971 4548 1249 4616 despmna:
1288 4544 1479 4598 matris
1511 4541 1863 4598 Constantini
1909 4541 2010 4593 im-

438 4641 701 4708 peratoris
728 4656 744 4705 ;
783 4640 890 4693 alia
922 4639 975 4692 in
1004 4638 1202 4691 funere
1235 4634 1501 4702 Sophiani
1546 4632 1725 4695 dicta;
1760 4630 2010 4685 Homilize

437 4733 491 4787 in
524 4721 934 4787 derollationem
988 4727 1218 4782 Joannis
1260 4726 1535 4793 Baptistae,
1590 4723 1643 4778 in
1690 4723 2007 4776 Transitum

438 4826 497 4879 Β.
535 4826 714 4879 Mariae
748 4822 1008 4892 Virginis,
1049 4820 1104 4874 in
1146 4818 1502 4873 Nativitatem
1538 4815 1774 4881 Domini,
1802 4813 1869 4868 de
1910 4813 2012 4867 Pu-

441 4915 649 4972 h’lEcauo
700 4924 756 4970 et
804 4915 1120 4978 Pharisaeo;
1151 4912 1302 4981 Opus
1349 4913 1415 4965 de
1462 4919 1706 4980 tempore
1744 4915 1799 4961 et
1846 4904 2011 4959 modo

438 5010 772 5065 exsistentiae
816 5007 1123 5061 animarum
1184 5002 1556 5065 rationalium,
1599 5006 1655 5053 et
1694 4996 1798 5051 alia
1861 4992 2011 5065 Opu-

438 5101 609 5169 scula,
642 5116 764 5172 qua:
796 5099 851 5153 in
885 5097 1052 5154 variis
1097 5096 1408 5168 praesertim
1442 5092 1793 5148 bibliothecae
1827 5087 2012 5158 Regia:

437 5178 718 5249 codicibus
767 5190 1037 5247 Gennadii
1086 5203 1287 5244 nomen
1350 5201 1464 5257 pra:
1513 5200 1573 5242 se
1640 5183 1847 5248 ferunt,
1887 5196 2013 5235 cer-

440 5286 775 5356 tissimisque
797 5282 1137 5354 argumentis
1160 5282 1341 5338 cidem
1375 5277 1592 5334 auctori
1638 5274 2010 5331 vindicantur.

440 5380 546 5433 Sed
579 5394 705 5433 cum
753 5378 806 5433 in
853 5377 979 5431 aliis
1028 5373 1309 5445 opusculis
1349 5370 1653 5426 auctoritas
1703 5368 1819 5423 sola
1859 5366 2011 5421 codi-

440 5490 562 5529 cum
602 5488 736 5527 mss.
761 5481 818 5526 et
849 5471 1055 5540 aliquot
1081 5468 1321 5522 rationes
1348 5480 1455 5520 non
1490 5461 1906 5529 contemnendae
1947 5460 2014 5512 ti-

444 5565 587 5622 tulos
630 5564 996 5641 confirment,
1044 5560 1319 5630 Eapositio
1375 5555 1646 5625 religionis
1689 5552 2011 5609 Christiana:

443 5672 625 5714 coram
657 5657 963 5711 Turcarnm
998 5656 1331 5725 imperatore
1365 5650 1531 5713 facta,
1570 5647 1866 5701 maximum
1900 5660 2020 5697 om-

446 5752 575 5807 nino
620 5749 835 5822 pondus
869 5748 1048 5804 habet.
1104 5746 1240 5801 Eum
1287 5743 1435 5799 enim,
1472 5741 1564 5813 qui
1615 5740 1825 5811 primus
1885 5750 2007 5810 post

2112 3701 2281 3755 tiatus
2322 3709 2427 3765 est,
2466 3710 2754 3756 auctorem
2812 3702 2974 3770 hujus
3013 3712 3214 3758 nostra:
3243 3702 3525 3760 Orationis
3570 3706 3692 3762 sive

2110 3793 2362 3849 Homiliae
2403 3801 2515 3848 tam
2567 3795 2862 3866 perspicue
2915 3796 3189 3866 designat,
3236 3806 3294 3851 nt
3322 3797 3577 3853 dubitare
3621 3814 3693 3853 ne

2108 3887 2213 3957 ipsi
2243 3887 2462 3958 quidem
2498 3887 2717 3957 possint
2749 3886 2843 3955 qui
2888 3886 3028 3943 duos
3060 3887 3377 3944 Gennadius
3409 3890 3690 3959 excogita-

2110 3990 2331 4035 verunt.
2359 3978 2475 4034 Non
2508 3994 2604 4035 eos
2630 3994 2986 4044 accusamus,
3011 3982 3103 4050 qui
3137 3983 3400 4048 opuscula
3438 3984 3686 4052 quaedam

2110 4072 2381 4129 Gennadii
2411 4071 2704 4127 ediderunt
2733 4072 3005 4141 superiori
3041 4075 3263 4139 sarculo,
3295 4075 3376 4128 vel
3408 4075 3460 4128 in
3487 4074 3688 4129 Biblio~

2113 4169 2318 4221 thecam
2356 4165 2580 4219 Patrum
2615 4165 3050 4230 transtulerunt;
3099 4166 3203 4233 piis
3234 4167 3378 4220 enim
3425 4167 3557 4220 viris
3593 4183 3690 4221 nec

2110 4251 2369 4316 indoctis,
2400 4252 2494 4307 scd
2528 4253 2579 4305 in
2605 4253 2794 4306 critica
2820 4254 3111 4307 recentiori
3139 4255 3464 4323 peregrinis,
3494 4256 3691 4310 licebat

2111 4342 2479 4405 Genuadium,
2513 4343 2628 4395 sive
2654 4339 2949 4409 Georgium
2991 4342 3337 4397 Scholarium
3380 4361 3488 4398 non
3525 4334 3693 4409 agno-

2111 4448 2288 4493 srere.
2317 4448 2440 4486 cum
2476 4433 2564 4487 vix
2601 4433 2744 4487 ullos
2772 4432 2994 4489 Graecos
3028 4433 3250 4489 codices
3284 4436 3687 4491 tractavissent.

2114 4527 2218 4583 Sed
2256 4527 2512 4582 excusari
2558 4525 2719 4595 plane
2751 4542 2859 4581 non
2908 4537 3138 4595 possunt
3170 4526 3344 4583 Grazci
3390 4529 3519 4591 duo,
3554 4527 3691 4583 Mat-

2110 4621 2287 4675 thmus
2333 4617 2734 4691 Garyophyllus
2782 4620 3237 4690 archiepiscopus
3285 4621 3608 4684 iconiensis,
3642 4631 3696 4677 et

2111 4712 2225 4768 Leo
2257 4713 2491 4768 A-llatius
2530 4713 2876 4785 Corcyrzeus,
2912 4714 3005 4782 qui
3042 4713 3184 4769 hanc
3233 4714 3396 4795 ι)νίηεί
3443 4715 3695 4768 luserunt

2109 4806 2376 4872 fabulam,
2410 4815 2462 4862 et
2514 4807 2567 4861 in
2626 4821 2862 4875 quorum
2913 4806 3247 4860 sententiam
3280 4806 3498 4860 iverunt
3541 4805 3695 4859 theo-

2115 4899 2261 4969 logi,
2309 4908 2507 4968 prmter
2554 4912 2723 4952 unum
2792 4896 3147 4952 liichardum.
3182 4895 3466 4951 Simonem
3518 4897 3694 4949 virum

2117 4993 2520 5057 doctissimum,
2552 4991 2645 5061 qui
2692 5005 2812 5044 eam
2859 4990 3073 5059 primus
3124 4989 3361 5059 explosit
3410 4988 3465 5041 in
3505 4986 3691 5041 Defen-

2116 5085 2274 5140 sione
2305 5082 2596 5139 vernacula
2628 5081 2894 5136 adversus
2934 5079 3203 5135 Thomam
3250 5079 3449 5137 Smith.
3487 5078 3696 5131 theulo-
3764 5104 3771 5110 ο

2114 5190 2243 5247 gum
2291 5173 2690 5227 Oxonieusem.
2736 5170 3016 5239 Agebatur
3058 5167 3127 5222 de
3176 5165 3281 5219 fide
3322 5164 3694 5218 Ecclesiarnm

2116 5269 2428 5325 Graecarum
2463 5265 2610 5320 circa
2643 5261 3001 5317 Eucharistia:
3028 5248 3466 5317 sacramentum,
3502 5254 3567 5308 de
3592 5271 3696 5322 qua

2116 5363 2186 5417 ab
2219 5360 2376 5414 annis
2425 5358 2598 5412 ferme
2643 5354 2840 5423 viginti
2888 5352 3164 5406 acerrime
3213 5348 3357 5401 inter
3384 5346 3700 5399 Catholicos

2118 5462 2174 5510 ct
2216 5453 2595 5509 Protestantcs
2642 5447 3055 5518 disputabatur,
3107 5441 3399 5496 occasione
3448 5437 3699 5507 opusculi

2119 5547 2197 5601 De
2236 5553 2479 5615 perpetuo
2506 5542 2780 5604 utriusque
2830 5537 3080 5590 Ecclesia
3119 5547 3372 5585 consensu
3403 5532 3545 5583 circa
3595 5528 3705 5581 Eu-

2120 5639 2384 5696 rhuristiw
2423 5634 2603 5705 ﬁdem,
2638 5632 2782 5701 quod
2826 5630 2993 5682 multa
3039 5626 3300 5694 deinceps
3334 5622 3609 5679 volumina
3645 5621 3702 5675 in

2118 5746 2418 5800 utramque
2444 5737 2657 5799 partem
2696 5725 2905 5794 scripta
2941 5717 3171 5791 peperit.
