4102 6446
393 388 495 454 2")!

1459 393 1504 452 Ο
1518 388 1842 451 ENNADII
1900 385 2007 449 (ΣΡ.
2055 386 2250 451 PATll
2265 393 2568 455 lARCilA!

3547 373 3651 447 2⁸ιὲ

464 503 675 574 Agebat
739 503 1170 558 Protcstantinm
1221 517 1447 558 causam
1498 503 1579 557 vir
1610 503 1873 562 disertus,
1909 507 1960 551 et
1989 495 2038 551 Α
2064 503 2454 572 stan‘tiatianir,
2480 521 2667 562 vocem
2698 505 2976 576 exprimit.
2999 519 3120 575 quae
3147 503 3199 556 in
3224 501 3654 570 mctaphoricam

394 596 584 650 multis
611 605 822 648 natura:
856 595 1130 664 praesidiis
1158 594 1224 649 ad
1251 594 1498 649 suaviter
1532 593 1809 664 polithue
1837 591 1979 645 seri.

394 689 630 744 bendtnn
681 688 1088 756 paratissimus,
1121 685 1218 742 sed
1261 687 1532 742 doctrinae
1576 683 1894 742 mediocris.
1926 691 1979 736 et

394 782 448 834 itt
481 781 810 850 antiquitate
839 779 1244 844 ecclesiastica,
1284 779 1526 833 maxime
1572 791 1706 831 vero
1746 776 1800 830 in
1831 773 1980 828 Crte-

392 873 493 925 cite
530 872 778 943 barbarae
832 871 1033 926 litteris
1065 869 1389 940 peregrinus
1418 884 1582 939 supra
1629 882 1792 938 quam
1827 865 1977 921 credi

394 975 594 1034 potest.
622 964 930 1019 Accedebat
975 963 1258 1034 negantis,
1311 978 1433 1033 qum
1475 962 1594 1017 luce
1641 961 1812 1030 magis
1861 973 1984 1028 pcr-

400 1057 595 1126 spicua
631 1055 833 1121 forent,
864 1065 1167 1124 sancteque
1205 1055 1274 1110 de
1327 1055 1492 1110 rebus
1527 1063 1622 1108 aut
1660 1049 1980 1107 falsissimis

395 1157 492 1204 aut
523 1149 868 1204 inanissimis
899 1147 1224 1202 aiﬁrmantis
1248 1146 1432 1201 audax
1457 1145 1702 1215 quidem,
1740 1143 1834 1199 sed
1866 1157 1984 1195 tuo-

395 1241 552 1293 desta
592 1249 647 1294 et
684 1237 897 1308 placida
933 1236 1269 1307 impudentia
1293 1274 1310 1300 ,
1341 1251 1462 1306 quae
1505 1235 1780 1289 hominem
1812 1246 1985 1302 popu-

400 1329 571 1382 larem
624 1329 799 1399 magis
834 1329 977 1383 inter
1015 1342 1146 1382 suos
1211 1325 1636 1390 commendavit,
1684 1339 1847 1394 quant
1885 1322 1984 1376 do-

395 1423 597 1485 cn-iua,
652 1421 990 1490 eloquentia,
1043 1421 1294 1476 sincerus
1348 1417 1566 1472 animus
1614 1416 1866 1470 meliores
1915 1430 1983 1470 ex

397 1519 588 1568 eadem
623 1522 772 1568 secta
805 1513 1111 1583 theologos.
1151 1511 1289 1566 Cum
1321 1527 1457 1564 vero
1491 1511 1579 1564 ille
1619 1510 1802 1578 spisso
1827 1507 1984 1560 volu-

344 1615 353 1620 '
400 1606 545 1658 mine
580 1613 752 1658 totum
803 1605 1149 1658 Albertiuum
1206 1603 1556 1672 explicuisset
1588 1641 1601 1661 .
1643 1610 1697 1654 et
1737 1615 1876 1654 nova
1914 1599 1983 1653 de

401 1697 655 1765 prtrsenti
689 1695 1059 1750 Ecclesiarum
1080 1692 1458 1774 Orientalium
1495 1695 1796 1764 praesertim
1829 1691 1981 1746 Cra:-

401 1803 592 1841 carum
627 1788 732 1841 ﬁde
771 1789 1003 1857 quaestio
1035 1788 1430 1842 institueretur
1456 1788 1544 1840 vix
1591 1801 1619 1840 a
1660 1785 1980 1840 Protcstan-
2017 1827 2056 1883 Β

404 1879 550 1932 tibus
579 1878 840 1944 delibata,
888 1879 1108 1948 negavit
1157 1879 1381 1933 Graecos
1429 1879 1656 1932 credere
1698 1893 1880 1930 veram
1929 1877 1981 1929 in

327 2021 334 2027 .
407 1970 758 2026 Eucharistia
811 1971 1061 2040 corporis
1100 1970 1311 2026 Christi
1355 1972 1743 2040 prazsentiam:
1789 1969 1835 2024 si
1887 1969 1983 2038 qui

407 2062 658 2116 fortassis
703 2063 776 2116 ita
827 2063 1232 2129 existimarent,
1265 2061 1489 2117 Graecos
1539 2077 1570 2116 a
1613 2059 1824 2115 Latinis
1858 2075 1988 2114 cor-

405 2160 598 2222 ruptos
630 2168 753 2208 esse
787 2155 1064 2220 asseruit;
1107 2162 1275 2225 atque
1307 2154 1383 2208 ita
1415 2169 1640 2210 causam
1677 2153 1881 2210 vicisse
1908 2153 1987 2208 si-

406 2246 460 2301 bi
495 2247 646 2301 visus
684 2255 788 2300 est.
833 2246 1155 2301 Provocavit
1203 2247 1272 2300 ad
1329 2246 1769 2315 patriarcharum
1830 2247 1986 2300 testi-
2034 2233 2052 2250 ⁸

411 2339 637 2404 monia;
688 2339 985 2408 postulavit
1029 2346 1090 2393 ut
1136 2347 1259 2394 acta
1306 2339 1527 2408 publica
1571 2332 1982 2401 exhiberentur,

407 2440 469 2485 ιιι
516 2431 636 2485 ﬁdei
696 2430 1073 2486 confessiones
1107 2471 1122 2496 ,
1171 2440 1231 2484 ut
1292 2429 1624 2501 synodorum
1662 2428 1983 2490 sententiae,

407 2523 734 2578 existimans
795 2523 1010 2578 scilicet
1071 2522 1187 2576 fieri
1234 2537 1342 2576 non
1400 2537 1561 2592 posse
1613 2529 1673 2576 ut
1741 2521 1854 2574 ha-c
1917 2535 1984 2574 ex

406 2613 619 2669 Grzrcia
667 2614 1024 2670 haberentur.
1093 2613 1377 2668 Venerunt
1427 2623 1606 2669 tamen
1659 2612 1750 2667 vix
1798 2613 1985 2682 elapso

405 2705 630 2760 biennio
685 2705 1052 2761 instrumenta
1105 2721 1132 2759 a
1182 2704 1604 2771 Graecorum,et
1654 2720 1683 2758 a
1720 2704 1982 2775 Syrorum

405 2797 820 2859 Melchitarun‘t,
855 2795 1232 2851 Jacobitarum
1287 2807 1343 2851 et
1384 2797 1836 2853 Nestorianorum
1886 2797 1987 2852 Ec-

407 2891 612 2954 clcsiis,
657 2900 712 2943 et
743 2901 866 2958 post
891 2905 1065 2943 annos
1099 2891 1240 2943 duos
1277 2898 1333 2944 et.
1365 2890 1624 2960 deinceps
1667 2900 1775 2942 tam
1819 2891 1982 2944 multa

407 2983 513 3035 alia
546 2998 573 3035 a
611 2981 684 3036 cl.
719 2981 837 3035 viro
882 2981 1084 3037 Carolo
1132 2979 1428 3038 Francisco
1478 2981 1663 3036 Olerio
1709 2981 1985 3037 Nointelio

407 3074 553 3141 r-gis
584 3072 650 3125 ad
687 3070 1107 3127 Othomanicam
1151 3073 1331 3127 aulam
1365 3074 1564 3144 legato,
1597 3083 1656 3128 ut
1687 3075 1800 3144 jam
1840 3075 1982 3129 desi-

2084 599 2544 669 signiﬁcatiouem
2593 600 2734 654 trahi
2771 615 2869 671 per
2908 597 3284 653 calumnioSos
3332 595 3655 663 interpreta-

2085 691 2263 748 tiones
2295 707 2401 746 non
2429 702 2626 762 potest.
2663 690 2720 747 Si
2751 692 2883 760 quid
2916 688 3166 744 fortassis
3202 701 3266 741 ex
3303 681 3658 739 bibliothecis

2084 784 2139 838 in
2171 785 2349 839 lucem
2379 786 2583 849 editur,
2610 784 2762 855 quod
2793 783 3060 839 doctrina:
3085 778 3377 834 catholica:
3407 775 3660 831 videatur

2082 878 2446 940 contrarium,
2475 877 2584 932 duo
2604 892 2634 932 a
2673 876 2947 946 theologis
2980 871 3227 943 prmstari
3257 869 3438 923 solent
3469 880 3660 921 :scru-

2086 981 2271 1026 tantur
2317 985 2510 1038 nempe
2539 969 2782 1034 codices’,
2811 978 2876 1024 ut
2922 967 3158 1038 primum
3197 964 3264 1019 de
3291 961 3440 1017 illius
3468 959 3561 1030 qui
3602 959 3656 1020 in

2083 1064 2459 1118 testimonium
2511 1064 2830 1127 adducitur,
2870 1061 3198 1125 auctoritate
3248 1063 3497 1120 constet,
3539 1062 3654 1105 tum

2083 1155 2334 1208 doctrina
2368 1154 2692 1223 explicatur,
2740 1169 2915 1222 neque
2947 1152 2992 1206 si
3033 1167 3064 1206 a
3104 1149 3315 1217 vulgari
3355 1147 3410 1200 in
3435 1159 3540 1210 qua
3573 1143 3658 1194 vi-

2084 1248 2264 1301 vimus
2305 1247 2563 1317 opinione
2594 1246 2849 1302 recedere
2874 1246 3149 1308 videatur,
3173 1240 3356 1296 statim
3399 1245 3659 1292 censetur

2083 1338 2446 1406 explodenda.
2472 1339 2576 1405 Qui
2605 1339 2764 1394 aliter
2797 1337 2998 1400 fecere,
3035 1345 3094 1390 ttt
3125 1335 3255 1389 olim
3288 1345 3514 1387 avorum
3547 1344 3660 1381 mc-

2086 1429 2257 1484 tnoria
2299 1429 2498 1486 Petrus
2545 1431 2861 1494 Molinteus,
2904 1427 2997 1498 qui
3051 1439 3393 1497 quaecunque
3438 1420 3657 1473 Patrum

2085 1522 2313 1590 soripta,
2359 1523 2403 1577 si
2445 1538 2560 1578 sua;
2610 1533 2776 1578 sectas
2825 1521 3040 1592 placitis
3080 1518 3543 1576 adversarentur,
3603 1520 3660 1564 ut

2086 1616 2270 1683 spuria
2307 1615 2607 1684 rejiciebat,
2649 1615 2685 1669 ii
2737 1614 3182 1669 doctissimorum
3235 1609 3379 1662 inter
3421 1620 3550 1659 suos
3581 1604 3661 1656 vi-

2088 1721 2271 1758 rerum
2306 1720 2592 1760 censuram
2631 1704 2839 1774 experti
2871 1713 3022 1759 sunt.
3055 1703 3125 1770 At
3167 1715 3345 1754 novus
3378 1698 3468 1750 ille
3506 1694 3661 1747 theo-

2087 1801 2244 1870 logus
2276 1812 2452 1868 neque
2498 1799 2956 1854 bibliothecarum
2993 1795 3199 1850 forulos
3237 1799 3516 1848 scrutatus
3554 1795 3659 1843 est.

2091 1906 2268 1962 neque
2301 1891 2536 1946 criticen
2579 1891 2742 1946 ullam
2772 1889 3038 1963 adhibuit,
3073 1885 3166 1942 sed
3198 1894 3365 1938 totam
3393 1879 3658 1935 Grtcciam

2087 1993 2354 2048 veterem,
2379 1999 2602 2048 novam,
2627 1990 2680 2037 et
2702 1995 3042 2052 quaecunque
3085 1977 3301 2030 tandem
3331 1975 3509 2026 futura
3537 1969 3662 2031 erit,

2089 2093 2198 2132 uno
2227 2077 2330 2133 sibi
2379 2077 2527 2131 visus
2555 2083 2641 2130 est
2691 2079 3016 2143 argumento
3051 2066 3438 2140 prostravisse.
3475 2061 3663 2116 Aiebat

2087 2154 2299 2225 scilicet
2345 2184 2406 2224 se
2458 2167 2719 2238 probasse
2771 2173 3040 2237 quantum
3099 2161 3235 2217 satis
3275 2165 3413 2221 erat,
3457 2155 3664 2210 Graecis

2084 2263 2435 2334 praesentiam
2459 2261 2683 2323 realem,
2706 2261 2880 2314 multo
2913 2258 3095 2313 minus
3119 2247 3665 2310 transubstantiatio-

2087 2372 2211 2410 nem
2250 2355 2470 2409 venisse
2511 2365 2781 2420 nusquam
2826 2349 2881 2402 in
2920 2355 3181 2406 mentem,
3212 2355 3407 2396 omnes
3454 2339 3522 2393 ab
3555 2337 3661 2392 ini-

2085 2449 2161 2504 tio
2210 2447 2571 2502 schismatum
2606 2458 2726 2498 eam
2763 2441 2924 2495 ﬁdem
2967 2435 3267 2496 habuisse,
3303 2449 3426 2503 qua;
3471 2427 3660 2501 Cyrilli

2086 2537 2318 2593 Lucaris
2356 2534 2720 2591 Confessione
2749 2532 3126 2588 contineretur
3153 2543 3168 2581 :
3201 2526 3294 2595 qui
3327 2538 3457 2591 ergo
3504 2522 3665 2574 aliter

2085 2628 2377 2688 sentirent,
2403 2641 2500 2681 eos
2521 2624 2930 2693 Λατινόφρονσις
2957 2634 3100 2684 esse,
3134 2632 3242 2672 non
3284 2615 3504 2671 Cracos
3535 2612 3666 2680 legi-

2073 2720 2269 2779 timos.
2305 2719 2396 2773 sed
2423 2718 2583 2772 avita:
2607 2716 2756 2778 ﬁdei,
2783 2725 3180 2780 sacrorumque
3205 2707 3503 2778 patriorum
3537 2719 3666 2772 pro-

2083 2811 2318 2872 ditores,
2355 2825 2592 2881 quorum
2629 2808 2774 2862 nulla
2817 2812 2965 2860 esset
3011 2805 3066 2856 in
3116 2799 3389 2869 ejusmodi
3439 2805 3666 2851 contro-

2085 2903 2282 2958 versiis
2321 2902 2645 2956 auctoritas.
2683 2898 2795 2953 Hoc
2833 2896 3188 2950 fundamento
3233 2890 3465 2947 subnixa
3516 2888 3668 2942 stetit

2084 3011 2185 3066 per
2241 3009 2417 3049 annos
2449 2993 2652 3047 multos
2710 2999 2820 3044 tota
2857 2985 3286 3042 Claudianarum
3327 2981 3663 3050 argutiarum

2087 3088 2365 3142 machina.
2397 3084 2554 3140 Mitto
2597 3084 2704 3137 alia
2746 3078 3055 3150 ejusmodi,
3099 3091 3334 3146 quorum
3381 3074 3464 3127 vel
3517 3072 3666 3142 ipsos

407 3166 588 3220 derari
627 3165 760 3219 nihil
797 3174 985 3235 posset
1023 3167 1105 3220 vel
1151 3168 1216 3220 ad
1257 3167 1540 3222 veritatem
1576 3167 1982 3233 stabiliendnu,
2015 3173 2062 3238 ο
2093 3179 2467 3235 Ρνοιεδιαηιθε
2503 3176 2725 3247 pudeat,
2761 3182 2816 3227 ιιι
2854 3171 3060 3226 mullos
3099 3185 3229 3223 sane
3288 3167 3468 3221 audivi
3521 3165 3668 3220 viros

408 3261 492 3312 vel
517 3263 581 3312 ad
613 3258 888 3313 hominem
915 3269 1182 3329 perpetuo
1207 3259 1430 3314 silentio
1455 3261 1847 3316 damnandum.
1873 3263 1980 3318 Sed

407 3352 501 3420 qui
537 3351 882 3406 verecundiae
929 3352 1065 3407 ﬁnes
1099 3353 1267 3408 semel
1322 3354 1679 3419 transilierat,
1723 3371 1847 3410 eum
1883 3371 1982 3410 na-

411 3445 552 3498 vitcr
585 3443 876 3513 oportebat
904 3459 1029 3500 esse
1054 3445 1447 3514 impudentem.
1478 3446 1555 3501 lta
1589 3449 1683 3520 qui
1719 3448 1772 3502 in
1803 3449 1984 3518 priva-

412 3537 484 3590 tis
507 3537 730 3606 judiciis
762 3547 872 3593 tam
904 3545 1056 3593 certa
1091 3547 1340 3593 actorum
1385 3539 1489 3594 ﬁde
1530 3540 1820 3596 calumnia:
1853 3557 1984 3595 con-

413 3631 592 3685 victus
626 3629 902 3685 infamiam
935 3629 1158 3685 tulissot
1185 3671 1199 3694 ,
1235 3631 1540 3687 cavillando
1571 3632 1811 3688 obtinuit
1840 3635 1983 3705 apud

413 3728 543 3777 suos
576 3733 635 3776 ut
667 3725 770 3777 sibi
805 3723 871 3780 de
905 3724 1266 3779 Orientalium
1309 3725 1555 3780 doctrina
1603 3736 1792 3781 contra
1835 3735 1987 3781 acto-

412 3832 534 3872 rum
574 3815 733 3870 lidcm
769 3817 1105 3873 crederetur.
1143 3816 1330 3887 Neque
1379 3827 1497 3872 acta
1541 3819 1718 3873 solum
1768 3829 1822 3874 et
1864 3835 1986 3874 scu-

413 3911 599 3964 tcntiae
634 3907 946 3979 synodales,
981 3910 1072 3964 sed
1103 3918 1157 3964 et
1180 3900 1303 3963 libri
1331 3909 1495 3963 etiam
1529 3910 1723 3981 integri
1748 3928 1812 3965 ex
1839 3911 1990 3967 Crte-

403 4003 498 4056 ‘cia
542 4002 695 4056 missi
753 4010 900 4063 sunt,
958 3999 1164 4070 quibus
1218 4008 1337 4054 acta
1387 3999 1878 4065 conﬁrmarentur;
1935 4013 1989 4056 et

405 4113 550 4159 sane
581 4096 780 4152 multos
813 4094 880 4149 ad
909 4095 1181 4150 saniorem
1232 4103 1468 4149 mentem
1489 4105 1805 4158 revocatos,
1838 4107 1891 4152 et
1922 4096 1987 4150 ad

416 4192 742 4244 catholicam
798 4187 1024 4244 Matrem
1074 4204 1365 4254 reversos,
1424 4203 1613 4242 eorum
1667 4191 1991 4246 auctoritate

417 4302 524 4339 non
569 4286 689 4340 sine
721 4285 910 4338 lmtitia
946 4282 1157 4353 experti
1193 4298 1413 4337 sumus.
1453 4281 1734 4352 Ejusmodi
1771 4282 1998 4364 fut-runt

418 4379 691 4447 Confessio
725 4377 1018 4431 orthodoxa
1047 4375 1300 4431 Ecclesia:
1327 4376 1638 4440 Orientalis,
1671 4375 1806 4445 ipsis
1832 4369 1998 4431 Bata-'

421 4489 613 4527 vorum
644 4472 788 4542 typis
820 4470 964 4524 edita
999 4469 1052 4522 in
1084 4471 1315 4536 gratiam
1351 4469 1711 4540 Panagiottis,
1744 4471 1990 4539 pritnarii

422 4562 745 4630 interpretis
775 4559 916 4630 apud
947 4558 1252 4612 Turcarum
1295 4559 1713 4628 imperatorem;
1746 4561 1994 4630 Synodus

420 4652 872 4713 Bcthlehemitica,
914 4659 968 4703 et
991 4648 1190 4702 Meletii
1227 4646 1401 4718 Syrigi
1438 4647 1580 4716 Opus
1613 4649 1859 4706 adversus
1895 4653 1997 4725 Cy-

421 4747 531 4801 rilli
558 4745 778 4799 Lucoris
810 4743 1006 4813 falsam
1042 4741 1168 4810 fidei
1189 4743 1584 4808 expositionem,
1621 4759 1784 4813 qttatn
1815 4757 2000 4805 tanto-

424 4855 554 4911 perc
604 4841 996 4892 exosculantur
1040 4834 1196 4888 multi
1248 4833 1650 4901 Protcslantcs,
1697 4841 2002 4898 I'CClatttatl-

423 4933 571 4985 tibus
608 4929 749 4998 apud
783 4944 878 4982 eos
908 4923 1268 4982 doctissimis.

495 5025 642 5076 Inter
687 5021 788 5074 alia
815 5036 935 5090 qua:
960 5021 1228 5076 adversus
1261 5021 1563 5076 inauditam
1592 5021 1818 5082 Lucaris
1849 5027 2003 5084 theo-

425 5115 622 5185 logiam
669 5113 978 5167 testimonia
1023 5113 1355 5183 produxerat
1386 5114 1637 5186 Syrigus,
1673 5122 2000 5176 occurrebat

428 5207 698 5264 sententia
744 5205 1038 5270 Gennadii,
1071 5207 1184 5276 qui,
1230 5207 1407 5276 inquit
1443 5208 1552 5273 ille,
1593 5210 1810 5278 ﬂorebat
1859 5214 2002 5267 circa

430 5317 630 5355 annum
672 5299 832 5359 1453.
870 5300 1071 5366 primus
1104 5309 1220 5367 post
1243 5298 1456 5369 captam
1500 5302 1681 5353 urbem
1723 5304 2003 5355 renuntia-

431 5406 515 5448 tus
554 5393 887 5462 patriarcha.
917 5392 1012 5447 Illo
1053 5407 1187 5447 Sane
1230 5392 1549 5447 testimonio
1583 5393 1668 5445 vix
1703 5394 2000 5462 quidquam

429 5487 485 5544 3n
512 5489 816 5541 litterarum
855 5484 1225 5541 monumentis
1253 5485 1575 5553 expressius
1600 5487 1863 5540 occurrit.
1891 5486 2004 5540 Nec

430 5579 574 5633 enim
625 5580 756 5633 solae
797 5579 1078 5632 scntcntitn
1126 5576 1393 5632 Gennadii
1429 5570 1840 5631 Catholicorum
1883 5593 2008 5632 sen-

437 5668 648 5732 tentiis,
691 5669 788 5724 sed
841 5671 1005 5725 verba
1054 5671 1218 5721 etiant
1265 5669 1448 5724 verbis
1479 5670 1834 5733 conveniunt,
1877 5671 2005 5724 dum

439 5761 954 5813 transmutationetn
991 5762 1381 5815 elementorum
1425 5761 1478 5813 in
1536 5777 1737 5830 corpus
1787 5769 1840 5815 et
1886 5779 2011 5815 San-

441 5845 661 5916 guinem
699 5847 906 5903 Christi
958 5864 1055 5920 per
1089 5849 1524 5921 μετουτιώσεως,
1597 5849 1711 5908 sive
1768 5853 2010 5905 transuo-

2085 3273 2258 3328 bonos
2287 3271 2377 3340 qui
2407 3269 2700 3326 Claudium
2725 3266 2906 3321 valere
2936 3263 3217 3333 juberent,
3251 3260 3393 3329 quod
3418 3273 3670 3312 commu-

2083 3381 2209 3421 nem
2243 3364 2469 3419 causam
2521 3362 2573 3415 in
2627 3359 2765 3415 tales
2812 3357 3094 3423 angustias
3138 3353 3477 3411 deduxisset.
3520 3351 3667 3404 unde

2085 3457 2276 3527 pedem
2303 3455 2511 3510 referre
2537 3468 2644 3507 non
2677 3449 2896 3505 licebat.
2921 3446 3110 3517 Neque
3131 3445 3301 3508 enim,
3325 3442 3669 3512 inquiebaut,

2085 3558 2282 3606 nostra
2336 3545 2504 3602 refert
2551 3543 2684 3614 qttid
2743 3541 2918 3598 Graeci
2971 3549 3065 3594 aut
3111 3537 3309 3607 reliqui
3363 3534 3671 3591 Orientales

2086 3641 2336 3704 credant,
2369 3637 2498 3709 qttid
2545 3639 2861 3707 vituperent
2904 3634 2959 3686 in
3006 3640 3196 3689 nostra
3241 3628 3514 3690 doctrina,
3549 3641 3671 3695 qua:

2086 3747 2197 3788 non
2216 3730 2471 3784 humanis
2489 3728 2900 3797 peregrinarum
2925 3721 3289 3777 Ecclesiarum
3308 3717 3669 3781 testimoniis,

2089 3825 2183 3880 sed
2215 3824 2334 3878 solo
2363 3821 2453 3874 Dei
2489 3821 2658 3874 verbo
2695 3819 2909 3872 nititur.

2159 3915 2468 3969 Productus
2505 3917 2625 3964 erat
2666 3924 2728 3963 ex
2763 3906 2977 3962 Melctio
3005 3901 3199 3975 Syrigo
3225 3899 3580 3965 Gennadius;
3619 3909 3674 3955 et

2090 4021 2215 4062 cum
2257 4015 2514 4072 excerpta
2564 4016 2630 4056 ex
2677 4001 2865 4055 eodem
2897 3998 3211 4052 liichardus
3259 3995 3451 4050 Simon
3488 3991 3674 4062 publi-

2091 4107 2296 4161 cassct,
2321 4096 2560 4152 Thomas
2612 4095 2786 4149 Smith
2820 4093 3107 4159 theologus
3147 4087 3478 4144 Oxonieusis
3505 4100 3668 4156 opus-

2093 4190 2217 4244 cula
2253 4188 2362 4242 duo
2407 4186 2577 4242 edidit
2607 4184 2673 4240 de
2709 4183 3021 4239 Graecarum
3060 4179 3431 4236 Ecclesiarum
3487 4184 3655 4239 statu,

2093 4293 2148 4339 et
2186 4281 2537 4336 Miscellanea
2570 4275 2842 4354 quasdam,
2896 4275 2951 4327 in
3002 4273 3201 4343 quibus
3235 4270 3301 4325 de
3340 4255 3658 4324 Grtccorum

2095 4376 2220 4440 ﬁde,
2259 4374 2326 4429 de
2357 4372 2546 4444 Cyrilli
2578 4370 2806 4424 Lucaris
2850 4367 3212 4423 Coul'essione
3246 4373 3299 4419 et
3343 4364 3462 4433 ejus
3504 4363 3676 4415 histo-

2097 4469 2177 4523 ria
2211 4479 2422 4522 veteres
2454 4465 2660 4520 ntenias
2693 4461 3020 4516 certissimis
3053 4457 3392 4527 argumentis
3422 4454 3676 4507 miniata-

2103 4571 2186 4616 tas
2218 4561 2412 4613 iterum
2446 4556 2752 4626 proposuit,
2785 4563 2950 4620 atque
2982 4551 3124 4604 inter
3148 4549 3252 4602 alia
3283 4547 3675 4600 divinationem

2102 4655 2363 4708 adversus
2413 4649 2788 4711 Gennadium,
2845 4645 2925 4699 vel
2976 4645 3158 4712 potius
3211 4641 3474 4694 adversus
3524 4637 3679 4690 Mele-

2103 4747 2238 4802 tium
2269 4743 2547 4816 Syrigum,
2576 4755 2737 4810 quem
2773 4735 3072 4806 suppositae
3106 4731 3393 4787 Cennadio
3429 4729 3679 4783 Ilomili:e

2100 4840 2168 4895 de
2199 4835 2544 4893 Eucharistia
2597 4848 2755 4888 reum
2794 4829 3027 4899 peragit,
3078 4825 3246 4881 nullis
3295 4823 3533 4883 indit-iis,
3583 4819 3678 4874 sed

2103 4941 2314 4988 tantum
2360 4927 2716 4997 eonjecturis,
2763 4937 2884 4993 qua)
2919 4919 3117 4989 opinor
3160 4917 3332 4985 mquis
3380 4913 3681 4968 lectoribus

2104 5020 2444 5076 inanissima:
2503 5015 2858 5071 videbuntur.
2932 5009 3104 5064 D0eet
3169 5020 3389 5076 quoque
3441 5001 3680 5057 Gabricli

2104 5111 2496 5181 Philadelphia
2539 5105 2898 5176 tnetropolitaa
2927 5101 3128 5157 debere
3167 5097 3386 5155 Graecos
3420 5095 3686 5150 recentio-

2105 5221 2194 5262 res
2242 5218 2428 5258 vocem
2462 5198 2898 5272 μετουτιώσεως,
2945 5209 3054 5264 qua
3090 5191 3158 5246 ab
3207 5189 3369 5245 annis
3405 5187 3682 5256 octoginta

2068 5297 2183 5363 ,ιιιὶ
2234 5295 2433 5356 solent,
2473 5307 2540 5347 ex
2573 5305 2683 5361 quo
2716 5287 2896 5343 infusa
2943 5284 3085 5354 apttd
3123 5297 3220 5337 eos
3265 5279 3508 5334 latinitas
3559 5276 3682 5340 fuit,

2106 5387 2252 5458 quod
2303 5385 2657 5441 falsissimum
2695 5394 2820 5436 esse
2860 5375 3102 5447 Epistola
3144 5371 3345 5428 Meletii
3377 5371 3542 5441 Pigaz,
3585 5382 3686 5458 pa-

2108 5457 2362 5534 triarcha‘.
2393 5473 2743 5530 Alexandrini
2772 5511 2786 5536 ,
2820 5484 2982 5539 quam
3054 5466 3293 5526 edimus,
3327 5461 3421 5518 ﬁet
3452 5457 3686 5514 manife-

2109 5585 2282 5636 stum.
2337 5565 2520 5620 Virum
2563 5579 2682 5626 sua,
2717 5572 2774 5616 ut
2813 5561 3211 5623 existimamus,
3238 5554 3428 5624 religio
3473 5550 3686 5615 fefellit,

2112 5663 2270 5732 cujus
2308 5659 2564 5713 laborans
2599 5653 2957 5724 prtejudiciis,
2986 5645 3464 5715 Constantinopoli
3502 5641 3688 5696 indili-

2117 5765 2328 5825 gentcat
2369 5749 2592 5806 Omnino
2625 5763 2846 5816 operat»
2898 5743 3117 5799 novavit
3149 5743 3201 5796 itt
3233 5755 3298 5796 co
3326 5739 3470 5810 quod
3505 5750 3690 5792 susce-

2114 5857 2268 5906 ocrat
2306 5843 2520 5914 negotio
2551 5841 2893 5912 explicando,
2927 5848 3019 5893 aut
3067 5835 3301 5892 fateatur
3342 5845 3569 5888 necesse
3601 5837 3686 5884 est
