4102 6424
381 384 486 443 κδτς

1893 388 1937 442 \'
1952 389 2093 450 l'l'.»\.

3532 385 3641 446 25'.

385 492 519 547 nihil
554 489 680 546 inde
726 490 983 547 retulisse
1006 492 1149 561 quod
1193 493 1259 546 ad
1307 509 1489 549 cansze
1523 494 1815 565 deplorata
1845 514 1957 552 sua:
1987 516 2027 565 Α
2061 500 2172 562 rit;
2229 514 2352 552 nam
2409 499 2507 552 soli
2561 497 2923 553 ecclesiastici
2971 496 3409 561 subscribehant,
3464 506 3517 549 ct
3567 512 3635 551 ex

388 583 746 654 ιιειιτοείηἰιιιιι
795 586 1111 653 pertineret.
1144 585 1333 639 Varios
1379 587 1524 640 enim
1579 602 1829 641 rumores
1883 588 1952 645 de

391 674 605 738 Lucari,
634 689 772 743 quos
808 675 1062 739 Ecclesia:
1084 674 1713 746 Constantinopolitanm
1746 680 1953 735 tabu'a-

389 768 466 822 ria
497 766 764 823 refellunt.
798 766 1135 837 collectoque
1165 784 1227 822 ex
1258 770 1462 824 Allatio
1484 783 1536 823 et
1562 768 1949 843 CaryOphyllo,

390 859 435 911 si
462 873 523 910 ex
555 856 903 911 miscellaneo
933 856 1026 911 illo
1082 873 1249 927 opere
1279 861 1606 929 dempseris,
1642 864 1955 933 quicunque

393 950 613 1005 Grmcite
644 949 965 1004 reccntioris
1016 951 1227 1006 litteras
1266 953 1350 1006 vel
1398 954 1733 1022 primoribus
1787 955 1955 1010 labris

391 1040 714 1110 degustarit,
749 1041 885 1095 nihil
935 1058 1159 1106 novum,
1196 1045 1331 1098 nihil
1381 1054 1532 1100 trans
1574 1061 1727 1102 mare
1765 1059 1953 1102 natum

392 1142 662 1195 agnoscet.
699 1131 874 1186 Nemo
921 1134 1248 1199 catholicus,
1296 1137 1399 1190 etsi
1446 1137 1629 1191 Allatii
1658 1177 1671 1201 ,
1711 1137 1958 1203 Arcudii,

394 1222 760 1293 Caryopltyili,
794 1233 846 1277 et
890 1225 1124 1279 aliorum
1161 1226 1299 1281 bene
1340 1227 1407 1282 de
1444 1226 1684 1283 Ecclesia
1737 1229 1959 1283 merito-

398 1329 512 1363 rum
561 1312 877 1366 memoriam
932 1330 1056 1368 cum
1103 1317 1370 1370 charitate
1420 1318 1856 1386 complectatur,
1904 1321 1960 1373 in

396 1418 581 1457 eorum
613 1405 775 1458 verba
821 1405 1116 1474 jurandum
1164 1409 1269 1463 sibi
1308 1409 1627 1474 arbitratur,
1679 1420 1773 1463 aut
1826 1411 1959 1464 nihil

398 1495 451 1548 in
484 1510 670 1549 eorum
704 1499 922 1565 scriptis
950 1501 1250 1553 desiderat.
1283 1497 1398 1552 luto
1426 1500 1516 1569 qui
1547 1517 1606 1556 se
1647 1502 1698 1555 itt
1744 1501 1960 1558 Graecas

399 1586 606 1640 litteras
635 1588 982 1653 abdiderunt,
1017 1590 1349 1660 codicesque
1379 1591 1532 1660 ipsos
1575 1594 1721 1647 serio
1757 1603 1962 1648 tracta-

395 1684 609 1756 verunt,
645 1677 959 1741 desiderant
1006 1679 1221 1734 illorum
1268 1681 1606 1751 diligentiam
1638 1693 1693 1737 et
1726 1684 1965 1754 pruden-

398 1768 549 1831 tiam,
583 1783 682 1823 ncc
725 1784 850 1823 raro
885 1774 1177 1828 candorem
1222 1781 1277 1827 et
1317 1774 1516 1828 bonam
1556 1774 1737 1829 fidem.
1769 1772 1963 1831 Testes

2064 588 2220 642 laicis
2275 598 2473 657 prancr
2528 589 2910 655 imperatorem
2961 602 3143 640 nemo.
3187 587 3459 641 Reversus
3499 586 3640 639 Con-

2060 679 2475 747 stantinopolim
2520 676 2833 733 Gennadius
2868 693 3011 730 anno
3066 675 3221 736 1459.
3250 686 3366 745 post
3420 677 3641 729 absolu-

2060 774 2167 818 tam
2207 767 2499 836 synodum,
2537 766 2590 818 in
2628 780 2822 835 magna
2859 766 3000 834 apud
3033 762 3298 818 Joannem
3337 766 3633 832 imperato-

2060 875 2174 912 rem
2207 858 2741 926 Constantiuumque
2775 855 2992 909 fratrem
3033 867 3083 909 et
3114 869 3493 909 successorem
3552 855 3639 907 di.-

2061 950 2269 1017 gnitate
2317 949 2474 1012 vixit,
2514 963 2687 1016 usque
2719 948 2782 1000 ad
2819 962 3023 1000 annum
3080 947 3241 1011 1455,
3272 945 3367 1015 qui
3409 946 3641 1015 imperio

2065 1041 2377 1097 Grazcorum
2448 1039 3065 1108 ConstantinOpolitano
3128 1043 3437 1108 supremus
3514 1039 3638 1094 fuit.

2061 1134 2199 1201 Quid
2226 1149 2353 1188 vero
2378 1134 2510 1189 totis
2538 1133 2624 1187 his
2648 1132 2808 1186 annis
2839 1133 3099 1186 tredecim
3128 1130 3412 1187 Gennadio
3437 1130 3639 1184 factum

2062 1226 2152 1287 sit,
2202 1225 2466 1279 divinavit
2515 1225 2766 1278 Allatius.
2810 1221 3004 1293 Neque
3052 1223 3200 1277 enim
3246 1238 3275 1275 a
3310 1221 3500 1276 Grmco
3528 1220 3640 1274 ullo

2063 1326 2285 1371 auctore
2324 1316 2515 1391 didicit
2539 1331 2661 1369 eum
2691 1316 2973 1371 catholicae
3020 1314 3166 1377 ﬁdei,
3203 1328 3364 1383 quam
3411 1313 3644 1367 Floren-

2064 1410 2154 1463 tiae
2192 1425 2315 1464 cum
2364 1408 2485 1463 aliis
2532 1407 2739 1463 Graecis
2789 1408 3071 1477 professus
3111 1405 3309 1467 fuerat,
3340 1405 3641 1460 observan-

2064 1500 2360 1565 tissimum,
2409 1498 2821 1553 schismasticos
2884 1512 3019 1551 voce
3080 1506 3135 1551 et
3161 1496 3384 1565 scriptis
3442 1494 3644 1547 conﬁr-

2066 1606 2244 1645 masse
2269 1630 2283 1653 ,
2321 1590 2624 1660 prtesertim
2669 1605 2799 1644 vero
2830 1588 3073 1643 Marcum
3119 1588 3412 1657 Ephesium
3464 1588 3643 1641 schis-

2065 1684 2227 1739 tnatis
2267 1684 2714 1752 antesignanum,
2759 1681 3063 1751 Latinoque
3090 1680 3297 1735 nomini
3326 1678 3642 1734 infensissio

2067 1792 2237 1831 mum.
2264 1774 2400 1843 Quia
2445 1785 2623 1829 tamen
2659 1791 2723 1830 ex
2757 1776 2926 1830 variis
2970 1774 3107 1828 actis
3139 1780 3195 1828 et
3244 1772 3639 1837 monumentis,

399 1872 475 1913 tot
512 1863 900 1919 catholicorum
948 1865 1069 1921 libri
1104 1868 1235 1921 editi
1282 1868 1351 1922 ab
1405 1869 1565 1923 annis
1613 1869 1859 1940 triginta,
1910 1870 1964 1924 in
1999 1855 2038 1910 Β
2068 1884 2297 1939 quorum
2330 1882 2504 1938 pauca
2544 1866 2693 1922 edita
2731 1876 2881 1927 sunt,
2921 1867 3126 1937 reliqua
3159 1874 3450 1922 servantur
3478 1865 3532 1917 in
3562 1864 3645 1916 bi-

397 1952 593 2019 quibus
644 1955 913 2011 Arcudius
964 1959 1185 2028 vapulat
1220 1966 1480 2029 tanquam
1526 1972 1818 2030 perpetuus
1858 1960 1964 2016 Ec-

399 2044 578 2098 clcsire
606 2044 807 2099 Gmcae
837 2047 1237 2117 calumniator;
1286 2052 1487 2106 Allatio
1537 2068 1644 2107 non
1687 2055 1963 2123 parcitur;

397 2134 790 2205 (Zatyophyllus
819 2147 872 2191 et
895 2140 984 2192 alii
1019 2139 1509 2211 llellenomastiges
1535 2160 1675 2213 saepe
1711 2145 1970 2200 refellun-

402 2234 508 2279 tur.
558 2226 657 2290 Qui
709 2228 875 2293 igitur
942 2228 1194 2309 Syrigum
1252 2241 1510 2303 tanquam
1574 2234 1970 2304 ὑποϐολιμαῖον

401 2317 745 2386 scriptorem,
795 2320 1139 2377 Gennadium
1177 2335 1236 2378 ut
1264 2325 1636 2398 Λατινόιρρονα
1677 2328 1970 2382 traducere

402 2410 457 2464 in
484 2410 722 2465 animum
758 2413 1047 2468 induxerat
1074 2431 1259 2483 suum,
1295 2416 1529 2473 debebat
1559 2419 1607 2475 is
1640 2421 1831 2489 procul
1863 2421 1967 2473 du-

406 2503 493 2556 bio
522 2518 625 2557 non
656 2502 942 2572 Allatium,
975 2520 1081 2561 non
1111 2507 1436 2577 Arcudium,
1475 2525 1586 2565 non
1611 2508 1966 2566 Posseviuum

403 2597 736 2661 exscribere,
768 2599 863 2653 sed
906 2599 1124 2655 codices
1146 2617 1281 2656 mss.
1309 2602 1374 2657 ad
1404 2616 1547 2673 quos
1584 2618 1965 2673 provocamus.

402 2701 466 2741 ea
490 2687 556 2741 de
583 2686 869 2744 Gennadio
893 2690 1121 2755 dicturi,
1155 2707 1276 2763 quae
1301 2693 1448 2748 nulla
1480 2694 1739 2762 deinceps
1761 2694 1972 2748 ratione

407 2781 588 2834 vocari
621 2782 835 2851 possint
867 2783 921 2837 in
963 2784 1217 2841 dubium.
1270 2786 1377 2842 Sed
1422 2787 1577 2857 prius
1621 2788 1875 2851 videntur
1916 2789 1970 2842 in

404 2872 636 2926 medium
678 2874 992 2930 adducenda
1030 2891 1152 2947 qua:
1205 2877 1274 2932 ab
1324 2879 1646 2936 auctoribus
1688 2880 1972 2935 catholicis

405 2965 473 3019 de
506 2964 786 3021 Gennadio
815 2966 1018 3037 scripta‘
1045 2977 1193 3032 sunt,
1244 2970 1450 3039 quibus
1484 2985 1640 3026 suam
1692 2970 1973 3026 Smitheus

406 3057 827 3129 disputationem
893 3070 1158 3132 tanquam
1221 3062 1555 3119 certissimis
1600 3062 1973 3119 fundamentis

406 3154 790 3220 superstruxit.

2074 1961 2399 2026 bliothecis,
2440 1959 2764 2030 intelligitur
2814 1958 3003 2013 eodem
3058 1967 3306 2028 tempore
3349 1955 3639 2028 quemdam

2073 2051 2365 2121 Georgium
2388 2051 2734 2107 Scbolarium
2766 2048 2950 2105 Marco
2979 2050 3215 2118 Ephesio
3243 2063 3453 2103 summa
3486 2047 3642 2101 fami-

2076 2144 2310 2199 liaritate
2331 2143 2706 2211 conjunctum,
2741 2142 2910 2197 nmita
2939 2141 3202 2196 adversus
3256 2141 3479 2195 Latinos
3509 2141 3643 2195 scri-

2076 2238 2270 2306 psisse,
2295 2234 2589 2291 Mattbteus
2621 2235 3038 2307 Caryophyllus,
3070 2243 3123 2288 ct
3141 2249 3263 2289 eum
3290 2242 3513 2289 secutus
3531 2232 3642 2286 Leo

2074 2328 2332 2397 Allatius,
2358 2326 2496 2383 duos
2511 2326 2850 2392 Gennadios,
2874 2327 3013 2381 duos
3036 2326 3300 2395 Georgios
3326 2324 3643 2379 Srbolarios

2076 2419 2421 2483 ellinxerunt,
2454 2417 2605 2472 illum
2645 2418 2737 2488 qui
2767 2417 3003 2472 concilio
3030 2415 3344 2470 Florentino
3371 2412 3641 2478 interfuit,

2077 2512 2444 2576 catholicum;
2478 2509 2706 2566 alterum
2748 2509 3127 2565 schimaticum
3168 2523 3293 2563 esse
3340 2506 3640 2576 jusserunt.

2078 2603 2177 2657 Hic
2216 2602 2519 2657 monachus
2561 2600 2760 2667 factus,
2794 2600 3058 2656 Gennadii
3093 2614 3287 2654 nomen
3318 2598 3479 2653 simul
3519 2613 3641 2652 cum

2080 2695 2266 2750 habitu
2317 2693 2595 2763 religionis
2642 2692 2883 2763 accepit;
2915 2692 3007 2746 ille
3047 2707 3109 2746 ex
3148 2691 3287 2745 laico
3335 2692 3513 2744 fartus
3556 2705 3648 2755 pa-

2079 2786 2319 2842 triarcha
2372 2794 2496 2854 post
2553 2797 2766 2856 captam
2822 2785 3035 2851 urbem,
3077 2783 3392 2839 Gennadius
3431 2798 3649 2852 quoque

2080 2866 2221 2937 novo
2252 2880 2476 2951 nomine
2506 2880 2814 2951 appellatus
2844 2878 2967 2940 fuit,
3004 2879 3094 2948 qui
3127 2885 3252 2948 post
3282 2892 3457 2931 annos
3490 2880 3649 2946 quin-

2078 2989 2204 3043 que,
2230 2972 2496 3044 depositis
2529 2971 2718 3026 infulis
2747 2970 3230 3041 patriarchalibus,
3281 2969 3335 3022 in
3371 2980 3649 3021 monaste-

2081 3067 2223 3123 rium
2273 3082 2332 3123 se
2380 3067 2605 3135 recepit,
2638 3074 2802 3136 atque
2855 3079 3000 3119 anno
3057 3064 3284 3118 circiter
3333 3061 3470 3117 1460
3504 3061 3646 3115 diem

2081 3176 2241 3214 suum
2271 3159 2431 3214 obiit.
2454 3159 2571 3212 lmo
2599 3157 2762 3212 alium
2784 3156 3072 3227 quemdam
3101 3154 3391 3224 Georgium
3423 3154 3651 3209 Scbola-

477 3246 914 3319 Genuadius,qui
933 3249 1143 3320 primus
1158 3264 1309 3304 nova:
1322 3248 1511 3304 Romae
1528 3246 1840 3320 patriarcha
1856 3257 1977 3318 post
2000 3219 2047 3284 ο
2082 3251 2218 3305 rium
2243 3250 2547 3307 Cortesium
2576 3250 2853 3305 exstitisse
2875 3249 3191 3318 suspicatur
3212 3248 3464 3310 Allatius,
3488 3263 3648 3315 quem

413 3336 625 3406 impcrii
666 3338 980 3395 Graecorum
1002 3341 1296 3408 Orientalis
1325 3340 1598 3396 excidium
1632 3343 1976 3396 renuntiatus

411 3439 517 3497 cst,
565 3439 690 3486 ante
739 3442 1052 3502 susceptam
1103 3432 1422 3501 dignitatem
1456 3432 1672 3503 Georgii
1704 3431 1974 3486 Scholarii

409 3540 609 3580 nomen
674 3526 883 3582 habuit.
942 3528 1021 3581 lta
1086 3534 1360 3583 testantur
1418 3536 1672 3581 auctores
1722 3526 1978 3580 Historiae

412 3618 1033 3688 Constantinopolitaua:
1064 3620 1202 3687 apud
1242 3618 1499 3675 Crusium
1533 3619 1588 3672 in
1615 3615 1978 3672 Tereo-Grae-

412 3711 495 3765 cia
530 3728 544 3765 :
580 3728 600 3762 ι
635 3710 929 3782 Elegerunt
954 3750 969 3775 ,
1019 3711 1218 3781 inquit,
1260 3709 1647 3781 philosophum
1694 3710 1975 3765 dominum

413 3802 726 3872 Georgium,
759 3801 936 3856 virum
969 3812 1220 3869 sanctqu
1247 3809 1301 3856 et
1336 3801 1769 3871 pium,judicem
1804 3801 1979 3872 impe-

417 3896 605 3949 ratorii
643 3895 857 3965 judicii,
891 3903 945 3949 et
974 3894 1296 3949 electionem
1323 3895 1444 3964 ejus
1490 3893 1648 3964 juxta
1689 3900 1983 3948 consuetu.

420 3990 598 4044 dinem
649 3989 1138 4044 acclamationibus
1180 3988 1630 4058 comprobantes,
1676 3987 1983 4042 constitue-

428 4088 556 4134 runt
610 4080 1000 4151 patriarcham,
1052 4079 1390 4149 appellantes
1444 4092 1569 4132 eum
1616 4074 1980 4131 Gennadiutn.

422 4174 598 4240 lluuc,
623 4185 682 4231 ut
703 4177 893 4231 scribit
914 4174 1183 4238 Malaxus,
1212 4172 1453 4228 Joannes
1468 4170 1829 4242 Palaeologus,
1856 4184 1982 4223 cum

423 4267 475 4320 in
506 4264 791 4321 Franciam
825 4281 921 4321 seu
956 4264 1164 4319 Italiam
1187 4263 1651 4333 proﬁcisceretur,
1678 4261 1769 4315 ubi
1806 4260 1987 4314 habita

422 4365 505 4409 est
533 4365 722 4410 octava
754 4355 1017 4425 synodus,
1055 4369 1238 4409 secum
1283 4354 1439 4407 duxit
1472 4360 1727 4421 tanquam
1774 4352 1991 4420 sapien-

424 4451 716 4506 tissimum.
770 4468 788 4501 ι
838 4450 895 4505 lu
944 4448 1095 4503 Actis
1140 4447 1346 4501 Graecis
1402 4445 1730 4500 Florentium
1773 4443 1986 4514 synodi,

425 4556 562 4597 sess.
597 4540 686 4607 25,
736 4539 951 4609 Georgii
979 4537 1251 4593 Scholarii
1301 4537 1464 4592 verba
1504 4536 1571 4591 ad
1607 4537 1986 4605 imperatorem

426 4633 753 4694 referuntur,
787 4645 816 4683 a
845 4644 955 4701 quo
979 4637 1200 4698 rogatus
1227 4629 1553 4684 sententiam
1587 4627 1655 4681 de
1694 4627 1989 4682 sancienda

426 4741 546 4780 cum
588 4723 801 4778 Latinis
838 4722 1175 4789 concordia,
1221 4721 1505 4790 respondit
1553 4734 1613 4773 se
1648 4718 1777 4788 ~jam
1828 4718 1992 4773 editis

426 4818 762 4873 orationibus
802 4816 1127 4884 exposuisse
1157 4817 1294 4883 'quai
1324 4812 1430 4868 sibi
1480 4826 1632 4866 mens
1679 4818 1846 4873 esset,
1881 4825 1995 4862 am—

428 4908 585 4978 plecti
615 4906 873 4961 Romana:
893 4906 1152 4961 Ecclesia:
1179 4904 1485 4959 doctrinam
1515 4904 1579 4956 de
1615 4902 1882 4971 capitibus
1907 4899 1996 4952 iu-

426 5012 508 5055 ter
555 5012 844 5069 utramque
895 4998 1198 5054 Ecclesiam
1249 4980 1647 5059 controversis,
1699 5008 1819 5062 qua!
1867 5008 1993 5046 mox

425 5093 669 5161 synodali
698 5091 1014 5148 deﬁnitione
1047 5090 1320 5161 explicata
1361 5096 1509 5143 sunt.
1544 5088 1744 5140 Earum
1776 5099 1996 5155 quoque

423 5186 730 5241 orationum
771 5185 976 5240 mentio
1027 5184 1086 5237 lit
1136 5183 1192 5237 in
1228 5181 1495 5252 Apologia
1527 5178 1745 5248 Joscphi
1789 5177 1997 5233 Metho-

425 5281 647 5343 nensis;
685 5287 739 5333 ct
771 5291 966 5348 magna
1000 5276 1142 5331 inter
1172 5276 1421 5331 eruditos
1451 5274 1681 5343 qua‘stio
1723 5281 1829 5335 est,
1865 5287 1992 5325 num

423 5373 488 5425 de
519 5371 586 5426 iis
613 5385 751 5442 quas
779 5371 1045 5425 habemus
1067 5367 1257 5424 Graece
1286 5373 1343 5420 et
1363 5363 1635 5419 Latine‘in
1669 5362 1994 5416 Bibliotheca

426 5462 670 5528 Patrum,
700 5471 755 5519 et
785 5464 840 5517 in
873 5460 1234 5517 conciliorum
1268 5455 1705 5513 Collectionibns
1730 5494 1745 5517 ,
1794 5453 1997 5507 intelli-

424 5557 594 5625 genda
643 5556 756 5612 sint
793 5553 1110 5609 Graecorum
1164 5550 1425 5606 Actorum
1457 5548 1639 5601 verba.
1696 5547 1824 5600 Erat
1867 5554 1996 5598 tunc

423 5649 687 5722 Georgius
716 5647 1038 5703 Seholarius
1073 5648 1219 5701 inter
1248 5645 1445 5710 laicos,
1465 5640 1744 5712 judexque
1786 5639 1991 5708 prima-

434 5743 546 5799 rius
572 5742 707 5798 aulze
763 5741 1166 5810 imperatoriae;
1210 5747 1375 5807 atque
1426 5735 1562 5790 adeo
1602 5732 1733 5787 nihil
1771 5733 1989 5793 lllllllttt,

424 5841 570 5911 quod
596 5838 652 5894 in
689 5836 1006 5893 definitione
1042 5833 1301 5906 synodica
1339 5827 1632 5888 scribendo
1662 5816 1768 5881 non
1801 5825 1990 5880 adluc-

2079 3353 2354 3398 auctorem
2406 3343 2681 3397 existimat
2729 3342 3071 3396 diversorum
3123 3342 3386 3394 a’dvcrsus
3427 3339 3652 3393 Latinos

2077 3450 2339 3503 operum;
2378 3441 2541 3504 atque
2610 3433 2685 3488 ita
2719 3441 2829 3487 tres
2885 3432 3149 3501 Georgios
3212 3432 3527 3486 Seholarios
3597 3441 3655 3487 et

2080 3527 2392 3583 Gennadios
2426 3536 2699 3591 recenset,
2732 3528 2850 3589 sed.
2893 3536 2953 3581 ut
2986 3526 3129 3581 infra
3164 3527 3461 3592 videbitur,
3497 3526 3656 3595 plane

2079 3616 2395 3674 infeliciter.
2451 3618 2602 3675 Hanc
2651 3626 2833 3674 tamen
2888 3619 3009 3688 ejus
3058 3618 3433 3688 conjecturam
3481 3617 3655 3673 sccmi

2079 3720 2207 3767 sunt
2240 3725 2431 3767 omnes
2476 3711 2648 3767 ferme
2704 3711 2989 3781 theologi,
3036 3712 3208 3765 donec
3259 3710 3325 3765 lt.
3356 3708 3545 3764 Simon
3573 3709 3657 3763 vir

2081 3804 2433 3859 dortissimus
2460 3802 2648 3858 docuit
2687 3802 3013 3858 certissimis
3054 3802 3394 3871 argumentis
3422 3801 3655 3855 'unicum

2084 3892 2256 3949 fuisse
2277 3892 2643 3949 Gennadium.
2672 3892 2807 3960 Quia
2839 3901 3021 3947 tamen
3057 3892 3173 3946 haec
3213 3890 3367 3961 quasi
3411 3890 3465 3944 in
3513 3906 3657 3959 mp-

2086 3989 2238 4059 έργῳ
2269 3987 2339 4043 ab
2373 4002 2440 4041 eo
2479 3988 2683 4057 scripta
2710 3994 2859 4049 sunt,
2902 4001 3027 4040 cum
3056 3983 3297 4039 brevitas
3327 3983 3510 4053 operis
3548 3998 3655 4036 non

2087 4086 2364 4147 pateretur
2403 4086 2462 4132 ut
2501 4085 2671 4132 totam
2703 4092 2766 4133 ex
2798 4077 3043 4146 antiquis
3110 4074 3481 4130 monumentis
3508 4088 3660 4143 qua:-

2087 4170 2325 4225 stionem
2382 4169 2719 4239 explicaret,
2754 4175 3000 4237 superest
3043 4174 3102 4222 ut
3153 4173 3418 4228 quantum
3475 4164 3661 4219 licebit

2091 4262 2277 4333 paucis
2315 4276 2433 4317 eam
2463 4259 2834 4331 expediamus.

2163 4352 2475 4409 Gennadius
2527 4366 2660 4406 sane
2715 4349 2805 4418 qui
2847 4348 3061 4418 Georgii
3117 4345 3392 4403 Scbolarii
3448 4360 3649 4399 nomen

2093 4447 2306 4513 habuit,
2367 4446 2541 4516 patria
2610 4452 2670 4498 ut
2725 4444 2946 4497 videtur
2998 4438 3662 4509 Constantinopolitanus,

2024 4570 2066 4625 D
2096 4536 2370 4601 doctrina,
2420 4535 2731 4605 eloquentia
2787 4541 2840 4586 et
2867 4532 3011 4601 juris
3064 4531 3255 4601 peritia
3316 4544 3563 4597 magnam
3597 4530 3665 4581 ab

2098 4629 2325 4684 ineunte
2356 4636 2517 4681 :etate
2565 4625 2783 4679 famam
2828 4624 2967 4694 apud
3024 4637 3153 4679 suos
3206 4630 3556 4683 consecutus,
3610 4622 3663 4675 in

2104 4720 2242 4773 aula:
2272 4716 2635 4786 imperatoria:
2664 4713 2972 4769 ministerio
3008 4712 3132 4773 fuit,
3187 4720 3475 4781 antequam
3505 4709 3641 4763 Joan

2098 4827 2195 4867 nes
2222 4809 2559 4879 Palmologus
2625 4807 2680 4861 in
2727 4806 2935 4859 Italiam
2998 4801 3461 4875 proﬁcisceretur.
3515 4801 3669 4854 Tuus

2097 4920 2227 4959 vero
2265 4901 2469 4971 judicis
2529 4899 2772 4971 primarii
2834 4914 3036 4952 munus
3099 4893 3670 4964 sustinebat,Kpt-.ij;

2095 4999 2199 5061 τῆς
2256 4992 2551 5064 βασιλικῆς
2584 4991 2845 5062 κρίσεως,
2907 4997 2969 5042 ιιι
3018 5003 3125 5041 non
3189 4988 3363 5041 solum
3426 4983 3669 5038 Historia

2098 5087 2316 5159 politica
2369 5092 2425 5140 et
2472 5082 2843 5138 ecclesiastica
2891 5079 3034 5150 apud
3069 5076 3470 5139 Crusium,scd
3536 5074 3669 5127 varii
3738 5073 3749 5119 ῗ

2097 5184 2260 5238 etiam
2308 5180 2704 5250 opusculorum
2763 5173 2906 5228 tituli
2966 5180 3262 5227 testantur.
3314 5168 3670 5237 Ncgotiorum

2100 5272 2215 5338 ipse
2240 5271 2545 5324 molestiam
2566 5269 2925 5337 conqueritur
2949 5264 3013 5317 ad
3051 5261 3391 5330 Philelphum
3425 5258 3673 5313 scribens

2101 5361 2184 5412 his
2219 5359 2439 5412 verbis:
2488 5355 2628 5409 Ἀλλ’
2663 5354 2769 5408 ὑπὸ
2798 5354 2908 5406 τῶν
2928 5352 2985 5404 ὲν
3021 5350 3100 5420 τῷ
3131 5349 3377 5412 δικάζειν
3422 5347 3672 5414 οηρύϐων

2096 5452 2205 5505 οὐδ’
2269 5452 2531 5503 ἀναπνεῖν
2590 5448 2775 5516 σχεδὸν
2838 5441 3317 5513 συγχωρούμενυς,
3375 5442 3470 5492 καὶ
3516 5440 3668 5494 ἄκων

2097 5542 2464 5613 ἐξαμαρτάνω
2508 5558 2561 5592 τι
2596 5542 2735 5607 πρὸς
2757 5538 2886 5598 τοὺς
2948 5535 3162 5602 φίλους.
3214 5531 3318 5587 Sed
3339 5531 3669 5600 jndiciorum

2100 5636 2329 5689 tumultu
2400 5647 2699 5701 oppressus,
2757 5630 2843 5681 ria:
2899 5627 3163 5694 respirare
3215 5634 3272 5678 ut
3321 5624 3668 5679 concedatur.

2097 5728 2256 5781 etiam
2290 5727 2481 5779 int-ilus
2526 5723 2765 5774 nonnihil
2787 5737 2909 5790 erga
2954 5720 3153 5771 amicos
3187 5717 3453 5784 dcliuquo.
3511 5716 3669 5781 Quod

2099 5823 2260 5877 etiam
2296 5818 2492 5874 inaltis
2525 5816 2856 5888 quibusdam
2911 5810 2979 5865 ad
3038 5811 3245 5865 amicos
3311 5807 3578 5877 epistolis,
3616 5817 3667 5859 et
