4102 6424
346 430 448 495 Ξτῖ

1860 412 2065 485 i’t't‘a.

3511 422 3615 486 2'8

354 543 678 598 ['It‘SiaSlit‘ﬂ!
728 542 1041 598 concordiae
1079 554 1229 610 spem
1290 538 1545 590 videntur
1612 532 1923 588 inferenda.
1958 542 2003 594 Α
2035 528 2559 584 variislnhliothecm
2588 527 2979 598 licgimcodd.,
3005 543 3196 596 nempe
3223 529 3515 585 Homiliam
3546 536 3614 586 ad

358 637 459 690 Sed
496 652 618 705 qum
678 638 1042 706 legitur'atzt.
1104 632 1175 685 25
1235 629 1535 683 Florentiui
1599 627 1819 681 cinteilii
1877 629 1929 678 in

356 726 558 781 Graecis
586 728 725 780 artis
757 726 978 795 Georgii
1011 721 1277 778 Scholarii
1308 719 1636 788 Responsio,
1661 717 1931 786 ejusmodi

356 828 459 880 εει.
494 830 549 871 ιιι
578 819 692 873 viro
726 820 815 888 pio
849 819 1111 888 pacisque
1141 815 1553 870 studiosissimo
1608 812 1932 880 dignissima

358 908 625 962 videatur.
660 910 903 979 Rogatus
935 910 1083 962 enim
1117 909 1187 962 ab
1211 908 1545 974 imperatore
1605 902 1930 957 sententiam

357 999 426 1055 dc
459 1002 672 1057 unionis
727 1004 991 1066 decreto,
1045 1002 1116 1055 ita
1180 1002 1460 1069 respondit
1485 1001 1563 1067 (Ι)
1591 1014 1604 1049 :
1635 998 1845 1066 Optime
1884 1006 1933 1050 et

356 1094 718 1159 potentissime
748 1095 1060 1162 imperator,
1092 1110 1250 1164 quam
1285 1110 1378 1163 ego
1412 1092 1625 1162 quidem
1657 1091 1931 1144 habuerint

358 1194 407 1236 et
466 1202 599 1239 nunc
631 1188 855 1241 habeam
925 1190 1243 1241 sententiam
1303 1187 1368 1239 de
1402 1187 1679 1253 proposita
1726 1185 1933 1238 unionis

361 1281 605 1342 materia,
638 1280 839 1333 indicat
875 1296 1046 1333 sermo
1093 1296 1124 1332 a
1167 1295 1247 1332 me
1286 1292 1549 1342 utcunque
1587 1279 1929 1347 compositus,

359 1381 409 1421 et
432 1370 552 1423 huic
597 1385 793 1424 nostra:
844 1375 1045 1440 synodo
1094 1371 1328 1435 oblatus,
1396 1388 1497 1440 quo
1548 1384 1729 1425 sacros
1778 1371 1933 1424 hosce

360 1462 686 1515 ld/tuflaltar
719 1463 911 1518 Patres
938 1467 1006 1516 ad
1053 1466 1300 1518 unionem
1361 1474 1408 1519 et
1463 1465 1725 1517 auxilium
1780 1464 1933 1517 rebus

360 1552 963 1625 Constantinopolitanis
1046 1556 1344 1626 feremlum.
1408 1558 1694 1611 Testantur
1770 1558 1933 1610 etiant

358 1652 463 1699 duo
495 1648 676 1713 libelli,
708 1667 837 1720 quos
893 1661 1051 1705 antea
1104 1652 1447 1719 compositos,
1511 1668 1648 1704 nunc
1685 1651 1935 1719 prwsenti

359 1739 557 1805 synodo
589 1741 763 1801 trado,
798 1757 1025 1811 quorum
1072 1744 1212 1796 alter
1245 1742 1525 1795 consilium
1560 1743 1651 1793 dat
1715 1752 1772 1795 ut
1813 1742 1929 1810 ﬁat,

360 1839 407 1878 el
449 1832 709 1897 quomodo
738 1832 856 1899 ﬁeri
906 1835 1092 1887 debeat
1153 1835 1301 1893 uitio,
1334 1842 1383 1886 et
1411 1835 1623 1899 exponit
1678 1833 1933 1903 quidquid

360 1920 507 1971 aliud
539 1924 606 1972 ad
640 1927 777 1974 hunc
807 1926 1087 1977 materiam
1139 1934 1383 1989 spectat:
1423 1926 1561 1978 alter
1618 1940 1733 1978 ceto
1791 1940 1934 1993 qua:-

360 2020 577 2063 sttonem
612 2014 778 2075 ipsam
835 2023 1054 2078 tractat,
1083 2025 1263 2085 estque
1295 2017 1378 2068 illi
1410 2033 1599 2085 scapus
1656 2022 1931 2071 ostendere

358 2104 594 2157 doctores
635 2104 882 2159 Ecclesia:
925 2108 1064 2160 inter
1103 2123 1159 2161 se
1204 2113 1486 2161 concordes
1544 2124 1656 2161 esse
1711 2126 1811 2160 non
1846 2124 1936 2161 ra-

363 2196 586 2248 tionibus
623 2214 685 2249 ac
711 2199 1253 2253 demonstrationibns
1301 2201 1573 2261 hunmnis,
1612 2199 1705 2252 scd
1766 2214 1936 2253 sacra:

361 2283 650 2353 Scripturw
690 2299 737 2341 et
771 2289 1049 2342 doctorum
1081 2291 1385 2343 earumdem
1440 2291 1737 2343 sententiis.
1799 2290 1935 2344 Eos-

362 2376 481 2429 dem
513 2377 676 2433 libros
706 2380 924 2436 oblatos
957 2381 1169 2451 synodo
1208 2381 1378 2435 fuisse
1418 2389 1694 2435 testantur
1744 2385 1933 2434 eadem

362 2468 491 2520 Acta
552 2472 713 2537 paulo
754 2474 1007 2541 superius
1037 2490 1053 2527 :
1083 2471 1215 2526 Post
1268 2474 1556 2526 orationem
1605 2471 1935 2527 Bessarionis

362 2562 545 2614 obtulit
605 2566 750 2618 nobis
819 2564 1129 2620 Scholarius
1213 2569 1457 2620 dominus
1508 2566 1763 2636 Georgius
1831 2579 1935 2620 tres

366 2656 644 2710 Orationes
670 2675 766 2726 pro
823 2661 1015 2713 unione
1041 2660 1445 2725 deliberativas,
1480 2663 1761 2716 cohortans
1815 2664 1937 2713 ani-

363 2766 610 2818 mumque
648 2767 763 2819 nos
816 2753 887 2805 ad
940 2756 1362 2821 amplectendam
1425 2757 1697 2808 unionem.
1763 2754 1937 2825 Vulgo

364 2841 674 2895 existunant
732 2845 854 2899 illas
916 2846 1067 2914 ipsas
1121 2848 1404 2901 orationes
1458 2862 1581 2901 esse
1640 2866 1759 2913 nine
1811 2865 1934 2901 cum

364 2932 513 2985 Actis
540 2935 779 3000 concilii,
836 2945 889 2989 et
947 2938 1181 2991 seorsim
1236 2938 1338 2992 Sub
1381 2938 1600 3007 Georgii
1665 2940 1935 2994 Scholarii

366 3032 583 3079 nomine
603 3031 761 3081 ('tiilil:
787 3038 939 3090 sunt,
978 3040 1165 3083 contra
1209 3046 1372 3100 quam
1416 3033 1591 3086 sensit
1643 3031 1932 3088 Matthqu

364 3116 775 3187 tiatyophyllus,
807 3122 895 3189 qui
951 3124 1091 3174 hanc
1138 3121 1422 3191 vulgarem
1482 3123 1796 3192 opinionem
1845 3139 1936 3178 so-

2035 625 2445 693 Λςιτινᾶφρονας
2501 624 2565 675 de
2612 624 2962 692 purgatorio,
2992 635 3045 678 et
3085 624 3485 691 Responsionem
3544 629 3613 681 ad

2034 732 2216 770 eorum
2242 714 2598 782 obiectiones;
2621 715 2697 767 De
2720 715 3051 781 processione
3076 713 3313 784 Spiritus
3350 720 3542 779 sancti.
3562 729 3617 773 et

2035 812 2140 865 alia
2174 809 2445 879 qtnedam,
2493 808 2562 864 de
2625 808 2829 878 quilms
2884 809 3103 864 dicetur
3156 827 3257 866 suo
3294 811 3437 867 loco.
3504 811 3618 868 Hac

2035 901 2325 954 occasione
2350 898 2620 970 Georgius
2665 898 2990 954 Scholarius
3054 901 3106 953 in
3131 901 3358 958 Joannis
3405 902 3614 957 Palam-

2037 993 2141 1062 logi
2171 992 2530 1047 oﬂ'ensionem
2569 992 2829 1056 incurrit,
2860 993 3101 1062 graviter
3140 996 3406 1050 commoti
3466 998 3610 1065 quod

2037 1087 2296 1139 unionem
2324 1094 2480 1140 tanto
2519 1085 2702 1139 labore
2731 1101 2759 1140 a
2804 1100 2864 1141 se
2924 1097 3296 1156 procuratum,
3346 1097 3401 1142 et
3455 1090 3613 1159 cujus

2037 1177 2300 1233 beneflcio
2329 1179 2527 1233 auxilia
2559 1180 2626 1233 ab
2658 1179 2808 1234 Italis
2837 1180 2887 1233 in
2920 1194 3137 1233 summo
3176 1196 3359 1235 rerum
3390 1197 3613 1235 suarum

2036 1270 2355 1325 discrimine
2406 1273 2721 1326 necessaria
2778 1272 3050 1340 Sperabat,
3092 1273 3409 1330 Scholarius
3462 1293 3614 1338 voce,

2037 1365 2256 1432 Scriptis
2289 1373 2343 1417 et
2401 1365 2755 1427 auctoritate,
2794 1379 2915 1433 quin
2961 1375 3083 1418 erat
3142 1366 3283 1434 apud
3328 1368 3617 1436 populares

2036 1470 2169 1509 suos
2202 1455 2498 1524 prtecipna,
2528 1454 2847 1508 disturbare
2904 1466 3221 1509 conaretur.
3257 1454 3443 1509 Testis
3501 1456 3618 1525 ipsi:

2036 1548 2089 1601 in
2130 1547 2392 1602 Oratione
2452 1548 2797 1617 apologetica
2850 1550 2916 1601 ad
2971 1548 3400 1603 Constantinum
3444 1551 3619 1617 impc-

2039 1651 2304 1705 ratorem,
2344 1642 2419 1695 ita
2472 1652 2653 1694 tamen
2688 1653 2747 1694 ιιι
2803 1643 3002 1695 Joanni
3065 1642 3377 1696 simulatam
3437 1654 3619 1712 potius

2039 1731 2467 1801 indignationem
2532 1747 2693 1800 quam
2748 1732 3019 1787 sinceram
3089 1736 3348 1789 ascribat.
3396 1735 3615 1799 Deinde,

2038 1820 2236 1888 inquit,
2280 1824 2478 1888 optimo
2507 1816 2975 1890 illo'imperatore
3027 1824 3447 1892 indignationem
3508 1842 3618 1893 pra:

2036 1931 2090 1965 se
2110 1915 2303 1981 ferente
2329 1913 2391 1966 ob
2424 1930 2663 1967 verorum
2694 1915 3005 1983 dogmatum
3044 1915 3423 1985 defensionem,
3476 1934 3619 1971 cont-

2036 2005 2349 2058 mittendum
2378 2021 2478 2059 non
2506 2008 2806 2060 existimavi
2832 2047 2846 2070 ,
2878 2017 2935 2060 ut
2987 2007 3176 2075 quibus
3207 2008 3391 2076 fabula
3436 2010 3618 2079 ignota

2037 2107 2171 2159 erat,
2196 2098 2461 2151 videretur
2481 2103 2620 2169 quod
2661 2116 2740 2153 nte
2770 2100 2854 2153 ira
2909 2101 3245 2169 imperatoris
3297 2103 3368 2155 ad
3416 2102 3621 2157 Christi

2029 2190 2222 2258 jugum
2258 2191 2617 2257 eontpelleret,
2661 2203 2710 2245 et
2737 2195 2877 2262 quod
2936 2194 3128 2248 invitus
3157 2197 3227 2248 ad
3272 2198 3619 2269 tranquillam

2036 2284 2198 2336 vitam
2223 2284 2579 2353 confugerem.
2605 2284 2756 2338 Illam
2796 2286 3189 2342 enimcausam
3226 2290 3495 2360 assignat,
3519 2307 3619 2347 cur

2039 2377 2160 2432 vivo
2186 2375 2397 2433 Joanne
2425 2386 2613 2431 votum
2647 2378 2967 2435 monasticae
3009 2381 3132 2435 vine
3178 2381 3274 2436 diu
3325 2398 3453 2439 ante
3488 2402 3618 2441 ron-

2039 2479 2254 2536 ceptum
2292 2485 2399 2524 non
2430 2470 2757 2540 impleverit.

2113 2562 2188 2615 Eo
2250 2563 2418 2617 etiam
2484 2575 2770 2634 regnante,
2857 2575 2979 2634 post
3046 2568 3285 2622 reditum
3342 2586 3408 2625 ex
3461 2571 3617 2627 Italia

2038 2658 2264 2725 scripsit
2300 2655 2595 2713 Orationes
2621 2658 2674 2712 itt
2714 2658 3066 2712 homiliarum
3112 2661 3336 2715 modum
3394 2663 3617 2727 multas,

2038 2767 2160 2820 qua:
2190 2752 2514 2820 legebantur
2572 2752 2863 2807 concionis
2902 2752 3046 2815 loco,
3080 2754 3164 2808 vel
3216 2756 3619 2819 scribebantur,

2040 2856 2328 2913 posmuam
2362 2845 2482 2897 viva
2521 2859 2652 2898 voce
2703 2853 2863 2898 erant
2906 2845 3248 2907 declatnatte,
3310 2855 3370 2901 ut
3410 2863 3472 2902 ex
3533 2849 3620 2901 iu-

2039 2938 2339 3004 seriptione
2370 2952 2494 3004 qtne
2536 2936 2778 2989 occurrit
2829 2936 2883 2989 in
2933 2948 3125 2991 nostro
3167 2939 3359 2993 codice
3411 2941 3621 3009 colligi-

2039 3041 2184 3081 mus.
2239 3027 2352 3081 Etsi
2404 3030 2551 3082 enim
2604 3029 2778 3083 laicus
2815 3044 2989 3099 usque
3037 3031 3105 3083 ad
3161 3042 3473 3102 susceptam
3528 3049 3622 3103 pa-

2040 3118 2392 3173 triartbalem
2419 3120 2737 3189 dignitatem
2765 3120 3034 3191 Georgius
3087 3123 3411 3181 Scholarius
3470 3128 3622 3181 vixe-

368 3208 642 3264 lidissimis
704 3212 1009 3266 rationibus
1081 3212 1408 3279 confutavit,
1460 3216 1728 3270 adversus
1793 3231 1931 3284 quas
1958 3226 2001 3285 ο
2044 3214 2134 3278 rit,
2165 3215 2250 3266 vix
2278 3222 2459 3267 tamen
2483 3215 2737 3269 dubitare
2764 3216 2889 3269 licet
2913 3230 3038 3269 eum
3069 3232 3256 3271 coram
3288 3218 3623 3288 imperatore

365 3300 627 3354 Allatiaua
660 3303 908 3357 defensio
942 3304 1082 3358 nihil
1114 3317 1209 3358 aut
1264 3321 1460 3375 parum
1520 3307 1672 3361 facit.
1710 3307 1818 3362 Sed
1869 3312 1936 3364 de

364 3393 471 3458 his,
512 3394 637 3463 quia
678 3397 963 3466 operosior
1004 3398 1239 3466 quaestio
1299 3409 1405 3466 est,
1440 3400 1653 3455 dicetur
1716 3401 1809 3455 ubi
1868 3401 1936 3456 de

364 3488 623 3555 Operibus
652 3488 926 3544 Scholarii
959 3490 1354 3561 disputandum
1383 3497 1508 3547 erit.
1552 3494 1609 3547 id
1651 3494 1811 3548 habet
1844 3510 1940 3548 att-

365 3591 469 3634 tcm
489 3580 830 3652 Caryophilli
867 3584 1138 3638 sententia
1170 3585 1466 3649 commodi,
1493 3585 1638 3655 quod
1666 3587 1711 3641 si
1732 3602 1937 3657 Suppo-

364 3672 498 3727 sitas
525 3675 807 3729 Seholario
836 3675 1009 3730 fuisse
1036 3691 1067 3730 a
1097 3674 1303 3730 Grecis
1327 3677 1642 3732 concordiae
1671 3679 1939 3733 studiosis

364 3767 640 3820 orationes
665 3766 800 3822 istas
840 3771 1162 3833 statuimus,
1199 3771 1350 3824 nulla
1383 3772 1557 3826 lenne
1588 3783 1847 3842 superest
1870 3774 1939 3827 de

367 3873 473 3911 uno
497 3858 576 3911 vel
620 3859 852 3928 geminis
910 3858 1215 3916 Scholariis
1273 3872 1327 3917 et
1356 3863 1659 3919 Gennadiis
1708 3875 1937 3919 contro-

365 3948 689 4014 versia.Qui
739 3953 885 4005 enim
950 3952 1124 4006 letum
1175 3954 1320 4008 hunc
1380 3955 1742 4011 celeberrimo
1791 3956 1938 4024 apud

362 4041 581 4097 Gram-os
609 4044 919 4099 scbismatis
947 4047 1338 4103 tenacissimos
1367 4050 1579 4102 auctori
1620 4049 1935 4119 supposuit,

367 4135 541 4204 potuit
576 4136 738 4189 etiam
772 4137 921 4191 nullo
970 4140 1194 4208 negotio
1246 4139 1401 4195 Actis
1449 4141 1643 4210 graecis
1694 4144 1938 4195 inserere

364 4241 486 4296 qua:
515 4226 624 4282 illic
674 4228 738 4283 ad
787 4228 1005 4283 illarum
1060 4232 1452 4287 auctoritatem
1504 4234 1937 4288 continuandam

366 4319 640 4389 leguntur.
671 4320 805 4374 Nam
831 4323 877 4377 si
908 4323 1023 4377 haec
1056 4338 1230 4393 pauca
1270 4326 1431 4380 verba
1461 4328 1837 4395 excipiuntur,
1881 4338 1938 4381 et

368 4413 533 4467 Marci
564 4413 785 4483 Ephesii
823 4416 1067 4486 Epistula
1099 4432 1219 4486 qua:
1249 4426 1377 4472 ante
1411 4434 1618 4488 paucos
1652 4434 1827 4473 annos
1870 4420 1939 4473 ab

364 4502 563 4557 Allatio
595 4504 738 4559 edita
804 4516 907 4569 rst,
952 4508 1040 4561 vix
1102 4509 1401 4577 quidquam
1462 4510 1514 4561 in
1564 4510 1705 4562 illius
1754 4511 1933 4564 saeculi

2037 3314 2091 3360 et
2120 3316 2315 3359 senatu
2370 3306 2601 3377 singulis
2660 3307 2831 3362 sextis
2868 3307 3018 3363 feriis
3078 3324 3143 3363 ex
3176 3321 3433 3381 suggestu
3494 3328 3626 3367 con-

2038 3399 2314 3451 cionatum
2355 3398 2548 3463 fuisse,
2585 3414 2690 3452 non
2727 3400 2875 3469 quod
2916 3402 3273 3470 magistratus
3307 3405 3398 3458 ille
3459 3422 3622 3473 quem

2037 3491 2301 3559 gerebat,
2395 3492 2828 3546 ecclesiasticam
2900 3494 3197 3562 quamdam
3299 3496 3626 3563 dignitatem

2038 3584 2353 3650 adjunctam
2409 3584 2780 3646 haberet,scd
2812 3584 2941 3654 quia
2997 3586 3051 3640 itt
3105 3588 3471 3657 imperatorio
3526 3599 3629 3643 trt-

2038 3676 2204 3730 cltnio
2243 3676 2576 3743 vespertinis
2604 3687 2659 3731 et
2708 3678 3105 3746 pomeridianis
3136 3680 3290 3732 horis
3342 3681 3621 3735 declama-

2040 3766 2151 3827 bat,
2186 3782 2292 3820 non
2322 3783 2385 3822 ex
2415 3771 2674 3833 amboue,
2710 3780 2803 3823 aut
2838 3785 2999 3825 mane
3030 3772 3169 3827 inter
3195 3788 3470 3844 synases;
3515 3776 3622 3829 hoc

2038 3859 2184 3909 enim
2220 3857 2569 3911 sacerdotum
2618 3860 2923 3915 secundum
2985 3862 3415 3918 ecclesiasdeam
3460 3866 3626 3919 disci-

2040 3948 2245 4018 plinam
2296 3966 2497 4005 munus
2541 3959 2740 4014 erat,et
2794 3954 3005 4007 similes
3059 3955 3255 4009 Leonis
3301 3955 3623 4027 Philosophi

2037 4053 2092 4096 et
2115 4042 2325 4112 aliquot
2356 4044 2589 4097 aliorum
2623 4044 2891 4098 laieorum
2921 4046 3210 4102 orationes
3237 4059 3478 4104 exstant.

2114 4133 2373 4188 Testatur
2406 4136 2520 4204 ipse
2548 4134 2869 4190 Scholarius
2913 4139 3331 4192 reconciliatum
3400 4142 3621 4194 tandem

2040 4228 2145 4284 sibi
2179 4228 2350 4283 fuisse
2406 4238 2652 4281 extremo
2709 4228 2830 4283 vita:
2888 4238 3135 4298 tempore
3195 4227 3462 4285 Joannem
3518 4233 3624 4287 im-

2041 4332 2372 4389 peratorem,
2422 4320 2648 4387 jamque
2706 4321 2809 4374 sibi
2871 4335 2979 4375 non
3064 4321 3299 4376 obscure
3356 4324 3622 4378 faventem

2039 4412 2206 4464 vitam
2276 4426 2402 4465 cum
2460 4422 2635 4466 norte
2694 4426 3087 4466 commutasse.
3135 4412 3396 4479 Quamvis
3462 4432 3627 4485 pono

2043 4504 2182 4571 apud
2207 4501 2432 4556 Latinos
2462 4518 2656 4556 omnes
2685 4515 2941 4558 auctores
2966 4515 3019 4558 et
3059 4504 3276 4559 Graecos
3313 4509 3502 4561 uniuni
3528 4510 3627 4561 ad-

369 4599 740 4651 tnonumentis
762 4601 1031 4664 occurrit,
1064 4602 1204 4653 unde.
1228 4598 1575 4653 Gennadium
1628 4618 1741 4655 sive
1769 4603 1941 4656 Seho-
1973 4572 2017 4630 υ
2044 4597 2221 4648 dictus
2256 4597 2501 4663 legamus
2528 4591 2876 4663 imperatoris
2940 4600 3185 4651 animum
3245 4614 3272 4653 a
3328 4604 3626 4656 concordia

368 4686 561 4741 larium
603 4698 821 4743 constet
858 4689 1234 4745 Ecclesiarum
1284 4692 1598 4746 sanciendae
1634 4694 1939 4747 concordiae

369 4793 592 4833 navasse
616 4794 861 4848 operam,
888 4798 1012 4836 cum
1046 4782 1101 4835 in
1131 4783 1321 4837 cadent
1361 4782 1754 4852 disrumpenda
1782 4784 1937 4837 deiu-

365 4884 491 4937 ccps
526 4872 591 4923 ad
640 4882 941 4925 extremam
1004 4891 1179 4943 usque
1233 4884 1451 4929 aetatem
1492 4877 1937 4946 pertinacissime

364 4973 664 5030 occupatus
699 4963 872 5018 fuisse
907 4967 1178 5019 videatur.

436 5055 561 5109 Sive
583 5058 771 5125 igitur,
795 5071 854 5113 ut
872 5059 985 5113 ﬁeri
1015 5062 1239 5113 omnino
1262 5058 1455 5128 potuit,
1481 5058 1744 5130 Georgius
1766 5058 1936 5115 Scho-

364 5149 533 5203 laiius
562 5150 783 5207 Graecos
822 5152 1113 5206 Florentia:
1144 5155 1211 5206 ad
1232 5152 1488 5206 unionem
1530 5151 1781 5206 hortatus
1813 5152 1934 5207 iue-

364 5245 453 5301 tit,
490 5242 607 5297 sive
664 5258 824 5298 secus
886 5244 1082 5313 egerit,
1126 5244 1180 5298 id
1234 5243 1378 5297 enim
1414 5243 1572 5313 plane
1634 5245 1932 5298 obscurum

361 5342 463 5397 est,
494 5350 746 5388 reversus
768 5351 890 5390 cum
931 5334 1142 5391 Joanne
1203 5335 1508 5404 Palmologo
1540 5333 1936 5391 Constantino-

364 5427 547 5493 potim,
580 5426 935 5496 adjttnxitese
970 5427 1152 5481 Marco
1183 5428 1419 5497 Ephesio
1477 5427 1530 5480 in
1563 5428 1931 5497 oppugnanda

366 5519 564 5570 unione
592 5534 710 5585 qua:
735 5517 1026 5573 Florentia:
1051 5521 1259 5573 sancita
1291 5516 1487 5572 fuerat.
1515 5520 1693 5587 Atque
1725 5521 1839 5583 illo,
1877 5531 1935 5573 ut

364 5610 597 5675 videtur,
660 5614 925 5687 temporis
1012 5612 1298 5666 intervallo
1380 5612 1605 5685 scripsit
1665 5612 1935 5681 Georgius

365 5701 531 5756 multa
571 5704 832 5758 achrSUS
863 5704 1086 5760 Latinos
1132 5706 1560 5776 apuscula,qu:c
1618 5716 1839 5760 exstant
1877 5708 1929 5761 in

432 5884 506 5955 (Ι)
534 5882 608 5936 Ex
637 5885 887 5942 versiotr:
922 5888 1190 5958 CaryOph.
1215 5903 1266 5957 p.
1296 5884 1399 5939 478
1426 5885 1554 5941 edit.
1596 5885 1722 5941 Par.

2044 4699 2206 4753 quam
2242 4684 2531 4738 Florentiae
2548 4686 2963 4755 subscriptione
2991 4688 3327 4755 (irritaverat,
3356 4706 3624 4760 nusquam
3709 4690 3721 4698 ’

2046 4777 2220 4832 fuisse
2269 4778 2608 4844 alienatum;
2660 4781 2997 4834 dissentiunt
3053 4791 3233 4835 tamen
3286 4784 3624 4838 schismabct

2043 4870 2217 4925 lenne
2282 4887 2495 4925 omnes.
2557 4871 2633 4925 Ita
2667 4874 2865 4941 legitur
2900 4875 2951 4928 in
3017 4874 3176 4927 titulo
3221 4879 3651 4947 pseudosynodi

2042 4962 2714 5031 Constantinopolitanu,
2797 4966 2849 5019 in
2908 4968 3191 5023 Addendis
3257 4974 3395 5041 apud
3478 4975 3628 5026 Alla-

2048 5055 2180 5108 tium
2239 5054 2316 5121 (2)
2349 5072 2363 5109 :
2397 5056 2552 5120 Quce,
2598 5056 2799 5126 inquit,
2854 5059 3037 5113 habita
3088 5061 3191 5128 fuit
3235 5073 3348 5131 post
3384 5073 3623 5116 exactam

2042 5149 2505 5216 pseudosynodum
2534 5147 2906 5203 Flerentinant
2942 5156 3098 5205 unius
3128 5165 3174 5205 et
3235 5157 3445 5208 dimidii
3490 5157 3619 5208 anni

2043 5241 2348 5303 intervallo,
2382 5253 2429 5293 et
2460 5252 2577 5309 post
2609 5240 2808 5294 obitum
2829 5242 3055 5297 Joannis
3086 5243 3375 5313 Palceoloﬁ
3396 5250 3622 5315 quicum

2042 5332 2249 5386 Latinis
2281 5334 2653 5397 sentiebat,ab
2701 5334 2859 5387 Italis
2894 5337 2988 5387 sub
3022 5351 3110 5402 spe
3141 5339 3335 5390 auxilii
3384 5339 3618 5406 delusus,

2043 5439 2163 5481 ante
2220 5436 2394 5481 tamen
2455 5429 2651 5480 alutam
2702 5427 2994 5481 orthodoxa
3051 5430 3287 5497 dogmati
3349 5447 3624 5486 assensum

2043 5522 2366 5590 prabuerat.
2401 5520 2553 5575 Tunc
2604 5521 2925 5574 Scholarius
2968 5521 3286 5576 domesticis
3340 5527 3502 5579 rebus
3533 5544 3628 5580 or-

2045 5615 2251 5668 dinatis
2274 5621 2392 5668 erat
2414 5630 2533 5666 mox
2563 5628 2680 5666 sese
2735 5612 2788 5664 in
2825 5611 3226 5665 monastetinm
3282 5632 3419 5683 recc.
3447 5626 3617 5677 turus.

2041 5723 2165 5760 cum
2203 5705 2545 5774 promit-itum
2581 5715 2791 5757 mutare
2823 5715 3047 5760 cunctus
3082 5716 3191 5760 cst.
3248 5707 3397 5763 OLiit
3429 5716 3623 5764 eodem

2118 5886 2191 5958 (Ξ)
2221 5887 2357 5942 .\dd.
2392 5889 2457 5941 ad
2488 5887 2522 5939 l.
2564 5902 2617 5941 ιιι
2660 5886 2728 5942 De
2759 5902 2911 5957 perp.
2946 5902 3102 5943 Cons.
3137 5907 3188 5961 p.
3229 5890 3359 5949 i580
3390 5905 3439 5948 et
3503 5910 3620 5962 seq.
