4102 6428
452 435 560 491 asa

1468 477 1472 482 .
1561 430 1936 491 GENNADH
1983 428 2088 488 cr.
2134 407 2645 488 PATllIARCil/E

3594 427 3700 491 2ΰο

453 542 669 594 circiter
695 550 935 610 tempore
971 539 1181 594 Marcus
1216 540 1514 610 Ephesius,
1542 543 1702 611 pmlo
1727 550 1852 596 ante
1882 555 2023 594 more
2053 545 2098 599 Α
2129 542 2357 610 recepit.
2401 541 2636 611 Scripsit
2696 540 2860 598 simul
2914 539 3326 596 valedictoriam
3383 539 3698 595 Oiationeni

455 645 561 686 tein
619 631 845 687 Joannis
877 632 1189 700 l’alieologi.
1248 632 1522 702 Georgius
1578 632 1863 688 morientis
1922 647 2017 685 su-

455 739 670 793 premas
713 737 869 776 voces
924 723 1158 791 excepit,
1210 731 1264 776 et
1315 725 1368 777 in
1414 723 1536 793 ejus
1568 725 1730 778 verba
1773 723 2017 792 juravit,

456 812 563 867 Deo
583 824 636 868 et
667 815 876 884 angelis
909 814 966 868 in
999 814 1378 868 testimonium
1431 817 1732 880 advocatis,
1777 825 2020 870 servatu-

453 920 577 959 iuni
633 921 694 960 se
751 918 985 960 veterem
1038 906 1222 968 tidem,
1271 915 1327 960 et
1415 916 1603 962 contra
1651 906 2019 962 Florentinam

459 999 714 1051 unionem
743 1008 1006 1066 perpetuo
1027 1012 1092 1051 ex
1123 996 1285 1052 amici
1317 1004 1372 1050 et
1395 979 1750 1066 praeceptoris
1782 999 1864 1053 sui
1894 1013 2020 1052 scn-

460 1090 636 1141 tentia
661 1095 1052 1154 pugnaturum.
1081 1084 1205 1140 Hice
1230 1087 1342 1155 ipse
1373 1086 1566 1141 Scribit
1593 1087 1647 1140 in
1683 1087 1929 1157 Epistula
1954 1086 2021 1140 ad

458 1176 1097 1246 Constantinopolitanos
1179 1186 1435 1246 tauquam
1498 1178 1826 1233 notissima:
1875 1195 2023 1232 mor-

462 1281 611 1322 tuum
641 1283 768 1322 vero
806 1269 1055 1322 oratione
1089 1268 1350 1332 laudavit,
1384 1285 1506 1338 qua:
1540 1280 1720 1324 exstat
1755 1271 1806 1323 in
1855 1271 2024 1324 variis

461 1361 761 1414 codicibus.
794 1361 1020 1414 Exstant
1050 1375 1268 1428 quoque
1299 1359 1352 1413 in
1384 1361 1669 1416 codicibus
1722 1359 1906 1430 llegiis
1933 1378 2025 1414 ex-

465 1465 632 1504 trema
660 1450 822 1506 Marri
854 1449 1073 1518 Ephesii
1101 1451 1350 1503 tuorituri
1379 1451 1445 1503 ad
1473 1449 1816 1506 Scholarium
1839 1455 2023 1516 vorba,

465 1545 664 1611 quibus
692 1543 793 1611 ipsi
826 1541 1028 1596 Graecia
1059 1540 1315 1596 Ecclesia:
1343 1554 1405 1612 et.
1432 1543 1553 1612 ejus
1587 1543 1907 1612 dogmatum
1931 1545 2024 1598 de-

468 1635 774 1689 fctlsioltcttl
817 1633 1207 1688 commendat:
1243 1633 1512 1688 Scholarii
1559 1650 1776 1708 quoque
1805 1650 2029 1705 respou-

467 1728 570 1789 sio,
599 1740 718 1794 quae
747 1725 874 1778 huic
905 1723 1160 1792 Epistolte
1184 1725 1343 1793 plane
1377 1735 1740 1780 consentanea
1780 1734 1883 1779 est.

537 1815 728 1869 Joauni
759 1813 1062 1882 Palmologo
1108 1814 1794 1868 successitConstantinus
1831 1815 2024 1881 lrater,

2124 632 2190 686 ad
2221 633 2664 699 Constantinum,
2693 650 2815 705 qua:
2852 643 3028 688 exstat
3069 634 3130 688 in
3156 633 3349 687 codice
3370 630 3558 700 Regio,
3591 647 3699 700 qua

2127 739 2230 777 non
2281 725 2457 780 Solum
2498 726 2912 781 criminationes
2965 725 3416 780 adversariorum
3471 731 3704 778 conatur

2126 815 2362 880 diluere,
2420 816 2513 872 sed
2565 831 2708 884 siepe
2763 817 2818 872 in
2877 816 2992 873 suis
3046 815 3303 870 laudibus
3339 814 3566 877 nimius,
3613 829 3702 867 res

2127 918 2308 978 gestas
2337 923 2436 978 pro
2493 909 2765 979 tnajorum
2815 909 3081 978 religione
3120 905 3347 969 tuenda,
3382 911 3741 971 susceptos-_

2127 1018 2232 1069 que
2261 1002 2474 1058 labores
2505 1003 2557 1056 in
2589 1003 2790 1058 crelum
2823 1003 2984 1066 tollit,
3017 1001 3090 1054 ita
3122 1009 3182 1054 ut
3209 998 3468 1054 vanitatis
3490 1003 3544 1050 et
3572 1009 3701 1065 pro-

2131 1093 2333 1155 terviae,
2361 1092 2415 1146 in
2455 1109 2558 1162 qua
2580 1102 2872 1148 accusatus
2897 1101 3003 1154 est,
3029 1091 3190 1159 culpa
3222 1104 3328 1142 non
3354 1096 3530 1140 vacet.
3559 1087 3698 1139 Cum

2131 1183 2272 1237 hanc
2300 1185 2601 1238 orationem
2636 1185 2925 1248 scriberet,
2982 1182 3160 1236 adhuc
3209 1180 3385 1234 laicus
3415 1179 3468 1232 in
3515 1194 3706 1230 mona-

2132 1276 2304 1329 sterio
2359 1274 2768 1330 Pantocratoris
2815 1273 3110 1336 residebat,
3167 1271 3315 1326 unde
3373 1269 3614 1339 migrans
3647 1268 3700 1320 in

2131 1367 2462 1432 Card'ancti,
2511 1366 2619 1420 illic
2665 1366 2884 1418 schema
2932 1363 3047 1418 sive
3108 1363 3348 1416 habitum
3387 1359 3698 1427 religiosum

2131 1462 2358 1530 accepit.
2391 1459 2464 1513 lta
2489 1459 2647 1512 docet
2678 1473 2779 1511 nos
2813 1456 2975 1525 hujus
2999 1455 3270 1510 orationis
3310 1451 3604 1520 inscriptio
3640 1451 3692 1501 in

2135 1549 2300 1620 Regio
2322 1551 2533 1604 codice.
2553 1547 2784 1604 Videtur
2809 1557 2990 1602 autem
3019 1546 3180 1601 simul
3199 1544 3480 1612 accepisse
3502 1555 3701 1594 nomen

2134 1639 2401 1694 Gcnnadii
2449 1639 2603 1708 juxta
2659 1637 2938 1705 vulgarem
2969 1635 3114 1705 apud
3145 1633 3374 1687 Graecos
3401 1638 3702 1684 consuetu-

2135 1733 2339 1796 dinem,
2367 1743 2428 1787 ut
2477 1731 2569 1800 qui
2606 1729 2807 1784 mundo
2848 1743 2945 1797 per
2976 1728 3103 1781 vita:
3145 1725 3464 1780 monaStice
3493 1723 3706 1792 proles-

2138 1826 2348 1879 sionem
2385 1821 2780 1885 renuntiarent,
2812 1821 2976 1874 etiam
3006 1832 3206 1871 nomen
3229 1815 3514 1883 antiquum
3547 1814 3700 1882 quasi

471 1910 862 1975 imperatorum
905 1904 1638 1974 Constantinopolitanoruin
1693 1915 2030 1974 postremus,

2141 1934 2235 1989 per
2265 1916 2488 1970 alteram
2519 1915 2866 1968 nativitatem
2894 1919 3206 1965 mutarent:
3237 1926 3359 1963 mox
3385 1910 3534 1962 enim
3559 1907 3702 1963 Gen-

468 2009 700 2052 exeunte
741 2011 887 2051 anno
929 1996 1061 2052 Jesu
1098 1997 1303 2052 Christi
1353 1997 1512 2052 ius.
1543 1996 1700 2065 Apud
1733 2012 1894 2067 quem
1922 2009 2036 2053 sta-

471 2088 564 2142 tim
595 2087 916 2142 Scholarius
945 2095 1239 2142 accusatus
1279 2093 1386 2150 est,
1419 2085 1582 2156 quasi
1621 2086 2035 2151 ecclesiasticis,

469 2181 610 2248 apud
643 2195 781 2246 quos
831 2178 1124 2248 plurimutn
1169 2185 1406 2247 poterat,
1451 2187 1649 2232 auctor
1683 2178 1878 2235 fuisset
1909 2194 2038 2249 pro-

471 2252 840 2328 crasiiuaudae
901 2271 1280 2328 coronationis
1329 2287 1454 2341 quae
1494 2272 1872 2329 ecclesiastico
1925 2276 2036 2328 ritu

471 2380 596 2420 cum
636 2364 806 2419 variis
845 2364 1099 2434 precibus
1131 2365 1399 2418 celebrari
1441 2363 1672 2420 solebat.
1719 2364 1905 2436 Neque
1935 2383 2035 2422 ne-

474 2457 632 2526 gabat
662 2456 821 2523 plane
843 2452 1119 2523 Georgius
1151 2455 1474 2512 Scholarius
1497 2455 1858 2512 dilferendain
1892 2474 2034 2524 esse,

473 2546 647 2601 donec
692 2545 952 2600 Ecclesia:
1002 2553 1058 2601 et
1100 2546 1418 2615 reipublicae
1474 2548 1886 2616 consuleretur;
1944 2552 2038 2605 sed

475 2654 584 2692 non
612 2639 721 2693 alio
754 2638 804 2693 id
844 2638 1024 2692 aiebat
1065 2638 1266 2694 fecisse
1325 2639 1534 2705 animo,
1585 2655 1750 2710 quam
1797 2643 2034 2698 utiabe-

475 2729 733 2785 iactatam
781 2728 1050 2799 majorum
1105 2728 1267 2786 fidem
1303 2731 1725 2788 restaurandam
1775 2743 2036 2797 curaret,

474 2829 586 2879 tam
613 2820 732 2878 [idet
756 2838 917 2893 quam
941 2822 1262 2892 imperatori
1302 2827 1624 2890 consulens,
1658 2823 1732 2878 ah
1756 2823 2036 2878 hominum

477 2930 606 2970 vero
632 2913 972 2969 nefariorum
1010 2912 1256 2967 consiliis
1281 2912 1654 2968 alienissimus
1677 2951 1694 2980 ,
1719 2911 1918 2982 quippe
1944 2912 2037 2982 qui

475 3021 675 3061 novum
709 3004 1098 3073 imperatorem
1162 3004 1426 3072 singulari
1465 3016 1651 3058 amore
1709 3004 2042 3071 complecte-

479 3110 655 3160 retur,
685 3103 742 3148 et
773 3095 844 3148 ab
872 3110 938 3149 eo
985 3094 1040 3148 in
1074 3095 1276 3148 melius
1317 3111 1404 3150 res
1462 3109 1591 3150 suas
1639 3104 2037 3150 commutatum

2142 2010 2336 2066 nadius
2367 2008 2547 2063 vocari
2584 2006 2769 2077 erepit,
2805 2016 2966 2074 atque
2989 2003 3126 2058 adeo
3149 2010 3442 2071 antequam
3473 2001 3709 2069 patriar-

2141 2105 2244 2159 cha
2277 2104 2678 2171 designaretur,
2700 2107 2894 2154 contra
2931 2112 3094 2165 quam
3125 2111 3192 2150 ex
3230 2094 3442 2148 Malaxo
3471 2091 3705 2146 Historia

2141 2193 2380 2264 politica,
2417 2203 2470 2247 et
2493 2190 2823 2262 quibusdam
2854 2189 2978 2244 aliis
2999 2185 3321 2241 auctoribus
3349 2184 3538 2239 docuit
3559 2183 3705 2236 Alla-

2144 2287 2273 2340 tius.
2313 2287 2434 2352 Quo
2477 2283 2596 2339 solo
2630 2288 2973 2355 argumento,
3007 2279 3111 2334 etsi
3159 2277 3364 2332 nullius
3419 2274 3701 2346 ponderis,

2144 2387 2314 2434 totam
2356 2377 2424 2432 de
2471 2376 2686 2431 duobus
2735 2375 3034 2431 Gennadiis
3062 2372 3484 2442 disputationem
3517 2384 3708 2439 super-

2145 2469 2370 2523 struxit.
2404 2466 2561 2522 Uude
2621 2468 2782 2521 etiam
2836 2464 3106 2520 refellitur
3159 2463 3330 2517 altera
3369 2463 3486 2533 ejus
3539 2462 3709 2515 histo-

2145 2560 2260 2615 rica
2287 2559 2598 2613 observatio
2624 2557 2768 2612 circa
2787 2555 3053 2610 Cennadii
3081 2553 3478 2622 professionem
3518 2561 3709 2605 mona-

2143 2651 2361 2711 sticam,
2419 2662 2582 2716 quam
2637 2645 2888 2700 abdicata
2936 2642 3294 2714 patriarchali
3324 2641 3614 2712 dignitate,
3653 2651 3710 2695 et

2143 2739 2520 2810 quinquennio
2548 2747 2666 2806 post
2695 2744 2912 2805 captain
2949 2735 3141 2789 urbem
3175 2732 3376 2788 factam
3403 2732 3704 2794 existimat,

2144 2846 2270 2886 cum
2324 2828 2595 2882 uovenuio
2657 2825 2780 2896 plus
2806 2824 2988 2880 minus
3031 2823 3428 2879 abdicationem
3473 2838 3707 2892 praeces-

2145 2923 2298 2978 serit.
2329 2918 2440 2974 Nec
2469 2917 2615 2972 enim
2650 2915 2846 2970 Malaxi
2877 2925 2932 2971 et
2961 2913 3232 2970 Theodori
3255 2913 3579 2984 Zygomala',
3613 2915 3707 2984 qui

2143 3013 2433 3069 Historiam
2455 3009 2728 3080 politicam
2759 3008 3132 3070 concinnavit,
3167 3014 3319 3060 tanta
3347 3016 3431 3061 eSt
3468 3006 3708 3058 auctori-

2147 3113 2252 3167 tas,
2285 3112 2344 3158 ut
2377 3113 2664 3158 auctorum
2717 3099 3007 3168 mqualium
3039 3095 3354 3153 testimonia
3391 3097 3707 3152 labefactat.

481 3186 548 3238 iri
577 3193 846 3254 speraret,
879 3185 1040 3254 cujus
1074 3185 1250 3254 gratia
1295 3184 1616 3248 adversam,
1674 3193 1734 3238 ut
1791 3185 2034 3239 sciebant

485 3291 670 3297 μη---
727 3275 998 3297 .___.__-__
1036 3275 1219 3297 .--τμη
1737 3291 1863 3297 __-_-
1893 3276 2004 3297 η--

2147 3191 2282 3250 Nam
2313 3193 2538 3249 Michael
2591 3193 2768 3249 Ducas
2800 3201 2923 3246 ante
2971 3197 3186 3258 captam
3215 3191 3401 3244 urbem
3439 3189 3710 3243 Gennadii

433 3276 436 3279 ’
479 3291 695 3344 omnes,
725 3275 1002 3331 fortunam
1036 3275 1227 3332 fuisset
1255 3289 1534 3346 expertus.
1566 3275 1704 3331 Cum
1737 3291 1870 3332 vero
1892 3276 2038 3332 Con-

481 3367 754 3421 stantinus
793 3366 1168 3420 imminentem
1207 3367 1334 3431 sibi,
1365 3376 1418 3420 et
1446 3381 1567 3436 qua:
1593 3376 1716 3437 post
1745 3382 1921 3422 annos
1951 3367 2038 3422 vix

480 3459 724 3526 quinque
745 3469 1041 3512 consecuta
1074 3466 1181 3520 est,
1212 3457 1421 3512 cladem
1447 3465 1718 3521 metuens,
1751 3459 1950 3513 auxilia
1972 3459 2043 3515 ab

484 3548 630 3603 Italis
661 3547 980 3616 postularet,
1025 3563 1148 3618 qua:
1174 3547 1434 3604 Nicolaus
1469 3551 1528 3616 V,
1564 3550 1804 3618 pontifex
1843 3549 2042 3606 Roma-

480 3655 608 3702 nus,
645 3639 936 3693 nonaliter
968 3640 1363 3707 pollicebatur,
1399 3657 1560 3711 quam
1597 3641 1644 3696 si
1668 3627 2040 3698 Florentinam

481 3733 739 3784 unionem
798 3730 1170 3796 continuaret,
1219 3739 1275 3786 et
1330 3731 1394 3786 ad
1454 3746 1572 3787 eam
1605 3734 2040 3802 amplectendam

479 3822 699 3876 Graecos
723 3822 1021 3890 praiscrtiui
1047 3823 1457 3878 ecclesiasticos
1485 3833 1537 3878 et
1570 3825 1871 3882 monachos
1895 3840 2045 3882 rom-

479 3913 726 3980 pcllciet,
754 3912 933 3967 missa:
969 3920 1097 3967 sunt
1131 3928 1161 3966 a
1193 3914 1453 3983 pontifice
1495 3914 1795 3984 legationes
1836 3916 2044 3987 aliquot

478 4003 1052 4074 Constantinopolim;
1101 4004 1275 4074 prima
1326 4006 1544 4060 videtur
1595 4007 1766 4064 fuisse
1798 4009 2041 4082 episcopi

476 4095 748 4161 Cortonai,
787 4097 881 4166 qui
923 4111 1048 4151 cum
1099 4094 1303 4153 Graecis
1329 4097 1598 4169 theologis
1633 4100 1832 4172 smpius
1851 4102 2040 4173 dispu-

478 4188 632 4250 tat'il,
657 4189 816 4243 annis
840 4187 1062 4244 circiter
1121 4197 1359 4258 quatuor
1393 4199 1519 4245 aute
1571 4201 1784 4261 captam
1826 4195 2041 4250 urbem.

476 4276 791 4332 Graecorum
832 4288 1017 4349 partes
1073 4283 1332 4337 tuebatur
1373 4283 1646 4354 Georgius
1694 4283 2039 4352 Scholarius,

477 4371 567 4436 qui
596 4370 992 4439 disputationes
1035 4373 1244 4440 scripto
1275 4375 1598 4442 complexus
1631 4385 1738 4440 est,
1762 4385 1818 4431 et
1869 4377 2041 4432 variis

477 4460 761 4527 opusculis
807 4458 1036 4515 Latinos
1093 4462 1424 4516 refellendos
1468 4455 1735 4532 suscepit.
1799 4463 2042 4519 Meminit

479 4549 678 4617 ipsein
729 4549 970 4617 Epistula
1009 4549 1077 4604 ad
1129 4552 1777 4622 Constantinojiolitanos
1835 4558 2041 4626 scripta
2076 4557 2285 4640 Dpuos
2338 4569 2406 4623 ab
2463 4584 2526 4623 ca
2576 4566 2750 4623 fuisse
2809 4568 3176 4622 alienissimos
3229 4586 3244 4622 ς

474 4639 545 4692 29
575 4640 902 4694 Nmembris
945 4656 1088 4696 anno
1126 4643 1284 4708 1452,
1331 4645 1385 4696 in
1424 4660 1533 4713 qua
1557 4647 1753 4700 scribit
1785 4663 2042 4730 perseve-

477 4746 598 4784 rare
630 4745 688 4784 se
723 4731 780 4784 in
812 4747 874 4784 ea
903 4731 1152 4787 doctrina
1189 4749 1353 4802 quam
1399 4748 1725 4804 exposuerat
1761 4739 1813 4792 in
1854 4740 2044 4811 dispu-

477 4819 716 4874 tionibus
773 4821 975 4878 habitis
1005 4823 1276 4878 adversus
1315 4825 1562 4881 Cortona
1595 4831 1916 4901 episcopum
1967 4834 2034 4887 ad

475 4913 997 4976 demonstrationem,
1070 4915 1272 4984 inquit,
1335 4916 1452 4986 ejus
1504 4934 1621 4988 quia
1650 4922 1792 4990 apud
1840 4939 1934 4977 nos
1965 4935 2041 4980 est

474 5005 737 5070 veritatis,
768 5013 818 5056 et
879 5005 1062 5059 multis
1102 5008 1367 5077 variisque
1411 5011 1649 5078 operibus
1693 5029 1810 5082 qua:
1843 5018 2040 5084 scripta

471 5110 565 5163 pro
583 5099 756 5165 patria
775 5095 878 5164 ﬁde
901 5097 1075 5152 divino
1106 5115 1339 5186 munere,
1363 5112 1418 5154 ut
1451 5105 1608 5155 etiam
1638 5104 1692 5158 in
1715 5107 2042 5176 confessione

474 5187 594 5254 ﬁdei
619 5203 746 5246 suae.
775 5189 852 5241 vel
899 5191 1074 5257 potius
1109 5191 1385 5246 catholica:
1417 5191 1692 5261 Ecclesiae,
1717 5213 1875 5266 quam
1914 5212 2041 5255 ante

474 5298 637 5335 annos
668 5293 771 5336 tres
801 5282 1128 5338 elaboratam
1159 5286 1558 5352 publicaverat.
1927 5352 1929 5354 η

544 5375 621 5429 Eo
648 5377 868 5431 circiter
896 5387 1140 5448 tempore
1169 5376 1438 5448 Georgius
1465 5381 1540 5434 oh
1577 5382 1796 5435 unionis
1825 5381 2037 5449 odium,

475 5479 583 5531 quo
612 5466 794 5518 omnia
825 5466 1175 5535 imperatoris
1199 5469 1431 5521 consilia
1468 5473 1821 5525 vehementer
1847 5475 2039 5526 turba-

479 5562 591 5619 bat,
610 5556 738 5622 sibi,
764 5570 820 5609 ut
845 5556 1076 5620 videtur,
1107 5569 1358 5611 metuens
1383 5559 1580 5611 saeculo
1609 5561 1960 5624 renuntiavit,
1984 5572 2039 5615 ct

479 5650 531 5701 in
581 5653 970 5705 inuitasteiiunt
1013 5650 1426 5704 I’antocratoris
1483 5652 1600 5705 urbi
1641 5657 1948 5722 proximum
1981 5674 2041 5713 se

551 5828 631 5897 ι’)
671 5827 765 5880 na.
793 5843 929 5896 rrg.,
963 5842 1011 5895 p.
1047 5827 1163 5881 ita.

2145 3286 2393 3341 monachi
2427 3285 2645 3339 nomine
2677 3283 2923 3352 designat
2961 3297 3086 3337 eum
3117 3279 3210 3350 qui
3259 3288 3420 3335 antea
3442 3280 3715 3352 Georgius

2145 3376 2468 3432 Scholarius
2497 3374 2810 3430 dicebatur.

2213 3469 2347 3523 Cum
2378 3466 2696 3522 Gennadius
2729 3464 2933 3519 saeculo
2962 3462 3335 3527 valedixisset,
3365 3463 3516 3517 misit
3542 3463 3712 3532 impe-

2143 3569 2294 3615 rator
2317 3561 2383 3613 ad
2437 3557 2721 3613 Nicolaum
2769 3572 2964 3627 papam
3008 3555 3324 3610 Brienniuin
3365 3557 3710 3610 Lemllal‘L'll.

2143 3653 2384 3711 Isidorus
2413 3651 2705 3706 cardinalis
2734 3649 2948 3705 Russia:
2987 3635 3150 3717 paulo
3203 3659 3383 3718 posta
3418 3648 3635 3703 Nicolao
3667 3647 3706 3702 V

2144 3746 2354 3816 legatus
2378 3742 2912 3813 Constantinopolim
2950 3743 3098 3794 venit
3134 3756 3278 3795 anno
3318 3741 3480 3803 “5:2,
3512 3753 3569 3792 ut
3604 3740 3712 3794 Du-

2143 3853 2237 3894 cas
2270 3839 2321 3890 in
2357 3835 2592 3890 llistoria
2630 3835 2788 3888 docet
2811 3834 2912 3904 (l'),
2945 3849 3053 3903 quo
3097 3849 3260 3909 nemo
3295 3833 3488 3889 melius
3538 3833 3712 3888 cci-le-

2143 3927 2397 3987 siasticas
2455 3941 2544 3980 res
2596 3924 2746 3980 illius
2791 3925 3054 3994 temporis
3114 3928 3330 3979 videtur
3381 3927 3710 3996 explicaSsc.

2143 4021 2194 4078 ls
2223 4023 2386 4088 igitur
2413 4023 2645 4091 legatqu
2668 4014 3183 4087 Constantinopolin
3209 4017 3489 4087 appulisse
3519 4016 3714 4072 scribit

2141 4125 2330 4167 mense
2353 4109 2657 4174 Novembri,
2687 4123 2830 4162 anno
2858 4109 3157 4163 secundum
3195 4107 3411 4164 Graecos
3428 4107 3589 4172 696i,
3621 4107 3714 4178 qui

2142 4212 2260 4258 erat
2285 4201 2490 4258 Christi
2516 4201 2675 4267 i452;
2707 4202 2908 4256 habitis
2931 4201 2998 4255 de
3026 4200 3391 4256 Ecclesiarum
3412 4202 3708 4255 concordia

2144 4295 2516 4359 sermonibus,
2548 4295 2931 4362 imperatorem
2967 4302 3019 4346 et
3046 4294 3314 4363 quosdam
3370 4293 3709 4348 ecclesiasti-

2143 4401 2240 4441 cos
2272 4385 2624 4440 consensisse
2655 4395 2713 4438 ut
2763 4385 2894 4438 unio
2945 4383 3264 4439 Florentiua
3308 4383 3713 4446 observaretur,

2145 4477 2646 4532 ecclesiasticorum
2693 4486 2749 4530 et
2788 4477 3183 4531 monachorum
3221 4477 3406 4550 plures
3445 4485 3498 4530 et
3524 4477 3716 4546 praeci-

3305 4565 3668 4621 Nihilominus
3696 4606 3711 4632 ,

2143 4657 2341 4728 inquit,
2375 4658 2464 4728 qui
2492 4656 2748 4712 llenotico
2773 4657 3128 4728 obtemperare
3163 4659 3475 4712 videbantur
3512 4658 3712 4725 clerici,

2142 4752 2440 4805 sacerdotes
2467 4759 2515 4803 et
2552 4751 2767 4804 diaconi
2781 4723 2805 4815 1,
2854 4751 3142 4816 imperator
3169 4761 3218 4805 et
3253 4759 3465 4805 senatus
3501 4752 3558 4803 in
3599 4755 3715 4804 Ma-

2143 4858 2301 4912 gnam
2327 4839 2617 4895 Ecclesiaiu
2650 4851 3018 4906 convenerunt,
3063 4850 3117 4894 ut
3153 4841 3498 4896 concordibus
3521 4843 3716 4895 animis

2143 4941 2192 4986 et
2230 4933 2397 4985 unitis
2435 4933 2669 4986 divinam
2715 4924 2985 5002 liturgiam
3021 4934 3364 4998 celebrarent,
3411 4935 3719 5004 sinceraque

2146 5035 2315 5079 mente
2341 5035 2458 5078 vota
2483 5025 2588 5079 Deo
2613 5028 2908 5081 redderent.
2941 5025 3074 5080 Tum
3111 5028 3270 5080 etiam
3291 5027 3621 5080 schisntatici
3646 5031 3714 5080 ad

2144 5114 2546 5170 Pamocratoris
2611 5119 2992 5171 monasterium
3063 5127 3326 5184 currunt,
3381 5115 3714 5172 Gennadium

2146 5217 2300 5261 antea
2330 5205 2610 5277 Georgium
2644 5209 2985 5262 Scholarium
3007 5209 3225 5272 adeunt,
3250 5211 3629 5279 consiliumque
3649 5212 3713 5263 ab

2143 5314 2204 5351 eo
2234 5298 2492 5367 quomodo
2538 5314 2592 5352 se
2632 5315 2809 5368 gerere
2859 5297 3082 5352 debeant
3123 5308 3329 5368 petunt.
3371 5297 3430 5351 Is
3453 5297 3718 5350 inclusum

2145 5405 2202 5443 se
2235 5391 2368 5443 cella
2429 5392 2676 5456 tenebat;
2714 5401 2934 5460 accepta
2962 5407 3082 5460 ergo
3131 5397 3338 5454 (ηιμ-ια,
3401 5390 3718 5444 sententiam

2144 5498 2300 5538 suam
2335 5482 2713 5553 consiliumque
2759 5498 2998 5553 rogatus,
3038 5485 3232 5549 scripto
3259 5483 3485 5552 aperuit,
3507 5497 3608 5549 quo
3639 5494 3720 5534 ta-

2147 5572 2223 5623 lia
2241 5574 2674 5625 acontiuebaulur
2699 5591 2717 5628 :
2754 5571 2932 5625 Miseri
3000 5572 3222 5636 Ronuri,
3302 5586 3465 5641 quare
3505 5571 3722 5622 aberra-

2151 5662 2240 5722 ιίδ.
2273 5672 2405 5726 Cl-'.,
2440 5677 2558 5730 qna-
2588 5664 2730 5732 apud
2789 5663 2990 5718 Ducam
3040 5667 3314 5732 leguntur.
3361 5660 3486 5714 "ac
3520 5670 3566 5712 et
3608 5659 3720 5712 alia
