4102 6466
379 454 476 519 Ξδι

1882 450 2060 513 VITA
2073 496 2087 511 .

3535 447 3641 507 26:?

375 578 490 614 cum
555 559 879 629 scripsisset,
938 558 1085 612 cellre
1114 574 1222 614 sua:
1250 558 1434 627 jnnute
1467 574 1496 610 a
1526 560 1733 612 cunctis
1769 568 1950 626 postea

2069 576 2147 614 πον
2177 560 2530 628 καινοτομίαν
2559 559 2661 627 τῆς
2687 559 2945 621 πίστεως.
2969 557 3230 614 Gennadii
3257 562 3459 616 minimi
3479 561 3630 617 Scho-

374 656 508 707 lecta
535 656 685 707 clavo
724 653 909 721 aﬂixit,
941 651 1229 719 iterumque
1253 652 1396 703 intra
1431 669 1547 705 eam
1577 667 1631 706 se
1664 651 1945 705 conclusit.

373 745 593 800 Scilicet
626 760 694 798 ex
725 744 896 800 variis
944 751 1000 797 et
1055 743 1176 797 aliis
1225 742 1393 808 hujus
1429 743 1693 813 temporis
1727 742 1866 795 actis
1894 748 1951 795 et

375 824 620 908 epistolis
649 836 975 906 intelligitur
1030 844 1154 905 post
1228 834 1443 889 habitas
1495 850 1621 890 cum
1688 834 1950 903 episcopo

375 932 623 987 Cortona:
650 937 705 983 et
739 929 859 983 aliis
895 927 1107 982 Latinis
1153 926 1221 981 de
1271 927 1474 980 unione
1517 924 1949 996 disputationes,

377 1022 713 1080 Genuadiutn
733 1036 795 1077 se
839 1023 894 1075 in
928 1020 1120 1075 cellam
1143 1028 1450 1088 receperat,
1472 1033 1652 1087 neque
1681 1016 1941 1084 prodibat

382 1120 433 1169 in
460 1116 681 1183 vulgus,
711 1113 784 1167 ita
822 1111 1076 1166 fortassis
1131 1109 1361 1179 jubente
1414 1109 1806 1169 Constantino.
1865 1106 1949 1161 vel

377 1217 601 1277 engente
641 1207 842 1275 patius,
876 1220 943 1259 ne
973 1205 1259 1265 unionem,
1307 1217 1469 1272 quam
1511 1202 1625 1255 sive
1656 1215 1752 1269 per
1786 1197 1950 1253 dissi-

380 1300 753 1362 mulationem,
810 1298 925 1351 sive
955 1298 1173 1351 sincero
1205 1294 1390 1355 animo
1422 1294 1729 1346 conabatur
1757 1304 1952 1360 procu-

378 1405 519 1451 rare,
553 1391 652 1443 viri
687 1388 829 1458 apud
872 1389 1084 1458 plebem
1118 1396 1173 1442 et
1222 1386 1628 1442 ecclesiasticos
1677 1382 1951 1452 acceptis-

380 1483 500 1537 simi
540 1483 834 1537 auctoritas
867 1482 1228 1555 disturbaret.
1261 1478 1501 1546 Questus
1526 1484 1609 1529 est
1637 1477 1757 1545 ipse
1805 1488 1953 1543 smpe

381 1573 672 1627 intentatas
728 1572 942 1637 minas;
1014 1580 1182 1640 atque
1243 1584 1308 1624 ea
1377 1566 1724 1638 potissimum
1782 1578 1951 1619 causa

378 1663 547 1719 fuisse
580 1664 793 1717 videtur
818 1662 1018 1719 servati
1050 1676 1144 1733 per
1180 1676 1355 1716 annos
1398 1658 1691 1713 admodum
1720 1655 1856 1710 duos
1874 1654 1950 1708 sio

378 1755 526 1809 lentii
558 1756 739 1809 statim
774 1762 897 1825 post
940 1762 1260 1824 susceptura
1309 1750 1633 1820 religiosum
1682 1749 1949 1803 habitum.

381 1845 455 1899 Eo
482 1845 740 1915 temporis
765 1844 1051 1899 intervallo
1074 1843 1295 1913 scripsit
1316 1842 1635 1898 Orationem
1654 1848 1845 1893 contra
1867 1836 1956 1891 Si-

2060 651 2183 705 larii
2214 652 2278 705 de
2300 670 2361 705 eu
2385 668 2502 721 quae
2517 669 2610 719 per
2637 652 2731 705 Dei
2778 653 3125 705 desertionem
3188 654 3333 721 facta
3375 662 3451 708 est
3507 672 3640 708 vana

2058 745 2238 813 inepta
2260 755 2306 797 et
2330 746 2646 798 inconcinna
2678 744 2803 812 ﬁdei
2851 745 3207 799 innovatione.
3242 746 3520 813 Scriptum
3543 746 3639 799 fuit

2058 839 2111 892 in
2134 839 2463 893 monasterio
2486 836 2920 901 Pantocratoris,
2955 838 3008 890 in
3024 837 3171 905 quod
3197 841 3411 892 venisse
3429 837 3641 893 Genna—

2057 930 2609 998 diutnintelligimus,
2659 931 2988 1000 imperatore
3039 934 3113 984 ita
3160 930 3407 999 jubente,
3455 929 3630 984 existi-

2061 1031 2241 1077 mante
2268 1023 2422 1078 illum
2449 1022 2497 1076 si
2527 1021 2914 1087 Latinismum,
2964 1030 3023 1076 ut
3074 1028 3292 1084 vocant,
3352 1021 3643 1089 amplexus

2058 1112 2277 1179 luisset,
2315 1115 2545 1183 reliquis
2581 1124 2642 1169 ut
2668 1116 2809 1170 idem
2841 1115 3092 1169 facerent
3124 1115 3310 1169 statim
3347 1130 3646 1183 persuasu-

2061 1222 2182 1261 rum
2215 1223 2230 1271 ;
2270 1206 2365 1260 sed
2395 1206 2730 1261 contrarium
2761 1222 2986 1276 prorsus
3012 1207 3230 1262 accidit.
3268 1204 3455 1274 Neque
3496 1208 3642 1258 enim

2058 1314 2089 1353 a
2119 1301 2389 1353 Sententia
2421 1314 2521 1354 Sua
2552 1300 2824 1361 removeri
2857 1298 3174 1354 Gennadius
3194 1299 3390 1367 potuit,
3416 1311 3514 1351 nec
3533 1296 3645 1350 elli-

2059 1406 2182 1445 cere
2214 1401 2271 1445 ut
2302 1392 2579 1460 negotium
2614 1391 2833 1445 unionis
2868 1390 3239 1454 omitteretur,
3295 1407 3414 1459 qua:
3440 1398 3524 1443 ,ιιι
3578 1404 3646 1442 ολ

2058 1482 2281 1538 Scholio
2313 1484 2438 1537 cod.
2473 1480 2606 1551 Reg.
2633 1482 2896 1536 dist-imus
2950 1481 3003 1535 in
3061 1482 3250 1536 eodem
3313 1474 3645 1537 monasterio

2058 1574 2301 1644 perleCta
2336 1582 2419 1628 est
2446 1588 2556 1627 uno
2583 1587 2766 1626 mense
2796 1580 3082 1642 postquam
3101 1571 3416 1626 Gennadius
3441 1572 3648 1624 oratio-

2060 1682 2183 1730 nem
2213 1681 2368 1720 suatn
2400 1664 2710 1721 recitasset.
2764 1663 2915 1718 Unde
2978 1665 3212 1719 turbatis
3260 1664 3371 1732 jam
3417 1664 3647 1716 omnino

2060 1759 2245 1820 rebus.
2274 1766 2325 1812 et
2353 1756 2754 1812 Turcisurbem
2776 1755 3066 1811 obsidione
3087 1756 3462 1825 cingentibus,
3490 1756 3649 1809 unio-

2061 1866 2184 1905 nem
2217 1848 2446 1904 liberius
2468 1849 2634 1917 coepit
2666 1847 3011 1917 impugnare,
3044 1856 3100 1903 et
3119 1845 3423 1902 Latiuismo
3474 1849 3643 1903 insul.

386 1937 689 2019 tttoniacatit
721 1935 970 1990 heresim
999 1933 1068 1990 ad
1100 1933 1556 1995 Constantinum,
1577 1930 1792 1985 duobus
1825 1937 1954 1982 ante
1989 1963 2031 2019 Β
2062 1952 2175 1999 “re
2212 1942 2569 2011 petulantius.

379 2013 651 2083 eicidiuut
678 2029 829 2084 urbis
852 2030 1031 2095 anuis,
1049 2028 1204 2098 cujus
1230 2028 1425 2081 titulus
1450 2026 1505 2079 in
1527 2024 1654 2080 cod.
1676 2023 1809 2093 Reg.
1831 2022 1956 2075 talis

380 2130 463 2175 est
498 2137 512 2174 :
546 2119 829 2173 Γενναδξου
880 2118 1117 2190 μοναχοῦ
1163 2118 1258 2171 τοῦ
1320 2116 1617 2188 Σχολαρινιυ
1674 2115 1818 2168 κατὰ
1858 2114 1959 2183 τῆς

381 2213 710 2284 Σιμονιακῆς
743 2212 1030 2281 αἱρέσεως.
1055 2212 1176 2282 ἦτοι
1201 2211 1486 2272 ἀπιστεῖς.
1523 2208 1776 2278 Ἐγράςρη
1806 2207 1954 2261 δυοῖν

383 2306 528 2358 ἔτεσι
561 2307 669 2375 πρὸ
717 2305 818 2374 τῆς
854 2303 1132 2366 ἁλώσεως,
1177 2306 1276 2355 καὶ
1330 2301 1590 2370 ἐπέμφθη
1625 2299 1702 2369 τῷ
1750 2298 1961 2369 βασιλεί

385 2397 802 2466 Κωνσςαντινῳ,
863 2395 980 2450 ἀλλ’
1040 2397 1249 2457 ἐκεῖνος
1302 2393 1425 2446 οξ.δὲ
1488 2410 1543 2446 τι
1585 2390 1810 2461 βελτίων
1867 2385 1956 2459 ἦν.

386 2489 643 2543 Gennadii
670 2489 934 2554 monachi,
969 2488 1057 2556 qui
1098 2496 1146 2540 et
1195 2484 1522 2548 Scltolaritts,
1571 2492 1756 2537 contra
1790 2480 1963 2535 Simo-

387 2585 595 2635 niacam
634 2582 897 2646 haeresim,
928 2584 1034 2635 sive
1063 2577 1459 2646 inﬁdelitatem.
1494 2574 1707 2645 Scripta
1737 2583 1812 2628 est
1845 2590 1963 2628 ora-

391 2676 462 2727 tio
491 2674 690 2728 duobus
713 2674 868 2727 annis
929 2681 1052 2726 ante
1087 2682 1298 2740 captant
1340 2669 1547 2732 urbent,
1578 2678 1626 2722 et
1670 2668 1834 2721 missa
1859 2667 1961 2719 int-

386 2767 613 2832 peratori
645 2763 1020 2828 Constantino,
1068 2763 1158 2816 sed
1190 2763 1278 2816 ille
1310 2762 1476 2814 nihilo
1511 2760 1698 2813 melior
1745 2756 1961 2826 effectus

388 2865 485 2909 est.
520 2856 811 2926 Epistulam
840 2857 966 2910 item
1000 2855 1063 2908 ad
1088 2856 1365 2918 eumdem,
1402 2853 1562 2921 Cujus
1594 2851 1810 2903 initium
1834 2856 1918 2902 est
1946 2862 1959 2899 :

403 2949 547 3001 Ἀλλ’
593 2950 693 3001 οὐκ
725 2946 901 3013 ἔξεστι
936 2948 1212 3018 μοναχοῖς,
1270 2946 1463 3014 ἄριστε
1523 2940 1771 3013 βασιλεῦ,
1822 2958 1965 2993 σπα-

394 3047 527 3104 νίοις
561 3043 655 3094 καὶ
689 3041 1071 3112 δυσπυρίστοις
1113 3038 1415 3110 τρέφεσθαι
1481 3030 1810 3106 βρώμασιν.
1861 3031 1964 3086 Ve-

395 3152 513 3187 runt
561 3152 663 3187 non
707 3134 826 3186 licet
877 3133 1174 3199 monachis,
1229 3134 1424 3200 optime
1466 3131 1780 3198 imperator,
1823 3126 1964 3180 raris

397 3245 485 3281 nec
518 3226 672 3297 facile
691 3226 1025 3294 parabilibus
1054 3210 1319 3279 alimentis
1350 3226 1466 3279 uti:
1494 3239 1615 3294 qua:
1640 3222 1802 3275 ollicii
1833 3232 1966 3274 tan-

2130 2036 2342 2090 lnterea
2377 2049 2524 2098 cum,
2552 2042 2610 2087 ut
2637 2031 2831 2088 scribit
2874 2030 3079 2097 Ducas,
3144 2032 3276 2087 cella
3339 2047 3399 2088 se
3446 2032 3645 2087 iterum

2061 2126 2451 2191 conclusisset,
2509 2136 2565 2180 et
2596 2125 2872 2179 neminem
2901 2122 3235 2188 admitteret,
3274 2126 3497 2192 scripsit
3526 2124 3646 2194 cpi-

2061 2219 2232 2274 stolas
2257 2219 2421 2279 duas,
2450 2232 2613 2271 unam
2644 2215 2711 2270 ad
2751 2215 3397 2284 CuttstantinOpolitanos
3457 2232 3647 2270 omnes

2058 2313 2464 2368 ecclesiasticos
2496 2321 2549 2364 et
2569 2310 2764 2373 laicos,
2793 2308 2863 2362 27
2889 2307 3216 2362 Novembris
3261 2309 3470 2372 datam,
3489 2310 3649 2373 cujus

2062 2406 2251 2459 titulus
2269 2413 2352 2459 est
2377 2419 2390 2456 :
2424 2401 2710 2463 Γεννάδιος
2735 2401 2763 2453 ὁ
2789 2398 3143 2469 ἁμαρτωλὸς,
3185 2398 3281 2451 τοῦ
3303 2399 3438 2451 Θεοῦ
3462 2398 3650 2461 δοῦλις

2060 2498 2155 2551 καὶ
2212 2495 2521 2565 ἐλάχιστος,
2580 2494 2695 2555 τοῖς
2753 2490 3167 2560 εὐγενεστάτοις
3233 2490 3481 2553 πολίταις
3543 2490 3646 2558 τῆς

2063 2587 2719 2650 Κωνσταντινουπὸλεως,
2755 2585 2965 2639 ἅπασιν
3016 2584 3341 2654 ἱερωμένοις
3394 2584 3491 2637 καὶ
3523 2601 3652 2636 κοσ-

2065 2684 2268 2752 μικσίς·
2302 2678 2611 2733 Gennadius
2644 2684 2912 2745 peccator,
2947 2674 3043 2729 Dei
3069 2692 3250 2730 servus
3283 2686 3331 2729 et
3377 2677 3650 2741 minimus,

2065 2771 2410 2826 nobilissimis
2443 2770 2647 2823 civibus
2676 2767 3196 2836 Constantinopolis,
3243 2768 3484 2821 c-znnibus
3540 2778 3653 2820 tant

2064 2866 2206 2920 sacri
2232 2865 2443 2918 ordinis”
2465 2879 2625 2931 quam
2654 2860 3030 2915 sa'cularibus.
3089 2859 3215 2915 Ha'c
3271 2860 3343 2913 ita
3407 2859 3595 2930 incipit
3636 2879 3651 2918 :

2066 2957 2373 3010 Γινώσκετε
2405 2958 2607 3016 πάντες
2635 2953 3093 3016 καλῶς.Α1ιοει·ειιιι
3114 2951 3182 3006 ad
3212 2953 3643 3020 ecclesiasticos,

2065 3063 2187 3119 quae
2213 3047 2406 3102 eodem
2434 3056 2679 3114 tempore
2710 3045 2836 3097 d..ta
2866 3045 3103 3107 videtur,
3134 3052 3187 3097 et
3220 3045 3384 3098 inissa
3442 3044 3651 3100 dicitur

2065 3140 2135 3193 ad
2169 3155 2417 3209 magnum
2446 3136 2885 3196 ecclesiarcltam,
2938 3133 3269 3204 Syropulum
3294 3135 3506 3189 scilicet
3547 3153 3647 3190 au-

2069 3242 2273 3285 ctOretn
2296 3229 2549 3283 lltsl0ria:
2585 3228 2775 3297 synodi
2807 3224 3158 3287 Florentium,
3191 3241 3441 3295 magnum
3476 3224 3653 3280 Char-

398 3332 510 3375 tum
543 3336 707 3374 causa
762 3322 964 3390 scripta
1001 3322 1234 3383 videtur,
1274 3326 1330 3372 ut
1363 3318 1431 3372 de
1488 3319 1659 3370 misso
1713 3315 1964 3368 fortassis

2073 3321 2404 3390 tophylacem
2432 3320 2803 3389 Agalliauum,
2837 3317 3050 3387 quando
3078 3317 3424 3371 ecclesiastici
3469 3334 3658 3372 conve-

399 3414 719 3470 muuusculo
757 3416 962 3486 gratias
1015 3421 1222 3483 ageret.
1254 3410 1447 3466 Exstat
1499 3410 1712 3464 decima
1742 3409 1795 3462 in
1840 3406 1967 3462 eod.

401 3504 532 3574 Reg.

471 3596 702 3667 Scripsit
731 3598 893 3652 etiam
932 3597 1187 3652 ltontilias
1242 3594 1531 3665 quasdam,

398 3692 589 3744 versiis
614 3689 999 3744 ecclesiasticis
1029 3691 1190 3759 plane
1225 3703 1414 3741 senon
1454 3685 1750 3739 iumtist-uit
1798 3698 1969 3753 usque

400 3783 465 3837 ad
487 3785 773 3837 adventum
812 3780 1108 3836 cardiualis
1146 3779 1379 3833 Russim.
1435 3776 1569 3830 Nam
1628 3776 1790 3846 paulo
1843 3784 1971 3831 ante

401 3892 564 3945 quam
595 3875 898 3937 adveniret,
927 3873 1146 3942 scripsit
1166 3872 1481 3926 Gennadius
1505 3869 1570 3923 ad
1604 3870 1968 3940 Ἀγιορείτας,

401 3970 506 4022 hoc
535 3979 619 4023 est
652 3967 823 4020 sancti
860 3967 1054 4019 montis
1110 3964 1246 4018 Atho
1301 3967 1609 4028 monachos,
1668 3962 1969 4032 Epistulam

403 4059 773 4122 hortatoriam,
803 4066 861 4112 ut
895 4057 949 4111 in
984 4057 1207 4124 antiqua
1242 4055 1364 4121 lide,
1398 4055 1603 4109 omissa
1626 4054 1818 4125 synodi
1850 4053 1971 4106 Flo-

402 4153 629 4207 rentinze
660 4150 1005 4214 deﬁnitione,
1040 4155 1425 4218 permanerent
1453 4165 1467 4212 ;
1494 4161 1658 4215 quam
1684 4145 1970 4216 epistolam

402 4244 549 4298 misit
572 4258 668 4313 per
701 4241 946 4310 ejusdem
978 4240 1182 4294 montis
1209 4241 1511 4293 monachos
1540 4240 1681 4291 duos
1747 4241 1976 4290 Anasta-

400 4337 537 4388 sium
569 4345 622 4388 et
648 4332 949 4396 Sinonem,
979 4340 1037 4385 ιιι
1090 4332 1204 4398 ipse
1257 4333 1310 4384 ιιι
1368 4330 1653 4399 cujusdam
1726 4328 1975 4397 epistola:

400 4428 699 4495 fragmento
727 4434 973 4479 testatur.
1008 4421 1243 4491 Scripsit
1276 4422 1441 4476 etiam
1470 4421 1536 4474 ad
1588 4422 1972 4489 imperatorem

401 4518 468 4571 12
502 4516 699 4579 Martii,
732 4517 920 4570 eodem
958 4524 1016 4569 ut
1050 4516 1264 4569 videtur
1300 4530 1467 4578 anno,
1497 4512 1579 4567 vel
1618 4511 1777 4574 1455,
1809 4511 1975 4580 paqu

400 4622 525 4663 ante
557 4608 786 4662 cladem.
821 4605 1138 4661 Orationem
1196 4620 1418 4675 quoque
1481 4603 1735 4658 recitavit
1788 4619 1972 4655 comm

400 4717 484 4765 ea,
515 4715 707 4769 magna
747 4699 1010 4753 nobilium
1051 4698 1252 4752 civium
1318 4698 1644 4765 frequentia,
1678 4696 1731 4747 in
1785 4710 1976 4748 mona-

401 4795 572 4848 Serio
630 4791 1040 4846 Pantocratoris
1077 4805 1172 4844 seu
1228 4788 1653 4858 Omnipotentis,
1688 4790 1815 4859 περὶ
1877 4789 1975 4855 τῆς

403 4885 665 4946 medicato;
694 4884 803 4936 ατοῦ
850 4884 996 4936 Θείου
1042 4884 1138 4934 καὶ
1197 4882 1413 4935 οἴκοθεν
1459 4885 1875 4951 παρασακευῆς.
1903 4880 1977 4933 De

402 4975 663 5042 placando
702 4973 925 5028 Numine
973 4983 1024 5027 et
1071 4974 1316 5027 interiori
1339 4974 1750 5042 pra'paratione,
1781 4970 1848 5024 15
1874 4971 1982 5023 Νυ-

404 5067 638 5122 vembris
659 5066 783 5119 anni
821 5064 980 5130 1452,
1016 5065 1157 5119 forte
1192 5072 1483 5134 antequam
1544 5063 1755 5133 legatus
1799 5062 1979 5116 venis-

403 5170 487 5212 set
517 5174 531 5222 ;
566 5173 689 5210 nam
717 5157 1099 5226 imperatorem
1135 5158 1361 5209 outnino
1392 5155 1789 5209 deltortabatur
1830 5153 1981 5209 Gen-

407 5250 606 5303 nadius
633 5250 700 5303 ab
719 5250 916 5303 unione
935 5244 1249 5301 Florentiua
1268 5249 1614 5302 observanda
1637 5263 1652 5312 ;
1682 5248 1827 5315 quod
1850 5262 1985 5316 prte-

407 5353 562 5397 sente
593 5344 767 5411 legato
797 5356 896 5395 nec
922 5342 1038 5410 ipse
1070 5355 1238 5395 ausus
1270 5340 1482 5407 fuisset,
1506 5356 1604 5395 nec
1627 5357 1822 5411 passus
1881 5341 1977 5392 itu-

410 5445 645 5505 perator.
683 5431 821 5488 Cum
856 5449 1005 5500 vero,
1041 5444 1098 5488 ut
1130 5449 1296 5504 supra
1334 5450 1397 5490 ex
1432 5437 1575 5490 Duca
1621 5437 1831 5490 dictum
1878 5443 1982 5501 est,

410 5532 613 5584 [rustra
632 5527 908 5598 plerisque
928 5528 1353 5584 reclamantibus
1376 5540 1634 5584 renovata
1656 5539 1801 5583 esset
1833 5530 1984 5594 unio,

411 5617 599 5674 st-tim
627 5634 747 5671 eam
784 5633 915 5672 voce
939 5627 991 5671 ct
1030 5620 1252 5688 scriptis
1274 5618 1589 5674 Gennadius
1624 5620 1984 5690 impugnavit.

409 5712 603 5767 Ελδιοι
632 5728 695 5768 ea
730 5713 798 5766 de
839 5728 898 5768 re
955 5717 1282 5784 opusculum
1324 5716 1814 5771 virulentisstmum
1884 5713 1989 5768 hoc

412 5805 610 5857 titulo:
650 5803 935 5857 Γενναδίου
981 5804 1270 5875 ἐλαχίστου
1303 5804 1600 5875 Σχολαρίου
1650 5804 1745 5858 ἐπὶ
1791 5805 1889 5876 τὴν
1920 5802 1987 5856 δι’

412 5896 800 5957 ὲτκαςὰλειψιν
829 5897 964 5952 Θεοῦ
1002 5898 1238 5954 ματαίαν
1274 5901 1363 5954 καὶ
1396 5898 1591 5961 ἄλογοι
1638 5898 1730 5952 καὶ
1764 5898 1987 5954 €135.63-

1606 3593 1700 3647 sed
1745 3599 1968 3646 contro-
2032 3588 2037 3591 ’

2071 3414 2340 3483 nirejussi
2368 3423 2489 3467 sunt
2514 3413 2563 3466 in
2590 3413 2855 3480 palatium
2880 3408 3187 3479 Xylocerci,
3209 3419 3257 3463 et
3285 3410 3551 3463 celebrata
3581 3420 3657 3463 est

2071 3504 2333 3576 Liturgia,
2364 3520 2485 3558 cum
2516 3503 2692 3557 omnia
2714 3516 2778 3555 ex
2812 3502 3076 3554 sententia
3104 3502 3475 3555 cardiualis-et
3496 3504 3660 3554 trium

2069 3600 2377 3669 pontiﬁcum
2405 3597 2532 3651 anni
2561 3596 2717 3649 istius
2749 3606 2896 3664 gesta
2951 3603 3118 3646 essent
3176 3592 3238 3646 l5
3290 3591 3426 3647 Nov.
3488 3593 3543 3647 lu
3596 3609 3661 3647 ea

2070 3699 2291 3746 excusat
2325 3707 2378 3744 se
2399 3688 2539 3759 quod
2573 3705 2677 3742 non
2707 3688 2925 3749 venerit,
2960 3695 3289 3755 testaturque
3322 3702 3374 3739 se
3399 3701 3515 3738 cum
3544 3688 3665 3739 mil.

2071 3785 2165 3839 lies
2193 3784 2497 3851 exposuerit
2523 3782 2853 3847 sententiain
2878 3778 2945 3831 de
3013 3778 3112 3831 hoc
3171 3778 3384 3831 unionis
3450 3779 3660 3846 negotio

2072 3893 2245 3942 suant,
2281 3876 2661 3944 displiceret/ue
2694 3871 2794 3926 sibi
2824 3870 2974 3923 illam
2999 3872 3343 3931 tehementer,
3378 3878 3483 3920 tant
3502 3870 3665 3935 impe-

2074 3978 2225 4020 rutor
2250 3982 2410 4035 quam
2442 3965 2634 4033 reliqui
2670 3978 2848 4015 omnes
2880 3958 3183 4029 intelligant
3218 3959 3274 4010 in
3308 3960 3491 4013 eadem
3547 3973 3664 4024 per-

2074 4062 2278 4114 sistere.
2310 4057 2428 4111 Mox
2460 4057 2719 4109 unionem
2751 4063 2802 4107 et
2832 4051 3038 4105 Latina:
3070 4050 3332 4106 Ecclesiae
3360 4050 3518 4103 [idem
3566 4064 3664 4104 ve-

2075 4152 2356 4206 lt.:mettter
2391 4147 2654 4215 exagitat.

2146 4217 2375 4311 Scripsit
2410 4250 2694 4310 praeterea,
2718 4246 2775 4289 ut
2797 4237 2973 4291 Ducas
2996 4237 3273 4297 observat,
3294 4232 3511 4286 brevem
3531 4246 3666 4285 con-

2078 4349 2159 4391 tra
2187 4322 2549 4390 Latinisumtu
2603 4332 3004 4400 querimoniam
3036 4344 3052 4395 ;
3086 4327 3182 4384 sed
3204 4343 3325 4395 qua-
3352 4326 3419 4378 ab
3447 4324 3538 4378 illo
3564 4340 3663 4377 au-

2077 4440 2227 4483 ctore
2264 4425 2521 4486 refertur,
2554 4421 2735 4475 dill'ert
2783 4419 2851 4473 ab
2886 4421 3060 4474 altero
3100 4417 3346 4487 ejusdem
3386 4416 3663 4484 exemplo,

2079 4520 2223 4591 quod
2257 4517 2570 4587 suppeditat
2594 4515 2761 4568 codex
2790 4513 2995 4583 Regius
3022 4515 3075 4566 in
3098 4514 3210 4566 huic
3238 4510 3398 4564 verba
3428 4526 3441 4561 :
3472 4507 3516 4562 Ο
3533 4522 3667 4573 pau-

2011 4646 2051 4707 D
2078 4628 2225 4682 peres
2253 4612 2406 4671 cives,
2439 4606 2752 4677 perdidistis
2775 4609 2979 4668 omnia,
3007 4612 3053 4656 et
3081 4618 3220 4655 nunc
3252 4602 3467 4654 tandem
3520 4600 3663 4668 abji-

2079 4704 2198 4758 cit'is
2228 4705 2475 4771 pietatem
2505 4698 2731 4765 turpiter
2772 4706 2822 4751 et
2881 4700 3078 4766 absque
3125 4695 3470 4748 conscientia.
3531 4692 3666 4746 Cum

2079 4798 2218 4851 enim
2255 4796 2510 4848 deberetis
2537 4794 2605 4846 ad
2636 4792 2805 4847 Deum
2836 4789 3121 4859 confugere
3142 4791 3193 4841 in
3221 4788 3469 4858 pra'senti
3491 4800 3668 4837 rerum

2080 4899 2246 4946 statu.
2277 4905 2309 4940 a
2333 4886 2440 4939 Deo
2467 4885 2817 4955 separamini.
2856 4878 3244 4952 Egoinnoxtus
3277 4897 3416 4943 sum,
3460 4888 3672 4931 testent-

2082 5000 2179 5053 que
2205 4984 2366 5036 habeo
2401 4984 2586 5044 Deum,
2611 4981 2727 5049 ejus
2768 4990 2982 5034 sanctos
3016 4989 3064 5032 et
3094 4994 3178 5032 vos
3201 4979 3366 5045 ipsos,
3398 4974 3538 5044 quod
3587 4972 3671 5025 ni-

2082 5074 2159 5127 hil
2189 5090 2416 5145 unqunm
2451 5075 2793 5143 neglexerint.
2828 5072 2897 5125 Et
2927 5089 3066 5125 nunc
3092 5073 3164 5124 ita
3200 5086 3279 5121 me
3313 5068 3453 5120 Deus
3508 5068 3670 5130 iuret,

2085 5156 2284 5220 malum
2309 5166 2555 5220 unionem
2587 5166 2790 5235 facitis,
2824 5164 3089 5233 peribitis.
3117 5158 3535 5217 Culumniamini
3568 5174 3668 5219 me,

2084 5266 2133 5312 et
2162 5259 2334 5310 minas
2365 5258 2641 5311 intentatis
2674 5274 2692 5323 ;
2735 5256 2826 5310 sed
2856 5257 3087 5310 etiamsi-
3108 5265 3331 5307 mortcm
3356 5267 3511 5321 quam
3572 5250 3674 5301 mi-

2087 5351 2289 5405 namini
2320 5349 2703 5419 inferatis,ego
2732 5351 2800 5402 ad
2850 5348 3003 5401 illum
3068 5346 3393 5401 subeundam
3445 5350 3670 5410 paratus

2086 5459 2225 5497 sum.
2260 5441 2401 5507 Quid
2431 5445 2569 5495 enim
2590 5444 2745 5511 juvat
2776 5442 2969 5507 vivere,
2996 5449 3050 5493 ut
3074 5440 3274 5493 videam
3298 5437 3394 5490 Dei
3428 5446 3534 5488 tam
3560 5450 3676 5487 ma-

2088 5535 2338 5602 nifestam
2362 5549 2487 5603 erga
2516 5550 2604 5588 vos
2648 5532 3038 5587 derelictionent
3060 5534 3086 5588 .9
3115 5530 3359 5592 Domine,
3407 5544 3470 5581 ne
3527 5527 3673 5578 sinas

2088 5629 2180 5682 hos
2206 5627 2441 5680 homines
2474 5628 2527 5679 in
2556 5626 2715 5679 talem
2751 5624 2965 5677 ruinam
3000 5622 3355 5693 prtvcipitari,
3409 5636 3471 5673 ne
3511 5618 3677 5688 justi-

2089 5720 2277 5787 ﬁ.etur
2306 5716 2602 5771 orthodoxa
2631 5718 2762 5786 ﬁdes
2794 5717 2850 5769 in
2881 5716 3116 5780 Oriente,
3156 5716 3208 5769 in
3243 5714 3528 5771 Occidente
3554 5700 3601 5766 et
3623 5711 3677 5765 in

2091 5810 2283 5865 insulis
2314 5819 2501 5864 contra
2527 5820 2765 5863 nostram
2798 5809 3002 5875 urbem,
3033 5812 3109 5864 ita
3140 5818 3197 5862 ut
3227 5814 3349 5879 quia
3376 5808 3523 5862 illaut
3556 5817 3604 5861 et
3633 5818 3680 5861 te

2094 5905 2440 5963 maluimus.
2471 5920 2771 5962 pereamus.
2796 5902 3048 5960 Justihci
3108 5908 3284 5961 vatius
3319 5906 3488 5959 illam.
3520 5907 3593 5955 itu
3624 5916 3682 5955 ut
