4102 6414
395 278 507 343 ΞὈΓ)

1939 280 2138 346 ΥΙΤᾹ.

3555 297 3659 361 266

396 390 566 444 multa
600 388 772 440 omnia
805 385 1169 455 impleverant,
1198 386 1288 456 qui
1318 387 1483 440 etiam
1511 400 1648 440 nime
1684 389 1970 458 plusquam
2007 395 2050 449 Α
2079 392 2342 462 Apologia
2372 395 2577 465 scripta
2600 405 2703 463 est,
2735 397 2828 452 sel
2857 397 3121 453 continua
3147 400 3416 467 oratione,
3446 408 3661 472 qualem

400 500 527 551 opus
579 490 696 534 erat
754 489 1098 548 prieteazentes
1144 479 1576 534 Christianorum
1613 482 1977 545 calamitates,

396 576 725 629 Occasionem
755 572 1001 640 explendi
1037 573 1522 640 concupiscentiam
1556 575 1722 632 nacti,
1751 574 1981 642 infamia

399 668 603 736 quidem
642 680 851 717 sacrum
888 664 1016 718 olim
1035 665 1297 729 ordinem,
1334 664 1594 718 seandalo
1620 674 1982 733 spectatorum

398 761 629 820 animos,
667 757 810 810 omni
830 755 968 809 mulo
995 764 1166 808 totum
1189 757 1365 809 orbem
1384 757 1712 826 repleverunt
1739 796 1751 809 .
1777 755 1982 809 Deinde

399 852 662 920 mli/icore
699 866 858 919 cogor
882 889 896 912 ,
935 847 1131 917 templa
1169 864 1348 902 eversa
1386 867 1416 901 α
1444 849 1808 917 fundamentis
1839 849 1982 902 exci-

401 954 547 1006 tare,
576 950 626 994 et
661 942 960 995 necessaria
992 940 1267 1008 providere
1293 941 1434 1002 istis,
1465 942 1674 994 utinam
1709 941 1980 995 Christia-

403 1037 482 1088 nis
503 1074 517 1097 ,
543 1035 633 1104 qui
665 1034 892 1103 singulis
923 1035 975 1086 in
1005 1034 1134 1088 locis
1163 1035 1382 1102 reperti,
1414 1051 1517 1104 qna
1546 1035 1753 1087 ratione
1792 1050 1982 1086 secun-

399 1128 523 1181 dum
553 1127 716 1194 legens
747 1127 984 1194 patriam
1021 1127 1274 1190 viverent,
1310 1126 1580 1195 Deumque
1609 1127 1853 1180 colerent
1879 1143 1982 1179 non

400 1221 702 1274 curabant.
763 1219 965 1273 Deinde
1040 1229 1225 1273 coacta
1269 1229 1346 1274 est
1403 1221 1634 1290 synodus
1689 1219 1981 1272 multarunt

398 1316 763 1381 episcoporum
809 1329 874 1367 es:
920 1312 1138 1381 Europa
1167 1323 1213 1366 et
1240 1312 1373 1366 Asia
1401 1313 1774 1381 confluentium
1804 1350 1818 1376 ,
1847 1329 1979 1382 qno-

400 1422 516 1459 runt
543 1408 816 1476 suffragiis
843 1423 938 1478 ego
967 1407 1197 1476 primum
1217 1406 1497 1472 diaconus,
1531 1406 1723 1460 deinde
1760 1397 1982 1476 presby-

402 1516 504 1565 ter,
547 1501 734 1554 deinde
768 1501 1040 1568 episcopus
1071 1511 1116 1553 et
1149 1500 1458 1569 patriarcha
1491 1500 1813 1554 constituor.

470 1593 602 1659 Quae
645 1597 695 1646 in
743 1592 1099 1664 patriarchali
1133 1607 1363 1646 munere
1389 1593 1726 1647 constitutus
1760 1591 1981 1647 Genna-

400 1685 526 1740 dius
593 1684 859 1752 gesserit,
917 1685 1005 1738 vix
1058 1681 1279 1737 aliunde
1335 1683 1624 1748 habemus,
1687 1700 1849 1753 quam
1909 1700 1974 1739 et

400 1775 638 1831 Historia
699 1776 1080 1831 ecclesiastica
1146 1775 1611 1832 Graeco-Barbara
1679 1779 1774 1848 (l).
1830 1776 1968 1832 Cum

399 1865 590 1919 Turcaa
634 1863 850 1919 Sancta:
877 1865 1098 1935 Sophia;
1129 1866 1394 1934 templum
1443 1875 1498 1921 et
1534 1867 1970 1934 patriarcbeium

397 1965 787 2027 occupassent.
833 1959 951 2027 ipse
993 1958 1062 2012 ad
1114 1956 1217 2014 SS.
1255 1957 1649 2027 Apostolorum
1689 1944 1966 2015 monaste-

395 2051 536 2104 rium
579 2065 639 2104 se
695 2051 941 2119 recepit,
973 2058 1187 2104 vastum
1221 2061 1274 2104 et
1305 2050 1417 2118 jam
1449 2050 1754 2107 solitudine
1791 2053 1974 2108 horri-

394 2143 547 2203 dum,
581 2139 725 2194 unde
753 2141 942 2194 eodem
978 2150 1073 2195 aut
1103 2144 1354 2212 sequenti
1387 2157 1533 2197 anno
1567 2142 1729 2212 fugit,
1763 2145 1975 2201 veritus

397 2247 466 2286 ne
517 2231 682 2286 cadis
730 2233 1049 2286 commissae
1080 2248 1206 2302 erga
1238 2234 1502 2298 'l‘urcam,
1539 2236 1700 2305 cujus
1733 2236 1974 2291 cadaver

395 2323 535 2375 intra
592 2335 784 2374 muros
841 2329 1120 2390 repertum
1171 2335 1313 2385 erat,
1363 2339 1540 2394 preme
1572 2341 1601 2379 a
1636 2326 1971 2383 Christianis

393 2414 763 2486 exigerentur.
797 2410 1025 2467 Videtur
1067 2427 1235 2482 porro
1267 2412 1590 2469 Gennadius
1620 2414 1757 2469 urbe
1787 2415 1972 2483 profu-

393 2501 556 2572 gisse,
595 2515 722 2556 nam
768 2510 882 2558 tres
927 2502 1114 2574 βιαίας
1162 2504 1410 2572 ἀνόδους,
1449 2506 1566 2561 sive
1621 2506 1889 2562 violentos
1917 2507 1972 2562 in

395 2593 584 2648 urbem
634 2608 921 2662 regressus
968 2607 1369 2652 commemorat
1402 2597 1458 2652 in
1494 2597 1702 2668 aliquot
1733 2612 1974 2667 opuscu-

392 2687 571 2739 lorum
595 2685 943 2756 titulisjuxta
967 2687 1419 2751 antiquissimum
1440 2687 1670 2760 Regium
1694 2690 1967 2746 codicem.

391 2774 501 2831 'l‘er
536 2785 718 2831 autem
781 2778 917 2832 urbe
965 2778 1204 2834 excessit
1234 2818 1249 2843 ,
1297 2779 1466 2834 semel
1523 2794 1648 2835 cum
1688 2781 1862 2837 hostis
1892 2782 1971 2836 ir-

391 2879 691 2939 rumperet,
728 2872 927 2926 iterum
981 2880 1107 2942 post
1161 2871 1367 2928 caedem
1426 2888 1548 2944 qua:
1598 2873 1744 2928 intra
1780 2890 1970 2931 muros

388 2958 495 3016 SS.
522 2963 912 3032 Apostolorum
943 2971 1157 3034 patrata
1187 2974 1270 3020 est
1289 2977 1313 3032 ';
1347 2965 1566 3021 tandem
1604 2966 1855 3037 deposito
1876 2983 1970 3037 pa-

2087 498 2274 538 coram
2323 487 2544 540 sultano
2590 487 2908 543 Gennadius
2943 490 3154 557 habuit,
3183 502 3476 564 antequam
3513 512 3668 552 com-

2086 577 2425 644 pendiariam
2479 580 2623 633 illam
2697 581 3027 639 Christiana:
3081 586 3202 640 fidei
3261 590 3663 658 expositionem

2085 667 2296 736 scripto
2341 673 2830 740 contplccteretur.
2889 677 3050 732 Edita
3099 689 3184 733 est
3235 695 3453 750 quoque
3483 684 3664 737 oratio

2083 757 2206 826 ipsa
2251 761 2560 826 Inultoties,
2614 776 2726 818 tum
2788 769 3046 835 scorsim,
3096 772 3299 826 tumin
3338 771 3666 832 Bibliotheca

2085 849 2337 916 Patrum.

2133 942 2330 1000 'Paulo
2367 959 2656 1018 posmnam
2689 951 2828 1007 hanc
2861 955 3168 1011 orationem
3205 957 3492 1015 habuisset
3520 963 3669 1017 Gen-

2087 1035 2308 1100 nadius,
2357 1041 2717 1108 patriarchali
2769 1060 2828 1099 se
2879 1047 3149 1116 dignitate
3201 1052 3668 1124 abdicmil,;egre

2084 1125 2308 1181 obtenta
2338 1143 2365 1180 a
2397 1131 2623 1185 sultano
2647 1135 2803 1188 venia
2838 1152 2998 1196 :mox
3034 1141 3324 1208 epistolam
3358 1159 3452 1198 seu
3487 1149 3668 1213 potius

2083 1219 2354 1288 prolixam
2417 1222 2738 1280 Orationem
2823 1231 3227 1299 apOIOgeticam
3300 1237 3527 1305 scripsit
3592 1239 3664 1290 ad

2085 1324 2262 1363 omnes
2285 1313 2468 1381 ﬁdeles
2490 1317 2541 1369 in
2561 1314 2779 1371 Christo
2799 1320 2948 1383 Iesu,
2982 1325 3097 1387 τοῖς
3126 1328 3410 1397 πανταχοῦ
3442 1334 3665 1395 πιστοῖς

2083 1402 2140 1453 ὲν
2191 1404 2412 1475 Χριστῷ
2483 1409 2684 1480 Ἰησοῦ.
2753 1411 2954 1468 Narrat
3009 1420 3287 1487 quomodo
3359 1433 3483 1490 post
3529 1439 3670 1492 pra:-

2084 1493 2284 1549 dictam
2323 1501 2526 1569 sacpius
2563 1503 2716 1560 urbis
2746 1512 2799 1558 et
2831 1507 3003 1562 totius
3024 1510 3242 1579 imperii
3271 1513 3481 1569 cladem
3515 1532 3670 1571 com-

2085 1587 2561 1660 minationemque
2623 1593 2824 1650 divinae
2898 1597 3155 1654 vindictae
3216 1603 3286 1656 ob
3341 1616 3663 1676 susreplum

2081 1675 2448 1736 Latinismum
2475 1724 2489 1748 ,
2519 1693 2683 1755 capta
2718 1687 2854 1744 urbe
2887 1690 2943 1744 in
2980 1690 3224 1747 hostium
3257 1711 3455 1752 manus
3493 1675 3658 1755 vene-

2079 1772 2174 1836 rit,
2205 1783 2260 1827 et
2299 1790 2364 1829 ex
2415 1777 2543 1847 fuga
2594 1788 2891 1849 retractus,
2958 1787 3273 1855 patriarcha
3307 1795 3654 1851 renuntiatus

2077 1863 2262 1932 fuerit,
2317 1869 2445 1925 licet
2500 1871 2745 1929 invitus:
2801 1877 2888 1930 cui
2944 1881 3164 1935 tandem
3199 1886 3437 1950 muneri,
3468 1890 3652 1943 statim

2077 1966 2241 2026 atque
2272 1975 2371 2028 per
2398 1962 2681 2018 sultanum
2716 1967 2898 2034 licuit,
2925 1973 3356 2046 renuntiandtnn
3381 1983 3659 2046 statuerit,

2077 2055 2192 2100 tum
2221 2049 2351 2117 quia
2386 2051 2683 2110 destitutus
2714 2067 2865 2113 esset
2900 2043 3094 2116 eorum
3129 2066 3369 2128 auxilio,
3407 2070 3498 2137 qui
3528 2043 3663 2124 one;

2077 2137 2155 2192 ris
2188 2149 2400 2209 partem
2455 2148 2766 2203 secundum
2807 2151 3226 2211 ecclesiasticas
3284 2158 3432 2230 leges
3484 2163 3660 2219 susti-

2077 2247 2211 2287 nere
2245 2234 2576 2304 debuerant,
2610 2250 2726 2295 tum
2760 2242 2829 2297 ob
2862 2246 3145 2315 impensos
3175 2250 3412 2307 inaniter
3443 2254 3659 2311 labores

2075 2325 2131 2379 in
2193 2326 2509 2386 anferendis
2557 2334 2837 2392 scandalis
2888 2345 2942 2392 et
2983 2346 3378 2412 componendis
3411 2349 3661 2404 simulta-

2078 2413 2247 2474 tibus.
2275 2417 2470 2478 Varias
2503 2426 2670 2480 etiam
2701 2429 3046 2488 calamitates
3084 2435 3272 2502 refert,
3307 2452 3446 2508 quas
3474 2442 3542 2496 ab
3578 2443 3664 2497 in-

2075 2509 2217 2566 vidis
2266 2511 2465 2570 fuisset
2504 2532 2798 2588 perpessus
2833 2560 2850 2588 ,
2911 2525 3004 2592 qui
3061 2527 3497 2595 patriarchatum
3547 2550 3661 2590 non

2075 2599 2312 2657 obscure
2344 2605 2676 2672 ambientes,
2706 2612 2874 2667 multa
2902 2615 3003 2685 ipsi
3026 2618 3244 2687 negotia
3274 2619 3660 2684 faccssebant:

2075 2693 2356 2762 significat
2395 2701 2614 2756 tandem
2648 2719 2708 2758 se
2757 2705 3014 2776 dignitati
3048 2713 3400 2782 renuntiare,
3451 2728 3511 2774 ut
3543 2719 3658 2788 jam

2074 2785 2179 2841 sibi
2224 2788 2329 2844 soli
2382 2801 2562 2860 vacet,
2616 2797 3114 2871 pmnitentiamque
3161 2803 3218 2860 in
3285 2785 3579 2879 tranquilla
3603 2823 3660 2868 et

2075 2880 2324 2936 solitaria
2375 2885 2486 2939 vita
2536 2887 2605 2942 de
2660 2893 2904 2958 peccatis
2950 2895 3068 2951 suis
3109 2907 3253 2967 agat.
3283 2901 3412 2957 Haec
3446 2913 3530 2959 est
3571 2905 3662 2962 illa

2072 2975 2408 3044 παραίτησις
2431 3017 2447 3044 ,
2486 2993 2649 3049 quam
2683 2982 2737 3035 in
2763 2984 2950 3040 codice
2979 2986 3242 3045 Ecclesiae
3262 2991 3667 3060 ,Constantino-

388 3054 668 3108 triarchali
724 3071 950 3111 munere
988 3071 1204 3113 cumse
1236 3059 1444 3128 recepit
1472 3059 1527 3112 in
1563 3061 1964 3114 monasterium
2000 3073 2045 3136 ς
2081 3066 2338 3135 politanze
2388 3069 2718 3139 descriptam
2785 3073 2962 3132 fuisse
3026 3054 3308 3138 memoria:
3366 3096 3418 3139 et
3467 3097 3664 3142 aucto-

388 3146 672 3201 Prodromi
703 3147 769 3202 ad
810 3145 1143 3204 Menmceum
1178 3157 1438 3214 montem,
1475 3149 1620 3204 unde
1653 3151 1972 3222 compulsus

386 3249 474 3295 est
507 3242 558 3294 in
591 3239 776 3294 urbem
825 3240 1042 3304 redire,
1076 3247 1129 3294 et
1163 3251 1292 3296 tunc
1341 3243 1556 3312 aliquas
1592 3242 1859 3300 liomilias
1901 3248 1967 3300 ad

388 3333 652 3400 populum
696 3332 910 3387 habuit.
955 3330 1094 3387 Hinc
1139 3334 1484 3390 emendanda
1527 3350 1652 3404 qua:
1681 3345 1807 3390 ante
1835 3352 1970 3405 pau-

387 3438 486 3476 cos
553 3438 728 3480 annos
798 3423 1000 3494 prodiit
1062 3425 1296 3496 Philippi
1351 3425 1536 3496 Cyprii
1583 3427 1969 3482 Patriarchalis

385 3513 652 3583 Historia,
691 3517 786 3587 qui
835 3519 1021 3573 statim
1071 3518 1418 3588 patriarchas
1467 3520 1970 3590 ConstantiriOpoli-

385 3617 549 3662 tanos
594 3609 660 3663 ad
703 3609 1156 3666 Pammacarista:
1205 3610 1490 3666 habitasse
1543 3612 1739 3666 scribit
1769 3623 1964 3666 contra

386 3700 780 3755 historicorum
833 3704 1082 3757 omnium
1129 3702 1313 3769 fidem,
1342 3713 1399 3758 ut
1425 3713 1480 3758 et
1509 3707 1680 3758 multa
1705 3705 1810 3759 alia
1847 3722 1967 3775 qua:

387 3795 535 3846 hunc
567 3802 846 3849 auctorem
892 3796 1010 3851 sive
1054 3797 1239 3865 potius
1265 3798 1775 3853 consarcinatorem
1821 3814 1966 3869 sarpe

385 3884 774 3938 hallucinatum
805 3900 924 3941 esse
954 3887 1357 3942 demonstrant.

453 3976 595 4030 Cum
639 3994 704 4032 ex
754 3977 879 4048 fuga
925 3980 1205 4045 rediissct,
1241 3979 1341 4036 sed
1370 3996 1482 4050 quo
1512 3995 1660 4035 anno
1693 3983 1961 4050 nescitur,

384 4067 580 4122 habuit
627 4067 947 4125 Gennadius
1002 4071 1313 4125 orationem
1363 4072 1478 4126 sive
1525 4072 1959 4141 disputationem

385 4160 535 4214 illam
561 4161 862 4224 celebrem,
909 4177 1031 4232 quae
1067 4161 1274 4227 Graece,
1305 4163 1520 4228 Latine,
1554 4163 1664 4218 imo
1696 4173 1747 4219 et
1775 4163 1965 4220 Turci-

383 4270 466 4318 cc,
505 4255 600 4308 sed
620 4253 822 4309 Graecis
845 4255 1040 4311 litteris
1063 4255 1206 4309 edita
1232 4257 1478 4325 est,rrep‘t
1505 4255 1606 4326 τῆς
1641 4256 1814 4326 μόνης
1840 4256 1961 4309 ὀδοῦ

384 4351 524 4415 πρὸς
549 4346 648 4415 τὴν
681 4347 957 4417 σωτηρίαν
1010 4348 1339 4418 ἀνθρώπων.
1372 4348 1735 4402 Occasionem
1770 4357 1964 4402 narrat

2079 3158 2257 3215 ritatis
2310 3175 2477 3216 causa
2527 3162 2689 3236 docet
2751 3163 3000 3226 Historia
3056 3173 3456 3243 ecclesiastica,
3512 3182 3662 3251 apud

2077 3248 2332 3305 Crusium
2363 3254 2464 3322 ('5).

2150 3342 2267 3398 Mox
2325 3347 2529 3416 recepit
2583 3363 2643 3404 se
2690 3351 3002 3410 Gennadius
3048 3356 3104 3412 in
3151 3363 3544 3418 monasterium
3598 3363 3660 3420 S.

2075 3434 2304 3490 Joannis
2349 3437 2609 3507 Baptista:
2657 3442 2714 3497 in
2755 3455 2938 3500 monte
2981 3447 3265 3506 Menoeceo
3323 3469 3490 3524 prope
3529 3455 3664 3512 Ser-

2078 3541 2166 3581 ras
2203 3528 2282 3582 vu-l
2315 3529 2573 3595 Pherras,
2621 3542 2681 3587 ut
2727 3535 2990 3592 scribitur
3030 3540 3083 3593 in
3127 3543 3249 3597 cod.
3293 3542 3484 3615 Regio,
3533 3564 3658 3605 cum

2078 3630 2251 3672 annos
2282 3619 2524 3691 quinque
2547 3632 2603 3678 et
2635 3640 2847 3681 menses
2879 3628 3088 3698 aliquot
3108 3629 3370 3689 Ecclesia:
3391 3635 3662 3694 Constan-

2075 3709 2451 3780 tinopolitana:
2482 3715 2809 3785 praefuisset,
2841 3733 3005 3790 atque
3036 3723 3107 3778 ita
3138 3725 3258 3795 ejus
3286 3727 3562 3788 abdicatio
3592 3737 3659 3789 ad

2074 3812 2277 3854 annum
2319 3802 2457 3858 1459
2520 3804 2777 3862 refertur.
2813 3806 3041 3865 Videtur
3082 3821 3261 3870 tamen
3330 3817 3490 3874 aliter
3542 3832 3660 3876 sta-

2077 3892 2339 3948 tuendum
2365 3912 2379 3961 ;
2421 3912 2546 3950 nam
2575 3899 2768 3956 titulus
2800 3899 3079 3959 Orationis
3100 3921 3262 3977 quam
3293 3909 3484 3966 habuit
3513 3912 3662 3986 Gen,-

2075 3984 2272 4039 nadius
2308 3985 2360 4040 in
2406 3987 2595 4045 funere
2630 3990 2901 4048 Theodori
2936 3991 3222 4065 Sophiani,
3265 3999 3349 4054 sui
3383 4016 3448 4056 ex
3486 3984 3658 4059 fratre

2074 4077 2309 4145 nepotis,
2349 4079 2507 4134 docet
2539 4083 2950 4148 pronuntiatam
3000 4085 3171 4144 fuisse
3203 4089 3272 4144 ‘28
3310 4089 3656 4161 Septembris

2073 4179 2221 4221 anno
2258 4167 2419 4232 6965,
2453 4171 2757 4225 secundum
2793 4173 3035 4240 Gnaeos,
3065 4176 3169 4232 hoc
3200 4186 3285 4234 est
3319 4195 3466 4238 anno
3488 4184 3654 4239 Chri-

2072 4257 2142 4311 sti
2183 4258 2319 4313 1457
2361 4275 2392 4314 a
2430 4258 2716 4317 Gennadio
2765 4266 3054 4322 monacho.
3100 4267 3170 4321 At
3215 4269 3376 4341 vulgo
3419 4288 3530 4327 non
3577 4278 3654 4331 ita

2071 4349 2378 4418 appellatur
2430 4353 2484 4406 in
2534 4352 2706 4408 titulis
2757 4369 2946 4410 eorum
2991 4360 3383 4428 opusculorum
3428 4379 3550 4434 quae
3600 4368 3656 4422 in

385 4435 628 4492 Historia
673 4437 1136 4493 Gt-aacoollarbara
1168 4439 1279 4509 (2).
1311 4437 1388 4491 Eo
1446 4448 1699 4506 tempore,
1753 4441 1951 4511 inquit,
1988 4433 2032 4489 D
2063 4442 2436 4510 patriarchatu
2488 4446 2727 4516 scripsit.
2778 4447 2910 4514 Quae
2932 4449 3246 4518 conjectura
3296 4433 3658 4514 confirmatur

383 4527 523 4581 idem
554 4527 797 4580 sultanus
824 4530 1038 4588 insemel
1080 4528 1298 4582 intravit
1332 4530 1775 4597 patriarcheium,
1806 4547 1959 4584 cum-

385 4631 484 4684 que
516 4615 570 4666 in
596 4614 783 4681 templo
823 4613 1262 4670 Pammacaristw
1324 4622 1579 4683 venisset,
1610 4622 1667 4671 in
1701 4621 1955 4674 sacellum

384 4709 653 4771 ingressus
689 4709 790 4769 est,
820 4706 908 4759 ubi
943 4708 1097 4761 hodie
1139 4710 1437 4762 armarium
1475 4724 1647 4762 rerum
1683 4727 1963 4765 sacrarum

382 4808 486 4863 est,
513 4806 563 4850 et
617 4814 733 4850 cum
759 4800 1066 4867 patriarcha
1107 4799 1384 4856 Gennadio
1431 4804 1652 4858 libenter
1695 4821 1963 4860 sermones

386 4891 606 4958 contulit
631 4929 644 4944 .
687 4890 831 4945 Tunc
875 4895 1017 4947 omni
1051 4905 1188 4948 metu
1225 4897 1419 4965 posito,
1447 4899 1748 4951 universam
1778 4900 1826 4953 ei
1860 4915 1962 4967 pa-

385 4985 625 5036 triareha
653 4988 921 5038 ceritatem
951 4977 1075 5054 ﬁdei
1107 4986 1427 5042 Christianae
1457 4990 1688 5059 aperuit,
1718 4992 1964 5061 scripsit-

383 5093 480 5144 que
521 5093 614 5145 pro
667 5095 885 5132 numero
933 5082 1282 5149 quiestionum
1313 5085 1428 5150 ejus
1465 5084 1644 5149 capita
1678 5085 1961 5152 riginti....

385 5187 505 5239 qure
538 5180 585 5224 et
644 5173 786 5226 dedit
811 5174 1046 5228 sultano.
1085 5173 1470 5244 Subjiciuntur
1499 5186 1679 5231 autem
1714 5177 1825 5231 haec
1862 5192 1957 5231 ca-

387 5266 560 5331 pitula
608 5265 728 5320 loco
768 5268 958 5331 citato,
999 5283 1123 5322 cum
1188 5268 1426 5323 Turcica
1493 5270 1959 5339 interpretatione

381 5356 664 5412 Acumatis
693 5358 806 5412 sive
842 5359 1122 5414 Achmetis
1169 5359 1449 5415 Berrhoeze
1489 5361 1754 5430 prazfecti.
1800 5363 1868 5416 At
1903 5363 1956 5417 in

383 5460 574 5502 nostro
610 5449 796 5504 codice
837 5465 946 5504 non
1000 5466 1097 5521 per
1139 5454 1370 5524 quzesita
1418 5464 1472 5510 ct
1532 5469 1801 5526 responsa
1838 5457 1955 5512 hzec

451 5647 530 5724 ρ)
559 5648 823 5724 :l'urcogr.
863 5653 899 5707 Ι.
935 5669 997 5708 ll.
1030 5669 1084 5724 p.
1119 5655 1245 5710 108.

452 5718 693 5784 (itlbid.
741 5718 862 5792 pag.
907 5725 1030 5779 109.

633 5818 900 5876 l'A'ntUL.
935 5824 1049 5877 l'tt.
1087 5815 1264 5876 CLX.

2073 4532 2257 4587 altera
2281 4534 2419 4590 satis
2450 4535 2756 4592 verisimili.
2793 4537 2927 4594 Nam
2965 4540 3021 4596 in
3051 4545 3392 4601 monasterio
3423 4546 3654 4605 Joannis

2073 4625 2190 4680 sive
2219 4625 2526 4695 Prodromi,
2564 4630 2736 4685 multa
2759 4630 3080 4689 Gennadius
3104 4636 3382 4696 elaborate
3409 4641 3654 4711 scripsit,

2073 4733 2196 4786 qua:
2224 4718 2271 4773 si
2303 4719 2603 4774 secundum
2631 4721 2885 4778 Panvinii
2918 4734 2969 4779 et
2993 4724 3329 4784 Genebrardi
3354 4730 3656 4788 chronolo-

2075 4809 2242 4877 giam,
2283 4808 2422 4865 obiit
2457 4825 2604 4867 anno
2643 4812 2804 4880 i460,
2850 4815 3013 4871 unius
3055 4819 3185 4872 anni
3227 4819 3521 4878 intervallo
3564 4825 3654 4879 vix

2074 4909 2288 4968 poterat
2317 4902 2626 4959 absolvere.
2666 4903 2826 4960 Tales
2876 4918 3006 4962 sunt
3069 4918 3337 4966 tractatus
3407 4912 3482 4968 De
3539 4913 3656 4968 Ex-

2065 4993 2306 5047 sistentia
2327 5001 2376 5045 et
2397 5003 2590 5049 natura
2613 4999 2939 5066 animarum,
2965 5001 3030 5055 de
3053 4998 3393 5074 Purgatorio,
3410 5006 3475 5060 de
3503 5006 3655 5060 Prte-

2066 5081 2440 5149 destinatione,
2472 5086 2536 5138 ad
2568 5084 2868 5156 Joscphum
2901 5089 3448 5149 TheSsaloniccnsem
3485 5111 3500 5160 ;
3533 5105 3646 5151 tres

2066 5178 2156 5230 alii
2180 5178 2246 5232 de
2265 5176 2752 5235 Pracdestinatione
2775 5181 3089 5251 Sermones,
3114 5183 3368 5254 Epistolas
3392 5184 3459 5238 ad
3480 5185 3655 5240 Theo-

2067 5269 2263 5324 dorum
2309 5271 2584 5326 Bretmum
2628 5274 2742 5329 sive
2775 5273 3116 5341 Briennium,
3168 5284 3222 5329 et
3258 5276 3361 5329 alia
3403 5291 3505 5331 nec
3523 5292 3658 5345 pau-

2069 5377 2132 5416 ca
2166 5378 2266 5416 nec
2289 5370 2739 5432 cxtemporanea.
2760 5363 2918 5422 Unde
2939 5380 3061 5420 cum
3082 5380 3245 5420 nemo
3269 5367 3374 5420 buc
3395 5381 3564 5438 usque
3581 5382 3651 5422 ex

2067 5455 2236 5512 certis
2256 5454 2460 5512 Grrecte
2480 5455 2736 5515 Historia:
2758 5459 3128 5517 monumentis
3151 5473 3356 5515 annum
3379 5457 3649 5518 Gennadii

2141 5659 2215 5731 (δ)
2251 5658 2383 5716 uno.
2418 5676 2540 5733 pag.
2577 5660 2697 5716 tao.
