  <div class='ocr_page' id='page_1' title='image "/cluster/home/n/w/nwhite01/storage/ocr_20150623/160/coo.31924054870658/141.png"; bbox 0 0 4102 6432; ppageno 0'>
   <div class='ocr_carea' id='block_1_1' title="bbox 430 339 540 403">
    <p class='ocr_par' dir='ltr' id='par_1_1' title="bbox 430 339 540 403">
     <span class='ocr_line' id='line_1_1' title="bbox 430 339 540 403; baseline 0 -1"><span class='ocrx_word' id='word_1_1' title='bbox 430 339 540 403; x_wconf 75' lang='grc'><strong>267</strong></span> 
     </span>
    </p>
   </div>
   <div class='ocr_carea' id='block_1_2' title="bbox 1498 286 2604 415">
    <p class='ocr_par' dir='ltr' id='par_1_2' title="bbox 1498 286 2604 415">
     <span class='ocr_line' id='line_1_2' title="bbox 1498 286 2604 415; baseline -0.006 -19"><span class='ocrx_word' id='word_1_2' title='bbox 1498 331 1883 415; x_wconf 70' lang='lat' dir='ltr'><strong>GENNADII</strong></span> <span class='ocrx_word' id='word_1_3' title='bbox 1930 329 2038 391; x_wconf 82' lang='lat' dir='ltr'><strong>cr.</strong></span> <span class='ocrx_word' id='word_1_4' title='bbox 2083 286 2604 409; x_wconf 61' lang='lat' dir='ltr'><strong>cumsecum</strong></span> 
     </span>
    </p>
   </div>
   <div class='ocr_carea' id='block_1_3' title="bbox 3588 327 3696 393">
    <p class='ocr_par' dir='ltr' id='par_1_3' title="bbox 3588 327 3696 393">
     <span class='ocr_line' id='line_1_3' title="bbox 3588 327 3696 393; baseline 0.019 -2"><span class='ocrx_word' id='word_1_5' title='bbox 3588 327 3696 393; x_wconf 76' lang='lat'><strong>‘268</strong></span> 
     </span>
    </p>
   </div>
   <div class='ocr_carea' id='block_1_4' title="bbox 426 441 3698 526">
    <p class='ocr_par' dir='ltr' id='par_1_4' title="bbox 426 441 3698 526">
     <span class='ocr_line' id='line_1_4' title="bbox 426 441 3698 526; baseline -0.006 -15"><span class='ocrx_word' id='word_1_6' title='bbox 426 471 740 526; x_wconf 87' lang='lat' dir='ltr'><strong>supremum</strong></span> <span class='ocrx_word' id='word_1_7' title='bbox 783 453 1171 525; x_wconf 80' lang='lat' dir='ltr'><strong>designaverit,</strong></span> <span class='ocrx_word' id='word_1_8' title='bbox 1204 452 1249 509; x_wconf 89' lang='lat' dir='ltr'><strong>si</strong></span> <span class='ocrx_word' id='word_1_9' title='bbox 1295 450 1420 523; x_wconf 90' lang='lat' dir='ltr'><strong>quis</strong></span> <span class='ocrx_word' id='word_1_10' title='bbox 1456 466 1578 506; x_wconf 87' lang='lat' dir='ltr'><strong>eum</strong></span> <span class='ocrx_word' id='word_1_11' title='bbox 1615 451 1756 505; x_wconf 89' lang='lat' dir='ltr'><strong>ultra</strong></span> <span class='ocrx_word' id='word_1_12' title='bbox 1805 462 2011 504; x_wconf 84' lang='lat' dir='ltr'><strong>annum</strong></span> <span class='ocrx_word' id='word_1_13' title='bbox 2048 446 2087 501; x_wconf 77' lang='grc' dir='ltr'><strong>Α</strong></span> <span class='ocrx_word' id='word_1_14' title='bbox 2117 442 2261 511; x_wconf 81' lang='lat' dir='ltr'><strong>quod</strong></span> <span class='ocrx_word' id='word_1_15' title='bbox 2328 441 2495 496; x_wconf 81' lang='lat' dir='ltr'><strong>refert</strong></span> <span class='ocrx_word' id='word_1_16' title='bbox 2540 441 2853 496; x_wconf 68' lang='lat' dir='ltr'><strong>Graecorum</strong></span> <span class='ocrx_word' id='word_1_17' title='bbox 2920 448 3167 496; x_wconf 88' lang='lat' dir='ltr'><strong>actorum</strong></span> <span class='ocrx_word' id='word_1_18' title='bbox 3214 442 3449 512; x_wconf 81' lang='lat' dir='ltr'><strong>scriptor</strong></span> <span class='ocrx_word' id='word_1_19' title='bbox 3484 459 3498 497; x_wconf 89' lang='lat'><strong>:</strong></span> <span class='ocrx_word' id='word_1_20' title='bbox 3539 445 3698 514; x_wconf 83' lang='lat' dir='ltr'><strong>cujus</strong></span> 
     </span>
    </p>
   </div>
   <div class='ocr_carea' id='block_1_5' title="bbox 428 541 2012 621">
    <p class='ocr_par' dir='ltr' id='par_1_5' title="bbox 428 541 2012 621">
     <span class='ocr_line' id='line_1_5' title="bbox 428 541 2012 621; baseline -0.008 -16"><span class='ocrx_word' id='word_1_21' title='bbox 428 550 572 605; x_wconf 78' lang='lat' dir='ltr'><strong>H60</strong></span> <span class='ocrx_word' id='word_1_22' title='bbox 598 550 764 603; x_wconf 86' lang='lat' dir='ltr'><strong>vitam</strong></span> <span class='ocrx_word' id='word_1_23' title='bbox 798 547 1125 617; x_wconf 86' lang='lat' dir='ltr'><strong>produxisse</strong></span> <span class='ocrx_word' id='word_1_24' title='bbox 1148 554 1377 621; x_wconf 63' lang='lat' dir='ltr'><strong>statuat,</strong></span> <span class='ocrx_word' id='word_1_25' title='bbox 1406 560 1515 603; x_wconf 88' lang='lat' dir='ltr'><strong>non</strong></span> <span class='ocrx_word' id='word_1_26' title='bbox 1539 545 1776 599; x_wconf 88' lang='lat' dir='ltr'><strong>inaniter</strong></span> <span class='ocrx_word' id='word_1_27' title='bbox 1800 541 2012 597; x_wconf 85' lang='lat' dir='ltr'><strong>videbi-</strong></span> 
     </span>
    </p>
   </div>
   <div class='ocr_carea' id='block_1_6' title="bbox 352 633 2016 712">
    <p class='ocr_par' dir='ltr' id='par_1_6' title="bbox 352 633 2016 712">
     <span class='ocr_line' id='line_1_6' title="bbox 352 633 2016 712; baseline -0.007 -14"><span class='ocrx_word' id='word_1_28' title='bbox 352 638 357 645; x_wconf 87' lang='grc'><strong>’</strong></span> <span class='ocrx_word' id='word_1_29' title='bbox 431 656 520 698; x_wconf 82' lang='lat' dir='ltr'><strong>tur</strong></span> <span class='ocrx_word' id='word_1_30' title='bbox 573 641 892 712; x_wconf 75' lang='lat' dir='ltr'><strong>conjecrari.</strong></span> <span class='ocrx_word' id='word_1_31' title='bbox 948 638 1086 694; x_wconf 87' lang='lat' dir='ltr'><strong>Nam</strong></span> <span class='ocrx_word' id='word_1_32' title='bbox 1142 640 1198 694; x_wconf 91' lang='lat' dir='ltr'><strong>in</strong></span> <span class='ocrx_word' id='word_1_33' title='bbox 1256 639 1425 710; x_wconf 80' lang='lat' dir='ltr'><strong>Regio</strong></span> <span class='ocrx_word' id='word_1_34' title='bbox 1476 638 1599 693; x_wconf 89' lang='lat' dir='ltr'><strong>cod.</strong></span> <span class='ocrx_word' id='word_1_35' title='bbox 1659 634 1892 690; x_wconf 88' lang='lat' dir='ltr'><strong>llomilia</strong></span> <span class='ocrx_word' id='word_1_36' title='bbox 1948 633 2016 687; x_wconf 89' lang='lat' dir='ltr'><strong>de</strong></span> 
     </span>
    </p>
   </div>
   <div class='ocr_carea' id='block_1_7' title="bbox 407 728 2017 801">
    <p class='ocr_par' dir='ltr' id='par_1_7' title="bbox 407 728 2017 801">
     <span class='ocr_line' id='line_1_7' title="bbox 407 728 2017 801; baseline -0.006 -12"><span class='ocrx_word' id='word_1_37' title='bbox 407 735 664 790; x_wconf 82' lang='lat' dir='ltr'><strong>&#39;transitn</strong></span> <span class='ocrx_word' id='word_1_38' title='bbox 695 733 770 787; x_wconf 76' lang='lat' dir='ltr'><strong>.B.</strong></span> <span class='ocrx_word' id='word_1_39' title='bbox 792 731 989 787; x_wconf 63' lang='lat' dir='ltr'><strong>Mariae</strong></span> <span class='ocrx_word' id='word_1_40' title='bbox 1026 730 1256 801; x_wconf 79' lang='lat' dir='ltr'><strong>virginis</strong></span> <span class='ocrx_word' id='word_1_41' title='bbox 1312 732 1520 799; x_wconf 89' lang='lat' dir='ltr'><strong>scripta</strong></span> <span class='ocrx_word' id='word_1_42' title='bbox 1552 728 2017 795; x_wconf 83' lang='lat' dir='ltr'><strong>Constantinopo-</strong></span> 
     </span>
    </p>
   </div>
   <div class='ocr_carea' id='block_1_8' title="bbox 430 816 2019 885">
    <p class='ocr_par' dir='ltr' id='par_1_8' title="bbox 430 816 2019 885">
     <span class='ocr_line' id='line_1_8' title="bbox 430 816 2019 885; baseline -0.006 -5"><span class='ocrx_word' id='word_1_43' title='bbox 430 828 465 880; x_wconf 92' lang='lat' dir='ltr'><strong>li</strong></span> <span class='ocrx_word' id='word_1_44' title='bbox 501 827 702 879; x_wconf 84' lang='lat' dir='ltr'><strong>dicitur</strong></span> <span class='ocrx_word' id='word_1_45' title='bbox 726 825 780 879; x_wconf 91' lang='lat' dir='ltr'><strong>in</strong></span> <span class='ocrx_word' id='word_1_46' title='bbox 812 823 1146 879; x_wconf 88' lang='lat' dir='ltr'><strong>monasterio</strong></span> <span class='ocrx_word' id='word_1_47' title='bbox 1198 821 1664 885; x_wconf 65' lang='lat' dir='ltr'><strong>Pammacarislaa,</strong></span> <span class='ocrx_word' id='word_1_48' title='bbox 1699 832 1823 873; x_wconf 90' lang='lat' dir='ltr'><strong>cum</strong></span> <span class='ocrx_word' id='word_1_49' title='bbox 1854 816 2019 872; x_wconf 90' lang='lat' dir='ltr'><strong>tertio</strong></span> 
     </span>
    </p>
   </div>
   <div class='ocr_carea' id='block_1_9' title="bbox 432 906 2018 980">
    <p class='ocr_par' dir='ltr' id='par_1_9' title="bbox 432 906 2018 980">
     <span class='ocr_line' id='line_1_9' title="bbox 432 906 2018 980; baseline -0.005 -9"><span class='ocrx_word' id='word_1_50' title='bbox 432 924 485 971; x_wconf 85' lang='lat' dir='ltr'><strong>in</strong></span> <span class='ocrx_word' id='word_1_51' title='bbox 524 920 713 970; x_wconf 97' lang='lat' dir='ltr'><strong>urbem</strong></span> <span class='ocrx_word' id='word_1_52' title='bbox 749 917 932 971; x_wconf 85' lang='lat' dir='ltr'><strong>redire</strong></span> <span class='ocrx_word' id='word_1_53' title='bbox 967 924 1195 970; x_wconf 89' lang='lat' dir='ltr'><strong>coactus</strong></span> <span class='ocrx_word' id='word_1_54' title='bbox 1236 913 1436 970; x_wconf 87' lang='lat' dir='ltr'><strong>fuisset</strong></span> <span class='ocrx_word' id='word_1_55' title='bbox 1465 927 1612 968; x_wconf 89' lang='lat' dir='ltr'><strong>anno</strong></span> <span class='ocrx_word' id='word_1_56' title='bbox 1635 913 1738 980; x_wconf 79' lang='grc' dir='ltr'><strong>οϐ’,</strong></span> <span class='ocrx_word' id='word_1_57' title='bbox 1776 906 1879 965; x_wconf 79' lang='lat' dir='ltr'><strong>bbe</strong></span> <span class='ocrx_word' id='word_1_58' title='bbox 1906 917 2018 973; x_wconf 88' lang='lat' dir='ltr'><strong>est,</strong></span> 
     </span>
    </p>
   </div>
   <div class='ocr_carea' id='block_1_10' title="bbox 434 1003 2021 1078">
    <p class='ocr_par' dir='ltr' id='par_1_10' title="bbox 434 1003 2021 1078">
     <span class='ocr_line' id='line_1_10' title="bbox 434 1003 2021 1078; baseline -0.004 -16"><span class='ocrx_word' id='word_1_59' title='bbox 434 1021 495 1063; x_wconf 85' lang='lat' dir='ltr'><strong>ut</strong></span> <span class='ocrx_word' id='word_1_60' title='bbox 537 1025 697 1064; x_wconf 89' lang='lat' dir='ltr'><strong>nemo</strong></span> <span class='ocrx_word' id='word_1_61' title='bbox 736 1024 842 1062; x_wconf 89' lang='lat' dir='ltr'><strong>non</strong></span> <span class='ocrx_word' id='word_1_62' title='bbox 896 1008 1170 1078; x_wconf 83' lang='lat' dir='ltr'><strong>intelligit,</strong></span> <span class='ocrx_word' id='word_1_63' title='bbox 1216 1006 1378 1073; x_wconf 67' lang='lat'><strong>6972,</strong></span> <span class='ocrx_word' id='word_1_64' title='bbox 1425 1007 1729 1063; x_wconf 86' lang='lat' dir='ltr'><strong>secundum</strong></span> <span class='ocrx_word' id='word_1_65' title='bbox 1773 1003 2021 1060; x_wconf 81' lang='lat' dir='ltr'><strong>Graecam</strong></span> 
     </span>
    </p>
   </div>
   <div class='ocr_carea' id='block_1_11' title="bbox 386 1092 2024 1173">
    <p class='ocr_par' dir='ltr' id='par_1_11' title="bbox 386 1092 2024 1173">
     <span class='ocr_line' id='line_1_11' title="bbox 386 1092 2024 1173; baseline -0.004 -20"><span class='ocrx_word' id='word_1_66' title='bbox 386 1170 391 1173; x_wconf 16' lang='grc' dir='ltr'><strong>Ἴ</strong></span> <span class='ocrx_word' id='word_1_67' title='bbox 432 1099 871 1169; x_wconf 76' lang='lat' dir='ltr'><strong>chronologiam,</strong></span> <span class='ocrx_word' id='word_1_68' title='bbox 920 1098 1010 1168; x_wconf 84' lang='lat' dir='ltr'><strong>qui</strong></span> <span class='ocrx_word' id='word_1_69' title='bbox 1058 1113 1233 1152; x_wconf 90' lang='lat' dir='ltr'><strong>annus</strong></span> <span class='ocrx_word' id='word_1_70' title='bbox 1288 1098 1589 1168; x_wconf 78' lang='lat' dir='ltr'><strong>reSpondet</strong></span> <span class='ocrx_word' id='word_1_71' title='bbox 1630 1110 1776 1150; x_wconf 89' lang='lat' dir='ltr'><strong>anno</strong></span> <span class='ocrx_word' id='word_1_72' title='bbox 1821 1092 2024 1150; x_wconf 88' lang='lat' dir='ltr'><strong>Christi</strong></span> 
     </span>
    </p>
   </div>
   <div class='ocr_carea' id='block_1_12' title="bbox 437 1184 2019 1257">
    <p class='ocr_par' dir='ltr' id='par_1_12' title="bbox 437 1184 2019 1257">
     <span class='ocr_line' id='line_1_12' title="bbox 437 1184 2019 1257; baseline -0.003 -15"><span class='ocrx_word' id='word_1_73' title='bbox 437 1190 599 1251; x_wconf 69' lang='grc'><strong>1464.</strong></span> <span class='ocrx_word' id='word_1_74' title='bbox 686 1190 840 1257; x_wconf 85' lang='lat' dir='ltr'><strong>cujus</strong></span> <span class='ocrx_word' id='word_1_75' title='bbox 908 1198 1090 1245; x_wconf 91' lang='lat' dir='ltr'><strong>certus</strong></span> <span class='ocrx_word' id='word_1_76' title='bbox 1146 1190 1430 1245; x_wconf 88' lang='lat' dir='ltr'><strong>character</strong></span> <span class='ocrx_word' id='word_1_77' title='bbox 1489 1196 1576 1244; x_wconf 90' lang='lat' dir='ltr'><strong>est</strong></span> <span class='ocrx_word' id='word_1_78' title='bbox 1630 1187 1858 1243; x_wconf 77' lang='lat' dir='ltr'><strong>iudictio</strong></span> <span class='ocrx_word' id='word_1_79' title='bbox 1934 1184 2019 1250; x_wconf 76' lang='grc'><strong>12,</strong></span> 
     </span>
    </p>
   </div>
   <div class='ocr_carea' id='block_1_13' title="bbox 439 1276 2028 1353">
    <p class='ocr_par' dir='ltr' id='par_1_13' title="bbox 439 1276 2028 1353">
     <span class='ocr_line' id='line_1_13' title="bbox 439 1276 2028 1353; baseline -0.001 -22"><span class='ocrx_word' id='word_1_80' title='bbox 439 1300 599 1353; x_wconf 82' lang='lat' dir='ltr'><strong>quam</strong></span> <span class='ocrx_word' id='word_1_81' title='bbox 674 1283 798 1337; x_wconf 86' lang='lat' dir='ltr'><strong>huic</strong></span> <span class='ocrx_word' id='word_1_82' title='bbox 854 1297 999 1335; x_wconf 88' lang='lat' dir='ltr'><strong>anno</strong></span> <span class='ocrx_word' id='word_1_83' title='bbox 1075 1281 1397 1351; x_wconf 80' lang='lat' dir='ltr'><strong>adjunctam</strong></span> <span class='ocrx_word' id='word_1_84' title='bbox 1462 1280 1626 1335; x_wconf 87' lang='lat' dir='ltr'><strong>habet</strong></span> <span class='ocrx_word' id='word_1_85' title='bbox 1665 1276 1855 1335; x_wconf 88' lang='lat' dir='ltr'><strong>Ganon</strong></span> <span class='ocrx_word' id='word_1_86' title='bbox 1928 1292 2028 1335; x_wconf 83' lang='lat' dir='ltr'><strong>an-</strong></span> 
     </span>
    </p>
   </div>
   <div class='ocr_carea' id='block_1_14' title="bbox 442 1369 2031 1445">
    <p class='ocr_par' dir='ltr' id='par_1_14' title="bbox 442 1369 2031 1445">
     <span class='ocr_line' id='line_1_14' title="bbox 442 1369 2031 1445; baseline -0.003 -17"><span class='ocrx_word' id='word_1_87' title='bbox 442 1392 632 1428; x_wconf 87' lang='lat' dir='ltr'><strong>norum</strong></span> <span class='ocrx_word' id='word_1_88' title='bbox 663 1389 1033 1445; x_wconf 87' lang='lat' dir='ltr'><strong>expansorum</strong></span> <span class='ocrx_word' id='word_1_89' title='bbox 1087 1373 1154 1428; x_wconf 88' lang='lat' dir='ltr'><strong>ab</strong></span> <span class='ocrx_word' id='word_1_90' title='bbox 1184 1372 1383 1428; x_wconf 90' lang='lat' dir='ltr'><strong>Allatio</strong></span> <span class='ocrx_word' id='word_1_91' title='bbox 1428 1372 1631 1438; x_wconf 87' lang='lat' dir='ltr'><strong>editus,</strong></span> <span class='ocrx_word' id='word_1_92' title='bbox 1664 1371 1718 1426; x_wconf 89' lang='lat' dir='ltr'><strong>in</strong></span> <span class='ocrx_word' id='word_1_93' title='bbox 1749 1386 1914 1441; x_wconf 87' lang='lat' dir='ltr'><strong>opere</strong></span> <span class='ocrx_word' id='word_1_94' title='bbox 1957 1369 2031 1423; x_wconf 81' lang='lat' dir='ltr'><strong>De</strong></span> 
     </span>
    </p>
   </div>
   <div class='ocr_carea' id='block_1_15' title="bbox 441 1462 2033 1535">
    <p class='ocr_par' dir='ltr' id='par_1_15' title="bbox 441 1462 2033 1535">
     <span class='ocr_line' id='line_1_15' title="bbox 441 1462 2033 1535; baseline -0.006 -10"><span class='ocrx_word' id='word_1_95' title='bbox 441 1470 716 1525; x_wconf 79' lang='lat' dir='ltr'><strong>dominicis</strong></span> <span class='ocrx_word' id='word_1_96' title='bbox 758 1480 807 1524; x_wconf 79' lang='lat' dir='ltr'><strong>et</strong></span> <span class='ocrx_word' id='word_1_97' title='bbox 859 1468 1268 1523; x_wconf 79' lang='lat' dir='ltr'><strong>hebdomadibus</strong></span> <span class='ocrx_word' id='word_1_98' title='bbox 1322 1466 1628 1522; x_wconf 70' lang='lat' dir='ltr'><strong>Graecorum</strong></span> <span class='ocrx_word' id='word_1_99' title='bbox 1678 1462 2033 1535; x_wconf 74' lang='lat' dir='ltr'><strong>(i).Scripsit</strong></span> 
     </span>
    </p>
   </div>
   <div class='ocr_carea' id='block_1_16' title="bbox 441 1553 2032 1632">
    <p class='ocr_par' dir='ltr' id='par_1_16' title="bbox 441 1553 2032 1632">
     <span class='ocr_line' id='line_1_16' title="bbox 441 1553 2032 1632; baseline -0.004 -16"><span class='ocrx_word' id='word_1_100' title='bbox 441 1564 605 1616; x_wconf 73' lang='lat' dir='ltr'><strong>etiam</strong></span> <span class='ocrx_word' id='word_1_101' title='bbox 638 1553 969 1632; x_wconf 78' lang='lat' dir='ltr'><strong>opusculum</strong></span> <span class='ocrx_word' id='word_1_102' title='bbox 996 1560 1140 1630; x_wconf 73' lang='grc' dir='ltr'><strong>Περὶ</strong></span> <span class='ocrx_word' id='word_1_103' title='bbox 1162 1560 1265 1628; x_wconf 79' lang='grc' dir='ltr'><strong>τῆς</strong></span> <span class='ocrx_word' id='word_1_104' title='bbox 1318 1557 1540 1629; x_wconf 82' lang='grc' dir='ltr'><strong>πρώτης</strong></span> <span class='ocrx_word' id='word_1_105' title='bbox 1589 1554 1687 1610; x_wconf 78' lang='grc' dir='ltr'><strong>τοῦ</strong></span> <span class='ocrx_word' id='word_1_106' title='bbox 1738 1555 1874 1609; x_wconf 75' lang='grc' dir='ltr'><strong>Θεοῦ</strong></span> <span class='ocrx_word' id='word_1_107' title='bbox 1930 1555 2032 1609; x_wconf 78' lang='grc' dir='ltr'><strong>λα-</strong></span> 
     </span>
    </p>
   </div>
   <div class='ocr_carea' id='block_1_17' title="bbox 448 1647 2034 1723">
    <p class='ocr_par' dir='ltr' id='par_1_17' title="bbox 448 1647 2034 1723">
     <span class='ocr_line' id='line_1_17' title="bbox 448 1647 2034 1723; baseline -0.005 -17"><span class='ocrx_word' id='word_1_108' title='bbox 448 1654 635 1723; x_wconf 81' lang='grc' dir='ltr'><strong>τρείας</strong></span> <span class='ocrx_word' id='word_1_109' title='bbox 669 1692 684 1717; x_wconf 83' lang='grc'><em>,</em></span> <span class='ocrx_word' id='word_1_110' title='bbox 737 1661 861 1722; x_wconf 90' lang='lat' dir='ltr'><strong>post</strong></span> <span class='ocrx_word' id='word_1_111' title='bbox 914 1650 1222 1706; x_wconf 90' lang='lat' dir='ltr'><strong>abdicatam</strong></span> <span class='ocrx_word' id='word_1_112' title='bbox 1273 1649 1597 1720; x_wconf 76' lang='lat' dir='ltr'><strong>dignitatem</strong></span> <span class='ocrx_word' id='word_1_113' title='bbox 1650 1650 1706 1702; x_wconf 89' lang='lat' dir='ltr'><strong>in</strong></span> <span class='ocrx_word' id='word_1_114' title='bbox 1756 1647 2034 1701; x_wconf 73' lang='lat' dir='ltr'><strong>Menmceo</strong></span> 
     </span>
    </p>
   </div>
   <div class='ocr_carea' id='block_1_18' title="bbox 448 1737 2030 1806">
    <p class='ocr_par' dir='ltr' id='par_1_18' title="bbox 448 1737 2030 1806">
     <span class='ocr_line' id='line_1_18' title="bbox 448 1737 2030 1806; baseline -0.006 -7"><span class='ocrx_word' id='word_1_115' title='bbox 448 1754 631 1800; x_wconf 85' lang='lat' dir='ltr'><strong>monte</strong></span> <span class='ocrx_word' id='word_1_116' title='bbox 670 1743 1076 1799; x_wconf 84' lang='lat' dir='ltr'><strong>etmonasterio</strong></span> <span class='ocrx_word' id='word_1_117' title='bbox 1110 1739 1395 1797; x_wconf 89' lang='lat' dir='ltr'><strong>Prodromi</strong></span> <span class='ocrx_word' id='word_1_118' title='bbox 1420 1755 1511 1794; x_wconf 87' lang='lat' dir='ltr'><strong>an.</strong></span> <span class='ocrx_word' id='word_1_119' title='bbox 1535 1738 1723 1793; x_wconf 89' lang='lat' dir='ltr'><strong>mundi</strong></span> <span class='ocrx_word' id='word_1_120' title='bbox 1749 1737 1911 1800; x_wconf 86' lang='grc'>6966,</span> <span class='ocrx_word' id='word_1_121' title='bbox 1934 1737 2030 1806; x_wconf 89' lang='lat' dir='ltr'><strong>qui</strong></span> 
     </span>
    </p>
   </div>
   <div class='ocr_carea' id='block_1_19' title="bbox 448 1799 2102 1902">
    <p class='ocr_par' dir='ltr' id='par_1_19' title="bbox 448 1799 2102 1902">
     <span class='ocr_line' id='line_1_19' title="bbox 448 1799 2102 1902; baseline -0.004 -12"><span class='ocrx_word' id='word_1_122' title='bbox 448 1799 533 1892; x_wconf 87' lang='lat' dir='ltr'><strong>est</strong></span> <span class='ocrx_word' id='word_1_123' title='bbox 577 1834 938 1891; x_wconf 82' lang='lat' dir='ltr'><strong>JesuChristi</strong></span> <span class='ocrx_word' id='word_1_124' title='bbox 992 1833 1372 1902; x_wconf 66' lang='grc' dir='ltr'><strong>1458.1ιδίιυθ</strong></span> <span class='ocrx_word' id='word_1_125' title='bbox 1410 1830 1523 1901; x_wconf 78' lang='lat' dir='ltr'><strong>jam</strong></span> <span class='ocrx_word' id='word_1_126' title='bbox 1562 1831 1629 1885; x_wconf 90' lang='lat' dir='ltr'><strong>ab</strong></span> <span class='ocrx_word' id='word_1_127' title='bbox 1675 1845 1819 1884; x_wconf 89' lang='lat' dir='ltr'><strong>anno</strong></span> <span class='ocrx_word' id='word_1_128' title='bbox 1865 1799 2027 1894; x_wconf 62' lang='grc'><strong>11518,</strong></span> <span class='ocrx_word' id='word_1_129' title='bbox 2061 1799 2102 1854; x_wconf 76' lang='grc' dir='ltr'><strong>Β</strong></span> 
     </span>
    </p>
   </div>
   <div class='ocr_carea' id='block_1_20' title="bbox 450 1919 2032 1994">
    <p class='ocr_par' dir='ltr' id='par_1_20' title="bbox 450 1919 2032 1994">
     <span class='ocr_line' id='line_1_20' title="bbox 450 1919 2032 1994; baseline -0.006 -12"><span class='ocrx_word' id='word_1_130' title='bbox 450 1936 543 1983; x_wconf 88' lang='lat' dir='ltr'><strong>aut</strong></span> <span class='ocrx_word' id='word_1_131' title='bbox 578 1928 735 1994; x_wconf 63' lang='grc'><strong>1457,</strong></span> <span class='ocrx_word' id='word_1_132' title='bbox 776 1927 822 1982; x_wconf 92' lang='lat' dir='ltr'><strong>si</strong></span> <span class='ocrx_word' id='word_1_133' title='bbox 857 1941 983 1981; x_wconf 86' lang='lat' dir='ltr'><strong>vera</strong></span> <span class='ocrx_word' id='word_1_134' title='bbox 1030 1934 1115 1979; x_wconf 89' lang='lat' dir='ltr'><strong>est</strong></span> <span class='ocrx_word' id='word_1_135' title='bbox 1145 1923 1437 1992; x_wconf 84' lang='lat' dir='ltr'><strong>inscriptio</strong></span> <span class='ocrx_word' id='word_1_136' title='bbox 1476 1921 1754 1976; x_wconf 85' lang='lat' dir='ltr'><strong>Orationis</strong></span> <span class='ocrx_word' id='word_1_137' title='bbox 1784 1921 1838 1973; x_wconf 92' lang='lat' dir='ltr'><strong>in</strong></span> <span class='ocrx_word' id='word_1_138' title='bbox 1874 1919 2032 1974; x_wconf 89' lang='lat' dir='ltr'><strong>fune-</strong></span> 
     </span>
    </p>
   </div>
   <div class='ocr_carea' id='block_1_21' title="bbox 450 2012 2033 2089">
    <p class='ocr_par' dir='ltr' id='par_1_21' title="bbox 450 2012 2033 2089">
     <span class='ocr_line' id='line_1_21' title="bbox 450 2012 2033 2089; baseline -0.007 -15"><span class='ocrx_word' id='word_1_139' title='bbox 450 2036 508 2074; x_wconf 88' lang='lat' dir='ltr'><strong>re</strong></span> <span class='ocrx_word' id='word_1_140' title='bbox 559 2018 850 2089; x_wconf 88' lang='lat' dir='ltr'><strong>Sophiani,</strong></span> <span class='ocrx_word' id='word_1_141' title='bbox 900 2015 1215 2072; x_wconf 85' lang='lat' dir='ltr'><strong>Gennadius</strong></span> <span class='ocrx_word' id='word_1_142' title='bbox 1267 2014 1569 2069; x_wconf 85' lang='lat' dir='ltr'><strong>monachus</strong></span> <span class='ocrx_word' id='word_1_143' title='bbox 1604 2012 1943 2085; x_wconf 65' lang='lat' dir='ltr'><strong>vocabatur,</strong></span> <span class='ocrx_word' id='word_1_144' title='bbox 1976 2017 2033 2064; x_wconf 92' lang='lat' dir='ltr'><strong>et</strong></span> 
     </span>
    </p>
   </div>
   <div class='ocr_carea' id='block_1_22' title="bbox 439 2093 2034 2184">
    <p class='ocr_par' dir='ltr' id='par_1_22' title="bbox 439 2093 2034 2184">
     <span class='ocr_line' id='line_1_22' title="bbox 439 2093 2034 2184; baseline -0.006 -17"><span class='ocrx_word' id='word_1_145' title='bbox 439 2093 763 2184; x_wconf 60' lang='lat' dir='ltr'><strong>patriarcha</strong></span> <span class='ocrx_word' id='word_1_146' title='bbox 794 2124 916 2166; x_wconf 90' lang='lat' dir='ltr'><strong>esse</strong></span> <span class='ocrx_word' id='word_1_147' title='bbox 969 2109 1235 2173; x_wconf 81' lang='lat' dir='ltr'><strong>desierat,</strong></span> <span class='ocrx_word' id='word_1_148' title='bbox 1277 2124 1430 2173; x_wconf 92' lang='lat' dir='ltr'><strong>cum,</strong></span> <span class='ocrx_word' id='word_1_149' title='bbox 1457 2108 1504 2164; x_wconf 90' lang='lat' dir='ltr'><strong>si</strong></span> <span class='ocrx_word' id='word_1_150' title='bbox 1532 2106 1746 2162; x_wconf 82' lang='lat' dir='ltr'><strong>Malaxo</strong></span> <span class='ocrx_word' id='word_1_151' title='bbox 1771 2113 1823 2159; x_wconf 89' lang='lat' dir='ltr'><strong>et</strong></span> <span class='ocrx_word' id='word_1_152' title='bbox 1857 2103 2034 2160; x_wconf 87' lang='lat' dir='ltr'><strong>llisto-</strong></span> 
     </span>
    </p>
   </div>
   <div class='ocr_carea' id='block_1_23' title="bbox 436 2196 2036 2266">
    <p class='ocr_par' dir='ltr' id='par_1_23' title="bbox 436 2196 2036 2266">
     <span class='ocr_line' id='line_1_23' title="bbox 436 2196 2036 2266; baseline -0.003 -12"><span class='ocrx_word' id='word_1_153' title='bbox 436 2204 546 2259; x_wconf 88' lang='lat' dir='ltr'><strong>.riae</strong></span> <span class='ocrx_word' id='word_1_154' title='bbox 585 2204 834 2260; x_wconf 76' lang='lat' dir='ltr'><strong>barbarae</strong></span> <span class='ocrx_word' id='word_1_155' title='bbox 868 2201 1000 2257; x_wconf 88' lang='lat' dir='ltr'><strong>iides</strong></span> <span class='ocrx_word' id='word_1_156' title='bbox 1033 2199 1288 2255; x_wconf 88' lang='lat' dir='ltr'><strong>habenda</strong></span> <span class='ocrx_word' id='word_1_157' title='bbox 1324 2208 1429 2266; x_wconf 90' lang='lat' dir='ltr'><strong>est,</strong></span> <span class='ocrx_word' id='word_1_158' title='bbox 1459 2213 1565 2253; x_wconf 92' lang='lat' dir='ltr'><strong>non</strong></span> <span class='ocrx_word' id='word_1_159' title='bbox 1596 2207 1724 2252; x_wconf 90' lang='lat' dir='ltr'><strong>ante</strong></span> <span class='ocrx_word' id='word_1_160' title='bbox 1756 2196 1895 2252; x_wconf 72' lang='grc'><strong>1459</strong></span> <span class='ocrx_word' id='word_1_161' title='bbox 1924 2196 2036 2265; x_wconf 88' lang='lat' dir='ltr'><strong>pri-</strong></span> 
     </span>
    </p>
   </div>
   <div class='ocr_carea' id='block_1_24' title="bbox 442 2289 2032 2364">
    <p class='ocr_par' dir='ltr' id='par_1_24' title="bbox 442 2289 2032 2364">
     <span class='ocr_line' id='line_1_24' title="bbox 442 2289 2032 2364; baseline -0.006 -14"><span class='ocrx_word' id='word_1_162' title='bbox 442 2306 629 2350; x_wconf 63' lang='lat' dir='ltr'><strong>vatam</strong></span> <span class='ocrx_word' id='word_1_163' title='bbox 669 2295 836 2349; x_wconf 89' lang='lat' dir='ltr'><strong>vitam</strong></span> <span class='ocrx_word' id='word_1_164' title='bbox 867 2293 1153 2364; x_wconf 86' lang='lat' dir='ltr'><strong>repetiisse</strong></span> <span class='ocrx_word' id='word_1_165' title='bbox 1205 2291 1478 2346; x_wconf 86' lang='lat' dir='ltr'><strong>videatur.</strong></span> <span class='ocrx_word' id='word_1_166' title='bbox 1524 2289 1661 2345; x_wconf 91' lang='lat' dir='ltr'><strong>Tum</strong></span> <span class='ocrx_word' id='word_1_167' title='bbox 1706 2289 1870 2343; x_wconf 90' lang='lat' dir='ltr'><strong>etiam</strong></span> <span class='ocrx_word' id='word_1_168' title='bbox 1926 2301 2032 2340; x_wconf 91' lang='lat' dir='ltr'><strong>non</strong></span> 
     </span>
    </p>
   </div>
   <div class='ocr_carea' id='block_1_25' title="bbox 452 2382 2034 2447">
    <p class='ocr_par' dir='ltr' id='par_1_25' title="bbox 452 2382 2034 2447">
     <span class='ocr_line' id='line_1_25' title="bbox 452 2382 2034 2447; baseline -0.01 -1"><span class='ocrx_word' id='word_1_169' title='bbox 452 2398 603 2446; x_wconf 91' lang='lat' dir='ltr'><strong>recte</strong></span> <span class='ocrx_word' id='word_1_170' title='bbox 642 2386 827 2443; x_wconf 85' lang='lat' dir='ltr'><strong>statim</strong></span> <span class='ocrx_word' id='word_1_171' title='bbox 854 2400 979 2443; x_wconf 89' lang='lat' dir='ltr'><strong>eum</strong></span> <span class='ocrx_word' id='word_1_172' title='bbox 1013 2384 1221 2439; x_wconf 87' lang='lat' dir='ltr'><strong>obiisse</strong></span> <span class='ocrx_word' id='word_1_173' title='bbox 1259 2382 1533 2447; x_wconf 88' lang='lat' dir='ltr'><strong>scribunt,</strong></span> <span class='ocrx_word' id='word_1_174' title='bbox 1583 2394 1708 2435; x_wconf 89' lang='lat' dir='ltr'><strong>cum</strong></span> <span class='ocrx_word' id='word_1_175' title='bbox 1757 2393 1932 2433; x_wconf 90' lang='lat' dir='ltr'><strong>annos</strong></span> <span class='ocrx_word' id='word_1_176' title='bbox 1975 2383 2034 2430; x_wconf 91' lang='lat' dir='ltr'><strong>ut</strong></span> 
     </span>
    </p>
   </div>
   <div class='ocr_carea' id='block_1_26' title="bbox 457 2470 2038 2549">
    <p class='ocr_par' dir='ltr' id='par_1_26' title="bbox 457 2470 2038 2549">
     <span class='ocr_line' id='line_1_26' title="bbox 457 2470 2038 2549; baseline -0.009 -14"><span class='ocrx_word' id='word_1_177' title='bbox 457 2482 743 2535; x_wconf 89' lang='lat' dir='ltr'><strong>minimum</strong></span> <span class='ocrx_word' id='word_1_178' title='bbox 791 2485 1032 2549; x_wconf 85' lang='lat' dir='ltr'><strong>quatuor</strong></span> <span class='ocrx_word' id='word_1_179' title='bbox 1081 2474 1470 2546; x_wconf 81' lang='lat' dir='ltr'><strong>supervixerit.</strong></span> <span class='ocrx_word' id='word_1_180' title='bbox 1518 2471 1697 2542; x_wconf 85' lang='lat' dir='ltr'><strong>Atque</strong></span> <span class='ocrx_word' id='word_1_181' title='bbox 1742 2470 1859 2524; x_wconf 83' lang='lat' dir='ltr'><strong>haec</strong></span> <span class='ocrx_word' id='word_1_182' title='bbox 1908 2474 2038 2524; x_wconf 90' lang='lat' dir='ltr'><strong>sunt</strong></span> 
     </span>
    </p>
   </div>
   <div class='ocr_carea' id='block_1_27' title="bbox 453 2560 2087 2651">
    <p class='ocr_par' dir='ltr' id='par_1_27' title="bbox 453 2560 2087 2651">
     <span class='ocr_line' id='line_1_27' title="bbox 453 2560 2087 2651; baseline -0.012 -19"><span class='ocrx_word' id='word_1_183' title='bbox 453 2592 580 2651; x_wconf 58' lang='lat' dir='ltr'><strong>qua</strong></span> <span class='ocrx_word' id='word_1_184' title='bbox 612 2575 679 2631; x_wconf 91' lang='lat' dir='ltr'><strong>de</strong></span> <span class='ocrx_word' id='word_1_185' title='bbox 711 2570 978 2628; x_wconf 89' lang='lat' dir='ltr'><strong>Gennadii</strong></span> <span class='ocrx_word' id='word_1_186' title='bbox 1016 2570 1127 2625; x_wconf 90' lang='lat' dir='ltr'><strong>vita</strong></span> <span class='ocrx_word' id='word_1_187' title='bbox 1188 2576 1242 2624; x_wconf 88' lang='lat' dir='ltr'><strong>et</strong></span> <span class='ocrx_word' id='word_1_188' title='bbox 1279 2568 1441 2623; x_wconf 85' lang='lat' dir='ltr'><strong>rebus</strong></span> <span class='ocrx_word' id='word_1_189' title='bbox 1480 2565 1646 2637; x_wconf 79' lang='lat' dir='ltr'><strong>gestis</strong></span> <span class='ocrx_word' id='word_1_190' title='bbox 1678 2564 1731 2618; x_wconf 91' lang='lat' dir='ltr'><strong>in</strong></span> <span class='ocrx_word' id='word_1_191' title='bbox 1774 2570 1923 2617; x_wconf 85' lang='lat' dir='ltr'><strong>tanta</strong></span> <span class='ocrx_word' id='word_1_192' title='bbox 1956 2560 2039 2615; x_wconf 90' lang='lat' dir='ltr'><strong>hi-</strong></span> <span class='ocrx_word' id='word_1_193' title='bbox 2078 2606 2087 2613; x_wconf 89' lang='lat'><strong>.</strong></span> 
     </span>
    </p>
   </div>
   <div class='ocr_carea' id='block_1_28' title="bbox 452 2655 1971 2733">
    <p class='ocr_par' dir='ltr' id='par_1_28' title="bbox 452 2655 1971 2733">
     <span class='ocr_line' id='line_1_28' title="bbox 452 2655 1971 2733; baseline -0.013 -8"><span class='ocrx_word' id='word_1_194' title='bbox 452 2670 640 2727; x_wconf 56' lang='lat' dir='ltr'><strong>storias</strong></span> <span class='ocrx_word' id='word_1_195' title='bbox 691 2663 1026 2733; x_wconf 59' lang='lat' dir='ltr'><strong>recentioris}</strong></span> <span class='ocrx_word' id='word_1_196' title='bbox 1055 2660 1291 2731; x_wconf 81' lang='lat' dir='ltr'><strong>caligine</strong></span> <span class='ocrx_word' id='word_1_197' title='bbox 1339 2660 1639 2715; x_wconf 86' lang='lat' dir='ltr'><strong>observare</strong></span> <span class='ocrx_word' id='word_1_198' title='bbox 1674 2655 1971 2726; x_wconf 87' lang='lat' dir='ltr'><strong>potuimus.</strong></span> 
     </span>
    </p>
   </div>
   <div class='ocr_carea' id='block_1_29' title="bbox 523 2745 2038 2827">
    <p class='ocr_par' dir='ltr' id='par_1_29' title="bbox 523 2745 2038 2827">
     <span class='ocr_line' id='line_1_29' title="bbox 523 2745 2038 2827; baseline -0.01 -13"><span class='ocrx_word' id='word_1_199' title='bbox 523 2759 690 2814; x_wconf 84' lang='lat' dir='ltr'><strong>Multa</strong></span> <span class='ocrx_word' id='word_1_200' title='bbox 721 2755 945 2827; x_wconf 84' lang='lat' dir='ltr'><strong>scripsit</strong></span> <span class='ocrx_word' id='word_1_201' title='bbox 983 2753 1301 2810; x_wconf 87' lang='lat' dir='ltr'><strong>Gennadius</strong></span> <span class='ocrx_word' id='word_1_202' title='bbox 1343 2758 1541 2821; x_wconf 65' lang='lat' dir='ltr'><strong>praeter</strong></span> <span class='ocrx_word' id='word_1_203' title='bbox 1587 2764 1647 2805; x_wconf 90' lang='lat' dir='ltr'><strong>ea</strong></span> <span class='ocrx_word' id='word_1_204' title='bbox 1706 2762 1826 2817; x_wconf 72' lang='lat' dir='ltr'><strong>qua)</strong></span> <span class='ocrx_word' id='word_1_205' title='bbox 1870 2745 2038 2799; x_wconf 80' lang='lat' dir='ltr'><strong>variis</strong></span> 
     </span>
    </p>
   </div>
   <div class='ocr_carea' id='block_1_30' title="bbox 453 2834 2035 2909">
    <p class='ocr_par' dir='ltr' id='par_1_30' title="bbox 453 2834 2035 2909">
     <span class='ocr_line' id='line_1_30' title="bbox 453 2834 2035 2909; baseline -0.013 -1"><span class='ocrx_word' id='word_1_206' title='bbox 453 2851 590 2909; x_wconf 91' lang='lat' dir='ltr'><strong>locis</strong></span> <span class='ocrx_word' id='word_1_207' title='bbox 641 2847 848 2904; x_wconf 90' lang='lat' dir='ltr'><strong>dudum</strong></span> <span class='ocrx_word' id='word_1_208' title='bbox 893 2843 1036 2899; x_wconf 88' lang='lat' dir='ltr'><strong>edita</strong></span> <span class='ocrx_word' id='word_1_209' title='bbox 1087 2849 1238 2898; x_wconf 91' lang='lat' dir='ltr'><strong>sunt.</strong></span> <span class='ocrx_word' id='word_1_210' title='bbox 1282 2837 1415 2893; x_wconf 87' lang='lat' dir='ltr'><strong>Nam</strong></span> <span class='ocrx_word' id='word_1_211' title='bbox 1467 2851 1812 2909; x_wconf 68' lang='lat' dir='ltr'><strong>quaecunque</strong></span> <span class='ocrx_word' id='word_1_212' title='bbox 1858 2834 2035 2890; x_wconf 88' lang='lat' dir='ltr'><strong>tribus</strong></span> 
     </span>
    </p>
   </div>
   <div class='ocr_carea' id='block_1_31' title="bbox 454 2927 2039 3010">
    <p class='ocr_par' dir='ltr' id='par_1_31' title="bbox 454 2927 2039 3010">
     <span class='ocr_line' id='line_1_31' title="bbox 454 2927 2039 3010; baseline -0.011 -11"><span class='ocrx_word' id='word_1_213' title='bbox 454 2943 571 2999; x_wconf 86' lang='lat' dir='ltr'><strong>suis</strong></span> <span class='ocrx_word' id='word_1_214' title='bbox 590 2938 840 3010; x_wconf 76' lang='lat' dir='ltr'><strong>Georgiis</strong></span> <span class='ocrx_word' id='word_1_215' title='bbox 864 2937 980 2991; x_wconf 85' lang='lat' dir='ltr'><strong>sive</strong></span> <span class='ocrx_word' id='word_1_216' title='bbox 1001 2933 1304 2990; x_wconf 88' lang='lat' dir='ltr'><strong>Gennadiis</strong></span> <span class='ocrx_word' id='word_1_217' title='bbox 1331 2930 1562 2985; x_wconf 82' lang='lat' dir='ltr'><strong>Allatius</strong></span> <span class='ocrx_word' id='word_1_218' title='bbox 1589 2927 1863 2992; x_wconf 89' lang='lat' dir='ltr'><strong>attribuit,</strong></span> <span class='ocrx_word' id='word_1_219' title='bbox 1890 2927 2039 2982; x_wconf 84' lang='lat' dir='ltr'><strong>hunc</strong></span> 
     </span>
    </p>
   </div>
   <div class='ocr_carea' id='block_1_32' title="bbox 456 3017 2032 3093">
    <p class='ocr_par' dir='ltr' id='par_1_32' title="bbox 456 3017 2032 3093">
     <span class='ocr_line' id='line_1_32' title="bbox 456 3017 2032 3093; baseline -0.015 -1"><span class='ocrx_word' id='word_1_220' title='bbox 456 3043 706 3093; x_wconf 88' lang='lat' dir='ltr'><strong>nostrum</strong></span> <span class='ocrx_word' id='word_1_221' title='bbox 741 3038 1024 3086; x_wconf 90' lang='lat' dir='ltr'><strong>auctorem</strong></span> <span class='ocrx_word' id='word_1_222' title='bbox 1055 3026 1291 3092; x_wconf 89' lang='lat' dir='ltr'><strong>habent;</strong></span> <span class='ocrx_word' id='word_1_223' title='bbox 1333 3022 1427 3078; x_wconf 87' lang='lat' dir='ltr'><strong>sed</strong></span> <span class='ocrx_word' id='word_1_224' title='bbox 1476 3022 1631 3092; x_wconf 89' lang='lat' dir='ltr'><strong>plura</strong></span> <span class='ocrx_word' id='word_1_225' title='bbox 1661 3020 1827 3089; x_wconf 80' lang='lat' dir='ltr'><strong>longe</strong></span> <span class='ocrx_word' id='word_1_226' title='bbox 1867 3018 1921 3072; x_wconf 92' lang='lat' dir='ltr'><strong>in</strong></span> <span class='ocrx_word' id='word_1_227' title='bbox 1951 3017 2032 3072; x_wconf 81' lang='lat' dir='ltr'><strong>bi-</strong></span> 
     </span>
    </p>
   </div>
   <div class='ocr_carea' id='block_1_33' title="bbox 2118 531 3700 605">
    <p class='ocr_par' dir='ltr' id='par_1_33' title="bbox 2118 531 3700 605">
     <span class='ocr_line' id='line_1_33' title="bbox 2118 531 3700 605; baseline 0.001 -17"><span class='ocrx_word' id='word_1_228' title='bbox 2118 533 2326 588; x_wconf 73' lang='lat' dir='ltr'><strong>lilCll‘CO</strong></span> <span class='ocrx_word' id='word_1_229' title='bbox 2363 532 2494 588; x_wconf 79' lang='lat' dir='ltr'><strong>fides</strong></span> <span class='ocrx_word' id='word_1_230' title='bbox 2538 534 2798 588; x_wconf 79' lang='lat' dir='ltr'><strong>vacillare</strong></span> <span class='ocrx_word' id='word_1_231' title='bbox 2850 547 2957 587; x_wconf 88' lang='lat' dir='ltr'><strong>non</strong></span> <span class='ocrx_word' id='word_1_232' title='bbox 3010 532 3198 590; x_wconf 82' lang='lat' dir='ltr'><strong>debet.</strong></span> <span class='ocrx_word' id='word_1_233' title='bbox 3240 531 3516 605; x_wconf 83' lang='lat' dir='ltr'><strong>Sylvester</strong></span> <span class='ocrx_word' id='word_1_234' title='bbox 3553 535 3700 591; x_wconf 89' lang='lat' dir='ltr'><strong>enim</strong></span> 
     </span>
    </p>
   </div>
   <div class='ocr_carea' id='block_1_34' title="bbox 2120 624 3707 698">
    <p class='ocr_par' dir='ltr' id='par_1_34' title="bbox 2120 624 3707 698">
     <span class='ocr_line' id='line_1_34' title="bbox 2120 624 3707 698; baseline -0.002 -18"><span class='ocrx_word' id='word_1_235' title='bbox 2120 626 2419 697; x_wconf 80' lang='lat' dir='ltr'><strong>Syropulus</strong></span> <span class='ocrx_word' id='word_1_236' title='bbox 2452 626 2530 698; x_wconf 69' lang='grc' dir='ltr'><strong>(Ξ)</strong></span> <span class='ocrx_word' id='word_1_237' title='bbox 2564 626 2852 682; x_wconf 86' lang='lat' dir='ltr'><strong>Latinismi</strong></span> <span class='ocrx_word' id='word_1_238' title='bbox 2889 640 2996 681; x_wconf 90' lang='lat' dir='ltr'><strong>non</strong></span> <span class='ocrx_word' id='word_1_239' title='bbox 3032 633 3348 697; x_wconf 82' lang='lat' dir='ltr'><strong>suspectus,</strong></span> <span class='ocrx_word' id='word_1_240' title='bbox 3379 624 3547 680; x_wconf 88' lang='lat' dir='ltr'><strong>refert</strong></span> <span class='ocrx_word' id='word_1_241' title='bbox 3593 624 3707 680; x_wconf 82' lang='lat' dir='ltr'><strong>for-</strong></span> 
     </span>
    </p>
   </div>
   <div class='ocr_carea' id='block_1_35' title="bbox 2123 718 3705 789">
    <p class='ocr_par' dir='ltr' id='par_1_35' title="bbox 2123 718 3705 789">
     <span class='ocr_line' id='line_1_35' title="bbox 2123 718 3705 789; baseline -0.001 -18"><span class='ocrx_word' id='word_1_242' title='bbox 2123 718 2323 771; x_wconf 88' lang='lat' dir='ltr'><strong>mulam</strong></span> <span class='ocrx_word' id='word_1_243' title='bbox 2356 718 2661 774; x_wconf 73' lang='lat' dir='ltr'><strong>concordizc</strong></span> <span class='ocrx_word' id='word_1_244' title='bbox 2692 718 2840 773; x_wconf 90' lang='lat' dir='ltr'><strong>circa</strong></span> <span class='ocrx_word' id='word_1_245' title='bbox 2871 718 3231 788; x_wconf 73' lang='lat' dir='ltr'><strong>quaestionem</strong></span> <span class='ocrx_word' id='word_1_246' title='bbox 3258 718 3325 773; x_wconf 88' lang='lat' dir='ltr'><strong>de</strong></span> <span class='ocrx_word' id='word_1_247' title='bbox 3343 718 3705 789; x_wconf 87' lang='lat' dir='ltr'><strong>processione</strong></span> 
     </span>
    </p>
   </div>
   <div class='ocr_carea' id='block_1_36' title="bbox 2124 807 3707 882">
    <p class='ocr_par' dir='ltr' id='par_1_36' title="bbox 2124 807 3707 882">
     <span class='ocr_line' id='line_1_36' title="bbox 2124 807 3707 882; baseline 0.001 -20"><span class='ocrx_word' id='word_1_248' title='bbox 2124 807 2361 878; x_wconf 87' lang='lat' dir='ltr'><strong>Spiritus</strong></span> <span class='ocrx_word' id='word_1_249' title='bbox 2391 811 2594 876; x_wconf 84' lang='lat' dir='ltr'><strong>sancti,</strong></span> <span class='ocrx_word' id='word_1_250' title='bbox 2632 826 2753 880; x_wconf 82' lang='lat' dir='ltr'><strong>quae</strong></span> <span class='ocrx_word' id='word_1_251' title='bbox 2777 825 2806 863; x_wconf 92' lang='lat' dir='ltr'><strong>a</strong></span> <span class='ocrx_word' id='word_1_252' title='bbox 2842 808 3075 881; x_wconf 75' lang='lat' dir='ltr'><strong>Georgio</strong></span> <span class='ocrx_word' id='word_1_253' title='bbox 3107 807 3397 865; x_wconf 88' lang='lat' dir='ltr'><strong>Scholario</strong></span> <span class='ocrx_word' id='word_1_254' title='bbox 3426 812 3707 882; x_wconf 73' lang='lat' dir='ltr'><strong>composi-</strong></span> 
     </span>
    </p>
   </div>
   <div class='ocr_carea' id='block_1_37' title="bbox 2125 885 3709 973">
    <p class='ocr_par' dir='ltr' id='par_1_37' title="bbox 2125 885 3709 973">
     <span class='ocr_line' id='line_1_37' title="bbox 2125 885 3709 973; baseline 0.001 -21"><span class='ocrx_word' id='word_1_255' title='bbox 2125 908 2201 963; x_wconf 89' lang='lat' dir='ltr'><strong>ta,</strong></span> <span class='ocrx_word' id='word_1_256' title='bbox 2249 915 2432 955; x_wconf 87' lang='lat' dir='ltr'><strong>coram</strong></span> <span class='ocrx_word' id='word_1_257' title='bbox 2474 901 2807 972; x_wconf 84' lang='lat' dir='ltr'><strong>imperatore</strong></span> <span class='ocrx_word' id='word_1_258' title='bbox 2831 911 2886 956; x_wconf 90' lang='lat' dir='ltr'><strong>et</strong></span> <span class='ocrx_word' id='word_1_259' title='bbox 2908 885 3226 956; x_wconf 60' lang='lat' dir='ltr'><strong>Graecorum</strong></span> <span class='ocrx_word' id='word_1_260' title='bbox 3251 902 3540 973; x_wconf 82' lang='lat' dir='ltr'><strong>praecipuis</strong></span> <span class='ocrx_word' id='word_1_261' title='bbox 3572 905 3709 957; x_wconf 83' lang='lat' dir='ltr'><strong>lecta</strong></span> 
     </span>
    </p>
   </div>
   <div class='ocr_carea' id='block_1_38' title="bbox 2125 992 3710 1066">
    <p class='ocr_par' dir='ltr' id='par_1_38' title="bbox 2125 992 3710 1066">
     <span class='ocr_line' id='line_1_38' title="bbox 2125 992 3710 1066; baseline 0.003 -19"><span class='ocrx_word' id='word_1_262' title='bbox 2125 992 2309 1049; x_wconf 81' lang='lat' dir='ltr'><strong>fuerit.</strong></span> <span class='ocrx_word' id='word_1_263' title='bbox 2335 994 2657 1049; x_wconf 84' lang='lat' dir='ltr'><strong>Orationum</strong></span> <span class='ocrx_word' id='word_1_264' title='bbox 2692 1011 2813 1066; x_wconf 76' lang='lat' dir='ltr'><strong>quae</strong></span> <span class='ocrx_word' id='word_1_265' title='bbox 2851 1010 2978 1050; x_wconf 91' lang='lat' dir='ltr'><strong>cum</strong></span> <span class='ocrx_word' id='word_1_266' title='bbox 3006 995 3198 1050; x_wconf 86' lang='lat' dir='ltr'><strong>iisdem</strong></span> <span class='ocrx_word' id='word_1_267' title='bbox 3231 995 3367 1051; x_wconf 88' lang='lat' dir='ltr'><strong>actis</strong></span> <span class='ocrx_word' id='word_1_268' title='bbox 3412 996 3710 1051; x_wconf 84' lang='lat' dir='ltr'><strong>circumfe-</strong></span> 
     </span>
    </p>
   </div>
   <div class='ocr_carea' id='block_1_39' title="bbox 2126 1086 3714 1152">
    <p class='ocr_par' dir='ltr' id='par_1_39' title="bbox 2126 1086 3714 1152">
     <span class='ocr_line' id='line_1_39' title="bbox 2126 1086 3714 1152; baseline 0 -12"><span class='ocrx_word' id='word_1_269' title='bbox 2126 1094 2340 1151; x_wconf 89' lang='lat' dir='ltr'><strong>runtur,</strong></span> <span class='ocrx_word' id='word_1_270' title='bbox 2367 1087 2515 1141; x_wconf 91' lang='lat' dir='ltr'><strong>nulla</strong></span> <span class='ocrx_word' id='word_1_271' title='bbox 2549 1088 2604 1143; x_wconf 89' lang='lat' dir='ltr'><strong>in</strong></span> <span class='ocrx_word' id='word_1_272' title='bbox 2637 1089 2843 1143; x_wconf 87' lang='lat' dir='ltr'><strong>nostris</strong></span> <span class='ocrx_word' id='word_1_273' title='bbox 2873 1087 3161 1143; x_wconf 86' lang='lat' dir='ltr'><strong>codicibus</strong></span> <span class='ocrx_word' id='word_1_274' title='bbox 3187 1086 3455 1142; x_wconf 86' lang='lat' dir='ltr'><strong>memoria</strong></span> <span class='ocrx_word' id='word_1_275' title='bbox 3476 1096 3581 1152; x_wconf 87' lang='lat' dir='ltr'><strong>est,</strong></span> <span class='ocrx_word' id='word_1_276' title='bbox 3617 1102 3714 1140; x_wconf 83' lang='lat' dir='ltr'><strong>ne-</strong></span> 
     </span>
    </p>
   </div>
   <div class='ocr_carea' id='block_1_40' title="bbox 2129 1179 3714 1253">
    <p class='ocr_par' dir='ltr' id='par_1_40' title="bbox 2129 1179 3714 1253">
     <span class='ocr_line' id='line_1_40' title="bbox 2129 1179 3714 1253; baseline 0.001 -20"><span class='ocrx_word' id='word_1_277' title='bbox 2129 1196 2235 1249; x_wconf 91' lang='lat' dir='ltr'><strong>que</strong></span> <span class='ocrx_word' id='word_1_278' title='bbox 2282 1180 2497 1235; x_wconf 86' lang='lat' dir='ltr'><strong>illarum</strong></span> <span class='ocrx_word' id='word_1_279' title='bbox 2547 1180 2798 1236; x_wconf 89' lang='lat' dir='ltr'><strong>meminit</strong></span> <span class='ocrx_word' id='word_1_280' title='bbox 2842 1180 3119 1253; x_wconf 81' lang='lat' dir='ltr'><strong>Sylvester</strong></span> <span class='ocrx_word' id='word_1_281' title='bbox 3162 1179 3493 1251; x_wconf 82' lang='lat' dir='ltr'><strong>Syropulus,</strong></span> <span class='ocrx_word' id='word_1_282' title='bbox 3530 1187 3586 1234; x_wconf 90' lang='lat' dir='ltr'><strong>et</strong></span> <span class='ocrx_word' id='word_1_283' title='bbox 3618 1194 3714 1235; x_wconf 89' lang='lat' dir='ltr'><strong>eas</strong></span> 
     </span>
    </p>
   </div>
   <div class='ocr_carea' id='block_1_41' title="bbox 2129 1270 3717 1343">
    <p class='ocr_par' dir='ltr' id='par_1_41' title="bbox 2129 1270 3717 1343">
     <span class='ocr_line' id='line_1_41' title="bbox 2129 1270 3717 1343; baseline -0.003 -16"><span class='ocrx_word' id='word_1_284' title='bbox 2129 1270 2365 1340; x_wconf 78' lang='lat' dir='ltr'><strong>Georgio</strong></span> <span class='ocrx_word' id='word_1_285' title='bbox 2398 1271 2687 1328; x_wconf 81' lang='lat' dir='ltr'><strong>Scholario</strong></span> <span class='ocrx_word' id='word_1_286' title='bbox 2717 1270 3008 1327; x_wconf 60' lang='lat' dir='ltr'><strong>Mattheus</strong></span> <span class='ocrx_word' id='word_1_287' title='bbox 3031 1270 3438 1343; x_wconf 86' lang='lat' dir='ltr'><strong>Garyopbyllus</strong></span> <span class='ocrx_word' id='word_1_288' title='bbox 3464 1270 3717 1340; x_wconf 40' lang='lat' dir='ltr'><strong>abdjudk</strong></span> 
     </span>
    </p>
   </div>
   <div class='ocr_carea' id='block_1_42' title="bbox 2130 1362 3713 1432">
    <p class='ocr_par' dir='ltr' id='par_1_42' title="bbox 2130 1362 3713 1432">
     <span class='ocr_line' id='line_1_42' title="bbox 2130 1362 3713 1432; baseline -0.003 -14"><span class='ocrx_word' id='word_1_289' title='bbox 2130 1372 2240 1418; x_wconf 79' lang='lat' dir='ltr'><strong>cat.</strong></span> <span class='ocrx_word' id='word_1_290' title='bbox 2269 1362 2388 1417; x_wconf 86' lang='lat' dir='ltr'><strong>Etsi</strong></span> <span class='ocrx_word' id='word_1_291' title='bbox 2434 1363 2578 1417; x_wconf 88' lang='lat' dir='ltr'><strong>enim</strong></span> <span class='ocrx_word' id='word_1_292' title='bbox 2607 1379 2716 1420; x_wconf 90' lang='lat' dir='ltr'><strong>non</strong></span> <span class='ocrx_word' id='word_1_293' title='bbox 2748 1362 3104 1432; x_wconf 65' lang='lat' dir='ltr'><strong>indiligentiae</strong></span> <span class='ocrx_word' id='word_1_294' title='bbox 3134 1363 3314 1420; x_wconf 91' lang='lat' dir='ltr'><strong>solum</strong></span> <span class='ocrx_word' id='word_1_295' title='bbox 3343 1362 3582 1425; x_wconf 82' lang='lat' dir='ltr'><strong>nomine,</strong></span> <span class='ocrx_word' id='word_1_296' title='bbox 3618 1362 3713 1415; x_wconf 77' lang='lat' dir='ltr'><strong>sed</strong></span> 
     </span>
    </p>
   </div>
   <div class='ocr_carea' id='block_1_43' title="bbox 2131 1453 3716 1522">
    <p class='ocr_par' dir='ltr' id='par_1_43' title="bbox 2131 1453 3716 1522">
     <span class='ocr_line' id='line_1_43' title="bbox 2131 1453 3716 1522; baseline 0.001 -17"><span class='ocrx_word' id='word_1_297' title='bbox 2131 1463 2398 1522; x_wconf 83' lang='lat' dir='ltr'><strong>perpetuo</strong></span> <span class='ocrx_word' id='word_1_298' title='bbox 2455 1453 2721 1520; x_wconf 63' lang='lat' dir='ltr'><strong>adversus</strong></span> <span class='ocrx_word' id='word_1_299' title='bbox 2774 1453 3003 1509; x_wconf 88' lang='lat' dir='ltr'><strong>Latinos</strong></span> <span class='ocrx_word' id='word_1_300' title='bbox 3084 1453 3212 1509; x_wconf 88' lang='lat' dir='ltr'><strong>odio</strong></span> <span class='ocrx_word' id='word_1_301' title='bbox 3267 1453 3716 1522; x_wconf 73' lang='lat' dir='ltr'><strong>suspieiissimus</strong></span> 
     </span>
    </p>
   </div>
   <div class='ocr_carea' id='block_1_44' title="bbox 2135 1532 3716 1617">
    <p class='ocr_par' dir='ltr' id='par_1_44' title="bbox 2135 1532 3716 1617">
     <span class='ocr_line' id='line_1_44' title="bbox 2135 1532 3716 1617; baseline -0.003 -18"><span class='ocrx_word' id='word_1_302' title='bbox 2135 1544 2439 1617; x_wconf 82' lang='lat' dir='ltr'><strong>Sympulus</strong></span> <span class='ocrx_word' id='word_1_303' title='bbox 2464 1561 2585 1602; x_wconf 90' lang='lat' dir='ltr'><strong>esse</strong></span> <span class='ocrx_word' id='word_1_304' title='bbox 2611 1532 2828 1611; x_wconf 79' lang='lat' dir='ltr'><strong>debeat,</strong></span> <span class='ocrx_word' id='word_1_305' title='bbox 2861 1562 3022 1602; x_wconf 89' lang='lat' dir='ltr'><strong>nemo</strong></span> <span class='ocrx_word' id='word_1_306' title='bbox 3059 1557 3241 1603; x_wconf 89' lang='lat' dir='ltr'><strong>tamen</strong></span> <span class='ocrx_word' id='word_1_307' title='bbox 3269 1546 3473 1601; x_wconf 77' lang='lat' dir='ltr'><strong>Graeca:</strong></span> <span class='ocrx_word' id='word_1_308' title='bbox 3527 1560 3716 1598; x_wconf 78' lang='lat' dir='ltr'><strong>recen-</strong></span> 
     </span>
    </p>
   </div>
   <div class='ocr_carea' id='block_1_45' title="bbox 2135 1634 3718 1708">
    <p class='ocr_par' dir='ltr' id='par_1_45' title="bbox 2135 1634 3718 1708">
     <span class='ocr_line' id='line_1_45' title="bbox 2135 1634 3718 1708; baseline -0.002 -17"><span class='ocrx_word' id='word_1_309' title='bbox 2135 1638 2292 1692; x_wconf 86' lang='lat' dir='ltr'><strong>tioris</strong></span> <span class='ocrx_word' id='word_1_310' title='bbox 2346 1638 2587 1692; x_wconf 68' lang='lat' dir='ltr'><strong>historiae</strong></span> <span class='ocrx_word' id='word_1_311' title='bbox 2630 1637 2712 1693; x_wconf 79' lang='lat' dir='ltr'><strong>vel</strong></span> <span class='ocrx_word' id='word_1_312' title='bbox 2756 1638 3108 1694; x_wconf 89' lang='lat' dir='ltr'><strong>mediocriter</strong></span> <span class='ocrx_word' id='word_1_313' title='bbox 3151 1638 3381 1708; x_wconf 86' lang='lat' dir='ltr'><strong>peritus,</strong></span> <span class='ocrx_word' id='word_1_314' title='bbox 3430 1634 3718 1706; x_wconf 83' lang='lat' dir='ltr'><strong>cujusdam</strong></span> 
     </span>
    </p>
   </div>
   <div class='ocr_carea' id='block_1_46' title="bbox 2138 1727 3719 1800">
    <p class='ocr_par' dir='ltr' id='par_1_46' title="bbox 2138 1727 3719 1800">
     <span class='ocr_line' id='line_1_46' title="bbox 2138 1727 3719 1800; baseline -0.001 -19"><span class='ocrx_word' id='word_1_315' title='bbox 2138 1727 2314 1782; x_wconf 85' lang='lat' dir='ltr'><strong>critici</strong></span> <span class='ocrx_word' id='word_1_316' title='bbox 2335 1736 2727 1798; x_wconf 67' lang='lat' dir='ltr'><strong>prreposterum</strong></span> <span class='ocrx_word' id='word_1_317' title='bbox 2745 1730 3012 1800; x_wconf 86' lang='lat' dir='ltr'><strong>judicium</strong></span> <span class='ocrx_word' id='word_1_318' title='bbox 3041 1746 3151 1800; x_wconf 90' lang='lat' dir='ltr'><strong>quo</strong></span> <span class='ocrx_word' id='word_1_319' title='bbox 3187 1728 3393 1784; x_wconf 88' lang='lat' dir='ltr'><strong>homini</strong></span> <span class='ocrx_word' id='word_1_320' title='bbox 3420 1727 3579 1782; x_wconf 89' lang='lat' dir='ltr'><strong>fidem</strong></span> <span class='ocrx_word' id='word_1_321' title='bbox 3600 1743 3719 1779; x_wconf 83' lang='lat' dir='ltr'><strong>om-</strong></span> 
     </span>
    </p>
   </div>
   <div class='ocr_carea' id='block_1_47' title="bbox 2137 1818 3719 1890">
    <p class='ocr_par' dir='ltr' id='par_1_47' title="bbox 2137 1818 3719 1890">
     <span class='ocr_line' id='line_1_47' title="bbox 2137 1818 3719 1890; baseline -0.003 -15"><span class='ocrx_word' id='word_1_322' title='bbox 2137 1834 2259 1875; x_wconf 88' lang='lat' dir='ltr'><strong>nem</strong></span> <span class='ocrx_word' id='word_1_323' title='bbox 2289 1819 2585 1889; x_wconf 86' lang='lat' dir='ltr'><strong>abjudicat,</strong></span> <span class='ocrx_word' id='word_1_324' title='bbox 2608 1820 3323 1890; x_wconf 82' lang='lat' dir='ltr'><strong>sequendumexistimabit.</strong></span> <span class='ocrx_word' id='word_1_325' title='bbox 3362 1818 3467 1875; x_wconf 87' lang='lat' dir='ltr'><strong>Sed</strong></span> <span class='ocrx_word' id='word_1_326' title='bbox 3519 1819 3719 1873; x_wconf 83' lang='lat' dir='ltr'><strong>Allatio</strong></span> 
     </span>
    </p>
   </div>
   <div class='ocr_carea' id='block_1_48' title="bbox 2136 1912 3718 1985">
    <p class='ocr_par' dir='ltr' id='par_1_48' title="bbox 2136 1912 3718 1985">
     <span class='ocr_line' id='line_1_48' title="bbox 2136 1912 3718 1985; baseline 0 -21"><span class='ocrx_word' id='word_1_327' title='bbox 2136 1913 2318 1983; x_wconf 84' lang='lat' dir='ltr'><strong>potius</strong></span> <span class='ocrx_word' id='word_1_328' title='bbox 2382 1912 2589 1979; x_wconf 85' lang='lat' dir='ltr'><strong>credet,</strong></span> <span class='ocrx_word' id='word_1_329' title='bbox 2630 1913 2721 1983; x_wconf 91' lang='lat' dir='ltr'><strong>qui</strong></span> <span class='ocrx_word' id='word_1_330' title='bbox 2751 1912 3088 1985; x_wconf 86' lang='lat' dir='ltr'><strong>Syivestrum</strong></span> <span class='ocrx_word' id='word_1_331' title='bbox 3136 1913 3382 1985; x_wconf 75' lang='lat' dir='ltr'><strong>agnoscit</strong></span> <span class='ocrx_word' id='word_1_332' title='bbox 3439 1921 3718 1967; x_wconf 85' lang='lat' dir='ltr'><strong>auctorem</strong></span> 
     </span>
    </p>
   </div>
   <div class='ocr_carea' id='block_1_49' title="bbox 2136 2004 3720 2074">
    <p class='ocr_par' dir='ltr' id='par_1_49' title="bbox 2136 2004 3720 2074">
     <span class='ocr_line' id='line_1_49' title="bbox 2136 2004 3720 2074; baseline 0 -18"><span class='ocrx_word' id='word_1_333' title='bbox 2136 2019 2303 2058; x_wconf 90' lang='lat' dir='ltr'><strong>unum</strong></span> <span class='ocrx_word' id='word_1_334' title='bbox 2335 2019 2399 2058; x_wconf 85' lang='lat' dir='ltr'><strong>ex</strong></span> <span class='ocrx_word' id='word_1_335' title='bbox 2436 2004 2659 2059; x_wconf 87' lang='lat' dir='ltr'><strong>asseelis</strong></span> <span class='ocrx_word' id='word_1_336' title='bbox 2694 2005 3036 2074; x_wconf 67' lang='lat' dir='ltr'><strong>patriarchae,</strong></span> <span class='ocrx_word' id='word_1_337' title='bbox 3069 2019 3178 2060; x_wconf 85' lang='lat' dir='ltr'><strong>non</strong></span> <span class='ocrx_word' id='word_1_338' title='bbox 3209 2020 3333 2060; x_wconf 92' lang='lat' dir='ltr'><strong>eum</strong></span> <span class='ocrx_word' id='word_1_339' title='bbox 3370 2012 3549 2059; x_wconf 86' lang='lat' dir='ltr'><strong>tamen</strong></span> <span class='ocrx_word' id='word_1_340' title='bbox 3587 2018 3720 2073; x_wconf 86' lang='lat' dir='ltr'><strong>qua-</strong></span> 
     </span>
    </p>
   </div>
   <div class='ocr_carea' id='block_1_50' title="bbox 2137 2094 3719 2166">
    <p class='ocr_par' dir='ltr' id='par_1_50' title="bbox 2137 2094 3719 2166">
     <span class='ocr_line' id='line_1_50' title="bbox 2137 2094 3719 2166; baseline 0.001 -17"><span class='ocrx_word' id='word_1_341' title='bbox 2137 2094 2242 2150; x_wconf 90' lang='lat' dir='ltr'><strong>lem</strong></span> <span class='ocrx_word' id='word_1_342' title='bbox 2272 2110 2302 2149; x_wconf 90' lang='lat' dir='ltr'><strong>e</strong></span> <span class='ocrx_word' id='word_1_343' title='bbox 2334 2095 2563 2152; x_wconf 82' lang='lat' dir='ltr'><strong>cerebro</strong></span> <span class='ocrx_word' id='word_1_344' title='bbox 2589 2112 2691 2154; x_wconf 86' lang='lat' dir='ltr'><strong>suo</strong></span> <span class='ocrx_word' id='word_1_345' title='bbox 2720 2096 2928 2152; x_wconf 84' lang='lat' dir='ltr'><strong>etlinxit</strong></span> <span class='ocrx_word' id='word_1_346' title='bbox 2956 2097 3280 2153; x_wconf 86' lang='lat' dir='ltr'><strong>temerarius</strong></span> <span class='ocrx_word' id='word_1_347' title='bbox 3312 2098 3581 2166; x_wconf 85' lang='lat' dir='ltr'><strong>interpres</strong></span> <span class='ocrx_word' id='word_1_348' title='bbox 3617 2096 3719 2165; x_wconf 85' lang='lat'><strong>(&#39;5),</strong></span> 
     </span>
    </p>
   </div>
   <div class='ocr_carea' id='block_1_51' title="bbox 2136 2184 3721 2259">
    <p class='ocr_par' dir='ltr' id='par_1_51' title="bbox 2136 2184 3721 2259">
     <span class='ocr_line' id='line_1_51' title="bbox 2136 2184 3721 2259; baseline 0.003 -21"><span class='ocrx_word' id='word_1_349' title='bbox 2136 2184 2375 2256; x_wconf 83' lang='lat' dir='ltr'><strong>linguam</strong></span> <span class='ocrx_word' id='word_1_350' title='bbox 2429 2195 2478 2242; x_wconf 85' lang='lat' dir='ltr'><strong>et</strong></span> <span class='ocrx_word' id='word_1_351' title='bbox 2518 2197 2740 2243; x_wconf 81' lang='lat' dir='ltr'><strong>mentem</strong></span> <span class='ocrx_word' id='word_1_352' title='bbox 2774 2190 2962 2259; x_wconf 79' lang='lat' dir='ltr'><strong>synodi</strong></span> <span class='ocrx_word' id='word_1_353' title='bbox 3012 2188 3340 2254; x_wconf 69' lang='lat' dir='ltr'><strong>Graecorum,</strong></span> <span class='ocrx_word' id='word_1_354' title='bbox 3362 2189 3596 2253; x_wconf 84' lang='lat' dir='ltr'><strong>doctum,</strong></span> <span class='ocrx_word' id='word_1_355' title='bbox 3618 2188 3721 2243; x_wconf 82' lang='lat' dir='ltr'><strong>ele-</strong></span> 
     </span>
    </p>
   </div>
   <div class='ocr_carea' id='block_1_52' title="bbox 2138 2277 3718 2348">
    <p class='ocr_par' dir='ltr' id='par_1_52' title="bbox 2138 2277 3718 2348">
     <span class='ocr_line' id='line_1_52' title="bbox 2138 2277 3718 2348; baseline 0 -17"><span class='ocrx_word' id='word_1_356' title='bbox 2138 2287 2371 2348; x_wconf 86' lang='lat' dir='ltr'><strong>gantem,</strong></span> <span class='ocrx_word' id='word_1_357' title='bbox 2415 2279 2647 2347; x_wconf 75' lang='lat' dir='ltr'><strong>antiquis</strong></span> <span class='ocrx_word' id='word_1_358' title='bbox 2689 2277 2907 2334; x_wconf 71' lang='lat' dir='ltr'><strong>Graecia:</strong></span> <span class='ocrx_word' id='word_1_359' title='bbox 2949 2279 3236 2334; x_wconf 73' lang='lat' dir='ltr'><strong>lunrinibus</strong></span> <span class='ocrx_word' id='word_1_360' title='bbox 3271 2280 3718 2348; x_wconf 74' lang='lat' dir='ltr'><strong>comparandum,</strong></span> 
     </span>
    </p>
   </div>
   <div class='ocr_carea' id='block_1_53' title="bbox 2140 2371 3721 2441">
    <p class='ocr_par' dir='ltr' id='par_1_53' title="bbox 2140 2371 3721 2441">
     <span class='ocr_line' id='line_1_53' title="bbox 2140 2371 3721 2441; baseline -0.001 -16"><span class='ocrx_word' id='word_1_361' title='bbox 2140 2384 2265 2425; x_wconf 91' lang='lat' dir='ltr'><strong>cum</strong></span> <span class='ocrx_word' id='word_1_362' title='bbox 2296 2374 2539 2441; x_wconf 91' lang='lat' dir='ltr'><strong>pessime</strong></span> <span class='ocrx_word' id='word_1_363' title='bbox 2569 2371 2776 2426; x_wconf 88' lang='lat' dir='ltr'><strong>scribat</strong></span> <span class='ocrx_word' id='word_1_364' title='bbox 2807 2381 2862 2428; x_wconf 90' lang='lat' dir='ltr'><strong>et</strong></span> <span class='ocrx_word' id='word_1_365' title='bbox 2899 2372 3295 2427; x_wconf 89' lang='lat' dir='ltr'><strong>semibarbare.</strong></span> <span class='ocrx_word' id='word_1_366' title='bbox 3331 2373 3400 2428; x_wconf 81' lang='lat' dir='ltr'><strong>At</strong></span> <span class='ocrx_word' id='word_1_367' title='bbox 3429 2372 3519 2427; x_wconf 88' lang='lat' dir='ltr'><strong>ille</strong></span> <span class='ocrx_word' id='word_1_368' title='bbox 3547 2371 3721 2426; x_wconf 84' lang='lat' dir='ltr'><strong>Geor-</strong></span> 
     </span>
    </p>
   </div>
   <div class='ocr_carea' id='block_1_54' title="bbox 2139 2461 3723 2535">
    <p class='ocr_par' dir='ltr' id='par_1_54' title="bbox 2139 2461 3723 2535">
     <span class='ocr_line' id='line_1_54' title="bbox 2139 2461 3723 2535; baseline 0 -20"><span class='ocrx_word' id='word_1_369' title='bbox 2139 2463 2287 2532; x_wconf 74' lang='lat' dir='ltr'><strong>gium</strong></span> <span class='ocrx_word' id='word_1_370' title='bbox 2338 2461 2687 2517; x_wconf 84' lang='lat' dir='ltr'><strong>Scholarium</strong></span> <span class='ocrx_word' id='word_1_371' title='bbox 2744 2462 2801 2518; x_wconf 90' lang='lat' dir='ltr'><strong>in</strong></span> <span class='ocrx_word' id='word_1_372' title='bbox 2850 2464 3063 2535; x_wconf 80' lang='lat' dir='ltr'><strong>synodo</strong></span> <span class='ocrx_word' id='word_1_373' title='bbox 3106 2480 3230 2520; x_wconf 92' lang='lat' dir='ltr'><strong>cum</strong></span> <span class='ocrx_word' id='word_1_374' title='bbox 3268 2463 3451 2520; x_wconf 79' lang='lat' dir='ltr'><strong>Marco</strong></span> <span class='ocrx_word' id='word_1_375' title='bbox 3485 2464 3723 2534; x_wconf 83' lang='lat' dir='ltr'><strong>Ephesio</strong></span> 
     </span>
    </p>
   </div>
   <div class='ocr_carea' id='block_1_55' title="bbox 2141 2553 3719 2626">
    <p class='ocr_par' dir='ltr' id='par_1_55' title="bbox 2141 2553 3719 2626">
     <span class='ocr_line' id='line_1_55' title="bbox 2141 2553 3719 2626; baseline -0.001 -18"><span class='ocrx_word' id='word_1_376' title='bbox 2141 2554 2395 2608; x_wconf 87' lang='lat' dir='ltr'><strong>unionem</strong></span> <span class='ocrx_word' id='word_1_377' title='bbox 2424 2553 2779 2625; x_wconf 81' lang='lat' dir='ltr'><strong>impugnasse</strong></span> <span class='ocrx_word' id='word_1_378' title='bbox 2804 2569 2916 2610; x_wconf 91' lang='lat' dir='ltr'><strong>non</strong></span> <span class='ocrx_word' id='word_1_379' title='bbox 2944 2556 3132 2623; x_wconf 86' lang='lat' dir='ltr'><strong>refert,</strong></span> <span class='ocrx_word' id='word_1_380' title='bbox 3156 2564 3323 2626; x_wconf 81' lang='lat' dir='ltr'><strong>atque</strong></span> <span class='ocrx_word' id='word_1_381' title='bbox 3351 2557 3426 2611; x_wconf 90' lang='lat' dir='ltr'><strong>ita</strong></span> <span class='ocrx_word' id='word_1_382' title='bbox 3458 2555 3719 2610; x_wconf 79' lang='lat' dir='ltr'><strong>Actorum</strong></span> 
     </span>
    </p>
   </div>
   <div class='ocr_carea' id='block_1_56' title="bbox 2140 2643 3722 2719">
    <p class='ocr_par' dir='ltr' id='par_1_56' title="bbox 2140 2643 3722 2719">
     <span class='ocr_line' id='line_1_56' title="bbox 2140 2643 3722 2719; baseline -0.002 -18"><span class='ocrx_word' id='word_1_383' title='bbox 2140 2643 2455 2701; x_wconf 65' lang='lat' dir='ltr'><strong>Graecorum</strong></span> <span class='ocrx_word' id='word_1_384' title='bbox 2481 2645 2642 2702; x_wconf 89' lang='lat' dir='ltr'><strong>fidem</strong></span> <span class='ocrx_word' id='word_1_385' title='bbox 2666 2660 2777 2701; x_wconf 88' lang='lat' dir='ltr'><strong>non</strong></span> <span class='ocrx_word' id='word_1_386' title='bbox 2808 2647 3115 2719; x_wconf 74' lang='lat' dir='ltr'><strong>impugnat,</strong></span> <span class='ocrx_word' id='word_1_387' title='bbox 3142 2662 3266 2702; x_wconf 88' lang='lat' dir='ltr'><strong>cum</strong></span> <span class='ocrx_word' id='word_1_388' title='bbox 3291 2662 3356 2703; x_wconf 88' lang='lat' dir='ltr'><strong>eo</strong></span> <span class='ocrx_word' id='word_1_389' title='bbox 3386 2657 3568 2701; x_wconf 86' lang='lat' dir='ltr'><strong>tamen</strong></span> <span class='ocrx_word' id='word_1_390' title='bbox 3596 2645 3722 2699; x_wconf 84' lang='lat' dir='ltr'><strong>Flo-</strong></span> 
     </span>
    </p>
   </div>
   <div class='ocr_carea' id='block_1_57' title="bbox 2141 2736 3721 2809">
    <p class='ocr_par' dir='ltr' id='par_1_57' title="bbox 2141 2736 3721 2809">
     <span class='ocr_line' id='line_1_57' title="bbox 2141 2736 3721 2809; baseline -0.001 -19"><span class='ocrx_word' id='word_1_391' title='bbox 2141 2737 2313 2792; x_wconf 86' lang='lat' dir='ltr'><strong>rentia</strong></span> <span class='ocrx_word' id='word_1_392' title='bbox 2347 2751 2407 2792; x_wconf 87' lang='lat' dir='ltr'><strong>se</strong></span> <span class='ocrx_word' id='word_1_393' title='bbox 2436 2736 2781 2807; x_wconf 89' lang='lat' dir='ltr'><strong>proripuisse</strong></span> <span class='ocrx_word' id='word_1_394' title='bbox 2807 2744 3042 2793; x_wconf 88' lang='lat' dir='ltr'><strong>testatur</strong></span> <span class='ocrx_word' id='word_1_395' title='bbox 3064 2747 3283 2809; x_wconf 86' lang='lat' dir='ltr'><strong>peracta</strong></span> <span class='ocrx_word' id='word_1_396' title='bbox 3321 2739 3551 2809; x_wconf 72' lang='lat' dir='ltr'><strong>synodo.</strong></span> <span class='ocrx_word' id='word_1_397' title='bbox 3588 2737 3721 2790; x_wconf 78' lang='lat' dir='ltr'><strong>Nul-</strong></span> 
     </span>
    </p>
   </div>
   <div class='ocr_carea' id='block_1_58' title="bbox 2139 2829 3723 2901">
    <p class='ocr_par' dir='ltr' id='par_1_58' title="bbox 2139 2829 3723 2901">
     <span class='ocr_line' id='line_1_58' title="bbox 2139 2829 3723 2901; baseline -0.003 -16"><span class='ocrx_word' id='word_1_398' title='bbox 2139 2830 2227 2885; x_wconf 92' lang='lat' dir='ltr'><strong>lus</strong></span> <span class='ocrx_word' id='word_1_399' title='bbox 2260 2830 2470 2885; x_wconf 88' lang='lat' dir='ltr'><strong>interea</strong></span> <span class='ocrx_word' id='word_1_400' title='bbox 2505 2830 2745 2887; x_wconf 89' lang='lat' dir='ltr'><strong>occurrit</strong></span> <span class='ocrx_word' id='word_1_401' title='bbox 2769 2829 2884 2886; x_wconf 89' lang='lat' dir='ltr'><strong>sive</strong></span> <span class='ocrx_word' id='word_1_402' title='bbox 2915 2831 3057 2901; x_wconf 86' lang='lat' dir='ltr'><strong>apud</strong></span> <span class='ocrx_word' id='word_1_403' title='bbox 3078 2830 3300 2899; x_wconf 66' lang='lat' dir='ltr'><strong>Graecos</strong></span> <span class='ocrx_word' id='word_1_404' title='bbox 3331 2840 3587 2885; x_wconf 71' lang='lat' dir='ltr'><strong>auc-tores</strong></span> <span class='ocrx_word' id='word_1_405' title='bbox 3608 2832 3723 2885; x_wconf 65' lang='lat' dir='ltr'><strong>eri--</strong></span> 
     </span>
    </p>
   </div>
   <div class='ocr_carea' id='block_1_59' title="bbox 2144 2924 3720 2996">
    <p class='ocr_par' dir='ltr' id='par_1_59' title="bbox 2144 2924 3720 2996">
     <span class='ocr_line' id='line_1_59' title="bbox 2144 2924 3720 2996; baseline 0.001 -19"><span class='ocrx_word' id='word_1_406' title='bbox 2144 2932 2226 2977; x_wconf 92' lang='lat' dir='ltr'><strong>tos</strong></span> <span class='ocrx_word' id='word_1_407' title='bbox 2262 2924 2377 2978; x_wconf 89' lang='lat' dir='ltr'><strong>sive</strong></span> <span class='ocrx_word' id='word_1_408' title='bbox 2407 2925 2816 2996; x_wconf 87' lang='lat' dir='ltr'><strong>manuscriptos</strong></span> <span class='ocrx_word' id='word_1_409' title='bbox 2848 2924 3012 2991; x_wconf 88' lang='lat' dir='ltr'><strong>alter,</strong></span> <span class='ocrx_word' id='word_1_410' title='bbox 3038 2940 3203 2995; x_wconf 90' lang='lat' dir='ltr'><strong>quem</strong></span> <span class='ocrx_word' id='word_1_411' title='bbox 3238 2924 3639 2995; x_wconf 79' lang='lat' dir='ltr'><strong>CaryOphyllus</strong></span> <span class='ocrx_word' id='word_1_412' title='bbox 3666 2933 3720 2976; x_wconf 80' lang='lat' dir='ltr'><strong>et</strong></span> 
     </span>
    </p>
   </div>
   <div class='ocr_carea' id='block_1_60' title="bbox 2140 3015 3720 3088">
    <p class='ocr_par' dir='ltr' id='par_1_60' title="bbox 2140 3015 3720 3088">
     <span class='ocr_line' id='line_1_60' title="bbox 2140 3015 3720 3088; baseline 0.003 -19"><span class='ocrx_word' id='word_1_413' title='bbox 2140 3015 2371 3070; x_wconf 85' lang='lat' dir='ltr'><strong>Allatius</strong></span> <span class='ocrx_word' id='word_1_414' title='bbox 2417 3016 2727 3087; x_wconf 82' lang='lat' dir='ltr'><strong>designant,</strong></span> <span class='ocrx_word' id='word_1_415' title='bbox 2756 3017 3021 3087; x_wconf 82' lang='lat' dir='ltr'><strong>Georgius</strong></span> <span class='ocrx_word' id='word_1_416' title='bbox 3059 3016 3399 3085; x_wconf 80' lang='lat' dir='ltr'><strong>Scholariiis,</strong></span> <span class='ocrx_word' id='word_1_417' title='bbox 3438 3018 3533 3088; x_wconf 88' lang='lat' dir='ltr'><strong>qui</strong></span> <span class='ocrx_word' id='word_1_418' title='bbox 3569 3018 3720 3074; x_wconf 87' lang='lat' dir='ltr'><strong>Con-</strong></span> 
     </span>
    </p>
   </div>
   <div class='ocr_carea' id='block_1_61' title="bbox 418 3108 3721 3197">
    <p class='ocr_par' dir='ltr' id='par_1_61' title="bbox 418 3108 3721 3197">
     <span class='ocr_line' id='line_1_61' title="bbox 418 3108 3721 3197; baseline -0.005 -14"><span class='ocrx_word' id='word_1_419' title='bbox 418 3186 427 3197; x_wconf 55' lang='lat'><strong>,</strong></span> <span class='ocrx_word' id='word_1_420' title='bbox 459 3125 747 3183; x_wconf 86' lang='lat' dir='ltr'><strong>bliothecis</strong></span> <span class='ocrx_word' id='word_1_421' title='bbox 771 3122 1129 3185; x_wconf 89' lang='lat' dir='ltr'><strong>delitescunt,</strong></span> <span class='ocrx_word' id='word_1_422' title='bbox 1167 3129 1402 3185; x_wconf 85' lang='lat' dir='ltr'><strong>quorum</strong></span> <span class='ocrx_word' id='word_1_423' title='bbox 1441 3113 1682 3169; x_wconf 89' lang='lat' dir='ltr'><strong>indicem</strong></span> <span class='ocrx_word' id='word_1_424' title='bbox 1717 3110 1810 3182; x_wconf 90' lang='lat' dir='ltr'><strong>qui</strong></span> <span class='ocrx_word' id='word_1_425' title='bbox 1843 3110 2115 3189; x_wconf 64' lang='lat' dir='ltr'><strong>levitenc</strong></span> <span class='ocrx_word' id='word_1_426' title='bbox 2145 3109 2498 3178; x_wconf 85' lang='lat' dir='ltr'><strong>stantinopoli</strong></span> <span class='ocrx_word' id='word_1_427' title='bbox 2546 3108 2885 3175; x_wconf 89' lang='lat' dir='ltr'><strong>substiterit,</strong></span> <span class='ocrx_word' id='word_1_428' title='bbox 2931 3124 3054 3165; x_wconf 92' lang='lat' dir='ltr'><strong>eum</strong></span> <span class='ocrx_word' id='word_1_429' title='bbox 3103 3108 3343 3165; x_wconf 83' lang='lat' dir='ltr'><strong>Joannes</strong></span> <span class='ocrx_word' id='word_1_430' title='bbox 3382 3110 3721 3182; x_wconf 63' lang='lat' dir='ltr'><strong>Palreologus</strong></span> 
     </span>
    </p>
   </div>
   <div class='ocr_carea' id='block_1_62' title="bbox 460 3203 2038 3291">
    <p class='ocr_par' dir='ltr' id='par_1_62' title="bbox 460 3203 2038 3291">
     <span class='ocr_line' id='line_1_62' title="bbox 460 3203 2038 3291; baseline -0.016 -14"><span class='ocrx_word' id='word_1_431' title='bbox 460 3216 796 3291; x_wconf 82' lang='lat' dir='ltr'><strong>inspexerit,</strong></span> <span class='ocrx_word' id='word_1_432' title='bbox 827 3211 1015 3269; x_wconf 88' lang='lat' dir='ltr'><strong>mirari</strong></span> <span class='ocrx_word' id='word_1_433' title='bbox 1045 3208 1255 3265; x_wconf 87' lang='lat' dir='ltr'><strong>desinet</strong></span> <span class='ocrx_word' id='word_1_434' title='bbox 1284 3207 1461 3261; x_wconf 90' lang='lat' dir='ltr'><strong>virum</strong></span> <span class='ocrx_word' id='word_1_435' title='bbox 1509 3203 1885 3259; x_wconf 88' lang='lat' dir='ltr'><strong>doctissimum</strong></span> <span class='ocrx_word' id='word_1_436' title='bbox 1941 3214 2038 3291; x_wconf 84' lang='lat' dir='ltr'><strong>pa-</strong></span> 
     </span>
    </p>
   </div>
   <div class='ocr_carea' id='block_1_63' title="bbox 459 3289 2038 3370">
    <p class='ocr_par' dir='ltr' id='par_1_63' title="bbox 459 3289 2038 3370">
     <span class='ocr_line' id='line_1_63' title="bbox 459 3289 2038 3370; baseline -0.015 -1"><span class='ocrx_word' id='word_1_437' title='bbox 459 3289 578 3370; x_wconf 76' lang='lat' dir='ltr'><strong>rum</strong></span> <span class='ocrx_word' id='word_1_438' title='bbox 607 3314 918 3366; x_wconf 79' lang='lat' dir='ltr'><strong>accuratam</strong></span> <span class='ocrx_word' id='word_1_439' title='bbox 938 3303 990 3357; x_wconf 89' lang='lat' dir='ltr'><strong>in</strong></span> <span class='ocrx_word' id='word_1_440' title='bbox 1015 3302 1084 3356; x_wconf 90' lang='lat' dir='ltr'><strong>iis</strong></span> <span class='ocrx_word' id='word_1_441' title='bbox 1117 3296 1466 3354; x_wconf 83' lang='lat' dir='ltr'><strong>recensendis</strong></span> <span class='ocrx_word' id='word_1_442' title='bbox 1496 3294 1724 3350; x_wconf 78' lang='lat' dir='ltr'><strong>criticen</strong></span> <span class='ocrx_word' id='word_1_443' title='bbox 1755 3289 2038 3347; x_wconf 84' lang='lat' dir='ltr'><strong>exercuis-</strong></span> 
     </span>
    </p>
   </div>
   <div class='ocr_carea' id='block_1_64' title="bbox 456 3383 2039 3465">
    <p class='ocr_par' dir='ltr' id='par_1_64' title="bbox 456 3383 2039 3465">
     <span class='ocr_line' id='line_1_64' title="bbox 456 3383 2039 3465; baseline -0.017 -4"><span class='ocrx_word' id='word_1_444' title='bbox 456 3422 536 3461; x_wconf 84' lang='lat' dir='ltr'><strong>se.</strong></span> <span class='ocrx_word' id='word_1_445' title='bbox 573 3401 673 3457; x_wconf 83' lang='lat' dir='ltr'><strong>Vix</strong></span> <span class='ocrx_word' id='word_1_446' title='bbox 713 3398 859 3456; x_wconf 91' lang='lat' dir='ltr'><strong>enim</strong></span> <span class='ocrx_word' id='word_1_447' title='bbox 910 3400 1162 3465; x_wconf 88' lang='lat' dir='ltr'><strong>quartam</strong></span> <span class='ocrx_word' id='word_1_448' title='bbox 1203 3404 1393 3444; x_wconf 90' lang='lat' dir='ltr'><strong>eorum</strong></span> <span class='ocrx_word' id='word_1_449' title='bbox 1445 3395 1656 3457; x_wconf 87' lang='lat' dir='ltr'><strong>partem</strong></span> <span class='ocrx_word' id='word_1_450' title='bbox 1703 3383 1935 3447; x_wconf 88' lang='lat' dir='ltr'><strong>viderat,</strong></span> <span class='ocrx_word' id='word_1_451' title='bbox 1983 3388 2039 3435; x_wconf 90' lang='lat' dir='ltr'><strong>et</strong></span> 
     </span>
    </p>
   </div>
   <div class='ocr_carea' id='block_1_65' title="bbox 453 3474 2037 3567">
    <p class='ocr_par' dir='ltr' id='par_1_65' title="bbox 453 3474 2037 3567">
     <span class='ocr_line' id='line_1_65' title="bbox 453 3474 2037 3567; baseline -0.017 -14"><span class='ocrx_word' id='word_1_452' title='bbox 453 3497 781 3567; x_wconf 85' lang='lat' dir='ltr'><strong>plerumque</strong></span> <span class='ocrx_word' id='word_1_453' title='bbox 816 3486 1011 3543; x_wconf 88' lang='lat' dir='ltr'><strong>alienis</strong></span> <span class='ocrx_word' id='word_1_454' title='bbox 1058 3482 1257 3540; x_wconf 88' lang='lat' dir='ltr'><strong>oculis.</strong></span> <span class='ocrx_word' id='word_1_455' title='bbox 1290 3479 1478 3549; x_wconf 88' lang='lat' dir='ltr'><strong>Neque</strong></span> <span class='ocrx_word' id='word_1_456' title='bbox 1525 3487 1709 3532; x_wconf 88' lang='lat' dir='ltr'><strong>tamen</strong></span> <span class='ocrx_word' id='word_1_457' title='bbox 1744 3474 1846 3530; x_wconf 88' lang='lat' dir='ltr'><strong>etsi</strong></span> <span class='ocrx_word' id='word_1_458' title='bbox 1878 3475 2037 3567; x_wconf 83' lang='lat' dir='ltr'><strong>plura</strong></span> 
     </span>
    </p>
   </div>
   <div class='ocr_carea' id='block_1_66' title="bbox 454 3565 2038 3650">
    <p class='ocr_par' dir='ltr' id='par_1_66' title="bbox 454 3565 2038 3650">
     <span class='ocr_line' id='line_1_66' title="bbox 454 3565 2038 3650; baseline -0.016 -6"><span class='ocrx_word' id='word_1_459' title='bbox 454 3565 509 3644; x_wconf 84' lang='lat' dir='ltr'><strong>et</strong></span> <span class='ocrx_word' id='word_1_460' title='bbox 550 3586 786 3642; x_wconf 90' lang='lat' dir='ltr'><strong>certiora</strong></span> <span class='ocrx_word' id='word_1_461' title='bbox 814 3580 1189 3650; x_wconf 77' lang='lat' dir='ltr'><strong>dcsignamus,</strong></span> <span class='ocrx_word' id='word_1_462' title='bbox 1214 3573 1399 3629; x_wconf 84' lang='lat' dir='ltr'><strong>omnia</strong></span> <span class='ocrx_word' id='word_1_463' title='bbox 1423 3570 1691 3628; x_wconf 89' lang='lat' dir='ltr'><strong>Genuadii</strong></span> <span class='ocrx_word' id='word_1_464' title='bbox 1727 3581 1893 3637; x_wconf 88' lang='lat' dir='ltr'><strong>opera</strong></span> <span class='ocrx_word' id='word_1_465' title='bbox 1918 3565 2038 3622; x_wconf 82' lang='lat' dir='ltr'><strong>exi-</strong></span> 
     </span>
    </p>
   </div>
   <div class='ocr_carea' id='block_1_67' title="bbox 368 3658 2039 3740">
    <p class='ocr_par' dir='ltr' id='par_1_67' title="bbox 368 3658 2039 3740">
     <span class='ocr_line' id='line_1_67' title="bbox 368 3658 2039 3740; baseline -0.013 -6"><span class='ocrx_word' id='word_1_466' title='bbox 368 3680 373 3683; x_wconf 83' lang='grc'><em>’</em></span> <span class='ocrx_word' id='word_1_467' title='bbox 453 3675 808 3733; x_wconf 83' lang='lat' dir='ltr'><strong>stimabimus</strong></span> <span class='ocrx_word' id='word_1_468' title='bbox 825 3667 1179 3740; x_wconf 88' lang='lat' dir='ltr'><strong>explicuisse.</strong></span> <span class='ocrx_word' id='word_1_469' title='bbox 1217 3665 1424 3734; x_wconf 89' lang='lat' dir='ltr'><strong>Sparsa</strong></span> <span class='ocrx_word' id='word_1_470' title='bbox 1480 3661 1752 3732; x_wconf 88' lang='lat' dir='ltr'><strong>siquidem</strong></span> <span class='ocrx_word' id='word_1_471' title='bbox 1784 3667 1845 3714; x_wconf 88' lang='lat' dir='ltr'><strong>et</strong></span> <span class='ocrx_word' id='word_1_472' title='bbox 1875 3658 2039 3729; x_wconf 84' lang='lat' dir='ltr'><strong>disje-</strong></span> 
     </span>
    </p>
   </div>
   <div class='ocr_carea' id='block_1_68' title="bbox 454 3750 2031 3824">
    <p class='ocr_par' dir='ltr' id='par_1_68' title="bbox 454 3750 2031 3824">
     <span class='ocr_line' id='line_1_68' title="bbox 454 3750 2031 3824; baseline -0.013 -2"><span class='ocrx_word' id='word_1_473' title='bbox 454 3777 541 3824; x_wconf 91' lang='lat' dir='ltr'><strong>cta</strong></span> <span class='ocrx_word' id='word_1_474' title='bbox 566 3766 694 3824; x_wconf 91' lang='lat' dir='ltr'><strong>hinc</strong></span> <span class='ocrx_word' id='word_1_475' title='bbox 710 3763 841 3819; x_wconf 84' lang='lat' dir='ltr'><strong>inde</strong></span> <span class='ocrx_word' id='word_1_476' title='bbox 861 3758 1065 3815; x_wconf 91' lang='lat' dir='ltr'><strong>scrinia</strong></span> <span class='ocrx_word' id='word_1_477' title='bbox 1092 3771 1122 3809; x_wconf 92' lang='lat' dir='ltr'><strong>a</strong></span> <span class='ocrx_word' id='word_1_478' title='bbox 1148 3753 1419 3811; x_wconf 88' lang='lat' dir='ltr'><strong>studiosis</strong></span> <span class='ocrx_word' id='word_1_479' title='bbox 1453 3759 1581 3823; x_wconf 90' lang='lat' dir='ltr'><strong>post</strong></span> <span class='ocrx_word' id='word_1_480' title='bbox 1619 3750 1770 3806; x_wconf 78' lang='lat' dir='ltr'><strong>illius</strong></span> <span class='ocrx_word' id='word_1_481' title='bbox 1799 3756 2031 3803; x_wconf 87' lang='lat' dir='ltr'><strong>mortem</strong></span> 
     </span>
    </p>
   </div>
   <div class='ocr_carea' id='block_1_69' title="bbox 455 3840 2037 3923">
    <p class='ocr_par' dir='ltr' id='par_1_69' title="bbox 455 3840 2037 3923">
     <span class='ocr_line' id='line_1_69' title="bbox 455 3840 2037 3923; baseline -0.017 -6"><span class='ocrx_word' id='word_1_482' title='bbox 455 3861 685 3923; x_wconf 87' lang='lat' dir='ltr'><strong>collecta</strong></span> <span class='ocrx_word' id='word_1_483' title='bbox 732 3862 879 3919; x_wconf 87' lang='lat' dir='ltr'><strong>sunt,</strong></span> <span class='ocrx_word' id='word_1_484' title='bbox 928 3860 1093 3920; x_wconf 81' lang='lat' dir='ltr'><strong>atque</strong></span> <span class='ocrx_word' id='word_1_485' title='bbox 1138 3848 1213 3902; x_wconf 88' lang='lat' dir='ltr'><strong>ita</strong></span> <span class='ocrx_word' id='word_1_486' title='bbox 1257 3861 1362 3899; x_wconf 91' lang='lat' dir='ltr'><strong>non</strong></span> <span class='ocrx_word' id='word_1_487' title='bbox 1414 3846 1612 3899; x_wconf 87' lang='lat' dir='ltr'><strong>mirum</strong></span> <span class='ocrx_word' id='word_1_488' title='bbox 1660 3850 1745 3896; x_wconf 92' lang='lat' dir='ltr'><strong>est</strong></span> <span class='ocrx_word' id='word_1_489' title='bbox 1788 3840 2037 3911; x_wconf 68' lang='lat' dir='ltr'><strong>quredam</strong></span> 
     </span>
    </p>
   </div>
   <div class='ocr_carea' id='block_1_70' title="bbox 456 3931 2036 4009">
    <p class='ocr_par' dir='ltr' id='par_1_70' title="bbox 456 3931 2036 4009">
     <span class='ocr_line' id='line_1_70' title="bbox 456 3931 2036 4009; baseline -0.015 -1"><span class='ocrx_word' id='word_1_490' title='bbox 456 3948 825 4008; x_wconf 85' lang='lat' dir='ltr'><strong>intercidisse.</strong></span> <span class='ocrx_word' id='word_1_491' title='bbox 859 3941 1107 3998; x_wconf 68' lang='lat' dir='ltr'><strong>llomiliaa</strong></span> <span class='ocrx_word' id='word_1_492' title='bbox 1151 3946 1277 3994; x_wconf 91' lang='lat' dir='ltr'><strong>ante</strong></span> <span class='ocrx_word' id='word_1_493' title='bbox 1307 3937 1749 4009; x_wconf 85' lang='lat' dir='ltr'><strong>patriarchatum</strong></span> <span class='ocrx_word' id='word_1_494' title='bbox 1798 3931 2036 3999; x_wconf 84' lang='lat' dir='ltr'><strong>scriptae,</strong></span> 
     </span>
    </p>
   </div>
   <div class='ocr_carea' id='block_1_71' title="bbox 456 4022 2035 4106">
    <p class='ocr_par' dir='ltr' id='par_1_71' title="bbox 456 4022 2035 4106">
     <span class='ocr_line' id='line_1_71' title="bbox 456 4022 2035 4106; baseline -0.016 -7"><span class='ocrx_word' id='word_1_495' title='bbox 456 4036 927 4106; x_wconf 83' lang='lat' dir='ltr'><strong>Constantinopoli</strong></span> <span class='ocrx_word' id='word_1_496' title='bbox 965 4040 1198 4102; x_wconf 60' lang='lat' dir='ltr'><strong>reperta;</strong></span> <span class='ocrx_word' id='word_1_497' title='bbox 1233 4037 1365 4085; x_wconf 91' lang='lat' dir='ltr'><strong>sunt</strong></span> <span class='ocrx_word' id='word_1_498' title='bbox 1407 4035 1532 4098; x_wconf 90' lang='lat' dir='ltr'><strong>post</strong></span> <span class='ocrx_word' id='word_1_499' title='bbox 1569 4034 1783 4096; x_wconf 88' lang='lat' dir='ltr'><strong>captam</strong></span> <span class='ocrx_word' id='word_1_500' title='bbox 1819 4022 2035 4087; x_wconf 89' lang='lat' dir='ltr'><strong>urbem,</strong></span> 
     </span>
    </p>
   </div>
   <div class='ocr_carea' id='block_1_72' title="bbox 456 4114 2035 4206">
    <p class='ocr_par' dir='ltr' id='par_1_72' title="bbox 456 4114 2035 4206">
     <span class='ocr_line' id='line_1_72' title="bbox 456 4114 2035 4206; baseline -0.015 -16"><span class='ocrx_word' id='word_1_501' title='bbox 456 4134 701 4206; x_wconf 64' lang='lat' dir='ltr'><strong>quaedam</strong></span> <span class='ocrx_word' id='word_1_502' title='bbox 737 4125 1147 4184; x_wconf 61' lang='lat' dir='ltr'><strong>Thessalonica:</strong></span> <span class='ocrx_word' id='word_1_503' title='bbox 1176 4133 1230 4178; x_wconf 91' lang='lat' dir='ltr'><strong>et</strong></span> <span class='ocrx_word' id='word_1_504' title='bbox 1251 4119 1528 4190; x_wconf 82' lang='lat' dir='ltr'><strong>Gallipoli,</strong></span> <span class='ocrx_word' id='word_1_505' title='bbox 1567 4125 1626 4172; x_wconf 92' lang='lat' dir='ltr'><strong>ut</strong></span> <span class='ocrx_word' id='word_1_506' title='bbox 1651 4117 1756 4171; x_wconf 90' lang='lat' dir='ltr'><strong>alia</strong></span> <span class='ocrx_word' id='word_1_507' title='bbox 1785 4114 2035 4185; x_wconf 81' lang='lat' dir='ltr'><strong>ejusdem</strong></span> 
     </span>
    </p>
   </div>
   <div class='ocr_carea' id='block_1_73' title="bbox 457 4206 2041 4295">
    <p class='ocr_par' dir='ltr' id='par_1_73' title="bbox 457 4206 2041 4295">
     <span class='ocr_line' id='line_1_73' title="bbox 457 4206 2041 4295; baseline -0.016 -13"><span class='ocrx_word' id='word_1_508' title='bbox 457 4228 680 4295; x_wconf 86' lang='lat' dir='ltr'><strong>scripta,</strong></span> <span class='ocrx_word' id='word_1_509' title='bbox 723 4236 842 4292; x_wconf 69' lang='lat' dir='ltr'><strong>quae</strong></span> <span class='ocrx_word' id='word_1_510' title='bbox 871 4220 1132 4286; x_wconf 85' lang='lat' dir='ltr'><strong>deinceps</strong></span> <span class='ocrx_word' id='word_1_511' title='bbox 1171 4213 1630 4276; x_wconf 91' lang='lat' dir='ltr'><strong>receusebuntur,</strong></span> <span class='ocrx_word' id='word_1_512' title='bbox 1673 4208 1810 4263; x_wconf 89' lang='lat' dir='ltr'><strong>adeo</strong></span> <span class='ocrx_word' id='word_1_513' title='bbox 1845 4215 1906 4260; x_wconf 83' lang='lat' dir='ltr'><strong>ut</strong></span> <span class='ocrx_word' id='word_1_514' title='bbox 1935 4206 2041 4259; x_wconf 83' lang='lat' dir='ltr'><strong>mi-</strong></span> 
     </span>
    </p>
   </div>
   <div class='ocr_carea' id='block_1_74' title="bbox 459 4296 2036 4382">
    <p class='ocr_par' dir='ltr' id='par_1_74' title="bbox 459 4296 2036 4382">
     <span class='ocr_line' id='line_1_74' title="bbox 459 4296 2036 4382; baseline -0.015 -9"><span class='ocrx_word' id='word_1_515' title='bbox 459 4320 565 4373; x_wconf 75' lang='lat' dir='ltr'><strong>rari</strong></span> <span class='ocrx_word' id='word_1_516' title='bbox 595 4330 755 4371; x_wconf 89' lang='lat' dir='ltr'><strong>nemo</strong></span> <span class='ocrx_word' id='word_1_517' title='bbox 791 4312 914 4382; x_wconf 85' lang='lat' dir='ltr'><strong>jure</strong></span> <span class='ocrx_word' id='word_1_518' title='bbox 966 4316 1131 4379; x_wconf 87' lang='lat' dir='ltr'><strong>queat</strong></span> <span class='ocrx_word' id='word_1_519' title='bbox 1187 4305 1332 4375; x_wconf 72' lang='lat' dir='ltr'><strong>quod</strong></span> <span class='ocrx_word' id='word_1_520' title='bbox 1384 4301 1646 4357; x_wconf 86' lang='lat' dir='ltr'><strong>nonnulla</strong></span> <span class='ocrx_word' id='word_1_521' title='bbox 1685 4297 1950 4368; x_wconf 90' lang='lat' dir='ltr'><strong>perierint</strong></span> <span class='ocrx_word' id='word_1_522' title='bbox 1982 4296 2036 4350; x_wconf 91' lang='lat' dir='ltr'><strong>in</strong></span> 
     </span>
    </p>
   </div>
   <div class='ocr_carea' id='block_1_75' title="bbox 462 4388 1927 4471">
    <p class='ocr_par' dir='ltr' id='par_1_75' title="bbox 462 4388 1927 4471">
     <span class='ocr_line' id='line_1_75' title="bbox 462 4388 1927 4471; baseline -0.01 -14"><span class='ocrx_word' id='word_1_523' title='bbox 462 4416 608 4457; x_wconf 75' lang='lat' dir='ltr'><strong>tanta</strong></span> <span class='ocrx_word' id='word_1_524' title='bbox 638 4401 946 4471; x_wconf 66' lang='lat' dir='ltr'><strong>reipublicae</strong></span> <span class='ocrx_word' id='word_1_525' title='bbox 979 4405 1036 4452; x_wconf 92' lang='lat' dir='ltr'><strong>et</strong></span> <span class='ocrx_word' id='word_1_526' title='bbox 1071 4393 1331 4450; x_wconf 82' lang='lat' dir='ltr'><strong>Ecclesiae</strong></span> <span class='ocrx_word' id='word_1_527' title='bbox 1361 4391 1565 4446; x_wconf 70' lang='lat' dir='ltr'><strong>Graecae</strong></span> <span class='ocrx_word' id='word_1_528' title='bbox 1595 4388 1927 4443; x_wconf 78' lang='lat' dir='ltr'><strong>calamitate.</strong></span> 
     </span>
    </p>
   </div>
   <div class='ocr_carea' id='block_1_76' title="bbox 2144 3200 3721 3271">
    <p class='ocr_par' dir='ltr' id='par_1_76' title="bbox 2144 3200 3721 3271">
     <span class='ocr_line' id='line_1_76' title="bbox 2144 3200 3721 3271; baseline 0.004 -18"><span class='ocrx_word' id='word_1_529' title='bbox 2144 3211 2197 3254; x_wconf 80' lang='lat' dir='ltr'><strong>et</strong></span> <span class='ocrx_word' id='word_1_530' title='bbox 2245 3200 2519 3270; x_wconf 86' lang='lat' dir='ltr'><strong>Josephus</strong></span> <span class='ocrx_word' id='word_1_531' title='bbox 2562 3202 2894 3271; x_wconf 82' lang='lat' dir='ltr'><strong>patriarcha,</strong></span> <span class='ocrx_word' id='word_1_532' title='bbox 2936 3202 3096 3257; x_wconf 88' lang='lat' dir='ltr'><strong>simul</strong></span> <span class='ocrx_word' id='word_1_533' title='bbox 3149 3217 3272 3256; x_wconf 92' lang='lat' dir='ltr'><strong>cum</strong></span> <span class='ocrx_word' id='word_1_534' title='bbox 3321 3202 3528 3257; x_wconf 76' lang='lat' dir='ltr'><strong>Graecis</strong></span> <span class='ocrx_word' id='word_1_535' title='bbox 3574 3204 3721 3269; x_wconf 85' lang='lat' dir='ltr'><strong>aliis,</strong></span> 
     </span>
    </p>
   </div>
   <div class='ocr_carea' id='block_1_77' title="bbox 2144 3292 3723 3363">
    <p class='ocr_par' dir='ltr' id='par_1_77' title="bbox 2144 3292 3723 3363">
     <span class='ocr_line' id='line_1_77' title="bbox 2144 3292 3723 3363; baseline 0.003 -17"><span class='ocrx_word' id='word_1_536' title='bbox 2144 3293 2408 3348; x_wconf 78' lang='lat' dir='ltr'><strong>Ferrariae</strong></span> <span class='ocrx_word' id='word_1_537' title='bbox 2433 3302 2487 3349; x_wconf 91' lang='lat' dir='ltr'><strong>et</strong></span> <span class='ocrx_word' id='word_1_538' title='bbox 2513 3292 2803 3349; x_wconf 64' lang='lat' dir='ltr'><strong>Florentiae</strong></span> <span class='ocrx_word' id='word_1_539' title='bbox 2834 3294 3023 3348; x_wconf 84' lang='lat' dir='ltr'><strong>uniuni</strong></span> <span class='ocrx_word' id='word_1_540' title='bbox 3044 3292 3354 3349; x_wconf 71' lang='lat' dir='ltr'><strong>sanciendae</strong></span> <span class='ocrx_word' id='word_1_541' title='bbox 3381 3307 3601 3363; x_wconf 86' lang='lat' dir='ltr'><strong>operam</strong></span> <span class='ocrx_word' id='word_1_542' title='bbox 3626 3296 3723 3350; x_wconf 87' lang='lat' dir='ltr'><strong>da-</strong></span> 
     </span>
    </p>
   </div>
   <div class='ocr_carea' id='block_1_78' title="bbox 2112 3395 2289 3441">
    <p class='ocr_par' dir='ltr' id='par_1_78' title="bbox 2112 3395 2289 3441">
     <span class='ocr_line' id='line_1_78' title="bbox 2112 3395 2289 3441; baseline -0.006 0"><span class='ocrx_word' id='word_1_543' title='bbox 2112 3400 2119 3441; x_wconf 47' lang='grc' dir='ltr'><strong>ἠ</strong></span> <span class='ocrx_word' id='word_1_544' title='bbox 2146 3395 2289 3441; x_wconf 89' lang='lat' dir='ltr'><strong>rent.</strong></span> 
     </span>
    </p>
   </div>
   <div class='ocr_carea' id='block_1_79' title="bbox 2214 3477 3724 3547">
    <p class='ocr_par' dir='ltr' id='par_1_79' title="bbox 2214 3477 3724 3547">
     <span class='ocr_line' id='line_1_79' title="bbox 2214 3477 3724 3547; baseline 0.003 -17"><span class='ocrx_word' id='word_1_545' title='bbox 2214 3477 2398 3532; x_wconf 80' lang='lat' dir='ltr'><strong>Marco</strong></span> <span class='ocrx_word' id='word_1_546' title='bbox 2452 3478 2688 3547; x_wconf 83' lang='lat' dir='ltr'><strong>Ephesio</strong></span> <span class='ocrx_word' id='word_1_547' title='bbox 2740 3478 2996 3534; x_wconf 81' lang='lat' dir='ltr'><strong>utebatur</strong></span> <span class='ocrx_word' id='word_1_548' title='bbox 3055 3479 3480 3539; x_wconf 80' lang='lat' dir='ltr'><strong>familiarissime</strong></span> <span class='ocrx_word' id='word_1_549' title='bbox 3534 3490 3724 3536; x_wconf 63' lang='lat' dir='ltr'><strong>noster</strong></span> 
     </span>
    </p>
   </div>
   <div class='ocr_carea' id='block_1_80' title="bbox 2145 3568 3725 3642">
    <p class='ocr_par' dir='ltr' id='par_1_80' title="bbox 2145 3568 3725 3642">
     <span class='ocr_line' id='line_1_80' title="bbox 2145 3568 3725 3642; baseline 0.003 -19"><span class='ocrx_word' id='word_1_550' title='bbox 2145 3568 2410 3638; x_wconf 81' lang='lat' dir='ltr'><strong>Georgius</strong></span> <span class='ocrx_word' id='word_1_551' title='bbox 2447 3586 2462 3635; x_wconf 89' lang='lat'><strong>;</strong></span> <span class='ocrx_word' id='word_1_552' title='bbox 2501 3570 2637 3625; x_wconf 89' lang='lat' dir='ltr'><strong>duos</strong></span> <span class='ocrx_word' id='word_1_553' title='bbox 2664 3580 2846 3625; x_wconf 86' lang='lat' dir='ltr'><strong>autem</strong></span> <span class='ocrx_word' id='word_1_554' title='bbox 2885 3571 3132 3642; x_wconf 84' lang='lat' dir='ltr'><strong>ejusdem</strong></span> <span class='ocrx_word' id='word_1_555' title='bbox 3168 3574 3407 3629; x_wconf 89' lang='lat' dir='ltr'><strong>nominis</strong></span> <span class='ocrx_word' id='word_1_556' title='bbox 3432 3584 3486 3629; x_wconf 89' lang='lat' dir='ltr'><strong>et</strong></span> <span class='ocrx_word' id='word_1_557' title='bbox 3519 3588 3725 3641; x_wconf 79' lang='lat' dir='ltr'><strong>cegno-</strong></span> 
     </span>
    </p>
   </div>
   <div class='ocr_carea' id='block_1_81' title="bbox 2145 3662 3719 3736">
    <p class='ocr_par' dir='ltr' id='par_1_81' title="bbox 2145 3662 3719 3736">
     <span class='ocr_line' id='line_1_81' title="bbox 2145 3662 3719 3736; baseline 0.003 -19"><span class='ocrx_word' id='word_1_558' title='bbox 2145 3662 2311 3717; x_wconf 89' lang='lat' dir='ltr'><strong>minis</strong></span> <span class='ocrx_word' id='word_1_559' title='bbox 2336 3662 2527 3718; x_wconf 91' lang='lat' dir='ltr'><strong>eodem</strong></span> <span class='ocrx_word' id='word_1_560' title='bbox 2552 3671 2818 3733; x_wconf 87' lang='lat' dir='ltr'><strong>tempore,</strong></span> <span class='ocrx_word' id='word_1_561' title='bbox 2849 3678 3067 3719; x_wconf 89' lang='lat' dir='ltr'><strong>summa</strong></span> <span class='ocrx_word' id='word_1_562' title='bbox 3093 3664 3379 3733; x_wconf 85' lang='lat' dir='ltr'><strong>doctrinae,</strong></span> <span class='ocrx_word' id='word_1_563' title='bbox 3413 3666 3719 3736; x_wconf 68' lang='lat' dir='ltr'><strong>praesertim</strong></span> 
     </span>
    </p>
   </div>
   <div class='ocr_carea' id='block_1_82' title="bbox 2145 3754 3727 3825">
    <p class='ocr_par' dir='ltr' id='par_1_82' title="bbox 2145 3754 3727 3825">
     <span class='ocr_line' id='line_1_82' title="bbox 2145 3754 3727 3825; baseline 0.001 -16"><span class='ocrx_word' id='word_1_564' title='bbox 2145 3771 2274 3809; x_wconf 84' lang='lat' dir='ltr'><strong>vero</strong></span> <span class='ocrx_word' id='word_1_565' title='bbox 2322 3754 2684 3825; x_wconf 76' lang='lat' dir='ltr'><strong>philosophia:</strong></span> <span class='ocrx_word' id='word_1_566' title='bbox 2712 3755 3005 3812; x_wconf 66' lang='lat' dir='ltr'><strong>Pla&#39;oniete</strong></span> <span class='ocrx_word' id='word_1_567' title='bbox 3026 3770 3082 3812; x_wconf 91' lang='lat' dir='ltr'><strong>et</strong></span> <span class='ocrx_word' id='word_1_568' title='bbox 3123 3756 3510 3821; x_wconf 72' lang='lat' dir='ltr'><strong>Aristotelicte,</strong></span> <span class='ocrx_word' id='word_1_569' title='bbox 3565 3758 3727 3814; x_wconf 65' lang='lat' dir='ltr'><strong>laude</strong></span> 
     </span>
    </p>
   </div>
   <div class='ocr_carea' id='block_1_83' title="bbox 2145 3846 3726 3920">
    <p class='ocr_par' dir='ltr' id='par_1_83' title="bbox 2145 3846 3726 3920">
     <span class='ocr_line' id='line_1_83' title="bbox 2145 3846 3726 3920; baseline 0.001 -19"><span class='ocrx_word' id='word_1_570' title='bbox 2145 3846 2414 3910; x_wconf 69' lang='lat' dir='ltr'><strong>horruisse,</strong></span> <span class='ocrx_word' id='word_1_571' title='bbox 2449 3846 2641 3901; x_wconf 79' lang='lat' dir='ltr'><strong>iisdem</strong></span> <span class='ocrx_word' id='word_1_572' title='bbox 2674 3849 2868 3902; x_wconf 87' lang='lat' dir='ltr'><strong>amicis</strong></span> <span class='ocrx_word' id='word_1_573' title='bbox 2901 3863 3056 3915; x_wconf 84' lang='lat' dir='ltr'><strong>usos,</strong></span> <span class='ocrx_word' id='word_1_574' title='bbox 3089 3863 3216 3905; x_wconf 89' lang='lat' dir='ltr'><strong>cum</strong></span> <span class='ocrx_word' id='word_1_575' title='bbox 3251 3849 3397 3904; x_wconf 89' lang='lat' dir='ltr'><strong>circa</strong></span> <span class='ocrx_word' id='word_1_576' title='bbox 3440 3850 3726 3920; x_wconf 76' lang='lat' dir='ltr'><strong>religionis</strong></span> 
     </span>
    </p>
   </div>
   <div class='ocr_carea' id='block_1_84' title="bbox 2147 3940 3725 4011">
    <p class='ocr_par' dir='ltr' id='par_1_84' title="bbox 2147 3940 3725 4011">
     <span class='ocr_line' id='line_1_84' title="bbox 2147 3940 3725 4011; baseline 0.003 -18"><span class='ocrx_word' id='word_1_577' title='bbox 2147 3941 2420 4009; x_wconf 83' lang='lat' dir='ltr'><strong>negotium</strong></span> <span class='ocrx_word' id='word_1_578' title='bbox 2452 3940 2927 3995; x_wconf 87' lang='lat' dir='ltr'><strong>vehementissime</strong></span> <span class='ocrx_word' id='word_1_579' title='bbox 2942 3940 3293 4007; x_wconf 88' lang='lat' dir='ltr'><strong>dissiderent,</strong></span> <span class='ocrx_word' id='word_1_580' title='bbox 3313 3941 3365 3996; x_wconf 93' lang='lat' dir='ltr'><strong>id</strong></span> <span class='ocrx_word' id='word_1_581' title='bbox 3385 3942 3603 4011; x_wconf 84' lang='lat' dir='ltr'><strong>quidem</strong></span> <span class='ocrx_word' id='word_1_582' title='bbox 3629 3943 3725 3997; x_wconf 86' lang='lat' dir='ltr'><strong>fie-</strong></span> 
     </span>
    </p>
   </div>
   <div class='ocr_carea' id='block_1_85' title="bbox 2148 4029 3727 4104">
    <p class='ocr_par' dir='ltr' id='par_1_85' title="bbox 2148 4029 3727 4104">
     <span class='ocr_line' id='line_1_85' title="bbox 2148 4029 3727 4104; baseline 0.003 -20"><span class='ocrx_word' id='word_1_583' title='bbox 2148 4029 2191 4084; x_wconf 91' lang='lat' dir='ltr'><strong>ri</strong></span> <span class='ocrx_word' id='word_1_584' title='bbox 2236 4031 2321 4085; x_wconf 83' lang='lat' dir='ltr'><strong>vix</strong></span> <span class='ocrx_word' id='word_1_585' title='bbox 2353 4030 2594 4100; x_wconf 86' lang='lat' dir='ltr'><strong>potuisse</strong></span> <span class='ocrx_word' id='word_1_586' title='bbox 2634 4046 2795 4085; x_wconf 81' lang='lat' dir='ltr'><strong>neruo</strong></span> <span class='ocrx_word' id='word_1_587' title='bbox 2837 4047 2947 4086; x_wconf 90' lang='lat' dir='ltr'><strong>non</strong></span> <span class='ocrx_word' id='word_1_588' title='bbox 2979 4033 3150 4089; x_wconf 89' lang='lat' dir='ltr'><strong>videt.</strong></span> <span class='ocrx_word' id='word_1_589' title='bbox 3171 4031 3241 4087; x_wconf 88' lang='lat' dir='ltr'><strong>At</strong></span> <span class='ocrx_word' id='word_1_590' title='bbox 3265 4047 3330 4088; x_wconf 91' lang='lat' dir='ltr'><strong>ex</strong></span> <span class='ocrx_word' id='word_1_591' title='bbox 3358 4033 3522 4088; x_wconf 88' lang='lat' dir='ltr'><strong>meris</strong></span> <span class='ocrx_word' id='word_1_592' title='bbox 3540 4036 3727 4104; x_wconf 84' lang='lat' dir='ltr'><strong>conje-</strong></span> 
     </span>
    </p>
   </div>
   <div class='ocr_carea' id='block_1_86' title="bbox 2147 4120 3726 4210">
    <p class='ocr_par' dir='ltr' id='par_1_86' title="bbox 2147 4120 3726 4210">
     <span class='ocr_line' id='line_1_86' title="bbox 2147 4120 3726 4210; baseline 0.003 -36"><span class='ocrx_word' id='word_1_593' title='bbox 2147 4120 2320 4202; x_wconf 85' lang='lat' dir='ltr'><strong>cturis</strong></span> <span class='ocrx_word' id='word_1_594' title='bbox 2346 4122 2417 4173; x_wconf 84' lang='lat' dir='ltr'><strong>ita</strong></span> <span class='ocrx_word' id='word_1_595' title='bbox 2451 4128 2717 4210; x_wconf 59' lang='lat' dir='ltr'><strong>statuere,</strong></span> <span class='ocrx_word' id='word_1_596' title='bbox 2749 4128 2810 4175; x_wconf 89' lang='lat' dir='ltr'><strong>ut</strong></span> <span class='ocrx_word' id='word_1_597' title='bbox 2844 4120 3251 4194; x_wconf 78' lang='lat' dir='ltr'><strong>CaryOphyllus</strong></span> <span class='ocrx_word' id='word_1_598' title='bbox 3275 4132 3331 4178; x_wconf 88' lang='lat' dir='ltr'><strong>et</strong></span> <span class='ocrx_word' id='word_1_599' title='bbox 3356 4121 3589 4178; x_wconf 88' lang='lat' dir='ltr'><strong>Allatius</strong></span> <span class='ocrx_word' id='word_1_600' title='bbox 3642 4122 3726 4178; x_wconf 84' lang='lat' dir='ltr'><strong>fc-</strong></span> 
     </span>
    </p>
   </div>
   <div class='ocr_carea' id='block_1_87' title="bbox 2146 4214 3728 4278">
    <p class='ocr_par' dir='ltr' id='par_1_87' title="bbox 2146 4214 3728 4278">
     <span class='ocr_line' id='line_1_87' title="bbox 2146 4214 3728 4278; baseline 0.001 -11"><span class='ocrx_word' id='word_1_601' title='bbox 2146 4223 2358 4277; x_wconf 90' lang='lat' dir='ltr'><strong>cerunt,</strong></span> <span class='ocrx_word' id='word_1_602' title='bbox 2392 4215 2510 4271; x_wconf 88' lang='lat' dir='ltr'><strong>sine</strong></span> <span class='ocrx_word' id='word_1_603' title='bbox 2542 4214 2668 4270; x_wconf 86' lang='lat' dir='ltr'><strong>ullis</strong></span> <span class='ocrx_word' id='word_1_604' title='bbox 2688 4224 2975 4269; x_wconf 81' lang='lat' dir='ltr'><strong>auctorum</strong></span> <span class='ocrx_word' id='word_1_605' title='bbox 3016 4215 3374 4278; x_wconf 77' lang='lat' dir='ltr'><strong>tesrimoniis,</strong></span> <span class='ocrx_word' id='word_1_606' title='bbox 3409 4216 3639 4270; x_wconf 85' lang='lat' dir='ltr'><strong>confusa</strong></span> <span class='ocrx_word' id='word_1_607' title='bbox 3674 4223 3728 4268; x_wconf 93' lang='lat' dir='ltr'><strong>ct</strong></span> 
     </span>
    </p>
   </div>
   <div class='ocr_carea' id='block_1_88' title="bbox 2149 4307 3726 4377">
    <p class='ocr_par' dir='ltr' id='par_1_88' title="bbox 2149 4307 3726 4377">
     <span class='ocr_line' id='line_1_88' title="bbox 2149 4307 3726 4377; baseline -0.001 -15"><span class='ocrx_word' id='word_1_608' title='bbox 2149 4308 2372 4377; x_wconf 88' lang='lat' dir='ltr'><strong>insuper</strong></span> <span class='ocrx_word' id='word_1_609' title='bbox 2459 4308 2644 4362; x_wconf 87' lang='lat' dir='ltr'><strong>habita</strong></span> <span class='ocrx_word' id='word_1_610' title='bbox 2724 4318 3030 4377; x_wconf 86' lang='lat' dir='ltr'><strong>temporum</strong></span> <span class='ocrx_word' id='word_1_611' title='bbox 3124 4308 3359 4373; x_wconf 89' lang='lat' dir='ltr'><strong>ratione,</strong></span> <span class='ocrx_word' id='word_1_612' title='bbox 3428 4307 3726 4362; x_wconf 86' lang='lat' dir='ltr'><strong>absurdum</strong></span> 
     </span>
    </p>
   </div>
   <div class='ocr_carea' id='block_1_89' title="bbox 2149 4398 3725 4469">
    <p class='ocr_par' dir='ltr' id='par_1_89' title="bbox 2149 4398 3725 4469">
     <span class='ocr_line' id='line_1_89' title="bbox 2149 4398 3725 4469; baseline -0.002 -16"><span class='ocrx_word' id='word_1_613' title='bbox 2149 4415 2375 4468; x_wconf 88' lang='lat' dir='ltr'><strong>prorsus</strong></span> <span class='ocrx_word' id='word_1_614' title='bbox 2411 4407 2522 4454; x_wconf 75' lang='lat' dir='ltr'><strong>est</strong></span> <span class='ocrx_word' id='word_1_615' title='bbox 2582 4408 2636 4455; x_wconf 89' lang='lat' dir='ltr'><strong>et</strong></span> <span class='ocrx_word' id='word_1_616' title='bbox 2683 4399 3034 4454; x_wconf 80' lang='lat' dir='ltr'><strong>excusatione</strong></span> <span class='ocrx_word' id='word_1_617' title='bbox 3106 4408 3277 4455; x_wconf 84' lang='lat' dir='ltr'><strong>caret.</strong></span> <span class='ocrx_word' id='word_1_618' title='bbox 3325 4398 3511 4469; x_wconf 82' lang='lat' dir='ltr'><strong>Neque</strong></span> <span class='ocrx_word' id='word_1_619' title='bbox 3555 4398 3725 4462; x_wconf 88' lang='lat' dir='ltr'><strong>enim,</strong></span> 
     </span>
    </p>
   </div>
   <div class='ocr_carea' id='block_1_90' title="bbox 532 4478 3728 4561">
    <p class='ocr_par' dir='ltr' id='par_1_90' title="bbox 532 4478 3728 4561">
     <span class='ocr_line' id='line_1_90' title="bbox 532 4478 3728 4561; baseline 0 -13"><span class='ocrx_word' id='word_1_620' title='bbox 532 4497 605 4548; x_wconf 64' lang='lat' dir='ltr'><strong>Es</strong></span> <span class='ocrx_word' id='word_1_621' title='bbox 642 4494 710 4547; x_wconf 86' lang='lat' dir='ltr'><strong>iis</strong></span> <span class='ocrx_word' id='word_1_622' title='bbox 749 4504 869 4560; x_wconf 84' lang='lat' dir='ltr'><strong>quae</strong></span> <span class='ocrx_word' id='word_1_623' title='bbox 902 4502 1064 4556; x_wconf 86' lang='lat' dir='ltr'><strong>supra</strong></span> <span class='ocrx_word' id='word_1_624' title='bbox 1109 4484 1359 4554; x_wconf 82' lang='lat' dir='ltr'><strong>exposita</strong></span> <span class='ocrx_word' id='word_1_625' title='bbox 1387 4492 1533 4545; x_wconf 88' lang='lat' dir='ltr'><strong>sunt,</strong></span> <span class='ocrx_word' id='word_1_626' title='bbox 1565 4478 1917 4534; x_wconf 89' lang='lat' dir='ltr'><strong>manifestum</strong></span> <span class='ocrx_word' id='word_1_627' title='bbox 1953 4486 2037 4534; x_wconf 86' lang='lat' dir='ltr'><strong>est</strong></span> <span class='ocrx_word' id='word_1_628' title='bbox 2064 4478 2116 4539; x_wconf 93' lang='lat' dir='ltr'>D</span> <span class='ocrx_word' id='word_1_629' title='bbox 2147 4497 2203 4545; x_wconf 85' lang='grc' dir='ltr'><strong>υι</strong></span> <span class='ocrx_word' id='word_1_630' title='bbox 2255 4494 2328 4544; x_wconf 73' lang='lat' dir='ltr'><strong>ita</strong></span> <span class='ocrx_word' id='word_1_631' title='bbox 2395 4491 2538 4560; x_wconf 76' lang='lat' dir='ltr'><strong>apud</strong></span> <span class='ocrx_word' id='word_1_632' title='bbox 2622 4506 2680 4545; x_wconf 81' lang='lat' dir='ltr'><strong>se</strong></span> <span class='ocrx_word' id='word_1_633' title='bbox 2749 4491 3034 4558; x_wconf 80' lang='lat' dir='ltr'><strong>haberent,</strong></span> <span class='ocrx_word' id='word_1_634' title='bbox 3110 4491 3436 4561; x_wconf 76' lang='lat' dir='ltr'><strong>caeterisque</strong></span> <span class='ocrx_word' id='word_1_635' title='bbox 3497 4491 3728 4546; x_wconf 84' lang='lat' dir='ltr'><strong>suadere</strong></span> 
     </span>
    </p>
   </div>
   <div class='ocr_carea' id='block_1_91' title="bbox 458 4570 2045 4654">
    <p class='ocr_par' dir='ltr' id='par_1_91' title="bbox 458 4570 2045 4654">
     <span class='ocr_line' id='line_1_91' title="bbox 458 4570 2045 4654; baseline -0.011 -12"><span class='ocrx_word' id='word_1_636' title='bbox 458 4584 748 4654; x_wconf 79' lang='lat' dir='ltr'><strong>Georgium</strong></span> <span class='ocrx_word' id='word_1_637' title='bbox 776 4577 1117 4636; x_wconf 78' lang='lat' dir='ltr'><strong>Scholarium</strong></span> <span class='ocrx_word' id='word_1_638' title='bbox 1141 4572 1444 4641; x_wconf 81' lang='lat' dir='ltr'><strong>Philelpho,</strong></span> <span class='ocrx_word' id='word_1_639' title='bbox 1466 4571 1791 4640; x_wconf 88' lang='lat' dir='ltr'><strong>Lipomano,</strong></span> <span class='ocrx_word' id='word_1_640' title='bbox 1816 4570 2045 4625; x_wconf 72' lang='lat' dir='ltr'><strong>Auihro~</strong></span> 
     </span>
    </p>
   </div>
   <div class='ocr_carea' id='block_1_92' title="bbox 462 4662 2049 4736">
    <p class='ocr_par' dir='ltr' id='par_1_92' title="bbox 462 4662 2049 4736">
     <span class='ocr_line' id='line_1_92' title="bbox 462 4662 2049 4736; baseline -0.008 -7"><span class='ocrx_word' id='word_1_641' title='bbox 462 4678 547 4736; x_wconf 82' lang='lat' dir='ltr'><strong>sio</strong></span> <span class='ocrx_word' id='word_1_642' title='bbox 586 4668 992 4729; x_wconf 85' lang='lat' dir='ltr'><strong>Camaldulensi</strong></span> <span class='ocrx_word' id='word_1_643' title='bbox 1035 4664 1245 4719; x_wconf 82' lang='lat' dir='ltr'><strong>Latinis</strong></span> <span class='ocrx_word' id='word_1_644' title='bbox 1294 4662 1611 4717; x_wconf 87' lang='lat' dir='ltr'><strong>hominibus</strong></span> <span class='ocrx_word' id='word_1_645' title='bbox 1657 4662 2049 4732; x_wconf 86' lang='lat' dir='ltr'><strong>conjunctissi-</strong></span> 
     </span>
    </p>
   </div>
   <div class='ocr_carea' id='block_1_93' title="bbox 462 4751 2043 4831">
    <p class='ocr_par' dir='ltr' id='par_1_93' title="bbox 462 4751 2043 4831">
     <span class='ocr_line' id='line_1_93' title="bbox 462 4751 2043 4831; baseline -0.009 -10"><span class='ocrx_word' id='word_1_646' title='bbox 462 4782 633 4831; x_wconf 72' lang='lat' dir='ltr'><strong>nium,</strong></span> <span class='ocrx_word' id='word_1_647' title='bbox 666 4761 872 4818; x_wconf 66' lang='lat' dir='ltr'><strong>Graecis</strong></span> <span class='ocrx_word' id='word_1_648' title='bbox 901 4774 1029 4814; x_wconf 90' lang='lat' dir='ltr'><strong>vero</strong></span> <span class='ocrx_word' id='word_1_649' title='bbox 1064 4756 1222 4811; x_wconf 83' lang='lat' dir='ltr'><strong>Lucae</strong></span> <span class='ocrx_word' id='word_1_650' title='bbox 1245 4751 1484 4820; x_wconf 83' lang='lat' dir='ltr'><strong>Notarae,</strong></span> <span class='ocrx_word' id='word_1_651' title='bbox 1512 4751 1803 4809; x_wconf 89' lang='lat' dir='ltr'><strong>Theodoro</strong></span> <span class='ocrx_word' id='word_1_652' title='bbox 1840 4755 2043 4823; x_wconf 86' lang='lat' dir='ltr'><strong>Despo-</strong></span> 
     </span>
    </p>
   </div>
   <div class='ocr_carea' id='block_1_94' title="bbox 464 4838 2040 4921">
    <p class='ocr_par' dir='ltr' id='par_1_94' title="bbox 464 4838 2040 4921">
     <span class='ocr_line' id='line_1_94' title="bbox 464 4838 2040 4921; baseline -0.006 -11"><span class='ocrx_word' id='word_1_653' title='bbox 464 4871 552 4921; x_wconf 57' lang='grc' dir='ltr'><strong>ιε,</strong></span> <span class='ocrx_word' id='word_1_654' title='bbox 607 4864 662 4911; x_wconf 86' lang='lat' dir='ltr'><strong>et</strong></span> <span class='ocrx_word' id='word_1_655' title='bbox 709 4855 852 4916; x_wconf 89' lang='lat' dir='ltr'><strong>aliis,</strong></span> <span class='ocrx_word' id='word_1_656' title='bbox 896 4838 1165 4905; x_wconf 13' lang='lat' dir='ltr'><strong>eumdem,</strong></span> <span class='ocrx_word' id='word_1_657' title='bbox 1202 4846 1404 4918; x_wconf 88' lang='lat' dir='ltr'><strong>judicis</strong></span> <span class='ocrx_word' id='word_1_658' title='bbox 1450 4846 1697 4919; x_wconf 91' lang='lat' dir='ltr'><strong>primarii</strong></span> <span class='ocrx_word' id='word_1_659' title='bbox 1739 4862 1941 4902; x_wconf 89' lang='lat' dir='ltr'><strong>munus</strong></span> <span class='ocrx_word' id='word_1_660' title='bbox 1989 4848 2040 4901; x_wconf 90' lang='lat' dir='ltr'><strong>in</strong></span> 
     </span>
    </p>
   </div>
   <div class='ocr_carea' id='block_1_95' title="bbox 466 4935 2039 5012">
    <p class='ocr_par' dir='ltr' id='par_1_95' title="bbox 466 4935 2039 5012">
     <span class='ocr_line' id='line_1_95' title="bbox 466 4935 2039 5012; baseline -0.006 -10"><span class='ocrx_word' id='word_1_661' title='bbox 466 4948 589 5012; x_wconf 76' lang='lat' dir='ltr'><strong>aula</strong></span> <span class='ocrx_word' id='word_1_662' title='bbox 620 4945 847 5009; x_wconf 80' lang='lat' dir='ltr'><strong>Joannis</strong></span> <span class='ocrx_word' id='word_1_663' title='bbox 873 4941 1159 5008; x_wconf 75' lang='lat' dir='ltr'><strong>Palaeologi</strong></span> <span class='ocrx_word' id='word_1_664' title='bbox 1207 4939 1559 5005; x_wconf 89' lang='lat' dir='ltr'><strong>sustinuisse,</strong></span> <span class='ocrx_word' id='word_1_665' title='bbox 1603 4935 1939 4992; x_wconf 88' lang='lat' dir='ltr'><strong>Fiorentiam</strong></span> <span class='ocrx_word' id='word_1_666' title='bbox 1986 4939 2039 4992; x_wconf 93' lang='lat' dir='ltr'><strong>iu</strong></span> 
     </span>
    </p>
   </div>
   <div class='ocr_carea' id='block_1_96' title="bbox 459 5027 2049 5107">
    <p class='ocr_par' dir='ltr' id='par_1_96' title="bbox 459 5027 2049 5107">
     <span class='ocr_line' id='line_1_96' title="bbox 459 5027 2049 5107; baseline -0.01 -12"><span class='ocrx_word' id='word_1_667' title='bbox 459 5037 703 5107; x_wconf 80' lang='lat' dir='ltr'><strong>ejusdem</strong></span> <span class='ocrx_word' id='word_1_668' title='bbox 731 5033 1074 5105; x_wconf 88' lang='lat' dir='ltr'><strong>imperatoris</strong></span> <span class='ocrx_word' id='word_1_669' title='bbox 1100 5030 1367 5086; x_wconf 86' lang='lat' dir='ltr'><strong>comitatu</strong></span> <span class='ocrx_word' id='word_1_670' title='bbox 1394 5028 1610 5084; x_wconf 84' lang='lat' dir='ltr'><strong>venisse</strong></span> <span class='ocrx_word' id='word_1_671' title='bbox 1638 5027 1822 5082; x_wconf 84' lang='lat' dir='ltr'><strong>animo</strong></span> <span class='ocrx_word' id='word_1_672' title='bbox 1866 5045 2049 5098; x_wconf 79' lang='lat' dir='ltr'><strong>proin-</strong></span> 
     </span>
    </p>
   </div>
   <div class='ocr_carea' id='block_1_97' title="bbox 463 5118 2045 5207">
    <p class='ocr_par' dir='ltr' id='par_1_97' title="bbox 463 5118 2045 5207">
     <span class='ocr_line' id='line_1_97' title="bbox 463 5118 2045 5207; baseline -0.008 -22"><span class='ocrx_word' id='word_1_673' title='bbox 463 5140 556 5207; x_wconf 82' lang='lat' dir='ltr'><strong>pto</strong></span> <span class='ocrx_word' id='word_1_674' title='bbox 586 5139 640 5184; x_wconf 89' lang='lat' dir='ltr'><strong>et</strong></span> <span class='ocrx_word' id='word_1_675' title='bbox 685 5126 853 5192; x_wconf 82' lang='lat' dir='ltr'><strong>alacri</strong></span> <span class='ocrx_word' id='word_1_676' title='bbox 899 5124 964 5179; x_wconf 89' lang='lat' dir='ltr'><strong>ad</strong></span> <span class='ocrx_word' id='word_1_677' title='bbox 1014 5121 1417 5200; x_wconf 84' lang='lat' dir='ltr'><strong>procurandam</strong></span> <span class='ocrx_word' id='word_1_678' title='bbox 1452 5120 1738 5189; x_wconf 88' lang='lat' dir='ltr'><strong>utriusque</strong></span> <span class='ocrx_word' id='word_1_679' title='bbox 1784 5118 2045 5173; x_wconf 80' lang='lat' dir='ltr'><strong>Ecclesiae</strong></span> 
     </span>
    </p>
   </div>
   <div class='ocr_carea' id='block_1_98' title="bbox 461 5213 2047 5286">
    <p class='ocr_par' dir='ltr' id='par_1_98' title="bbox 461 5213 2047 5286">
     <span class='ocr_line' id='line_1_98' title="bbox 461 5213 2047 5286; baseline -0.008 -8"><span class='ocrx_word' id='word_1_680' title='bbox 461 5222 840 5286; x_wconf 85' lang='lat' dir='ltr'><strong>concordiam,</strong></span> <span class='ocrx_word' id='word_1_681' title='bbox 884 5218 960 5275; x_wconf 89' lang='lat' dir='ltr'><strong>ita</strong></span> <span class='ocrx_word' id='word_1_682' title='bbox 1000 5225 1184 5278; x_wconf 85' lang='lat' dir='ltr'><strong>tamen</strong></span> <span class='ocrx_word' id='word_1_683' title='bbox 1229 5222 1289 5269; x_wconf 91' lang='lat' dir='ltr'><strong>ut</strong></span> <span class='ocrx_word' id='word_1_684' title='bbox 1320 5213 1388 5268; x_wconf 90' lang='lat' dir='ltr'><strong>ab</strong></span> <span class='ocrx_word' id='word_1_685' title='bbox 1436 5213 1818 5282; x_wconf 87' lang='lat' dir='ltr'><strong>episcoporum</strong></span> <span class='ocrx_word' id='word_1_686' title='bbox 1852 5220 1908 5266; x_wconf 90' lang='lat' dir='ltr'><strong>et</strong></span> <span class='ocrx_word' id='word_1_687' title='bbox 1950 5226 2047 5280; x_wconf 82' lang='lat' dir='ltr'><strong>pa~</strong></span> 
     </span>
    </p>
   </div>
   <div class='ocr_carea' id='block_1_99' title="bbox 459 5304 2038 5381">
    <p class='ocr_par' dir='ltr' id='par_1_99' title="bbox 459 5304 2038 5381">
     <span class='ocr_line' id='line_1_99' title="bbox 459 5304 2038 5381; baseline -0.009 -11"><span class='ocrx_word' id='word_1_688' title='bbox 459 5316 716 5377; x_wconf 68' lang='lat' dir='ltr'><strong>triarcha:</strong></span> <span class='ocrx_word' id='word_1_689' title='bbox 742 5320 878 5367; x_wconf 90' lang='lat' dir='ltr'><strong>nutu</strong></span> <span class='ocrx_word' id='word_1_690' title='bbox 910 5307 1192 5381; x_wconf 83' lang='lat' dir='ltr'><strong>penderet,</strong></span> <span class='ocrx_word' id='word_1_691' title='bbox 1229 5321 1352 5369; x_wconf 89' lang='lat' dir='ltr'><strong>cum</strong></span> <span class='ocrx_word' id='word_1_692' title='bbox 1397 5304 1574 5363; x_wconf 83' lang='lat' dir='ltr'><strong>laicus</strong></span> <span class='ocrx_word' id='word_1_693' title='bbox 1607 5304 1750 5357; x_wconf 88' lang='lat' dir='ltr'><strong>inter</strong></span> <span class='ocrx_word' id='word_1_694' title='bbox 1783 5317 1880 5356; x_wconf 87' lang='lat' dir='ltr'><strong>eos</strong></span> <span class='ocrx_word' id='word_1_695' title='bbox 1910 5317 2038 5358; x_wconf 85' lang='lat' dir='ltr'><strong>sen-</strong></span> 
     </span>
    </p>
   </div>
   <div class='ocr_carea' id='block_1_100' title="bbox 458 5393 2038 5469">
    <p class='ocr_par' dir='ltr' id='par_1_100' title="bbox 458 5393 2038 5469">
     <span class='ocr_line' id='line_1_100' title="bbox 458 5393 2038 5469; baseline -0.008 -8"><span class='ocrx_word' id='word_1_696' title='bbox 458 5405 684 5464; x_wconf 76' lang='lat' dir='ltr'><strong>tentiam</strong></span> <span class='ocrx_word' id='word_1_697' title='bbox 711 5403 893 5469; x_wconf 83' lang='lat' dir='ltr'><strong>dicere</strong></span> <span class='ocrx_word' id='word_1_698' title='bbox 924 5414 1031 5463; x_wconf 87' lang='lat' dir='ltr'><strong>non</strong></span> <span class='ocrx_word' id='word_1_699' title='bbox 1060 5406 1269 5469; x_wconf 88' lang='lat' dir='ltr'><strong>posset.</strong></span> <span class='ocrx_word' id='word_1_700' title='bbox 1302 5396 1382 5459; x_wconf 71' lang='lat' dir='ltr'><strong>eo</strong></span> <span class='ocrx_word' id='word_1_701' title='bbox 1402 5393 1659 5456; x_wconf 87' lang='lat' dir='ltr'><strong>fortassis</strong></span> <span class='ocrx_word' id='word_1_702' title='bbox 1683 5394 1866 5448; x_wconf 89' lang='lat' dir='ltr'><strong>animo</strong></span> <span class='ocrx_word' id='word_1_703' title='bbox 1897 5394 2038 5464; x_wconf 80' lang='lat' dir='ltr'><strong>apud</strong></span> 
     </span>
    </p>
   </div>
   <div class='ocr_carea' id='block_1_101' title="bbox 457 5486 2037 5565">
    <p class='ocr_par' dir='ltr' id='par_1_101' title="bbox 457 5486 2037 5565">
     <span class='ocr_line' id='line_1_101' title="bbox 457 5486 2037 5565; baseline -0.007 -16"><span class='ocrx_word' id='word_1_704' title='bbox 457 5497 847 5565; x_wconf 84' lang='lat' dir='ltr'><strong>imperatorem</strong></span> <span class='ocrx_word' id='word_1_705' title='bbox 881 5491 1141 5560; x_wconf 86' lang='lat' dir='ltr'><strong>exposuit</strong></span> <span class='ocrx_word' id='word_1_706' title='bbox 1180 5486 1313 5559; x_wconf 88' lang='lat' dir='ltr'><strong>quid</strong></span> <span class='ocrx_word' id='word_1_707' title='bbox 1344 5486 1448 5542; x_wconf 84' lang='lat' dir='ltr'><strong>sibi</strong></span> <span class='ocrx_word' id='word_1_708' title='bbox 1481 5488 1626 5541; x_wconf 87' lang='lat' dir='ltr'><strong>factu</strong></span> <span class='ocrx_word' id='word_1_709' title='bbox 1660 5486 1923 5554; x_wconf 89' lang='lat' dir='ltr'><strong>optimum</strong></span> <span class='ocrx_word' id='word_1_710' title='bbox 1957 5486 2037 5539; x_wconf 82' lang='lat' dir='ltr'><strong>vi-</strong></span> 
     </span>
    </p>
   </div>
   <div class='ocr_carea' id='block_1_102' title="bbox 452 5576 2035 5652">
    <p class='ocr_par' dir='ltr' id='par_1_102' title="bbox 452 5576 2035 5652">
     <span class='ocr_line' id='line_1_102' title="bbox 452 5576 2035 5652; baseline -0.008 -9"><span class='ocrx_word' id='word_1_711' title='bbox 452 5588 700 5652; x_wconf 75' lang='lat' dir='ltr'><strong>deretur,</strong></span> <span class='ocrx_word' id='word_1_712' title='bbox 729 5597 784 5640; x_wconf 90' lang='lat' dir='ltr'><strong>et</strong></span> <span class='ocrx_word' id='word_1_713' title='bbox 806 5582 1096 5640; x_wconf 86' lang='lat' dir='ltr'><strong>consilium</strong></span> <span class='ocrx_word' id='word_1_714' title='bbox 1124 5581 1191 5636; x_wconf 89' lang='lat' dir='ltr'><strong>de</strong></span> <span class='ocrx_word' id='word_1_715' title='bbox 1220 5576 1603 5647; x_wconf 77' lang='lat' dir='ltr'><strong>amplectenda</strong></span> <span class='ocrx_word' id='word_1_716' title='bbox 1635 5576 1837 5639; x_wconf 86' lang='lat' dir='ltr'><strong>unione</strong></span> <span class='ocrx_word' id='word_1_717' title='bbox 1863 5576 2035 5642; x_wconf 85' lang='lat' dir='ltr'><strong>dedit,</strong></span> 
     </span>
    </p>
   </div>
   <div class='ocr_carea' id='block_1_103' title="bbox 528 5694 1289 5775">
    <p class='ocr_par' dir='ltr' id='par_1_103' title="bbox 528 5694 1289 5775">
     <span class='ocr_line' id='line_1_103' title="bbox 528 5694 1289 5775; baseline -0.009 -20"><span class='ocrx_word' id='word_1_718' title='bbox 528 5699 606 5775; x_wconf 74' lang='grc'><strong>(1)</strong></span> <span class='ocrx_word' id='word_1_719' title='bbox 630 5699 709 5775; x_wconf 61' lang='lat' dir='ltr'><strong>pc</strong></span> <span class='ocrx_word' id='word_1_720' title='bbox 749 5713 1026 5775; x_wconf 71' lang='lat' dir='ltr'><strong>consensu,</strong></span> <span class='ocrx_word' id='word_1_721' title='bbox 1053 5694 1289 5775; x_wconf 56' lang='lat' dir='ltr'><strong>p_:_1522.</strong></span> 
     </span>
    </p>
   </div>
   <div class='ocr_carea' id='block_1_104' title="bbox 523 5762 1496 5849">
    <p class='ocr_par' dir='ltr' id='par_1_104' title="bbox 523 5762 1496 5849">
     <span class='ocr_line' id='line_1_104' title="bbox 523 5762 1496 5849; baseline -0.023 -14"><span class='ocrx_word' id='word_1_722' title='bbox 523 5762 776 5849; x_wconf 62' lang='grc'><strong>(2111181.</strong></span> <span class='ocrx_word' id='word_1_723' title='bbox 821 5762 1217 5834; x_wconf 47' lang='lat' dir='ltr'><strong>c-ncilu&#39;Flur.</strong></span> <span class='ocrx_word' id='word_1_724' title='bbox 1257 5780 1313 5842; x_wconf 85' lang='lat' dir='ltr'><strong>p.</strong></span> <span class='ocrx_word' id='word_1_725' title='bbox 1368 5762 1496 5827; x_wconf 67' lang='grc'><strong>245,</strong></span> 
     </span>
    </p>
   </div>
   <div class='ocr_carea' id='block_1_105' title="bbox 2149 4579 3724 4650">
    <p class='ocr_par' dir='ltr' id='par_1_105' title="bbox 2149 4579 3724 4650">
     <span class='ocr_line' id='line_1_105' title="bbox 2149 4579 3724 4650; baseline -0.003 -16"><span class='ocrx_word' id='word_1_726' title='bbox 2149 4591 2505 4646; x_wconf 83' lang='lat' dir='ltr'><strong>conarentur,</strong></span> <span class='ocrx_word' id='word_1_727' title='bbox 2546 4579 2650 4634; x_wconf 87' lang='lat' dir='ltr'><strong>alia</strong></span> <span class='ocrx_word' id='word_1_728' title='bbox 2683 4594 2849 4635; x_wconf 83' lang='lat' dir='ltr'><strong>causa</strong></span> <span class='ocrx_word' id='word_1_729' title='bbox 2884 4580 3009 4642; x_wconf 90' lang='lat' dir='ltr'><strong>fuit,</strong></span> <span class='ocrx_word' id='word_1_730' title='bbox 3042 4595 3205 4650; x_wconf 85' lang='lat' dir='ltr'><strong>quam</strong></span> <span class='ocrx_word' id='word_1_731' title='bbox 3251 4579 3396 4650; x_wconf 88' lang='lat' dir='ltr'><strong>quod</strong></span> <span class='ocrx_word' id='word_1_732' title='bbox 3430 4579 3724 4648; x_wconf 77' lang='lat' dir='ltr'><strong>Georgium</strong></span> 
     </span>
    </p>
   </div>
   <div class='ocr_carea' id='block_1_106' title="bbox 2150 4670 3728 4740">
    <p class='ocr_par' dir='ltr' id='par_1_106' title="bbox 2150 4670 3728 4740">
     <span class='ocr_line' id='line_1_106' title="bbox 2150 4670 3728 4740; baseline -0.003 -14"><span class='ocrx_word' id='word_1_733' title='bbox 2150 4671 2518 4736; x_wconf 89' lang='lat' dir='ltr'><strong>Scholarinm,</strong></span> <span class='ocrx_word' id='word_1_734' title='bbox 2552 4672 2644 4740; x_wconf 85' lang='lat' dir='ltr'><strong>qui</strong></span> <span class='ocrx_word' id='word_1_735' title='bbox 2682 4670 3004 4725; x_wconf 85' lang='lat' dir='ltr'><strong>Florentino</strong></span> <span class='ocrx_word' id='word_1_736' title='bbox 3033 4671 3267 4725; x_wconf 78' lang='lat' dir='ltr'><strong>concilio</strong></span> <span class='ocrx_word' id='word_1_737' title='bbox 3299 4686 3423 4725; x_wconf 85' lang='lat' dir='ltr'><strong>cum</strong></span> <span class='ocrx_word' id='word_1_738' title='bbox 3463 4686 3728 4740; x_wconf 81' lang='lat' dir='ltr'><strong>purpura-</strong></span> 
     </span>
    </p>
   </div>
   <div class='ocr_carea' id='block_1_107' title="bbox 2147 4760 3731 4829">
    <p class='ocr_par' dir='ltr' id='par_1_107' title="bbox 2147 4760 3731 4829">
     <span class='ocr_line' id='line_1_107' title="bbox 2147 4760 3731 4829; baseline -0.002 -13"><span class='ocrx_word' id='word_1_739' title='bbox 2147 4761 2217 4816; x_wconf 88' lang='lat' dir='ltr'><strong>tis</strong></span> <span class='ocrx_word' id='word_1_740' title='bbox 2240 4762 2378 4815; x_wconf 73' lang='lat' dir='ltr'><strong>aulze</strong></span> <span class='ocrx_word' id='word_1_741' title='bbox 2410 4760 3034 4829; x_wconf 61' lang='lat' dir='ltr'><strong>ConsrantinOpolitanaa</strong></span> <span class='ocrx_word' id='word_1_742' title='bbox 3064 4762 3342 4825; x_wconf 80' lang='lat' dir='ltr'><strong>interfuit,</strong></span> <span class='ocrx_word' id='word_1_743' title='bbox 3377 4776 3441 4815; x_wconf 88' lang='lat' dir='ltr'><strong>ex</strong></span> <span class='ocrx_word' id='word_1_744' title='bbox 3517 4775 3731 4815; x_wconf 81' lang='lat' dir='ltr'><strong>suaso-</strong></span> 
     </span>
    </p>
   </div>
   <div class='ocr_carea' id='block_1_108' title="bbox 2148 4852 3730 4925">
    <p class='ocr_par' dir='ltr' id='par_1_108' title="bbox 2148 4852 3730 4925">
     <span class='ocr_line' id='line_1_108' title="bbox 2148 4852 3730 4925; baseline -0.002 -19"><span class='ocrx_word' id='word_1_745' title='bbox 2148 4853 2226 4907; x_wconf 88' lang='lat' dir='ltr'><strong>ria</strong></span> <span class='ocrx_word' id='word_1_746' title='bbox 2261 4854 2505 4907; x_wconf 89' lang='lat' dir='ltr'><strong>oratione</strong></span> <span class='ocrx_word' id='word_1_747' title='bbox 2535 4869 2641 4922; x_wconf 85' lang='lat' dir='ltr'><strong>qua</strong></span> <span class='ocrx_word' id='word_1_748' title='bbox 2667 4852 2933 4909; x_wconf 83' lang='lat' dir='ltr'><strong>Joannem</strong></span> <span class='ocrx_word' id='word_1_749' title='bbox 2961 4853 3325 4925; x_wconf 66' lang='lat' dir='ltr'><strong>Palmologum</strong></span> <span class='ocrx_word' id='word_1_750' title='bbox 3362 4853 3615 4908; x_wconf 71' lang='lat' dir='ltr'><strong>hortatus</strong></span> <span class='ocrx_word' id='word_1_751' title='bbox 3646 4862 3730 4906; x_wconf 88' lang='lat' dir='ltr'><strong>est</strong></span> 
     </span>
    </p>
   </div>
   <div class='ocr_carea' id='block_1_109' title="bbox 2146 4942 3729 5013">
    <p class='ocr_par' dir='ltr' id='par_1_109' title="bbox 2146 4942 3729 5013">
     <span class='ocr_line' id='line_1_109' title="bbox 2146 4942 3729 5013; baseline -0.002 -16"><span class='ocrx_word' id='word_1_752' title='bbox 2146 4945 2214 4998; x_wconf 86' lang='lat' dir='ltr'><strong>ad</strong></span> <span class='ocrx_word' id='word_1_753' title='bbox 2269 4944 2550 5008; x_wconf 86' lang='lat' dir='ltr'><strong>unionem,</strong></span> <span class='ocrx_word' id='word_1_754' title='bbox 2582 4944 2879 4999; x_wconf 86' lang='lat' dir='ltr'><strong>Catholicis</strong></span> <span class='ocrx_word' id='word_1_755' title='bbox 2935 4943 3309 5013; x_wconf 67' lang='lat' dir='ltr'><strong>adiunxerint,</strong></span> <span class='ocrx_word' id='word_1_756' title='bbox 3343 4960 3503 5012; x_wconf 88' lang='lat' dir='ltr'><strong>quem</strong></span> <span class='ocrx_word' id='word_1_757' title='bbox 3571 4942 3729 4997; x_wconf 70' lang='lat' dir='ltr'><strong>de&#39;n-</strong></span> 
     </span>
    </p>
   </div>
   <div class='ocr_carea' id='block_1_110' title="bbox 2148 5034 3729 5105">
    <p class='ocr_par' dir='ltr' id='par_1_110' title="bbox 2148 5034 3729 5105">
     <span class='ocr_line' id='line_1_110' title="bbox 2148 5034 3729 5105; baseline -0.001 -15"><span class='ocrx_word' id='word_1_758' title='bbox 2148 5050 2274 5103; x_wconf 84' lang='lat' dir='ltr'><strong>ceps</strong></span> <span class='ocrx_word' id='word_1_759' title='bbox 2306 5034 2837 5105; x_wconf 86' lang='lat' dir='ltr'><strong>Constantinopolim</strong></span> <span class='ocrx_word' id='word_1_760' title='bbox 2890 5052 3170 5091; x_wconf 88' lang='lat' dir='ltr'><strong>reversum</strong></span> <span class='ocrx_word' id='word_1_761' title='bbox 3234 5051 3341 5091; x_wconf 91' lang='lat' dir='ltr'><strong>non</strong></span> <span class='ocrx_word' id='word_1_762' title='bbox 3396 5045 3729 5104; x_wconf 75' lang='lat' dir='ltr'><strong>agnoscunt.</strong></span> 
     </span>
    </p>
   </div>
   <div class='ocr_carea' id='block_1_111' title="bbox 2147 5124 3731 5194">
    <p class='ocr_par' dir='ltr' id='par_1_111' title="bbox 2147 5124 3731 5194">
     <span class='ocr_line' id='line_1_111' title="bbox 2147 5124 3731 5194; baseline 0.001 -18"><span class='ocrx_word' id='word_1_763' title='bbox 2147 5124 2302 5179; x_wconf 86' lang='lat' dir='ltr'><strong>Tuuc</strong></span> <span class='ocrx_word' id='word_1_764' title='bbox 2335 5126 2481 5179; x_wconf 91' lang='lat' dir='ltr'><strong>enim</strong></span> <span class='ocrx_word' id='word_1_765' title='bbox 2517 5126 2793 5179; x_wconf 90' lang='lat' dir='ltr'><strong>e0utraria</strong></span> <span class='ocrx_word' id='word_1_766' title='bbox 2826 5138 3053 5194; x_wconf 89' lang='lat' dir='ltr'><strong>prorsus</strong></span> <span class='ocrx_word' id='word_1_767' title='bbox 3077 5126 3319 5181; x_wconf 90' lang='lat' dir='ltr'><strong>sensisse</strong></span> <span class='ocrx_word' id='word_1_768' title='bbox 3348 5125 3523 5188; x_wconf 92' lang='lat' dir='ltr'><strong>illum,</strong></span> <span class='ocrx_word' id='word_1_769' title='bbox 3562 5126 3731 5179; x_wconf 83' lang='lat' dir='ltr'><strong>certis</strong></span> 
     </span>
    </p>
   </div>
   <div class='ocr_carea' id='block_1_112' title="bbox 2146 5216 3729 5285">
    <p class='ocr_par' dir='ltr' id='par_1_112' title="bbox 2146 5216 3729 5285">
     <span class='ocr_line' id='line_1_112' title="bbox 2146 5216 3729 5285; baseline -0.003 -16"><span class='ocrx_word' id='word_1_770' title='bbox 2146 5216 2486 5285; x_wconf 77' lang='lat' dir='ltr'><strong>argumentis</strong></span> <span class='ocrx_word' id='word_1_771' title='bbox 2519 5231 2583 5270; x_wconf 83' lang='lat' dir='ltr'><strong>ex</strong></span> <span class='ocrx_word' id='word_1_772' title='bbox 2610 5216 2839 5270; x_wconf 91' lang='lat' dir='ltr'><strong>historia</strong></span> <span class='ocrx_word' id='word_1_773' title='bbox 2875 5216 3097 5270; x_wconf 89' lang='lat' dir='ltr'><strong>illorum</strong></span> <span class='ocrx_word' id='word_1_774' title='bbox 3138 5224 3448 5285; x_wconf 91' lang='lat' dir='ltr'><strong>temporum</strong></span> <span class='ocrx_word' id='word_1_775' title='bbox 3485 5224 3729 5279; x_wconf 87' lang='lat' dir='ltr'><strong>constat,</strong></span> 
     </span>
    </p>
   </div>
   <div class='ocr_carea' id='block_1_113' title="bbox 2148 5305 3728 5378">
    <p class='ocr_par' dir='ltr' id='par_1_113' title="bbox 2148 5305 3728 5378">
     <span class='ocr_line' id='line_1_113' title="bbox 2148 5305 3728 5378; baseline -0.003 -15"><span class='ocrx_word' id='word_1_776' title='bbox 2148 5308 2385 5363; x_wconf 79' lang='lat' dir='ltr'><strong>maxime</strong></span> <span class='ocrx_word' id='word_1_777' title='bbox 2416 5323 2546 5362; x_wconf 90' lang='lat' dir='ltr'><strong>vero</strong></span> <span class='ocrx_word' id='word_1_778' title='bbox 2573 5309 2794 5378; x_wconf 87' lang='lat' dir='ltr'><strong>scriptis</strong></span> <span class='ocrx_word' id='word_1_779' title='bbox 2825 5310 2879 5362; x_wconf 92' lang='lat' dir='ltr'><strong>in</strong></span> <span class='ocrx_word' id='word_1_780' title='bbox 2908 5307 3135 5363; x_wconf 89' lang='lat' dir='ltr'><strong>Latinos</strong></span> <span class='ocrx_word' id='word_1_781' title='bbox 3166 5305 3572 5370; x_wconf 83' lang='lat' dir='ltr'><strong>acerbissimis,</strong></span> <span class='ocrx_word' id='word_1_782' title='bbox 3603 5320 3728 5374; x_wconf 65' lang='lat' dir='ltr'><strong>quae</strong></span> 
     </span>
    </p>
   </div>
   <div class='ocr_carea' id='block_1_114' title="bbox 2147 5398 3731 5471">
    <p class='ocr_par' dir='ltr' id='par_1_114' title="bbox 2147 5398 3731 5471">
     <span class='ocr_line' id='line_1_114' title="bbox 2147 5398 3731 5471; baseline -0.001 -16"><span class='ocrx_word' id='word_1_783' title='bbox 2147 5409 2256 5455; x_wconf 90' lang='lat' dir='ltr'><strong>tam</strong></span> <span class='ocrx_word' id='word_1_784' title='bbox 2279 5400 2581 5469; x_wconf 81' lang='lat' dir='ltr'><strong>singulares</strong></span> <span class='ocrx_word' id='word_1_785' title='bbox 2614 5398 2832 5471; x_wconf 72' lang='lat' dir='ltr'><strong>Georgii</strong></span> <span class='ocrx_word' id='word_1_786' title='bbox 2861 5399 3129 5456; x_wconf 83' lang='lat' dir='ltr'><strong>Seholarii</strong></span> <span class='ocrx_word' id='word_1_787' title='bbox 3153 5401 3399 5455; x_wconf 90' lang='lat' dir='ltr'><strong>auctoris</strong></span> <span class='ocrx_word' id='word_1_788' title='bbox 3432 5407 3589 5455; x_wconf 86' lang='lat' dir='ltr'><strong>notas</strong></span> <span class='ocrx_word' id='word_1_789' title='bbox 3620 5414 3731 5468; x_wconf 63' lang='lat' dir='ltr'><strong>pra:</strong></span> 
     </span>
    </p>
   </div>
   <div class='ocr_carea' id='block_1_115' title="bbox 2146 5493 3731 5562">
    <p class='ocr_par' dir='ltr' id='par_1_115' title="bbox 2146 5493 3731 5562">
     <span class='ocr_line' id='line_1_115' title="bbox 2146 5493 3731 5562; baseline -0.001 -14"><span class='ocrx_word' id='word_1_790' title='bbox 2146 5509 2204 5548; x_wconf 91' lang='lat' dir='ltr'><strong>se</strong></span> <span class='ocrx_word' id='word_1_791' title='bbox 2229 5493 2433 5556; x_wconf 88' lang='lat' dir='ltr'><strong>ferunt,</strong></span> <span class='ocrx_word' id='word_1_792' title='bbox 2470 5503 2528 5548; x_wconf 92' lang='lat' dir='ltr'><strong>ut</strong></span> <span class='ocrx_word' id='word_1_793' title='bbox 2552 5493 2845 5562; x_wconf 79' lang='lat' dir='ltr'><strong>benignam</strong></span> <span class='ocrx_word' id='word_1_794' title='bbox 2867 5493 3071 5548; x_wconf 88' lang='lat' dir='ltr'><strong>nullam</strong></span> <span class='ocrx_word' id='word_1_795' title='bbox 3099 5493 3604 5562; x_wconf 85' lang='lat' dir='ltr'><strong>interpretationem</strong></span> <span class='ocrx_word' id='word_1_796' title='bbox 3634 5500 3731 5546; x_wconf 88' lang='lat' dir='ltr'><strong>aut</strong></span> 
     </span>
    </p>
   </div>
   <div class='ocr_carea' id='block_1_116' title="bbox 2148 5580 3730 5653">
    <p class='ocr_par' dir='ltr' id='par_1_116' title="bbox 2148 5580 3730 5653">
     <span class='ocr_line' id='line_1_116' title="bbox 2148 5580 3730 5653; baseline 0.001 -18"><span class='ocrx_word' id='word_1_797' title='bbox 2148 5582 2298 5637; x_wconf 63' lang='lat' dir='ltr'><strong>falsa:</strong></span> <span class='ocrx_word' id='word_1_798' title='bbox 2333 5583 2709 5653; x_wconf 80' lang='lat' dir='ltr'><strong>inscriptionis</strong></span> <span class='ocrx_word' id='word_1_799' title='bbox 2766 5582 3188 5639; x_wconf 84' lang='lat' dir='ltr'><strong>accusationem</strong></span> <span class='ocrx_word' id='word_1_800' title='bbox 3248 5584 3565 5637; x_wconf 85' lang='lat' dir='ltr'><strong>admittant.</strong></span> <span class='ocrx_word' id='word_1_801' title='bbox 3615 5580 3730 5637; x_wconf 86' lang='lat' dir='ltr'><strong>lloc</strong></span> 
     </span>
    </p>
   </div>
   <div class='ocr_carea' id='block_1_117' title="bbox 2143 5695 3726 5830">
    <p class='ocr_par' dir='ltr' id='par_1_117' title="bbox 2143 5695 3726 5830">
     <span class='ocr_line' id='line_1_117' title="bbox 2143 5695 3726 5830; baseline -0.002 -76"><span class='ocrx_word' id='word_1_802' title='bbox 2143 5780 2162 5830; x_wconf 57' lang='grc' dir='ltr'>ι</span> <span class='ocrx_word' id='word_1_803' title='bbox 2222 5700 2298 5780; x_wconf 66' lang='grc' dir='ltr'><strong>ςὸ)</strong></span> <span class='ocrx_word' id='word_1_804' title='bbox 2335 5698 2466 5754; x_wconf 81' lang='lat' dir='ltr'><strong>Rob.</strong></span> <span class='ocrx_word' id='word_1_805' title='bbox 2493 5700 2873 5771; x_wconf 78' lang='lat' dir='ltr'><strong>Creygthonus</strong></span> <span class='ocrx_word' id='word_1_806' title='bbox 2906 5701 2959 5755; x_wconf 90' lang='lat' dir='ltr'><strong>in</strong></span> <span class='ocrx_word' id='word_1_807' title='bbox 2984 5698 3200 5756; x_wconf 78' lang='lat' dir='ltr'><strong>Praefat.</strong></span> <span class='ocrx_word' id='word_1_808' title='bbox 3233 5700 3299 5753; x_wconf 82' lang='lat' dir='ltr'><strong>ad</strong></span> <span class='ocrx_word' id='word_1_809' title='bbox 3326 5695 3726 5771; x_wconf 65' lang='lat' dir='ltr'><strong>Syropulil‘lis-</strong></span> 
     </span>
     <span class='ocr_line' id='line_1_118' title="bbox 2167 5785 2360 5829; baseline -0.01 -6"><span class='ocrx_word' id='word_1_810' title='bbox 2167 5785 2360 5829; x_wconf 74' lang='lat' dir='ltr'><strong>oriazu,</strong></span> 
     </span>
    </p>
   </div>
   <div class='ocr_carea' id='block_1_118' title="bbox 2167 5785 2360 5829">
    <p class='ocr_par' dir='ltr' id='par_1_118' title="bbox 2167 5785 2360 5829">
     <span class='ocr_line' id='line_1_119' title="bbox 2167 5785 2360 5829; baseline -0.01 -6"><span class='ocrx_word' id='word_1_811' title='bbox 2167 5785 2360 5829; x_wconf 70' lang='lat' dir='ltr'><strong>Ol‘lilill,</strong></span> 
     </span>
    </p>
   </div>
  </div>
