4102 6412
373 383 489 451 Ῡῦθ

1932 349 2138 416 νιΤΑ.

3534 333 3640 398 Ξῗθ

384 515 563 560 autem
594 497 714 554 solo
745 499 1067 567 argumento
1101 497 1208 543 tota
1261 480 1658 538 Allatianarum
1703 474 1952 542 disputa-
1984 475 2035 533 Α
2063 465 2284 522 tristitia
2313 463 2498 533 repleti
2527 477 2734 525 sumus,
2761 477 2878 514 cum
2907 461 2974 514 ad
3014 474 3170 514 aures
3222 465 3435 512 nostras
3461 472 3643 524 perre—

384 599 596 653 tionum
628 599 807 646 strues
835 585 1041 644 nititur,
1068 589 1177 634 tam
1200 577 1252 630 in
1278 588 1440 642 opere
1468 571 1540 624 De
1568 579 1813 638 perpetuo
1839 581 1961 619 con-

388 703 572 750 sensu,
611 696 776 752 qualn
813 681 866 733 in
893 675 1135 730 Diatriba
1166 671 1231 722 de
1277 665 1538 736 Georgiis,
1567 671 1621 716 et
1650 663 1703 714 in
1739 657 1962 711 Exerci-

390 749 679 838 tationibus
719 773 967 826 adversus
1015 765 1294 818 Robertum
1351 756 1760 828 Creyglttonum.
1808 749 1964 815 Quod

390 876 777 942 argumentum
804 865 948 932 cogit
979 872 1085 912 nos
1113 868 1173 910 ut
1203 855 1268 908 de
1295 853 1401 907 ﬁde
1430 846 1654 916 Georgii
1689 839 1965 898 Scholarii

393 967 507 1020 sive
549 954 817 1015 Gennadii
865 950 1227 1022 quaestionem
1269 943 1650 1002 instituamus,
1703 942 1966 1003 tanquam

397 1051 666 1107 institutae
691 1039 1054 1113 disputationi
1080 1035 1473 1093 necessariam.

465 1139 662 1195 Statim
700 1150 832 1188 vero
887 1127 1171 1184 fatendum
1224 1136 1308 1179 est
1347 1137 1456 1176 non
1500 1118 1662 1188 plane
1701 1121 1964 1170 constare

395 1251 515 1306 quae
549 1229 843 1286 Florentia:
899 1225 1045 1279 circa
1096 1219 1357 1274 unionem
1413 1212 1638 1282 Georgii
1693 1204 1967 1264 Scholarii

398 1303 670 1383 sententia
715 1319 880 1375 fuerit
910 1326 1278 1384 prait'erquam
1315 1325 1382 1364 ex
1427 1305 1615 1362 citatis
1638 1303 1812 1368 Actis,
1859 1307 1969 1354 act.

395 1419 489 1482 25,
519 1429 640 1481 quin
682 1427 788 1466 non
820 1389 1146 1479 quihusdam
1197 1400 1364 1471 regiis
1418 1397 1582 1452 codd.
1623 1397 1830 1453 solum,
1873 1390 1970 1446 sed

403 1511 558 1565 libris
582 1482 814 1560 vetustis
841 1498 1196 1556 consentiunt
1231 1503 1521 1561 antequam
1565 1488 1754 1543 Graeca
1785 1485 1974 1538 Romae

401 1601 703 1672 prodirent,
749 1605 915 1664 atque
938 1591 1076 1645 adeo
1113 1587 1370 1642 falsitatis
1405 1591 1500 1655 aut
1530 1576 1974 1647 interpolatiouis

403 1690 717 1760 suspicione
769 1663 987 1740 vacant.
1035 1679 1170 1733 Eum
1229 1676 1377 1730 enim
1432 1665 1865 1726 reconciliandis
1914 1663 1976 1716 in

405 1785 691 1854 ptistinam
739 1772 1089 1832 concordiam
1127 1766 1390 1824 Ecclesiis
1443 1763 1646 1816 lavisse
1681 1756 1823 1816 haud
1860 1769 1976 1806 tua-

405 1875 687 1936 diocriter,
723 1885 830 1924 non
877 1868 1141 1920 Actorum
1182 1860 1299 1916 sola
1355 1857 1490 1912 lides
1541 1850 1854 1907 conﬁrmat.
1902 1845 1978 1900 Ea

407 1973 521 2028 sive
551 1961 966 2031 Xanthopulum
1018 1956 1137 2010 sive
1177 1951 1348 2006 alium
1384 1954 1667 2003 auctorem
1708 1941 1968 2003 habeant,

409 2068 673 2133 pra'slant
728 2068 864 2110 sane
907 2047 1208 2105 salebrosis
1251 2039 1506 2112 Sympuli
1538 2033 1980 2097 narrationibus,

409 2130 524 2210 tum
558 2149 795 2206 naturali
839 2143 1075 2217 quadam
1121 2135 1485 2204 simplicitate
1531 2139 1585 2187 et
1632 2130 1814 2183 nitore
1857 2140 1988 2182 ora-

405 2245 594 2306 tionis,
631 2254 741 2295 tum
769 2241 932 2294 etiam
969 2250 1152 2290 rerum
1179 2239 1458 2300 gestarum
1499 2223 1730 2280 historia
1766 2235 1888 2289 qua!
1915 2217 1986 2273 ab

411 2337 560 2391 Actis
613 2333 822 2387 Latinis
876 2343 1001 2382 raro
1074 2323 1356 2387 dissentit,
1412 2334 1537 2374 cum
1606 2310 1985 2369 monumentis

411 2423 813 2485 ecclesiasticis
869 2429 1105 2488 utraque
1177 2416 1364 2484 lingua
1442 2406 1811 2487 exstantibus,
1869 2412 1981 2456 tam

411 2520 575 2574 editis
606 2530 768 2586 quam
820 2527 980 2574 mss.,
1024 2507 1171 2562 nullo
1213 2503 1432 2574 negotio
1467 2506 1646 2569 potest
1677 2493 1986 2550 conciliari.

416 2617 493 2671 Et
525 2611 738 2663 illorum
773 2613 956 2658 autem
989 2598 1327 2660 testimonio,
1367 2608 1431 2649 ex
1479 2589 1726 2660 Epistola
1755 2586 1825 2640 ad
1879 2584 1988 2638 Ma-

414 2715 579 2772 gnmn
612 2697 805 2752 ducent
839 2700 888 2745 et
922 2691 1092 2744 altera
1125 2687 1190 2743 ad
1224 2683 1574 2739 Ambrosium
1604 2676 1991 2734 Camaldulcn-

417 2807 558 2856 St‘m,
612 2802 718 2842 non
775 2785 1097 2839 dubitamus
1152 2791 1406 2834 asserere
1459 2772 1807 2829 Scholarium
1863 2783 1988 2822 cum

421 2883 635 2940 Gra‘cis
663 2879 788 2934 aliis
818 2874 1125 2948 praesertim
1163 2869 1484 2942 patriarcha
1519 2863 1759 2934 Josepho
1795 2859 1990 2915 uniuni

421 2978 620 3032 lavisse
648 2981 702 3030 et
731 2963 1118 3042 imperatorem
1175 2964 1380 3032 scripta
1428 2959 1678 3015 oratione
1709 2958 1994 3010 hortatum

422 3070 612 3133 fuisse,
664 3075 724 3121 ut
779 3066 870 3118 illa
933 3057 1237 3118 secundum
1287 3051 1632 3126 propositam
1667 3045 1997 3103 aPontilice

2065 560 2163 624 nit,
2198 567 2248 612 te
2274 573 2483 613 rursum
2526 556 2759 609 alterata
2806 554 2944 623 [acie
2998 551 3291 622 pugnantia
3343 559 3517 603 tenere
3568 550 3645 602 lo-

2066 651 2260 720 quique
2281 658 2331 702 et
2366 664 2484 701 eum
2533 647 2781 716 pessimis
2825 647 3108 702 wconomis
3145 661 3252 698 una
3285 643 3549 713 conﬂuere
3579 643 3647 695 ad

2064 739 2409 810 procuranda
2444 741 2616 794 media
2654 739 2872 793 unionis
2907 745 2956 791 et
2981 737 3372 805 dispositionis.
3403 719 3486 790 ita
3528 751 3648 788 vero

2070 834 2136 889 tit
2164 835 2436 899 Allatius;
2473 832 2672 887 melius
2718 831 2976 896 dixisset,
3013 831 3082 882 ad
3117 828 3293 883 media
3321 829 3564 898 quwdaut
3593 838 3647 881 et

2071 923 2607 998 temperamenta;id
2638 922 2810 984 enim,
2848 930 2907 974 ut
2928 936 2998 974 ex
3031 920 3183 975 Actis
3214 928 3448 981 constat,
3499 929 3650 971 sata-

2070 1017 2272 1087 gebant
2303 1017 2606 1085 imperator
2646 1027 2698 1068 et
2749 1012 3084 1084 patriarcha,
3130 1011 3446 1075 Bessarion,
3481 1010 3652 1064 Isido-

2076 1124 2172 1163 rus
2203 1120 2257 1163 et
2281 1108 2397 1174 alii,
2419 1121 2658 1177 quorum
2697 1107 2750 1160 in
2781 1119 3015 1160 numero
3047 1116 3184 1158 tunc
3227 1110 3348 1157 erat
3382 1100 3654 1170 Georgius

2076 1203 2416 1268 Scholarius,
2447 1210 2507 1257 ut
2526 1202 2676 1257 salva
2701 1201 2976 1266 doctrina,
3009 1200 3330 1269 integraque
3361 1195 3656 1264 disciplina

2075 1311 2216 1365 quas
2247 1311 2277 1350 a
2320 1295 2627 1364 majoribus
2674 1300 3031 1362 acceperant,
3064 1288 3363 1346 concordia
3395 1303 3521 1344 cum
3552 1285 3658 1341 La-

2081 1389 2211 1444 tinis
2233 1389 2584 1444 coalesceret.

2151 1502 2308 1569 Quod
2338 1515 2470 1556 vero
2497 1503 2766 1572 synodum
2797 1498 3174 1556 Florentinam
3199 1498 3447 1569 designet
3479 1495 3658 1566 Ephr-

2080 1593 2218 1660 sius,
2261 1595 2499 1664 probant
2561 1595 2957 1663 subsequentia
3000 1592 3255 1662 Epistolas
3290 1590 3457 1646 verba
3511 1591 3658 1643 Ἀλλ’

2081 1687 2226 1756 ἐρεῖς
2266 1688 2398 1750 ἴσως
2425 1687 2501 1748 ὡς
2541 1687 2642 1740 οὐκ
2687 1686 2782 1740 ἐπὶ
2837 1686 3102 1740 τάναντία
3148 1683 3376 1752 γέγονεν
3411 1683 3445 1752 ἡ
3491 1683 3662 1750 μετά*

2084 1777 2256 1841 οεσις,
2296 1777 2573 1850 μεσότητα
2616 1777 2674 1832 δέ
2721 1793 2847 1831 τινα
2881 1778 2975 1832 καὶ
3024 1776 3342 1846 οἰκονομίαν
3395 1789 3665 1847 περισκο-

2085 1869 2296 1937 ποῦμεν
2321 1883 2335 1899 ·
2364 1869 2618 1922 οὐδέποτε
2651 1867 2740 1922 διὰ
2790 1869 3108 1938 μεσὸτητος,
3145 1868 3423 1938 ἄνθρωπε,
3457 1867 3526 1919 τὰ.
3576 1867 3668 1921 ὲκ-

2085 1961 2452 2031 κλησιαστικὰ
2482 1961 2769 2033 adponet;
2791 1981 2804 1994 ·
2833 1963 2998 2032 μέσον
3024 1961 3284 2032 ἀληθείας
3318 1961 3414 2015 καὶ
3437 1959 3670 2030 ψεύδους

2085 2051 2239 2105 οὐδέν
2267 2053 2436 2127 ξστιν.
2466 2050 2680 2106 Forsan
2712 2069 2916 2109 asseres
2947 2069 3053 2107 non
3094 2053 3148 2106 in
3185 2052 3456 2106 contraria
3493 2060 3668 2104 muta-

2087 2141 2283 2196 tionem
2315 2143 2540 2212 [actam,
2583 2145 2812 2197 medium
2844 2161 2963 2198 vero
3019 2144 3288 2213 quoddam
3324 2135 3374 2196 et
3406 2149 3670 2210 tempera-

2089 2243 2323 2289 mentum
2365 2234 2770 2306 inrestigamus.
2805 2233 3114 2304 Nusquam,
3166 2235 3239 2287 mi
3289 2235 3465 2299 homo,
3523 2233 3672 2300 ejus-

2091 2327 2238 2381 modi
2265 2326 2453 2382 mediis
2503 2344 2586 2382 res
2638 2329 3015 2382 ecclesiasticae
3054 2328 3108 2382 in
3141 2327 3329 2381 melius
3363 2327 3674 2394 reformatae

2087 2428 2253 2475 sunt:
2285 2419 2514 2474 medium
2571 2421 2710 2474 inter
2759 2421 3034 2474 veritatem
3080 2430 3130 2474 et
3182 2419 3516 2473 mendacium
3548 2419 3673 2472 nul-

2089 2512 2199 2565 lum
2231 2521 2330 2567 est.
2363 2511 2512 2568 Citat
2544 2514 2708 2567 verba
2753 2513 3005 2583 Gregorii
3043 2512 3303 2583 Thcologi
3350 2517 3415 2568 de
3445 2529 3582 2584 syno
3605 2514 3671 2568 lis

2093 2607 2447 2670 Arianorum,
2481 2621 2620 2676 quas
2657 2606 2875 2674 Caiphae
2920 2606 3220 2660 concilium
3278 2607 3539 2666 vocabat,
3577 2607 3670 2660 ubi

2092 2697 2349 2752 Christus
2376 2698 2779 2753 condemnatus
2814 2710 2982 2763 esset,
3035 2715 3158 2752 mox
3194 2698 3341 2751 addit
3373 2717 3387 2752 :
3421 2695 3548 2768 Ἆρ’
3607 2699 3672 2752 οὐ

2094 2793 2365 2860 προσήκει
2393 2790 2570 2845 ταῦτα
2610 2792 2674 2862 τῇ
2708 2791 2802 2844 νῦν
2829 2793 3082 2862 ἡμετέρᾳ
3125 2791 3326 2860 συνόδῳ
3353 2808 3368 2823 ο
3407 2793 3499 2842 καὶ
3531 2791 3674 2844 πάνυ

2096 2883 2199 2953 μὲν
2229 2882 2344 2948 οὖν,
2404 2883 2572 2952 φαίην
2620 2886 2685 2937 ἂν
2751 2883 2951 2951 ἔγωγε.
3041 2883 3105 2938 Et
3145 2885 3283 2938 infra
3321 2902 3334 2938 :
3369 2884 3476 2937 Καὶ
3535 2885 3681 2938 ίστὶν

2097 2975 2344 3047 ἀράχνης
2401 2976 2715 3046 ὑφαίνουσι,
2759 2979 2847 3028 καὶ
2908 2976 3080 3040 ὅντως
3146 2976 3291 3039 me;
3352 2977 3600 3048 ἀράχνης
3657 2980 3686 3029 ὁ

2076 3073 2235 3142 ,παρ’
2275 3070 2456 3123 αὐτῶν
2493 3070 2770 3134 συντεθεὶς
2806 3071 2897 3124 καὶ
2941 3071 3269 3139 ὀνομασθείς
3305 3072 3450 3140 ὄρος.
3491 3068 3687 3125 Nonne

423 3163 670 3215 Bottiano
741 3153 1083 3214 deﬁnitionis
1162 3147 1457 3204 formulam
1542 3147 2070 3234 componeretur.c
2104 3163 2217 3217 ham
2241 3163 2558 3218 conveniunt
2603 3165 2729 3217 huic
2784 3180 2924 3217 nunc
2976 3174 3309 3234 congregata,
3357 3173 3551 3219 "ama,
3605 3181 3689 3233 ,υ-

423 3255 714 3311 Orationes
740 3260 922 3305 tamen
957 3246 1082 3301 illas
1125 3240 1432 3299 secundum
1469 3233 1826 3308 Caryophylli
1871 3247 1998 3286 sen-

423 3349 650 3404 tentiam
709 3352 809 3397 aut
865 3339 1068 3401 falsas,
1122 3342 1219 3389 aut
1280 3329 1576 3387 admodum
1633 3326 1998 3396 interpolatas

421 3456 570 3504 esse,
597 3452 703 3492 non
739 3432 1013 3490 immerito
1042 3427 1413 3497 SttSpicamur.
1452 3419 1589 3476 Nam
1627 3419 1680 3473 in
1714 3418 1998 3489 plerisque

426 3529 829 3602 exetuplarihus
859 3521 1065 3580 mentio
1102 3526 1277 3590 capta:
1311 3511 1862 3574 urbis’interseritur,
1897 3524 2002 3568 cu-_

424 3629 512 3700 jus
539 3627 725 3683 clades
747 3636 868 3678 cum
914 3614 1135 3673 nonnisi
1173 3623 1290 3683 post
1322 3623 1502 3665 annos
1537 3605 1828 3663 duodecim
1866 3617 2000 3658 con-

426 3693 612 3775 secuta
657 3717 753 3778 sit,
808 3714 989 3767 locum
1047 3705 1160 3762 illic
1218 3719 1327 3759 non
1398 3698 1658 3756 habebat.
1718 3695 1798 3750 lta
1833 3693 1998 3749 etiam

378 3830 382 3833 ·
427 3811 662 3869 suadent
694 3784 798 3861 alia
852 3818 959 3858 non
1011 3813 1210 3868 pauca,
1263 3809 1384 3866 quae
1433 3792 1489 3846 in
1534 3791 1622 3846 his
1657 3784 2003 3844 orationibus

428 3920 459 3959 a
487 3901 616 3957 viris
647 3897 826 3953 doctis
851 3895 1144 3950 observata
1183 3894 1334 3942 sunt.
1387 3884 1501 3939 Hac
1547 3881 1845 3937 occasione
1879 3892 2003 3946 pro-

429 3992 702 4068 pensioris
737 3992 790 4046 in
820 3986 1043 4043 Latinos
1084 3979 1250 4036 animi
1305 3978 1521 4032 videtur
1571 3973 1791 4027 Marcus
1820 3968 2002 4036 Ephe-

430 4091 571 4155 sius,
627 4083 934 4140 arctissima
986 4091 1110 4132 cum
1150 4069 1437 4128 Scholario
1487 4064 1732 4122 amicitia
1773 4065 2006 4130 conjun-

432 4153 580 4246 ctus,
624 4174 911 4244 scripsisse
957 4168 1022 4222 ad
1057 4165 1210 4219 illum
1290 4159 1601 4230 epistolam,
1640 4167 1803 4223 quam
1835 4153 2007 4206 edidit

436 4271 690 4332 Allatius,
736 4261 1201 4320 communicatam
1238 4269 1268 4309 a
1309 4253 1430 4308 viro
1479 4251 1549 4304 cl.
1617 4246 1868 4302 Emerico
1915 4243 2010 4296 Bi-

393 4414 404 4422 ,
437 4365 606 4437 gotio,
647 4361 738 4431 qui
774 4371 894 4412 eam
933 4369 1000 4408 ex
1042 4348 1420 4405 Ambrosiame
1449 4342 1711 4396 Biblioth.
1744 4337 2010 4394 Mediola-

440 4433 626 4512 ncnsis
656 4451 782 4506 cod.
831 4446 1323 4512 descripserat,-et
1373 4451 1536 4501 quam
1593 4433 2008 4502 integerrimam

441 4547 582 4602 nacti
649 4555 839 4599 sumus
902 4539 957 4590 in
1017 4533 1230 4602 optimo
1299 4529 1491 4583 codice
1563 4540 1667 4578 ms.

441 4643 574 4710 Reg.
603 4638 678 4707 (Ι)
714 4634 938 4701 ;-”Ὀσης
979 4628 1122 4698 ἡμᾶς
1152 4621 1461 4689 ἐνέπλησας
1495 4615 1694 4688 ἡδονῆς
1727 4613 1890 4686 ἡνίκα
1911 4613 2010 4679 τῆς

439 4732 608 4803 opus};
641 4729 875 4786 πίστεως
910 4722 1122 4788 ἐγένου,
1155 4717 1247 4769 καὶ
1301 4713 1398 4766 τοῦ
1457 4708 1721 4770 εὐσεϐοῦς
1784 4707 1882 4759 καὶ
1905 4721 2012 4758 πα-

445 4828 596 4896 τρίου
649 4821 1018 4892 φρονήματος,
1065 4815 1159 4864 καὶ
1212 4812 1277 4880 τῇ
1337 4801 1805 4874 καταδικασθείσῃ
1862 4800 2018 4868 παρὰ

444 4920 552 4972 τῶν
577 4916 775 4970 ἀδίκων
806 4907 1004 4982 κριτῶν
1038 4903 1422 4972 συνηγόρησας
1453 4894 1706 4964 ἁληῦεἱᾳ,
1749 4891 2021 4957 τοσαύτης

447 5014 508 5063 ὲκ
537 5008 630 5062 τοῦ
659 5005 902 5060 ἐναντίου
928 4998 1104 5068 λύττης
1131 4995 1227 5048 καὶ
1249 4989 1553 5060 κατηφείας
1579 4977 2016 5054 ἐνετλήσὋηελεν,

447 5079 780 5158 ἀκούσαντες
847 5085 1202 5162 μεταθεῖσθαί
1261 5099 1320 5135 σε
1379 5082 1542 5134 πάλιν
1602 5080 1697 5130 καὶ
1751 5072 2018 5128 τάναντία

450 5191 665 5262 φρονεῖν
682 5205 740 5239 τε
767 5186 862 5237 καὶ
881 5183 1086 5247 λέγειν,
1108 5174 1205 5228 καὶ
1227 5177 1338 5236 τοῖς
1364 5158 1556 5232 κακοῖς
1573 5165 1876 5235 οἰκονόμοις
1898 5178 2025 5213 συν-

451 5286 669 5355 τρέχει)
713 5277 805 5330 ἐπὶ
829 5277 926 5336 τὰς
960 5270 1267 5341 μεσότητας
1298 5265 1395 5317 καὶ
1435 5257 1754 5326 οἰκονομίας
1786 5273 1800 5287 ο
1837 5253 2023 5318 Quatt-

455 5349 877 5438 tuni-volttptatis
908 5372 957 5417 et
983 5359 1183 5414 lwtitia:
1220 5355 1370 5408 nobis
1404 5349 1655 5420 attulisti,
1677 5362 1796 5399 cum
1827 5351 2022 5397 rectam

457 5470 631 5538 fidem,
663 5473 708 5517 et
741 5462 880 5529 piant
910 5454 1247 5524 patriamque
1263 5446 1574 5500 sententiam
1605 5438 1936 5507 amplexatus
1973 5451 2027 5489 es

455 5529 503 5615 et
535 5557 892 5612 cuudemuatw
928 5551 990 5600 ab
1031 5543 1242 5612 injustis
1265 5535 1556 5608 judicibus,
1577 5529 1815 5584 veritatis
1847 5537 2029 5595 patro-

459 5651 653 5706 cinium
697 5640 1004 5709 suscepisti;
1039 5643 1246 5690 tantum
1305 5646 1332 5683 e
1391 5623 1667 5680 contrario
1710 5634 1933 5674 mturare
1983 5625 2030 5670 et

533 5830 612 5896 (ι)
646 5825 876 5878 Allatins
911 5821 965 5874 in
1004 5813 1287 5885 Crrygth.,
1317 5827 1370 5880 p.
1413 5806 1500 5862 88.

1751 4521 2006 4576 bibliotlt.
2043 4516 2089 4572 Ι)

2105 3261 2269 3320 nodo,
2302 3265 2352 3311 et
2387 3256 2605 3310 omnino
2636 3272 2764 3310 sane
2819 3273 2936 3310 mea
2972 3256 3183 3326 quidem
3221 3258 3557 3312 sententia...
3592 3256 3690 3310 Te-

2109 3349 2214 3404 lam
2248 3365 2574 3404 aranearum
2611 3358 2838 3414 texunt;
2874 3365 2992 3404 vere
3034 3350 3173 3403 enim
3201 3365 3416 3403 aranea:
3452 3350 3555 3402 tela
3586 3359 3690 3415 est,

2108 3445 2398 3513 com-posita
2427 3453 2477 3496 et
2526 3442 2592 3496 ab
2638 3443 2766 3512 ipsis
2817 3443 3094 3497 nominata
3130 3443 3394 3513 deﬁnitio.
3428 3441 3693 3497 Hortatur

2110 3534 2298 3606 fuge-rc
2352 3535 2653 3590 Sodomatn
2715 3543 2772 3590 et
2839 3535 3208 3590 Gomorrham
3259 3549 3275 3593 :
3328 3537 3693 3606 reprehendit

2110 3628 2258 3698 quod
2288 3628 2575 3698 dignitatis
2611 3638 2666 3682 et
2702 3627 3022 3682 divitiarum
3085 3643 3259 3694 amor,
3303 3637 3354 3682 et
3384 3630 3492 3682 alia
3536 3644 3696 3680 num-

2110 3721 2254 3775 dana
2289 3720 2578 3776 commoda
2634 3736 2762 3776 eum
2819 3721 3206 3788 perverterint,
3237 3719 3397 3789 jubet
3453 3719 3697 3790 cogitare

2112 3830 2276 3883 quam
2308 3813 2418 3868 cito
2457 3813 2618 3868 linem
2652 3821 2942 3884 acceptura
3000 3813 3112 3868 sint
3141 3824 3194 3870 et
3224 3814 3497 3883 judicium
3550 3815 3692 3869 sub-

2113 3907 2378 3961 eundum.
2421 3908 2634 3976 Ὥσπερ
2685 3904 3108 3976 ήψευδώνυμος
3175 3904 3392 3967 σύνοδος
3455 3904 3696 3972 ἀπαιτή-

2115 4017 2270 4052 σεται
2307 3999 2368 4052 τὸ
2400 3995 2540 4068 αἷμα
2577 3999 2688 4050 τῶν
2720 3998 3115 4066 ἀπολλυμένων
3149 3997 3362 4068 ψυχῶν,
3390 3997 3498 4048 τῶν
3536 4015 3697 4049 σκαν-

2114 4089 2611 4144 δαλισθέντωνεὲπὶ
2662 4089 2743 4159 τῷ
2796 4089 3087 4160 μυστηρίῳ
3141 4092 3240 4154 τῆς
3287 4089 3550 4154 πίστεως,
3587 4090 3699 4140 τῶν

2115 4183 2213 4253 τὴν
2251 4183 2526 4253 ἀφόρητον
2578 4181 2930 4252 βλασφημίαν
2985 4183 3080 4234 καὶ
3122 4182 3515 4250 ἀσυγχώρητον
3574 4185 3700 4242 ταῖς
3772 4178 3776 4182 ’

2115 4275 2319 4346 ψυχαῖς
2351 4274 2770 4343 ὑποδεξαμένων
2802 4274 2900 4344 τὴν
2941 4274 3086 4328 κατὰ
3117 4273 3210 4325 τοῦ
3239 4273 3408 4339 ,ἁγίου
3443 4273 3698 4340 Πνεῦμα-

2118 4385 2233 4433 τος,
2267 4369 2362 4420 καὶ
2393 4367 2475 4431 εἰς
2527 4366 2621 4420 δύο
2673 4365 2998 4436 τολμώντων
3041 4366 3215 4433 ἀρχὰς
3265 4364 3565 4431 ἀναφέρειν
3599 4363 3699 4434 τὴν

2119 4460 2282 4514 αὑτοῦ
2321 4459 2584 4530 ὓπαρξιν,
2631 4457 2741 4510 τῶν
2788 4456 3142 4526 ὑπαχθέντων
3171 4457 3281 4518 τοῖς
3312 4455 3573 4524 ἀθέσμοις
3607 4457 3702 4508 κοὶ

2121 4554 2432 4614 Λατινικοῖς
2481 4550 2659 4603 ἔθεσιν
2697 4566 2712 4603 :
2747 4547 2815 4603 Ut
2865 4551 3027 4603 etiam
3069 4548 3502 4618 psettdosynodus
3536 4549 3706 4602 ratio-

2125 4663 2240 4701 nem
2292 4644 2509 4698 reddere
2559 4653 2776 4714 cogetur
2816 4643 3095 4713 sanguinis
3127 4643 3456 4712 pereuntium
3491 4643 3707 4695 anima-

2128 4755 2266 4804 rum,
2299 4753 2478 4792 eorum
2515 4737 2607 4804 qui
2641 4736 2999 4788 scandalizati
3027 4738 3242 4803 {uerunt
3270 4737 3324 4788 in
3363 4735 3610 4805 mysterio
3643 4735 3710 4803 [i-

2129 4830 2340 4898 dei,qui
2366 4827 2754 4881 intolerabilem
2787 4827 3171 4911 blasphemiam
3202 4837 3249 4881 et
3288 4826 3710 4880 irremissibilent

2130 4930 2317 4974 contra
2361 4919 2621 4990 Spiritum
2683 4931 2926 4974 sanctum
2968 4920 3197 4989 amplexi
3218 4928 3364 4983 sunt,
3393 4918 3580 4986 quique
3610 4931 3711 4967 au-

2129 5014 2248 5067 dent
2279 5016 2345 5066 ad
2367 5019 2472 5067 duo
2504 5016 2768 5083 principia
2793 5013 2908 5083 ejus
2943 5013 3340 5067 subsistentiam
3369 5010 3584 5078 referre,
3617 5008 3708 5076 qui

2127 5106 2418 5177 illegitimis
2439 5094 2753 5162 Latinorum
2774 5105 2968 5161 ritibus
2988 5106 3182 5160 abduci
3208 5120 3262 5158 se
3284 5102 3433 5170 passi
3457 5110 3598 5153 sunt.

2205 5243 2351 5296 llant:
2397 5241 2695 5312 Epistolam
2722 5241 3013 5297 Florentiae
3042 5241 3304 5308 scriptam
3329 5235 3574 5306 Oportuit
3597 5245 3712 5288 sta-

2135 5336 2233 5386 tim
2269 5345 2434 5402 atque
2467 5333 2793 5388 Scholarius
2817 5333 3124 5387 orationem
3157 5331 3308 5384 illam
3339 5326 3708 5385 exhibuisset,

2136 5427 2298 5496 cujus
2331 5428 2382 5480 in
2417 5429 2554 5480 actis
2584 5427 2791 5482 Grazcis
2827 5425 3032 5479 mentio
3068 5432 3175 5488 est,
3209 5423 3292 5477 vel
3318 5420 3512 5476 saltem
3547 5419 3712 5487 paulo

2140 5532 2430 5588 posmuam
2480 5519 2999 5588 Constantinopolin
3051 5515 3226 5571 Grasci
3264 5512 3563 5569 redierunt.
3606 5507 3715 5562 Ne-

2141 5628 2244 5682 que
2284 5612 2515 5666 iuterest
2566 5611 2710 5680 quod
2751 5620 2980 5679 uterque
3011 5607 3281 5681 Ephesius
3310 5615 3364 5662 ct
3397 5600 3720 5660 Scholarius
