4102 6428
427 359 548 426 τι

1499 351 1885 411 GENNADll
1925 351 2031 409 ΕΡ.
2064 349 2293 408 PATRI
2308 353 2350 408 A
2365 351 2589 410 RCHE

3613 355 3721 420 ’ΞΤΞ

450 477 745 538 Florentiae
797 470 966 530 simul
997 475 1207 528 essent.
1257 467 1364 524 Sed
1405 465 1702 538 Ephesium
1733 461 2036 520 verisimile
2063 466 2351 530 A‘cicndae
2380 466 2654 523 sententia
2697 464 2877 520 [uisse
2935 464 3298 530 existimavit,
3353 481 3462 520 non
3522 467 3720 520 mirum

445 585 531 630 est
591 587 701 643 quo
753 570 878 639 plus
917 565 1148 622 haberet
1189 559 1450 634 ponderis
1478 558 1600 629 ejus
1650 558 1830 614 oratio
1856 595 1873 620 ο
1914 570 2036 610 eam

445 668 651 737 scripto
683 658 1184 730 comprehendisse.
1217 654 1366 710 Sane
1402 661 1515 709 tam
1561 650 1851 723 perspicue
1877 662 2041 720 syno-

454 761 588 816 dum
637 753 1017 811 Florentinam
1060 747 1340 818 designat,
1391 753 1452 801 ut
1495 745 1730 800 Allatius
1768 743 1909 812 ipse,
1939 740 2038 811 qui

458 851 634 906 nodos
663 842 937 918 ejusmodi
971 842 1178 912 smpius
1206 838 1524 895 rescindere
1555 851 1728 908 quam
1762 833 2041 905 explicare

449 944 614 1006 solet,
647 953 845 1010 aquam
880 935 986 992 sibi
1021 935 1226 990 haerere
1272 945 1383 987 non
1450 929 1766 992 diﬂiteatur,
1813 928 1908 984 sed
1951 941 2042 982 re-

451 1034 629 1090 currit
663 1031 729 1086 ad
761 1045 926 1086 suum
957 1027 1112 1081 illum
1147 1021 1496 1080 Scholarium
1543 1021 1660 1078 sive
1689 1018 2036 1077 Genuadium

449 1127 889 1188 Schismaticum,
922 1121 989 1177 ad
1011 1134 1176 1191 quem
1193 1118 1374 1173 datam
1410 1116 1734 1180 arbitratur,
1774 1113 1922 1168 nulla
1947 1127 2035 1165 ra-

451 1227 606 1280 tione
632 1218 829 1284 l’ultus,
854 1230 1018 1287 quam
1045 1211 1192 1284 quod
1217 1211 1266 1266 si
1299 1210 1366 1265 ad
1391 1207 1742 1264 Scholarium
1771 1206 1869 1276 qui
1909 1219 2034 1260 cum

421 1356 424 1358 ν
454 1318 790 1384 imperatore
816 1308 885 1364 ad
912 1305 1211 1364 concilium
1236 1302 1417 1368 venit,
1449 1299 1655 1370 scripta
1678 1299 1774 1362 sit,
1799 1295 2041 1352 concidit

455 1418 568 1464 tota
595 1407 832 1461 duorum
871 1398 1281 1457 Gennadiorum
1319 1393 1532 1449 tabula.
1563 1393 1630 1446 At
1662 1406 1787 1446 cum
1819 1387 2031 1460 liquido

453 1505 720 1570 appareat
743 1507 852 1549 nou
871 1491 1041 1547 alium
1074 1490 1180 1544 hoc
1209 1486 1331 1542 loco
1349 1482 1650 1556 designari,
1671 1495 1838 1552 quam
1864 1480 2038 1570 virum

2144 559 2191 614 si
2237 574 2397 628 quem
2435 558 2631 612 Latino
2662 558 2873 612 nomini
2899 556 3341 613 iniensissimum
3363 572 3492 612 esse
3528 572 3721 625 negare

2143 667 2251 707 non
2283 660 2518 718 poterat,
2555 651 2722 706 alium
2754 651 2924 706 tuisse
2967 649 3325 706 existimavit.
3356 649 3514 704 Alius
3534 665 3723 718 nempe

2145 746 2323 801 factus
2356 753 2442 800 est
2476 745 2606 800 dum
2640 744 2872 800 mutavit
2903 744 3262 806 sententiam,
3295 751 3375 797 tot
3398 741 3724 820 Graecorum

2143 837 2455 893 antistitum
2515 837 2793 906 exemplo,
2846 835 2941 904 qui
2998 833 3192 890 unioni
3261 836 3727 905 subscripserant,

2142 928 2290 996 quod
2317 925 2643 983 Scholarius
2680 941 2786 980 non
2823 925 3052 981 fecerat.
3081 925 3202 992 Quo
3233 940 3376 980 vero
3420 929 3568 978 circa
3599 922 3728 978 Flo-

2142 1019 2419 1074 rentinam
2453 1018 2732 1090 synodum
2763 1018 2953 1072 animo
2981 1015 3174 1083 fuerit,
3247 1032 3412 1072 nemo
3431 1015 3546 1084 jam
3597 1031 3726 1071 con-

2137 1111 2368 1183 jecturis
2389 1111 2611 1181 assequi
2651 1108 2958 1164 divinando
3017 1108 3204 1174 debet,
3235 1107 3331 1164 sed
3366 1107 3488 1176 ejus
3519 1108 3726 1162 oratio-

2145 1204 2310 1260 nibus
2339 1202 2592 1260 credere.
2618 1202 2901 1272 Praecipua
2936 1211 3024 1257 est
3068 1199 3432 1256 valedictoria
3460 1199 3526 1253 ad
3572 1197 3723 1254 Con—

2145 1295 2480 1357 stantinum,
2509 1295 2566 1350 in
2605 1309 2716 1364 qua
2750 1308 2860 1348 non
2895 1294 3060 1347 aliam
3091 1291 3334 1348 inimicis
3365 1293 3486 1348 suis
3521 1291 3730 1347 calum-

2143 1389 2333 1443 niandi
2365 1401 2592 1443 causam
2624 1386 2797 1443 fuisse
2829 1393 3094 1448 testatur.
3124 1400 3289 1456 quam
3312 1383 3458 1457 quod
3491 1385 3730 1451 innova-

2144 1477 2282 1533 tioni
2314 1493 2410 1546 per
2443 1477 2827 1534 deﬁnitionem
2856 1476 3178 1548 synodalem
3226 1476 3386 1534 facta
3402 1477 3535 1532 totis
3591 1476 3730 1531 viri-

455 1568 858 1651 doctissimum,
894 1581 1312 1654 philosophum,
1353 1579 1412 1632 in
1452 1574 1796 1646 amplissima
1859 1569 2042 1642 digni—
2141 1569 2248 1626 bus
2288 1569 2608 1625 obsisteret.
2645 1568 2794 1624 Idem
2847 1569 3083 1639 probant
3118 1569 3268 1624 varia
3290 1569 3557 1625 adversus
3577 1568 3733 1623 Lati-

431 1692 570 1754 ‘tate
608 1679 1000 1741 constitutum,
1034 1673 1129 1746 qui
1156 1671 1226 1727 ad
1257 1669 1617 1728 concordiam
1638 1666 1882 1736 reliquos
1907 1665 2043 1748 hor-

457 1784 606 1831 tatus
639 1773 826 1838 fuerit,
856 1769 1005 1841 quod
1036 1767 1107 1824 de
1132 1779 1236 1823 suo
1265 1761 1551 1821 Gennadio
1579 1757 1947 1818 schismatico
1972 1768 2040 1808 ne

2144 1677 2246 1717 nos
2281 1670 2338 1718 et
2368 1661 2821 1731 Latinophronas
2850 1659 3082 1731 scripta,
3112 1659 3528 1730 disputationes
3597 1675 3728 1715 cum

2145 1753 2402 1807 Cortona:
2436 1752 2724 1823 episcopo,
2761 1759 2819 1808 et
2849 1752 2958 1808 alia
2993 1767 3117 1823 qua:
3145 1751 3229 1807 vel
3268 1765 3436 1822 supra
3477 1751 3734 1823 designa-

455 1817 1353 1942 Ege-{is}Rhenanam},
1405 1817 1522 1910 haec
1554 1817 1610 1909 in
1640 1853 1851 1907 larvam
1891 1849 2038 1903 illam
2075 1817 2117 1872 Β
2145 1853 2202 1901 ta
2227 1854 2380 1910 sunt,
2400 1817 2486 1901 vel
2509 1846 2564 1900 in
2595 1817 2802 1900 Notitia
2828 1845 2954 1916 ejus
2979 1817 3208 1916 operum
3246 1817 3689 1914 designabantur
3712 1862 3730 1898 :

453 1951 653 2019 cadere
700 1974 810 2015 non
853 1961 1108 2029 possunt,
1151 1950 1501 2008 Genuadium
1539 1960 1738 2016 nempe
1780 1943 2042 2007 altormn,

454 2057 550 2128 qui
588 2054 863 2109 obscurus
909 2050 968 2104 in
1011 2045 1174 2110 cella,
1205 2045 1330 2101 solo
1374 2042 1432 2097 in
1472 2039 1700 2096 Latinos
1733 2036 1865 2092 odio
1894 2049 2048 2088 com-

461 2125 756 2204 mendatus
781 2183 797 2210 ,
827 2153 955 2198 ante
984 2146 1201 2210 captam
1234 2135 1433 2191 urbem
1466 2133 1611 2188 diem
1640 2143 1805 2186 suum
1835 2125 2048 2182 obiisse

454 2241 681 2298 dicitur.

526 2333 730 2389 Verum
753 2326 856 2385 etsi
877 2322 1208 2382 Scholarius
1231 2318 1613 2376 Florentinam
1630 2315 1900 2371 unionem
1919 2327 2052 2369 ora-

459 2428 612 2482 tione
667 2417 1166 2482 laudaverit,non
1226 2421 1413 2468 tamen
1473 2423 1597 2467 eam
1637 2406 2052 2476 subscriptione

461 2517 720 2579 ﬁrmavit,
756 2528 882 2570 cum
918 2509 1046 2565 laici
1083 2522 1196 2562 non
1241 2500 1706 2574 subscripserint.
1739 2500 1920 2568 Atque
1969 2498 2046 2552 ita

461 2611 598 2668 nihil
630 2603 1029 2680 propemodum
1055 2599 1235 2660 eaisse
1273 2595 1381 2654 sibi
1417 2593 1572 2650 visus
1601 2599 1709 2660 est,
1735 2589 1897 2662 quasi
1921 2603 2050 2646 ora-

460 2705 598 2760 toris
639 2701 826 2773 potius
856 2710 1016 2752 Inore
1045 2689 1379 2749 sententiam
1421 2685 1670 2742 edixisset
1721 2682 2049 2753 imperatori

471 2793 894 2867 perjucundam,
919 2787 1354 2852 Graecorumque
1376 2778 1593 2834 aﬂlictis
1610 2775 1777 2833 rebus
1805 2787 2052 2830 commo-

462 2889 780 2944 dissimam.
819 2883 1006 2952 Atque
1041 2878 1119 2933 ita
1173 2869 1729 2948 Constantinopolim
1764 2880 2052 2932 reversus,

465 2981 652 3036 Marco
680 2976 924 3047 Ephesio
960 2967 1356 3027 reconciliatus
1405 2971 1512 3028 est,
1545 2971 1602 3018 et
1636 2977 1667 3017 a
1696 2960 1916 3017 Latinis
1939 2955 2052 3012 He-

467 3071 782 3140 noticisque
812 3065 1185 3128 abalienatus,
1233 3059 1381 3115 unde
1419 3057 1478 3113 in
1503 3053 1732 3111 Joannis
1783 3049 2051 3107 Palaeolo-

2149 1948 2264 1993 tum
2293 1953 2416 2010 qua:
2445 1937 2548 1992 sub
2592 1936 2790 1993 lsidori
2820 1937 3119 1993 cardinalis
3183 1936 3506 2001 adventum,
3557 1948 3613 1992 ct
3673 1937 3735 1992 in
3793 1999 3798 2006 ,

2150 2033 2268 2102 ipsa
2292 2030 2581 2086 obsidione
2610 2030 2859 2099 scripsit,
2893 2028 3114 2084 tandem
3163 2026 3360 2083 Oratio
3391 2029 3570 2084 codici
3606 2027 3724 2082 bla-

2150 2139 2273 2196 guaa
2302 2121 2557 2178 Ecclesiae
2589 2124 2821 2187 inserta,
2855 2137 2979 2176 cum
3002 2110 3376 2192 patriarchale
3406 2137 3606 2177 munus
3639 2122 3737 2176 de-

2150 2216 2355 2288 posuit.
2391 2216 2612 2271 Priores
2642 2215 2790 2271 enim
2819 2213 3210 2269 demonstrant
3233 2229 3360 2269 eum
3407 2214 3502 2284 qui
3527 2212 3738 2283 judicis

2152 2309 2399 2379 primarii
2427 2307 2700 2378 dignitate
2731 2313 2991 2371 ornatus,
3043 2303 3382 2360 Florentiatn
3415 2305 3470 2359 in
3499 2304 3740 2376 impera-

2155 2401 2295 2458 toris
2320 2400 2588 2457 comitatu
2652 2398 2939 2467 profectus
2968 2407 3072 2462 est.
3135 2398 3314 2468 ipsum
3341 2412 3468 2453 esse
3498 2399 3588 2467 qui
3620 2405 3740 2452 tan-

2155 2504 2239 2550 tas
2273 2500 2468 2548 contra
2508 2491 2732 2548 Latinos
2765 2499 2823 2546 et
2848 2488 3224 2546 Florentinam
3248 2490 3510 2544 unionem
3540 2490 3734 2545 turbas

2153 2585 2463 2643 excitavit:
2507 2584 2848 2654 posteriores
2903 2582 3158 2638 eumdem
3211 2583 3582 2652 patriarcham
3627 2582 3738 2652 pri-

2155 2693 2305 2733 mum
2333 2679 2794 2748 designatum,“
2827 2691 2939 2746 quo
2957 2674 3473 2745 Constantinopolis
3506 2676 3559 2729 in
3589 2675 3737 2730 Ture

2153 2785 2344 2826 carum
2371 2777 2698 2840 potestatem
2728 2769 2906 2833 venit,
2924 2783 3117 2823 omnes
3139 2768 3285 2823 inter
3301 2782 3362 2823 se
3383 2767 3740 2822 consentiunt

2153 2871 2209 2918 et
2244 2863 2420 2916 lucem
2452 2861 2639 2916 alterae
2677 2860 2866 2914 alteris
2893 2858 3257 2924 niterentur,
3315 2867 3378 2912 ut
3445 2856 3740 2913 insititium

2158 2956 2312 3010 illum
2341 2954 2494 3009 nullo
2524 2967 2702 3024 neque
2743 2952 2870 3008 loco
2902 2965 3082 3022 neque
3131 2958 3383 3022 tempore
3420 2951 3736 3005 consistere

2156 3046 2459 3118 patiantur.

467 3165 519 3236 gi
557 3135 915 3219 oti'ensioneu‘i
953 3154 1216 3221 incurrit,
1246 3150 1395 3224 quod
1465 3147 1737 3204 habemus
1798 3160 1868 3201 ex
1927 3143 2124 3219 ejusc
2229 3139 2422 3236 Operae
2453 3138 2694 3210 pretium
2745 3144 2832 3193 est
2863 3135 3040 3207 ipsius
3101 3135 3373 3236 Gennadii
3427 3135 3495 3191 de
3558 3137 3743 3208 seipse

468 3234 827 3326 hpologetica
857 3247 926 3304 ad
953 3242 1389 3303 Constantinum
1413 3238 1824 3306 oratione,quae
1843 3234 2050 3326 Allati‘o

471 3324 756 3418 nunquam
790 3343 908 3398 visa
942 3347 1050 3396 est.
1080 3335 1246 3392 Nulla
1299 3343 1412 3390 toto
1449 3329 1744 3388 intervallo
1783 3324 2055 3418 temporis

471 3413 626 3509 quod
649 3435 796 3490 inter
831 3429 1167 3488 Florentina:
1206 3423 1408 3497 synodi
1468 3421 1656 3485 linem,
1707 3425 1765 3475 et
1816 3413 2053 3470 Joannis

471 3527 766 3597 Palaeologi
795 3525 1011 3582 obitum
1041 3517 1358 3579 intercessit
1384 3515 1620 3572 alterius
1662 3510 1907 3581 Georgii,
1937 3509 2056 3565 sive

471 3621 739 3680 Gennadii
765 3618 972 3675 mentio
1007 3626 1111 3682 est,
1142 3613 1239 3669 sed
1267 3619 1484 3666 tantum
1511 3606 1680 3676 hujus
1745 3603 1928 3660 nostri
1957 3603 2052 3672 qui

471 3710 930 3784 coniunctissime
958 3722 1085 3764 cum
1114 3719 1183 3763 eo
1216 3703 1370 3770 vixit,
1402 3701 1499 3774 qni
1525 3715 1660 3757 suos
1679 3699 1730 3755 ei
1789 3711 1890 3768 pro
1931 3695 2059 3750 Ari-

471 3807 670 3866 stotele
701 3811 898 3860 contra
938 3800 1252 3858 Gemistum
1278 3797 1454 3852 libros
1513 3791 1738 3858 dicavit,
1798 3789 1894 3858 qui
1943 3802 2058 3842 mo-

470 3896 638 3953 rienti
661 3892 866 3958 adfuit,
895 3899 950 3948 et
994 3891 1107 3946 Deo
1137 3897 1278 3944 teste
1308 3885 1499 3942 multis
1540 3881 1914 3955 praesentibus
1947 3879 2056 3935 Ec-

471 3988 656 4045 clesiae
699 4000 814 4043 suae
841 3982 1108 4039 adversus
1166 3978 1392 4035 Latinos
1448 3975 1828 4034 defensionem
1879 3972 1934 4027 in
2001 3987 2060 4028 se

473 4081 722 4150 recepit,
757 4076 963 4148 quique
1004 4081 1082 4129 tot
1123 4071 1296 4127 libros
1319 4068 1492 4126 edidit
1521 4067 1726 4139 quibus
1753 4067 1885 4122 unio
1929 4063 2060 4120 Flo-

475 4175 671 4231 rentiae
697 4172 844 4229 facta
880 4167 1309 4234 convelleretur,
1366 4161 1463 4236 qui
1494 4161 1720 4219 Gracos
1777 4158 2060 4216 antistites

472 4267 657 4322 adhuc
711 4264 890 4319 laicus
925 4276 958 4317 a
1013 4259 1333 4318 coronando
1369 4253 1740 4312 Constantino
1765 4253 2062 4316 deterruit,

470 4366 529 4415 et
568 4357 786 4412 tandem
819 4355 876 4410 in
910 4350 1310 4409 monasterium
1361 4362 1424 4404 se
1461 4347 1674 4417 recepit
1725 4345 1892 4416 paulo
1922 4349 2057 4398 ante

472 4446 947 4521 captammrhem.
974 4443 1111 4510 Quae
1143 4443 1332 4498 omnia
1371 4455 1441 4496 ex
1472 4438 1591 4494 sola
1616 4437 1686 4492 ad
1735 4433 2058 4493 Constanti-

2157 3230 2454 3288 scribentis
2479 3231 2647 3288 verba
2682 3229 2895 3286 referre
2947 3243 3017 3286 ex
3098 3227 3308 3285 inedita
3362 3229 3610 3298 Epistoia
3665 3230 3736 3285 ad

2161 3324 2313 3380 cives
2342 3339 2477 3380 suos
2506 3323 2920 3380 ecclesiasticos
2963 3331 3019 3378 et
3045 3323 3364 3387 saeculares,
3390 3322 3592 3392 scripta
3649 3337 3744 3378 sex

2159 3425 2288 3473 ante
2317 3424 2536 3487 captam
2605 3415 2806 3471 urbem
2869 3413 3180 3472 mensibus.
3236 3413 3533 3485 Postquam
3588 3415 3748 3470 initio

2157 3516 2388 3578 questus
2424 3517 2510 3563 est
2556 3507 2665 3577 peti
2699 3522 2758 3562 se
2804 3505 2976 3563 variis
3023 3506 3374 3562 inimicorum
3425 3507 3745 3571 calumniis,

2158 3598 2418 3654 intentari
2470 3601 2648 3654 minas
2683 3614 2699 3652 :
2729 3597 2850 3652 Non
2896 3597 3034 3662 alia,
3097 3599 3299 3668 inquit,
3366 3602 3578 3655 ratione
3645 3600 3748 3654 nisi

2158 3693 2296 3765 quod
2327 3691 2575 3748 nolumus
2615 3691 2864 3760 separari
2890 3707 2923 3744 a
2948 3691 3135 3758 patria
3163 3692 3478 3759 traditione,
3497 3702 3547 3746 et
3578 3693 3744 3745 simul

2159 3805 2280 3843 cum
2295 3789 2426 3856 ipsis
2464 3785 2794 3854 impudentes
2826 3793 3021 3840 contra
3058 3785 3228 3838 Deum
3293 3800 3428 3841 esse.
3499 3785 3626 3839 Nisi
3651 3785 3750 3841 de-

2163 3881 2338 3937 sidero
2373 3895 2554 3950 pacem
2592 3877 2983 3945 Ecclesiarum,
3028 3886 3078 3933 et
3097 3879 3440 3932 concordiam
3479 3875 3748 3932 Christia-

2163 3989 2354 4028 norum
2405 3971 2664 4036 omnium,
2701 3969 2793 4025 sed
2831 3986 3032 4037 verant,
3095 3969 3454 4039 spiritualem,
3503 3971 3750 4025 ecclesia-

2161 4066 2376 4126 sticam,
2399 4064 2608 4132 justam
2645 4073 2697 4118 et
2737 4063 3053 4130 salutarem,
3087 4063 3199 4118 vita
3223 4079 3340 4118 mea
3379 4079 3511 4132 pace
3543 4072 3750 4119 careat.

2166 4158 2240 4212 De
2266 4159 2440 4228 primo
2466 4166 2640 4210 autem
2668 4157 2865 4225 capite,
2893 4171 3078 4224 nempe
3105 4155 3249 4226 quod
3275 4155 3587 4226 religionem
3617 4157 3750 4210 atti-

2163 4250 2339 4313 nebat,
2363 4249 2482 4302 dico
2498 4258 2547 4302 et
2567 4257 2728 4303 testor
2743 4248 2880 4318 quod
2897 4248 3034 4302 hanc
3047 4264 3140 4318 ego
3157 4259 3398 4303 sanctam
3417 4258 3636 4301 matrem
3651 4247 3755 4301 Ec-

2164 4344 2382 4400 clesiam
2399 4359 2518 4397 cum
2539 4343 2666 4397 aliis
2685 4342 2856 4397 tribus
2872 4342 3229 4397 sanctissimis
3248 4340 3572 4409 patriarchis
3593 4340 3755 4394 habui

2164 4451 2366 4506 semper
2387 4443 2439 4491 et
2469 4436 2632 4489 habeo
2671 4443 2925 4505 tanquam
2955 4449 3135 4489 veram
3160 4432 3389 4488 Matrem
3417 4433 3754 4487 orthodoxa-

474 4515 605 4597 nuin
639 4537 871 4610 epistola
906 4545 1020 4591 tam
1046 4533 1344 4605 perspicue
1400 4529 1876 4592 demonstrantur,
1911 4535 1972 4580 ut
2003 4527 2056 4579 in
2099 4515 2141 4570 Ι)
2173 4544 2289 4582 rum
2337 4526 2796 4588 Christianorum,
2828 4526 2896 4578 in
2925 4527 3211 4594 qua,sicut
3245 4525 3400 4579 initio
3418 4525 3756 4593 prtrdicatt'o-

473 4631 775 4684 obscurum
803 4624 1034 4680 alterum
1068 4621 1417 4678 Gennadium
1458 4618 1661 4675 cadere
1695 4630 2050 4688 nequaquam

476 4715 712 4785 possint,
751 4726 914 4783 quem
940 4709 1282 4765 Florentiam
1351 4707 1542 4775 ivisse,
1566 4707 1762 4763 unioni
1823 4706 2056 4772 favisse,

477 4806 890 4877 philosophum,
915 4803 1159 4873 iudicem
1207 4800 1538 4873 primarium
1560 4799 1783 4856 Notarae
1841 4799 2064 4855 amicis-

477 4904 680 4957 simum
713 4899 992 4971 (l),ltalis
1041 4899 1222 4956 doctis
1278 4896 1825 4967 conjunctissimum,
1890 4894 2062 4952 Marci

441 5047 444 5050 .
478 4993 699 5064 Ephesii
728 4991 1068 5063 discipulum
1116 4999 1172 5045 et
1221 4990 1701 5063 pernecessarium
1738 4988 1935 5055 fuisse,
1969 5004 2062 5043 ne-

479 5102 570 5140 mo
597 5099 836 5154 unquam
873 5085 982 5140 nilo
1005 5084 1208 5138 idoneo
1242 5083 1564 5138 testimonio
1592 5084 1824 5153 probare
1854 5089 2065 5150 potest,

477 5178 653 5232 multo
675 5178 867 5232 minus
898 5174 952 5229 id
974 5174 1122 5246 quod
1140 5174 1377 5231 Allatius
1407 5173 1734 5245 palmarium
1767 5188 2064 5243 argumen-

477 5281 591 5324 tmn
625 5269 812 5333 habet,
839 5267 1190 5324 Scholarium
1218 5282 1329 5322 non
1361 5267 1469 5323 nisi
1516 5273 1821 5337 postquam
1882 5263 2068 5334 digni-

479 5370 645 5416 tatem
693 5361 1027 5428 abdicasset,
1101 5361 1475 5416 monasticam
1539 5358 1707 5413 vitam
1747 5356 2060 5427 professum

479 5469 624 5508 esse.

548 5544 689 5610 Quia
720 5559 852 5599 vero
883 5544 1038 5598 illum
1073 5544 1128 5597 in
1165 5542 1414 5599 eamdem
1479 5555 1716 5610 semper,
1745 5554 1908 5610 quam
1945 5537 2067 5593 Flo—

481 5637 674 5690 rentia:
711 5637 1143 5706 signiﬁcaverat,
1180 5633 1494 5689 concordia:
1533 5647 1661 5687 cum
1698 5629 1909 5686 Latinis
1947 5616 2092 5687 san--

2167 4623 2248 4675 nis
2289 4618 2622 4689 evangelicae.
2645 4618 2810 4688 juxta
2828 4617 3043 4672 Domini
3066 4617 3467 4688 prtedictionem
3489 4618 3615 4684 ﬁdei
3633 4634 3756 4686 pro-

2168 4712 2322 4767 batio
2339 4713 2638 4780 efﬁcaciter
2663 4712 2963 4780 perﬁcitur,
2992 4725 3055 4764 ea:
3081 4711 3322 4765 omnibus
3351 4713 3644 4780 apostasia:
3673 4713 3758 4763 in-

2168 4805 2434 4860 cursibus.
2457 4803 2654 4859 Omnia
2687 4805 2849 4860 etiam
2878 4804 3038 4873 hujus
3072 4803 3328 4858 Ecclesite
3352 4803 3608 4874 dogmata
3637 4821 3759 4856 am-

2169 4898 2370 4970 plectgr
2406 4907 2656 4968 tanquam
2683 4897 2887 4962 divina,
2930 4897 3210 4950 verissima
3229 4906 3284 4951 et
3306 4897 3600 4963 salutaria,
3627 4913 3760 4966 quo-

2173 5007 2290 5044 rum
2313 5007 2478 5044 unum
2508 4998 2610 5055 est,
2639 4989 2780 5060 quod
2829 4987 3066 5058 Spiritus
3121 4998 3344 5042 sanctus
3391 5004 3478 5042 ea:
3530 4989 3636 5044 Deo
3705 5000 3757 5041 et

2171 5086 2338 5137 Patre
2369 5082 2604 5151 procedit
2642 5083 2749 5136 sive
2780 5080 3051 5146 subsistit,
3099 5080 3550 5150 quemadmodum
3598 5081 3760 5133 habe~

2171 5186 2259 5228 tur
2286 5175 2344 5227 in
2382 5172 2633 5244 Symbolo
2711 5174 2950 5227 omnium
3008 5171 3336 5242 generalium
3386 5172 3732 5226 conciliorum

2173 5267 2361 5336 Neque
2389 5267 2530 5320 enim
2558 5281 2622 5320 ex
2653 5263 2819 5328 Patre
2835 5276 2884 5320 et
2920 5262 3090 5331 Filio,
3128 5274 3187 5319 ut
3239 5263 3564 5319 Latinorum
3597 5261 3760 5332 Sym-

2173 5360 2350 5413 bolum
2381 5359 2535 5425 dicit,
2566 5356 2973 5432 e‘t-Florentina
3013 5357 3248 5429 synodus
3274 5356 3541 5412 inauditis
3585 5357 3759 5422 expli-

2175 5450 2474 5505 cationibus
2510 5451 2744 5519 exponit.
2779 5449 3084 5520 Amplector
3114 5450 3318 5517 {actam
3369 5459 3556 5504 contra
3623 5448 3762 5502 Bec-

2177 5559 2297 5596 cum
2327 5542 2778 5611 Latinophronem
2811 5552 3055 5596 sanctam
3099 5552 3149 5596 et
3192 5560 3441 5614 magnam
3463 5544 3753 5612 synodum,

2183 5645 2231 5687 et
2263 5651 2378 5688 eam
2409 5634 2638 5704 ﬁrmiter
2661 5635 2799 5690 inter
2833 5635 3182 5691 tecumcnicas
3239 5635 3609 5692 collocandam
3636 5651 3760 5690 cen-

549 5831 619 5897 (i)
651 5830 773 5881 Vide
799 5831 923 5882 infra
949 5832 1186 5883 Gennadii
1221 5840 1271 5883 et
1303 5831 1496 5882 Notam
1517 5831 1772 5884 ammbmas
1797 5832 2047 5895 epistolas.
2071 5831 2209 5885 Εοιτ.
