4102 6416
357 426 463 491 273

1914 428 1980 488 Vl
1994 429 2107 489 TA:

3523 418 3631 480 27,5.

356 561 464 608 seo,
490 542 616 613 quia
676 540 1003 596 schismatici
1056 540 1296 595 absentia
1336 538 1672 594 aecumenicaz
1730 537 1932 609 synodo
1967 545 2008 601 Α
2040 538 2143 594 Sed
2174 537 2474 607 spiritualis
2498 536 2655 603 paria
2693 534 3027 589 sentientium
3059 533 3379 598 communio,
3415 543 3629 602 ct‘pcra

357 636 665 707 qualitatem
700 649 805 687 non
840 632 1036 700 aufert.
1083 630 1343 701 Ejusdem
1417 627 1705 683 terribilem
1730 638 1939 682 senten-

361 728 488 781 tiam
516 740 634 778 cum
685 723 962 779 sententiis
1011 731 1060 777 et
1125 720 1597 775 anathematismis
1660 725 1941 772 trementer

361 819 606 886 suscipio,
641 825 901 886 tanquam
923 830 1137 870 sacram
1169 823 1218 867 et
1290 814 1530 867 divinam
1590 812 1938 877 sententiam,

361 928 476 981 qua:
510 912 573 964 de
601 908 917 963 Latinorum
979 906 1338 977 dogmatibus,
1373 915 1423 959 et
1463 906 1527 959 de
1566 904 1727 972 Papae
1792 919 1940 958 com-

364 1004 741 1058 memoratione
763 1002 1130 1057 convenientia
1157 999 1369 1054 decreta
1392 1000 1667 1062 statuerit,
1698 994 1940 1054 Persisto

365 1100 417 1150 in
432 1113 493 1150 ea
524 1095 878 1164 promissione
908 1110 1013 1162 qua
1040 1109 1121 1146 me
1179 1090 1447 1145 obstrinxi
1470 1091 1622 1143 beato
1677 1086 1940 1158 Ephesino

364 1191 621 1258 episcopo,
651 1205 769 1241 cum
805 1187 874 1241 ad
899 1186 1065 1241 Deum
1089 1187 1416 1255 migraturus
1442 1191 1783 1245 esset,coram
1810 1180 1938 1247 Deo,

367 1280 566 1348 angelis
589 1286 636 1332 et
666 1277 992 1342 hominibus,
1029 1286 1077 1331 et
1132 1272 1589 1344 disputationibus
1617 1288 1750 1341 quas
1780 1273 1944 1326 habui

366 1374 608 1425 adversus
659 1362 957 1441 episcopum
1020 1368 1269 1425 Cornottc
1322 1368 1391 1422 ad
1434 1367 1943 1423 demonstrationem

368 1466 597 1519 veritatis
628 1479 787 1534 quam
811 1461 1146 1531 proﬁtemur,
1176 1470 1231 1514 ut
1250 1461 1411 1515 etiam
1441 1461 1664 1515 diversis
1695 1458 1942 1529 operibus
1968 1452 1971 1453 ⁷

368 1575 482 1626 qua:
513 1574 606 1625 pro
633 1557 811 1625 patria
835 1556 960 1626 ﬁde,
981 1555 1169 1609 divino.
1214 1571 1431 1609 munere
1470 1552 1736 1623 publicavi
1771 1567 1945 1607 :con-

368 1648 590 1717 fessione
628 1663 828 1718 quoque
850 1647 973 1715 ﬁdei
1004 1662 1152 1711 uteie,
1189 1646 1267 1700 vel
1314 1646 1493 1716 potius
1527 1645 1811 1699 catholicae
1840 1642 1944 1698 Ec-

368 1740 561 1804 clesia,
601 1754 760 1809 quam
796 1747 920 1792 ante
972 1737 1245 1791 biennium
1290 1748 1549 1792 accurate
1606 1736 1941 1791 elaboratam

368 1832 604 1901 evulgavi
640 1848 655 1885 :
696 1828 1169 1899 subscriptionibus
1190 1830 1353 1884 etiam
1380 1846 1514 1899 quas
1549 1844 1671 1884 cum
1696 1827 1944 1884 ecclesia-

374 1925 517 1980 sticis
547 1923 693 1989 viris,
722 1924 907 1978 eadem
941 1923 1215 1978 nobiscum
1242 1923 1592 1978 sentientibus
1627 1922 1824 1989 scripto
1849 1921 1942 1991 ﬁr-

374 2017 627 2070 mavimus
655 2015 818 2086 legati
874 2024 1121 2085 tempore,
1145 2025 1195 2070 et
1232 2016 1423 2070 deinde
1464 2023 1582 2084 post
1626 2013 1943 2084 legationem

372 2107 571 2160 domini
600 2106 840 2174 Brennii,
867 2107 1021 2177 cujus
1044 2108 1305 2177 particeps
1330 2106 1479 2161 nullo
1514 2105 1668 2160 modo
1691 2105 1794 2176 fui,
1825 2122 1943 2159 cum

372 2218 626 2270 nusquam
654 2200 815 2270 Papa:
845 2201 1392 2254 commemorationem
1408 2198 1674 2266 suscipere
1710 2197 1939 2252 statuis-

371 2309 567 2359 semus,
601 2291 833 2362 quandiu
863 2293 1006 2345 circa
1052 2292 1318 2361 pra'ct'pua
1342 2292 1467 2360 fidei
1494 2291 1753 2361 dogmata
1781 2289 1942 2345 divisi

370 2397 419 2438 et
450 2383 712 2439 discordes
746 2400 975 2439 essemus
1000 2387 1064 2437 ab
1095 2400 1161 2437 eo
1214 2384 1380 2437 secuti
1430 2384 1702 2453 praedicta:
1753 2381 1945 2452 synodi

331 2477 753 2545 _de,‘initionem,
799 2485 1013 2547 patrunt
1096 2482 1400 2529 nostrorum
1464 2475 1946 2542 magistrorumque

373 2571 622 2623 omnium.

446 2662 589 2717 ldem
624 2663 677 2717 in
704 2661 939 2736 epistola
980 2662 1044 2718 ad
1078 2661 1415 2734 Sylvestrom
1477 2675 1734 2730 magnum
1753 2658 1945 2716 eccle-

373 2755 668 2820 siarcbam,
696 2764 751 2810 ct
793 2755 858 2810 ad
887 2755 1231 2825 Agallianum
1281 2754 1783 2825 chartophylacem,
1818 2752 1947 2807 reli-

372 2863 617 2917 quosque
646 2848 1054 2905 ecclesiasticos
1081 2848 1287 2918 scripta
1316 2862 1441 2903 cum
1473 2846 1725 2917 Liturgia
1762 2845 1945 2916 publi-

372 2956 435 2995 ce
466 2941 831 2997 celebraretur
854 2949 977 3010 post
1026 2949 1346 2995 rcnovatam
1388 2940 1652 2994 unionem
1685 2954 1811 2993 cum
1844 2938 1946 2995 lsi-

374 3030 509 3082 t'OI'O
537 3028 812 3084 cardinale
841 3028 1052 3085 Russize
1092 3030 1272 3099 legato
1304 3029 1627 3100 apostolico,
1651 3038 1943 3100 postquam

373 3122 657 3175 excusavit
698 3136 756 3176 se
785 3121 931 3191 quod
971 3128 1201 3177 vocatus
1234 3121 1314 3177 ire
1340 3121 1405 3177 ad
1434 3122 1703 3193 synodum
1732 3122 1946 3177 renuis-

374 3221 478 3267 set.
510 3213 591 3267 Ad
617 3214 746 3283 quid
782 3231 941 3284 porro
966 3213 1075 3269 haec
1130 3214 1347 3286 synaxis
1375 3214 1555 3268 habita
1585 3216 1711 3270 est?
1745 3212 1946 3284 Nempe

374 3304 494 3371 quia
526 3320 590 3357 ea:
610 3321 711 3374 quo
741 3307 864 3359 unio
904 3322 998 3374 per
1034 3306 1283 3375 populum
1318 3306 1467 3375 facta
1525 3315 1604 3360 est
1632 3304 1793 3376 (vah!
1824 3322 1948 3359 nam

375 3396 564 3450 dirisio
596 3407 672 3451 est
702 3415 734 3451 a
760 3397 913 3465 Deo),
963 3399 1443 3454 ecclesiasticarum
1478 3416 1788 3454 consensum
1816 3400 1951 3453 obti-

378 3503 496 3541 nere
556 3489 809 3557 gestiunt.
870 3489 1166 3559 Relinquite
1218 3508 1298 3546 me
1350 3492 1539 3545 horum
1594 3493 1949 3561 inexpertum,

380 3595 544 3633 meam
566 3582 700 3634 enim
725 3582 789 3636 de
812 3583 909 3635 hoc
933 3586 1140 3652 negotio
1161 3585 1477 3638 sententiam
1507 3584 1701 3639 millies
1764 3585 1942 3638 domi-

378 3684 475 3721 nus
503 3681 677 3725 noster
706 3673 1015 3740 imperator,
1039 3683 1086 3727 et
1109 3676 1225 3744 ejus
1276 3674 1597 3739 consiliarii,
1645 3685 1693 3729 et
1720 3692 1805 3729 vos
1837 3692 1947 3729 om-

379 3780 465 3817 nes
498 3767 851 3835 perspexistis.
886 3766 1020 3822 Ante
1056 3767 1150 3823 hos
1212 3768 1470 3838 siquidem
1526 3769 1636 3823 dies
1696 3770 1817 3823 misi
1879 3766 1951 3823 ad

377 3871 491 3909 eam
519 3873 610 3925 per
664 3857 1008 3913 venerabilem
1036 3860 1355 3913 monachum
1408 3869 1457 3914 et
1509 3862 1835 3916 sacerdotem
1882 3860 1946 3915 ι).

379 3946 637 4013 Ignatium
669 3951 903 4018 capitula
940 3951 1216 4007 duodecim
1248 3953 1314 4007 de
1349 3954 1447 4007 hoc
1474 3957 1806 4025 argumento,
1834 3970 1952 4025 qua:

380 4049 427 4093 et
450 4041 548 4108 ipsi
568 4042 796 4098 vidistis.
819 4041 932 4113 Ego
960 4059 1077 4099 vero
1125 4044 1276 4098 aliud
1297 4044 1425 4113 quid
1455 4044 1520 4098 ab
1555 4062 1613 4099 eo
1638 4045 1778 4116 quod
1813 4062 1950 4100 nunc

378 4132 512 4193 dico,
534 4149 797 4203 nunquam
831 4136 1034 4203 dicam,
1089 4137 1521 4209 quandoquidem
1575 4135 1948 4193 Florentinam

378 4225 525 4279 illam
551 4230 812 4296 synodum
839 4245 898 4285 eo
924 4229 1036 4283 loco
1074 4231 1261 4297 habeo,
1297 4247 1401 4301 quo
1436 4232 1582 4301 apud
1643 4231 1809 4285 Deum
1846 4242 1945 4295 est,

378 4326 427 4370 et
465 4319 658 4373 veritas
705 4320 874 4385 docet,
934 4320 1330 4393 Christianique
1388 4340 1567 4378 omnes
1589 4324 1818 4393 legitimi
1846 4323 1947 4377 Ec-

377 4407 555 4461 clesia:
579 4408 869 4465 Orientalis
907 4412 1010 4480 ﬁlii
1039 4412 1200 4481 juxta
1229 4423 1538 4469 sanctorum
1562 4412 1786 4468 Patrum
1827 4431 1947 4469 seu-

380 4501 595 4553 tentiam
626 4510 674 4555 et
701 4503 1079 4556 conscientiam
1112 4520 1265 4557 suam
1288 4505 1524 4559 sentiunt
1555 4515 1712 4570 ,etut
1743 4506 1944 4559 clarius

2043 629 2181 697 fecta
2209 627 2570 681 subordinatio
2598 642 2723 696 erga
2758 625 3019 695 legitimos
3050 634 3314 693 pastores,
3384 626 3438 679 in
3482 642 3628 678 com-

2042 719 2532 775 memorationeilla
2564 719 2830 773 consistit.
2856 718 3196 787 Synodivero
3225 728 3273 772 et
3302 717 3404 773 SS.
3435 717 3625 771 Patres

2041 812 2321 881 deﬁniunt,
2353 822 2409 865 ut
2448 828 2479 866 a
2503 827 2727 881 quorum
2764 810 3007 880 opinione
3024 810 3389 873 abhorremus,
3417 827 3623 865 earum-

2042 914 2161 967 dem
2200 911 2620 966 communionem
2648 908 2826 980 fugere
2844 917 3108 978 oporteat.
3142 906 3318 961 Hulta
3344 907 3458 961 alia
3484 907 3629 976 ejus-

2043 1003 2186 1057 modi
2220 1002 2483 1071 deﬁniunt
2517 1001 2658 1056 vobis
2690 1002 2834 1055 haud
2863 1003 3065 1070 ignota.
3090 999 3212 1054 Prae
3235 1001 3476 1053 omnibus
3511 1015 3635 1053 vero

2047 1094 2303 1149 Dominus
2339 1096 2523 1149 diicit‘:
2551 1094 2925 1149 alienum-non
2973 1102 3279 1163 sequentur,
3306 1092 3396 1146 sed
3426 1091 3627 1161 fugient

2045 1183 2111 1238 ab
2149 1183 2431 1254 ipso,quia
2455 1200 2561 1237 non
2614 1191 2810 1236 norunt
2862 1198 3038 1237 vocem
3101 1183 3422 1237 alienorum.
3478 1181 3630 1234 Absit

2043 1291 2246 1346 quoque
2266 1284 2323 1328 ut
2354 1273 2650 1328 Ecclesium
2686 1290 2879 1337 meam,
2913 1290 3032 1343 qute
3086 1289 3277 1328 sancta
3302 1286 3377 1328 est
3432 1275 3627 1327 Orthov

2044 1365 2305 1420 doxorum
2335 1375 2521 1431 mater,
2549 1366 2746 1435 faciam
2768 1366 3097 1429 hmreticam,
3131 1366 3432 1435 suscipiens
3465 1368 3630 1432 Papae

2045 1460 2619 1523 commemorationem,
2652 1457 2907 1528 quamdiu
2948 1456 3101 1527 Papa
3123 1473 3186 1511 ea
3220 1457 3629 1526 conﬁtebituret

2045 1552 2240 1619 credet,
2269 1568 2495 1621 quorum
2538 1567 2707 1606 causa
2739 1566 2772 1604 a
2820 1560 3002 1604 nostra
3057 1547 3299 1603 Ecclesia
3357 1566 3461 1603 non
3510 1565 3632 1603 sus»

2046 1643 2260 1712 cipitur.
2285 1642 2344 1698 Si
2367 1644 2484 1714 quis
2507 1644 2647 1698 enim
2676 1660 2817 1698 nunc
2840 1644 3162 1712 conﬁteatur
3203 1661 3322 1698 eum
3354 1652 3495 1699 recte
3521 1645 3633 1699 dis-

2044 1749 2265 1805 pensare
2289 1736 2501 1790 verbum
2562 1736 2822 1801 veritatis,
2883 1736 3086 1806 fatetur
3110 1737 3155 1792 is
3212 1737 3445 1807 majores
3504 1753 3637 1792 suos

2047 1828 2214 1896 fuisse
2244 1828 2539 1885 hereticos.
2561 1827 2836 1884 Sententia
2868 1829 3034 1899 igitur
3062 1845 3178 1884 mea
3220 1830 3347 1885 talis
3368 1840 3470 1895 est,
3519 1830 3639 1900 fuit

2045 1930 2094 1978 et
2123 1921 2244 1988 erit,
2278 1937 2470 1992 eraque
2490 1930 2640 1977 extra
2664 1921 3090 1977 communionem
3109 1922 3295 1992 Papar,
3319 1932 3369 1977 et
3391 1924 3653 1989 omniuiw

2046 2017 2137 2086 qui
2181 2014 2264 2069 illi
2305 2031 2616 2086 quocunque
2667 2014 2825 2069 modo
2870 2016 3286 2081 communicant,
3330 2026 3391 2069 ut
3444 2027 3645 2084 patres

2048 2108 2240 2174 nostri,
2272 2122 2497 2178 quorum
2514 2109 2768 2176 pietatem
2793 2108 3003 2162 intitari
3035 2125 3129 2163 nos
3183 2109 3351 2176 decet,
3384 2126 3501 2163 cum
3539 2126 3649 2163 nec.

2047 2200 2410 2262 sanctitatem,
2442 2215 2535 2254 nec
2571 2200 2892 2270 sapientiam
2920 2201 3139 2257 illorum
3162 2201 3471 2257 habeamus.
3504 2201 3631 2258 lltcc

2048 2306 2183 2346 sane
2214 2290 2394 2345 oratio
2430 2305 2539 2345 non
2571 2299 2658 2346 est
2714 2291 2897 2346 Latini
2959 2292 3225 2355 hominis,
3257 2302 3354 2349 aut
3384 2296 3502 2367 ejus
3532 2296 3631 2364 qui

2046 2382 2100 2436 in
2142 2383 2515 2437 Romanorum
2550 2382 2882 2439 sententiam
2925 2384 3232 2440 transierit.
3266 2384 3364 2443 Est
3440 2396 3627 2442 autem

2047 2475 2166 2546 ejus
2195 2475 2289 2546 qui
2322 2477 2377 2531 in
2401 2476 2525 2531 aula
2565 2476 2803 2541 vixerat,
2840 2478 2936 2547 qui
2969 2476 3313 2533 Florentium
3350 2477 3644 2549 profectus

2047 2575 2189 2633 erat,
2214 2566 2420 2637 quique
2442 2566 2761 2638 patriarcha
2793 2576 2917 2638 post
2965 2578 3180 2639 captam
3213 2570 3408 2625 urbem
3444 2572 3655 2628 statim.

2048 2670 2268 2715 creatus
2309 2670 2430 2716 est:
2459 2662 2734 2731 quodnon
2783 2663 2899 2719 sola
2942 2665 3141 2734 probat
3197 2664 3449 2720 codicum
3495 2681 3636 2721 mss.

2048 2751 2208 2817 ﬁdes,
2242 2754 2337 2812 sed
2378 2753 2464 2809 vel
2497 2769 2604 2809 una
2645 2756 2876 2825 epistola
2905 2756 2971 2810 ad
3008 2770 3203 2812 omnes
3234 2755 3425 2813 lidelcs
3478 2760 3632 2812 vale—

2049 2847 2278 2902 dicteria
2310 2862 2433 2903 cum
2466 2847 2790 2920 dignitatem
2842 2847 3169 2921 deponeret,
3212 2849 3435 2906 abunde
3500 2867 3640 2906 con-

2049 2938 2255 2994 ﬁrmat.

2118 3027 2295 3084 Porro
2346 3044 2692 3103 quaecunque
2778 3032 2845 3089 de
2899 3032 3119 3090 duobus
3173 3032 3475 3090 Gennadiis
3524 3034 3667 3089 sive~

2051 3120 2356 3179 Scholariis
2397 3137 2427 3178 a
2478 3123 2850 3198 Caryophyllo
2935 3136 3031 3181 aut
3088 3125 3295 3182 Allatio
3353 3127 3647 3197 disputata

2051 3225 2203 3283 sunt,
2255 3228 2459 3289 praeter
2521 3235 2586 3277 ea
2634 3236 2756 3292 qua:
2800 3222 3033 3292 carptim
3092 3220 3477 3288 delibavimus,
3525 3240 3637 3279 non

2053 3310 2189 3365 tanti
2224 3311 2482 3369 videntur
2517 3328 2666 3381 esse,
2701 3322 2761 3369 ut
2797 3315 2866 3370 ad
2900 3314 3189 3387 singulare
3212 3330 3447 3370 examen
3474 3333 3633 3371 revo-

2052 3404 2225 3460 canda
2274 3406 2411 3462 sint.
2463 3406 2522 3463 Id
2561 3408 2710 3464 enim
2757 3424 2865 3465 non
2901 3409 3011 3465 nisi
3072 3412 3287 3482 prolixa
3323 3420 3377 3467 et
3410 3412 3667 3467 tmdiosaa

2052 3504 2526 3557 commentatione
2577 3510 2763 3572 potest
2818 3502 3061 3567 absolvi,
3106 3505 3202 3561 sed
3258 3505 3470 3575 absque
3520 3505 3636 3560 ulla

2051 3601 2233 3657 opera:
2260 3588 2456 3659 pretio.
2489 3587 2626 3645 Nam
2653 3591 2742 3646 cui
2777 3592 2946 3647 semel
2975 3602 3274 3663 perspecta
3305 3593 3476 3649 fuerit
3507 3594 3635 3650 bre-

2053 3678 2159 3742 vis,
2196 3696 2361 3751 quam
2406 3697 2473 3737 ex
2523 3684 2702 3739 certis
2761 3686 3145 3743 monumentis
3206 3686 3669 3752 delineavimus,-

2052 3771 2309 3830 Historia:
2332 3774 2711 3833 Gennadianaa
2746 3778 3029 3849 synopsis,
3065 3779 3113 3835 is
3136 3780 3322 3835 statim
3350 3781 3673 3853 intelliget,.

2053 3866 2340 3937 inquibus
2372 3878 2429 3923 et
2463 3868 2683 3939 quoties
2708 3869 3084 3925 hallucinatus
3124 3870 3289 3926 fuerit
3320 3870 3402 3926 vir
3429 3870 3642 3927 doctis-

2053 3960 2252 4016 simus.
2287 3958 2475 4015 Mirari
2512 3976 2643 4017 vero
2690 3962 2828 4016 satis
2864 3977 2972 4017 non
3007 3977 3307 4032 possumus
3336 3979 3486 4029 eum,
3515 3979 3673 4019 cum.

2052 4052 2291 4124 primum
2335 4052 2389 4107 in
2436 4068 2602 4124 opere
2635 4055 2700 4108 de
2739 4063 2993 4123 perpetuo
3036 4071 3298 4110 consensu
3345 4056 3446 4125 (I),
3490 4057 3673 4110 edito.

2053 4160 2200 4200 anno
2238 4144 2398 4209 1644,
2436 4145 2845 4201 contentiosum
2879 4146 3024 4201 hunc
3060 4146 3128 4202 de
3163 4146 3378 4202 duobus
3413 4146 3638 4201 Genna-

2052 4237 2161 4292 diis
2211 4237 2396 4292 funem
2452 4237 2657 4293 ducere
2707 4238 2995 4310 cmpisset,
3048 4239 3256 4295 deinde
3307 4240 3471 4310 paulo
3514 4249 3667 4311 post.-

2054 4329 2439 4385 Dissertationi
2487 4332 2556 4385 de
2614 4331 2870 4402 Georgiis
2908 4332 2987 4403 (2)
3039 4340 3209 4389 totam
3270 4349 3428 4389 suam
3472 4334 3671 4389 verbo-

2052 4427 2215 4476 tenus
2261 4421 2705 4492 disputationem
2762 4423 3116 4490 inseruissct,
3161 4434 3285 4497 post
3321 4442 3497 4482 annos
3542 4427 3638 4481 tri.

2051 4511 2200 4582 ginta
2229 4527 2336 4567 non
2381 4501 2649 4571 secundis
2669 4523 2763 4570 aut
2800 4516 2977 4573 tertiis
3013 4516 3099 4572 vel
3148 4519 3448 4575 tricesimis
3489 4520 3668 4576 curis.

377 4592 572 4656 dicam,
607 4609 721 4646 eam
746 4597 1004 4664 synodum
1030 4596 1186 4651 talem
1222 4598 1490 4662 existimo,
1525 4599 1698 4667 qualis
1725 4605 1950 4667 pseudo-
1986 4597 2027 4652 D
2058 4604 2338 4658 meliorem
2396 4604 2594 4660 factam
2650 4606 2703 4660 in
2759 4622 2928 4678 opere
2965 4618 3160 4664 contra
3214 4609 3637 4682 Crcyghtunum

380 4686 690 4738 acumenica
711 4687 804 4739 illa
827 4689 922 4741 sub
945 4686 1256 4743 Constantio
1291 4689 1550 4759 fuit,qua:
1579 4689 1953 4745 Consubstan-

381 4777 525 4841 tiale,
557 4787 614 4830 ut
634 4779 736 4831 sibi
769 4779 1068 4848 videbatur,
1113 4782 1428 4836 sustulerat.
1497 4784 1764 4849 Quoniam
1825 4786 1953 4839 item

382 4885 491 4921 mea
512 4873 768 4925 sententia
796 4881 894 4937 est,
928 4873 1067 4943 quod
1090 4875 1181 4943 qui
1210 4873 1373 4943 Papa:
1395 4877 1951 4932 commemorationem

379 4963 530 5031 facit,
563 4977 653 5016 aut
680 4965 895 5033 facienti
940 4969 1317 5032 communicat,
1376 4969 1539 5022 etiam
1587 4970 1811 5024 consilio
1856 4980 1951 5024 aut

380 5055 765 5119 adhortatione,
799 5058 923 5113 talis
984 5059 1127 5128 apud
1167 5076 1250 5113 me
1294 5068 1394 5122 est,
1448 5059 1625 5131 qualis
1691 5062 1737 5115 is
1795 5078 1950 5129 quem

376 5146 647 5200 damnavit
680 5160 864 5203 sancta
888 5160 935 5205 et
965 5167 1159 5221 magna
1192 5151 1427 5221 synodus
1477 5152 1950 5222 Constantinopoli

378 5250 709 5308 congregata,
741 5258 857 5309 qua:
899 5241 1213 5297 Latinorum
1242 5245 1545 5300 doctrinam
1599 5247 1947 5311 examinavit,

377 5326 702 5400 Beccumque
735 5341 879 5397 tunc,
912 5344 962 5387 et
984 5336 1075 5404 qui
1102 5336 1286 5391 eadem
1339 5352 1459 5389 cum
1496 5335 1588 5390 illo
1630 5338 1948 5403 sentiebant,

379 5422 639 5481 drposuit.
667 5422 850 5494 Neque
871 5427 1125 5481 existimo
1143 5427 1251 5482 leve
1274 5428 1529 5498 quiddam
1590 5446 1703 5483 esse
1760 5432 1947 5501 Papae,

381 5520 471 5562 aut
500 5512 722 5569 alterius
763 5518 1045 5588 cujusdam
1089 5520 1320 5589 episcopi
1374 5523 1950 5579 commemorationem.

452 5692 521 5763 (Ι.
546 5688 663 5745 Lib.
701 5708 783 5757 ιιι,
814 5708 864 5749 c.
904 5694 963 5751 5.

2052 4704 2331 4751 recoctam
2354 4697 2572 4763 iterum
2610 4699 2854 4764 dedisse,
2888 4700 2962 4755 ita
3008 4710 3067 4756 ut
3096 4701 3259 4756 verba
3295 4703 3435 4773 ipsa,
3462 4704 3636 4775 jocos,

2051 4789 2195 4846 sales
2223 4790 2662 4862 religiosissime,
2691 4809 2760 4848 ne
2796 4804 3012 4849 mutato
3028 4794 3263 4864 quidem
3299 4800 3478 4866 apice,
3510 4814 3635 4854 ser-

2052 4884 2287 4938 vaverit.
2324 4882 2429 4950 Qui
2480 4886 2669 4955 itaque
2716 4900 2880 4940 unam
2934 4886 3135 4943 harum
3171 4889 3667 4949 Dissertationum

2055 4975 2232 5043 novit,
2268 4978 2460 5032 ambas
2485 4977 2693 5034 alteras
2721 4981 2964 5037 noverit.

2130 5065 2349 5121 Fefcllit
2403 5068 2583 5123 virum
2646 5070 3031 5127 doctissimum
3084 5071 3441 5144 Caryophylli
3497 5075 3642 5143 judi-

2057 5159 2203 5214 cium
2238 5160 2316 5229 (a)
2352 5159 2419 5215 de
2449 5160 2669 5217 duobus
2699 5161 3024 5229 Gennadiis,
3055 5179 3179 5232 qua:
3206 5165 3398 5234 Opinio
3421 5181 3545 5218 cum
3575 5166 3669 5219 ad'

2059 5253 2418 5307 asscrendum
2472 5254 2760 5310 catholicae
2796 5255 3060 5311 Ecclesia!
3091 5255 3437 5312 Gennadiqu
3489 5272 3640 5310 cum-

2060 5342 2383 5399 modissima
2438 5346 2741 5414 videretur,
2796 5360 2940 5413 eam,
2991 5360 3104 5417 quo
3146 5361 3208 5403 se
3256 5346 3669 5402 duceretvnou’

2059 5436 2197 5491 satis
2228 5437 2559 5506 praevidens,
2608 5436 2845 5494 secutus'
2866 5445 2951 5493 est
2996 5454 3108 5493 non
3153 5439 3263 5495 alio
3300 5438 3428 5503 line,
3478 5452 3671 5507 quam.

2060 5542 2132 5583 ne
2181 5528 2385 5599 periret
2419 5529 2720 5586 auctoritas
2754 5530 3370 5605 Apologeticarumpro
3410 5531 3664 5588 FIOI'CM

2126 5701 2203 5774 (2)
2238 5701 2294 5759 In
2331 5703 2569 5778 Georgio
2622 5704 2932 5762 Scholario.

445 5872 516 5940 la)
550 5876 696 5929 Praef.
735 5878 795 5931 ad
821 5881 1062 5933 chnadii
1090 5881 1381 5945 Apologia":
1408 5896 1494 5946 pro
1526 5885 1750 5947 quinque
1777 5884 2021 5949 capitibus
2046 5868 2259 5939 concilii
2298 5889 2593 5944 Florentini.
2632 5893 2823 5956 Romae,
2847 5892 2999 5957 1628,
3019 5895 3090 5948 if.
