4102 6434
428 463 532 523 9“5

1480 466 1733 525 (ἸΕΝΝᾹ
1751 469 1846 525 Dll
1897 470 2001 533 Cl‘,
2053 462 2564 528 PATRIARCHE

3565 453 3672 516 276

428 575 537 624 tina
567 571 774 641 synodo
809 573 1140 632 orationum,
1177 587 1294 636 orre
1329 580 1464 627 tanti
1504 593 1608 630 non
1646 589 1783 638 erat,
1822 588 1876 631 ut
1913 589 1992 630 to-
2028 593 2063 638 Α
2101 579 2187 630 nis
2225 594 2328 629 non
2373 573 2681 640 usurpavit,
2710 566 2965 639 quamvis
2995 581 3106 620 rem
3140 564 3664 632 vocc‘signilieatam

428 675 534 718 tam
611 665 818 717 ideirco
886 664 1274 718 ecclesiastirte
1347 665 1587 721 hisrorize
1674 671 1996 722 recentior-is

428 755 625 810 seriem
687 757 1006 808 conturbari
1077 772 1304 810 necesse
1387 758 1547 812 foret.
1635 760 1998 831 Caryopbyllo

428 848 702 916 duplicem
739 847 1213 902 chnadiumcur
1251 850 1462 918 primus
1495 853 1820 914 somniaret,
1861 854 1999 906 ratio

429 941 579 995 nulla
619 949 760 1001 erat,
795 941 899 995 nisi
935 941 1078 1008 quod
1115 943 1187 994 ita
1232 959 1295 995 cx
1330 943 1624 996 eollectore
1657 943 2000 997 Bibliotheca:

429 1032 655 1085 Patrum
720 1033 1027 1102 .‘llargariuo
1082 1033 1280 1101 Bigneo
1333 1035 1624 1096 didicerat,
1681 1051 1790 1103 quo
1837 1049 1999 1089 nemo

431 1125 684 1176 fortassis
719 1125 768 1175 iu
814 1125 1037 1178 ferenda
1081 1126 1147 1179 de
1181 1138 1426 1179 veterum
1461 1128 1684 1192 scriptis
1726 1127 1998 1180 sententia

432 1213 703 1268 Infelicior
730 1214 849 1280 fuit,
878 1231 940 1268 ex
972 1215 1301 1270 Bellarmino
1331 1227 1382 1272 et
1423 1218 1566 1277 aliis,
1605 1234 1838 1286 quorum
1891 1219 2000 1271 cri-

431 1310 538 1361 tice
583 1311 634 1360 in
694 1309 1076 1362 exscribendis
1134 1309 1365 1364 aliorum
1418 1312 1831 1366 commentariis
1885 1319 1996 1364 tela

431 1399 737 1453 eortstabat.

507 1491 651 1545 Sane
697 1507 762 1545 ex
816 1491 884 1544 iis
943 1507 1063 1561 qum
1123 1508 1285 1561 supra
1345 1494 1620 1559 disputata
1677 1503 1824 1557 sunt,
1890 1501 1996 1546 tam

431 1591 648 1637 constat
696 1584 836 1651 apud
879 1599 980 1638 nos
1006 1585 1346 1639 Gennadium
1377 1587 1790 1641 schismaticum
1837 1586 2001 1653 perti-

434 1678 788 1731 nacissimum
815 1685 871 1730 et
900 1677 1166 1732 furiosum
1216 1677 1407 1736 fuisse,
1434 1693 1594 1746 quam
1625 1680 1770 1745 quod
1805 1677 1998 1731 certis-

433 1769 594 1820 sime.
657 1769 835 1836 Atque
893 1769 965 1821 ita
1025 1769 1186 1838 hujus
1240 1770 1488 1823 llomilia:
1536 1785 1697 1838 quam
1763 1770 1998 1828 edimus.

437 1860 611 1926 nrajor
643 1879 710 1912 nn
737 1861 788 1915 ni
822 1862 1139 1930 exceptione
1179 1863 1482 1916 auCtoritas
1513 1878 1635 1916 esse
1681 1862 1859 1916 debet.
1898 1862 1998 1916 So-

435 1953 550 2005 leut
578 1953 721 2006 enim
755 1950 1152 2015 Protestantes,
1177 1943 1237 2007 'si
1282 1955 1426 2023 quod
1460 1969 1524 2008 ex
1561 1955 1876 2008 Graecorum
1909 1956 2000 2026 qui

433 2055 560 2096 ante
595 2045 1021 2112 quath‘iugcutos
1059 2061 1232 2100 annos
1253 2047 1612 2115 scripserunt,
1641 2047 1796 2102 libris
1847 2049 2004 2102 tesri-

434 2140 675 2189 monium
709 2137 1041 2204 proferatur,
1089 2141 1273 2193 Statim
1309 2140 1626 2202 inclamare,
1660 2139 1803 2210 quod
1840 2139 2006 2194 fuerit

437 2225 650 2280 Latinis
675 2228 948 2281 addictus.
978 2229 1096 2293 Qua
1130 2244 1260 2283 vero
1294 2229 1507 2284 ratione
1533 2231 1584 2283 in
1609 2229 2006 2300 λατινοφρονή-

439 2335 577 2380 asto;
625 2320 996 2389 Suspicionem
1054 2322 1238 2375 vocari
1289 2323 1465 2390 possit
1513 2322 1854 2386 Gennadius,
1912 2321 2004 2390 Qui

435 2408 658 2465 Lat'nos
689 2421 796 2464 t.:m
835 2413 1106 2467 riruleutc
1139 2415 1460 2480 insectatur,
1486 2414 1580 2484 qui
1614 2430 1711 2484 pro
1733 2416 2007 2470 haereticis

438 2503 624 2568 habet,
682 2515 736 2558 et
775 2505 900 2560 illos
949 2504 1016 2559 ad
1068 2508 1512 2561 communionem
1556 2509 1764 2562 admitti
1818 2517 2008 2576 vetat;

438 2595 536 2662 qui
587 2596 924 2650 :nlditionem
981 2598 1243 2667 Symbolo
1307 2601 1529 2663 laetam,
1597 2602 2009 2669 processiouem

437 2688 612 2740 sancti
647 2687 885 2758 Spiritus
921 2709 948 2741 a
985 2688 1145 2746 Patre
1177 2702 1230 2746 et
1263 2691 1424 2758 Filio,
1459 2693 1686 2763 Azyma,
1734 2694 2006 2764 Purgato-

438 2779 604 2842 rium,
644 2790 697 2834 ct
741 2796 802 2835 ea
848 2783 965 2850 ipsa
1005 2798 1123 2851 qua:
1171 2797 1282 2839 non
1329 2783 1473 2838 inter
1517 2787 1833 2840 necessaria
1886 2786 2010 2841 ﬁdei

437 2869 619 2938 capita
667 2870 810 2938 apud
853 2887 951 2925 nos
999 2871 1274 2926 habentur
1307 2875 1514 2928 erroris
1565 2886 1658 2929 aut
1708 2877 2010 2943 haereseos,

439 2971 548 3014 tam
597 2976 788 3031 aperte
820 2965 1152 3019 condemnat
1179 2965 1252 3034 (l)
1284 2982 1297 3029 ;
1350 2966 1442 3036 qui
1490 2971 1778 3023 anathema
1809 2969 2014 3024 Joanni

442 3052 618 3106 Ilecco
651 3053 808 3117 dicit,
853 3062 908 3106 et
944 3057 1477 3126 pseudo—synodum,
1514 3058 1564 3110 in
1610 3075 1716 3128 qua
1762 3061 1845 3114 vir
1891 3061 2014 3130 pius

444 3155 497 3198 et
555 3147 745 3202 multis
799 3147 1118 3204 nominibus
1167 3150 1515 3206 venerandus
1569 3155 1855 3208 damnatus
1906 3166 2011 3220 est,

2102 669 2381 728 docuerit,
2414 677 2471 719 ut
2504 663 3036 728 Wirtembergouscs
3065 659 3166 728 ipsi
3195 658 3286 726 qui
3323 660 3452 711 Acta
3486 657 3664 711 edide-

2101 771 2256 823 runt,
2301 772 2428 813 nota
2483 759 2549 811 ad
2605 756 2907 825 marginem
2947 754 3132 806 testati
3178 760 3329 814 sunt,
3369 761 3494 804 nata
3544 748 3669 803 inde

2102 868 2242 905 nova
2290 859 2740 918 argumentorum
2790 861 2970 916 seges,
3005 845 3058 898 in
3089 857 3197 913 qua
3242 842 3483 897 Thomas
3528 841 3668 895 Smi-

2106 945 2266 998 tbeus
2304 943 2570 994 Ecclesiae
2610 940 2926 1010 Anglicanas
2983 937 3270 1006 theologus
3299 953 3357 991 se
3402 936 3669 990 exercuit.

2102 1038 2356 1091 Evliderat
2387 1032 2862 1102 Constantinopoli
2895 1031 3066 1086 redux
3107 1032 3392 1098 epistolam
3427 1031 3493 1082 de
3527 1030 3668 1082 Grai.-

2103 1148 2292 1185 c:trum
2334 1129 2704 1181 Ecclesiarum
2741 1135 2908 1186 statu,
2958 1125 3010 1178 in
3049 1138 3155 1192 qua
3201 1124 3377 1176 virum
3412 1122 3670 1177 doctissi-

2105 1239 2250 1274 mum
2300 1220 2637 1276 niehardum
2701 1218 2982 1270 Simonem
3039 1217 3480 1284 impugnat/crat,
3527 1215 3672 1282 quod

2103 1316 2157 1369 in
2206 1314 2445 1368 Historia
2494 1311 2618 1364 ﬁdei
2655 1310 3018 1364 Orientalium
3060 1308 3280 1362 Graecos
3322 1307 3676 1376 praesentiam

2105 1407 2328 1470 rcalem,
2365 1416 2417 1458 et
2458 1402 3135 1458 transsubslantiationt-m
3165 1399 3390 1454 credere
3426 1398 3674 1452 ﬁrmissi-

2106 1503 2209 1556 mis
2248 1498 2595 1567 argumentis
2623 1496 2926 1550 docuisset.
2961 1494 3096 1558 Quia
3134 1509 3264 1546 vero
3291 1492 3572 1546 Smitbeus
3601 1492 3672 1544 ita

2103 1601 2374 1649 Statuerat
2395 1592 2627 1659 primum
2659 1597 2750 1640 aut
2775 1586 2962 1641 saltem
2985 1583 3119 1639 iri—ter
3142 1587 3338 1655 primos
3366 1585 3456 1653 qui
3487 1601 3675 1653 μετουο

2106 1686 2350 1744 σιώςεως
2385 1700 2517 1737 voce
2562 1683 2646 1736 usi
2683 1681 2886 1745 forent,
2927 1680 3023 1733 Gal
3051 1681 3236 1732 riclem
3288 1659 3676 1743 Philadelphia!

2108 1779 2509 1846 metropolitani
2551 1775 2743 1841 fuisse,
2790 1773 3055 1830 Gennadii
3093 1772 3472 1825 testimonium
3503 1784 3676 1838 oppo-

2109 1879 2293 1924 suerat
2325 1869 2388 1924 R.
2423 1869 2609 1922 Simon
2644 1883 2706 1920 ex
2745 1859 2892 1919 brevi
2932 1865 3021 1918 illa
3066 1862 3291 1916 ltomilia
3325 1876 3489 1930 quam
3523 1859 3677 1930 Syri-

2111 1978 2212 2032 gus
2242 1964 2391 2030 operi
2427 1975 2526 2013 suo
2561 1959 2812 2020 inseruit,
2855 1955 2997 2025 quod
3026 1969 3166 2024 Opus
3197 1968 3225 2005 a
3260 1951 3418 2006 nobis
3450 1965 3676 2019 accepe-

2113 2063 2216 2108 rat.
2272 2054 2552 2106 Smitbeus
2603 2052 2656 2104 in
2695 2051 2870 2119 prima
2916 2047 3394 2102 Miscellancorum
3449 2058 3675 2097 suorum

2110 2148 2378 2211 editione,
2417 2159 2540 2198 cum
2590 2159 2654 2197 ex
2702 2142 2794 2196 illo
2826 2143 2944 2195 solo
2986 2137 3301 2194 testimonio
3342 2145 3508 2190 totam
3549 2152 3680 2188 eva-

2111 2255 2341 2294 nescere
2389 2239 2452 2292 de
2497 2235 2751 2291 Gabriele
2801 2248 2956 2288 suam
3009 2230 3398 2285 divinationem
3448 2228 3675 2289 videret,

2110 2331 2382 2389 Gennadii
2438 2344 2576 2396 opus
2626 2337 2687 2382 ut
2719 2324 3111 2393 ὑποϐολιμαίου
3143 2320 3436 2390 scriptoris
3464 2319 3677 2385 rejecit.

2111 2429 2179 2480 At
2209 2424 2566 2479 doctissimus
2609 2419 2730 2489 ejus
2765 2416 3113 2472 adversarius
3149 2412 3532 2467 dissertatione
3560 2425 3680 2464 ver-

2111 2518 2301 2574 nacula
2322 2517 2399 2588 (2)
2435 2515 2507 2568 De
2521 2514 2625 2582 ﬁde
2654 2511 2906 2565 Ecclesia’
2931 2507 3214 2564 Orientalis
3241 2507 3381 2559 circa
3401 2506 3680 2557 transsub-

2111 2609 2529 2670 stautiationem,
2580 2607 2732 2660 illum
2783 2606 2859 2658 ita
2903 2601 3230 2661 confutavit,
3265 2609 3323 2652 ut
3366 2599 3412 2652 is
3451 2613 3680 2665 respon-

2114 2705 2269 2757 sione
2299 2703 2558 2755 Adversus
2591 2697 2961 2752 cavillationes
2994 2692 3236 2755 Simonii,
3274 2707 3398 2744 nam
3438 2691 3507 2742 ita
3535 2690 3679 2742 illam

2116 2794 2420 2848 inscribere
2477 2791 2706 2859 placuit,
2737 2788 2870 2842 nihil
2915 2786 3060 2856 quod
3084 2783 3151 2838 ad
3193 2799 3305 2836 rem
3337 2781 3562 2845 laceret,
3596 2795 3680 2834 rc-

2116 2885 2404 2956 spondisse
2455 2891 2809 2952 agnoscatur.

2187 2976 2323 3030 Cum
2357 2975 2526 3045 igitur
2562 2973 2615 3026 in
2643 2972 2820 3042 prima
2843 2967 3230 3024 dissertatione
3251 2964 3529 3020 homiiiam
3554 2964 3680 3018 bre-

2117 3086 2260 3134 vem,
2314 3076 2406 3123 aut
2448 3066 2757 3136 epistolam,
2806 3064 2851 3118 si
2887 3061 3106 3132 quidem
3151 3060 3271 3114 talis
3315 3059 3484 3112 videri
3517 3059 3680 3112 etiam

2116 3171 2320 3234 potest,
2359 3177 2480 3230 quae
2527 3175 2587 3214 ex
2624 3156 2824 3211 Meletii
2861 3154 3038 3226 Syrigi
3078 3153 3218 3206 libro
3256 3151 3517 3221 producta
3567 3137 3698 3204 lue;

445 3239 701 3308 amplecti
726 3256 786 3294 se
812 3242 1094 3297 multoties
1127 3250 1393 3310 testatur;
1430 3245 1590 3313 cujus
1617 3246 1856 3315 denique
1887 3249 2012 3302 hora
2041 3259 2086 3319 ς
2120 3267 2227 3318 ται,
2271 3253 2500 3322 rejieere
2554 3255 2848 3319 satageret,
2899 3247 3013 3299 hare
3057 3253 3376 3312 argumenta
3430 3241 3684 3310 protulit,

445 3341 557 3384 tatu
593 3344 643 3386 et
693 3333 927 3388 consilio
971 3335 1224 3390 monachi
1271 3346 1324 3392 et
1372 3337 1642 3393 moniales
1695 3353 1726 3392 a
1768 3353 2016 3395 commu-

446 3425 610 3478 nione
669 3425 988 3480 Latinorum
1040 3429 1212 3498 palam
1270 3439 1650 3495 recesserunt,
1712 3443 1765 3488 et
1822 3443 2012 3489 sancta

436 3516 610 3570 ‘(tia-m
644 3518 931 3587 profanum
964 3520 1016 3574 in
1045 3521 1263 3576 modum
1290 3524 1795 3594 conculcaverunt;
1829 3529 1924 3597 qui
1957 3530 2011 3584 in

447 3607 611 3664 Marci
649 3610 872 3681 Ephesii
913 3613 1076 3666 verba
1104 3614 1334 3683 juravit,
1361 3617 1567 3688 quique
1597 3621 1776 3689 palam
1805 3621 2018 3692 prolec-

449 3713 538 3754 tus
583 3711 668 3770 est
713 3705 1078 3773 ἀκοινώνητον
1122 3721 1252 3777 erga
1299 3707 1524 3765 Latinos
1573 3727 1892 3768 mansurum
1933 3729 2015 3780 se,

446 3795 620 3848 donec
657 3794 904 3849 Romana
932 3797 1174 3853 Ecclesia
1206 3807 1284 3854 tot
1311 3801 1572 3866 h:ereses,
1603 3819 1835 3873 quarum
1870 3805 2014 3859 illam

450 3887 656 3956 ubique
687 3889 949 3956 postulat,
997 3889 1331 3959 abjurasset.
1367 3890 1490 3948 llaec
1515 3894 1684 3964 igitur
1719 3896 2018 3952 refellenda

450 3979 774 4033 ltlt'tlmltllttl
807 3978 1276 4049 Protestantibus,
1329 3994 1621 4056 antequam
1674 3986 2016 4044 Gennadium

447 4075 515 4126 de
554 4071 918 4128 Eucharistize
957 4073 1064 4130 lide
1106 4076 1265 4132 nobis
1299 4079 1676 4134 testimonium
1715 4084 2018 4151 perhiben-

449 4171 555 4215 tem
588 4177 654 4216 ex
685 4163 909 4218 tesrium
943 4179 1172 4221 numero
1195 4165 1466 4235 rejiciant.
1499 4165 1566 4221 Ut
1600 4161 1780 4224 autem
1813 4170 1866 4225 id
1897 4171 2020 4226 εἴη·

445 4254 649 4320 eiatur,
703 4270 811 4309 non
857 4257 1050 4312 inanes
1089 4258 1470 4328 conjecturas,
1513 4261 1612 4316 sed
1652 4272 1804 4317 certa
1857 4278 2022 4334 argu-

450 4359 630 4398 un-nta
657 4346 726 4400 ab
760 4348 894 4416 ipsis
917 4351 1284 4416 postulamus.

520 4439 652 4504 Qua:
677 4455 808 4494 vero
843 4457 907 4494 es
949 4443 1156 4497 nostris
1189 4445 1525 4499 auct-oribus
1578 4445 1632 4498 in
1677 4448 2028 4501 contrarium

453 4533 731 4586 adducere
755 4534 958 4597 solent,
993 4549 1056 4587 ea
1086 4534 1410 4590 habebimus
1439 4537 1665 4591 omnino
1706 4539 1886 4593 nihili.
1916 4540 2022 4595 Ne-

2121 3346 2466 3402 Gennadium
2517 3343 2597 3397 ait
2659 3339 2957 3394 Catholicis
3005 3334 3438 3391 addictissimum
3495 3333 3684 3394 fuisse.

2118 3439 2239 3494 solo
2287 3434 2602 3492 testimonio
2641 3430 2821 3485 Allatii
2859 3438 2913 3484 et
2965 3429 3198 3482 aliorum
3249 3425 3344 3495 qui
3394 3425 3686 3493 Georgium

2122 3530 2470 3586 Scholarium
2503 3535 2556 3580 et
2591 3523 2938 3579 Gennadium
2970 3519 3242 3588 duplicem
3293 3517 3524 3581 faciunt,
3564 3531 3686 3571 cum

2119 3637 2185 3677 ex
2219 3622 2288 3676 iis
2327 3634 2452 3689 qnze
2500 3617 2760 3686 superius
2803 3613 3057 3682 exposita
3089 3619 3249 3675 sunt,
3283 3611 3420 3665 satis
3471 3619 3685 3664 constet

2123 3728 2291 3768 unum
2330 3711 2688 3778 eumdemque
2732 3707 3077 3762 Scholarium
3130 3711 3186 3758 et
3237 3703 3427 3757 unioni
3459 3719 3678 3773 promn-

2122 3803 2310 3858 vendtr
2367 3802 2584 3856 dedisse
2634 3813 2854 3869 operam
2903 3811 3025 3851 cum
3078 3804 3220 3849 esset
3271 3793 3582 3858 Florentiae,
3639 3804 3688 3846 et

2123 3906 2332 3952 mutata
2373 3893 2672 3957 sententia,
2707 3889 3089 3946 acerbissimis
3126 3887 3325 3944 deinde
3377 3889 3430 3942 iu
3464 3886 3690 3942 Latinos

2123 3985 2265 4040 odiis
2297 3985 2437 4053 apud
2469 3998 2598 4038 suos
2633 3981 2978 4036 inclaruisse.

2193 4080 2352 4134 Aliud
2418 4084 2802 4147 argumentum
2850 4074 3020 4130 sumit
3071 4089 3134 4129 ex
3174 4073 3378 4141 Allatii,
3413 4074 3692 4130 Posscvini

2125 4174 2471 4243 aliorumque
2511 4171 2756 4234 silentio,
2793 4171 2993 4240 quibus
3021 4185 3296 4238 nunquam
3331 4169 3446 4224 haec
3475 4169 3692 4222 homilia

2125 4268 2269 4320 lecta
2297 4265 2421 4331 fuit,
2459 4264 2561 4318 etsi
2597 4264 2686 4317 ille
2730 4263 3044 4331 diligentem
3085 4262 3138 4315 in
3168 4262 3437 4317 Gennadii
3473 4261 3694 4344 scriptis

2127 4355 2527 4426 inresugaudis
2554 4353 2777 4408 uavavit
2808 4367 3054 4422 operam.
3102 4351 3381 4406 Judicium
3429 4352 3498 4406 sit
3529 4365 3696 4420 penes

2126 4463 2224 4504 eos
2245 4447 2698 4518 quiAllatianum
2731 4445 2969 4499 Iudicem
3003 4460 3127 4499 cum
3172 4453 3362 4499 nostro
3389 4444 3696 4508 conferent,

2129 4557 2197 4596 an
2228 4542 2330 4595 hac
2395 4539 2664 4593 invidiosa
2691 4536 2848 4591 laude
2877 4537 3076 4606 dignus
3121 4537 3195 4591 sit
3221 4536 3469 4590 Allatius.
3503 4534 3697 4589 Posse-

452 4639 559 4691 que
588 4625 732 4678 enim
761 4625 805 4678 si
841 4626 970 4692 quid
997 4625 1252 4690 Allatius,
1294 4628 1721 4698 CaryOphyllus,
1747 4632 2021 4687 Arcudius
2059 4602 2100 4655 θ
2137 4635 2298 4689 vinus
2326 4633 2512 4687 multis
2545 4631 2669 4684 aliis
2704 4602 3042 4693 norniuibus,
3074 4630 3166 4684 sed
3198 4645 3481 4698 nunquam
3513 4645 3540 4682 a
3574 4629 3697 4682 ditio

452 4721 548 4776 aut
571 4714 661 4768 alii
695 4714 761 4768 de
789 4712 1106 4768 Graecorum
1149 4717 1311 4770 rebus
1345 4719 1715 4786 scripserunt,
1755 4721 1890 4790 legis
1926 4731 2022 4776 aut

451 4807 615 4860 elicti
657 4807 909 4876 perpetui
952 4807 1094 4876 apud
1136 4823 1239 4864 nos
1282 4813 1390 4864 vim
1439 4812 1708 4879 obtinent,
1747 4825 1804 4870 ut
1849 4816 2021 4871 recla-

451 4913 602 4952 mare
645 4915 750 4952 non
796 4899 998 4963 liceat;
1037 4901 1212 4957 multo
1250 4905 1434 4958 minus
1460 4907 1666 4976 scripta
1713 4921 1743 4960 a
1780 4909 2022 4964 sordidis

451 4993 797 5060 ain-toribus,
825 5010 1058 5063 quorum
1093 4997 1426 5069 testimoniis
1461 4999 1723 5055 Claudius
1755 5012 1861 5054 tam
1900 5001 2022 5055 inu-

453 5097 471 5136 t
499 5085 620 5140 liter
648 5087 854 5142 abusus
892 5098 993 5151 est,
1038 5099 1095 5144 ut
1137 5089 1448 5147 Orientales
1479 5091 1802 5148 Calvinistis
1826 5094 2026 5163 adjun-

449 5190 627 5246 gctet,
667 5197 792 5235 cum
825 5191 954 5236 ante
990 5198 1164 5238 annos
1206 5195 1426 5238 centum
1456 5193 1510 5238 et
1536 5185 1720 5240 decem
1752 5185 2026 5240 Luthera-

450 5274 538 5325 uis
589 5271 1204 5344 Wirtembergcnsibus,
1237 5291 1472 5346 quorum
1520 5278 1865 5332 tolerabilior
1901 5293 2027 5332 sen-

453 5365 624 5418 tentia
657 5374 798 5430 erat,
835 5375 943 5420 tam
1000 5369 1286 5437 perspicue
1319 5367 1715 5436 signiﬁcaverit
1759 5366 2028 5424 Jeremias

453 5457 794 5524 patriarcha,
856 5469 1124 5528 quantmn
1179 5461 1270 5514 illa
1326 5460 1430 5515 sibi
1493 5471 1548 5516 et
1605 5461 1703 5514 toti
1767 5460 2028 5516 Ecclesiae

453 5548 719 5604 Orientali
752 5551 1089 5620 displiceret.

522 5639 725 5696 Verum
760 5646 887 5712 quia
916 5642 1184 5699 Jeremias
1214 5658 1400 5698 vocem
1430 5641 2028 5699 Traussubstantiatio-

2130 4726 2314 4794 gentia
2378 4723 2429 4776 in
2481 4721 2839 4777 recensendis
2903 4719 3228 4774 auctoribus
3286 4719 3542 4772 laudatus
3596 4727 3697 4771 est.

2129 4813 2267 4879 Quis
2318 4813 2502 4866 omnia
2537 4827 2594 4865 se
2615 4811 2817 4864 vidisse
2889 4808 3087 4862 audeat
3113 4807 3418 4870 venditare,
3449 4808 3554 4860 nisi
3586 4810 3700 4875 qui-

2131 4909 2234 4960 bus
2280 4905 2394 4958 htec
2439 4903 2623 4958 studia
2655 4903 2840 4971 ignota
2875 4901 3042 4955 sunt?
3069 4897 3375 4955 Habuimus
3407 4913 3471 4952 ex
3508 4898 3702 4952 biulio-

2131 5001 2292 5053 theca
2323 4997 2486 5066 Regia
2523 4995 2683 5050 codd.
2720 5010 2856 5049 mss.
2894 4994 2986 5062 qui
3034 5001 3144 5047 tam
3178 4991 3425 5062 proxime
3455 4991 3522 5044 ad
3561 4990 3700 5044 Gen-

2135 5090 2282 5146 nadii
2313 5097 2527 5143 aetatem
2574 5088 2868 5151 accedunt,
2902 5095 2961 5140 ut
3013 5085 3199 5140 statim
3253 5083 3322 5137 ab
3355 5083 3477 5152 ejus
3527 5083 3702 5141 obitu,

2136 5192 2230 5236 aut
2287 5183 2406 5251 ipso
2450 5181 2618 5236 etiam
2655 5178 2952 5250 superstite
2989 5176 3186 5248 scripti
3228 5175 3544 5240 videantur,
3597 5172 3704 5226 imo

2137 5276 2386 5330 nonnulli
2424 5273 2621 5340 ipsius,
2658 5283 2716 5326 ut
2753 5287 2860 5325 non
2897 5285 3034 5324 vana
3057 5269 3378 5344 conjectura
3409 5274 3512 5328 est,
3543 5279 3714 5318 manu.

2137 5367 2439 5424 emendati.
2477 5365 2536 5419 In
2574 5366 2643 5420 iis
2677 5365 2936 5433 leguntur
2961 5365 3106 5415 inter
3153 5360 3322 5414 multa
3355 5359 3460 5413 alia
3495 5357 3702 5426 Episto-

2139 5461 2202 5514 la:
2235 5473 2287 5514 et
2319 5459 2610 5512 Orationes
2647 5472 2784 5525 quas
2813 5454 3128 5510 Gennadius
3174 5467 3298 5507 cum
3348 5453 3402 5506 in
3432 5459 3703 5504 monaste-

2137 5551 2274 5604 rium
2322 5565 2381 5604 se
2428 5549 2714 5618 reciperet,
2754 5557 2959 5600 etcum
3000 5543 3423 5612 patriarchalem
3465 5541 3706 5611 dignita-

2141 5655 2244 5697 tem
2289 5642 2592 5706 abdicaret,
2630 5641 2875 5711 scripsit,
2921 5654 3045 5711 quae
3089 5647 3261 5694 totam
3313 5636 3380 5692 de
3410 5632 3707 5692 Geunadiis

527 5832 602 5901 (ι)
634 5829 802 5896 Epist.
831 5830 894 5882 ad
927 5828 1219 5901 Maximum
1242 5839 1297 5884 ct
1329 5829 1627 5886 inetiachos
1663 5829 1800 5886 alios
1823 5827 2021 5888 Montis
2063 5827 2212 5896 Sina,
2245 5847 2341 5885 ms.

524 5898 601 5969 (2',
637 5903 728 5956 litt.
766 5901 988 5955 Lutetia:
1025 5898 1178 5954 1681.
