4102 6424
415 438 495 504 Ξατ
596 478 615 488 κ
1925 438 2126 503 “TA.

3544 424 3662 490 9'18

370 559 595 614 'duohus
649 555 1084 625 disputationem
1129 561 1410 610 evertunt.
1464 553 1638 623 Neget
1686 553 1963 624 quispiam
1998 565 2043 618 Α·
2069 563 2217 613 esset
2246 554 2442 607 doctor
2471 549 2754 621 Evangelii
2799 552 2852 603 in
2902 544 3157 604 Ecclesia
3186 540 3667 607 Constantinopo-o

384 649 619 719 genuina
653 648 767 703 haec
797 662 939 709 esse.
982 646 1206 703 habebit
1241 645 1390 701 idem
1431 646 1487 701 in
1521 645 1704 702 Allatii
1738 647 1960 704 silentio

383 742 729 814 praasidium.

455 834 715 901 Quotidie
745 849 812 889 ex
860 833 1322 890 bibliothecarum
1371 833 1567 890 forulis
1614 835 1785 890 multa
1833 835 1965 891 doc-

388 928 618 983 tissimis
647 926 784 981 viris
839 925 1115 996 incognita
1157 938 1475 981 eruuntur:
1526 942 1706 996 neque
1746 928 1961 997 “mirum

387 1030 602 1077 exstare
634 1021 687 1075 in
724 1020 1049 1087 Gallicanis,
1077 1023 1223 1091 quod
1249 1022 1303 1077 in
1335 1021 1603 1078 Romanis
1637 1040 1745 1079 non
1779 1037 1966 1080 exsta-

390 1114 503 1170 bat.
534 1115 758 1184 Regiam
807 1115 1082 1171 Vaticanae
1117 1119 1355 1172 conferri
1390 1133 1499 1172 non
1535 1118 1643 1173 fert
1678 1118 1966 1174 Smitheus

387 1224 541 1279 teque
566 1209 753 1264 animo
788 1223 801 1261 :
846 1224 946 1264 cur
978 1211 1239 1265 tandem?
1270 1209 1407 1265 Nam
1460 1212 1593 1282 quid
1649 1226 1747 1267 sua
1798 1213 1969 1268 refert

388 1319 511 1371 quae
540 1303 757 1357 illarum
789 1302 1105 1359 ditiorssit?
1135 1301 1340 1372 Nempe
1369 1311 1428 1357 ut
1451 1303 1828 1360 eeraticana:
1852 1305 1972 1359 lau-

391 1399 554 1453 dibus
607 1395 769 1466 regia:
825 1397 1157 1453 invidiosam
1218 1398 1595 1468 suspicionem
1658 1405 1968 1468 comparet,

392 1490 549 1556 quasi
576 1489 721 1558 quod
760 1488 813 1543 in
838 1489 1008 1543 altera
1041 1490 1220 1555 deest,
1257 1490 1309 1544 in
1336 1491 1441 1544 alia
1467 1506 1592 1547 esse
1618 1507 1727 1546 non
1755 1492 1970 1560 possit;

391 1594 488 1638 aut
514 1584 558 1639 si
601 1582 928 1653 reperiatur,
959 1583 1156 1637 debeat
1179 1583 1551 1640 adulterinum
1574 1584 1842 1653 iudicari.

452 1677 608 1728 Hanc
629 1690 752 1728 uero
783 1674 1085 1734 ltomiliam.
1114 1656 1293 1744 inquit
1317 1674 1626 1740 Smilhens,
1658 1693 1766 1731 non
1798 1678 1853 1731 in
1885 1692 1972 1731 co-

389 1765 594 1822 dicibus
639 1765 813 1837 Regiis
865 1767 1213 1827 bibliothecae.
1266 1768 1358 1823 sed
1407 1773 1550 1838 apud
1582 1769 1653 1824 ι).
1714 1769 1975 1824 Burdelo-

392 1861 524 1914 tium
554 1871 767 1915 exstare
791 1859 931 1913 dixit
969 1860 1269 1923 Simonius,
1304 1862 1497 1932 frigide
1530 1862 1747 1933 quidem
1786 1872 1838 1918 et
1878 1865 1972 1918 ad-

2066 645 2237 700 litana
2272 661 2285 697 :
2323 642 2661 720 qni_synodo
2705 657 2774 695 an
2838 639 2977 695 1658
3016 637 3122 693 sub
3159 635 3365 706 Cyrillo
3399 631 3661 686 Bcrrhoe-

2067 739 2187 795 ensi
2221 738 2489 794 adversus
2536 735 2801 807 Cyrillum
2851 731 3088 787 Lucariu
3129 722 3668 788 habitte‘interfuit,»

2070 841 2123 886 et
2151 847 2271 886 eam
2302 829 2707 900 subscriptione
2741 823 3024 880 ﬁrmavit:
3057 822 3152 892 qui
3183 837 3211 874 a
3241 817 3540 875 Parthenio
3570 830 3661 872 se—

2071 927 2228 979 niore
2284 924 2601 994 patriarcha
2664 914 3284 987 Constantinopolitano
3339 910 3669 967 inMoldom

2071 1016 2356 1071 Blachiam
2408 1016 2637 1080 missus,
2677 1013 2919 1070 decretis
2953 1011 3221 1066 adversus
3255 1006 3504 1078 ejusdem
3541 1003 3673 1058 LII--

2072 1110 2220 1165 caris
2250 1108 2676 1165 Confessionem
2715 1105 3027 1164 scribendis
3076 1102 3250 1158 adfuit
3288 1118 3304 1155 :
3356 1108 3472 1154 tum
3503 1112 3565 1152 ea
3599 1103 3660 1150 ut

2071 1203 2494 1273 patriarchalcm
2574 1201 3047 1257 conﬁrmationem
3102 1196 3421 1266 acciperent
3450 1232 3466 1257 ,
3512 1192 3662 1247 Con-

2074 1293 2475 1362 stantinopolin
2505 1293 2631 1347 tulit
2664 1308 2678 1347 :
2709 1293 2802 1358 qui
2836 1293 2980 1346 inter
3001 1289 3140 1345 alios
3164 1302 3358 1343 omnes
3380 1283 3680 1353 theologos.

2076 1388 2147 1442 ab
2174 1386 2366 1441 eodem
2407 1384 2729 1455 designatus
2766 1393 2874 1449 est,
2922 1391 2983 1439 ut
3018 1381 3385 1437 orthodoxam
3419 1376 3660 1435 Confes-

2077 1479 2313 1546 sionem,
2361 1493 2484 1549 qum
2517 1478 2698 1549 primo
2747 1478 2814 1532 ad
2867 1474 3233 1531 Russicarum
3286 1471 3662 1527 Ecclesiarum

2076 1587 2237 1629 usum
2271 1571 2581 1640 composita
2619 1569 2822 1634 fuerat,
2865 1565 3179 1623 recenserct
3208 1577 3259 1621 et
3293 1564 3663 1634 expenderet:

2077 1680 2201 1736 qua:
2232 1663 2435 1719 deinde
2467 1663 2635 1718 totius
2673 1661 2880 1718 Graecae
2918 1660 3181 1716 Ecclesia:
3224 1673 3499 1715 consensu
3549 1665 3671 1710 tan-

2078 1770 2245 1828 quam
2276 1755 2590 1812 communis
2621 1754 2741 1809 fidei
2779 1753 3069 1810 verissima
3110 1752 3386 1823 expositio
3418 1750 3669 1828 probata,

2079 1825 2135 1903 et
2160 1848 2246 1903 bis
2272 1847 2439 1913 edita,
2469 1855 2738 1901 tractatur
2759 1845 3082 1901 Graecorum
3108 1845 3358 1899 omnium
3388 1825 3667 1898 manibus.

391 1952 606 2008 modum
663 1969 891 2022 parce...
953 1952 1112 2007 titulo
1189 1954 1422 2010 homilia:
1490 1925 1696 2010 tantum
1760 1958 1967 2013 addito.

2087 1939 2137 1995 3i
2202 1940 2319 1995 hare
2369 1939 2852 2009 Constantinopoli
2921 1938 3211 1993 Smitheus
3275 1952 3385 1992 non
3448 1936 3667 2000 didicit,

392 2046 580 2116 Neque
603 2049 745 2102 enim
774 2063 842 2101 an
873 2047 1101 2116 singula:
1147 2048 1337 2102 harum
1389 2048 1738 2105 homiliarum
1785 2068 1972 2107 nomen

391 2141 657 2199 Gennadii
681 2152 936 2213 tanquam
967 2143 1074 2199 ueri
1107 2145 1347 2199 auctoris
1378 2145 1749 2213 praetulerint,
1773 2161 1866 2213 per
1896 2149 1975 2212 ip—

389 2252 513 2291 rum
542 2238 681 2292 scire
726 2236 875 2293 nobis
905 2235 1048 2297 licet.
1097 2240 1178 2293 An
1225 2254 1333 2293 non
1372 2238 1552 2294 debuit
1598 2238 1692 2292 ille
1742 2239 1976 2294 codicem

387 2328 545 2383 illum
579 2345 687 2384 una
719 2346 841 2384 cum
874 2341 1188 2385 cratera-um
1236 2329 1603 2385 Homiliarum
1639 2331 1813 2386 titulis
1859 2348 1975 2387 sus-

388 2425 616 2501 picionis
649 2440 713 2479 ne
741 2426 1025 2495 quisquam
1057 2426 1319 2493 impostor
1361 2426 1570 2496 vofritie
1614 2442 1726 2480 non
1752 2428 1975 2480 insolita

390 2530 579 2569 nomen
628 2513 889 2570 Gennadii
938 2514 1075 2584 forte
1098 2517 1380 2585 ementitus
1441 2517 1606 2587 fuerit
1671 2518 1987 2574 amovertdte

389 2625 561 2665 causa
616 2611 923 2666 accuratius
980 2619 1032 2666 et
1082 2611 1372 2681 specialius
1426 2612 1771 2667 describere?
1821 2610 1978 2666 Nun-

387 2717 559 2772 quam
599 2701 902 2759 Burdelotii
950 2703 1235 2761 Simonius
1272 2706 1549 2771 meminit,
1595 2713 1691 2763 aut
1730 2707 1976 2763 codicem

387 2801 535 2871 apud
568 2815 690 2857 eum
713 2808 934 2859 exstare
974 2802 1137 2856 dixit.
1167 2801 1309 2869 Quid
1342 2801 1415 2858 sit
1445 2801 1640 2873 frigide
1698 2810 1791 2858 aut
1818 2818 1980 2871 parce

389 2892 645 2948 codicem
691 2882 985 2961 designare
1040 2908 1149 2947 non
1209 2892 1345 2950 satis
1390 2894 1668 2965 capimus.
1715 2894 1799 2948 An
1833 2894 1981 2962 quod

386 2986 624 3041 nimium
671 2986 826 3043 multi
874 2987 1102 3051 faciunt,
1133 2989 1531 3044 verbosissime
1562 2988 1979 3053 commendare,

387 3089 435 3135 et
458 3081 669 3149 saepius
696 3097 890 3152 parum
926 3081 1163 3138 fideliter
1185 3081 1369 3147 ?Quot
1400 3081 1547 3136 enim
1569 3089 1696 3137 sunt
1725 3081 1816 3151 qui
1847 3080 1982 3134 ἀπό-

385 3189 586 3243 γραφα.
615 3188 712 3229 sua
758 3187 902 3243 saepe
936 3171 1354 3229 mendosissima
1388 3187 1525 3228 mss.
1564 3172 1816 3229 codicum
1860 3171 1979 3225 loco

2078 2034 2239 2104 culpa
2272 2034 2448 2104 ipsius
2484 2043 2610 2100 est;
2645 2033 2742 2088 sed
2768 2033 2954 2088 editus
2985 2039 3090 2095 est,
3122 2039 3182 2084 ut
3205 2028 3450 2083 Venetiis
3468 2028 3537 2083 ad
3571 2042 3670 2081 nos

2080 2127 2347 2196 scriptum
2388 2139 2566 2197 nuper
2611 2125 2739 2191 fuit,
2774 2124 2917 2179 liber
2969 2122 3090 2192 ipse
3136 2120 3349 2176 Meletii
3405 2119 3671 2174 adversus

2079 2219 2274 2292 Cyrilli
2310 2218 2758 2285 Confessionem,
2808 2223 2862 2271 ct
2913 2215 3063 2269 illius
3114 2224 3376 2284 tanquam
3426 2211 3560 2268 editi
3614 2213 3689 2266 in.-

2078 2314 2356 2370 Moldavia
2390 2313 2645 2368 meminit
2670 2310 2873 2366 Petrus
2898 2308 3133 2366 Allixius
3168 2308 3255 2363 vir
3286 2307 3679 2363 doctissimus.

2080 2409 2157 2464 Ea
2192 2422 2359 2478 porro
2404 2406 2578 2461 editio
2617 2414 2742 2461 cum
2794 2402 3113 2459 Graecorum
3162 2416 3329 2473 opera
3372 2399 3674 2472 prodierit",-

2082 2517 2191 2558 non
2239 2509 2327 2556 est
2365 2501 2478 2572 jam
2513 2498 2664 2553 ullus
2694 2496 2964 2552 adversus
3010 2494 3214 2550 Meletii
3274 2493 3455 2566 Syrigi
3511 2491 3679 2547 fidem

2082 2592 2391 2661 suspicioni
2422 2592 2602 2647 locus.
2625 2590 2747 2645 Non
2782 2591 2928 2646 enim
2958 2587 3327 2643 tenebrionum
3355 2595 3406 2640 et
3435 2585 3679 2657 partium

2083 2686 2277 2743 studiis
2308 2685 2804 2740 addictissimorum
2850 2682 3149 2746 hominum,
3190 2678 3287 2735 scd
3340 2694 3532 2733 eorum
3579 2678 3673 2746 qui

2085 2783 2152 2846 in.
2174 2781 2323 2836 clara
2352 2777 2622 2836 Ecclesiae
2654 2776 2859 2833 Graecae
2899 2775 3043 2837 luce,
3077 2771 3341 2828 doctrinae
3372 2779 3429 2826 et
3455 2770 3678 2839 pietatis

2085 2872 2254 2929 laude
2289 2872 2626 2938 floruerunt,
2659 2869 2866 2939 scripta
2906 2868 3011 2923 huc
3044 2880 3224 2937 usque
3261 2862 3399 2920 Jasii
3434 2873 3530 2918 aut
3567 2861 3677 2916 Bu-

2087 2969 2363 3024 chorestae
2389 2980 2596 3022 excusa
2629 2973 2779 3022 sunt.

2156 3061 2316 3129 Quod
2347 3076 2513 3132 porro
2539 3074 2645 3116 nos
2678 3074 2747 3115 ex
2770 3058 2937 3114 libris
2970 3054 3292 3121 didicimus,
3325 3050 3677 3109 si-Constano

2089 3156 2316 3227 tinopoli
2350 3155 2630 3212 Smitheus
2667 3168 2774 3209 non
2808 3152 3039 3216 audivit,
3087 3158 3276 3204 nostra
3310 3162 3419 3202 non
3454 3143 3625 3200 refert
3659 3162 3673 3198 :

387 3238 787 3333 laudaveram,
822 3238 967 3338 quod
1014 3268 1108 3338 qui
1142 3268 1286 3339 apud
1322 3282 1424 3324 nos
1465 3266 1693 3333 faceret,
1742 3281 1850 3323 non
1891 3266 1975 3321 in-
2005 3265 2049 3325 C
2085 3249 2182 3305 Sed
2207 3247 2541 3303 Ρθηῖτθυίυε
2570 3255 2626 3302 ei
2652 3241 3321 3339 Dionysjuipamaffhie
3351 3238 3677 3339 (ἷξπιδξθιηίς

386 3369 577 3417 tactus
612 3370 764 3418 esset
799 3377 829 3415 a
859 3362 1046 3418 sibilo.

454 3456 650 3513 Codex
699 3456 837 3526 ipse,
871 3461 934 3509 ut
977 3454 1376 3524 judicaverunt
1407 3453 1512 3509 viri
1564 3453 1616 3510 in
1648 3454 1981 3523 antiquitate

387 3550 583 3607 Gmca
616 3546 1091 3610 exercitatissimi,
1126 3548 1254 3601 talis
1285 3556 1391 3612 est,
1426 3556 1489 3602 ut
1528 3548 1597 3603 de
1631 3548 1754 3616 ejus
1790 3548 1983 3601 αὐθενον

389 3643 480 3713 sla
522 3655 685 3696 nemo
720 3649 917 3711 praeter
949 3654 1045 3696 eos
1084 3639 1177 3710 qui
1213 3639 1370 3695 illum
1406 3655 1514 3695 non
1561 3640 1841 3706 viderunt,
1875 3640 1981 3694 du-

388 3734 672 3789 bitaverit.
751 3732 957 3787 Habuit
1002 3731 1156 3788 illum
1192 3729 1504 3789 Nointelius
1538 3747 1579 3788 a»
1619 3731 1980 3802 Panagiotte;

388 3842 490 3883 nos
524 3842 550 3879 a
572 3824 877 3882 Nointelio.
904 3823 1016 3881 Cur
1037 3839 1207 3895 porro
1226 3825 1295 3881 de
1319 3824 1639 3896 suspicione
1668 3824 1982 3881 amolienda

390 3918 693 3987 quisquam
751 3917 1046 3987 cogitaret,
1100 3932 1223 3987 qua:
1276 3918 1399 3973 sine
1448 3933 1661 3973 summa
1707 3918 1981 3971 calumnia

391 4009 631 4080 cogitari
682 4011 851 4066 multa
901 4010 1137 4082 posset?
1175 4010 1370 4066 Exstat
1405 4009 1633 4064 homilia
1680 4025 1806 4065 cum
1861 4010 1983 4064 aliis

391 4102 508 4158 Gen
526 4102 670 4155 nadii
699 4102 988 4172 operibus,
1032 4117 1154 4169 qua!
1180 4101 1501 4157 certissime
1531 4101 1681 4156 illius
1718 4088 1842 4157 es‘se
1875 4116 1982 4155 non

392 4195 566 4250 modo
601 4194 899 4249 multorum
954 4194 1206 4249 codicum
1252 4208 1590 4259 consensus,
1632 4193 1727 4249 sed
1761 4193 1987 4248 Grmco-

387 4302 513 4344 rum
576 4286 896 4343 testimonia
951 4286 1303 4341 confirmant.
1347 4285 1407 4341 In
1467 4302 1530 4342 ea
1584 4301 1744 4356 quam
1799 4286 1987 4341 laudat

393 4380 656 4437 Heletius
686 4380 942 4452 Syrigus,
968 4381 1209 4437 alterius
1222 4395 1393 4451 quam
1418 4380 1676 4436 edimus:
1702 4380 1758 4434 in
1782 4379 1988 4448 infelici

395 4469 629 4539 palatio,
667 4484 853 4524 coram
906 4469 1245 4539 imperatore
1288 4478 1343 4525 et
1374 4477 1567 4525 senatu
1621 4470 1988 4538 pronuntiata:

399 4558 708 4613 auctoritas
739 4557 1044 4613 stabilitur.
1098 4556 1311 4612 Laudat
1369 4572 1488 4612 eam
1541 4556 1844 4613 Callinicus
1895 4572 1990 4626 pa-

400 4648 643 4704 triarcha
690 4648 1346 4717 Constantinopolitanae
1394 4664 1459 4704 ex
1494 4649 1994 4707 recentiorihusin-

400 4745 664 4815 synodica
694 4759 818 4810 sua,
853 4752 909 4800 et
942 4742 1032 4798 alii
1066 4758 1269 4814 magno
1300 4758 1559 4798 numero.

472 4836 581 4892 Sed
620 4835 895 4891 Meletium
945 4836 1200 4907 Syrignm
1239 4836 1455 4907 repellit
1510 4833 1988 4890 Miscellaneormu

400 4940 598 4985 auctor
649 4936 914 4999 tanquam
971 4927 1281 4983 erculum
1338 4928 1726 4994 tenebrionem,
1757 4927 1992 4996 partium

401 5020 595 5075 studiis
641 5020 1089 5089 addictissimum,
1144 5018 1326 5073 Romae
1355 5060 1371 5082 ,
1399 5020 1506 5074 nisi
1554 5019 1766 5087 [al/itur
1807 5018 1993 5089 (vehe-

403 5115 620 5162 menter
654 5118 836 5162 autem
875 5108 1105 5177 fallitur)
1142 5108 1453 5163 educatum.
1489 5110 1560 5163 At
1591 5124 1753 5164 nemo
1787 5107 1992 5165 fortas-

406 5200 485 5253 sis
540 5202 682 5255 inter
730 5199 952 5256 Graecos
1000 5200 1340 5256 recentiores
1386 5201 1583 5271 majori
1643 5201 1911 5255 doctrina:
1940 5209 1995 5256 et

404 5293 720 5364 ὁρθοδοξέας
742 5293 910 5350 laude
935 5294 1147 5359 ﬂoruit,
1176 5293 1600 5350 commendatus
1631 5294 1847 5349 scilicet
1878 5304 1992 5348 tum

353 5430 360 5437 .
406 5389 477 5443 ab
509 5402 579 5441 eo
601 5388 696 5456 qui
728 5395 862 5444 ante
905 5403 1116 5460 paucos
1150 5402 1330 5444 annos
1382 5386 1868 5457 Constantinopoli
1911 5402 1999 5443 se-

410 5478 584 5534 debat
612 5479 911 5545 Callinico,
955 5494 983 5533 a
1016 5478 1305 5551 Dionysio.
1335 5479 1675 5535 Parthenio:
1709 5486 1824 5532 tum
1858 5477 1998 5533 Nec-

410 5576 559 5626 tario
611 5584 664 5628 et
723 5572 987 5629 Dositheo
1048 5572 1572 5645 Hierosolymitanis
1630 5571 1993 5639 patriarchis,

412 5661 578 5731 cujus
609 5677 745 5731 opus
770 5661 1042 5719 adversus
1067 5662 1259 5735 Cyrilli
1300 5664 1539 5731 capitula
1571 5665 1639 5718 ab
1661 5677 1808 5718 anno
1837 5662 1995 5727 1640,

415 5765 526 5815 quo
555 5752 861 5820 perfectum
888 5750 1016 5820 fuit,
1049 5754 1157 5809 huc
1195 5770 1371 5825 usque
1397 5754 1701 5820 laudatum,
1729 5769 1797 5810 ne
1831 5753 1997 5809 levis-

418 5839 559 5899 sima
596 5842 812 5911 quidem
851 5857 1088 5899 censura
1128 5845 1479 5914 perstrinxit.
1987 5902 1995 5911 ,

503 5935 874 5993 Τεηέὁνὶοηεηι
917 5953 1087 5995 nemo
1113 5954 1354 6011 unquam
1393 5937 1684 6011 appellavit
1728 5952 1876 6005 cum,
1907 5937 1999 6006 qui

2086 3341 2412 3413 nopolitani,
2440 3339 2727 3394 Nectarius
2756 3350 2808 3393 et
2846 3336 3142 3391 Dositheus
3169 3329 3675 3402 llierosolymitani,

2085 3444 2138 3490 et
2170 3434 2261 3488 alii
2300 3434 2394 3502 qui
2446 3432 2815 3488 orthodoxam
2863 3427 3289 3485 Confessionem
3346 3423 3676 3480 testimoniis

2087 3528 2208 3584 suis
2232 3535 2593 3591 ornaverunt,
2623 3532 2679 3578 et
2703 3523 2963 3578 omnibus
2994 3520 3112 3577 suis
3139 3529 3402 3590 tanquam
3438 3516 3564 3572 fidei
3588 3531 3677 3571 re-

2086 3619 2270 3690 gulam
2301 3617 2850 3680 commendaaerunt,
2886 3623 3057 3670 testes
3107 3619 3207 3667 hoc
3244 3615 3299 3666 in
3345 3619 3697 3681 argumento-

2088 3710 2479 3781 locupletiores
2503 3709 2753 3765 Smitheo
2787 3723 2915 3764 esse
2950 3721 3112 3762 nemo
3142 3704 3571 3761 non~fatebitur~.>

2132 3801 2388 3855 Miratur
2418 3801 2695 3870 quomodo
2730 3800 2880 3855 illius
2927 3797 3169 3853 homiliae
3217 3812 3343 3851 non»
3361 3794 3714 3850 meminerit»

2086 3895 2379 3950 Jeremias
2413 3892 2732 3966 patriarcha
2818 3893 3086 3947 adversus
3136 3887 3715 3957 Wirtembergenses-

2090 3990 2359 4053 scribens,
2404 3996 2568 4057 atque
2618 4000 2818 4040 nomm
2849 3984 2976 4039 inde
3026 3989 3408 4051 argumentum
3442 3978 3520 4032 illi
3571 3991 3693 4030 na-.

2089 4083 2280 4146 Scitur,
2311 4096 2422 4150 quo
2450 4078 2818 4148 suspicionem
2857 4080 3165 4133 confirmet.
3191 4076 3260 4128 At
3287 4087 3414 4128 cum
3445 4072 3513 4127 de
3545 4085 3678 4140 pro-

2090 4177 2342 4231 cessione
2374 4171 2619 4242 Spiritus
2645 4171 2821 4225 sancti
2877 4176 2987 4223 tam
3032 4167 3154 4221 fuse
3201 4171 3394 4220 contra
3450 4161 3710 4217 eosdem.

2090 4269 2427 4336 disputaret,
2452 4269 2519 4318 de
2566 4262 2780 4334 prolixo
2807 4261 3053 4333 ejusdem
3087 4256 3358 4312 Gennadii
3408 4253 3678 4308 adversus

2096 4361 2323 4417 Latinos
2373 4375 2536 4429 opere
2579 4360 2731 4414 circa
2785 4355 3034 4410 ratndem
3093 4350 3382 4421 theologia:
3436 4358 3711 4419 partem”

2094 4455 2323 4509 verbum
2374 4469 2487 4509 non
2539 4453 2691 4520 fecit,
2732 4460 2793 4506 ut
2833 4464 3013 4519 neque
3066 4446 3318 4507 meminit
3372 4443 3710 4497 multorum.

2095 4549 2331 4603 aliorum
2368 4564 2433 4603 ex
2461 4548 2672 4603 Graecia
2729 4545 3146 4613 theologorum,
3201 4552 3439 4610 quorum
3476 4537 3719 4604 scripta,

2096 4641 2178 4697 vel
2212 4641 2359 4697 edita
2387 4650 2537 4706 sunt,
2574 4643 2659 4694 vel
2713 4638 2769 4692 in
2824 4633 3178 4691 bibliothecis
3227 4638 3541 4686 servantur.
3578 4628 3728 4692 Quit.

2091 4750 2159 4790 ex
2192 4744 2301 4788 tam
2334 4733 2437 4789 levi
2468 4732 2787 4802 conjectura
2828 4742 2994 4799 opera
3031 4725 3357 4782 auctoribus
3393 4721 3699 4791 ahjudira»

2095 4837 2199 4894 ret,
2232 4827 2505 4883 ridiculus
2548 4827 2712 4880 foret.
2760 4821 2971 4889 Nempe
3024 4819 3288 4874 movisset
3334 4815 3683 4871 Luthct'anos

2094 4918 2365 4975 Gennadii
2389 4917 2712 4980 auctoritas,
2734 4915 2942 4987 quibus
2964 4911 3262 4984 exprobrat
3290 4908 3502 4965 ultimis
3536 4909 3680 4960 litte-

2095 5012 2175 5067 ris
2224 5010 2518 5078 Jeremias,
2575 5009 2721 5081 quod
2779 5016 3101 5065 sanctorum
3150 5004 3374 5059 Patrum
3435 5008 3727 5056 veterum...

2097 5105 2456 5160 auctoritates
2484 5103 2713 5173 insuper
2737 5099 3041 5156 baberent.

2169 5196 2316 5251 Nihil
2364 5210 2586 5267 quoque
2632 5208 2757 5249 esse
2802 5194 2857 5247 in
2912 5191 3078 5246 tomis
3132 5187 3399 5243 adversus
3450 5183 3718 5236 [saliuosa

2098 5288 2313 5343 duobus
2356 5286 2501 5357 quod
2560 5284 2799 5340 homiliae
2846 5281 3080 5338 similem
3130 5270 3441 5331 doctrinam
3480 5287 3697 5341 rcprtee.

2052 5379 2057 5382 ’
2099 5388 2300 5444 suntet,
2332 5394 2423 5435 res
2473 5375 2809 5448 suspicionis
2838 5374 2995 5445 plena
3026 5369 3277 5424 Smitheo
3311 5366 3548 5421 videtur.
3583 5364 3685 5417 Μι-

2098 5484 2219 5523 rmu
2250 5468 2435 5539 potius
2465 5476 2519 5523 et
2556 5470 2806 5521 monstro
2856 5460 3040 5517 simile
3078 5459 3295 5522 fuisset,
3335 5453 3717 5510 Cennadium..

2102 5562 2169 5618 de
2198 5560 2441 5631 Spiritus
2466 5558 2638 5615 sancti
2682 5553 3036 5628 processione
3078 5551 3468 5614 disserentem,
3507 5547 3686 5616 deque

2100 5654 2225 5709 aliis
2276 5652 2423 5707 inter
2475 5665 2624 5707 suos.
2651 5646 2993 5716 Latinosque
3054 5641 3472 5705 controversiis,
3504 5640 3688 5696 alieno
3758 5664 3765 5669 -

2103 5748 2266 5815 plane
2290 5744 2363 5798 ’in
2417 5744 2540 5799 loco
2587 5743 2656 5798 de
2706 5739 3071 5795 Eucharistite
3112 5737 3215 5792 [ide
3243 5735 3585 5805 disputasse,
3615 5732 3718 5787 de.

2102 5854 2210 5907 qua
2240 5837 2388 5891 inter
2437 5843 2707 5906 utrosque
2739 5831 3043 5903 perfectam
3094 5829 3513 5886 consensionem
3561 5841 3716 5882 esse-

2105 5947 2212 5989 non
2266 5929 2590 6004 ignombate
2612 5928 2963 6001 Disputatqu
2992 5932 3117 5982 erat
3168 5921 3373 5991 acriter
3404 5918 3717 5981 Eerrarbu-
