4102 6472
364 452 474 518 279

1417 450 1464 510 ϐ
1480 450 1759 510 ENNADl
1779 450 1799 507 Ι
1843 449 1956 508 ΕΡ.
1995 448 2507 509 ΡᾹΥΗΙᾹΒΠῙΙᾹΞ

3510 449 3606 514 280

361 577 419 624 et
453 563 744 621 Florentia:
793 562 936 617 inter
964 559 1194 616 Latinos
1241 569 1295 615 et
1343 560 1583 624 Gratcos,
1638 558 1933 628 prn'scrtitn
1962 553 2012 614 Δ
2041 558 2281 628 Liturgia
2331 561 2660 624 celebratur,
2715 559 3058 616 circumlatis
3107 563 3259 630 panis
3307 570 3362 616 ct
3407 563 3608 625 calicis,

363 657 434 713 de
463 656 706 725 Azymis,
739 651 968 708 materia
1007 651 1221 707 scilicet
1254 651 1307 705 in
1352 666 1457 720 qua
1492 649 1803 705 celebratur
1829 650 1938 702 Eu-

361 749 635 805 charist'ae
659 750 1068 802 sacramentum
1090 761 1104 808 ;
1125 743 1284 798 cedat
1319 742 1600 798 Smitlteus
1628 743 1710 796 vel
1744 750 1936 795 aut-to-

364 858 477 897 rem
527 841 777 896 Graecum
830 853 997 893 unum
1019 838 1221 908 (neque
1249 837 1580 908 Sylvestrum
1608 837 1936 908 Syropulum

361 933 689 1006 excipimus)
708 931 803 1004 qui
833 931 1056 986 Latinos
1100 945 1131 984 a
1174 929 1380 986 Graecis
1423 930 1492 986 de
1535 930 1723 1000 aliquo
1749 943 1940 982 errore

362 1029 512 1085 circa
542 1025 908 1082 Eucharistire
937 1025 1094 1079 [idem
1141 1023 1489 1078 insimulatos
1520 1029 1938 1077 commemoret.

361 1120 571 1176 Contra
599 1133 724 1175 cum
764 1117 1015 1178 Boltenti,
1050 1115 1295 1170 earundem
1340 1129 1514 1185 prope
1553 1129 1718 1184 quam
1752 1111 1943 1167 Befor-

365 1211 524 1274 msti,
553 1209 620 1266 de
662 1209 855 1265 eodem
901 1216 1249 1262 sacramento
1291 1205 1604 1275 opinionem
1658 1205 1940 1268 baberent,

363 1303 550 1360 videat
585 1303 640 1358 in
669 1302 845 1373 ipsius
869 1299 1124 1372 Syropuli
1158 1298 1478 1352 narratione
1505 1312 1667 1367 quam
1703 1298 1944 1364 graviter

365 1396 542 1452 Graeci
575 1393 984 1464 tulerint,quod
1020 1393 1074 1446 in
1103 1392 1276 1461 prima
1307 1388 1512 1444 decreti
1549 1389 1617 1442 ad
1643 1388 1942 1442 concilium

366 1487 757 1544 celebrandum
792 1484 1027 1540 formula
1059 1481 1314 1537 Bohcmis
1370 1479 1670 1550 comparati
1707 1479 1940 1548 quadam

361 1580 576 1633 ratione
633 1577 890 1642 fuissent,
927 1590 1066 1646 quos
1125 1573 1302 1628 "uultis
1335 1583 1384 1628 st
1435 1573 1674 1642 pessimis
1728 1570 1946 1625 heresi-

364 1671 459 1725 bus
492 1670 740 1725 laborare
795 1667 1191 1740 agnoscebant.
1221 1665 1376 1732 Quod
1411 1665 1575 1734 igitur
1619 1678 1727 1718 non
1779 1660 1946 1716 modo

365 1759 418 1813 in
450 1761 670 1814 duobus
707 1758 817 1814 illis
864 1757 1236 1813 voluminibus
1283 1764 1477 1812 contra
1521 1754 1770 1818 Latinos,
1802 1767 1946 1823 quos

365 1850 646 1907 Smitheus
679 1866 961 1922 nunquam
991 1851 1149 1913 vidit.
1172 1859 1286 1906 tum
1314 1850 1368 1904 in
1400 1849 1585 1904 multis
1606 1849 1728 1904 aliis
1749 1848 1946 1904 advero

364 1960 462 1998 sus
500 1959 596 1999 eos
621 1945 864 2013 scriptis,
895 1958 1133 2013 quorum
1159 1943 1396 1997 indicem
1423 1942 1696 2007 dabimus,
1724 1941 1859 1996 nihil
1877 1941 1944 1996 de

366 2032 725 2088 Eucharistize
747 2033 1139 2088 controversiis
1191 2033 1518 2103 reperiatur,
1571 2031 1943 2087 certissimum

366 2126 590 2196 integrae
613 2127 765 2182 circa
793 2126 944 2182 illum
983 2126 1283 2181 articulum
1309 2125 1618 2181 concordia:
1654 2139 1944 2196 argumen-

366 2229 480 2276 tum
526 2229 670 2274 erat.

443 2311 669 2376 Verum,
708 2320 920 2367 tantum
963 2312 1124 2368 abest
1162 2321 1222 2367 ut
1276 2312 1384 2366 vim
1450 2312 1603 2370 illius
1663 2311 1949 2383 agnoverit

368 2402 848 2459 Miscellaneorum
886 2413 1105 2468 auctor,
1137 2404 1271 2458 nihil
1314 2413 1372 2458 ut
1416 2405 1593 2472 petitis
1617 2405 1813 2474 duplici
1847 2420 1946 2462 sua

371 2495 764 2551 Dissertatione
811 2496 1100 2564 designare
1165 2496 1440 2561 videatur,
1502 2511 1670 2568 quam
1722 2513 1945 2554 causam

371 2587 706 2659 suspicionis
730 2589 996 2644 adversus
1038 2589 1382 2645 Cennadium
1410 2597 1466 2644 et
1488 2588 1610 2659 ejus
1639 2589 1946 2655 bomiliam,

371 2679 428 2734 in
477 2693 536 2734 ea
575 2695 682 2735 non
737 2681 1138 2736 sententiarum
1184 2681 1370 2744 modo,
1413 2679 1510 2736 sed
1547 2681 1712 2736 etiam
1752 2695 1945 2737 vocum

372 2770 755 2828 eonformitate
786 2773 1016 2829 subesse
1049 2772 1450 2842 gravissimam.
1490 2772 1692 2844 Nempe
1722 2775 1768 2830 si
1787 2774 1950 2830 Clano

373 2865 463 2918 dio
487 2863 892 2920 Carentoniano
917 2864 1248 2922 credendum
1279 2873 1403 2932 est;
1431 2881 1608 2936 neque
1664 2866 1811 2922 enim
1862 2868 1948 2923 ul.-

375 2958 485 3012 lum
517 2955 792 3013 Smitheus
825 2974 890 3012 ex
914 2957 1146 3022 Graecia,
1193 2958 1277 3013 vel
1308 2974 1377 3015 ex
1411 2958 1779 3016 Orientalibus
1826 2975 1950 3030 pro—

375 3048 597 3115 vinciis,
633 3048 800 3102 alium
834 3049 995 3117 hujus
1032 3049 1288 3118 paradoxi
1309 3059 1588 3106 auctorem
1617 3049 1800 3117 habet,
1822 3066 1946 3106 cum

377 3143 544 3198 realis
575 3142 898 3212 pra’sentiaa,
933 3142 1104 3197 mttlto
1124 3143 1294 3214 magis
1319 3145 1947 3201 transsubstantiationis

2041 661 2335 722 antequam
2373 663 2788 718 consecrentur,
2824 660 2879 708 et
2908 667 3098 710 eorum
3124 653 3408 710 veneratio
3436 670 3499 709 ex
3531 654 3584 707 fu

2043 755 2166 800 tura
2245 761 2372 800 mox
2439 746 2916 802 consecratione:
2961 747 3366 802 communionis
3434 747 3589 802 distri

2041 837 2269 892 linenda:
2287 836 2460 893 forma
2484 854 2503 900 :
2520 839 2910 909 particularum
2927 843 3271 897 conservatio
3288 841 3355 896 ad
3373 838 3614 896 inﬁrmo-

2051 945 2174 984 rum
2210 930 2496 998 viaticum,
2540 929 2713 986 Ilissa
2770 931 3369 1001 praesanctiticatorum,
3411 942 3466 987 et
3505 942 3613 987 tam

2046 1023 2222 1078 multa
2251 1022 2356 1078 alia
2387 1030 2538 1078 certa
2588 1022 2834 1094 ejusdem
2897 1022 3020 1078 ﬂdei
3092 1035 3412 1095 argumenta
3465 1035 3616 1090 sunt,

2045 1115 2194 1171 unde
2227 1115 2495 1185 quidquid
2525 1115 2703 1172 simile
2734 1117 3062 1173 occurrebat
3097 1117 3152 1173 in
3187 1115 3380 1173 Latina
3428 1118 3614 1185 missa,

2044 1210 2229 1265 statim
2263 1208 2636 1266 Protestantes
2667 1209 3028 1265 sustulerunt.

2115 1299 2282 1366 Quasi
2321 1306 2504 1354 tamen
2547 1299 2617 1356 de
2653 1315 2714 1356 re
2742 1302 2927 1357 minus
2955 1315 3118 1372 quam
3144 1298 3215 1358 de
3248 1317 3380 1358 voce
3431 1317 3620 1374 agere-

2045 1402 2155 1454 tur,
2192 1391 2299 1446 nisi
2341 1393 3012 1449 transsubstantiationem
3075 1409 3338 1464 expresse
3367 1397 3620 1449 nomina-

2049 1484 2225 1540 verint
2254 1482 2453 1550 Graeci,
2483 1493 2631 1542 vetat
2659 1485 2942 1543 Smitbeus
2965 1487 3284 1543 existimare
3320 1487 3618 1558 quidquam

2046 1590 2146 1633 eos
2185 1577 2252 1633 de
2283 1578 2425 1634 reali
2464 1578 2936 1650 substantialique
2966 1579 3432 1636 transmutatione
3470 1578 3622 1646 cogi-

2048 1678 2219 1725 tasse.
2250 1669 2391 1736 Quis
2441 1669 2612 1737 igitur
2644 1669 2909 1725 Claudius
2942 1669 3016 1725 ita
3052 1679 3341 1734 statuerat,
3390 1669 3620 1726 Gabrieo

2048 1762 2154 1817 lem
2185 1760 2725 1832 Philadelphiensem
2754 1761 2990 1832 primum
3025 1761 3198 1819 fuisse
3230 1775 3257 1816 a
3290 1777 3400 1832 quo
3436 1779 3622 1831 μετου-

1984 1894 2027 1951 B
2057 1855 2301 1917 σιώσεως
2328 1861 2592 1924 usurpata
2613 1869 2715 1910 vox
2741 1854 2957 1920 fuisset;
2982 1853 3264 1911 Smitbeus
3284 1856 3512 1922 primum
3530 1863 3624 1910 aut

2055 1947 2194 2000 inter
2229 1946 2464 2012 primos;
2496 1945 2768 2002 Genuadii
2821 1961 2956 2002 vero
3013 1945 3389 2002 testimonium
3438 1960 3624 2002 omnes

2050 2038 2199 2094 illius
2239 2037 2486 2094 rationes
2513 2039 2812 2104 evertebat,
2841 2039 3254 2109 supposititium
3288 2039 3445 2094 illum
3485 2039 3626 2096 scri-

2049 2140 2264 2202 plorem
2290 2143 2413 2186 esse
2466 2129 2658 2200 jussit.
2688 2129 2878 2201 Neque
2927 2131 3074 2186 enim
3129 2130 3237 2186 alia
3286 2130 3479 2200 judicii
3514 2137 3626 2185 tam

2050 2221 2352 2292 praecipitis
2401 2222 2544 2278 ratio
2580 2221 2876 2293 quaerenda
2894 2233 2997 2286 est,
3026 2236 3151 2278 cum
3184 2235 3251 2278 ex
3278 2222 3482 2294 duplici
3510 2222 3630 2294 ejus

2047 2315 2314 2384 opusculo
2359 2329 2486 2371 eum
2530 2315 2600 2372 de
2635 2315 2924 2372 Gennadio
2955 2315 3090 2371 nihil
3131 2315 3356 2372 omnino
3401 2317 3629 2372 scivisse

2047 2415 2242 2475 praeter
2307 2421 2478 2477 pauca
2527 2422 2631 2464 nec
2677 2423 2806 2463 vera
2848 2422 2970 2476 qua:
2997 2422 3064 2464 ex
3093 2407 3291 2464 Allatio
3337 2407 3627 2473 didicerat,

2048 2485 2397 2554 manifestum
2420 2498 2539 2554 sit:
2581 2497 2784 2570 quibus
2836 2499 2882 2555 si
2933 2500 3060 2570 quis
3106 2497 3439 2568 a‘equiescat,
3481 2499 3628 2553 illius

2047 2605 2154 2645 non
2195 2601 2280 2646 est
2318 2589 2388 2646 de
2416 2589 2700 2647 Gennadio
2735 2599 2830 2646 aut
2857 2591 3003 2646 illius
3047 2592 3304 2661 operibus
3333 2589 3474 2646 ferre
3505 2606 3629 2646 sen-

2047 2680 2299 2737 tentiam.
2323 2681 2466 2736 Nihil
2486 2696 2618 2752 ergo
2639 2680 3108 2737 Miscellaneorum
3131 2691 3409 2736 auctorem
3435 2682 3630 2748 movit,

2049 2780 2110 2828 ut
2145 2772 2422 2828 homiliam
2453 2771 2643 2828 l‘slsam
2687 2772 2959 2839 iudicaret
2991 2791 3006 2829 :
3051 2772 3523 2844 Gennadiumque,
3581 2772 3633 2828 si

2049 2876 2243 2920 auctor
2264 2865 2410 2922 illius
2437 2865 2598 2931 foret,
2638 2863 2942 2920 Latinismo
2963 2865 3258 2934 imbutum,
3295 2879 3454 2935 quam
3482 2880 3631 2920 men-

2049 2957 2340 3012 dacissima
2377 2955 2467 3011 illa
2501 2954 2798 3012 Claudiana
2835 2955 3172 3027 hypothesis,
3202 2971 3324 3027 qua:
3347 2956 3628 3014 neminem.

2049 3052 2299 3108 Graecum
2337 3052 2643 3122 legitimum
2675 3052 2946 3121 agnoscit,
2979 3051 3086 3108 nisi
3138 3052 3236 3121 qui
3283 3052 3633 3123 praesentiam

2056 3143 2262 3202 realem
2291 3151 2349 3200 et
2389 3143 3064 3200 transsubstantiationem
3099 3141 3330 3212 rejiciat.

377 3235 576 3303 dogma
616 3245 670 3290 et
719 3249 916 3290 nomen
966 3235 1223 3291 omnibus
1275 3234 1331 3291 in
1362 3235 1585 3292 Oriente
1617 3234 1949 3294 Christianis
1972 3223 2017 3287 C
2119 3236 2295 3304 Quam
2328 3250 2496 3307 porro
2521 3235 2660 3291 l'alsa
2691 3235 2785 3291 illa
2816 3233 2983 3298 foret,
3008 3250 3072 3290 ex
3096 3233 3635 3305 GabrielePhiladel—

378 3335 620 3393 ignotum
655 3325 759 3390 huc
799 3339 970 3394 usque
1024 3324 1212 3392 fuerit,
1269 3326 1364 3396 qui
1418 3334 1711 3398 utrumque
1747 3327 1950 3384 admit-

379 3427 522 3482 tunt,
554 3416 968 3488 pseudo-Gmci
1000 3425 1129 3473 sunt
1163 3425 1218 3473 et
1245 3419 1659 3491 Αατινόφρονες.
1693 3419 1807 3476 lioc
1837 3419 1885 3478 si
1916 3435 1947 3476 a

380 3509 607 3564 Claudio
635 3509 1390 3567 demonstratum‘Smitbeus
1427 3513 1723 3581 existimat,
1759 3523 1946 3570 utnon

382 3618 494 3657 uno
531 3602 652 3658 loco
679 3601 816 3658 satis
845 3602 1195 3672 s’gniticavit,
1225 3619 1324 3660 nos
1353 3603 1550 3674 potiori
1582 3604 1727 3674 jure,
1759 3619 1828 3660 ne
1852 3619 1950 3660 ve-

384 3694 668 3750 risimilem
702 3695 922 3764 quidem
974 3697 1342 3764 conjecturam
1376 3711 1499 3750 eum
1536 3697 1790 3753 attulisse
1821 3712 1950 3766 pro-

385 3789 572 3842 batum
603 3788 803 3842 invicte
829 3802 859 3842 a
892 3787 1098 3844 nostris
1128 3787 1393 3858 theologis
1413 3788 1814 3843 existimamus.
1842 3787 1952 3844 Res

387 3881 442 3933 in
484 3877 664 3935 medio
695 3879 1052 3951 relinquatur,
1081 3879 1212 3934 utin
1259 3880 1956 3951 ejusmodiquaestionibus

386 3972 503 4027 ﬁeri
568 3971 731 4029 debet
762 3988 878 4030 :ne
923 3973 1185 4044 syllabam
1237 3973 1456 4044 quidem
1512 3973 1714 4029 habent
1767 3974 1958 4029 Prote-

386 4074 620 4130 stantes,
680 4081 784 4137 qua
831 4067 1048 4137 probari
1093 4066 1393 4123 Claudiana
1446 4081 1678 4123 censura
1733 4070 1954 4138 possit:

386 4168 501 4214 tota
537 4161 682 4216 enim
716 4171 1160 4232 argumentorum
1190 4160 1273 4216 vis
1300 4160 1354 4216 in
1386 4160 1490 4216 hoc
1521 4176 1628 4215 uno
1652 4161 1774 4226 erit,
1808 4159 1961 4231 quod

387 4253 559 4309 Graeci
595 4261 650 4309 et
681 4253 984 4309 doctrinam
1020 4261 1076 4309 et
1109 4269 1294 4309 vocem
1324 4263 1451 4307 ante
1480 4253 1751 4309 Gabrielis
1780 4252 1963 4308 Phila»-

387 4346 732 4416 dvlpbiensis
772 4347 1132 4418 metropolitae
1191 4355 1434 4414 tempora
1491 4361 1600 4400 non
1659 4359 1959 4414 usurpave-

393 4449 543 4493 rnnt.
577 4439 770 4494 Sciunt
820 4454 998 4523 porro.
1032 4453 1225 4494 omnes
1279 4445 1544 4506 quantum
1594 4439 1645 4492 in
1691 4437 1962 4492 similibus

391 4531 784 4587 controversiis
833 4530 980 4585 fallat
1029 4546 1170 4599 Saepe
1217 4540 1595 4599 argumentum
1643 4527 1777 4582 illud
1815 4526 1962 4599 quod
1999 4569 2041 4626 ο

390 4633 592 4680 vocant
633 4623 968 4692 negativum.
1013 4621 1169 4688 Quod
1211 4622 1258 4678 si
1303 4620 1538 4689 alicujus
1571 4621 1826 4675 tuotuenti
1855 4629 1968 4686 est,

392 4728 454 4772 nt
485 4732 616 4772 sane
644 4731 789 4786 saepe
827 4730 952 4771 cum
988 4713 1198 4784 judicio
1237 4721 1416 4782 potest
1443 4711 1711 4774 adhiberi,
1744 4726 1810 4764 eo
1835 4727 1966 4780 quo--

391 4826 502 4879 que
544 4819 762 4864 utemur
796 4807 1072 4871 catholici,
1099 4804 1196 4862 sed
1235 4804 1457 4862 certiori
1509 4811 1564 4858 et
1617 4803 1962 4859 evidentiori.

394 4902 528 4957 Nam
558 4916 682 4955 cum
727 4907 942 4957 exstent
972 4899 1284 4954 Graecorum
1327 4898 1586 4952 adversus
1637 4896 1859 4952 Latinos
1902 4897 1966 4950 li-

392 4995 479 5050 bri
515 5002 624 5047 tant
656 4994 786 5048 editi
827 5007 990 5060 quant
1046 5007 1176 5047 mss.
1237 5006 1432 5059 magno
1477 5005 1724 5054 numero,
1753 4996 1967 5044 exstent

393 5094 512 5139 acta
551 5091 606 5140 ct
647 5093 998 5138 monumenta
1037 5096 1216 5135 rerum
1254 5081 1319 5133 a:l
1362 5081 1709 5134 concordiam
1761 5094 1961 5148 procu—

394 5177 622 5233 randam
667 5177 808 5231 inter
864 5184 1126 5243 utrosque
1187 5183 1487 5244 gestarum,
1545 5172 1682 5228 ailiil
1724 5172 1966 5228 occurrit

394 5271 537 5325 unde
568 5268 650 5324 vel
687 5266 910 5322 Latinos
935 5281 963 5318 a
992 5265 1197 5321 Graecis
1242 5272 1530 5318 accusatos
1555 5275 1674 5316 esse
1725 5268 1962 5322 constet,

395 5362 540 5430 quod
588 5357 1256 5416 transsubstantiatiooem
1287 5356 1576 5421 docerent;
1607 5362 1701 5407 aut
1735 5367 1765 5405 a
1823 5350 1968 5404 Lati-

396 5457 479 5508 nis
509 5453 749 5515 Grazcos,
777 5459 917 5522 quod
947 5451 1096 5504 illam
1131 5449 1440 5519 rejieerent.

463 5545 688 5600 Accedit
723 5544 827 5600 alia
876 5557 1086 5613 magnae
1111 5541 1454 5595 auctoritatis
1480 5537 1739 5609 probatio
1765 5552 1829 5592 ex
1851 5536 1968 5590 dis-

399 5636 595 5704 t'iplitta
619 5635 955 5700 Gratcorum,
994 5649 1112 5702 qua:
1135 5649 1242 5688 non
1271 5633 1383 5686 heri
1423 5639 1522 5686 aut
1543 5628 1966 5684 nudiustertius

401 5736 640 5790 inventa,
668 5727 762 5782 sed
797 5741 835 5782 ιιι
867 5726 1052 5779 qultis
1075 5725 1287 5780 saeculis
1317 5723 1421 5779 huc
1448 5738 1624 5791 usque
1653 5721 1962 5783 observata,

403 5816 666 5883 ejusmodi
699 5826 803 5881 est,
835 5825 896 5871 ut
928 5817 1135 5884 absque
1170 5813 1331 5870 realis
1357 5812 1828 5868 transmutationis
1861 5810 1964 5864 tidc

405 5905 700 5965 consistere
756 5915 1009 5973 nequeat.
1053 5907 1186 5962 Nam
1247 5908 1386 5961 ritus
1426 5914 1480 5961 et
1521 5919 1709 5968 preces
1753 5901 1954 5966 quibus

2059 3330 2277 3401 phiensi
2308 3328 2446 3384 satis
2478 3327 2660 3383 fuerat
2690 3327 3152 3382 demonstratum.
3177 3324 3352 3382 Larva
3411 3327 3498 3381 ille
3522 3327 3634 3397 pri-

2057 3435 2206 3476 mum
2236 3419 2467 3475 Claudio
2497 3417 2621 3484 fuit,
2657 3419 2906 3488 liberque
2958 3417 3187 3474 lictitius
3224 3434 3240 3476 :
3298 3415 3372 3473 ita
3428 3419 3633 3488 quippe

2061 3510 2574 3569 videbaturbomini
2639 3510 2870 3566 minime
2912 3508 3124 3573 Graeco,
3167 3518 3229 3564 ut
3271 3507 3634 3564 admiratores

2057 3605 2177 3676 ejus
2207 3619 2405 3675 negare
2434 3619 2542 3660 non
2566 3610 2816 3674 possunt.
2849 3599 3148 3671 Supererat
3176 3599 3452 3656 secundus
3479 3608 3636 3654 actus

2060 3699 2278 3762 fabulae,
2321 3708 2382 3752 ut
2418 3697 2630 3765 primus
2661 3694 2757 3763 qui
2787 3707 2982 3750 vocem
3013 3692 3637 3748 transsubstantiationis

2063 3795 2409 3858 usurpasset,
2444 3785 2667 3843 Gabriel
2692 3783 2838 3840 foret
2876 3801 2891 3838 :
2926 3797 3054 3838 mox
3101 3797 3213 3837 non
3277 3781 3478 3850 primus
3543 3788 3639 3834 aut

2063 3885 2202 3939 inter
2227 3881 2446 3952 primos.
2478 3878 2667 3933 Fidem
2700 3878 2948 3932 omnium
2973 3875 3316 3946 appellamus
3346 3874 3441 3944 qui
3491 3873 3641 3928 Gras-

2066 3991 2164 4031 cos
2193 3982 2449 4028 auctores
2481 3972 2754 4043 legerunt,
2788 3985 2857 4025 an
2889 3970 3064 4024 ultum
3091 3969 3419 4040 repererint,
3450 3967 3544 4038 qui
3574 3981 3642 4022 eo

2065 4065 2288 4122 nomine
2319 4059 2622 4119 Gabrielem
2649 4058 2953 4114 laudaverit
2983 4054 3456 4118 autaecusaverit,
3493 4051 3641 4122 quod

2070 4159 2272 4230 primus
2297 4164 2390 4210 aut
2422 4155 2564 4209 inter
2595 4151 2798 4220 primos
2823 4165 3012 4206 vocent
3036 4158 3262 4205 eatenus
3324 4146 3641 4201 inusitatam

2073 4247 2331 4320 mysterio
2348 4241 2710 4301 Euclisristize
2730 4241 3060 4313 explicando
3079 4238 3414 4295 adhibuerit.
3441 4238 3507 4290 At
3529 4242 3646 4290 erat

2072 4357 2206 4396 sane
2226 4340 2380 4395 locus
2398 4335 2658 4392 laudandi
2685 4334 2832 4390 illius
2882 4331 3104 4409 Meletio
3150 4329 3367 4401 Syrigo,
3421 4341 3547 4382 cum
3579 4325 3647 4380 de

2075 4429 2490 4500 μετουσιὼσεως
2529 4441 2666 4482 voce
2719 4425 3053 4493 disputaret,
3100 4422 3477 4490 fatereturque
3524 4433 3646 4472 eam

2071 4523 2262 4594 primis
2288 4521 2549 4578 Ecclesia:
2575 4519 2898 4574 doctoribus
2935 4525 3258 4583 usurpatam
3298 4529 3409 4567 non
3455 4511 3649 4571 fuisse,

2073 4616 2168 4673 sed
2199 4632 2227 4670 a
2256 4598 2658 4686 posterioribus
2692 4616 2843 4665 recte
2909 4608 2980 4664 ad
3027 4607 3197 4662 tidem
3258 4602 3646 4675 explicandam

2074 4715 2263 4780 postea
2314 4704 2636 4760 adhibitam.

2145 4800 2280 4852 Cum
2309 4796 2476 4866 igitur
2499 4790 2769 4849 Gennadii
2801 4787 3118 4846 testimonio
3135 4792 3473 4842 everteretur
3496 4799 3650 4854 pror-

2073 4906 2166 4946 sus
2197 4884 2426 4945 Smithei
2460 4885 2772 4955 conjectura
2801 4901 2815 4948 ;
2847 4897 2973 4936 nam
3007 4896 3072 4935 ex
3101 4895 3170 4935 eo
3217 4878 3506 4934 constabat
3543 4893 3651 4931 non

2074 4995 2201 5038 ante
2225 4992 2446 5038 centum
2477 4994 2674 5040 annos,
2702 4975 2804 5033 sed
2857 4985 3076 5029 centum
3137 4979 3193 5027 et
3230 4970 3513 5040 sexaginta
3561 4976 3651 5021 aut

2076 5075 2314 5144 amplius
2357 5086 2544 5126 vocem
2580 5084 2698 5123 eam
2743 5073 3086 5136 usurpatam.
3115 5077 3227 5118 non
3257 5077 3323 5116 ex
3358 5059 3652 5115 falsissima

2077 5166 2389 5239 ltypotltesi,
2423 5163 2611 5219 saltem
2641 5159 2797 5215 valde
2867 5157 3058 5220 dubia,
3120 5163 3176 5209 et
3237 5150 3652 5224 probationibus

2074 5259 2358 5317 destituta.
2406 5250 2764 5310 convellenda
2806 5255 2924 5303 erat
2983 5246 3252 5303 Genu-adii
3306 5242 3607 5300 auctoritas
3635 5257 3662 5307 ',

2073 5346 2167 5405 sed
2192 5363 2258 5401 ex
2277 5344 2591 5400 Graecorum
2631 5341 2854 5396 testium
2893 5336 3020 5400 ﬁde,
3050 5350 3191 5402 quos
3219 5348 3377 5397 nemo
3396 5331 3573 5385 audiri
3599 5330 3652 5383 in

2075 5441 2238 5496 rebus
2263 5437 2382 5493 suis
2419 5435 2618 5491 debere
2649 5429 2933 5502 negaverit
2965 5437 3096 5483 :aut
3123 5427 3316 5483 saltem
3344 5425 3474 5480 illud
3501 5423 3653 5478 evin-

2072 5531 2303 5585 cendum
2328 5537 2385 5582 et
2399 5527 2589 5594 dogma
2617 5531 2669 5578 et
2696 5537 2887 5577 vocem
2911 5522 2979 5574 ab
3003 5519 3139 5589 ipsis
3157 5518 3360 5587 pariter
3381 5511 3652 5586 ignorari.

2076 5623 2129 5678 Si
2163 5619 2425 5693 Cyrillum
2448 5615 2681 5671 Lurarin
2709 5613 3035 5683 excipimus,
3054 5608 3476 5665 nullusGrtecus
3497 5607 3641 5659 theo-

2075 5715 2231 5784 IOgus
2263 5720 2319 5764 et
2343 5723 2531 5764 vocem
2562 5717 2616 5762 et
2665 5705 2863 5775 dogma
2929 5716 3039 5756 n0n
3091 5699 3364 5771 probavit.
3428 5695 3647 5753 Gabriel

2073 5804 2432 5871 llleletiusquc
2453 5801 2678 5872 Syrigus
2695 5797 2987 5851 laudantur
3007 5793 3076 5848 ab
3093 5792 3367 5858 omnibus,
3388 5802 3656 5858 tanquam-

2073 5899 2184 5956 veri
2247 5910 2435 5962 graecae
2483 5890 2748 5952 doctrina:
2798 5887 3086 5950 interpres.
3137 5885 3375 5948 Cyrillus
3420 5880 3644 5945 iudieiis
