  <div class='ocr_page' id='page_1' title='image "/cluster/home/n/w/nwhite01/storage/ocr_20150623/160/coo.31924054870658/148.png"; bbox 0 0 4102 6414; ppageno 0'>
   <div class='ocr_carea' id='block_1_1' title="bbox 396 416 495 474">
    <p class='ocr_par' dir='ltr' id='par_1_1' title="bbox 396 416 495 474">
     <span class='ocr_line' id='line_1_1' title="bbox 396 416 495 474; baseline -0.02 0"><span class='ocrx_word' id='word_1_1' title='bbox 396 416 495 474; x_wconf 74' lang='grc'>281</span> 
     </span>
    </p>
   </div>
   <div class='ocr_carea' id='block_1_2' title="bbox 1916 426 2120 487">
    <p class='ocr_par' dir='ltr' id='par_1_2' title="bbox 1916 426 2120 487">
     <span class='ocr_line' id='line_1_2' title="bbox 1916 426 2120 487; baseline 0.029 -7"><span class='ocrx_word' id='word_1_2' title='bbox 1916 426 2120 487; x_wconf 58' lang='lat' dir='ltr'><strong>“TA.</strong></span> 
     </span>
    </p>
   </div>
   <div class='ocr_carea' id='block_1_3' title="bbox 3569 384 3683 480">
    <p class='ocr_par' dir='ltr' id='par_1_3' title="bbox 3569 384 3683 480">
     <span class='ocr_line' id='line_1_3' title="bbox 3569 384 3683 480; baseline -0.044 0"><span class='ocrx_word' id='word_1_3' title='bbox 3569 384 3683 480; x_wconf 58' lang='lat' dir='ltr'><strong>es»?</strong></span> 
     </span>
    </p>
   </div>
   <div class='ocr_carea' id='block_1_4' title="bbox 394 529 3677 610">
    <p class='ocr_par' dir='ltr' id='par_1_4' title="bbox 394 529 3677 610">
     <span class='ocr_line' id='line_1_4' title="bbox 394 529 3677 610; baseline 0.002 -26"><span class='ocrx_word' id='word_1_4' title='bbox 394 529 754 600; x_wconf 74' lang='lat' dir='ltr'><strong>synodalibus</strong></span> <span class='ocrx_word' id='word_1_5' title='bbox 782 529 1076 586; x_wconf 89' lang='lat' dir='ltr'><strong>damnatus</strong></span> <span class='ocrx_word' id='word_1_6' title='bbox 1108 541 1234 588; x_wconf 89' lang='lat' dir='ltr'><strong>est:</strong></span> <span class='ocrx_word' id='word_1_7' title='bbox 1274 534 1509 591; x_wconf 88' lang='lat' dir='ltr'><strong>refutata</strong></span> <span class='ocrx_word' id='word_1_8' title='bbox 1535 536 1605 591; x_wconf 86' lang='lat' dir='ltr'><strong>ab</strong></span> <span class='ocrx_word' id='word_1_9' title='bbox 1634 540 1827 593; x_wconf 90' lang='lat' dir='ltr'><strong>eodem</strong></span> <span class='ocrx_word' id='word_1_10' title='bbox 1866 538 1969 610; x_wconf 80' lang='lat' dir='ltr'><strong>Sy-</strong></span> <span class='ocrx_word' id='word_1_11' title='bbox 2001 548 2042 603; x_wconf 79' lang='grc' dir='ltr'><strong>Α</strong></span> <span class='ocrx_word' id='word_1_12' title='bbox 2075 545 2431 607; x_wconf 74' lang='lat' dir='ltr'><strong>imperatore.</strong></span> <span class='ocrx_word' id='word_1_13' title='bbox 2460 539 2735 610; x_wconf 86' lang='lat' dir='ltr'><strong>cpisc0pis</strong></span> <span class='ocrx_word' id='word_1_14' title='bbox 2771 548 2826 595; x_wconf 92' lang='lat' dir='ltr'><strong>et</strong></span> <span class='ocrx_word' id='word_1_15' title='bbox 2857 548 3073 603; x_wconf 89' lang='lat' dir='ltr'><strong>senatu,</strong></span> <span class='ocrx_word' id='word_1_16' title='bbox 3100 545 3218 593; x_wconf 91' lang='lat' dir='ltr'><strong>erat</strong></span> <span class='ocrx_word' id='word_1_17' title='bbox 3266 536 3445 593; x_wconf 88' lang='lat' dir='ltr'><strong>adhuc</strong></span> <span class='ocrx_word' id='word_1_18' title='bbox 3500 552 3677 593; x_wconf 81' lang='lat' dir='ltr'><strong>saecu-</strong></span> 
     </span>
    </p>
   </div>
   <div class='ocr_carea' id='block_1_5' title="bbox 396 620 1971 689">
    <p class='ocr_par' dir='ltr' id='par_1_5' title="bbox 396 620 1971 689">
     <span class='ocr_line' id='line_1_5' title="bbox 396 620 1971 689; baseline 0.006 -15"><span class='ocrx_word' id='word_1_19' title='bbox 396 623 513 689; x_wconf 88' lang='lat' dir='ltr'><strong>rigo</strong></span> <span class='ocrx_word' id='word_1_20' title='bbox 536 620 640 674; x_wconf 78' lang='lat' dir='ltr'><strong>fuit</strong></span> <span class='ocrx_word' id='word_1_21' title='bbox 672 621 819 677; x_wconf 90' lang='lat' dir='ltr'><strong>illius</strong></span> <span class='ocrx_word' id='word_1_22' title='bbox 862 622 1224 679; x_wconf 85' lang='lat' dir='ltr'><strong>Calvinistica</strong></span> <span class='ocrx_word' id='word_1_23' title='bbox 1265 626 1556 682; x_wconf 78' lang='lat' dir='ltr'><strong>Confessio</strong></span> <span class='ocrx_word' id='word_1_24' title='bbox 1590 648 1603 684; x_wconf 93' lang='lat'>:</span> <span class='ocrx_word' id='word_1_25' title='bbox 1671 639 1726 685; x_wconf 91' lang='lat' dir='ltr'><strong>et</strong></span> <span class='ocrx_word' id='word_1_26' title='bbox 1778 638 1971 685; x_wconf 90' lang='lat' dir='ltr'><strong>contra</strong></span> 
     </span>
    </p>
   </div>
   <div class='ocr_carea' id='block_1_6' title="bbox 394 711 1973 783">
    <p class='ocr_par' dir='ltr' id='par_1_6' title="bbox 394 711 1973 783">
     <span class='ocr_line' id='line_1_6' title="bbox 394 711 1973 783; baseline 0.008 -18"><span class='ocrx_word' id='word_1_27' title='bbox 394 711 510 767; x_wconf 65' lang='lat' dir='ltr'><strong>base</strong></span> <span class='ocrx_word' id='word_1_28' title='bbox 549 711 862 767; x_wconf 90' lang='lat' dir='ltr'><strong>testimonia</strong></span> <span class='ocrx_word' id='word_1_29' title='bbox 896 728 1018 783; x_wconf 73' lang='lat' dir='ltr'><strong>quae</strong></span> <span class='ocrx_word' id='word_1_30' title='bbox 1041 715 1195 771; x_wconf 78' lang='lat' dir='ltr'><strong>Actis</strong></span> <span class='ocrx_word' id='word_1_31' title='bbox 1220 725 1275 771; x_wconf 91' lang='lat' dir='ltr'><strong>et</strong></span> <span class='ocrx_word' id='word_1_32' title='bbox 1304 715 1765 777; x_wconf 78' lang='lat' dir='ltr'><strong>Confessionibus</strong></span> <span class='ocrx_word' id='word_1_33' title='bbox 1787 720 1973 777; x_wconf 91' lang='lat' dir='ltr'><strong>multis</strong></span> 
     </span>
    </p>
   </div>
   <div class='ocr_carea' id='block_1_7' title="bbox 394 803 1973 884">
    <p class='ocr_par' dir='ltr' id='par_1_7' title="bbox 394 803 1973 884">
     <span class='ocr_line' id='line_1_7' title="bbox 394 803 1973 884; baseline 0.005 -24"><span class='ocrx_word' id='word_1_34' title='bbox 394 820 458 860; x_wconf 80' lang='lat' dir='ltr'><strong>ex</strong></span> <span class='ocrx_word' id='word_1_35' title='bbox 494 803 717 860; x_wconf 88' lang='lat' dir='ltr'><strong>Oriente</strong></span> <span class='ocrx_word' id='word_1_36' title='bbox 741 805 928 861; x_wconf 85' lang='lat' dir='ltr'><strong>missis</strong></span> <span class='ocrx_word' id='word_1_37' title='bbox 951 809 1282 864; x_wconf 73' lang='lat' dir='ltr'><strong>conﬁrmata</strong></span> <span class='ocrx_word' id='word_1_38' title='bbox 1315 820 1471 875; x_wconf 84' lang='lat' dir='ltr'><strong>sunt,</strong></span> <span class='ocrx_word' id='word_1_39' title='bbox 1490 811 1659 868; x_wconf 88' lang='lat' dir='ltr'><strong>audet</strong></span> <span class='ocrx_word' id='word_1_40' title='bbox 1677 813 1973 884; x_wconf 88' lang='lat' dir='ltr'><strong>quisquam</strong></span> 
     </span>
    </p>
   </div>
   <div class='ocr_carea' id='block_1_8' title="bbox 393 896 1448 973">
    <p class='ocr_par' dir='ltr' id='par_1_8' title="bbox 393 896 1448 973">
     <span class='ocr_line' id='line_1_8' title="bbox 393 896 1448 973; baseline 0.008 -21"><span class='ocrx_word' id='word_1_41' title='bbox 393 896 743 967; x_wconf 87' lang='lat' dir='ltr'><strong>conjecturas</strong></span> <span class='ocrx_word' id='word_1_42' title='bbox 768 898 1117 955; x_wconf 85' lang='lat' dir='ltr'><strong>inauissimas</strong></span> <span class='ocrx_word' id='word_1_43' title='bbox 1149 916 1448 973; x_wconf 91' lang='lat' dir='ltr'><strong>opponere.</strong></span> 
     </span>
    </p>
   </div>
   <div class='ocr_carea' id='block_1_9' title="bbox 467 988 1970 1067">
    <p class='ocr_par' dir='ltr' id='par_1_9' title="bbox 467 988 1970 1067">
     <span class='ocr_line' id='line_1_9' title="bbox 467 988 1970 1067; baseline 0.008 -24"><span class='ocrx_word' id='word_1_44' title='bbox 467 988 677 1043; x_wconf 76' lang='lat' dir='ltr'><strong>Primus</strong></span> <span class='ocrx_word' id='word_1_45' title='bbox 733 1000 826 1044; x_wconf 80' lang='lat' dir='ltr'><strong>aut</strong></span> <span class='ocrx_word' id='word_1_46' title='bbox 852 991 994 1046; x_wconf 81' lang='lat' dir='ltr'><strong>inter</strong></span> <span class='ocrx_word' id='word_1_47' title='bbox 1028 994 1250 1060; x_wconf 78' lang='lat' dir='ltr'><strong>primos,</strong></span> <span class='ocrx_word' id='word_1_48' title='bbox 1278 996 1325 1053; x_wconf 85' lang='lat' dir='ltr'><strong>si</strong></span> <span class='ocrx_word' id='word_1_49' title='bbox 1380 995 1629 1055; x_wconf 90' lang='lat' dir='ltr'><strong>Smitheo</strong></span> <span class='ocrx_word' id='word_1_50' title='bbox 1674 999 1970 1067; x_wconf 77' lang='lat' dir='ltr'><strong>credimus,</strong></span> 
     </span>
    </p>
   </div>
   <div class='ocr_carea' id='block_1_10' title="bbox 397 1074 1977 1149">
    <p class='ocr_par' dir='ltr' id='par_1_10' title="bbox 397 1074 1977 1149">
     <span class='ocr_line' id='line_1_10' title="bbox 397 1074 1977 1149; baseline 0.01 -19"><span class='ocrx_word' id='word_1_51' title='bbox 397 1074 615 1133; x_wconf 79' lang='lat' dir='ltr'><strong>Gabriel</strong></span> <span class='ocrx_word' id='word_1_52' title='bbox 645 1075 1145 1149; x_wconf 89' lang='lat' dir='ltr'><strong>Philadelphiensis</strong></span> <span class='ocrx_word' id='word_1_53' title='bbox 1175 1084 1845 1146; x_wconf 84' lang='lat' dir='ltr'><strong>Transsubstantiationis</strong></span> <span class='ocrx_word' id='word_1_54' title='bbox 1880 1106 1977 1145; x_wconf 80' lang='lat' dir='ltr'><strong>vo-</strong></span> 
     </span>
    </p>
   </div>
   <div class='ocr_carea' id='block_1_11' title="bbox 394 1171 1965 1247">
    <p class='ocr_par' dir='ltr' id='par_1_11' title="bbox 394 1171 1965 1247">
     <span class='ocr_line' id='line_1_11' title="bbox 394 1171 1965 1247; baseline 0.008 -23"><span class='ocrx_word' id='word_1_55' title='bbox 394 1185 511 1224; x_wconf 91' lang='lat' dir='ltr'><strong>cem</strong></span> <span class='ocrx_word' id='word_1_56' title='bbox 547 1171 1016 1239; x_wconf 82' lang='lat' dir='ltr'><strong>usurpavit,anno</strong></span> <span class='ocrx_word' id='word_1_57' title='bbox 1049 1174 1207 1243; x_wconf 80' lang='grc'>1600,</span> <span class='ocrx_word' id='word_1_58' title='bbox 1238 1193 1349 1247; x_wconf 91' lang='lat' dir='ltr'><strong>quo</strong></span> <span class='ocrx_word' id='word_1_59' title='bbox 1380 1178 1599 1235; x_wconf 87' lang='lat' dir='ltr'><strong>libellus</strong></span> <span class='ocrx_word' id='word_1_60' title='bbox 1652 1181 1801 1237; x_wconf 84' lang='lat' dir='ltr'><strong>illius</strong></span> <span class='ocrx_word' id='word_1_61' title='bbox 1854 1182 1965 1237; x_wconf 89' lang='lat' dir='ltr'><strong>edi-</strong></span> 
     </span>
    </p>
   </div>
   <div class='ocr_carea' id='block_1_12' title="bbox 396 1265 1972 1340">
    <p class='ocr_par' dir='ltr' id='par_1_12' title="bbox 396 1265 1972 1340">
     <span class='ocr_line' id='line_1_12' title="bbox 396 1265 1972 1340; baseline 0.009 -23"><span class='ocrx_word' id='word_1_62' title='bbox 396 1273 481 1318; x_wconf 82' lang='lat' dir='ltr'><strong>tus</strong></span> <span class='ocrx_word' id='word_1_63' title='bbox 506 1277 608 1321; x_wconf 73' lang='grc' dir='ltr'><strong>εει.</strong></span> <span class='ocrx_word' id='word_1_64' title='bbox 636 1265 740 1321; x_wconf 88' lang='lat' dir='ltr'><strong>Sed</strong></span> <span class='ocrx_word' id='word_1_65' title='bbox 764 1265 1013 1322; x_wconf 81' lang='lat' dir='ltr'><strong>Meletius</strong></span> <span class='ocrx_word' id='word_1_66' title='bbox 1038 1268 1187 1338; x_wconf 88' lang='lat' dir='ltr'><strong>Piga,</strong></span> <span class='ocrx_word' id='word_1_67' title='bbox 1210 1272 1524 1340; x_wconf 86' lang='lat' dir='ltr'><strong>patriarcha</strong></span> <span class='ocrx_word' id='word_1_68' title='bbox 1565 1274 1972 1331; x_wconf 81' lang='lat' dir='ltr'><strong>Alexandrinus</strong></span> 
     </span>
    </p>
   </div>
   <div class='ocr_carea' id='block_1_13' title="bbox 395 1358 1974 1429">
    <p class='ocr_par' dir='ltr' id='par_1_13' title="bbox 395 1358 1974 1429">
     <span class='ocr_line' id='line_1_13' title="bbox 395 1358 1974 1429; baseline 0.006 -18"><span class='ocrx_word' id='word_1_69' title='bbox 395 1358 449 1413; x_wconf 89' lang='lat' dir='ltr'><strong>iu</strong></span> <span class='ocrx_word' id='word_1_70' title='bbox 478 1358 719 1428; x_wconf 74' lang='lat' dir='ltr'><strong>epistolis</strong></span> <span class='ocrx_word' id='word_1_71' title='bbox 741 1376 872 1415; x_wconf 89' lang='lat' dir='ltr'><strong>ann.</strong></span> <span class='ocrx_word' id='word_1_72' title='bbox 924 1362 1062 1417; x_wconf 78' lang='grc'><strong>1595</strong></span> <span class='ocrx_word' id='word_1_73' title='bbox 1092 1371 1147 1419; x_wconf 89' lang='lat' dir='ltr'><strong>et</strong></span> <span class='ocrx_word' id='word_1_74' title='bbox 1193 1363 1354 1429; x_wconf 71' lang='lat' dir='ltr'><strong>l59l,</strong></span> <span class='ocrx_word' id='word_1_75' title='bbox 1402 1380 1520 1421; x_wconf 90' lang='lat' dir='ltr'><strong>eam</strong></span> <span class='ocrx_word' id='word_1_76' title='bbox 1578 1382 1763 1422; x_wconf 89' lang='lat' dir='ltr'><strong>vocem</strong></span> <span class='ocrx_word' id='word_1_77' title='bbox 1814 1369 1974 1423; x_wconf 79' lang='lat' dir='ltr'><strong>adhi-</strong></span> 
     </span>
    </p>
   </div>
   <div class='ocr_carea' id='block_1_14' title="bbox 396 1452 1973 1523">
    <p class='ocr_par' dir='ltr' id='par_1_14' title="bbox 396 1452 1973 1523">
     <span class='ocr_line' id='line_1_14' title="bbox 396 1452 1973 1523; baseline 0.007 -17"><span class='ocrx_word' id='word_1_78' title='bbox 396 1452 613 1512; x_wconf 86' lang='lat' dir='ltr'><strong>buerat.</strong></span> <span class='ocrx_word' id='word_1_79' title='bbox 647 1453 881 1523; x_wconf 81' lang='lat' dir='ltr'><strong>ejusque</strong></span> <span class='ocrx_word' id='word_1_80' title='bbox 910 1470 1134 1511; x_wconf 79' lang='lat' dir='ltr'><strong>sensum</strong></span> <span class='ocrx_word' id='word_1_81' title='bbox 1166 1465 1222 1511; x_wconf 78' lang='lat' dir='ltr'><strong>et</strong></span> <span class='ocrx_word' id='word_1_82' title='bbox 1290 1468 1661 1515; x_wconf 86' lang='lat' dir='ltr'><strong>consectanea</strong></span> <span class='ocrx_word' id='word_1_83' title='bbox 1712 1472 1973 1517; x_wconf 84' lang='lat' dir='ltr'><strong>accurate</strong></span> 
     </span>
    </p>
   </div>
   <div class='ocr_carea' id='block_1_15' title="bbox 394 1546 1972 1616">
    <p class='ocr_par' dir='ltr' id='par_1_15' title="bbox 394 1546 1972 1616">
     <span class='ocr_line' id='line_1_15' title="bbox 394 1546 1972 1616; baseline 0.007 -17"><span class='ocrx_word' id='word_1_84' title='bbox 394 1546 787 1616; x_wconf 77' lang='lat' dir='ltr'><strong>explicaverat,</strong></span> <span class='ocrx_word' id='word_1_85' title='bbox 825 1546 1077 1604; x_wconf 88' lang='lat' dir='ltr'><strong>indicans</strong></span> <span class='ocrx_word' id='word_1_86' title='bbox 1110 1550 1274 1604; x_wconf 86' lang='lat' dir='ltr'><strong>simul</strong></span> <span class='ocrx_word' id='word_1_87' title='bbox 1320 1560 1588 1607; x_wconf 83' lang='lat' dir='ltr'><strong>tractatus</strong></span> <span class='ocrx_word' id='word_1_88' title='bbox 1650 1553 1790 1609; x_wconf 82' lang='lat' dir='ltr'><strong>alios</strong></span> <span class='ocrx_word' id='word_1_89' title='bbox 1841 1570 1972 1610; x_wconf 87' lang='lat' dir='ltr'><strong>suos</strong></span> 
     </span>
    </p>
   </div>
   <div class='ocr_carea' id='block_1_16' title="bbox 393 1635 1968 1713">
    <p class='ocr_par' dir='ltr' id='par_1_16' title="bbox 393 1635 1968 1713">
     <span class='ocr_line' id='line_1_16' title="bbox 393 1635 1968 1713; baseline 0.006 -24"><span class='ocrx_word' id='word_1_90' title='bbox 393 1635 448 1690; x_wconf 92' lang='lat' dir='ltr'><strong>in</strong></span> <span class='ocrx_word' id='word_1_91' title='bbox 482 1638 681 1706; x_wconf 82' lang='lat' dir='ltr'><strong>quibus</strong></span> <span class='ocrx_word' id='word_1_92' title='bbox 756 1640 933 1694; x_wconf 80' lang='lat' dir='ltr'><strong>fusius</strong></span> <span class='ocrx_word' id='word_1_93' title='bbox 986 1640 1055 1696; x_wconf 87' lang='lat' dir='ltr'><strong>de</strong></span> <span class='ocrx_word' id='word_1_94' title='bbox 1112 1642 1305 1697; x_wconf 87' lang='lat' dir='ltr'><strong>eodem</strong></span> <span class='ocrx_word' id='word_1_95' title='bbox 1365 1654 1695 1712; x_wconf 80' lang='lat' dir='ltr'><strong>argumento</strong></span> <span class='ocrx_word' id='word_1_96' title='bbox 1758 1646 1968 1713; x_wconf 80' lang='lat' dir='ltr'><strong>pridem</strong></span> 
     </span>
    </p>
   </div>
   <div class='ocr_carea' id='block_1_17' title="bbox 392 1731 1968 1806">
    <p class='ocr_par' dir='ltr' id='par_1_17' title="bbox 392 1731 1968 1806">
     <span class='ocr_line' id='line_1_17' title="bbox 392 1731 1968 1806; baseline 0.003 -20"><span class='ocrx_word' id='word_1_97' title='bbox 392 1731 750 1786; x_wconf 85' lang='lat' dir='ltr'><strong>dlsseruerat.</strong></span> <span class='ocrx_word' id='word_1_98' title='bbox 783 1731 1071 1789; x_wconf 82' lang='lat' dir='ltr'><strong>Latinismi</strong></span> <span class='ocrx_word' id='word_1_99' title='bbox 1097 1744 1393 1804; x_wconf 85' lang='lat' dir='ltr'><strong>suspectus</strong></span> <span class='ocrx_word' id='word_1_100' title='bbox 1420 1751 1544 1791; x_wconf 89' lang='lat' dir='ltr'><strong>esse</strong></span> <span class='ocrx_word' id='word_1_101' title='bbox 1581 1753 1690 1791; x_wconf 83' lang='lat' dir='ltr'><strong>non</strong></span> <span class='ocrx_word' id='word_1_102' title='bbox 1761 1746 1968 1806; x_wconf 88' lang='lat' dir='ltr'><strong>potest,</strong></span> 
     </span>
    </p>
   </div>
   <div class='ocr_carea' id='block_1_18' title="bbox 395 1824 1971 1896">
    <p class='ocr_par' dir='ltr' id='par_1_18' title="bbox 395 1824 1971 1896">
     <span class='ocr_line' id='line_1_18' title="bbox 395 1824 1971 1896; baseline 0.008 -22"><span class='ocrx_word' id='word_1_103' title='bbox 395 1839 553 1893; x_wconf 92' lang='lat' dir='ltr'><strong>quem</strong></span> <span class='ocrx_word' id='word_1_104' title='bbox 587 1824 831 1896; x_wconf 86' lang='lat' dir='ltr'><strong>impense</strong></span> <span class='ocrx_word' id='word_1_105' title='bbox 852 1824 1122 1896; x_wconf 77' lang='lat' dir='ltr'><strong>Georgius</strong></span> <span class='ocrx_word' id='word_1_106' title='bbox 1154 1826 1332 1883; x_wconf 84' lang='lat' dir='ltr'><strong>Douza</strong></span> <span class='ocrx_word' id='word_1_107' title='bbox 1382 1838 1437 1884; x_wconf 91' lang='lat' dir='ltr'><strong>et</strong></span> <span class='ocrx_word' id='word_1_108' title='bbox 1459 1827 1549 1882; x_wconf 85' lang='lat' dir='ltr'><strong>alii</strong></span> <span class='ocrx_word' id='word_1_109' title='bbox 1594 1827 1971 1886; x_wconf 88' lang='lat' dir='ltr'><strong>Protestantes</strong></span> 
     </span>
    </p>
   </div>
   <div class='ocr_carea' id='block_1_19' title="bbox 2076 630 3676 701">
    <p class='ocr_par' dir='ltr' id='par_1_19' title="bbox 2076 630 3676 701">
     <span class='ocr_line' id='line_1_19' title="bbox 2076 630 3676 701; baseline -0.001 -15"><span class='ocrx_word' id='word_1_110' title='bbox 2076 631 2213 688; x_wconf 90' lang='lat' dir='ltr'><strong>laris</strong></span> <span class='ocrx_word' id='word_1_111' title='bbox 2255 651 2269 689; x_wconf 91' lang='lat'><strong>:</strong></span> <span class='ocrx_word' id='word_1_112' title='bbox 2316 648 2478 688; x_wconf 90' lang='lat' dir='ltr'><strong>nemo</strong></span> <span class='ocrx_word' id='word_1_113' title='bbox 2511 643 2697 687; x_wconf 89' lang='lat' dir='ltr'><strong>autem</strong></span> <span class='ocrx_word' id='word_1_114' title='bbox 2739 631 3113 701; x_wconf 79' lang='lat' dir='ltr'><strong>suspicabitur</strong></span> <span class='ocrx_word' id='word_1_115' title='bbox 3140 631 3209 686; x_wconf 90' lang='lat' dir='ltr'><strong>ab</strong></span> <span class='ocrx_word' id='word_1_116' title='bbox 3242 632 3479 696; x_wconf 84' lang='lat' dir='ltr'><strong>homine,</strong></span> <span class='ocrx_word' id='word_1_117' title='bbox 3510 630 3676 685; x_wconf 88' lang='lat' dir='ltr'><strong>docto</strong></span> 
     </span>
    </p>
   </div>
   <div class='ocr_carea' id='block_1_20' title="bbox 2075 723 3670 799">
    <p class='ocr_par' dir='ltr' id='par_1_20' title="bbox 2075 723 3670 799">
     <span class='ocr_line' id='line_1_20' title="bbox 2075 723 3670 799; baseline -0.003 -19"><span class='ocrx_word' id='word_1_118' title='bbox 2075 726 2437 799; x_wconf 86' lang='lat' dir='ltr'><strong>quidcm.sed</strong></span> <span class='ocrx_word' id='word_1_119' title='bbox 2476 727 2640 793; x_wconf 86' lang='lat' dir='ltr'><strong>laico,</strong></span> <span class='ocrx_word' id='word_1_120' title='bbox 2678 725 2923 795; x_wconf 83' lang='lat' dir='ltr'><strong>ignotam</strong></span> <span class='ocrx_word' id='word_1_121' title='bbox 2979 739 3080 780; x_wconf 85' lang='lat' dir='ltr'><strong>nec</strong></span> <span class='ocrx_word' id='word_1_122' title='bbox 3102 740 3205 780; x_wconf 88' lang='lat' dir='ltr'><strong>usu</strong></span> <span class='ocrx_word' id='word_1_123' title='bbox 3264 723 3565 780; x_wconf 88' lang='lat' dir='ltr'><strong>stabilitam</strong></span> <span class='ocrx_word' id='word_1_124' title='bbox 3616 724 3670 777; x_wconf 91' lang='lat' dir='ltr'><strong>in</strong></span> 
     </span>
    </p>
   </div>
   <div class='ocr_carea' id='block_1_21' title="bbox 2075 813 3674 889">
    <p class='ocr_par' dir='ltr' id='par_1_21' title="bbox 2075 813 3674 889">
     <span class='ocr_line' id='line_1_21' title="bbox 2075 813 3674 889; baseline -0.003 -18"><span class='ocrx_word' id='word_1_125' title='bbox 2075 817 2338 889; x_wconf 87' lang='lat' dir='ltr'><strong>mysterio</strong></span> <span class='ocrx_word' id='word_1_126' title='bbox 2361 814 2695 885; x_wconf 69' lang='lat' dir='ltr'><strong>explicando</strong></span> <span class='ocrx_word' id='word_1_127' title='bbox 2731 829 2921 869; x_wconf 85' lang='lat' dir='ltr'><strong>vocem</strong></span> <span class='ocrx_word' id='word_1_128' title='bbox 2955 814 3213 883; x_wconf 88' lang='lat' dir='ltr'><strong>usurpari</strong></span> <span class='ocrx_word' id='word_1_129' title='bbox 3235 813 3674 881; x_wconf 80' lang='lat' dir='ltr'><strong>potuisse,nullo</strong></span> 
     </span>
    </p>
   </div>
   <div class='ocr_carea' id='block_1_22' title="bbox 2073 899 3417 977">
    <p class='ocr_par' dir='ltr' id='par_1_22' title="bbox 2073 899 3417 977">
     <span class='ocr_line' id='line_1_22' title="bbox 2073 899 3417 977; baseline -0.007 -15"><span class='ocrx_word' id='word_1_130' title='bbox 2073 906 2463 977; x_wconf 89' lang='lat' dir='ltr'><strong>episcoporum</strong></span> <span class='ocrx_word' id='word_1_131' title='bbox 2500 911 2596 958; x_wconf 89' lang='lat' dir='ltr'><strong>aut</strong></span> <span class='ocrx_word' id='word_1_132' title='bbox 2634 903 3019 970; x_wconf 87' lang='lat' dir='ltr'><strong>theologorum</strong></span> <span class='ocrx_word' id='word_1_133' title='bbox 3057 899 3417 956; x_wconf 80' lang='lat' dir='ltr'><strong>reclamante.</strong></span> 
     </span>
    </p>
   </div>
   <div class='ocr_carea' id='block_1_23' title="bbox 2148 990 3673 1061">
    <p class='ocr_par' dir='ltr' id='par_1_23' title="bbox 2148 990 3673 1061">
     <span class='ocr_line' id='line_1_23' title="bbox 2148 990 3673 1061; baseline -0.006 -7"><span class='ocrx_word' id='word_1_134' title='bbox 2148 998 2255 1054; x_wconf 84' lang='lat' dir='ltr'><strong>Sed</strong></span> <span class='ocrx_word' id='word_1_135' title='bbox 2295 996 2623 1061; x_wconf 85' lang='lat' dir='ltr'><strong>Callinicus,</strong></span> <span class='ocrx_word' id='word_1_136' title='bbox 2649 994 2945 1051; x_wconf 88' lang='lat' dir='ltr'><strong>Dosithens</strong></span> <span class='ocrx_word' id='word_1_137' title='bbox 2976 1002 3032 1049; x_wconf 90' lang='lat' dir='ltr'><strong>et</strong></span> <span class='ocrx_word' id='word_1_138' title='bbox 3061 992 3154 1046; x_wconf 85' lang='lat' dir='ltr'><strong>alii</strong></span> <span class='ocrx_word' id='word_1_139' title='bbox 3190 991 3364 1047; x_wconf 84' lang='lat' dir='ltr'><strong>Graeci</strong></span> <span class='ocrx_word' id='word_1_140' title='bbox 3397 990 3673 1045; x_wconf 78' lang='lat' dir='ltr'><strong>antistites</strong></span> 
     </span>
    </p>
   </div>
   <div class='ocr_carea' id='block_1_24' title="bbox 2086 1083 3674 1159">
    <p class='ocr_par' dir='ltr' id='par_1_24' title="bbox 2086 1083 3674 1159">
     <span class='ocr_line' id='line_1_24' title="bbox 2086 1083 3674 1159; baseline -0.006 -13"><span class='ocrx_word' id='word_1_141' title='bbox 2086 1100 2250 1146; x_wconf 87' lang='lat' dir='ltr'><strong>erunt</strong></span> <span class='ocrx_word' id='word_1_142' title='bbox 2281 1088 2531 1145; x_wconf 90' lang='lat' dir='ltr'><strong>Smitheo</strong></span> <span class='ocrx_word' id='word_1_143' title='bbox 2558 1089 2965 1159; x_wconf 72' lang='grc' dir='ltr'><strong>Λατινόφρονες</strong></span> <span class='ocrx_word' id='word_1_144' title='bbox 3032 1084 3158 1139; x_wconf 83' lang='lat' dir='ltr'><strong>novi</strong></span> <span class='ocrx_word' id='word_1_145' title='bbox 3215 1085 3433 1139; x_wconf 85' lang='lat' dir='ltr'><strong>scilicet</strong></span> <span class='ocrx_word' id='word_1_146' title='bbox 3474 1090 3530 1138; x_wconf 92' lang='lat' dir='ltr'><strong>et</strong></span> <span class='ocrx_word' id='word_1_147' title='bbox 3564 1083 3674 1137; x_wconf 90' lang='lat' dir='ltr'><strong>huc</strong></span> 
     </span>
    </p>
   </div>
   <div class='ocr_carea' id='block_1_25' title="bbox 2074 1173 3669 1253">
    <p class='ocr_par' dir='ltr' id='par_1_25' title="bbox 2074 1173 3669 1253">
     <span class='ocr_line' id='line_1_25' title="bbox 2074 1173 3669 1253; baseline -0.008 -16"><span class='ocrx_word' id='word_1_148' title='bbox 2074 1197 2253 1253; x_wconf 91' lang='lat' dir='ltr'><strong>usque</strong></span> <span class='ocrx_word' id='word_1_149' title='bbox 2285 1181 2454 1251; x_wconf 87' lang='lat' dir='ltr'><strong>ignoti</strong></span> <span class='ocrx_word' id='word_1_150' title='bbox 2476 1181 2738 1251; x_wconf 83' lang='lat' dir='ltr'><strong>generis;</strong></span> <span class='ocrx_word' id='word_1_151' title='bbox 2774 1195 2900 1233; x_wconf 90' lang='lat' dir='ltr'><strong>nam</strong></span> <span class='ocrx_word' id='word_1_152' title='bbox 2929 1194 3054 1233; x_wconf 92' lang='lat' dir='ltr'><strong>cum</strong></span> <span class='ocrx_word' id='word_1_153' title='bbox 3099 1192 3163 1232; x_wconf 89' lang='lat' dir='ltr'><strong>ea</strong></span> <span class='ocrx_word' id='word_1_154' title='bbox 3240 1192 3346 1233; x_wconf 82' lang='lat' dir='ltr'><strong>vox</strong></span> <span class='ocrx_word' id='word_1_155' title='bbox 3413 1173 3669 1243; x_wconf 87' lang='lat' dir='ltr'><strong>usurpari</strong></span> 
     </span>
    </p>
   </div>
   <div class='ocr_carea' id='block_1_26' title="bbox 2073 1268 3675 1347">
    <p class='ocr_par' dir='ltr' id='par_1_26' title="bbox 2073 1268 3675 1347">
     <span class='ocr_line' id='line_1_26' title="bbox 2073 1268 3675 1347; baseline -0.007 -16"><span class='ocrx_word' id='word_1_156' title='bbox 2073 1276 2259 1347; x_wconf 71' lang='lat' dir='ltr'><strong>cmpit,</strong></span> <span class='ocrx_word' id='word_1_157' title='bbox 2292 1276 2473 1329; x_wconf 91' lang='lat' dir='ltr'><strong>nullus</strong></span> <span class='ocrx_word' id='word_1_158' title='bbox 2507 1274 2645 1329; x_wconf 90' lang='lat' dir='ltr'><strong>alios</strong></span> <span class='ocrx_word' id='word_1_159' title='bbox 2679 1288 2843 1343; x_wconf 87' lang='lat' dir='ltr'><strong>quam</strong></span> <span class='ocrx_word' id='word_1_160' title='bbox 2873 1273 2967 1343; x_wconf 89' lang='lat' dir='ltr'><strong>qui</strong></span> <span class='ocrx_word' id='word_1_161' title='bbox 3036 1271 3335 1327; x_wconf 84' lang='lat' dir='ltr'><strong>stabilitam</strong></span> <span class='ocrx_word' id='word_1_162' title='bbox 3378 1268 3675 1324; x_wconf 64' lang='lat' dir='ltr'><strong>Florentiae</strong></span> 
     </span>
    </p>
   </div>
   <div class='ocr_carea' id='block_1_27' title="bbox 2077 1357 3674 1436">
    <p class='ocr_par' dir='ltr' id='par_1_27' title="bbox 2077 1357 3674 1436">
     <span class='ocr_line' id='line_1_27' title="bbox 2077 1357 3674 1436; baseline -0.006 -13"><span class='ocrx_word' id='word_1_163' title='bbox 2077 1369 2198 1424; x_wconf 85' lang='lat' dir='ltr'><strong>ﬁdei</strong></span> <span class='ocrx_word' id='word_1_164' title='bbox 2228 1366 2610 1423; x_wconf 88' lang='lat' dir='ltr'><strong>Dellnitionem</strong></span> <span class='ocrx_word' id='word_1_165' title='bbox 2637 1366 3140 1436; x_wconf 85' lang='lat' dir='ltr'><strong>amplectebantur,</strong></span> <span class='ocrx_word' id='word_1_166' title='bbox 3175 1364 3524 1433; x_wconf 82' lang='lat' dir='ltr'><strong>designabat.</strong></span> <span class='ocrx_word' id='word_1_167' title='bbox 3565 1357 3674 1413; x_wconf 83' lang='lat' dir='ltr'><strong>Ve-</strong></span> 
     </span>
    </p>
   </div>
   <div class='ocr_carea' id='block_1_28' title="bbox 2074 1452 3672 1527">
    <p class='ocr_par' dir='ltr' id='par_1_28' title="bbox 2074 1452 3672 1527">
     <span class='ocr_line' id='line_1_28' title="bbox 2074 1452 3672 1527; baseline -0.006 -12"><span class='ocrx_word' id='word_1_168' title='bbox 2074 1477 2194 1515; x_wconf 91' lang='lat' dir='ltr'><strong>rum</strong></span> <span class='ocrx_word' id='word_1_169' title='bbox 2223 1476 2329 1514; x_wconf 90' lang='lat' dir='ltr'><strong>non</strong></span> <span class='ocrx_word' id='word_1_170' title='bbox 2352 1457 2860 1527; x_wconf 86' lang='lat' dir='ltr'><strong>Constantinopoli,</strong></span> <span class='ocrx_word' id='word_1_171' title='bbox 2903 1459 2999 1514; x_wconf 87' lang='lat' dir='ltr'><strong>sed</strong></span> <span class='ocrx_word' id='word_1_172' title='bbox 3036 1459 3089 1513; x_wconf 91' lang='lat' dir='ltr'><strong>iu</strong></span> <span class='ocrx_word' id='word_1_173' title='bbox 3119 1456 3335 1513; x_wconf 88' lang='lat' dir='ltr'><strong>Claudii</strong></span> <span class='ocrx_word' id='word_1_174' title='bbox 3390 1453 3550 1510; x_wconf 86' lang='lat' dir='ltr'><strong>libris</strong></span> <span class='ocrx_word' id='word_1_175' title='bbox 3583 1452 3672 1507; x_wconf 89' lang='lat' dir='ltr'><strong>di—</strong></span> 
     </span>
    </p>
   </div>
   <div class='ocr_carea' id='block_1_29' title="bbox 2073 1548 3675 1621">
    <p class='ocr_par' dir='ltr' id='par_1_29' title="bbox 2073 1548 3675 1621">
     <span class='ocr_line' id='line_1_29' title="bbox 2073 1548 3675 1621; baseline -0.004 -14"><span class='ocrx_word' id='word_1_176' title='bbox 2073 1553 2210 1607; x_wconf 91' lang='lat' dir='ltr'><strong>dicit</strong></span> <span class='ocrx_word' id='word_1_177' title='bbox 2250 1551 2537 1607; x_wconf 82' lang='lat' dir='ltr'><strong>Stnitlteus</strong></span> <span class='ocrx_word' id='word_1_178' title='bbox 2562 1550 2977 1621; x_wconf 79' lang='grc' dir='ltr'><strong>Λατινόφρονας</strong></span> <span class='ocrx_word' id='word_1_179' title='bbox 3004 1567 3154 1617; x_wconf 90' lang='lat' dir='ltr'><strong>esse,</strong></span> <span class='ocrx_word' id='word_1_180' title='bbox 3180 1550 3274 1619; x_wconf 89' lang='lat' dir='ltr'><strong>qui</strong></span> <span class='ocrx_word' id='word_1_181' title='bbox 3304 1548 3506 1604; x_wconf 90' lang='lat' dir='ltr'><strong>realem</strong></span> <span class='ocrx_word' id='word_1_182' title='bbox 3537 1560 3675 1615; x_wconf 68' lang='lat' dir='ltr'><strong>prte-</strong></span> 
     </span>
    </p>
   </div>
   <div class='ocr_carea' id='block_1_30' title="bbox 2074 1638 3676 1701">
    <p class='ocr_par' dir='ltr' id='par_1_30' title="bbox 2074 1638 3676 1701">
     <span class='ocr_line' id='line_1_30' title="bbox 2074 1638 3676 1701; baseline -0.006 -1"><span class='ocrx_word' id='word_1_183' title='bbox 2074 1646 2306 1700; x_wconf 86' lang='lat' dir='ltr'><strong>sentiam</strong></span> <span class='ocrx_word' id='word_1_184' title='bbox 2326 1653 2381 1701; x_wconf 93' lang='lat' dir='ltr'><strong>et</strong></span> <span class='ocrx_word' id='word_1_185' title='bbox 2415 1644 3097 1700; x_wconf 82' lang='lat' dir='ltr'><strong>transsubstantiationem</strong></span> <span class='ocrx_word' id='word_1_186' title='bbox 3128 1643 3448 1697; x_wconf 88' lang='lat' dir='ltr'><strong>crederent.</strong></span> <span class='ocrx_word' id='word_1_187' title='bbox 3499 1638 3676 1693; x_wconf 84' lang='lat' dir='ltr'><strong>Erunt</strong></span> 
     </span>
    </p>
   </div>
   <div class='ocr_carea' id='block_1_31' title="bbox 2074 1733 3676 1809">
    <p class='ocr_par' dir='ltr' id='par_1_31' title="bbox 2074 1733 3676 1809">
     <span class='ocr_line' id='line_1_31' title="bbox 2074 1733 3676 1809; baseline -0.005 -16"><span class='ocrx_word' id='word_1_188' title='bbox 2074 1739 2240 1809; x_wconf 83' lang='lat' dir='ltr'><strong>igitur</strong></span> <span class='ocrx_word' id='word_1_189' title='bbox 2263 1738 2430 1793; x_wconf 91' lang='lat' dir='ltr'><strong>etiam</strong></span> <span class='ocrx_word' id='word_1_190' title='bbox 2462 1738 2579 1804; x_wconf 86' lang='lat' dir='ltr'><strong>isti,</strong></span> <span class='ocrx_word' id='word_1_191' title='bbox 2617 1736 2886 1806; x_wconf 90' lang='lat' dir='ltr'><strong>utilliqui</strong></span> <span class='ocrx_word' id='word_1_192' title='bbox 2917 1735 3127 1808; x_wconf 83' lang='lat' dir='ltr'><strong>synodo</strong></span> <span class='ocrx_word' id='word_1_193' title='bbox 3157 1733 3676 1804; x_wconf 59' lang='lat' dir='ltr'><strong>llierosolymitane</strong></span> 
     </span>
    </p>
   </div>
   <div class='ocr_carea' id='block_1_32' title="bbox 2076 1825 3676 1901">
    <p class='ocr_par' dir='ltr' id='par_1_32' title="bbox 2076 1825 3676 1901">
     <span class='ocr_line' id='line_1_32' title="bbox 2076 1825 3676 1901; baseline -0.005 -15"><span class='ocrx_word' id='word_1_194' title='bbox 2076 1831 2555 1901; x_wconf 86' lang='lat' dir='ltr'><strong>subscripserunt,</strong></span> <span class='ocrx_word' id='word_1_195' title='bbox 2590 1830 2645 1884; x_wconf 92' lang='lat' dir='ltr'><strong>in</strong></span> <span class='ocrx_word' id='word_1_196' title='bbox 2676 1830 2868 1885; x_wconf 84' lang='lat' dir='ltr'><strong>eadem</strong></span> <span class='ocrx_word' id='word_1_197' title='bbox 2911 1826 3468 1899; x_wconf 78' lang='grc' dir='ltr'><strong>Λατινοφρονούντων</strong></span> <span class='ocrx_word' id='word_1_198' title='bbox 3530 1825 3676 1880; x_wconf 88' lang='lat' dir='ltr'><strong>clas-</strong></span> 
     </span>
    </p>
   </div>
   <div class='ocr_carea' id='block_1_33' title="bbox 401 1899 3673 1993">
    <p class='ocr_par' dir='ltr' id='par_1_33' title="bbox 401 1899 3673 1993">
     <span class='ocr_line' id='line_1_33' title="bbox 401 1899 3673 1993; baseline -0.001 -20"><span class='ocrx_word' id='word_1_199' title='bbox 401 1918 784 1983; x_wconf 82' lang='lat' dir='ltr'><strong>laudavernnt,</strong></span> <span class='ocrx_word' id='word_1_200' title='bbox 808 1933 875 1974; x_wconf 88' lang='lat' dir='ltr'><strong>eo</strong></span> <span class='ocrx_word' id='word_1_201' title='bbox 902 1920 1205 1989; x_wconf 68' lang='lat' dir='ltr'><strong>praesertim</strong></span> <span class='ocrx_word' id='word_1_202' title='bbox 1240 1922 1482 1989; x_wconf 89' lang='lat' dir='ltr'><strong>nomine,</strong></span> <span class='ocrx_word' id='word_1_203' title='bbox 1529 1923 1678 1993; x_wconf 88' lang='lat' dir='ltr'><strong>quod</strong></span> <span class='ocrx_word' id='word_1_204' title='bbox 1734 1939 1966 1980; x_wconf 90' lang='lat' dir='ltr'><strong>coneor-</strong></span> <span class='ocrx_word' id='word_1_205' title='bbox 2000 1899 2045 1959; x_wconf 72' lang='grc' dir='ltr'><strong><em>Β</em></strong></span> <span class='ocrx_word' id='word_1_206' title='bbox 2074 1939 2154 1989; x_wconf 88' lang='lat' dir='ltr'><strong>se,</strong></span> <span class='ocrx_word' id='word_1_207' title='bbox 2183 1924 2276 1993; x_wconf 88' lang='lat' dir='ltr'><strong>qui</strong></span> <span class='ocrx_word' id='word_1_208' title='bbox 2311 1899 2487 1978; x_wconf 82' lang='lat' dir='ltr'><strong>tamen</strong></span> <span class='ocrx_word' id='word_1_209' title='bbox 2527 1923 2823 1992; x_wconf 85' lang='lat' dir='ltr'><strong>primatum</strong></span> <span class='ocrx_word' id='word_1_210' title='bbox 2858 1921 3090 1976; x_wconf 82' lang='lat' dir='ltr'><strong>Romani</strong></span> <span class='ocrx_word' id='word_1_211' title='bbox 3120 1920 3406 1975; x_wconf 87' lang='lat' dir='ltr'><strong>Pontiﬁcis</strong></span> <span class='ocrx_word' id='word_1_212' title='bbox 3447 1926 3673 1988; x_wconf 78' lang='lat' dir='ltr'><strong>negant,</strong></span> 
     </span>
    </p>
   </div>
   <div class='ocr_carea' id='block_1_34' title="bbox 395 2011 1978 2082">
    <p class='ocr_par' dir='ltr' id='par_1_34' title="bbox 395 2011 1978 2082">
     <span class='ocr_line' id='line_1_34' title="bbox 395 2011 1978 2082; baseline 0.004 -17"><span class='ocrx_word' id='word_1_213' title='bbox 395 2012 498 2066; x_wconf 79' lang='lat' dir='ltr'><strong>dize</strong></span> <span class='ocrx_word' id='word_1_214' title='bbox 530 2012 676 2067; x_wconf 91' lang='lat' dir='ltr'><strong>inter</strong></span> <span class='ocrx_word' id='word_1_215' title='bbox 708 2011 949 2067; x_wconf 80' lang='lat' dir='ltr'><strong>Poloniae</strong></span> <span class='ocrx_word' id='word_1_216' title='bbox 990 2028 1161 2082; x_wconf 85' lang='lat' dir='ltr'><strong>regno</strong></span> <span class='ocrx_word' id='word_1_217' title='bbox 1207 2014 1465 2070; x_wconf 84' lang='lat' dir='ltr'><strong>subditos</strong></span> <span class='ocrx_word' id='word_1_218' title='bbox 1495 2014 1668 2072; x_wconf 86' lang='lat' dir='ltr'><strong>Graeci</strong></span> <span class='ocrx_word' id='word_1_219' title='bbox 1726 2017 1864 2072; x_wconf 92' lang='lat' dir='ltr'><strong>ritus</strong></span> <span class='ocrx_word' id='word_1_220' title='bbox 1920 2026 1978 2072; x_wconf 91' lang='lat' dir='ltr'><strong>et</strong></span> 
     </span>
    </p>
   </div>
   <div class='ocr_carea' id='block_1_35' title="bbox 391 2096 1975 2167">
    <p class='ocr_par' dir='ltr' id='par_1_35' title="bbox 391 2096 1975 2167">
     <span class='ocr_line' id='line_1_35' title="bbox 391 2096 1975 2167; baseline 0.004 -8"><span class='ocrx_word' id='word_1_221' title='bbox 391 2104 701 2159; x_wconf 89' lang='lat' dir='ltr'><strong>Catholicos</strong></span> <span class='ocrx_word' id='word_1_222' title='bbox 722 2104 1079 2159; x_wconf 65' lang='lat' dir='ltr'><strong>conciliandas</strong></span> <span class='ocrx_word' id='word_1_223' title='bbox 1116 2106 1384 2162; x_wconf 79' lang='lat' dir='ltr'><strong>acerrime</strong></span> <span class='ocrx_word' id='word_1_224' title='bbox 1415 2096 1821 2167; x_wconf 68' lang='lat' dir='ltr'><strong>restitisseLAn</strong></span> <span class='ocrx_word' id='word_1_225' title='bbox 1842 2109 1975 2165; x_wconf 54' lang='lat' dir='ltr'><strong>sub-</strong></span> 
     </span>
    </p>
   </div>
   <div class='ocr_carea' id='block_1_36' title="bbox 392 2194 1973 2264">
    <p class='ocr_par' dir='ltr' id='par_1_36' title="bbox 392 2194 1973 2264">
     <span class='ocr_line' id='line_1_36' title="bbox 392 2194 1973 2264; baseline 0.004 -16"><span class='ocrx_word' id='word_1_226' title='bbox 392 2195 597 2249; x_wconf 80' lang='lat' dir='ltr'><strong>dititias</strong></span> <span class='ocrx_word' id='word_1_227' title='bbox 618 2194 741 2249; x_wconf 88' lang='lat' dir='ltr'><strong>illas</strong></span> <span class='ocrx_word' id='word_1_228' title='bbox 770 2195 1035 2264; x_wconf 83' lang='lat' dir='ltr'><strong>epistolas</strong></span> <span class='ocrx_word' id='word_1_229' title='bbox 1066 2210 1191 2251; x_wconf 89' lang='lat' dir='ltr'><strong>esse</strong></span> <span class='ocrx_word' id='word_1_230' title='bbox 1217 2196 1502 2253; x_wconf 88' lang='lat' dir='ltr'><strong>Smitbens</strong></span> <span class='ocrx_word' id='word_1_231' title='bbox 1555 2198 1746 2254; x_wconf 72' lang='lat' dir='ltr'><strong>dicet?</strong></span> <span class='ocrx_word' id='word_1_232' title='bbox 1773 2199 1973 2256; x_wconf 81' lang='lat' dir='ltr'><strong>Verum</strong></span> 
     </span>
    </p>
   </div>
   <div class='ocr_carea' id='block_1_37' title="bbox 392 2288 1974 2361">
    <p class='ocr_par' dir='ltr' id='par_1_37' title="bbox 392 2288 1974 2361">
     <span class='ocr_line' id='line_1_37' title="bbox 392 2288 1974 2361; baseline 0.005 -22"><span class='ocrx_word' id='word_1_233' title='bbox 392 2301 485 2341; x_wconf 84' lang='lat' dir='ltr'><strong>eas</strong></span> <span class='ocrx_word' id='word_1_234' title='bbox 517 2302 581 2341; x_wconf 80' lang='lat' dir='ltr'><strong>es</strong></span> <span class='ocrx_word' id='word_1_235' title='bbox 619 2288 937 2343; x_wconf 87' lang='lat' dir='ltr'><strong>authentico</strong></span> <span class='ocrx_word' id='word_1_236' title='bbox 965 2288 1265 2359; x_wconf 80' lang='lat' dir='ltr'><strong>exemplari</strong></span> <span class='ocrx_word' id='word_1_237' title='bbox 1304 2289 1612 2361; x_wconf 89' lang='lat' dir='ltr'><strong>descriptas</strong></span> <span class='ocrx_word' id='word_1_238' title='bbox 1645 2292 1974 2349; x_wconf 81' lang='lat' dir='ltr'><strong>Constanti-</strong></span> 
     </span>
    </p>
   </div>
   <div class='ocr_carea' id='block_1_38' title="bbox 396 2379 1975 2451">
    <p class='ocr_par' dir='ltr' id='par_1_38' title="bbox 396 2379 1975 2451">
     <span class='ocr_line' id='line_1_38' title="bbox 396 2379 1975 2451; baseline 0.003 -16"><span class='ocrx_word' id='word_1_239' title='bbox 396 2382 615 2450; x_wconf 83' lang='lat' dir='ltr'><strong>nopolin</strong></span> <span class='ocrx_word' id='word_1_240' title='bbox 645 2382 714 2436; x_wconf 87' lang='lat' dir='ltr'><strong>ad</strong></span> <span class='ocrx_word' id='word_1_241' title='bbox 752 2379 1130 2451; x_wconf 88' lang='lat' dir='ltr'><strong>Panagiottem</strong></span> <span class='ocrx_word' id='word_1_242' title='bbox 1167 2383 1321 2438; x_wconf 88' lang='lat' dir='ltr'><strong>misit</strong></span> <span class='ocrx_word' id='word_1_243' title='bbox 1354 2382 1576 2440; x_wconf 87' lang='lat' dir='ltr'><strong>Paisius</strong></span> <span class='ocrx_word' id='word_1_244' title='bbox 1631 2385 1975 2440; x_wconf 77' lang='lat' dir='ltr'><strong>Alexandri-</strong></span> 
     </span>
    </p>
   </div>
   <div class='ocr_carea' id='block_1_39' title="bbox 396 2474 1973 2547">
    <p class='ocr_par' dir='ltr' id='par_1_39' title="bbox 396 2474 1973 2547">
     <span class='ocr_line' id='line_1_39' title="bbox 396 2474 1973 2547; baseline 0.004 -20"><span class='ocrx_word' id='word_1_245' title='bbox 396 2489 499 2527; x_wconf 85' lang='lat' dir='ltr'><strong>nus</strong></span> <span class='ocrx_word' id='word_1_246' title='bbox 527 2475 842 2544; x_wconf 87' lang='lat' dir='ltr'><strong>patriarcha</strong></span> <span class='ocrx_word' id='word_1_247' title='bbox 882 2491 896 2531; x_wconf 90' lang='lat'>:</span> <span class='ocrx_word' id='word_1_248' title='bbox 935 2483 990 2529; x_wconf 91' lang='lat' dir='ltr'><strong>et</strong></span> <span class='ocrx_word' id='word_1_249' title='bbox 1024 2474 1688 2547; x_wconf 83' lang='lat' dir='ltr'><strong>Cunstantinopolitanns</strong></span> <span class='ocrx_word' id='word_1_250' title='bbox 1739 2478 1973 2534; x_wconf 84' lang='lat' dir='ltr'><strong>Callini-</strong></span> 
     </span>
    </p>
   </div>
   <div class='ocr_carea' id='block_1_40' title="bbox 393 2567 1967 2644">
    <p class='ocr_par' dir='ltr' id='par_1_40' title="bbox 393 2567 1967 2644">
     <span class='ocr_line' id='line_1_40' title="bbox 393 2567 1967 2644; baseline 0.004 -22"><span class='ocrx_word' id='word_1_251' title='bbox 393 2583 492 2623; x_wconf 90' lang='lat' dir='ltr'><strong>cns</strong></span> <span class='ocrx_word' id='word_1_252' title='bbox 528 2568 578 2622; x_wconf 90' lang='lat' dir='ltr'><strong>in</strong></span> <span class='ocrx_word' id='word_1_253' title='bbox 612 2567 861 2639; x_wconf 83' lang='lat' dir='ltr'><strong>synodali</strong></span> <span class='ocrx_word' id='word_1_254' title='bbox 893 2567 1217 2625; x_wconf 89' lang='lat' dir='ltr'><strong>deﬁnitione</strong></span> <span class='ocrx_word' id='word_1_255' title='bbox 1243 2571 1374 2625; x_wconf 90' lang='lat' dir='ltr'><strong>anui</strong></span> <span class='ocrx_word' id='word_1_256' title='bbox 1398 2570 1560 2626; x_wconf 82' lang='grc'>1691.</span> <span class='ocrx_word' id='word_1_257' title='bbox 1583 2572 1727 2627; x_wconf 87' lang='lat' dir='ltr'><strong>inter</strong></span> <span class='ocrx_word' id='word_1_258' title='bbox 1752 2588 1850 2628; x_wconf 77' lang='lat' dir='ltr'><strong>eos</strong></span> <span class='ocrx_word' id='word_1_259' title='bbox 1874 2574 1967 2644; x_wconf 84' lang='lat' dir='ltr'><strong>qui</strong></span> 
     </span>
    </p>
   </div>
   <div class='ocr_carea' id='block_1_41' title="bbox 396 2661 1977 2731">
    <p class='ocr_par' dir='ltr' id='par_1_41' title="bbox 396 2661 1977 2731">
     <span class='ocr_line' id='line_1_41' title="bbox 396 2661 1977 2731; baseline 0.004 -16"><span class='ocrx_word' id='word_1_260' title='bbox 396 2661 1031 2718; x_wconf 87' lang='lat' dir='ltr'><strong>transsubstantiationis</strong></span> <span class='ocrx_word' id='word_1_261' title='bbox 1064 2676 1201 2719; x_wconf 90' lang='lat' dir='ltr'><strong>voce</strong></span> <span class='ocrx_word' id='word_1_262' title='bbox 1246 2664 1333 2720; x_wconf 90' lang='lat' dir='ltr'><strong>nsi</strong></span> <span class='ocrx_word' id='word_1_263' title='bbox 1373 2675 1528 2731; x_wconf 88' lang='lat' dir='ltr'><strong>sunt,</strong></span> <span class='ocrx_word' id='word_1_264' title='bbox 1566 2665 1845 2722; x_wconf 83' lang='lat' dir='ltr'><strong>Meletinm</strong></span> <span class='ocrx_word' id='word_1_265' title='bbox 1887 2665 1977 2723; x_wconf 90' lang='lat' dir='ltr'><strong>Pi-</strong></span> 
     </span>
    </p>
   </div>
   <div class='ocr_carea' id='block_1_42' title="bbox 394 2754 873 2824">
    <p class='ocr_par' dir='ltr' id='par_1_42' title="bbox 394 2754 873 2824">
     <span class='ocr_line' id='line_1_42' title="bbox 394 2754 873 2824; baseline 0.004 -17"><span class='ocrx_word' id='word_1_266' title='bbox 394 2768 515 2824; x_wconf 90' lang='lat' dir='ltr'><strong>gam</strong></span> <span class='ocrx_word' id='word_1_267' title='bbox 547 2754 873 2810; x_wconf 77' lang='lat' dir='ltr'><strong>numeravit.</strong></span> 
     </span>
    </p>
   </div>
   <div class='ocr_carea' id='block_1_43' title="bbox 468 2845 1977 2921">
    <p class='ocr_par' dir='ltr' id='par_1_43' title="bbox 468 2845 1977 2921">
     <span class='ocr_line' id='line_1_43' title="bbox 468 2845 1977 2921; baseline 0.005 -21"><span class='ocrx_word' id='word_1_268' title='bbox 468 2845 667 2902; x_wconf 80' lang='lat' dir='ltr'><strong>Eadem</strong></span> <span class='ocrx_word' id='word_1_269' title='bbox 722 2847 1059 2903; x_wconf 81' lang='lat' dir='ltr'><strong>auctoritate</strong></span> <span class='ocrx_word' id='word_1_270' title='bbox 1084 2849 1412 2918; x_wconf 67' lang='lat' dir='ltr'><strong>patriarchae</strong></span> <span class='ocrx_word' id='word_1_271' title='bbox 1468 2850 1977 2921; x_wconf 83' lang='lat' dir='ltr'><strong>Constantinopoli-</strong></span> 
     </span>
    </p>
   </div>
   <div class='ocr_carea' id='block_1_44' title="bbox 396 2939 1979 3014">
    <p class='ocr_par' dir='ltr' id='par_1_44' title="bbox 396 2939 1979 3014">
     <span class='ocr_line' id='line_1_44' title="bbox 396 2939 1979 3014; baseline 0.003 -21"><span class='ocrx_word' id='word_1_272' title='bbox 396 2940 533 3002; x_wconf 89' lang='lat' dir='ltr'><strong>tani.</strong></span> <span class='ocrx_word' id='word_1_273' title='bbox 573 2939 1245 3011; x_wconf 64' lang='lat' dir='ltr'><strong>etDositbeipatriarchm</strong></span> <span class='ocrx_word' id='word_1_274' title='bbox 1297 2942 1783 3014; x_wconf 82' lang='lat' dir='ltr'><strong>Hierosolymitani</strong></span> <span class='ocrx_word' id='word_1_275' title='bbox 1844 2960 1979 2999; x_wconf 90' lang='lat' dir='ltr'><strong>eon-</strong></span> 
     </span>
    </p>
   </div>
   <div class='ocr_carea' id='block_1_45' title="bbox 396 3031 1975 3105">
    <p class='ocr_par' dir='ltr' id='par_1_45' title="bbox 396 3031 1975 3105">
     <span class='ocr_line' id='line_1_45' title="bbox 396 3031 1975 3105; baseline 0.004 -21"><span class='ocrx_word' id='word_1_276' title='bbox 396 3031 645 3085; x_wconf 87' lang='lat' dir='ltr'><strong>ﬁrmatnr</strong></span> <span class='ocrx_word' id='word_1_277' title='bbox 666 3047 729 3087; x_wconf 88' lang='lat' dir='ltr'><strong>ea</strong></span> <span class='ocrx_word' id='word_1_278' title='bbox 752 3046 915 3102; x_wconf 84' lang='lat' dir='ltr'><strong>quam</strong></span> <span class='ocrx_word' id='word_1_279' title='bbox 952 3031 1235 3088; x_wconf 87' lang='lat' dir='ltr'><strong>Smitheus</strong></span> <span class='ocrx_word' id='word_1_280' title='bbox 1260 3044 1540 3105; x_wconf 74' lang='lat' dir='ltr'><strong>oppugnat</strong></span> <span class='ocrx_word' id='word_1_281' title='bbox 1573 3035 1842 3091; x_wconf 83' lang='lat' dir='ltr'><strong>Gennadii</strong></span> <span class='ocrx_word' id='word_1_282' title='bbox 1875 3037 1975 3091; x_wconf 91' lang='lat' dir='ltr'><strong>ho-</strong></span> 
     </span>
    </p>
   </div>
   <div class='ocr_carea' id='block_1_46' title="bbox 396 3122 1978 3195">
    <p class='ocr_par' dir='ltr' id='par_1_46' title="bbox 396 3122 1978 3195">
     <span class='ocr_line' id='line_1_46' title="bbox 396 3122 1978 3195; baseline 0.003 -18"><span class='ocrx_word' id='word_1_283' title='bbox 396 3124 561 3178; x_wconf 81' lang='lat' dir='ltr'><strong>milia.</strong></span> <span class='ocrx_word' id='word_1_284' title='bbox 596 3122 774 3178; x_wconf 83' lang='lat' dir='ltr'><strong>Verba</strong></span> <span class='ocrx_word' id='word_1_285' title='bbox 804 3131 937 3180; x_wconf 85' lang='lat' dir='ltr'><strong>sunt</strong></span> <span class='ocrx_word' id='word_1_286' title='bbox 967 3140 983 3179; x_wconf 88' lang='lat'><strong>:</strong></span> <span class='ocrx_word' id='word_1_287' title='bbox 1018 3122 1131 3179; x_wconf 90' lang='lat' dir='ltr'><strong>Usa</strong></span> <span class='ocrx_word' id='word_1_288' title='bbox 1186 3141 1345 3191; x_wconf 82' lang='lat' dir='ltr'><strong>porro</strong></span> <span class='ocrx_word' id='word_1_289' title='bbox 1374 3141 1436 3180; x_wconf 91' lang='lat' dir='ltr'><strong>ea</strong></span> <span class='ocrx_word' id='word_1_290' title='bbox 1487 3125 1642 3195; x_wconf 82' lang='lat' dir='ltr'><strong>(voce</strong></span> <span class='ocrx_word' id='word_1_291' title='bbox 1693 3129 1978 3181; x_wconf 63' lang='lat' dir='ltr'><strong>transsui:-</strong></span> 
     </span>
    </p>
   </div>
   <div class='ocr_carea' id='block_1_47' title="bbox 2078 2009 3675 2084">
    <p class='ocr_par' dir='ltr' id='par_1_47' title="bbox 2078 2009 3675 2084">
     <span class='ocr_line' id='line_1_47' title="bbox 2078 2009 3675 2084; baseline -0.005 -16"><span class='ocrx_word' id='word_1_292' title='bbox 2078 2013 2170 2084; x_wconf 89' lang='lat' dir='ltr'><strong>qui</strong></span> <span class='ocrx_word' id='word_1_293' title='bbox 2206 2013 2470 2083; x_wconf 91' lang='lat' dir='ltr'><strong>Spiritum</strong></span> <span class='ocrx_word' id='word_1_294' title='bbox 2503 2028 2532 2067; x_wconf 92' lang='lat' dir='ltr'><strong>a</strong></span> <span class='ocrx_word' id='word_1_295' title='bbox 2561 2013 2721 2068; x_wconf 83' lang='lat' dir='ltr'><strong>Patre</strong></span> <span class='ocrx_word' id='word_1_296' title='bbox 2753 2012 2872 2068; x_wconf 92' lang='lat' dir='ltr'><strong>solo</strong></span> <span class='ocrx_word' id='word_1_297' title='bbox 2903 2011 3203 2081; x_wconf 82' lang='lat' dir='ltr'><strong>procedere</strong></span> <span class='ocrx_word' id='word_1_298' title='bbox 3273 2011 3533 2075; x_wconf 89' lang='lat' dir='ltr'><strong>credunt,</strong></span> <span class='ocrx_word' id='word_1_299' title='bbox 3565 2009 3675 2064; x_wconf 84' lang='lat' dir='ltr'><strong>do-</strong></span> 
     </span>
    </p>
   </div>
   <div class='ocr_carea' id='block_1_48' title="bbox 2078 2105 3671 2181">
    <p class='ocr_par' dir='ltr' id='par_1_48' title="bbox 2078 2105 3671 2181">
     <span class='ocr_line' id='line_1_48' title="bbox 2078 2105 3671 2181; baseline -0.001 -16"><span class='ocrx_word' id='word_1_300' title='bbox 2078 2118 2202 2165; x_wconf 89' lang='lat' dir='ltr'><strong>cent</strong></span> <span class='ocrx_word' id='word_1_301' title='bbox 2230 2109 2450 2164; x_wconf 88' lang='lat' dir='ltr'><strong>tandem</strong></span> <span class='ocrx_word' id='word_1_302' title='bbox 2485 2110 2693 2181; x_wconf 87' lang='lat' dir='ltr'><strong>reliqua</strong></span> <span class='ocrx_word' id='word_1_303' title='bbox 2724 2124 2848 2179; x_wconf 70' lang='lat' dir='ltr'><strong>qua!</strong></span> <span class='ocrx_word' id='word_1_304' title='bbox 2903 2106 3090 2163; x_wconf 62' lang='lat' dir='ltr'><strong>Romae</strong></span> <span class='ocrx_word' id='word_1_305' title='bbox 3156 2105 3520 2163; x_wconf 89' lang='lat' dir='ltr'><strong>damnantur.</strong></span> <span class='ocrx_word' id='word_1_306' title='bbox 3594 2108 3671 2164; x_wconf 85' lang='lat' dir='ltr'><strong>Ea</strong></span> 
     </span>
    </p>
   </div>
   <div class='ocr_carea' id='block_1_49' title="bbox 2079 2200 3676 2272">
    <p class='ocr_par' dir='ltr' id='par_1_49' title="bbox 2079 2200 3676 2272">
     <span class='ocr_line' id='line_1_49' title="bbox 2079 2200 3676 2272; baseline -0.003 -14"><span class='ocrx_word' id='word_1_307' title='bbox 2079 2204 2295 2258; x_wconf 86' lang='lat' dir='ltr'><strong>ratione</strong></span> <span class='ocrx_word' id='word_1_308' title='bbox 2332 2203 2656 2259; x_wconf 88' lang='lat' dir='ltr'><strong>Gennadius</strong></span> <span class='ocrx_word' id='word_1_309' title='bbox 2688 2210 2744 2258; x_wconf 92' lang='lat' dir='ltr'><strong>et</strong></span> <span class='ocrx_word' id='word_1_310' title='bbox 2767 2201 2888 2272; x_wconf 84' lang='lat' dir='ltr'><strong>ejus</strong></span> <span class='ocrx_word' id='word_1_311' title='bbox 2911 2200 3155 2256; x_wconf 70' lang='lat' dir='ltr'><strong>ltomilize</strong></span> <span class='ocrx_word' id='word_1_312' title='bbox 3182 2201 3252 2255; x_wconf 90' lang='lat' dir='ltr'><strong>ab</strong></span> <span class='ocrx_word' id='word_1_313' title='bbox 3291 2200 3413 2270; x_wconf 85' lang='lat' dir='ltr'><strong>ipso</strong></span> <span class='ocrx_word' id='word_1_314' title='bbox 3438 2202 3676 2270; x_wconf 71' lang='lat' dir='ltr'><strong>proscri-</strong></span> 
     </span>
    </p>
   </div>
   <div class='ocr_carea' id='block_1_50' title="bbox 2078 2292 3677 2365">
    <p class='ocr_par' dir='ltr' id='par_1_50' title="bbox 2078 2292 3677 2365">
     <span class='ocr_line' id='line_1_50' title="bbox 2078 2292 3677 2365; baseline -0.002 -13"><span class='ocrx_word' id='word_1_315' title='bbox 2078 2297 2287 2352; x_wconf 85' lang='lat' dir='ltr'><strong>buntur</strong></span> <span class='ocrx_word' id='word_1_316' title='bbox 2323 2313 2338 2350; x_wconf 86' lang='lat'><strong>:</strong></span> <span class='ocrx_word' id='word_1_317' title='bbox 2374 2313 2495 2351; x_wconf 91' lang='lat' dir='ltr'><strong>nam</strong></span> <span class='ocrx_word' id='word_1_318' title='bbox 2515 2297 2676 2351; x_wconf 89' lang='lat' dir='ltr'><strong>aliam</strong></span> <span class='ocrx_word' id='word_1_319' title='bbox 2712 2295 2918 2350; x_wconf 89' lang='lat' dir='ltr'><strong>nullam</strong></span> <span class='ocrx_word' id='word_1_320' title='bbox 2950 2294 3115 2351; x_wconf 89' lang='lat' dir='ltr'><strong>habet</strong></span> <span class='ocrx_word' id='word_1_321' title='bbox 3144 2311 3160 2361; x_wconf 87' lang='lat'><strong>;</strong></span> <span class='ocrx_word' id='word_1_322' title='bbox 3188 2295 3435 2365; x_wconf 88' lang='lat' dir='ltr'><strong>adeoque</strong></span> <span class='ocrx_word' id='word_1_323' title='bbox 3466 2294 3510 2350; x_wconf 91' lang='lat' dir='ltr'><strong>si</strong></span> <span class='ocrx_word' id='word_1_324' title='bbox 3529 2292 3677 2349; x_wconf 84' lang='lat' dir='ltr'><strong>Gen-</strong></span> 
     </span>
    </p>
   </div>
   <div class='ocr_carea' id='block_1_51' title="bbox 2078 2387 3675 2460">
    <p class='ocr_par' dir='ltr' id='par_1_51' title="bbox 2078 2387 3675 2460">
     <span class='ocr_line' id='line_1_51' title="bbox 2078 2387 3675 2460; baseline -0.002 -16"><span class='ocrx_word' id='word_1_325' title='bbox 2078 2389 2277 2445; x_wconf 89' lang='lat' dir='ltr'><strong>nadius</strong></span> <span class='ocrx_word' id='word_1_326' title='bbox 2296 2390 2587 2445; x_wconf 89' lang='lat' dir='ltr'><strong>Latinismi</strong></span> <span class='ocrx_word' id='word_1_327' title='bbox 2622 2398 2914 2460; x_wconf 89' lang='lat' dir='ltr'><strong>suspectus</strong></span> <span class='ocrx_word' id='word_1_328' title='bbox 2950 2398 3057 2453; x_wconf 91' lang='lat' dir='ltr'><strong>est,</strong></span> <span class='ocrx_word' id='word_1_329' title='bbox 3106 2387 3299 2444; x_wconf 89' lang='lat' dir='ltr'><strong>eadem</strong></span> <span class='ocrx_word' id='word_1_330' title='bbox 3352 2389 3675 2456; x_wconf 84' lang='lat' dir='ltr'><strong>suspicione</strong></span> 
     </span>
    </p>
   </div>
   <div class='ocr_carea' id='block_1_52' title="bbox 2079 2478 3677 2554">
    <p class='ocr_par' dir='ltr' id='par_1_52' title="bbox 2079 2478 3677 2554">
     <span class='ocr_line' id='line_1_52' title="bbox 2079 2478 3677 2554; baseline -0.002 -17"><span class='ocrx_word' id='word_1_331' title='bbox 2079 2483 2284 2539; x_wconf 79' lang='lat' dir='ltr'><strong>involvi</strong></span> <span class='ocrx_word' id='word_1_332' title='bbox 2317 2491 2536 2554; x_wconf 90' lang='lat' dir='ltr'><strong>oportet</strong></span> <span class='ocrx_word' id='word_1_333' title='bbox 2566 2482 2846 2538; x_wconf 68' lang='lat' dir='ltr'><strong>Meis-tium</strong></span> <span class='ocrx_word' id='word_1_334' title='bbox 2882 2481 3099 2550; x_wconf 86' lang='lat' dir='ltr'><strong>Pigam,</strong></span> <span class='ocrx_word' id='word_1_335' title='bbox 3136 2481 3452 2536; x_wconf 89' lang='lat' dir='ltr'><strong>Gabrielem</strong></span> <span class='ocrx_word' id='word_1_336' title='bbox 3487 2478 3677 2534; x_wconf 88' lang='lat' dir='ltr'><strong>Phila-</strong></span> 
     </span>
    </p>
   </div>
   <div class='ocr_carea' id='block_1_53' title="bbox 2078 2572 3677 2647">
    <p class='ocr_par' dir='ltr' id='par_1_53' title="bbox 2078 2572 3677 2647">
     <span class='ocr_line' id='line_1_53' title="bbox 2078 2572 3677 2647; baseline -0.004 -14"><span class='ocrx_word' id='word_1_337' title='bbox 2078 2576 2479 2647; x_wconf 81' lang='lat' dir='ltr'><strong>delphiensem,</strong></span> <span class='ocrx_word' id='word_1_338' title='bbox 2513 2574 2809 2643; x_wconf 80' lang='lat' dir='ltr'><strong>Georgium</strong></span> <span class='ocrx_word' id='word_1_339' title='bbox 2839 2574 3185 2639; x_wconf 85' lang='lat' dir='ltr'><strong>Coressium,</strong></span> <span class='ocrx_word' id='word_1_340' title='bbox 3214 2572 3493 2628; x_wconf 85' lang='lat' dir='ltr'><strong>Meletium</strong></span> <span class='ocrx_word' id='word_1_341' title='bbox 3520 2572 3677 2643; x_wconf 57' lang='lat' dir='ltr'><strong>Syri.</strong></span> 
     </span>
    </p>
   </div>
   <div class='ocr_carea' id='block_1_54' title="bbox 2078 2666 3673 2740">
    <p class='ocr_par' dir='ltr' id='par_1_54' title="bbox 2078 2666 3673 2740">
     <span class='ocr_line' id='line_1_54' title="bbox 2078 2666 3673 2740; baseline 0.001 -19"><span class='ocrx_word' id='word_1_342' title='bbox 2078 2684 2230 2740; x_wconf 88' lang='lat' dir='ltr'><strong>gum,</strong></span> <span class='ocrx_word' id='word_1_343' title='bbox 2259 2668 2524 2739; x_wconf 85' lang='lat' dir='ltr'><strong>Cyrillum</strong></span> <span class='ocrx_word' id='word_1_344' title='bbox 2568 2678 2622 2724; x_wconf 91' lang='lat' dir='ltr'><strong>et</strong></span> <span class='ocrx_word' id='word_1_345' title='bbox 2649 2666 3029 2733; x_wconf 83' lang='lat' dir='ltr'><strong>Parthenium,</strong></span> <span class='ocrx_word' id='word_1_346' title='bbox 3052 2668 3144 2737; x_wconf 89' lang='lat' dir='ltr'><strong>qui</strong></span> <span class='ocrx_word' id='word_1_347' title='bbox 3180 2667 3234 2720; x_wconf 91' lang='lat' dir='ltr'><strong>in</strong></span> <span class='ocrx_word' id='word_1_348' title='bbox 3271 2666 3516 2737; x_wconf 89' lang='lat' dir='ltr'><strong>synodis,</strong></span> <span class='ocrx_word' id='word_1_349' title='bbox 3541 2680 3673 2722; x_wconf 89' lang='lat' dir='ltr'><strong>ann.</strong></span> 
     </span>
    </p>
   </div>
   <div class='ocr_carea' id='block_1_55' title="bbox 2081 2757 3674 2825">
    <p class='ocr_par' dir='ltr' id='par_1_55' title="bbox 2081 2757 3674 2825">
     <span class='ocr_line' id='line_1_55' title="bbox 2081 2757 3674 2825; baseline -0.004 -10"><span class='ocrx_word' id='word_1_350' title='bbox 2081 2760 2219 2816; x_wconf 81' lang='grc'>1658</span> <span class='ocrx_word' id='word_1_351' title='bbox 2246 2768 2301 2816; x_wconf 91' lang='lat' dir='ltr'><strong>et</strong></span> <span class='ocrx_word' id='word_1_352' title='bbox 2330 2759 2491 2825; x_wconf 71' lang='grc'>1642,</span> <span class='ocrx_word' id='word_1_353' title='bbox 2524 2758 2753 2815; x_wconf 80' lang='lat' dir='ltr'><strong>Lucaris</strong></span> <span class='ocrx_word' id='word_1_354' title='bbox 2799 2757 3207 2815; x_wconf 79' lang='lat' dir='ltr'><strong>confessionem</strong></span> <span class='ocrx_word' id='word_1_355' title='bbox 3241 2765 3302 2812; x_wconf 89' lang='lat' dir='ltr'><strong>ut</strong></span> <span class='ocrx_word' id='word_1_356' title='bbox 3359 2757 3674 2812; x_wconf 69' lang='lat' dir='ltr'><strong>hazreticam</strong></span> 
     </span>
    </p>
   </div>
   <div class='ocr_carea' id='block_1_56' title="bbox 2082 2850 3676 2920">
    <p class='ocr_par' dir='ltr' id='par_1_56' title="bbox 2082 2850 3676 2920">
     <span class='ocr_line' id='line_1_56' title="bbox 2082 2850 3676 2920; baseline -0.004 -10"><span class='ocrx_word' id='word_1_357' title='bbox 2082 2855 2483 2910; x_wconf 88' lang='lat' dir='ltr'><strong>damnaverunt</strong></span> <span class='ocrx_word' id='word_1_358' title='bbox 2522 2871 2535 2906; x_wconf 91' lang='lat'>:</span> <span class='ocrx_word' id='word_1_359' title='bbox 2591 2866 2786 2907; x_wconf 88' lang='lat' dir='ltr'><strong>omnes</strong></span> <span class='ocrx_word' id='word_1_360' title='bbox 2829 2851 3209 2920; x_wconf 86' lang='lat' dir='ltr'><strong>metropolitas</strong></span> <span class='ocrx_word' id='word_1_361' title='bbox 3234 2861 3289 2905; x_wconf 91' lang='lat' dir='ltr'><strong>et</strong></span> <span class='ocrx_word' id='word_1_362' title='bbox 3357 2850 3676 2919; x_wconf 82' lang='lat' dir='ltr'><strong>episcopos,</strong></span> 
     </span>
    </p>
   </div>
   <div class='ocr_carea' id='block_1_57' title="bbox 2082 2941 3674 3015">
    <p class='ocr_par' dir='ltr' id='par_1_57' title="bbox 2082 2941 3674 3015">
     <span class='ocr_line' id='line_1_57' title="bbox 2082 2941 3674 3015; baseline -0.002 -16"><span class='ocrx_word' id='word_1_363' title='bbox 2082 2945 2335 3015; x_wconf 89' lang='lat' dir='ltr'><strong>aliosque</strong></span> <span class='ocrx_word' id='word_1_364' title='bbox 2374 2943 2787 3000; x_wconf 89' lang='lat' dir='ltr'><strong>ecclesiasticos</strong></span> <span class='ocrx_word' id='word_1_365' title='bbox 2814 2943 2908 3011; x_wconf 85' lang='lat' dir='ltr'><strong>qui</strong></span> <span class='ocrx_word' id='word_1_366' title='bbox 2936 2942 3175 2998; x_wconf 79' lang='lat' dir='ltr'><strong>decretis</strong></span> <span class='ocrx_word' id='word_1_367' title='bbox 3195 2941 3674 3010; x_wconf 84' lang='lat' dir='ltr'><strong>subscripserunt,</strong></span> 
     </span>
    </p>
   </div>
   <div class='ocr_carea' id='block_1_58' title="bbox 2082 3033 3677 3109">
    <p class='ocr_par' dir='ltr' id='par_1_58' title="bbox 2082 3033 3677 3109">
     <span class='ocr_line' id='line_1_58' title="bbox 2082 3033 3677 3109; baseline -0.005 -15"><span class='ocrx_word' id='word_1_368' title='bbox 2082 3047 2143 3094; x_wconf 92' lang='lat' dir='ltr'><strong>ut</strong></span> <span class='ocrx_word' id='word_1_369' title='bbox 2173 3054 2268 3094; x_wconf 86' lang='lat' dir='ltr'><strong>eos</strong></span> <span class='ocrx_word' id='word_1_370' title='bbox 2310 3038 2400 3109; x_wconf 90' lang='lat' dir='ltr'><strong>qui</strong></span> <span class='ocrx_word' id='word_1_371' title='bbox 2426 3037 2616 3109; x_wconf 88' lang='lat' dir='ltr'><strong>synodi</strong></span> <span class='ocrx_word' id='word_1_372' title='bbox 2665 3034 3182 3107; x_wconf 64' lang='lat' dir='ltr'><strong>Hierosolymitauaa</strong></span> <span class='ocrx_word' id='word_1_373' title='bbox 3223 3049 3371 3089; x_wconf 92' lang='lat' dir='ltr'><strong>anno</strong></span> <span class='ocrx_word' id='word_1_374' title='bbox 3404 3033 3544 3087; x_wconf 69' lang='lat'><strong>1672</strong></span> <span class='ocrx_word' id='word_1_375' title='bbox 3572 3034 3677 3086; x_wconf 82' lang='lat' dir='ltr'><strong>De-</strong></span> 
     </span>
    </p>
   </div>
   <div class='ocr_carea' id='block_1_59' title="bbox 2080 3122 3669 3194">
    <p class='ocr_par' dir='ltr' id='par_1_59' title="bbox 2080 3122 3669 3194">
     <span class='ocr_line' id='line_1_59' title="bbox 2080 3122 3669 3194; baseline -0.004 -11"><span class='ocrx_word' id='word_1_376' title='bbox 2080 3138 2228 3185; x_wconf 90' lang='lat' dir='ltr'><strong>creta</strong></span> <span class='ocrx_word' id='word_1_377' title='bbox 2249 3129 2732 3187; x_wconf 87' lang='lat' dir='ltr'><strong>conﬁrmaverunt,</strong></span> <span class='ocrx_word' id='word_1_378' title='bbox 2752 3124 3065 3180; x_wconf 86' lang='lat' dir='ltr'><strong>Nectarium</strong></span> <span class='ocrx_word' id='word_1_379' title='bbox 3086 3122 3669 3194; x_wconf 86' lang='lat' dir='ltr'><strong>llierosolymitauum,</strong></span> 
     </span>
    </p>
   </div>
   <div class='ocr_carea' id='block_1_60' title="bbox 394 3215 3675 3313">
    <p class='ocr_par' dir='ltr' id='par_1_60' title="bbox 394 3215 3675 3313">
     <span class='ocr_line' id='line_1_60' title="bbox 394 3215 3675 3313; baseline -0.001 -42"><span class='ocrx_word' id='word_1_380' title='bbox 394 3217 778 3286; x_wconf 84' lang='lat' dir='ltr'><strong>stantiationis)</strong></span> <span class='ocrx_word' id='word_1_381' title='bbox 816 3215 1057 3271; x_wconf 78' lang='lat' dir='ltr'><strong>Ecclesia</strong></span> <span class='ocrx_word' id='word_1_382' title='bbox 1091 3225 1190 3281; x_wconf 86' lang='lat' dir='ltr'><strong>est,</strong></span> <span class='ocrx_word' id='word_1_383' title='bbox 1236 3218 1490 3287; x_wconf 82' lang='lat' dir='ltr'><strong>quoniam</strong></span> <span class='ocrx_word' id='word_1_384' title='bbox 1537 3234 1629 3271; x_wconf 85' lang='lat' dir='ltr'><strong>nec</strong></span> <span class='ocrx_word' id='word_1_385' title='bbox 1693 3219 1975 3289; x_wconf 81' lang='lat' dir='ltr'><strong>a&#39;qttivocis</strong></span> <span class='ocrx_word' id='word_1_386' title='bbox 2007 3255 2050 3313; x_wconf 66' lang='grc' dir='ltr'>ο</span> <span class='ocrx_word' id='word_1_387' title='bbox 2083 3235 2278 3275; x_wconf 88' lang='lat' dir='ltr'><strong>omnes</strong></span> <span class='ocrx_word' id='word_1_388' title='bbox 2308 3219 2527 3273; x_wconf 82' lang='lat' dir='ltr'><strong>laudent</strong></span> <span class='ocrx_word' id='word_1_389' title='bbox 2548 3215 2769 3273; x_wconf 62' lang='lat' dir='ltr'><strong>Graecos</strong></span> <span class='ocrx_word' id='word_1_390' title='bbox 2788 3215 3217 3280; x_wconf 83' lang='lat' dir='ltr'><strong>sincerissimos,</strong></span> <span class='ocrx_word' id='word_1_391' title='bbox 3242 3215 3397 3285; x_wconf 85' lang='lat' dir='ltr'><strong>siqui</strong></span> <span class='ocrx_word' id='word_1_392' title='bbox 3433 3230 3675 3285; x_wconf 86' lang='lat' dir='ltr'><strong>unquam</strong></span> 
     </span>
    </p>
   </div>
   <div class='ocr_carea' id='block_1_61' title="bbox 394 3308 1984 3381">
    <p class='ocr_par' dir='ltr' id='par_1_61' title="bbox 394 3308 1984 3381">
     <span class='ocr_line' id='line_1_61' title="bbox 394 3308 1984 3381; baseline 0.002 -18"><span class='ocrx_word' id='word_1_393' title='bbox 394 3308 694 3378; x_wconf 70' lang='lat' dir='ltr'><strong>subjicitur,</strong></span> <span class='ocrx_word' id='word_1_394' title='bbox 718 3316 769 3364; x_wconf 88' lang='lat' dir='ltr'><strong>et</strong></span> <span class='ocrx_word' id='word_1_395' title='bbox 796 3319 1012 3377; x_wconf 83' lang='lat' dir='ltr'><strong>superat</strong></span> <span class='ocrx_word' id='word_1_396' title='bbox 1043 3310 1280 3363; x_wconf 78' lang='lat' dir='ltr'><strong>omnium</strong></span> <span class='ocrx_word' id='word_1_397' title='bbox 1339 3310 1714 3365; x_wconf 72' lang='lat' dir='ltr'><strong>haereticorum</strong></span> <span class='ocrx_word' id='word_1_398' title='bbox 1776 3313 1984 3381; x_wconf 85' lang='lat' dir='ltr'><strong>sophis-</strong></span> 
     </span>
    </p>
   </div>
   <div class='ocr_carea' id='block_1_62' title="bbox 399 3399 1981 3467">
    <p class='ocr_par' dir='ltr' id='par_1_62' title="bbox 399 3399 1981 3467">
     <span class='ocr_line' id='line_1_62' title="bbox 399 3399 1981 3467; baseline 0.003 -14"><span class='ocrx_word' id='word_1_399' title='bbox 399 3413 569 3455; x_wconf 84' lang='lat' dir='ltr'><strong>mata.</strong></span> <span class='ocrx_word' id='word_1_400' title='bbox 607 3400 717 3455; x_wconf 82' lang='lat' dir='ltr'><strong>Nec</strong></span> <span class='ocrx_word' id='word_1_401' title='bbox 754 3417 924 3455; x_wconf 90' lang='lat' dir='ltr'><strong>eama</strong></span> <span class='ocrx_word' id='word_1_402' title='bbox 955 3399 1161 3455; x_wconf 84' lang='lat' dir='ltr'><strong>Latinis</strong></span> <span class='ocrx_word' id='word_1_403' title='bbox 1182 3412 1429 3456; x_wconf 81' lang='lat' dir='ltr'><strong>matuata</strong></span> <span class='ocrx_word' id='word_1_404' title='bbox 1488 3412 1590 3467; x_wconf 87' lang='lat' dir='ltr'><strong>est,</strong></span> <span class='ocrx_word' id='word_1_405' title='bbox 1647 3404 1737 3457; x_wconf 85' lang='lat' dir='ltr'><strong>sed</strong></span> <span class='ocrx_word' id='word_1_406' title='bbox 1783 3413 1863 3457; x_wconf 84' lang='lat' dir='ltr'><strong>est</strong></span> <span class='ocrx_word' id='word_1_407' title='bbox 1918 3420 1981 3458; x_wconf 86' lang='lat' dir='ltr'><strong>ea</strong></span> 
     </span>
    </p>
   </div>
   <div class='ocr_carea' id='block_1_63' title="bbox 394 3496 1981 3565">
    <p class='ocr_par' dir='ltr' id='par_1_63' title="bbox 394 3496 1981 3565">
     <span class='ocr_line' id='line_1_63' title="bbox 394 3496 1981 3565; baseline 0.002 -16"><span class='ocrx_word' id='word_1_408' title='bbox 394 3512 515 3550; x_wconf 75' lang='lat' dir='ltr'><strong>voce</strong></span> <span class='ocrx_word' id='word_1_409' title='bbox 543 3496 715 3552; x_wconf 81' lang='lat' dir='ltr'><strong>ditata</strong></span> <span class='ocrx_word' id='word_1_410' title='bbox 740 3505 863 3550; x_wconf 83' lang='lat' dir='ltr'><strong>ante</strong></span> <span class='ocrx_word' id='word_1_411' title='bbox 896 3512 1065 3551; x_wconf 83' lang='lat' dir='ltr'><strong>annos</strong></span> <span class='ocrx_word' id='word_1_412' title='bbox 1094 3496 1384 3565; x_wconf 78' lang='lat' dir='ltr'><strong>plurimos.</strong></span> <span class='ocrx_word' id='word_1_413' title='bbox 1408 3512 1442 3551; x_wconf 88' lang='lat' dir='ltr'><strong>a</strong></span> <span class='ocrx_word' id='word_1_414' title='bbox 1475 3496 1784 3553; x_wconf 75' lang='lat' dir='ltr'><strong>domesticis</strong></span> <span class='ocrx_word' id='word_1_415' title='bbox 1819 3507 1869 3552; x_wconf 89' lang='lat' dir='ltr'><strong>et</strong></span> <span class='ocrx_word' id='word_1_416' title='bbox 1900 3497 1981 3552; x_wconf 86' lang='lat' dir='ltr'><strong>le-</strong></span> 
     </span>
    </p>
   </div>
   <div class='ocr_carea' id='block_1_64' title="bbox 395 3589 1984 3662">
    <p class='ocr_par' dir='ltr' id='par_1_64' title="bbox 395 3589 1984 3662">
     <span class='ocr_line' id='line_1_64' title="bbox 395 3589 1984 3662; baseline -0.001 -17"><span class='ocrx_word' id='word_1_417' title='bbox 395 3592 591 3662; x_wconf 82' lang='lat' dir='ltr'><strong>gitimis</strong></span> <span class='ocrx_word' id='word_1_418' title='bbox 623 3592 735 3646; x_wconf 79' lang='lat' dir='ltr'><strong>suis</strong></span> <span class='ocrx_word' id='word_1_419' title='bbox 766 3589 1076 3644; x_wconf 71' lang='lat' dir='ltr'><strong>ortltodoxis</strong></span> <span class='ocrx_word' id='word_1_420' title='bbox 1098 3589 1435 3651; x_wconf 82' lang='lat' dir='ltr'><strong>doctoribus.</strong></span> <span class='ocrx_word' id='word_1_421' title='bbox 1456 3598 1515 3643; x_wconf 86' lang='lat' dir='ltr'><strong>ut</strong></span> <span class='ocrx_word' id='word_1_422' title='bbox 1568 3600 1872 3661; x_wconf 82' lang='lat' dir='ltr'><strong>promptum</strong></span> <span class='ocrx_word' id='word_1_423' title='bbox 1904 3592 1984 3645; x_wconf 82' lang='lat' dir='ltr'><strong>vi-</strong></span> 
     </span>
    </p>
   </div>
   <div class='ocr_carea' id='block_1_65' title="bbox 394 3680 1967 3752">
    <p class='ocr_par' dir='ltr' id='par_1_65' title="bbox 394 3680 1967 3752">
     <span class='ocr_line' id='line_1_65' title="bbox 394 3680 1967 3752; baseline 0 -17"><span class='ocrx_word' id='word_1_424' title='bbox 394 3691 512 3735; x_wconf 70' lang='lat' dir='ltr'><strong>dere</strong></span> <span class='ocrx_word' id='word_1_425' title='bbox 532 3693 606 3737; x_wconf 86' lang='lat' dir='ltr'><strong>est</strong></span> <span class='ocrx_word' id='word_1_426' title='bbox 640 3697 706 3736; x_wconf 81' lang='lat' dir='ltr'><strong>ea:</strong></span> <span class='ocrx_word' id='word_1_427' title='bbox 740 3681 1130 3736; x_wconf 81' lang='lat' dir='ltr'><strong>commentariis</strong></span> <span class='ocrx_word' id='word_1_428' title='bbox 1181 3696 1316 3736; x_wconf 71' lang='lat' dir='ltr'><strong>certe</strong></span> <span class='ocrx_word' id='word_1_429' title='bbox 1342 3680 1616 3751; x_wconf 82' lang='lat' dir='ltr'><strong>religionis</strong></span> <span class='ocrx_word' id='word_1_430' title='bbox 1666 3682 1967 3752; x_wconf 81' lang='lat' dir='ltr'><strong>defensoris</strong></span> 
     </span>
    </p>
   </div>
   <div class='ocr_carea' id='block_1_66' title="bbox 394 3772 1978 3844">
    <p class='ocr_par' dir='ltr' id='par_1_66' title="bbox 394 3772 1978 3844">
     <span class='ocr_line' id='line_1_66' title="bbox 394 3772 1978 3844; baseline -0.002 -14"><span class='ocrx_word' id='word_1_431' title='bbox 394 3777 538 3830; x_wconf 85' lang='lat' dir='ltr'><strong>illius</strong></span> <span class='ocrx_word' id='word_1_432' title='bbox 558 3774 754 3830; x_wconf 82' lang='lat' dir='ltr'><strong>domini</strong></span> <span class='ocrx_word' id='word_1_433' title='bbox 772 3773 1035 3829; x_wconf 81' lang='lat' dir='ltr'><strong>Geuuadii</strong></span> <span class='ocrx_word' id='word_1_434' title='bbox 1048 3774 1369 3843; x_wconf 69' lang='lat' dir='ltr'><strong>patriarcha:</strong></span> <span class='ocrx_word' id='word_1_435' title='bbox 1381 3772 1978 3844; x_wconf 79' lang='lat' dir='ltr'><strong>Constantinopolitaui,</strong></span> 
     </span>
    </p>
   </div>
   <div class='ocr_carea' id='block_1_67' title="bbox 393 3865 1981 3938">
    <p class='ocr_par' dir='ltr' id='par_1_67' title="bbox 393 3865 1981 3938">
     <span class='ocr_line' id='line_1_67' title="bbox 393 3865 1981 3938; baseline -0.001 -18"><span class='ocrx_word' id='word_1_436' title='bbox 393 3868 484 3938; x_wconf 83' lang='lat' dir='ltr'><strong>qui</strong></span> <span class='ocrx_word' id='word_1_437' title='bbox 517 3884 693 3921; x_wconf 88' lang='lat' dir='ltr'><strong>coram</strong></span> <span class='ocrx_word' id='word_1_438' title='bbox 723 3865 1032 3921; x_wconf 72' lang='lat' dir='ltr'><strong>orthodoxis</strong></span> <span class='ocrx_word' id='word_1_439' title='bbox 1057 3866 1495 3935; x_wconf 82' lang='lat' dir='ltr'><strong>imperatoribus,</strong></span> <span class='ocrx_word' id='word_1_440' title='bbox 1514 3876 1562 3920; x_wconf 86' lang='lat' dir='ltr'><strong>et</strong></span> <span class='ocrx_word' id='word_1_441' title='bbox 1584 3867 1689 3937; x_wconf 77' lang='lat' dir='ltr'><strong>piis</strong></span> <span class='ocrx_word' id='word_1_442' title='bbox 1745 3868 1981 3935; x_wconf 77' lang='lat' dir='ltr'><strong>patriar-</strong></span> 
     </span>
    </p>
   </div>
   <div class='ocr_carea' id='block_1_68' title="bbox 395 3957 1980 4028">
    <p class='ocr_par' dir='ltr' id='par_1_68' title="bbox 395 3957 1980 4028">
     <span class='ocr_line' id='line_1_68' title="bbox 395 3957 1980 4028; baseline 0.002 -17"><span class='ocrx_word' id='word_1_443' title='bbox 395 3959 504 4013; x_wconf 83' lang='lat' dir='ltr'><strong>rlu&#39;s</strong></span> <span class='ocrx_word' id='word_1_444' title='bbox 532 3975 592 4012; x_wconf 90' lang='lat' dir='ltr'><strong>ac</strong></span> <span class='ocrx_word' id='word_1_445' title='bbox 620 3975 777 4021; x_wconf 83' lang='lat' dir='ltr'><strong>sacro</strong></span> <span class='ocrx_word' id='word_1_446' title='bbox 807 3966 1015 4021; x_wconf 84' lang='lat' dir='ltr'><strong>senatu,</strong></span> <span class='ocrx_word' id='word_1_447' title='bbox 1050 3957 1279 4028; x_wconf 83' lang='lat' dir='ltr'><strong>ipsisque</strong></span> <span class='ocrx_word' id='word_1_448' title='bbox 1302 3959 1612 4013; x_wconf 76' lang='lat' dir='ltr'><strong>doctoribus</strong></span> <span class='ocrx_word' id='word_1_449' title='bbox 1665 3972 1824 4015; x_wconf 68' lang='lat' dir='ltr'><strong>rectm</strong></span> <span class='ocrx_word' id='word_1_450' title='bbox 1855 3961 1980 4027; x_wconf 82' lang='lat' dir='ltr'><strong>ﬁdei</strong></span> 
     </span>
    </p>
   </div>
   <div class='ocr_carea' id='block_1_69' title="bbox 397 4052 1977 4124">
    <p class='ocr_par' dir='ltr' id='par_1_69' title="bbox 397 4052 1977 4124">
     <span class='ocr_line' id='line_1_69' title="bbox 397 4052 1977 4124; baseline 0.004 -22"><span class='ocrx_word' id='word_1_451' title='bbox 397 4064 612 4115; x_wconf 67' lang='lat' dir='ltr'><strong>nostra,</strong></span> <span class='ocrx_word' id='word_1_452' title='bbox 637 4066 729 4120; x_wconf 82' lang='lat' dir='ltr'><strong>per</strong></span> <span class='ocrx_word' id='word_1_453' title='bbox 758 4052 895 4104; x_wconf 83' lang='lat' dir='ltr'><strong>hanc</strong></span> <span class='ocrx_word' id='word_1_454' title='bbox 918 4067 1089 4105; x_wconf 80' lang='lat' dir='ltr'><strong>vocem</strong></span> <span class='ocrx_word' id='word_1_455' title='bbox 1122 4060 1181 4105; x_wconf 80' lang='lat' dir='ltr'><strong>ut</strong></span> <span class='ocrx_word' id='word_1_456' title='bbox 1203 4061 1327 4105; x_wconf 82' lang='lat' dir='ltr'><strong>ante</strong></span> <span class='ocrx_word' id='word_1_457' title='bbox 1361 4054 1655 4122; x_wconf 81' lang='lat' dir='ltr'><strong>cognitam,</strong></span> <span class='ocrx_word' id='word_1_458' title='bbox 1710 4062 1869 4124; x_wconf 85' lang='lat' dir='ltr'><strong>atque</strong></span> <span class='ocrx_word' id='word_1_459' title='bbox 1911 4055 1977 4108; x_wconf 83' lang='lat' dir='ltr'><strong>ab</strong></span> 
     </span>
    </p>
   </div>
   <div class='ocr_carea' id='block_1_70' title="bbox 395 4132 1974 4217">
    <p class='ocr_par' dir='ltr' id='par_1_70' title="bbox 395 4132 1974 4217">
     <span class='ocr_line' id='line_1_70' title="bbox 395 4132 1974 4217; baseline 0.003 -18"><span class='ocrx_word' id='word_1_460' title='bbox 395 4144 637 4199; x_wconf 81' lang='lat' dir='ltr'><strong>Ecclesia</strong></span> <span class='ocrx_word' id='word_1_461' title='bbox 693 4153 979 4212; x_wconf 80' lang='lat' dir='ltr'><strong>receptam,</strong></span> <span class='ocrx_word' id='word_1_462' title='bbox 1033 4160 1128 4210; x_wconf 85' lang='lat' dir='ltr'><strong>pro</strong></span> <span class='ocrx_word' id='word_1_463' title='bbox 1176 4132 1272 4198; x_wconf 79' lang='lat' dir='ltr'><strong>hoc</strong></span> <span class='ocrx_word' id='word_1_464' title='bbox 1325 4146 1576 4217; x_wconf 80' lang='lat' dir='ltr'><strong>mysterio</strong></span> <span class='ocrx_word' id='word_1_465' title='bbox 1630 4146 1974 4217; x_wconf 82' lang='lat' dir='ltr'><strong>depugnavit.</strong></span> 
     </span>
    </p>
   </div>
   <div class='ocr_carea' id='block_1_71' title="bbox 396 4236 1975 4308">
    <p class='ocr_par' dir='ltr' id='par_1_71' title="bbox 396 4236 1975 4308">
     <span class='ocr_line' id='line_1_71' title="bbox 396 4236 1975 4308; baseline 0.003 -15"><span class='ocrx_word' id='word_1_466' title='bbox 396 4239 549 4293; x_wconf 85' lang='lat' dir='ltr'><strong>Edita</strong></span> <span class='ocrx_word' id='word_1_467' title='bbox 582 4245 664 4292; x_wconf 72' lang='lat' dir='ltr'><strong>est</strong></span> <span class='ocrx_word' id='word_1_468' title='bbox 697 4236 888 4293; x_wconf 59' lang='lat' dir='ltr'><strong>Graece</strong></span> <span class='ocrx_word' id='word_1_469' title='bbox 938 4236 1218 4308; x_wconf 88' lang='lat' dir='ltr'><strong>synodalis</strong></span> <span class='ocrx_word' id='word_1_470' title='bbox 1276 4237 1367 4292; x_wconf 88' lang='lat' dir='ltr'><strong>illa</strong></span> <span class='ocrx_word' id='word_1_471' title='bbox 1432 4239 1687 4294; x_wconf 87' lang='lat' dir='ltr'><strong>Deﬁnitio</strong></span> <span class='ocrx_word' id='word_1_472' title='bbox 1741 4238 1879 4295; x_wconf 77' lang='lat' dir='ltr'><strong>Jztsii</strong></span> <span class='ocrx_word' id='word_1_473' title='bbox 1921 4242 1975 4297; x_wconf 92' lang='lat' dir='ltr'><strong>in</strong></span> 
     </span>
    </p>
   </div>
   <div class='ocr_carea' id='block_1_72' title="bbox 393 4328 1977 4404">
    <p class='ocr_par' dir='ltr' id='par_1_72' title="bbox 393 4328 1977 4404">
     <span class='ocr_line' id='line_1_72' title="bbox 393 4328 1977 4404; baseline 0.004 -23"><span class='ocrx_word' id='word_1_474' title='bbox 393 4328 688 4393; x_wconf 83' lang='lat' dir='ltr'><strong>Moldavia,</strong></span> <span class='ocrx_word' id='word_1_475' title='bbox 721 4342 869 4384; x_wconf 85' lang='lat' dir='ltr'><strong>anno</strong></span> <span class='ocrx_word' id='word_1_476' title='bbox 905 4328 1063 4395; x_wconf 77' lang='lat' dir='ltr'><strong>l69-i,</strong></span> <span class='ocrx_word' id='word_1_477' title='bbox 1097 4344 1127 4381; x_wconf 88' lang='lat' dir='ltr'><strong>a</strong></span> <span class='ocrx_word' id='word_1_478' title='bbox 1164 4328 1427 4385; x_wconf 85' lang='lat' dir='ltr'><strong>Dositheo</strong></span> <span class='ocrx_word' id='word_1_479' title='bbox 1473 4328 1977 4404; x_wconf 86' lang='lat' dir='ltr'><strong>Hierosolymitano</strong></span> 
     </span>
    </p>
   </div>
   <div class='ocr_carea' id='block_1_73' title="bbox 391 4418 1975 4491">
    <p class='ocr_par' dir='ltr' id='par_1_73' title="bbox 391 4418 1975 4491">
     <span class='ocr_line' id='line_1_73' title="bbox 391 4418 1975 4491; baseline 0.001 -16"><span class='ocrx_word' id='word_1_480' title='bbox 391 4420 447 4475; x_wconf 93' lang='lat' dir='ltr'><strong>in</strong></span> <span class='ocrx_word' id='word_1_481' title='bbox 475 4420 613 4476; x_wconf 90' lang='lat' dir='ltr'><strong>libro</strong></span> <span class='ocrx_word' id='word_1_482' title='bbox 635 4430 821 4475; x_wconf 84' lang='lat' dir='ltr'><strong>contra</strong></span> <span class='ocrx_word' id='word_1_483' title='bbox 848 4418 1115 4474; x_wconf 82' lang='lat' dir='ltr'><strong>Joannem</strong></span> <span class='ocrx_word' id='word_1_484' title='bbox 1144 4418 1564 4490; x_wconf 85' lang='lat' dir='ltr'><strong>Caryophyllum</strong></span> <span class='ocrx_word' id='word_1_485' title='bbox 1591 4421 1975 4491; x_wconf 84' lang='lat' dir='ltr'><strong>Logothetam,</strong></span> 
     </span>
    </p>
   </div>
   <div class='ocr_carea' id='block_1_74' title="bbox 392 4512 1972 4582">
    <p class='ocr_par' dir='ltr' id='par_1_74' title="bbox 392 4512 1972 4582">
     <span class='ocr_line' id='line_1_74' title="bbox 392 4512 1972 4582; baseline 0.001 -14"><span class='ocrx_word' id='word_1_486' title='bbox 392 4513 485 4568; x_wconf 91' lang='lat' dir='ltr'><strong>sed</strong></span> <span class='ocrx_word' id='word_1_487' title='bbox 513 4529 633 4567; x_wconf 87' lang='lat' dir='ltr'><strong>cum</strong></span> <span class='ocrx_word' id='word_1_488' title='bbox 663 4512 773 4567; x_wconf 86' lang='lat' dir='ltr'><strong>hnc</strong></span> <span class='ocrx_word' id='word_1_489' title='bbox 798 4528 976 4582; x_wconf 76' lang='lat' dir='ltr'><strong>usque</strong></span> <span class='ocrx_word' id='word_1_490' title='bbox 1007 4512 1159 4566; x_wconf 88' lang='lat' dir='ltr'><strong>illum</strong></span> <span class='ocrx_word' id='word_1_491' title='bbox 1187 4512 1391 4567; x_wconf 85' lang='lat' dir='ltr'><strong>habere</strong></span> <span class='ocrx_word' id='word_1_492' title='bbox 1442 4530 1549 4567; x_wconf 90' lang='lat' dir='ltr'><strong>non</strong></span> <span class='ocrx_word' id='word_1_493' title='bbox 1610 4516 1972 4581; x_wconf 71' lang='lat' dir='ltr'><strong>potuerimus,</strong></span> 
     </span>
    </p>
   </div>
   <div class='ocr_carea' id='block_1_75' title="bbox 2086 3305 3677 3378">
    <p class='ocr_par' dir='ltr' id='par_1_75' title="bbox 2086 3305 3677 3378">
     <span class='ocr_line' id='line_1_75' title="bbox 2086 3305 3677 3378; baseline -0.004 -11"><span class='ocrx_word' id='word_1_494' title='bbox 2086 3312 2328 3368; x_wconf 86' lang='lat' dir='ltr'><strong>fuerunt.</strong></span> <span class='ocrx_word' id='word_1_495' title='bbox 2360 3310 2549 3365; x_wconf 85' lang='lat' dir='ltr'><strong>Nullus</strong></span> <span class='ocrx_word' id='word_1_496' title='bbox 2585 3308 2732 3364; x_wconf 91' lang='lat' dir='ltr'><strong>enim</strong></span> <span class='ocrx_word' id='word_1_497' title='bbox 2760 3325 2951 3365; x_wconf 91' lang='lat' dir='ltr'><strong>eorum</strong></span> <span class='ocrx_word' id='word_1_498' title='bbox 3006 3317 3111 3373; x_wconf 90' lang='lat' dir='ltr'><strong>est,</strong></span> <span class='ocrx_word' id='word_1_499' title='bbox 3178 3308 3271 3378; x_wconf 86' lang='lat' dir='ltr'><strong>qui</strong></span> <span class='ocrx_word' id='word_1_500' title='bbox 3334 3306 3559 3362; x_wconf 88' lang='lat' dir='ltr'><strong>Decreta</strong></span> <span class='ocrx_word' id='word_1_501' title='bbox 3579 3305 3677 3361; x_wconf 86' lang='lat' dir='ltr'><strong>ad-</strong></span> 
     </span>
    </p>
   </div>
   <div class='ocr_carea' id='block_1_76' title="bbox 2086 3399 3675 3472">
    <p class='ocr_par' dir='ltr' id='par_1_76' title="bbox 2086 3399 3675 3472">
     <span class='ocr_line' id='line_1_76' title="bbox 2086 3399 3675 3472; baseline -0.003 -16"><span class='ocrx_word' id='word_1_502' title='bbox 2086 3420 2276 3459; x_wconf 82' lang='lat' dir='ltr'><strong>versus</strong></span> <span class='ocrx_word' id='word_1_503' title='bbox 2319 3402 2585 3472; x_wconf 89' lang='lat' dir='ltr'><strong>Cyrillum</strong></span> <span class='ocrx_word' id='word_1_504' title='bbox 2658 3399 2891 3455; x_wconf 89' lang='lat' dir='ltr'><strong>Luearin</strong></span> <span class='ocrx_word' id='word_1_505' title='bbox 2949 3418 3057 3456; x_wconf 91' lang='lat' dir='ltr'><strong>non</strong></span> <span class='ocrx_word' id='word_1_506' title='bbox 3133 3400 3420 3469; x_wconf 75' lang='lat' dir='ltr'><strong>amplexus</strong></span> <span class='ocrx_word' id='word_1_507' title='bbox 3483 3399 3675 3461; x_wconf 85' lang='lat' dir='ltr'><strong>fuerit,</strong></span> 
     </span>
    </p>
   </div>
   <div class='ocr_carea' id='block_1_77' title="bbox 2086 3490 3678 3567">
    <p class='ocr_par' dir='ltr' id='par_1_77' title="bbox 2086 3490 3678 3567">
     <span class='ocr_line' id='line_1_77' title="bbox 2086 3490 3678 3567; baseline -0.001 -19"><span class='ocrx_word' id='word_1_508' title='bbox 2086 3496 2294 3567; x_wconf 90' lang='lat' dir='ltr'><strong>quique</strong></span> <span class='ocrx_word' id='word_1_509' title='bbox 2326 3495 2519 3551; x_wconf 89' lang='lat' dir='ltr'><strong>eadem</strong></span> <span class='ocrx_word' id='word_1_510' title='bbox 2553 3496 2925 3551; x_wconf 85' lang='lat' dir='ltr'><strong>sentientibus</strong></span> <span class='ocrx_word' id='word_1_511' title='bbox 2980 3508 3046 3550; x_wconf 88' lang='lat' dir='ltr'><strong>ac</strong></span> <span class='ocrx_word' id='word_1_512' title='bbox 3104 3493 3352 3549; x_wconf 90' lang='lat' dir='ltr'><strong>nefarius</strong></span> <span class='ocrx_word' id='word_1_513' title='bbox 3394 3493 3488 3547; x_wconf 90' lang='lat' dir='ltr'><strong>lllc</strong></span> <span class='ocrx_word' id='word_1_514' title='bbox 3547 3490 3678 3547; x_wconf 83' lang='lat' dir='ltr'><strong>ﬁdei</strong></span> 
     </span>
    </p>
   </div>
   <div class='ocr_carea' id='block_1_78' title="bbox 2086 3584 3679 3655">
    <p class='ocr_par' dir='ltr' id='par_1_78' title="bbox 2086 3584 3679 3655">
     <span class='ocr_line' id='line_1_78' title="bbox 2086 3584 3679 3655; baseline -0.003 -12"><span class='ocrx_word' id='word_1_515' title='bbox 2086 3590 2245 3643; x_wconf 78' lang='lat' dir='ltr'><strong>avita:</strong></span> <span class='ocrx_word' id='word_1_516' title='bbox 2284 3586 2556 3655; x_wconf 87' lang='lat' dir='ltr'><strong>proditor,</strong></span> <span class='ocrx_word' id='word_1_517' title='bbox 2589 3589 2884 3643; x_wconf 89' lang='lat' dir='ltr'><strong>anathema</strong></span> <span class='ocrx_word' id='word_1_518' title='bbox 2918 3602 3026 3642; x_wconf 90' lang='lat' dir='ltr'><strong>non</strong></span> <span class='ocrx_word' id='word_1_519' title='bbox 3079 3585 3306 3641; x_wconf 79' lang='lat' dir='ltr'><strong>dixerit.</strong></span> <span class='ocrx_word' id='word_1_520' title='bbox 3359 3584 3432 3638; x_wconf 81' lang='lat' dir='ltr'><strong>At</strong></span> <span class='ocrx_word' id='word_1_521' title='bbox 3480 3599 3679 3638; x_wconf 90' lang='lat' dir='ltr'><strong>omnes</strong></span> 
     </span>
    </p>
   </div>
   <div class='ocr_carea' id='block_1_79' title="bbox 2086 3677 3679 3749">
    <p class='ocr_par' dir='ltr' id='par_1_79' title="bbox 2086 3677 3679 3749">
     <span class='ocr_line' id='line_1_79' title="bbox 2086 3677 3679 3749; baseline -0.003 -13"><span class='ocrx_word' id='word_1_522' title='bbox 2086 3682 2162 3736; x_wconf 90' lang='lat' dir='ltr'><strong>illi</strong></span> <span class='ocrx_word' id='word_1_523' title='bbox 2191 3681 2412 3736; x_wconf 87' lang='lat' dir='ltr'><strong>tandem</strong></span> <span class='ocrx_word' id='word_1_524' title='bbox 2447 3681 2523 3735; x_wconf 88' lang='lat' dir='ltr'><strong>ita</strong></span> <span class='ocrx_word' id='word_1_525' title='bbox 2554 3680 2737 3736; x_wconf 82' lang='lat' dir='ltr'><strong>Latini</strong></span> <span class='ocrx_word' id='word_1_526' title='bbox 2774 3690 2925 3745; x_wconf 87' lang='lat' dir='ltr'><strong>sunt,</strong></span> <span class='ocrx_word' id='word_1_527' title='bbox 2983 3687 3045 3733; x_wconf 89' lang='lat' dir='ltr'><strong>ut</strong></span> <span class='ocrx_word' id='word_1_528' title='bbox 3101 3677 3349 3749; x_wconf 90' lang='lat' dir='ltr'><strong>plerique</strong></span> <span class='ocrx_word' id='word_1_529' title='bbox 3407 3677 3679 3732; x_wconf 85' lang='lat' dir='ltr'><strong>adversus</strong></span> 
     </span>
    </p>
   </div>
   <div class='ocr_carea' id='block_1_80' title="bbox 2084 3770 3681 3845">
    <p class='ocr_par' dir='ltr' id='par_1_80' title="bbox 2084 3770 3681 3845">
     <span class='ocr_line' id='line_1_80' title="bbox 2084 3770 3681 3845; baseline -0.003 -16"><span class='ocrx_word' id='word_1_530' title='bbox 2084 3774 2307 3829; x_wconf 88' lang='lat' dir='ltr'><strong>Latinos</strong></span> <span class='ocrx_word' id='word_1_531' title='bbox 2332 3774 2474 3845; x_wconf 89' lang='lat' dir='ltr'><strong>stylo</strong></span> <span class='ocrx_word' id='word_1_532' title='bbox 2514 3775 2786 3829; x_wconf 89' lang='lat' dir='ltr'><strong>acerrimo</strong></span> <span class='ocrx_word' id='word_1_533' title='bbox 2816 3771 3248 3834; x_wconf 85' lang='lat' dir='ltr'><strong>decertaverint,</strong></span> <span class='ocrx_word' id='word_1_534' title='bbox 3276 3785 3388 3840; x_wconf 94' lang='lat' dir='ltr'><strong>quo</strong></span> <span class='ocrx_word' id='word_1_535' title='bbox 3451 3770 3681 3825; x_wconf 83' lang='lat' dir='ltr'><strong>nomine</strong></span> 
     </span>
    </p>
   </div>
   <div class='ocr_carea' id='block_1_81' title="bbox 2084 3864 3675 3935">
    <p class='ocr_par' dir='ltr' id='par_1_81' title="bbox 2084 3864 3675 3935">
     <span class='ocr_line' id='line_1_81' title="bbox 2084 3864 3675 3935; baseline -0.003 -15"><span class='ocrx_word' id='word_1_536' title='bbox 2084 3866 2375 3921; x_wconf 88' lang='lat' dir='ltr'><strong>laudantur</strong></span> <span class='ocrx_word' id='word_1_537' title='bbox 2415 3882 2443 3921; x_wconf 91' lang='lat' dir='ltr'><strong>a</strong></span> <span class='ocrx_word' id='word_1_538' title='bbox 2474 3869 2591 3923; x_wconf 67' lang='lat' dir='ltr'><strong>sinis</strong></span> <span class='ocrx_word' id='word_1_539' title='bbox 2619 3875 2675 3921; x_wconf 92' lang='lat' dir='ltr'><strong>nt</strong></span> <span class='ocrx_word' id='word_1_540' title='bbox 2700 3866 2910 3922; x_wconf 70' lang='lat' dir='ltr'><strong>Graecae</strong></span> <span class='ocrx_word' id='word_1_541' title='bbox 2952 3865 3212 3921; x_wconf 56' lang='lat' dir='ltr'><strong>Ecclesia</strong></span> <span class='ocrx_word' id='word_1_542' title='bbox 3246 3865 3491 3935; x_wconf 78' lang='lat' dir='ltr'><strong>insignes</strong></span> <span class='ocrx_word' id='word_1_543' title='bbox 3516 3864 3675 3918; x_wconf 81' lang='lat' dir='ltr'><strong>theo-</strong></span> 
     </span>
    </p>
   </div>
   <div class='ocr_carea' id='block_1_82' title="bbox 2085 3955 3675 4030">
    <p class='ocr_par' dir='ltr' id='par_1_82' title="bbox 2085 3955 3675 4030">
     <span class='ocr_line' id='line_1_82' title="bbox 2085 3955 3675 4030; baseline -0.003 -17"><span class='ocrx_word' id='word_1_544' title='bbox 2085 3959 2505 4030; x_wconf 80' lang='lat' dir='ltr'><strong>logi,illiusqne</strong></span> <span class='ocrx_word' id='word_1_545' title='bbox 2528 3958 2873 4014; x_wconf 82' lang='lat' dir='ltr'><strong>defensores.</strong></span> <span class='ocrx_word' id='word_1_546' title='bbox 2914 3958 2971 4012; x_wconf 84' lang='lat' dir='ltr'><strong>Si</strong></span> <span class='ocrx_word' id='word_1_547' title='bbox 3017 3958 3188 4029; x_wconf 80' lang='lat' dir='ltr'><strong>igitur</strong></span> <span class='ocrx_word' id='word_1_548' title='bbox 3232 3957 3431 4013; x_wconf 90' lang='lat' dir='ltr'><strong>sinceri</strong></span> <span class='ocrx_word' id='word_1_549' title='bbox 3492 3955 3675 4011; x_wconf 62' lang='lat' dir='ltr'><strong>Graeci-</strong></span> 
     </span>
    </p>
   </div>
   <div class='ocr_carea' id='block_1_83' title="bbox 2082 4046 3679 4117">
    <p class='ocr_par' dir='ltr' id='par_1_83' title="bbox 2082 4046 3679 4117">
     <span class='ocr_line' id='line_1_83' title="bbox 2082 4046 3679 4117; baseline -0.004 -12"><span class='ocrx_word' id='word_1_550' title='bbox 2082 4066 2192 4105; x_wconf 92' lang='lat' dir='ltr'><strong>non</strong></span> <span class='ocrx_word' id='word_1_551' title='bbox 2224 4060 2373 4117; x_wconf 91' lang='lat' dir='ltr'><strong>sunt,</strong></span> <span class='ocrx_word' id='word_1_552' title='bbox 2407 4051 2502 4106; x_wconf 91' lang='lat' dir='ltr'><strong>ubi</strong></span> <span class='ocrx_word' id='word_1_553' title='bbox 2534 4049 2759 4105; x_wconf 85' lang='lat' dir='ltr'><strong>tandem</strong></span> <span class='ocrx_word' id='word_1_554' title='bbox 2796 4049 2985 4104; x_wconf 74' lang='lat' dir='ltr'><strong>Graeca</strong></span> <span class='ocrx_word' id='word_1_555' title='bbox 3009 4047 3251 4104; x_wconf 88' lang='lat' dir='ltr'><strong>Ecclesia</strong></span> <span class='ocrx_word' id='word_1_556' title='bbox 3284 4050 3352 4102; x_wconf 90' lang='lat' dir='ltr'><strong>ab</strong></span> <span class='ocrx_word' id='word_1_557' title='bbox 3378 4047 3538 4102; x_wconf 89' lang='lat' dir='ltr'><strong>annis</strong></span> <span class='ocrx_word' id='word_1_558' title='bbox 3568 4046 3679 4101; x_wconf 67' lang='lat' dir='ltr'><strong>du-</strong></span> 
     </span>
    </p>
   </div>
   <div class='ocr_carea' id='block_1_84' title="bbox 2082 4139 3674 4211">
    <p class='ocr_par' dir='ltr' id='par_1_84' title="bbox 2082 4139 3674 4211">
     <span class='ocr_line' id='line_1_84' title="bbox 2082 4139 3674 4211; baseline -0.004 -12"><span class='ocrx_word' id='word_1_559' title='bbox 2082 4144 2259 4199; x_wconf 87' lang='lat' dir='ltr'><strong>centis</strong></span> <span class='ocrx_word' id='word_1_560' title='bbox 2284 4144 2422 4208; x_wconf 87' lang='lat' dir='ltr'><strong>fuit;</strong></span> <span class='ocrx_word' id='word_1_561' title='bbox 2460 4158 2654 4199; x_wconf 88' lang='lat' dir='ltr'><strong>omnes</strong></span> <span class='ocrx_word' id='word_1_562' title='bbox 2683 4143 2831 4198; x_wconf 92' lang='lat' dir='ltr'><strong>enim</strong></span> <span class='ocrx_word' id='word_1_563' title='bbox 2890 4155 3259 4211; x_wconf 88' lang='lat' dir='ltr'><strong>quoscunque</strong></span> <span class='ocrx_word' id='word_1_564' title='bbox 3302 4156 3368 4195; x_wconf 82' lang='lat' dir='ltr'><strong>ex</strong></span> <span class='ocrx_word' id='word_1_565' title='bbox 3442 4139 3674 4194; x_wconf 87' lang='lat' dir='ltr'><strong>historia</strong></span> 
     </span>
    </p>
   </div>
   <div class='ocr_carea' id='block_1_85' title="bbox 2080 4231 3682 4301">
    <p class='ocr_par' dir='ltr' id='par_1_85' title="bbox 2080 4231 3682 4301">
     <span class='ocr_line' id='line_1_85' title="bbox 2080 4231 3682 4301; baseline -0.004 -11"><span class='ocrx_word' id='word_1_566' title='bbox 2080 4245 2134 4290; x_wconf 87' lang='lat' dir='ltr'><strong>et</strong></span> <span class='ocrx_word' id='word_1_567' title='bbox 2160 4234 2314 4289; x_wconf 85' lang='lat' dir='ltr'><strong>libris</strong></span> <span class='ocrx_word' id='word_1_568' title='bbox 2344 4236 2621 4301; x_wconf 78' lang='lat' dir='ltr'><strong>novimus,</strong></span> <span class='ocrx_word' id='word_1_569' title='bbox 2650 4233 2853 4298; x_wconf 63' lang='lat' dir='ltr'><strong>Graeci,</strong></span> <span class='ocrx_word' id='word_1_570' title='bbox 2884 4234 3045 4288; x_wconf 90' lang='lat' dir='ltr'><strong>aliam</strong></span> <span class='ocrx_word' id='word_1_571' title='bbox 3080 4232 3241 4287; x_wconf 89' lang='lat' dir='ltr'><strong>ﬁdem</strong></span> <span class='ocrx_word' id='word_1_572' title='bbox 3290 4247 3403 4287; x_wconf 92' lang='lat' dir='ltr'><strong>non</strong></span> <span class='ocrx_word' id='word_1_573' title='bbox 3466 4231 3682 4287; x_wconf 79' lang='lat' dir='ltr'><strong>habue-</strong></span> 
     </span>
    </p>
   </div>
   <div class='ocr_carea' id='block_1_86' title="bbox 2084 4322 3673 4399">
    <p class='ocr_par' dir='ltr' id='par_1_86' title="bbox 2084 4322 3673 4399">
     <span class='ocr_line' id='line_1_86' title="bbox 2084 4322 3673 4399; baseline -0.003 -19"><span class='ocrx_word' id='word_1_574' title='bbox 2084 4337 2229 4381; x_wconf 91' lang='lat' dir='ltr'><strong>runt.</strong></span> <span class='ocrx_word' id='word_1_575' title='bbox 2277 4328 2720 4399; x_wconf 82' lang='lat' dir='ltr'><strong>Veranpponit</strong></span> <span class='ocrx_word' id='word_1_576' title='bbox 2772 4325 3058 4383; x_wconf 86' lang='lat' dir='ltr'><strong>Smilheus</strong></span> <span class='ocrx_word' id='word_1_577' title='bbox 3101 4324 3366 4395; x_wconf 83' lang='lat' dir='ltr'><strong>Cyrillqu</strong></span> <span class='ocrx_word' id='word_1_578' title='bbox 3412 4322 3673 4389; x_wconf 87' lang='lat' dir='ltr'><strong>Luearin,</strong></span> 
     </span>
    </p>
   </div>
   <div class='ocr_carea' id='block_1_87' title="bbox 2080 4417 3676 4493">
    <p class='ocr_par' dir='ltr' id='par_1_87' title="bbox 2080 4417 3676 4493">
     <span class='ocr_line' id='line_1_87' title="bbox 2080 4417 3676 4493; baseline -0.001 -19"><span class='ocrx_word' id='word_1_579' title='bbox 2080 4419 2405 4477; x_wconf 85' lang='lat' dir='ltr'><strong>Zachariam</strong></span> <span class='ocrx_word' id='word_1_580' title='bbox 2440 4421 2752 4493; x_wconf 81' lang='lat' dir='ltr'><strong>Gerganum</strong></span> <span class='ocrx_word' id='word_1_581' title='bbox 2786 4421 2935 4476; x_wconf 76' lang='lat' dir='ltr'><strong>Artte</strong></span> <span class='ocrx_word' id='word_1_582' title='bbox 2966 4419 3178 4491; x_wconf 81' lang='lat' dir='ltr'><strong>exigme</strong></span> <span class='ocrx_word' id='word_1_583' title='bbox 3227 4417 3506 4474; x_wconf 55' lang='lat' dir='ltr'><strong>urbeculae</strong></span> <span class='ocrx_word' id='word_1_584' title='bbox 3557 4418 3676 4488; x_wconf 83' lang='lat' dir='ltr'><strong>epi-</strong></span> 
     </span>
    </p>
   </div>
   <div class='ocr_carea' id='block_1_88' title="bbox 2080 4509 3684 4586">
    <p class='ocr_par' dir='ltr' id='par_1_88' title="bbox 2080 4509 3684 4586">
     <span class='ocr_line' id='line_1_88' title="bbox 2080 4509 3684 4586; baseline -0.003 -15"><span class='ocrx_word' id='word_1_585' title='bbox 2080 4530 2334 4584; x_wconf 87' lang='lat' dir='ltr'><strong>scopum,</strong></span> <span class='ocrx_word' id='word_1_586' title='bbox 2370 4525 2425 4570; x_wconf 87' lang='lat' dir='ltr'><strong>cl</strong></span> <span class='ocrx_word' id='word_1_587' title='bbox 2456 4514 2881 4586; x_wconf 83' lang='lat' dir='ltr'><strong>MetrOphanem</strong></span> <span class='ocrx_word' id='word_1_588' title='bbox 2914 4513 3290 4585; x_wconf 84' lang='lat' dir='ltr'><strong>Critopulnm.</strong></span> <span class='ocrx_word' id='word_1_589' title='bbox 3351 4509 3506 4567; x_wconf 83' lang='lat' dir='ltr'><strong>Nova</strong></span> <span class='ocrx_word' id='word_1_590' title='bbox 3550 4511 3684 4582; x_wconf 82' lang='lat' dir='ltr'><strong>jura</strong></span> 
     </span>
    </p>
   </div>
   <div class='ocr_carea' id='block_1_89' title="bbox 392 4599 3679 4677">
    <p class='ocr_par' dir='ltr' id='par_1_89' title="bbox 392 4599 3679 4677">
     <span class='ocr_line' id='line_1_89' title="bbox 392 4599 3679 4677; baseline -0.002 -20"><span class='ocrx_word' id='word_1_591' title='bbox 392 4605 697 4660; x_wconf 79' lang='lat' dir='ltr'><strong>versionem</strong></span> <span class='ocrx_word' id='word_1_592' title='bbox 753 4604 951 4659; x_wconf 81' lang='lat' dir='ltr'><strong>damus</strong></span> <span class='ocrx_word' id='word_1_593' title='bbox 1024 4604 1236 4659; x_wconf 82' lang='lat' dir='ltr'><strong>Nicolai</strong></span> <span class='ocrx_word' id='word_1_594' title='bbox 1294 4605 1559 4661; x_wconf 87' lang='lat' dir='ltr'><strong>Comneui</strong></span> <span class='ocrx_word' id='word_1_595' title='bbox 1614 4606 1972 4677; x_wconf 86' lang='lat' dir='ltr'><strong>Papadopoli.</strong></span> <span class='ocrx_word' id='word_1_596' title='bbox 2012 4606 2369 4664; x_wconf 88' lang='lat' dir='ltr'><strong>Dcondcnda</strong></span> <span class='ocrx_word' id='word_1_597' title='bbox 2401 4614 2555 4671; x_wconf 90' lang='lat' dir='ltr'><strong>sunt,</strong></span> <span class='ocrx_word' id='word_1_598' title='bbox 2606 4611 2668 4660; x_wconf 84' lang='lat' dir='ltr'><strong>ut</strong></span> <span class='ocrx_word' id='word_1_599' title='bbox 2699 4604 2878 4660; x_wconf 82' lang='lat' dir='ltr'><strong>tribus</strong></span> <span class='ocrx_word' id='word_1_600' title='bbox 2940 4604 3178 4660; x_wconf 87' lang='lat' dir='ltr'><strong>testibus</strong></span> <span class='ocrx_word' id='word_1_601' title='bbox 3230 4601 3365 4656; x_wconf 89' lang='lat' dir='ltr'><strong>ﬁdes</strong></span> <span class='ocrx_word' id='word_1_602' title='bbox 3412 4599 3679 4655; x_wconf 88' lang='lat' dir='ltr'><strong>habeatur</strong></span> 
     </span>
    </p>
   </div>
   <div class='ocr_carea' id='block_1_90' title="bbox 392 4697 1976 4769">
    <p class='ocr_par' dir='ltr' id='par_1_90' title="bbox 392 4697 1976 4769">
     <span class='ocr_line' id='line_1_90' title="bbox 392 4697 1976 4769; baseline 0 -16"><span class='ocrx_word' id='word_1_603' title='bbox 392 4699 651 4755; x_wconf 71' lang='lat' dir='ltr'><strong>insertam</strong></span> <span class='ocrx_word' id='word_1_604' title='bbox 672 4698 927 4767; x_wconf 59' lang='lat' dir='ltr'><strong>Epistolas</strong></span> <span class='ocrx_word' id='word_1_605' title='bbox 980 4697 1047 4752; x_wconf 87' lang='lat' dir='ltr'><strong>ad</strong></span> <span class='ocrx_word' id='word_1_606' title='bbox 1089 4698 1494 4769; x_wconf 88' lang='lat' dir='ltr'><strong>Chrysanthum</strong></span> <span class='ocrx_word' id='word_1_607' title='bbox 1514 4699 1769 4755; x_wconf 85' lang='lat' dir='ltr'><strong>Nutaram</strong></span> <span class='ocrx_word' id='word_1_608' title='bbox 1795 4701 1976 4756; x_wconf 57' lang='lat' dir='ltr'><strong>Caesa.</strong></span> 
     </span>
    </p>
   </div>
   <div class='ocr_carea' id='block_1_91' title="bbox 398 4790 1974 4861">
    <p class='ocr_par' dir='ltr' id='par_1_91' title="bbox 398 4790 1974 4861">
     <span class='ocr_line' id='line_1_91' title="bbox 398 4790 1974 4861; baseline 0.001 -15"><span class='ocrx_word' id='word_1_609' title='bbox 398 4806 504 4846; x_wconf 63' lang='lat' dir='ltr'><strong>rem</strong></span> <span class='ocrx_word' id='word_1_610' title='bbox 530 4790 956 4861; x_wconf 88' lang='lat' dir='ltr'><strong>metr0politam,</strong></span> <span class='ocrx_word' id='word_1_611' title='bbox 987 4804 1110 4856; x_wconf 71' lang='lat' dir='ltr'><strong>quae</strong></span> <span class='ocrx_word' id='word_1_612' title='bbox 1129 4790 1274 4845; x_wconf 78' lang='lat' dir='ltr'><strong>edita</strong></span> <span class='ocrx_word' id='word_1_613' title='bbox 1309 4798 1394 4846; x_wconf 89' lang='lat' dir='ltr'><strong>est</strong></span> <span class='ocrx_word' id='word_1_614' title='bbox 1421 4790 1666 4847; x_wconf 85' lang='lat' dir='ltr'><strong>Venetiis</strong></span> <span class='ocrx_word' id='word_1_615' title='bbox 1690 4808 1780 4847; x_wconf 90' lang='lat' dir='ltr'><strong>an.</strong></span> <span class='ocrx_word' id='word_1_616' title='bbox 1815 4793 1974 4848; x_wconf 77' lang='lat' dir='ltr'><strong>l703.</strong></span> 
     </span>
    </p>
   </div>
   <div class='ocr_carea' id='block_1_92' title="bbox 468 4881 1979 4955">
    <p class='ocr_par' dir='ltr' id='par_1_92' title="bbox 468 4881 1979 4955">
     <span class='ocr_line' id='line_1_92' title="bbox 468 4881 1979 4955; baseline 0.003 -18"><span class='ocrx_word' id='word_1_617' title='bbox 468 4882 526 4937; x_wconf 91' lang='lat' dir='ltr'><strong>In</strong></span> <span class='ocrx_word' id='word_1_618' title='bbox 573 4898 634 4937; x_wconf 90' lang='lat' dir='ltr'><strong>ea</strong></span> <span class='ocrx_word' id='word_1_619' title='bbox 669 4898 832 4951; x_wconf 92' lang='lat' dir='ltr'><strong>porro</strong></span> <span class='ocrx_word' id='word_1_620' title='bbox 864 4881 1126 4954; x_wconf 88' lang='lat' dir='ltr'><strong>synodica</strong></span> <span class='ocrx_word' id='word_1_621' title='bbox 1158 4881 1484 4938; x_wconf 86' lang='lat' dir='ltr'><strong>Deﬁnitionc</strong></span> <span class='ocrx_word' id='word_1_622' title='bbox 1505 4885 1615 4938; x_wconf 89' lang='lat' dir='ltr'><strong>duo</strong></span> <span class='ocrx_word' id='word_1_623' title='bbox 1668 4893 1798 4941; x_wconf 88' lang='lat' dir='ltr'><strong>sunt</strong></span> <span class='ocrx_word' id='word_1_624' title='bbox 1857 4900 1979 4955; x_wconf 59' lang='lat' dir='ltr'><strong>qua</strong></span> 
     </span>
    </p>
   </div>
   <div class='ocr_carea' id='block_1_93' title="bbox 390 4977 1975 5048">
    <p class='ocr_par' dir='ltr' id='par_1_93' title="bbox 390 4977 1975 5048">
     <span class='ocr_line' id='line_1_93' title="bbox 390 4977 1975 5048; baseline 0.001 -17"><span class='ocrx_word' id='word_1_625' title='bbox 390 4977 676 5046; x_wconf 87' lang='lat' dir='ltr'><strong>diligenter</strong></span> <span class='ocrx_word' id='word_1_626' title='bbox 720 4978 999 5033; x_wconf 79' lang='lat' dir='ltr'><strong>observan</strong></span> <span class='ocrx_word' id='word_1_627' title='bbox 1054 4993 1236 5047; x_wconf 74' lang='lat' dir='ltr'><strong>operte</strong></span> <span class='ocrx_word' id='word_1_628' title='bbox 1296 4980 1533 5048; x_wconf 88' lang='lat' dir='ltr'><strong>pretium</strong></span> <span class='ocrx_word' id='word_1_629' title='bbox 1573 4980 1664 5035; x_wconf 86' lang='lat' dir='ltr'><strong>sit.</strong></span> <span class='ocrx_word' id='word_1_630' title='bbox 1706 4981 1975 5047; x_wconf 85' lang='lat' dir='ltr'><strong>Primum,</strong></span> 
     </span>
    </p>
   </div>
   <div class='ocr_carea' id='block_1_94' title="bbox 393 5069 1979 5142">
    <p class='ocr_par' dir='ltr' id='par_1_94' title="bbox 393 5069 1979 5142">
     <span class='ocr_line' id='line_1_94' title="bbox 393 5069 1979 5142; baseline 0.003 -18"><span class='ocrx_word' id='word_1_631' title='bbox 393 5069 680 5124; x_wconf 85' lang='lat' dir='ltr'><strong>llomiliam</strong></span> <span class='ocrx_word' id='word_1_632' title='bbox 721 5086 884 5140; x_wconf 88' lang='lat' dir='ltr'><strong>quam</strong></span> <span class='ocrx_word' id='word_1_633' title='bbox 911 5070 1115 5140; x_wconf 85' lang='lat' dir='ltr'><strong>publici</strong></span> <span class='ocrx_word' id='word_1_634' title='bbox 1145 5070 1287 5141; x_wconf 83' lang='lat' dir='ltr'><strong>juris</strong></span> <span class='ocrx_word' id='word_1_635' title='bbox 1332 5071 1590 5139; x_wconf 85' lang='lat' dir='ltr'><strong>facimus,</strong></span> <span class='ocrx_word' id='word_1_636' title='bbox 1642 5073 1979 5142; x_wconf 77' lang='lat' dir='ltr'><strong>patriarchis</strong></span> 
     </span>
    </p>
   </div>
   <div class='ocr_carea' id='block_1_95' title="bbox 390 5164 1980 5238">
    <p class='ocr_par' dir='ltr' id='par_1_95' title="bbox 390 5164 1980 5238">
     <span class='ocr_line' id='line_1_95' title="bbox 390 5164 1980 5238; baseline 0.003 -21"><span class='ocrx_word' id='word_1_637' title='bbox 390 5164 606 5219; x_wconf 87' lang='lat' dir='ltr'><strong>duobus</strong></span> <span class='ocrx_word' id='word_1_638' title='bbox 638 5164 907 5219; x_wconf 83' lang='lat' dir='ltr'><strong>Callinico</strong></span> <span class='ocrx_word' id='word_1_639' title='bbox 935 5173 992 5220; x_wconf 89' lang='lat' dir='ltr'><strong>et</strong></span> <span class='ocrx_word' id='word_1_640' title='bbox 1016 5164 1301 5227; x_wconf 85' lang='lat' dir='ltr'><strong>Dositheo.</strong></span> <span class='ocrx_word' id='word_1_641' title='bbox 1338 5174 1456 5221; x_wconf 91' lang='lat' dir='ltr'><strong>tum</strong></span> <span class='ocrx_word' id='word_1_642' title='bbox 1524 5166 1892 5238; x_wconf 86' lang='lat' dir='ltr'><strong>metropolitis</strong></span> <span class='ocrx_word' id='word_1_643' title='bbox 1923 5174 1980 5222; x_wconf 81' lang='lat' dir='ltr'><strong>et</strong></span> 
     </span>
    </p>
   </div>
   <div class='ocr_carea' id='block_1_96' title="bbox 390 5256 1979 5327">
    <p class='ocr_par' dir='ltr' id='par_1_96' title="bbox 390 5256 1979 5327">
     <span class='ocr_line' id='line_1_96' title="bbox 390 5256 1979 5327; baseline 0.003 -16"><span class='ocrx_word' id='word_1_644' title='bbox 390 5273 440 5324; x_wconf 62' lang='lat' dir='ltr'><strong>et</strong></span> <span class='ocrx_word' id='word_1_645' title='bbox 464 5256 663 5327; x_wconf 86' lang='lat' dir='ltr'><strong>iscopis</strong></span> <span class='ocrx_word' id='word_1_646' title='bbox 690 5258 783 5327; x_wconf 90' lang='lat' dir='ltr'><strong>qui</strong></span> <span class='ocrx_word' id='word_1_647' title='bbox 818 5257 1118 5313; x_wconf 84' lang='lat' dir='ltr'><strong>scribendo</strong></span> <span class='ocrx_word' id='word_1_648' title='bbox 1170 5256 1492 5323; x_wconf 77' lang='lat' dir='ltr'><strong>adfuerunt,</strong></span> <span class='ocrx_word' id='word_1_649' title='bbox 1549 5259 1721 5315; x_wconf 87' lang='lat' dir='ltr'><strong>fuisse</strong></span> <span class='ocrx_word' id='word_1_650' title='bbox 1750 5259 1979 5316; x_wconf 85' lang='lat' dir='ltr'><strong>notissi-</strong></span> 
     </span>
    </p>
   </div>
   <div class='ocr_carea' id='block_1_97' title="bbox 396 5350 1981 5423">
    <p class='ocr_par' dir='ltr' id='par_1_97' title="bbox 396 5350 1981 5423">
     <span class='ocr_line' id='line_1_97' title="bbox 396 5350 1981 5423; baseline 0.003 -21"><span class='ocrx_word' id='word_1_651' title='bbox 396 5364 538 5403; x_wconf 88' lang='lat' dir='ltr'><strong>mam</strong></span> <span class='ocrx_word' id='word_1_652' title='bbox 564 5368 576 5405; x_wconf 91' lang='lat'>:</span> <span class='ocrx_word' id='word_1_653' title='bbox 612 5360 777 5422; x_wconf 84' lang='lat' dir='ltr'><strong>atque</strong></span> <span class='ocrx_word' id='word_1_654' title='bbox 807 5350 947 5405; x_wconf 89' lang='lat' dir='ltr'><strong>adeo</strong></span> <span class='ocrx_word' id='word_1_655' title='bbox 980 5352 1048 5406; x_wconf 89' lang='lat' dir='ltr'><strong>de</strong></span> <span class='ocrx_word' id='word_1_656' title='bbox 1078 5353 1197 5421; x_wconf 87' lang='lat' dir='ltr'><strong>ejus</strong></span> <span class='ocrx_word' id='word_1_657' title='bbox 1221 5351 1489 5423; x_wconf 74' lang='grc' dir='ltr'><strong>αὑθιντίᾳ</strong></span> <span class='ocrx_word' id='word_1_658' title='bbox 1520 5353 1776 5408; x_wconf 90' lang='lat' dir='ltr'><strong>dubitare</strong></span> <span class='ocrx_word' id='word_1_659' title='bbox 1804 5353 1981 5408; x_wconf 87' lang='lat' dir='ltr'><strong>nemi-</strong></span> 
     </span>
    </p>
   </div>
   <div class='ocr_carea' id='block_1_98' title="bbox 393 5445 1981 5515">
    <p class='ocr_par' dir='ltr' id='par_1_98' title="bbox 393 5445 1981 5515">
     <span class='ocr_line' id='line_1_98' title="bbox 393 5445 1981 5515; baseline 0.005 -19"><span class='ocrx_word' id='word_1_660' title='bbox 393 5457 514 5496; x_wconf 91' lang='lat' dir='ltr'><strong>nem</strong></span> <span class='ocrx_word' id='word_1_661' title='bbox 542 5458 719 5511; x_wconf 88' lang='lat' dir='ltr'><strong>posse,</strong></span> <span class='ocrx_word' id='word_1_662' title='bbox 752 5445 857 5501; x_wconf 88' lang='lat' dir='ltr'><strong>nisi</strong></span> <span class='ocrx_word' id='word_1_663' title='bbox 882 5445 976 5515; x_wconf 88' lang='lat' dir='ltr'><strong>qui</strong></span> <span class='ocrx_word' id='word_1_664' title='bbox 1022 5445 1292 5515; x_wconf 78' lang='grc' dir='ltr'><strong>αὐτοψιαν</strong></span> <span class='ocrx_word' id='word_1_665' title='bbox 1345 5445 1724 5500; x_wconf 83' lang='lat' dir='ltr'><strong>Smitheanam</strong></span> <span class='ocrx_word' id='word_1_666' title='bbox 1774 5447 1981 5504; x_wconf 90' lang='lat' dir='ltr'><strong>talibus</strong></span> 
     </span>
    </p>
   </div>
   <div class='ocr_carea' id='block_1_99' title="bbox 393 5533 1977 5604">
    <p class='ocr_par' dir='ltr' id='par_1_99' title="bbox 393 5533 1977 5604">
     <span class='ocr_line' id='line_1_99' title="bbox 393 5533 1977 5604; baseline 0.001 -18"><span class='ocrx_word' id='word_1_667' title='bbox 393 5533 716 5589; x_wconf 81' lang='lat' dir='ltr'><strong>testimoniis</strong></span> <span class='ocrx_word' id='word_1_668' title='bbox 761 5534 1152 5604; x_wconf 64' lang='lat' dir='ltr'><strong>praferendam</strong></span> <span class='ocrx_word' id='word_1_669' title='bbox 1177 5534 1523 5589; x_wconf 77' lang='lat' dir='ltr'><strong>existimarit.</strong></span> <span class='ocrx_word' id='word_1_670' title='bbox 1575 5534 1823 5589; x_wconf 81' lang='lat' dir='ltr'><strong>Alterum</strong></span> <span class='ocrx_word' id='word_1_671' title='bbox 1871 5542 1977 5601; x_wconf 90' lang='lat' dir='ltr'><strong>est,</strong></span> 
     </span>
    </p>
   </div>
   <div class='ocr_carea' id='block_1_100' title="bbox 395 5624 1980 5696">
    <p class='ocr_par' dir='ltr' id='par_1_100' title="bbox 395 5624 1980 5696">
     <span class='ocr_line' id='line_1_100' title="bbox 395 5624 1980 5696; baseline 0.003 -19"><span class='ocrx_word' id='word_1_672' title='bbox 395 5624 533 5694; x_wconf 82' lang='lat' dir='ltr'><strong>quod</strong></span> <span class='ocrx_word' id='word_1_673' title='bbox 582 5626 862 5682; x_wconf 85' lang='lat' dir='ltr'><strong>antistites</strong></span> <span class='ocrx_word' id='word_1_674' title='bbox 901 5625 1007 5696; x_wconf 85' lang='lat' dir='ltr'><strong>ipsi</strong></span> <span class='ocrx_word' id='word_1_675' title='bbox 1063 5624 1237 5682; x_wconf 79' lang='lat' dir='ltr'><strong>Graeci</strong></span> <span class='ocrx_word' id='word_1_676' title='bbox 1306 5634 1584 5681; x_wconf 83' lang='lat' dir='ltr'><strong>testantur</strong></span> <span class='ocrx_word' id='word_1_677' title='bbox 1630 5626 1980 5683; x_wconf 87' lang='lat' dir='ltr'><strong>Gennadium</strong></span> 
     </span>
    </p>
   </div>
   <div class='ocr_carea' id='block_1_101' title="bbox 396 5715 1983 5788">
    <p class='ocr_par' dir='ltr' id='par_1_101' title="bbox 396 5715 1983 5788">
     <span class='ocr_line' id='line_1_101' title="bbox 396 5715 1983 5788; baseline 0.004 -21"><span class='ocrx_word' id='word_1_678' title='bbox 396 5731 576 5771; x_wconf 89' lang='lat' dir='ltr'><strong>vocem</strong></span> <span class='ocrx_word' id='word_1_679' title='bbox 609 5715 1025 5784; x_wconf 79' lang='grc' dir='ltr'><strong>μετουσιώσεως</strong></span> <span class='ocrx_word' id='word_1_680' title='bbox 1051 5730 1381 5786; x_wconf 84' lang='lat' dir='ltr'><strong>usurpasse,</strong></span> <span class='ocrx_word' id='word_1_681' title='bbox 1416 5727 1475 5771; x_wconf 93' lang='lat' dir='ltr'><strong>ut</strong></span> <span class='ocrx_word' id='word_1_682' title='bbox 1529 5716 1739 5787; x_wconf 77' lang='lat' dir='ltr'><strong>pridem</strong></span> <span class='ocrx_word' id='word_1_683' title='bbox 1792 5719 1983 5788; x_wconf 88' lang='lat' dir='ltr'><strong>cegui-</strong></span> 
     </span>
    </p>
   </div>
   <div class='ocr_carea' id='block_1_102' title="bbox 395 5806 1979 5877">
    <p class='ocr_par' dir='ltr' id='par_1_102' title="bbox 395 5806 1979 5877">
     <span class='ocr_line' id='line_1_102' title="bbox 395 5806 1979 5877; baseline 0.004 -18"><span class='ocrx_word' id='word_1_684' title='bbox 395 5816 528 5873; x_wconf 89' lang='lat' dir='ltr'><strong>tam,</strong></span> <span class='ocrx_word' id='word_1_685' title='bbox 556 5806 716 5877; x_wconf 87' lang='lat' dir='ltr'><strong>idque</strong></span> <span class='ocrx_word' id='word_1_686' title='bbox 747 5808 1036 5863; x_wconf 89' lang='lat' dir='ltr'><strong>verissime</strong></span> <span class='ocrx_word' id='word_1_687' title='bbox 1060 5808 1129 5863; x_wconf 89' lang='lat' dir='ltr'><strong>ab</strong></span> <span class='ocrx_word' id='word_1_688' title='bbox 1159 5809 1269 5864; x_wconf 88' lang='lat' dir='ltr'><strong>illis</strong></span> <span class='ocrx_word' id='word_1_689' title='bbox 1301 5810 1653 5864; x_wconf 84' lang='lat' dir='ltr'><strong>observatqu</strong></span> <span class='ocrx_word' id='word_1_690' title='bbox 1691 5810 1814 5865; x_wconf 91' lang='lat' dir='ltr'><strong>fuit.</strong></span> <span class='ocrx_word' id='word_1_691' title='bbox 1842 5812 1979 5866; x_wconf 82' lang='lat' dir='ltr'><strong>Cum</strong></span> 
     </span>
    </p>
   </div>
   <div class='ocr_carea' id='block_1_103' title="bbox 395 5900 1979 5967">
    <p class='ocr_par' dir='ltr' id='par_1_103' title="bbox 395 5900 1979 5967">
     <span class='ocr_line' id='line_1_103' title="bbox 395 5900 1979 5967; baseline 0.004 -14"><span class='ocrx_word' id='word_1_692' title='bbox 395 5900 537 5957; x_wconf 85' lang='lat' dir='ltr'><strong>enim</strong></span> <span class='ocrx_word' id='word_1_693' title='bbox 581 5901 869 5957; x_wconf 88' lang='lat' dir='ltr'><strong>homiliam</strong></span> <span class='ocrx_word' id='word_1_694' title='bbox 904 5902 1051 5960; x_wconf 88' lang='lat' dir='ltr'><strong>illam</strong></span> <span class='ocrx_word' id='word_1_695' title='bbox 1085 5902 1418 5961; x_wconf 80' lang='lat' dir='ltr'><strong>declamaret</strong></span> <span class='ocrx_word' id='word_1_696' title='bbox 1456 5902 1508 5959; x_wconf 91' lang='lat' dir='ltr'><strong>in</strong></span> <span class='ocrx_word' id='word_1_697' title='bbox 1562 5903 1767 5967; x_wconf 84' lang='lat' dir='ltr'><strong>palatio</strong></span> <span class='ocrx_word' id='word_1_698' title='bbox 1794 5919 1979 5963; x_wconf 86' lang='lat' dir='ltr'><strong>coram</strong></span> 
     </span>
    </p>
   </div>
   <div class='ocr_carea' id='block_1_104' title="bbox 2080 4693 3679 4768">
    <p class='ocr_par' dir='ltr' id='par_1_104' title="bbox 2080 4693 3679 4768">
     <span class='ocr_line' id='line_1_104' title="bbox 2080 4693 3679 4768; baseline -0.006 -14"><span class='ocrx_word' id='word_1_699' title='bbox 2080 4708 2275 4754; x_wconf 88' lang='lat' dir='ltr'><strong>contra</strong></span> <span class='ocrx_word' id='word_1_700' title='bbox 2318 4700 2470 4755; x_wconf 90' lang='lat' dir='ltr'><strong>mille</strong></span> <span class='ocrx_word' id='word_1_701' title='bbox 2500 4699 2663 4763; x_wconf 81' lang='lat' dir='ltr'><strong>alios,</strong></span> <span class='ocrx_word' id='word_1_702' title='bbox 2689 4700 2800 4753; x_wconf 91' lang='lat' dir='ltr'><strong>imo</strong></span> <span class='ocrx_word' id='word_1_703' title='bbox 2832 4706 3021 4754; x_wconf 92' lang='lat' dir='ltr'><strong>contra</strong></span> <span class='ocrx_word' id='word_1_704' title='bbox 3077 4694 3360 4768; x_wconf 88' lang='lat' dir='ltr'><strong>publicum</strong></span> <span class='ocrx_word' id='word_1_705' title='bbox 3397 4704 3447 4749; x_wconf 91' lang='lat' dir='ltr'><strong>et</strong></span> <span class='ocrx_word' id='word_1_706' title='bbox 3479 4693 3679 4746; x_wconf 85' lang='lat' dir='ltr'><strong>multo-</strong></span> 
     </span>
    </p>
   </div>
   <div class='ocr_carea' id='block_1_105' title="bbox 2081 4785 3682 4847">
    <p class='ocr_par' dir='ltr' id='par_1_105' title="bbox 2081 4785 3682 4847">
     <span class='ocr_line' id='line_1_105' title="bbox 2081 4785 3682 4847; baseline -0.004 -2"><span class='ocrx_word' id='word_1_707' title='bbox 2081 4791 2186 4847; x_wconf 73' lang='lat' dir='ltr'><strong>tice</strong></span> <span class='ocrx_word' id='word_1_708' title='bbox 2213 4802 2533 4847; x_wconf 84' lang='lat' dir='ltr'><strong>renovatum</strong></span> <span class='ocrx_word' id='word_1_709' title='bbox 2554 4793 2719 4846; x_wconf 90' lang='lat' dir='ltr'><strong>totius</strong></span> <span class='ocrx_word' id='word_1_710' title='bbox 2750 4790 3007 4846; x_wconf 76' lang='lat' dir='ltr'><strong>Ecclesize</strong></span> <span class='ocrx_word' id='word_1_711' title='bbox 3032 4788 3239 4844; x_wconf 68' lang='lat' dir='ltr'><strong>Grazcm</strong></span> <span class='ocrx_word' id='word_1_712' title='bbox 3271 4785 3682 4842; x_wconf 84' lang='lat' dir='ltr'><strong>testimonium.</strong></span> 
     </span>
    </p>
   </div>
   <div class='ocr_carea' id='block_1_106' title="bbox 2081 4883 3679 4955">
    <p class='ocr_par' dir='ltr' id='par_1_106' title="bbox 2081 4883 3679 4955">
     <span class='ocr_line' id='line_1_106' title="bbox 2081 4883 3679 4955; baseline -0.006 -16"><span class='ocrx_word' id='word_1_713' title='bbox 2081 4884 2149 4940; x_wconf 79' lang='lat' dir='ltr'><strong>At</strong></span> <span class='ocrx_word' id='word_1_714' title='bbox 2174 4885 2392 4939; x_wconf 89' lang='lat' dir='ltr'><strong>illorum</strong></span> <span class='ocrx_word' id='word_1_715' title='bbox 2420 4885 2635 4955; x_wconf 92' lang='lat' dir='ltr'><strong>primus</strong></span> <span class='ocrx_word' id='word_1_716' title='bbox 2664 4886 3028 4939; x_wconf 87' lang='lat' dir='ltr'><strong>anathemate</strong></span> <span class='ocrx_word' id='word_1_717' title='bbox 3058 4883 3357 4935; x_wconf 88' lang='lat' dir='ltr'><strong>damnatus</strong></span> <span class='ocrx_word' id='word_1_718' title='bbox 3390 4887 3495 4940; x_wconf 89' lang='lat' dir='ltr'><strong>est,</strong></span> <span class='ocrx_word' id='word_1_719' title='bbox 3552 4892 3679 4947; x_wconf 85' lang='lat' dir='ltr'><strong>pro-</strong></span> 
     </span>
    </p>
   </div>
   <div class='ocr_carea' id='block_1_107' title="bbox 2080 4971 3679 5047">
    <p class='ocr_par' dir='ltr' id='par_1_107' title="bbox 2080 4971 3679 5047">
     <span class='ocr_line' id='line_1_107' title="bbox 2080 4971 3679 5047; baseline -0.007 -14"><span class='ocrx_word' id='word_1_720' title='bbox 2080 4976 2660 5047; x_wconf 84' lang='lat' dir='ltr'><strong>scriptaquejudiciis</strong></span> <span class='ocrx_word' id='word_1_721' title='bbox 2732 4975 2973 5045; x_wconf 89' lang='lat' dir='ltr'><strong>publicis</strong></span> <span class='ocrx_word' id='word_1_722' title='bbox 3026 4971 3389 5044; x_wconf 72' lang='lat' dir='ltr'><strong>synodalibus</strong></span> <span class='ocrx_word' id='word_1_723' title='bbox 3438 4978 3679 5040; x_wconf 71' lang='lat' dir='ltr'><strong>quatuor</strong></span> 
     </span>
    </p>
   </div>
   <div class='ocr_carea' id='block_1_108' title="bbox 2079 5061 3678 5140">
    <p class='ocr_par' dir='ltr' id='par_1_108' title="bbox 2079 5061 3678 5140">
     <span class='ocr_line' id='line_1_108' title="bbox 2079 5061 3678 5140; baseline -0.009 -14"><span class='ocrx_word' id='word_1_724' title='bbox 2079 5070 2429 5126; x_wconf 85' lang='lat' dir='ltr'><strong>Calvinistica</strong></span> <span class='ocrx_word' id='word_1_725' title='bbox 2456 5071 2582 5140; x_wconf 83' lang='lat' dir='ltr'><strong>ejus</strong></span> <span class='ocrx_word' id='word_1_726' title='bbox 2621 5067 2903 5124; x_wconf 84' lang='lat' dir='ltr'><strong>confessio</strong></span> <span class='ocrx_word' id='word_1_727' title='bbox 2934 5062 3416 5132; x_wconf 82' lang='lat' dir='ltr'><strong>ConstantinOpoli</strong></span> <span class='ocrx_word' id='word_1_728' title='bbox 3441 5061 3678 5125; x_wconf 89' lang='lat' dir='ltr'><strong>scilicet,</strong></span> 
     </span>
    </p>
   </div>
   <div class='ocr_carea' id='block_1_109' title="bbox 2081 5150 3679 5229">
    <p class='ocr_par' dir='ltr' id='par_1_109' title="bbox 2081 5150 3679 5229">
     <span class='ocr_line' id='line_1_109' title="bbox 2081 5150 3679 5229; baseline -0.009 -10"><span class='ocrx_word' id='word_1_729' title='bbox 2081 5163 2243 5219; x_wconf 90' lang='lat' dir='ltr'><strong>annis</strong></span> <span class='ocrx_word' id='word_1_730' title='bbox 2269 5163 2429 5228; x_wconf 79' lang='grc'>1658,</span> <span class='ocrx_word' id='word_1_731' title='bbox 2460 5162 2619 5226; x_wconf 69' lang='grc'>1649..</span> <span class='ocrx_word' id='word_1_732' title='bbox 2651 5172 2704 5216; x_wconf 90' lang='lat' dir='ltr'><strong>et</strong></span> <span class='ocrx_word' id='word_1_733' title='bbox 2734 5160 2893 5226; x_wconf 83' lang='grc'>1691,</span> <span class='ocrx_word' id='word_1_734' title='bbox 2925 5156 3319 5229; x_wconf 86' lang='lat' dir='ltr'><strong>Hierosolymis</strong></span> <span class='ocrx_word' id='word_1_735' title='bbox 3335 5168 3481 5209; x_wconf 91' lang='lat' dir='ltr'><strong>anno</strong></span> <span class='ocrx_word' id='word_1_736' title='bbox 3508 5150 3679 5215; x_wconf 67' lang='lat' dir='ltr'><strong>l672,</strong></span> 
     </span>
    </p>
   </div>
   <div class='ocr_carea' id='block_1_110' title="bbox 2081 5248 3680 5328">
    <p class='ocr_par' dir='ltr' id='par_1_110' title="bbox 2081 5248 3680 5328">
     <span class='ocr_line' id='line_1_110' title="bbox 2081 5248 3680 5328; baseline -0.007 -19"><span class='ocrx_word' id='word_1_737' title='bbox 2081 5273 2202 5328; x_wconf 77' lang='lat' dir='ltr'><strong>quae</strong></span> <span class='ocrx_word' id='word_1_738' title='bbox 2229 5257 2435 5326; x_wconf 88' lang='lat' dir='ltr'><strong>judicia</strong></span> <span class='ocrx_word' id='word_1_739' title='bbox 2467 5263 2767 5312; x_wconf 88' lang='lat' dir='ltr'><strong>retractata</strong></span> <span class='ocrx_word' id='word_1_740' title='bbox 2811 5267 3093 5322; x_wconf 87' lang='lat' dir='ltr'><strong>nunquam</strong></span> <span class='ocrx_word' id='word_1_741' title='bbox 3134 5248 3381 5310; x_wconf 86' lang='lat' dir='ltr'><strong>fuerunt,</strong></span> <span class='ocrx_word' id='word_1_742' title='bbox 3416 5260 3543 5300; x_wconf 86' lang='lat' dir='ltr'><strong>cum</strong></span> <span class='ocrx_word' id='word_1_743' title='bbox 3578 5258 3680 5299; x_wconf 87' lang='lat' dir='ltr'><strong>eas</strong></span> 
     </span>
    </p>
   </div>
   <div class='ocr_carea' id='block_1_111' title="bbox 2080 5336 3677 5406">
    <p class='ocr_par' dir='ltr' id='par_1_111' title="bbox 2080 5336 3677 5406">
     <span class='ocr_line' id='line_1_111' title="bbox 2080 5336 3677 5406; baseline -0.01 0"><span class='ocrx_word' id='word_1_744' title='bbox 2080 5366 2274 5406; x_wconf 90' lang='lat' dir='ltr'><strong>omnes</strong></span> <span class='ocrx_word' id='word_1_745' title='bbox 2297 5350 2604 5405; x_wconf 86' lang='lat' dir='ltr'><strong>sententias</strong></span> <span class='ocrx_word' id='word_1_746' title='bbox 2636 5347 2931 5403; x_wconf 88' lang='lat' dir='ltr'><strong>Dositheus</strong></span> <span class='ocrx_word' id='word_1_747' title='bbox 2954 5341 3277 5399; x_wconf 90' lang='lat' dir='ltr'><strong>Enchiridio</strong></span> <span class='ocrx_word' id='word_1_748' title='bbox 3318 5354 3421 5394; x_wconf 89' lang='lat' dir='ltr'><strong>suo</strong></span> <span class='ocrx_word' id='word_1_749' title='bbox 3452 5337 3507 5391; x_wconf 91' lang='lat' dir='ltr'><strong>in</strong></span> <span class='ocrx_word' id='word_1_750' title='bbox 3537 5336 3677 5391; x_wconf 82' lang='lat' dir='ltr'><strong>Mol-</strong></span> 
     </span>
    </p>
   </div>
   <div class='ocr_carea' id='block_1_112' title="bbox 2082 5430 3683 5507">
    <p class='ocr_par' dir='ltr' id='par_1_112' title="bbox 2082 5430 3683 5507">
     <span class='ocr_line' id='line_1_112' title="bbox 2082 5430 3683 5507; baseline -0.009 -10"><span class='ocrx_word' id='word_1_751' title='bbox 2082 5443 2241 5498; x_wconf 88' lang='lat' dir='ltr'><strong>davia</strong></span> <span class='ocrx_word' id='word_1_752' title='bbox 2277 5444 2425 5498; x_wconf 89' lang='lat' dir='ltr'><strong>edito</strong></span> <span class='ocrx_word' id='word_1_753' title='bbox 2456 5442 2768 5497; x_wconf 89' lang='lat' dir='ltr'><strong>inseruerit.</strong></span> <span class='ocrx_word' id='word_1_754' title='bbox 2836 5437 3146 5507; x_wconf 88' lang='lat' dir='ltr'><strong>Gerganus,</strong></span> <span class='ocrx_word' id='word_1_755' title='bbox 3189 5433 3278 5487; x_wconf 79' lang='lat' dir='ltr'><strong>vix</strong></span> <span class='ocrx_word' id='word_1_756' title='bbox 3319 5440 3483 5486; x_wconf 90' lang='lat' dir='ltr'><strong>notus</strong></span> <span class='ocrx_word' id='word_1_757' title='bbox 3536 5430 3683 5483; x_wconf 87' lang='lat' dir='ltr'><strong>inter</strong></span> 
     </span>
    </p>
   </div>
   <div class='ocr_carea' id='block_1_113' title="bbox 2082 5526 3680 5606">
    <p class='ocr_par' dir='ltr' id='par_1_113' title="bbox 2082 5526 3680 5606">
     <span class='ocr_line' id='line_1_113' title="bbox 2082 5526 3680 5606; baseline -0.011 -14"><span class='ocrx_word' id='word_1_758' title='bbox 2082 5551 2236 5603; x_wconf 67' lang='lat' dir='ltr'><strong>suos,</strong></span> <span class='ocrx_word' id='word_1_759' title='bbox 2268 5544 2347 5591; x_wconf 90' lang='lat' dir='ltr'><strong>tot</strong></span> <span class='ocrx_word' id='word_1_760' title='bbox 2371 5534 2703 5606; x_wconf 88' lang='lat' dir='ltr'><strong>patriarchis</strong></span> <span class='ocrx_word' id='word_1_761' title='bbox 2733 5542 2786 5587; x_wconf 89' lang='lat' dir='ltr'><strong>et</strong></span> <span class='ocrx_word' id='word_1_762' title='bbox 2811 5529 3088 5601; x_wconf 87' lang='lat' dir='ltr'><strong>episcopis</strong></span> <span class='ocrx_word' id='word_1_763' title='bbox 3104 5526 3303 5598; x_wconf 92' lang='lat' dir='ltr'><strong>opponi</strong></span> <span class='ocrx_word' id='word_1_764' title='bbox 3331 5540 3440 5579; x_wconf 86' lang='lat' dir='ltr'><strong>non</strong></span> <span class='ocrx_word' id='word_1_765' title='bbox 3464 5530 3680 5593; x_wconf 82' lang='lat' dir='ltr'><strong>potes&#39;.</strong></span> 
     </span>
    </p>
   </div>
   <div class='ocr_carea' id='block_1_114' title="bbox 2084 5617 3680 5697">
    <p class='ocr_par' dir='ltr' id='par_1_114' title="bbox 2084 5617 3680 5697">
     <span class='ocr_line' id='line_1_114' title="bbox 2084 5617 3680 5697; baseline -0.007 -15"><span class='ocrx_word' id='word_1_766' title='bbox 2084 5628 2474 5697; x_wconf 80' lang='lat' dir='ltr'><strong>Metrophanes</strong></span> <span class='ocrx_word' id='word_1_767' title='bbox 2504 5626 2550 5681; x_wconf 91' lang='lat' dir='ltr'><strong>si</strong></span> <span class='ocrx_word' id='word_1_768' title='bbox 2573 5639 2698 5680; x_wconf 84' lang='lat' dir='ltr'><strong>vere</strong></span> <span class='ocrx_word' id='word_1_769' title='bbox 2726 5631 2782 5680; x_wconf 85' lang='lat' dir='ltr'><strong>et</strong></span> <span class='ocrx_word' id='word_1_770' title='bbox 2806 5638 2873 5678; x_wconf 81' lang='lat' dir='ltr'><strong>ex</strong></span> <span class='ocrx_word' id='word_1_771' title='bbox 2901 5620 3070 5676; x_wconf 87' lang='lat' dir='ltr'><strong>animi</strong></span> <span class='ocrx_word' id='word_1_772' title='bbox 3102 5617 3373 5676; x_wconf 88' lang='lat' dir='ltr'><strong>sententia</strong></span> <span class='ocrx_word' id='word_1_773' title='bbox 3396 5632 3515 5671; x_wconf 90' lang='lat' dir='ltr'><strong>eam</strong></span> <span class='ocrx_word' id='word_1_774' title='bbox 3541 5630 3680 5671; x_wconf 55' lang='lat' dir='ltr'><strong>conv</strong></span> 
     </span>
    </p>
   </div>
   <div class='ocr_carea' id='block_1_115' title="bbox 2086 5713 3681 5787">
    <p class='ocr_par' dir='ltr' id='par_1_115' title="bbox 2086 5713 3681 5787">
     <span class='ocr_line' id='line_1_115' title="bbox 2086 5713 3681 5787; baseline -0.006 -12"><span class='ocrx_word' id='word_1_775' title='bbox 2086 5720 2383 5777; x_wconf 86' lang='lat' dir='ltr'><strong>fessionem</strong></span> <span class='ocrx_word' id='word_1_776' title='bbox 2414 5718 2587 5773; x_wconf 90' lang='lat' dir='ltr'><strong>edidit</strong></span> <span class='ocrx_word' id='word_1_777' title='bbox 2616 5732 2740 5787; x_wconf 69' lang='lat' dir='ltr'><strong>qum</strong></span> <span class='ocrx_word' id='word_1_778' title='bbox 2798 5713 3122 5771; x_wconf 84' lang='lat' dir='ltr'><strong>llelmstadii</strong></span> <span class='ocrx_word' id='word_1_779' title='bbox 3189 5725 3394 5767; x_wconf 79' lang='lat' dir='ltr'><strong>excusa</strong></span> <span class='ocrx_word' id='word_1_780' title='bbox 3451 5718 3555 5772; x_wconf 84' lang='lat' dir='ltr'><strong>est,</strong></span> <span class='ocrx_word' id='word_1_781' title='bbox 3611 5723 3681 5766; x_wconf 86' lang='lat' dir='ltr'><strong>se</strong></span> 
     </span>
    </p>
   </div>
   <div class='ocr_carea' id='block_1_116' title="bbox 2084 5804 3675 5882">
    <p class='ocr_par' dir='ltr' id='par_1_116' title="bbox 2084 5804 3675 5882">
     <span class='ocr_line' id='line_1_116' title="bbox 2084 5804 3675 5882; baseline -0.006 -13"><span class='ocrx_word' id='word_1_782' title='bbox 2084 5815 2200 5882; x_wconf 86' lang='lat' dir='ltr'><strong>ipse</strong></span> <span class='ocrx_word' id='word_1_783' title='bbox 2233 5812 2512 5877; x_wconf 78' lang='lat' dir='ltr'><strong>retexuit;</strong></span> <span class='ocrx_word' id='word_1_784' title='bbox 2546 5826 2670 5865; x_wconf 89' lang='lat' dir='ltr'><strong>nam</strong></span> <span class='ocrx_word' id='word_1_785' title='bbox 2718 5808 3034 5879; x_wconf 87' lang='lat' dir='ltr'><strong>patriarcha</strong></span> <span class='ocrx_word' id='word_1_786' title='bbox 3080 5804 3494 5861; x_wconf 77' lang='lat' dir='ltr'><strong>Alexandrinus</strong></span> <span class='ocrx_word' id='word_1_787' title='bbox 3546 5817 3675 5859; x_wconf 77' lang='lat' dir='ltr'><strong>cum</strong></span> 
     </span>
    </p>
   </div>
   <div class='ocr_carea' id='block_1_117' title="bbox 2084 5890 3689 5963">
    <p class='ocr_par' dir='ltr' id='par_1_117' title="bbox 2084 5890 3689 5963">
     <span class='ocr_line' id='line_1_117' title="bbox 2084 5890 3689 5963; baseline -0.011 1"><span class='ocrx_word' id='word_1_788' title='bbox 2084 5913 2254 5963; x_wconf 80' lang='lat' dir='ltr'><strong>esset.</strong></span> <span class='ocrx_word' id='word_1_789' title='bbox 2276 5901 2470 5961; x_wconf 74' lang='lat' dir='ltr'><strong>svuodi</strong></span> <span class='ocrx_word' id='word_1_790' title='bbox 2500 5900 3139 5962; x_wconf 83' lang='lat' dir='ltr'><strong>Constantinooolitaua:</strong></span> <span class='ocrx_word' id='word_1_791' title='bbox 3167 5897 3396 5955; x_wconf 84' lang='lat' dir='ltr'><strong>Decreta</strong></span> <span class='ocrx_word' id='word_1_792' title='bbox 3427 5890 3689 5950; x_wconf 39' lang='lat' dir='ltr'><strong>subserit</strong></span> 
     </span>
    </p>
   </div>
  </div>
