4102 6482
373 435 483 492 ξω

1408 428 1787 487 ΟΕΝΝΛΟΙΙ
1820 420 1930 487 CP.
1968 426 2251 487 ΡΑΤΜΑ
2266 421 2486 483 ΒΟΗῈ

3524 419 3629 483 284

378 545 555 600 bendo
587 541 953 595 conﬁrmavit.
976 542 1368 611 Adjungantur
1402 541 1448 596 si
1480 541 1632 594 lubet
1659 540 1818 609 pauci
1859 539 1963 595 alii.
1986 542 2027 599 Α
2058 539 2213 593 sione
2244 533 2436 606 Cyrilli
2466 548 2625 602 quam
2665 546 2786 585 cum
2820 530 3046 586 horrore
3072 528 3349 596 rejiciunt.
3408 530 3632 587 Audiis-

375 651 623 700 errones,
653 631 784 703 quid
847 633 1065 687 illorum
1105 634 1421 688 testimonia
1473 633 1662 686 valere
1705 638 1942 701 possunt

375 735 564 780 contra
594 724 756 777 totius
794 722 1049 777 Ecclesiae
1094 723 1292 778 Graecas
1326 730 1593 777 constans
1642 737 1670 774 a
1725 731 1947 789 septua-

376 819 524 887 ginta
557 827 609 870 et
635 816 868 884 amplius
892 817 1052 869 annis
1091 816 1467 870 testimonium
1497 818 1520 869 ?

446 909 524 963 Ita
543 925 605 963 ex
634 907 910 962 abnormis
942 907 1087 961 illius
1147 908 1290 975 juris
1345 906 1708 974 dispositione
1748 904 1951 975 Cyrillo

375 999 658 1063 damnato,
709 1007 763 1053 et
791 999 1079 1053 sententiis
1137 998 1438 1051 teterritnis
1459 998 1698 1058 conﬁxo,
1737 1012 1846 1050 non
1887 997 1952 1051 de

379 1107 477 1145 sua
503 1091 701 1155 solum,
761 1091 853 1143 sed
888 1090 951 1143 de
1004 1090 1168 1142 totius
1199 1086 1496 1141 Orientalis
1553 1086 1809 1142 Ecclesiae
1848 1088 1955 1142 ﬁde

378 1183 524 1235 thdi
554 1193 812 1248 Oportet:
846 1180 1050 1234 Graecis
1076 1180 1293 1248 ipsisde
1314 1180 1673 1247 sttaipsorum
1712 1180 1814 1233 ﬁde
1847 1195 1953 1234 non

379 1270 663 1333 credetur,
697 1272 793 1325 etsi
833 1286 929 1340 per
964 1286 1139 1323 annos
1168 1278 1390 1323 centutn
1453 1278 1505 1322 et
1535 1269 1788 1338 amplius,
1836 1284 1954 1324 eam

374 1363 596 1429 seriptis
626 1362 939 1430 privatiset
997 1362 1234 1432 publicis
1288 1360 1691 1429 diseiplinaqtte
1710 1376 1803 1413 sua
1837 1377 1959 1432 quae

379 1455 622 1508 omnium
656 1454 832 1507 oculis
862 1465 1038 1523 patet,
1066 1442 1537 1509 conﬁrmaVerint.
1589 1454 1744 1520 Quod
1777 1455 1961 1524 itaque

381 1544 696 1601 Gennadius
726 1547 997 1611 decuerit,
1057 1546 1731 1601 transsuhstantiationem
1795 1562 1959 1615 quam

381 1638 622 1707 Cyrillus
657 1638 881 1692 informi
908 1650 962 1692 et
992 1638 1189 1694 furtiva
1219 1639 1590 1694 Cunicssione
1624 1639 1964 1695 condemna-

382 1729 483 1792 vit,
511 1731 615 1783 erit
648 1729 898 1784 Smitheo
932 1732 1323 1802 ὑποεολιμαίος
1349 1732 1690 1788 Gennadius.
1757 1731 1832 1785 Et
1859 1731 1960 1784 fal-

384 1836 445 1877 sa
482 1823 575 1876 illa
602 1822 896 1893 hypothesi
919 1836 1224 1879 nascuntur
1257 1826 1376 1879 alia:
1405 1840 1512 1880 non
1572 1827 1754 1879 minus
1788 1824 1961 1883 falsae.

386 1916 654 1971 adversus
687 1914 958 1971 Gennadii
1002 1918 1335 1973 laudatorem
1364 1918 1640 1988 Syrigum,
1669 1916 1962 1985 Georgium

384 2002 721 2069 Coressium,
747 2005 989 2075 reliquos
1008 2006 1225 2061 tandem
1250 2008 1343 2076 qui
1393 2007 1964 2063 transsubstantiatio-

388 2109 515 2148 nem
548 2094 791 2163 recipere
822 2111 883 2150 se
916 2095 1158 2165 professi
1187 2108 1338 2163 sunt,
1368 2097 1469 2152 hoc
1496 2097 1819 2154 estGrtecos
1851 2113 1969 2153 om-

388 2201 488 2241 nes
530 2204 544 2239 :
589 2202 712 2240 nam
744 2187 1071 2257 quicunque
1100 2204 1131 2244 a
1160 2189 1365 2260 Cyrillo
1399 2190 1505 2245 huc
1566 2206 1738 2260 usque
1791 2192 1965 2261 patri-

386 2278 674 2341 archatus,
743 2279 1091 2349 metropoles,
1131 2281 1508 2351 episcopatus,
1563 2282 1969 2353 dignitatesque

388 2369 796 2423 ecclesiasticas
830 2377 1147 2436 tenuerunt,
1206 2368 1351 2424 haud
1416 2372 1574 2425 aliter
1618 2372 1969 2426 crediderunt

389 2471 445 2514 et
483 2460 649 2515 locuti
682 2469 833 2527 sunt,
899 2476 1062 2531 quam
1090 2461 1587 2532 Synodianuorum
1630 2462 1966 2529 1638,1642,

386 2552 549 2618 1672,
586 2553 1049 2618 1691,()οηί“θεείο
1077 2556 1402 2621 orthodoxa,
1461 2562 1516 2611 et
1578 2557 1685 2611 alia
1738 2558 1971 2627 publica:

390 2644 742 2701 auctoritatis
776 2646 1004 2716 scripta.
1031 2646 1089 2702 Id
1114 2648 1160 2701 si
1198 2663 1386 2703 verum
1442 2655 1549 2713 est,
1603 2657 1661 2702 ut
1693 2658 1779 2704 est
1840 2664 1972 2705 sane

388 2739 734 2793 verissimum
763 2756 827 2795 cx
868 2738 1187 2795 Graecorum
1220 2742 1465 2796 onmium
1496 2742 1972 2799 consentientibus

389 2830 748 2894 testimoniis,
775 2846 883 2885 non
942 2824 1072 2887 esse
1116 2833 1283 2888 debet
1331 2831 1620 2889 Latinismi
1680 2843 1973 2903 suspectus

391 2919 975 2988 Gcnnadius,etiamsi
1042 2924 1719 2979 transsuhstantialionem
1774 2926 1976 2978 docue-

389 3014 483 3071 rit.
522 3029 698 3084 neque
726 3014 961 3069 homilize
986 3015 1103 3083 ejus
1136 3015 1269 3070 lides
1295 3015 1650 3081 detrahenda,
1707 3016 1835 3085 quia
1908 3016 1967 3070 il-

396 3106 509 3160 iam
545 3122 733 3160 vocem
767 3123 1045 3177 repraesen
1058 3117 1159 3164 tat.

2049 639 2134 685 set
2167 643 2333 697 quam
2391 625 2671 679 diversum
2724 638 2755 677 a
2809 622 3129 677 Smitheano
3195 630 3347 676 esset
3391 620 3629 679 Nectarii

2050 721 2116 777 de
2154 717 2667 786 Claudiojudiciutn
2687 716 2754 771 de
2784 714 3033 780 Calvino,
3053 715 3120 769 de
3147 713 3409 777 Luthero,
3442 716 3509 769 de
3532 715 3633 771 Le-

2052 826 2200 880 gero.

2123 903 2227 957 Sed
2282 917 2389 958 non
2457 902 2608 958 solus
2675 900 3078 957 conlodiendus
3134 915 3255 958 erat
3300 903 3642 968 Gennadius;

2055 996 2214 1062 cujus
2245 996 2425 1051 stabat
2451 995 2654 1049 intacta
2683 994 3003 1057 auctoritas,
3037 996 3082 1049 si
3143 994 3637 1067 liierosolymitana

2057 1092 2322 1161 synodus,
2366 1086 2669 1141 ann01672
2700 1092 2892 1141 contra
2949 1085 3283 1142 Calvinistas
3342 1088 3549 1150 habita.
3586 1090 3639 1142 in

2058 1197 2166 1251 qua
2220 1179 2772 1234 transsubstantiatio
2827 1179 3116 1247 perspicue
3172 1179 3475 1241 stabilitur,
3530 1196 3639 1233 non

2060 1276 2221 1330 simul
2244 1273 2572 1327 concideret.
2592 1272 2681 1327 Sic
2708 1271 2870 1342 igitur
2886 1287 3004 1327 eant
3038 1272 3348 1341 aggreditur
3373 1272 3474 1343 (l),
3495 1272 3645 1327 Grie-

2061 1367 2140 1421 cis
2170 1378 2228 1420 ut
2261 1366 2461 1435 ubique
2492 1365 2619 1419 facit
2647 1365 2883 1419 illudens
2923 1382 2937 1418 :
2966 1362 3132 1426 Num,
3187 1363 3385 1433 inquit,
3417 1380 3483 1417 ea:
3514 1366 3648 1417 inte-

2062 1475 2154 1529 gro
2186 1459 2375 1525 affectu
2427 1466 2475 1509 et
2533 1473 2709 1510 amore
2759 1456 2999 1509 veritatis
3055 1454 3436 1525 Hierosolymis
3483 1472 3649 1524 nuper

2065 1558 2411 1604 convenerunt
2477 1547 2698 1600 oracula
2763 1560 2953 1600 contra
3013 1546 3335 1601 Calvinistas
3372 1548 3647 1598 hat-elices

2065 1643 2261 1698 edituri
2315 1644 2338 1696 ?
2387 1639 2516 1704 Qute
2548 1655 2667 1692 cum
2707 1638 2942 1708 legerim,
2999 1637 3155 1707 plane
3202 1638 3470 1706 obstupui,
3522 1636 3649 1690 dum

2068 1736 2224 1803 probe
2277 1733 2630 1787 meminissem
2682 1730 3045 1800 patriarcham
3104 1729 3650 1800 Hierosolymitanum

2070 1824 2533 1891 Constantinopoli
2559 1833 2798 1893 agentem
2833 1822 3104 1891 familiari
3137 1838 3239 1891 quo
3278 1837 3360 1877 me
3400 1821 3653 1892 dignatus

2076 1928 2153 1973 est
2193 1918 2490 1986 colloquio,
2532 1916 2666 1969 mihi
2694 1917 2905 1968 ineunte
2939 1929 3078 1968 anno
3113 1914 3245 1968 1671
3302 1916 3357 1968 in
3405 1914 3654 1983 Angliam

2072 2006 2374 2082 propediem
2400 2010 2636 2063 redituro
2667 2009 2886 2072 dixisse,
2918 2024 2974 2063 se
2995 2007 3270 2077 quidpiam
3323 2016 3508 2062 contra
3532 2022 3658 2075 pon-

2076 2102 2266 2169 tificios
2294 2099 2473 2155 moliri
2498 2099 2636 2168 quod
2685 2098 2797 2151 illic
2842 2106 3059 2166 cuperet
3085 2092 3096 2107 ⁸
3123 2097 3402 2151 edendum.
3447 2095 3656 2152 Nomen

2075 2193 2222 2249 illius
2254 2192 2578 2260 patriarchae
2600 2199 2782 2244 tacere
2813 2204 2923 2243 non
2977 2185 3210 2243 debebat
3278 2189 3437 2244 testis
3471 2188 3660 2241 ocula-

2074 2295 2187 2351 tus,
2217 2286 2311 2341 sed
2344 2300 2488 2341 anno
2516 2283 2650 2338 1671
2686 2281 2977 2336 Nectarius
3032 2289 3151 2335 erat
3200 2289 3294 2334 aut
3344 2277 3660 2340 Dositheus,

2077 2380 2173 2448 qui
2199 2387 2325 2448 post
2354 2376 2503 2431 illius
2558 2373 2923 2429 voluntariam
2955 2372 3370 2441 abdicationem
3403 2368 3661 2425 Hieroso-

2077 2466 2394 2537 lymitanam
2417 2466 2602 2519 sedem
2635 2463 2956 2518 diutissime
3001 2461 3242 2521 obtinuit
3301 2477 3318 2519 :
3377 2475 3502 2515 nam
3571 2459 3659 2513 vix

2079 2572 2207 2613 an'e
2240 2559 2380 2613 duos
2414 2572 2589 2613 annos
2616 2566 2867 2611 mortuus
2923 2563 3028 2611 est.
3062 2554 3168 2609 Sed
3207 2568 3399 2625 parum
3471 2551 3660 2607 refert:

2078 2666 2203 2706 nam
2231 2649 2553 2706 Nectarium
2611 2649 2820 2705 scimus
2856 2662 2996 2718 opus
3045 2646 3314 2703 adversus
3366 2647 3663 2715 primatum

2078 2743 2239 2813 Papae
2267 2744 2602 2807 elaborasse,
2630 2741 2774 2812 quod
2822 2740 3114 2796 Dositheus
3172 2739 3319 2794 illius
3372 2750 3665 2793 succeSsor

2081 2852 2223 2894 anno
2246 2836 2527 2893 lGSSJasii
2553 2835 2933 2891 excudendum
2966 2834 3109 2905 typis
3133 2832 3369 2895 curavit,
3388 2841 3443 2887 et
3466 2830 3661 2885 Latine

2080 2933 2242 2987 vertit
2270 2932 2468 2987 Petrus
2510 2930 2769 2986 Allixius.
2795 2927 2927 2994 Quae
2977 2942 3144 2982 causa
3193 2925 3361 2996 igitur
3405 2925 3667 2991 obstupe-

2074 3026 2271 3081 scendi
2294 3024 2541 3080 Smitlteo
2566 3022 2669 3077 fuit
2691 3021 2715 3075 7
2736 3020 2940 3090 Nempe
2963 3018 3109 3089 quod
3135 3017 3182 3074 is
3210 3017 3302 3086 qui
3332 3024 3522 3069 contra
3553 3013 3664 3067 Ro-

2082 3134 2306 3174 manum
2346 3117 2666 3173 Pentilicem
2700 3116 2964 3185 scriptum
2987 3121 3224 3195 pararet,
3246 3123 3393 3164 anno
3413 3107 3665 3177 sequenti

467 3197 573 3252 Sed
600 3199 736 3252 nihil
775 3200 952 3254 simile
974 3201 1041 3255 de
1094 3199 1381 3254 Gennadio
1424 3210 1520 3255 aut
1579 3200 1698 3270 ejus
1718 3200 1973 3270 Operilttts

2083 3208 2479 3281 Hierosolymis
2528 3206 2814 3264 Calvinum
2842 3246 2857 3272 ,
2893 3203 3152 3275 Cyrillum
3212 3201 3475 3263 Lucarin,
3502 3199 3667 3253 Clau-

391 3290 863 3361 Cmtslantiuopoli
895 3292 1068 3348 audiit
1126 3293 1429 3357 Smitheus,
1474 3293 1625 3361 quisi
1656 3294 1753 3347 ver
1804 3307 1969 3347 unum

391 3373 485 3453 qui
508 3384 668 3453 plane
702 3385 1020 3440 illitteratus
1040 3399 1148 3440 non
1173 3386 1391 3449 fuisset,
1450 3385 1699 3452 Graecum
1735 3386 1975 3440 interro-

391 3485 598 3546 gasset,
623 3476 867 3532 audisset
898 3478 1088 3546 procul
1126 3476 1297 3531 dubio
1327 3478 1475 3547 quod
1534 3492 1742 3532 omnes
1788 3476 1972 3531 sciunt

393 3565 667 3620 neminem
699 3565 910 3621 Latinis
943 3567 1131 3623 minus
1187 3566 1467 3622 addictum
1513 3567 1820 3639 patriarcha
1885 3567 1979 3621 illo

397 3659 589 3724 fuisse,
622 3658 896 3713 neminem
963 3659 1180 3731 Syrigo,
1214 3659 1613 3725 Coressio,,aut
1647 3659 1769 3713 aliis
1839 3672 1980 3726 quos

397 3761 507 3805 tam
542 3751 903 3806 inclementer
936 3752 1117 3808 habet.
1152 3752 1666 3823 Constantinopolin
1701 3766 1812 3805 non
1864 3760 1983 3805 erat

400 3842 794 3911 navigandum,
830 3855 889 3899 ut
937 3845 1205 3901 Claudius
1266 3845 1697 3902 exscriberetur.
1756 3843 1826 3898 At
1855 3857 1981 3896 cum

400 3933 535 3987 nihil
571 3934 681 3988 illic
714 3935 986 3991 audiverit
1019 3935 1086 3992 de
1114 3936 1398 3994 Gennadio
1422 3946 1476 3993 et
1515 3937 1638 3992 aliis
1655 3951 1794 4006 quos
1814 3942 1984 3990 testes

400 4024 712 4095 producunt
735 4026 1019 4094 catholici,
1046 4024 1199 4084 unde
1232 4028 1426 4084 habuit
1449 4028 1604 4082 illum
1631 4027 1804 4082 fuisse
1821 4030 1987 4079 Λατι-

397 4120 678 4187 νόφροναε
717 4118 915 4174 falsam
944 4134 1066 4175 esse
1118 4120 1266 4176 illius
1319 4119 1600 4174 homiliatn
1657 4135 1670 4172 :
1729 4116 1984 4189 Syrigum

397 4209 774 4285 tenebrionem
797 4210 985 4266 Romae
1004 4209 1327 4276 educatum,
1347 4208 1768 4264 Confessionetn
1796 4208 1988 4262 ortho-

398 4301 597 4357 doxam
640 4318 780 4374 opus
817 4301 991 4358 fuisse
1022 4301 1307 4356 hominum
1332 4296 1905 4369 Δατινοφρονούντων,
1929 4305 1989 4351 ut

398 4394 608 4463 reliqua
643 4403 1029 4465 praztereamus
1046 4392 1071 4446 i
1088 4392 1201 4447 Non
1227 4392 1344 4446 haec
1365 4406 1498 4446 sane
1516 4406 1545 4444 a
1561 4389 1767 4446 Graecis
1782 4388 1991 4458 accepit

405 4480 503 4551 qui
535 4481 743 4534 dudum
776 4490 1071 4551 antequam
1133 4478 1420 4534 Smitheus
1474 4477 1989 4549 Constantinopolin

401 4575 874 4644 proﬁcisceretur,
905 4586 960 4631 et
998 4582 1213 4646 postea,
1246 4575 1527 4629 contraria
1551 4588 1783 4645 prorsus
1808 4570 1988 4644 publi—
2015 4566 2067 4628 D

404 4680 469 4720 ce
499 4666 682 4721 testati
708 4675 858 4722 sttnt.
892 4667 1006 4723 Cur
1034 4680 1201 4737 porro
1248 4666 1617 4734 patriarcham
1671 4664 1988 4735 Hierosoly-

408 4759 672 4812 mitanum
705 4759 757 4812 in
785 4758 1048 4828 familiari
1063 4757 1330 4827 colloquio
1354 4775 1454 4827 quo
1507 4774 1647 4813 anno
1674 4758 1806 4814 1671
1833 4758 1986 4812 illum

405 4847 660 4919 dignatus
691 4858 786 4910 est,
818 4848 973 4903 deiis
990 4847 1249 4904 omnibus
1309 4863 1417 4902 non
1474 4847 1886 4920 interrogavit?
1936 4846 1988 4903 Is

408 4949 531 4996 crat
561 4938 850 4995 Nectarius
874 4949 971 4995 aut
1003 4939 1323 5005 Dositheus,
1395 4948 1632 5011 utroque
1660 4955 1819 4996 nemo
1847 4941 1991 4996 inter

408 5032 632 5090 Graecos
670 5033 1008 5089 recentiores
1044 5032 1242 5091 Latino
1277 5033 1486 5088 nomini
1521 5034 1695 5103 magis
1716 5031 1987 5089 infensus.

412 5125 528 5181 Non
553 5124 700 5181 aliud
728 5140 876 5182 certe
894 5127 1314 5198 respondissent
1360 5141 1525 5197 quam
1573 5126 1722 5196 quod
1772 5127 1984 5197 primus

413 5219 468 5273 in
499 5218 728 5288 cpistola
761 5220 827 5274 ad
867 5220 1109 5276 Paisium
1145 5212 1600 5279 Alexandrinum,
1635 5218 1762 5272 etin
1813 5219 1987 5272 altera

414 5311 480 5363 ad
514 5311 816 5365 nmnachos
880 5309 1146 5376 Sinaitas,
1198 5309 1317 5366 sine
1369 5309 1692 5381 ambagibus
1757 5317 2015 5373 testatus

413 5417 517 5468 est,
548 5417 613 5457 ex
645 5392 873 5470 scriptis
892 5417 1082 5459 eorum
1110 5417 1250 5473 quos
1311 5402 1611 5465 Smitlteus,
1664 5407 1726 5455 ut
1757 5399 1996 5455 Latinis-

420 5508 508 5546 mo
562 5503 854 5562 corruptos
911 5494 1112 5564 rejicit,
1166 5493 1457 5564 petendam
1524 5507 1649 5549 esse
1676 5492 1992 5548 Graecorum

422 5584 543 5663 lidei
572 5586 842 5641 sinceram
879 5587 1302 5658 expositionem,
1360 5600 1469 5642 non
1504 5600 1566 5642 ex
1600 5584 1736 5642 falsa
1766 5584 1998 5643 Confes-

527 5791 544 5840 1

500 5789 575 5857 (1)
608 5790 647 5843 S
671 5789 782 5842 uilli
834 5806 884 5842 tt.
918 5789 1007 5843 99.

500 5861 575 5929 (ξ)
606 5859 733 5929 I’Jg.
765 5858 870 5913 “205
903 5860 989 5916 Ctl.

606 5859 733 5929 Pag.
765 5858 870 5913 “205
903 5860 989 5916 Ctl.
1043 5860 1139 5915 Gr.

2079 3304 2229 3357 dium
2256 3302 2608 3356 anathemate
2625 3299 3089 3354 damnaretmam
3118 3296 3232 3348 haec
3287 3293 3365 3347 illi
3414 3291 3666 3346 videntur

2079 3396 2384 3449 ἀσύστατα.
2419 3394 2549 3449 Inde
2579 3393 2825 3448 modeste
2869 3386 3213 3453 conticescit,
3238 3386 3332 3440 sed
3360 3384 3551 3439 aculeo
3586 3400 3667 3437 re-

2080 3489 2233 3557 licto,
2255 3503 2451 3557 nempe
2476 3494 2532 3540 ut
2562 3485 2703 3556 apud
2724 3499 2783 3540 se
2815 3483 3047 3553 quisque
3063 3481 3284 3559 colligat
3306 3485 3558 3548 suspecta
3576 3484 3672 3529 aut

2084 3583 2219 3637 falsa
2264 3595 2385 3634 esse
2417 3579 2636 3635 decreta
2688 3577 2835 3631 illius
2858 3574 3051 3647 synodi
3080 3591 3095 3627 :
3121 3572 3215 3628 sed
3242 3586 3406 3640 quam
3425 3568 3669 3623 vanailla

2083 3673 2396 3742 conjectura
2415 3672 2506 3736 sit,
2525 3686 2630 3725 non
2649 3669 2834 3725 mttltis
2857 3668 3039 3723 verbis
3052 3664 3337 3721 coniicitur
3357 3676 3511 3717 :nam
3533 3662 3582 3712 iu
3607 3674 3673 3713 es

2085 3765 2453 3835 ipsotractatu
2498 3760 2740 3818 Nectarii
2782 3769 2974 3815 contra
3003 3757 3165 3827 Papae
3194 3754 3509 3826 primatum,
3532 3751 3672 3805 fellis

2087 3856 2393 3928 venenique
2412 3855 2752 3927 plenissimo,
2777 3854 2904 3909 dum
2932 3850 3195 3907 miracula
3210 3847 3459 3919 qttmdam
3486 3847 3539 3900 in
3567 3844 3673 3897 Eu-

2044 3973 2048 3976 ⁴
2087 3948 2350 4005 charistia
2409 3949 2550 4003 facta
2589 3942 3483 4012 refert,transsubstantiationem
3508 3941 3669 3992 docet

2088 4041 2379 4111 perspicue
2428 4057 2445 4095 :
2478 4047 2532 4095 et
2558 4037 2791 4109 epistola
2834 4033 3318 4103 Constantinopoli
3350 4031 3427 4101 (2)
3460 4030 3667 4098 scripta

2093 4134 2230 4190 l692
2280 4132 2694 4195 Conlessionem
2737 4130 3119 4187 Orthodoxam
3150 4124 3352 4181 eximie
3391 4135 3676 4177 common-

2093 4229 2186 4283 dat
2219 4245 2233 4283 :
2260 4211 2494 4282 tandem
2515 4216 2873 4280 tenebrionem
2896 4221 3072 4285 illum,
3094 4230 3144 4274 et
3173 4216 3382 4272 Latinis
3404 4214 3674 4276 addictum

2092 4318 2365 4375 Meletium
2398 4317 2673 4389 Syrigum,
2695 4315 2854 4387 cujus
2891 4315 2943 4368 in
2973 4327 3038 4368 ea
3063 4309 3354 4367 scribenda
3389 4307 3679 4378 praecipuae

2093 4417 2280 4481 partes
2300 4408 2535 4471 fuerant,
2553 4415 2676 4478 post
2701 4404 2893 4461 laudes
2916 4404 3054 4458 alias
3076 4410 3237 4457 vocat
3264 4400 3342 4471 (3)
3361 4413 3675 4465 prwconem,

2095 4504 2433 4574 interpretem
2462 4512 2512 4557 et
2543 4501 2799 4555 amussim
2832 4508 3101 4554 rectorum
3163 4495 3288 4567 ﬁdei
3342 4494 3676 4566 dogmatum,

2096 4596 2294 4666 κήρυξ,
2321 4595 2672 4667 διερμηνεὺς,
2703 4595 2797 4648 καὶ
2829 4592 3053 4662 στάθμη
3077 4590 3190 4643 τῶν
3222 4588 3402 4660 ὀρθῶν
3456 4587 3558 4656 τῆς
3594 4587 3686 4639 πι-

2097 4706 2270 4753 στεως
2297 4689 2607 4759 δογμάτων.
2633 4687 2740 4754 Qui
2761 4697 2866 4742 tam
2927 4684 3220 4741 infeliciter
3278 4682 3344 4737 de
3372 4681 3569 4752 Syrigo
3593 4679 3685 4749 ju-

2097 4781 2325 4845 dicavit,
2363 4796 2485 4837 eum
2507 4779 2578 4837 de
2611 4779 2896 4838 Gennadio
2925 4787 2979 4834 et
3012 4777 3133 4849 ejus
3165 4774 3391 4831 homilia
3425 4772 3682 4828 idoneum

2094 4873 2334 4945 judicem
2367 4888 2528 4927 nemo
2552 4880 2829 4941 agnoscet.
3053 4927 3062 4934 ,

2169 4963 2359 5035 Neque
2404 4971 2487 5019 est
2532 4962 2679 5033 quod
2726 4960 2961 5031 αὑτοψια
3002 4960 3092 5015 illa
3123 4973 3289 5030 quam
3337 4954 3583 5010 nonnulli
3615 4952 3681 5004 ad

2097 5072 2367 5114 nauseam
2420 5070 2599 5126 usque
2653 5056 2904 5126 ingerere
2952 5053 3156 5115 solent,
3206 5050 3523 5119 objiciatur.
3580 5045 3682 5100 Cui

2096 5149 2240 5205 enim
2276 5148 2628 5219 persuadebit
2661 5145 2960 5217 aliquando
2992 5143 3299 5205 Smitheus,
3338 5156 3397 5196 se
3442 5154 3564 5209 quas
3614 5136 3685 5192 de

2096 5240 2305 5312 Cyrillo
2348 5237 2544 5294 Lucari
2595 5239 2842 5308 scripsit,
2878 5234 3353 5305 Constantinopoli
3402 5231 3684 5295 didicisse,

2099 5338 2195 5385 aut
2223 5330 2279 5384 in
2308 5328 2552 5385 Ecclesia
2580 5327 2768 5384 Graeca
2794 5343 2918 5383 eum
2945 5336 3006 5383 ut
3027 5337 3279 5383 sanctum
3305 5332 3363 5380 et
3388 5333 3685 5393 martyrem

2101 5423 2229 5484 coli,
2247 5422 2339 5491 qui
2363 5420 2799 5477 anathematibus
2820 5418 3068 5474 conﬁxus
3094 5425 3200 5474 est.
3226 5417 3340 5472 lino
3354 5418 3400 5471 si
3423 5415 3529 5470 Dia
3548 5415 3655 5470 veri
3667 5443 3688 5455 -

2105 5517 2389 5584 tas,cujus
2411 5511 2926 5569 se‘amantissimum
2963 5517 3216 5576 testatur,
3267 5507 3499 5579 alicujus
3540 5505 3686 5578 apud

2105 5619 2229 5661 eum
2251 5603 2407 5675 prezii
2431 5601 3196 5674 est,‘agnoscat,conjectanea
3214 5600 3364 5656 illum
3386 5597 3694 5656 omniasua

2178 5790 2252 5863 (5)
2285 5788 2538 5847 Confess.
2574 5788 2720 5845 orth.
2748 5788 2832 5843 ad.
2868 5786 3016 5859 Lips.
3048 5803 3102 5857 p.
3126 5786 3167 5842 6
