  <div class='ocr_page' id='page_1' title='image "/cluster/home/n/w/nwhite01/storage/ocr_20150623/160/coo.31924054870658/150.png"; bbox 0 0 4102 6414; ppageno 0'>
   <div class='ocr_carea' id='block_1_1' title="bbox 395 396 507 466">
    <p class='ocr_par' dir='ltr' id='par_1_1' title="bbox 395 396 507 466">
     <span class='ocr_line' id='line_1_1' title="bbox 395 396 507 466; baseline 0.009 -1"><span class='ocrx_word' id='word_1_1' title='bbox 395 396 507 466; x_wconf 59' lang='lat'><strong>2335</strong></span> 
     </span>
    </p>
   </div>
   <div class='ocr_carea' id='block_1_2' title="bbox 1877 407 2221 468">
    <p class='ocr_par' dir='ltr' id='par_1_2' title="bbox 1877 407 2221 468">
     <span class='ocr_line' id='line_1_2' title="bbox 1877 407 2221 468; baseline 0.003 -1"><span class='ocrx_word' id='word_1_2' title='bbox 1877 407 2011 467; x_wconf 74' lang='lat' dir='ltr'><strong>SCll</strong></span> <span class='ocrx_word' id='word_1_3' title='bbox 2025 407 2191 467; x_wconf 73' lang='grc' dir='ltr'><strong>ΙΡΤΛ</strong></span> <span class='ocrx_word' id='word_1_4' title='bbox 2206 452 2221 468; x_wconf 93' lang='grc'>.</span> 
     </span>
    </p>
   </div>
   <div class='ocr_carea' id='block_1_3' title="bbox 3580 418 3689 484">
    <p class='ocr_par' dir='ltr' id='par_1_3' title="bbox 3580 418 3689 484">
     <span class='ocr_line' id='line_1_3' title="bbox 3580 418 3689 484; baseline 0.046 -5"><span class='ocrx_word' id='word_1_5' title='bbox 3580 418 3689 484; x_wconf 69' lang='lat'><strong>986</strong></span> 
     </span>
    </p>
   </div>
   <div class='ocr_carea' id='block_1_4' title="bbox 394 514 3685 596">
    <p class='ocr_par' dir='ltr' id='par_1_4' title="bbox 394 514 3685 596">
     <span class='ocr_line' id='line_1_4' title="bbox 394 514 3685 596; baseline 0.005 -26"><span class='ocrx_word' id='word_1_6' title='bbox 394 514 928 585; x_wconf 86' lang='lat' dir='ltr'><strong>Constantinopolim</strong></span> <span class='ocrx_word' id='word_1_7' title='bbox 959 514 1172 583; x_wconf 84' lang='lat' dir='ltr'><strong>tulisse,</strong></span> <span class='ocrx_word' id='word_1_8' title='bbox 1204 525 1256 571; x_wconf 84' lang='lat' dir='ltr'><strong>et</strong></span> <span class='ocrx_word' id='word_1_9' title='bbox 1289 526 1348 571; x_wconf 90' lang='lat' dir='ltr'><strong>ut</strong></span> <span class='ocrx_word' id='word_1_10' title='bbox 1378 533 1585 575; x_wconf 87' lang='lat' dir='ltr'><strong>merces</strong></span> <span class='ocrx_word' id='word_1_11' title='bbox 1622 535 1815 590; x_wconf 80' lang='lat' dir='ltr'><strong>parum</strong></span> <span class='ocrx_word' id='word_1_12' title='bbox 1858 537 1987 574; x_wconf 78' lang='lat' dir='ltr'><strong>wn-</strong></span> <span class='ocrx_word' id='word_1_13' title='bbox 2008 534 2061 583; x_wconf 75' lang='grc' dir='ltr'><strong>,Α</strong></span> <span class='ocrx_word' id='word_1_14' title='bbox 2094 525 2190 577; x_wconf 86' lang='lat' dir='ltr'><strong>sed</strong></span> <span class='ocrx_word' id='word_1_15' title='bbox 2230 521 2541 578; x_wconf 69' lang='lat' dir='ltr'><strong>certissime</strong></span> <span class='ocrx_word' id='word_1_16' title='bbox 2575 523 3061 592; x_wconf 77' lang='lat' dir='ltr'><strong>demonstremus;</strong></span> <span class='ocrx_word' id='word_1_17' title='bbox 3093 536 3256 596; x_wconf 90' lang='lat' dir='ltr'><strong>atque</strong></span> <span class='ocrx_word' id='word_1_18' title='bbox 3288 526 3424 583; x_wconf 85' lang='lat' dir='ltr'><strong>adeo</strong></span> <span class='ocrx_word' id='word_1_19' title='bbox 3459 527 3685 585; x_wconf 83' lang='lat' dir='ltr'><strong>Genna-</strong></span> 
     </span>
    </p>
   </div>
   <div class='ocr_carea' id='block_1_5' title="bbox 398 608 1982 675">
    <p class='ocr_par' dir='ltr' id='par_1_5' title="bbox 398 608 1982 675">
     <span class='ocr_line' id='line_1_5' title="bbox 398 608 1982 675; baseline 0.004 -13"><span class='ocrx_word' id='word_1_20' title='bbox 398 608 593 662; x_wconf 85' lang='lat' dir='ltr'><strong>dibiles</strong></span> <span class='ocrx_word' id='word_1_21' title='bbox 637 609 858 661; x_wconf 87' lang='lat' dir='ltr'><strong>domum</strong></span> <span class='ocrx_word' id='word_1_22' title='bbox 907 609 1176 663; x_wconf 86' lang='lat' dir='ltr'><strong>retulisse.</strong></span> <span class='ocrx_word' id='word_1_23' title='bbox 1227 609 1348 675; x_wconf 85' lang='lat' dir='ltr'><strong>Quo</strong></span> <span class='ocrx_word' id='word_1_24' title='bbox 1396 612 1544 665; x_wconf 89' lang='lat' dir='ltr'><strong>enim</strong></span> <span class='ocrx_word' id='word_1_25' title='bbox 1600 614 1759 668; x_wconf 84' lang='lat' dir='ltr'><strong>modo</strong></span> <span class='ocrx_word' id='word_1_26' title='bbox 1804 613 1982 668; x_wconf 66' lang='lat' dir='ltr'><strong>Graeci</strong></span> 
     </span>
    </p>
   </div>
   <div class='ocr_carea' id='block_1_6' title="bbox 401 699 1976 774">
    <p class='ocr_par' dir='ltr' id='par_1_6' title="bbox 401 699 1976 774">
     <span class='ocr_line' id='line_1_6' title="bbox 401 699 1976 774; baseline 0.003 -19"><span class='ocrx_word' id='word_1_27' title='bbox 401 700 597 755; x_wconf 82' lang='lat' dir='ltr'><strong>falsum</strong></span> <span class='ocrx_word' id='word_1_28' title='bbox 644 699 779 752; x_wconf 88' lang='lat' dir='ltr'><strong>illud</strong></span> <span class='ocrx_word' id='word_1_29' title='bbox 829 709 1064 768; x_wconf 83' lang='lat' dir='ltr'><strong>systema</strong></span> <span class='ocrx_word' id='word_1_30' title='bbox 1095 717 1204 754; x_wconf 91' lang='lat' dir='ltr'><strong>non</strong></span> <span class='ocrx_word' id='word_1_31' title='bbox 1255 707 1627 771; x_wconf 80' lang='lat' dir='ltr'><strong>ignorassent,</strong></span> <span class='ocrx_word' id='word_1_32' title='bbox 1666 704 1810 773; x_wconf 86' lang='lat' dir='ltr'><strong>quod</strong></span> <span class='ocrx_word' id='word_1_33' title='bbox 1839 719 1976 774; x_wconf 69' lang='lat' dir='ltr'><strong>prte-</strong></span> 
     </span>
    </p>
   </div>
   <div class='ocr_carea' id='block_1_7' title="bbox 403 790 1988 864">
    <p class='ocr_par' dir='ltr' id='par_1_7' title="bbox 403 790 1988 864">
     <span class='ocr_line' id='line_1_7' title="bbox 403 790 1988 864; baseline 0.003 -20"><span class='ocrx_word' id='word_1_34' title='bbox 403 799 649 860; x_wconf 89' lang='lat' dir='ltr'><strong>terquam</strong></span> <span class='ocrx_word' id='word_1_35' title='bbox 697 790 927 845; x_wconf 88' lang='lat' dir='ltr'><strong>Claudio</strong></span> <span class='ocrx_word' id='word_1_36' title='bbox 971 790 1026 844; x_wconf 92' lang='lat' dir='ltr'><strong>in</strong></span> <span class='ocrx_word' id='word_1_37' title='bbox 1069 791 1256 847; x_wconf 67' lang='lat' dir='ltr'><strong>Grmca</strong></span> <span class='ocrx_word' id='word_1_38' title='bbox 1292 793 1598 848; x_wconf 69' lang='lat' dir='ltr'><strong>litteratura</strong></span> <span class='ocrx_word' id='word_1_39' title='bbox 1648 795 1808 864; x_wconf 86' lang='lat' dir='ltr'><strong>plane</strong></span> <span class='ocrx_word' id='word_1_40' title='bbox 1859 794 1988 848; x_wconf 85' lang='lat' dir='ltr'><strong>hos-</strong></span> 
     </span>
    </p>
   </div>
   <div class='ocr_carea' id='block_1_8' title="bbox 400 881 1990 956">
    <p class='ocr_par' dir='ltr' id='par_1_8' title="bbox 400 881 1990 956">
     <span class='ocr_line' id='line_1_8' title="bbox 400 881 1990 956; baseline 0.005 -23"><span class='ocrx_word' id='word_1_41' title='bbox 400 883 520 952; x_wconf 86' lang='lat' dir='ltr'><strong>piti,</strong></span> <span class='ocrx_word' id='word_1_42' title='bbox 556 881 756 935; x_wconf 85' lang='lat' dir='ltr'><strong>nemini</strong></span> <span class='ocrx_word' id='word_1_43' title='bbox 788 896 1027 951; x_wconf 85' lang='lat' dir='ltr'><strong>unquam</strong></span> <span class='ocrx_word' id='word_1_44' title='bbox 1061 892 1283 938; x_wconf 91' lang='lat' dir='ltr'><strong>venerat</strong></span> <span class='ocrx_word' id='word_1_45' title='bbox 1316 888 1372 938; x_wconf 90' lang='lat' dir='ltr'><strong>in</strong></span> <span class='ocrx_word' id='word_1_46' title='bbox 1410 888 1692 941; x_wconf 84' lang='lat' dir='ltr'><strong>mentem?</strong></span> <span class='ocrx_word' id='word_1_47' title='bbox 1725 894 1824 941; x_wconf 90' lang='lat' dir='ltr'><strong>aut</strong></span> <span class='ocrx_word' id='word_1_48' title='bbox 1853 901 1990 956; x_wconf 81' lang='lat' dir='ltr'><strong>quo-</strong></span> 
     </span>
    </p>
   </div>
   <div class='ocr_carea' id='block_1_9' title="bbox 404 973 1993 1047">
    <p class='ocr_par' dir='ltr' id='par_1_9' title="bbox 404 973 1993 1047">
     <span class='ocr_line' id='line_1_9' title="bbox 404 973 1993 1047; baseline 0.002 -18"><span class='ocrx_word' id='word_1_49' title='bbox 404 975 563 1029; x_wconf 89' lang='lat' dir='ltr'><strong>modo</strong></span> <span class='ocrx_word' id='word_1_50' title='bbox 589 975 640 1027; x_wconf 89' lang='lat' dir='ltr'><strong>in</strong></span> <span class='ocrx_word' id='word_1_51' title='bbox 666 976 1003 1028; x_wconf 87' lang='lat' dir='ltr'><strong>contrariam</strong></span> <span class='ocrx_word' id='word_1_52' title='bbox 1035 973 1275 1030; x_wconf 84' lang='lat' dir='ltr'><strong>Decretis</strong></span> <span class='ocrx_word' id='word_1_53' title='bbox 1298 977 1658 1047; x_wconf 65' lang='lat' dir='ltr'><strong>synodalibus</strong></span> <span class='ocrx_word' id='word_1_54' title='bbox 1683 979 1822 1041; x_wconf 85' lang='lat' dir='ltr'><strong>suis,</strong></span> <span class='ocrx_word' id='word_1_55' title='bbox 1847 978 1993 1033; x_wconf 83' lang='lat' dir='ltr'><strong>Con-</strong></span> 
     </span>
    </p>
   </div>
   <div class='ocr_carea' id='block_1_10' title="bbox 405 1064 1989 1137">
    <p class='ocr_par' dir='ltr' id='par_1_10' title="bbox 405 1064 1989 1137">
     <span class='ocr_line' id='line_1_10' title="bbox 405 1064 1989 1137; baseline 0.003 -19"><span class='ocrx_word' id='word_1_56' title='bbox 405 1064 628 1120; x_wconf 86' lang='lat' dir='ltr'><strong>fessioni</strong></span> <span class='ocrx_word' id='word_1_57' title='bbox 662 1065 999 1130; x_wconf 80' lang='lat' dir='ltr'><strong>orthodoxae,</strong></span> <span class='ocrx_word' id='word_1_58' title='bbox 1040 1064 1367 1137; x_wconf 74' lang='lat' dir='ltr'><strong>disciplinae,</strong></span> <span class='ocrx_word' id='word_1_59' title='bbox 1409 1067 1690 1122; x_wconf 90' lang='lat' dir='ltr'><strong>communi</strong></span> <span class='ocrx_word' id='word_1_60' title='bbox 1719 1067 1989 1123; x_wconf 81' lang='lat' dir='ltr'><strong>doctrinae</strong></span> 
     </span>
    </p>
   </div>
   <div class='ocr_carea' id='block_1_11' title="bbox 403 1156 1983 1227">
    <p class='ocr_par' dir='ltr' id='par_1_11' title="bbox 403 1156 1983 1227">
     <span class='ocr_line' id='line_1_11' title="bbox 403 1156 1983 1227; baseline -0.001 -14"><span class='ocrx_word' id='word_1_61' title='bbox 403 1157 727 1213; x_wconf 74' lang='lat' dir='ltr'><strong>sententiam</strong></span> <span class='ocrx_word' id='word_1_62' title='bbox 757 1156 901 1209; x_wconf 90' lang='lat' dir='ltr'><strong>intra</strong></span> <span class='ocrx_word' id='word_1_63' title='bbox 945 1172 1149 1226; x_wconf 88' lang='lat' dir='ltr'><strong>paucos</strong></span> <span class='ocrx_word' id='word_1_64' title='bbox 1175 1173 1350 1214; x_wconf 89' lang='lat' dir='ltr'><strong>annos</strong></span> <span class='ocrx_word' id='word_1_65' title='bbox 1382 1159 1690 1214; x_wconf 86' lang='lat' dir='ltr'><strong>transducti</strong></span> <span class='ocrx_word' id='word_1_66' title='bbox 1721 1159 1983 1227; x_wconf 76' lang='lat' dir='ltr'><strong>fuissent,</strong></span> 
     </span>
    </p>
   </div>
   <div class='ocr_carea' id='block_1_12' title="bbox 406 1247 1985 1313">
    <p class='ocr_par' dir='ltr' id='par_1_12' title="bbox 406 1247 1985 1313">
     <span class='ocr_line' id='line_1_12' title="bbox 406 1247 1985 1313; baseline 0.003 -11"><span class='ocrx_word' id='word_1_67' title='bbox 406 1248 624 1302; x_wconf 83' lang='lat' dir='ltr'><strong>nemine</strong></span> <span class='ocrx_word' id='word_1_68' title='bbox 669 1247 1105 1313; x_wconf 83' lang='lat' dir='ltr'><strong>contradicente,</strong></span> <span class='ocrx_word' id='word_1_69' title='bbox 1170 1259 1265 1303; x_wconf 88' lang='lat' dir='ltr'><strong>aut</strong></span> <span class='ocrx_word' id='word_1_70' title='bbox 1312 1250 1830 1306; x_wconf 85' lang='lat' dir='ltr'><strong>animadvertente?</strong></span> <span class='ocrx_word' id='word_1_71' title='bbox 1882 1250 1985 1306; x_wconf 88' lang='lat' dir='ltr'><strong>Sed</strong></span> 
     </span>
    </p>
   </div>
   <div class='ocr_carea' id='block_1_13' title="bbox 405 1337 1987 1414">
    <p class='ocr_par' dir='ltr' id='par_1_13' title="bbox 405 1337 1987 1414">
     <span class='ocr_line' id='line_1_13' title="bbox 405 1337 1987 1414; baseline 0.002 -19"><span class='ocrx_word' id='word_1_72' title='bbox 405 1339 538 1395; x_wconf 81' lang='lat' dir='ltr'><strong>satis</strong></span> <span class='ocrx_word' id='word_1_73' title='bbox 571 1337 852 1394; x_wconf 78' lang='lat' dir='ltr'><strong>confutata</strong></span> <span class='ocrx_word' id='word_1_74' title='bbox 888 1347 1019 1395; x_wconf 93' lang='lat' dir='ltr'><strong>sunt</strong></span> <span class='ocrx_word' id='word_1_75' title='bbox 1081 1340 1196 1395; x_wconf 71' lang='lat' dir='ltr'><strong>haec</strong></span> <span class='ocrx_word' id='word_1_76' title='bbox 1236 1342 1421 1414; x_wconf 84' lang='lat' dir='ltr'><strong>omnia</strong></span> <span class='ocrx_word' id='word_1_77' title='bbox 1464 1341 1747 1412; x_wconf 75' lang='lat' dir='ltr'><strong>paradoxa</strong></span> <span class='ocrx_word' id='word_1_78' title='bbox 1790 1346 1860 1398; x_wconf 89' lang='lat' dir='ltr'><strong>ab</strong></span> <span class='ocrx_word' id='word_1_79' title='bbox 1886 1344 1987 1398; x_wconf 88' lang='lat' dir='ltr'><strong>ad-</strong></span> 
     </span>
    </p>
   </div>
   <div class='ocr_carea' id='block_1_14' title="bbox 404 1434 1984 1507">
    <p class='ocr_par' dir='ltr' id='par_1_14' title="bbox 404 1434 1984 1507">
     <span class='ocr_line' id='line_1_14' title="bbox 404 1434 1984 1507; baseline 0.004 -21"><span class='ocrx_word' id='word_1_80' title='bbox 404 1436 647 1489; x_wconf 88' lang='lat' dir='ltr'><strong>versario</strong></span> <span class='ocrx_word' id='word_1_81' title='bbox 709 1434 1059 1500; x_wconf 90' lang='lat' dir='ltr'><strong>doctissimo,</strong></span> <span class='ocrx_word' id='word_1_82' title='bbox 1119 1450 1299 1507; x_wconf 90' lang='lat' dir='ltr'><strong>neque</strong></span> <span class='ocrx_word' id='word_1_83' title='bbox 1335 1437 1429 1492; x_wconf 89' lang='lat' dir='ltr'><strong>illa</strong></span> <span class='ocrx_word' id='word_1_84' title='bbox 1473 1437 1700 1493; x_wconf 81' lang='lat' dir='ltr'><strong>uberius</strong></span> <span class='ocrx_word' id='word_1_85' title='bbox 1734 1438 1984 1494; x_wconf 85' lang='lat' dir='ltr'><strong>refellen-</strong></span> 
     </span>
    </p>
   </div>
   <div class='ocr_carea' id='block_1_15' title="bbox 405 1524 1982 1601">
    <p class='ocr_par' dir='ltr' id='par_1_15' title="bbox 405 1524 1982 1601">
     <span class='ocr_line' id='line_1_15' title="bbox 405 1524 1982 1601; baseline 0.004 -22"><span class='ocrx_word' id='word_1_86' title='bbox 405 1524 458 1580; x_wconf 91' lang='lat' dir='ltr'><strong>di</strong></span> <span class='ocrx_word' id='word_1_87' title='bbox 485 1541 649 1581; x_wconf 89' lang='lat' dir='ltr'><strong>causa</strong></span> <span class='ocrx_word' id='word_1_88' title='bbox 679 1527 785 1580; x_wconf 90' lang='lat' dir='ltr'><strong>ulla</strong></span> <span class='ocrx_word' id='word_1_89' title='bbox 824 1525 985 1593; x_wconf 89' lang='lat' dir='ltr'><strong>foret,</strong></span> <span class='ocrx_word' id='word_1_90' title='bbox 1017 1527 1121 1583; x_wconf 90' lang='lat' dir='ltr'><strong>nisi</strong></span> <span class='ocrx_word' id='word_1_91' title='bbox 1154 1529 1687 1586; x_wconf 82' lang='lat' dir='ltr'><strong>animadverteretur</strong></span> <span class='ocrx_word' id='word_1_92' title='bbox 1713 1534 1982 1601; x_wconf 74' lang='lat' dir='ltr'><strong>quotidie,</strong></span> 
     </span>
    </p>
   </div>
   <div class='ocr_carea' id='block_1_16' title="bbox 406 1616 1985 1691">
    <p class='ocr_par' dir='ltr' id='par_1_16' title="bbox 406 1616 1985 1691">
     <span class='ocr_line' id='line_1_16' title="bbox 406 1616 1985 1691; baseline 0.002 -19"><span class='ocrx_word' id='word_1_93' title='bbox 406 1616 542 1672; x_wconf 90' lang='lat' dir='ltr'><strong>nihil</strong></span> <span class='ocrx_word' id='word_1_94' title='bbox 572 1625 678 1671; x_wconf 90' lang='lat' dir='ltr'><strong>tam</strong></span> <span class='ocrx_word' id='word_1_95' title='bbox 715 1616 1011 1672; x_wconf 88' lang='lat' dir='ltr'><strong>absurdum</strong></span> <span class='ocrx_word' id='word_1_96' title='bbox 1052 1625 1149 1671; x_wconf 91' lang='lat' dir='ltr'><strong>aut</strong></span> <span class='ocrx_word' id='word_1_97' title='bbox 1172 1617 1367 1673; x_wconf 83' lang='lat' dir='ltr'><strong>falsum</strong></span> <span class='ocrx_word' id='word_1_98' title='bbox 1392 1634 1422 1674; x_wconf 90' lang='lat' dir='ltr'><strong>a</strong></span> <span class='ocrx_word' id='word_1_99' title='bbox 1446 1635 1720 1691; x_wconf 88' lang='lat' dir='ltr'><strong>quoquam</strong></span> <span class='ocrx_word' id='word_1_100' title='bbox 1757 1621 1985 1691; x_wconf 79' lang='lat' dir='ltr'><strong>alicujus</strong></span> 
     </span>
    </p>
   </div>
   <div class='ocr_carea' id='block_1_17' title="bbox 410 1696 1983 1781">
    <p class='ocr_par' dir='ltr' id='par_1_17' title="bbox 410 1696 1983 1781">
     <span class='ocr_line' id='line_1_17' title="bbox 410 1696 1983 1781; baseline 0.003 -19"><span class='ocrx_word' id='word_1_101' title='bbox 410 1708 649 1763; x_wconf 89' lang='lat' dir='ltr'><strong>nominis</strong></span> <span class='ocrx_word' id='word_1_102' title='bbox 666 1708 962 1764; x_wconf 79' lang='lat' dir='ltr'><strong>Calvinista</strong></span> <span class='ocrx_word' id='word_1_103' title='bbox 982 1696 1234 1764; x_wconf 70' lang='lat' dir='ltr'><strong>allirniari</strong></span> <span class='ocrx_word' id='word_1_104' title='bbox 1251 1725 1439 1780; x_wconf 85' lang='lat' dir='ltr'><strong>posse,</strong></span> <span class='ocrx_word' id='word_1_105' title='bbox 1467 1713 1613 1781; x_wconf 89' lang='lat' dir='ltr'><strong>quod</strong></span> <span class='ocrx_word' id='word_1_106' title='bbox 1663 1729 1770 1767; x_wconf 87' lang='lat' dir='ltr'><strong>non</strong></span> <span class='ocrx_word' id='word_1_107' title='bbox 1799 1714 1983 1767; x_wconf 86' lang='lat' dir='ltr'><strong>statim</strong></span> 
     </span>
    </p>
   </div>
   <div class='ocr_carea' id='block_1_18' title="bbox 405 1799 1984 1876">
    <p class='ocr_par' dir='ltr' id='par_1_18' title="bbox 405 1799 1984 1876">
     <span class='ocr_line' id='line_1_18' title="bbox 405 1799 1984 1876; baseline 0.004 -22"><span class='ocrx_word' id='word_1_108' title='bbox 405 1799 716 1855; x_wconf 87' lang='lat' dir='ltr'><strong>laudatores</strong></span> <span class='ocrx_word' id='word_1_109' title='bbox 739 1800 989 1856; x_wconf 82' lang='lat' dir='ltr'><strong>credulos</strong></span> <span class='ocrx_word' id='word_1_110' title='bbox 1008 1802 1270 1869; x_wconf 83' lang='lat' dir='ltr'><strong>inveniat,</strong></span> <span class='ocrx_word' id='word_1_111' title='bbox 1319 1818 1551 1873; x_wconf 79' lang='lat' dir='ltr'><strong>moxque</strong></span> <span class='ocrx_word' id='word_1_112' title='bbox 1572 1806 1712 1875; x_wconf 84' lang='lat' dir='ltr'><strong>apud</strong></span> <span class='ocrx_word' id='word_1_113' title='bbox 1750 1806 1984 1876; x_wconf 84' lang='lat' dir='ltr'><strong>reliquos</strong></span> 
     </span>
    </p>
   </div>
   <div class='ocr_carea' id='block_1_19' title="bbox 406 1874 2062 1967">
    <p class='ocr_par' dir='ltr' id='par_1_19' title="bbox 406 1874 2062 1967">
     <span class='ocr_line' id='line_1_19' title="bbox 406 1874 2062 1967; baseline 0.002 -20"><span class='ocrx_word' id='word_1_114' title='bbox 406 1900 648 1947; x_wconf 86' lang='lat' dir='ltr'><strong>transeat</strong></span> <span class='ocrx_word' id='word_1_115' title='bbox 697 1893 1101 1963; x_wconf 82' lang='lat' dir='ltr'><strong>quodammodo</strong></span> <span class='ocrx_word' id='word_1_116' title='bbox 1121 1894 1174 1949; x_wconf 89' lang='lat' dir='ltr'><strong>in</strong></span> <span class='ocrx_word' id='word_1_117' title='bbox 1204 1910 1315 1949; x_wconf 90' lang='lat' dir='ltr'><strong>rem</strong></span> <span class='ocrx_word' id='word_1_118' title='bbox 1337 1896 1658 1967; x_wconf 74' lang='lat' dir='ltr'><strong>judicatam.</strong></span> <span class='ocrx_word' id='word_1_119' title='bbox 1680 1896 1815 1952; x_wconf 89' lang='lat' dir='ltr'><strong>Nam</strong></span> <span class='ocrx_word' id='word_1_120' title='bbox 1838 1915 1987 1951; x_wconf 88' lang='lat' dir='ltr'><strong>men-</strong></span> <span class='ocrx_word' id='word_1_121' title='bbox 2024 1874 2062 1927; x_wconf 71' lang='grc' dir='ltr'><strong><em>Β</em></strong></span> 
     </span>
    </p>
   </div>
   <div class='ocr_carea' id='block_1_20' title="bbox 407 1985 1984 2059">
    <p class='ocr_par' dir='ltr' id='par_1_20' title="bbox 407 1985 1984 2059">
     <span class='ocr_line' id='line_1_20' title="bbox 407 1985 1984 2059; baseline 0.001 -19"><span class='ocrx_word' id='word_1_122' title='bbox 407 1985 621 2040; x_wconf 78' lang='lat' dir='ltr'><strong>dacium</strong></span> <span class='ocrx_word' id='word_1_123' title='bbox 661 1986 793 2040; x_wconf 90' lang='lat' dir='ltr'><strong>illud</strong></span> <span class='ocrx_word' id='word_1_124' title='bbox 834 1992 1028 2051; x_wconf 89' lang='lat' dir='ltr'><strong>totum,</strong></span> <span class='ocrx_word' id='word_1_125' title='bbox 1076 1986 1141 2042; x_wconf 88' lang='lat' dir='ltr'><strong>de</strong></span> <span class='ocrx_word' id='word_1_126' title='bbox 1174 1987 1381 2042; x_wconf 72' lang='lat' dir='ltr'><strong>Graecis</strong></span> <span class='ocrx_word' id='word_1_127' title='bbox 1428 1989 1561 2042; x_wconf 84' lang='lat' dir='ltr'><strong>nihil</strong></span> <span class='ocrx_word' id='word_1_128' title='bbox 1600 1989 1779 2045; x_wconf 87' lang='lat' dir='ltr'><strong>minus</strong></span> <span class='ocrx_word' id='word_1_129' title='bbox 1820 2006 1984 2059; x_wconf 91' lang='lat' dir='ltr'><strong>quam</strong></span> 
     </span>
    </p>
   </div>
   <div class='ocr_carea' id='block_1_21' title="bbox 408 2079 1992 2151">
    <p class='ocr_par' dir='ltr' id='par_1_21' title="bbox 408 2079 1992 2151">
     <span class='ocr_line' id='line_1_21' title="bbox 408 2079 1992 2151; baseline 0.003 -19"><span class='ocrx_word' id='word_1_130' title='bbox 408 2080 607 2133; x_wconf 85' lang='lat' dir='ltr'><strong>realem</strong></span> <span class='ocrx_word' id='word_1_131' title='bbox 642 2079 987 2148; x_wconf 86' lang='lat' dir='ltr'><strong>praesentiam</strong></span> <span class='ocrx_word' id='word_1_132' title='bbox 1037 2081 1825 2151; x_wconf 82' lang='lat' dir='ltr'><strong>transsubstantiationemque</strong></span> <span class='ocrx_word' id='word_1_133' title='bbox 1872 2098 1992 2136; x_wconf 82' lang='lat' dir='ltr'><strong>rre-</strong></span> 
     </span>
    </p>
   </div>
   <div class='ocr_carea' id='block_1_22' title="bbox 411 2168 1994 2246">
    <p class='ocr_par' dir='ltr' id='par_1_22' title="bbox 411 2168 1994 2246">
     <span class='ocr_line' id='line_1_22' title="bbox 411 2168 1994 2246; baseline 0.003 -22"><span class='ocrx_word' id='word_1_134' title='bbox 411 2170 686 2233; x_wconf 89' lang='lat' dir='ltr'><strong>dentibus,</strong></span> <span class='ocrx_word' id='word_1_135' title='bbox 714 2170 808 2225; x_wconf 87' lang='lat' dir='ltr'><strong>sed</strong></span> <span class='ocrx_word' id='word_1_136' title='bbox 836 2185 955 2225; x_wconf 91' lang='lat' dir='ltr'><strong>eam</strong></span> <span class='ocrx_word' id='word_1_137' title='bbox 991 2168 1150 2224; x_wconf 84' lang='lat' dir='ltr'><strong>fidem</strong></span> <span class='ocrx_word' id='word_1_138' title='bbox 1189 2173 1674 2243; x_wconf 88' lang='lat' dir='ltr'><strong>amplectentibus,</strong></span> <span class='ocrx_word' id='word_1_139' title='bbox 1704 2187 1864 2242; x_wconf 81' lang='lat' dir='ltr'><strong>quam</strong></span> <span class='ocrx_word' id='word_1_140' title='bbox 1889 2172 1994 2246; x_wconf 87' lang='lat' dir='ltr'><strong>Cy-</strong></span> 
     </span>
    </p>
   </div>
   <div class='ocr_carea' id='block_1_23' title="bbox 411 2260 1995 2333">
    <p class='ocr_par' dir='ltr' id='par_1_23' title="bbox 411 2260 1995 2333">
     <span class='ocr_line' id='line_1_23' title="bbox 411 2260 1995 2333; baseline 0.004 -18"><span class='ocrx_word' id='word_1_141' title='bbox 411 2261 570 2316; x_wconf 89' lang='lat' dir='ltr'><strong>rillns</strong></span> <span class='ocrx_word' id='word_1_142' title='bbox 601 2276 702 2317; x_wconf 87' lang='lat' dir='ltr'><strong>sua</strong></span> <span class='ocrx_word' id='word_1_143' title='bbox 732 2260 1097 2319; x_wconf 79' lang='lat' dir='ltr'><strong>Confessione</strong></span> <span class='ocrx_word' id='word_1_144' title='bbox 1146 2263 1424 2333; x_wconf 75' lang='lat' dir='ltr'><strong>eXposuit,</strong></span> <span class='ocrx_word' id='word_1_145' title='bbox 1460 2279 1489 2319; x_wconf 89' lang='lat' dir='ltr'><strong>a</strong></span> <span class='ocrx_word' id='word_1_146' title='bbox 1525 2263 1756 2320; x_wconf 89' lang='lat' dir='ltr'><strong>Claudio</strong></span> <span class='ocrx_word' id='word_1_147' title='bbox 1791 2265 1995 2321; x_wconf 80' lang='lat' dir='ltr'><strong>confla-</strong></span> 
     </span>
    </p>
   </div>
   <div class='ocr_carea' id='block_1_24' title="bbox 415 2353 1991 2427">
    <p class='ocr_par' dir='ltr' id='par_1_24' title="bbox 415 2353 1991 2427">
     <span class='ocr_line' id='line_1_24' title="bbox 415 2353 1991 2427; baseline 0.002 -19"><span class='ocrx_word' id='word_1_148' title='bbox 415 2364 530 2408; x_wconf 92' lang='lat' dir='ltr'><strong>tum</strong></span> <span class='ocrx_word' id='word_1_149' title='bbox 573 2360 676 2416; x_wconf 87' lang='lat' dir='ltr'><strong>est,</strong></span> <span class='ocrx_word' id='word_1_150' title='bbox 721 2353 1129 2418; x_wconf 74' lang='lat' dir='ltr'><strong>dissimulante,</strong></span> <span class='ocrx_word' id='word_1_151' title='bbox 1170 2353 1258 2409; x_wconf 83' lang='lat' dir='ltr'><strong>vel</strong></span> <span class='ocrx_word' id='word_1_152' title='bbox 1290 2355 1575 2426; x_wconf 72' lang='lat' dir='ltr'><strong>ignorante</strong></span> <span class='ocrx_word' id='word_1_153' title='bbox 1604 2356 1790 2423; x_wconf 83' lang='lat' dir='ltr'><strong>potius</strong></span> <span class='ocrx_word' id='word_1_154' title='bbox 1826 2372 1991 2427; x_wconf 87' lang='lat' dir='ltr'><strong>quam</strong></span> 
     </span>
    </p>
   </div>
   <div class='ocr_carea' id='block_1_25' title="bbox 413 2445 1997 2509">
    <p class='ocr_par' dir='ltr' id='par_1_25' title="bbox 413 2445 1997 2509">
     <span class='ocr_line' id='line_1_25' title="bbox 413 2445 1997 2509; baseline 0.001 -7"><span class='ocrx_word' id='word_1_155' title='bbox 413 2447 688 2502; x_wconf 87' lang='lat' dir='ltr'><strong>diversum</strong></span> <span class='ocrx_word' id='word_1_156' title='bbox 725 2446 865 2500; x_wconf 88' lang='lat' dir='ltr'><strong>foret</strong></span> <span class='ocrx_word' id='word_1_157' title='bbox 895 2459 1004 2500; x_wconf 91' lang='lat' dir='ltr'><strong>non</strong></span> <span class='ocrx_word' id='word_1_158' title='bbox 1036 2445 1351 2502; x_wconf 66' lang='lat' dir='ltr'><strong>Graecorum</strong></span> <span class='ocrx_word' id='word_1_159' title='bbox 1388 2446 1575 2509; x_wconf 85' lang='lat' dir='ltr'><strong>modo,</strong></span> <span class='ocrx_word' id='word_1_160' title='bbox 1610 2449 1706 2502; x_wconf 90' lang='lat' dir='ltr'><strong>sed</strong></span> <span class='ocrx_word' id='word_1_161' title='bbox 1737 2448 1997 2507; x_wconf 91' lang='lat' dir='ltr'><strong>doctissi-</strong></span> 
     </span>
    </p>
   </div>
   <div class='ocr_carea' id='block_1_26' title="bbox 414 2539 1998 2598">
    <p class='ocr_par' dir='ltr' id='par_1_26' title="bbox 414 2539 1998 2598">
     <span class='ocr_line' id='line_1_26' title="bbox 414 2539 1998 2598; baseline 0.001 -1"><span class='ocrx_word' id='word_1_162' title='bbox 414 2556 623 2597; x_wconf 84' lang='lat' dir='ltr'><strong>morum</strong></span> <span class='ocrx_word' id='word_1_163' title='bbox 664 2539 828 2595; x_wconf 84' lang='lat' dir='ltr'><strong>etiam</strong></span> <span class='ocrx_word' id='word_1_164' title='bbox 874 2547 1028 2594; x_wconf 78' lang='lat' dir='ltr'><strong>extra</strong></span> <span class='ocrx_word' id='word_1_165' title='bbox 1069 2539 1375 2594; x_wconf 81' lang='lat' dir='ltr'><strong>Romanam</strong></span> <span class='ocrx_word' id='word_1_166' title='bbox 1425 2542 1875 2597; x_wconf 81' lang='lat' dir='ltr'><strong>communionem</strong></span> <span class='ocrx_word' id='word_1_167' title='bbox 1929 2543 1998 2598; x_wconf 86' lang='lat' dir='ltr'><strong>de</strong></span> 
     </span>
    </p>
   </div>
   <div class='ocr_carea' id='block_1_27' title="bbox 414 2628 1998 2701">
    <p class='ocr_par' dir='ltr' id='par_1_27' title="bbox 414 2628 1998 2701">
     <span class='ocr_line' id='line_1_27' title="bbox 414 2628 1998 2701; baseline -0.001 -12"><span class='ocrx_word' id='word_1_168' title='bbox 414 2632 600 2689; x_wconf 86' lang='lat' dir='ltr'><strong>eadem</strong></span> <span class='ocrx_word' id='word_1_169' title='bbox 632 2629 927 2701; x_wconf 86' lang='lat' dir='ltr'><strong>judicium.</strong></span> <span class='ocrx_word' id='word_1_170' title='bbox 968 2628 1250 2686; x_wconf 88' lang='lat' dir='ltr'><strong>Creditum</strong></span> <span class='ocrx_word' id='word_1_171' title='bbox 1292 2629 1347 2684; x_wconf 91' lang='lat' dir='ltr'><strong>id</strong></span> <span class='ocrx_word' id='word_1_172' title='bbox 1382 2629 1555 2686; x_wconf 88' lang='lat' dir='ltr'><strong>fuisse</strong></span> <span class='ocrx_word' id='word_1_173' title='bbox 1598 2631 1668 2686; x_wconf 87' lang='lat' dir='ltr'><strong>ab</strong></span> <span class='ocrx_word' id='word_1_174' title='bbox 1702 2631 1998 2688; x_wconf 84' lang='lat' dir='ltr'><strong>illitteratis</strong></span> 
     </span>
    </p>
   </div>
   <div class='ocr_carea' id='block_1_28' title="bbox 418 2720 2000 2792">
    <p class='ocr_par' dir='ltr' id='par_1_28' title="bbox 418 2720 2000 2792">
     <span class='ocr_line' id='line_1_28' title="bbox 418 2720 2000 2792; baseline -0.002 -12"><span class='ocrx_word' id='word_1_175' title='bbox 418 2738 485 2780; x_wconf 82' lang='lat' dir='ltr'><strong>ex</strong></span> <span class='ocrx_word' id='word_1_176' title='bbox 523 2722 642 2792; x_wconf 83' lang='lat' dir='ltr'><strong>ejus</strong></span> <span class='ocrx_word' id='word_1_177' title='bbox 690 2729 861 2785; x_wconf 88' lang='lat' dir='ltr'><strong>secta,</strong></span> <span class='ocrx_word' id='word_1_178' title='bbox 901 2736 1063 2775; x_wconf 91' lang='lat' dir='ltr'><strong>nemo</strong></span> <span class='ocrx_word' id='word_1_179' title='bbox 1105 2720 1400 2775; x_wconf 85' lang='lat' dir='ltr'><strong>mirabitur</strong></span> <span class='ocrx_word' id='word_1_180' title='bbox 1437 2739 1450 2774; x_wconf 92' lang='lat'><strong>:</strong></span> <span class='ocrx_word' id='word_1_181' title='bbox 1492 2721 1618 2791; x_wconf 91' lang='lat' dir='ltr'><strong>quis</strong></span> <span class='ocrx_word' id='word_1_182' title='bbox 1658 2723 2000 2778; x_wconf 78' lang='lat' dir='ltr'><strong>existimaret</strong></span> 
     </span>
    </p>
   </div>
   <div class='ocr_carea' id='block_1_29' title="bbox 420 2812 2001 2872">
    <p class='ocr_par' dir='ltr' id='par_1_29' title="bbox 420 2812 2001 2872">
     <span class='ocr_line' id='line_1_29' title="bbox 420 2812 2001 2872; baseline 0 0"><span class='ocrx_word' id='word_1_183' title='bbox 420 2816 563 2872; x_wconf 79' lang='lat' dir='ltr'><strong>enim</strong></span> <span class='ocrx_word' id='word_1_184' title='bbox 598 2815 746 2871; x_wconf 89' lang='lat' dir='ltr'><strong>verbi</strong></span> <span class='ocrx_word' id='word_1_185' title='bbox 791 2813 963 2869; x_wconf 83' lang='lat' dir='ltr'><strong>divini</strong></span> <span class='ocrx_word' id='word_1_186' title='bbox 1008 2812 1323 2869; x_wconf 89' lang='lat' dir='ltr'><strong>ministrum</strong></span> <span class='ocrx_word' id='word_1_187' title='bbox 1361 2814 1414 2868; x_wconf 91' lang='lat' dir='ltr'><strong>in</strong></span> <span class='ocrx_word' id='word_1_188' title='bbox 1464 2829 1522 2867; x_wconf 89' lang='lat' dir='ltr'><strong>re</strong></span> <span class='ocrx_word' id='word_1_189' title='bbox 1570 2823 1676 2868; x_wconf 89' lang='lat' dir='ltr'><strong>tam</strong></span> <span class='ocrx_word' id='word_1_190' title='bbox 1717 2816 1860 2870; x_wconf 86' lang='lat' dir='ltr'><strong>seria</strong></span> <span class='ocrx_word' id='word_1_191' title='bbox 1906 2825 2001 2872; x_wconf 89' lang='lat' dir='ltr'><strong>aut</strong></span> 
     </span>
    </p>
   </div>
   <div class='ocr_carea' id='block_1_30' title="bbox 418 2904 1997 2977">
    <p class='ocr_par' dir='ltr' id='par_1_30' title="bbox 418 2904 1997 2977">
     <span class='ocr_line' id='line_1_30' title="bbox 418 2904 1997 2977; baseline -0.001 -14"><span class='ocrx_word' id='word_1_192' title='bbox 418 2908 701 2977; x_wconf 81' lang='lat' dir='ltr'><strong>ignorasse</strong></span> <span class='ocrx_word' id='word_1_193' title='bbox 766 2904 910 2976; x_wconf 88' lang='lat' dir='ltr'><strong>quod</strong></span> <span class='ocrx_word' id='word_1_194' title='bbox 949 2904 1237 2970; x_wconf 80' lang='lat' dir='ltr'><strong>scriberet,</strong></span> <span class='ocrx_word' id='word_1_195' title='bbox 1276 2913 1373 2960; x_wconf 90' lang='lat' dir='ltr'><strong>aut</strong></span> <span class='ocrx_word' id='word_1_196' title='bbox 1413 2904 1559 2974; x_wconf 91' lang='lat' dir='ltr'><strong>quod</strong></span> <span class='ocrx_word' id='word_1_197' title='bbox 1599 2905 1997 2976; x_wconf 89' lang='lat' dir='ltr'><strong>incompertum</strong></span> 
     </span>
    </p>
   </div>
   <div class='ocr_carea' id='block_1_31' title="bbox 418 2995 2001 3063">
    <p class='ocr_par' dir='ltr' id='par_1_31' title="bbox 418 2995 2001 3063">
     <span class='ocr_line' id='line_1_31' title="bbox 418 2995 2001 3063; baseline -0.001 -9"><span class='ocrx_word' id='word_1_198' title='bbox 418 3000 523 3054; x_wconf 80' lang='lat' dir='ltr'><strong>sibi</strong></span> <span class='ocrx_word' id='word_1_199' title='bbox 567 2999 725 3063; x_wconf 89' lang='lat' dir='ltr'><strong>foret,</strong></span> <span class='ocrx_word' id='word_1_200' title='bbox 755 3007 866 3052; x_wconf 90' lang='lat' dir='ltr'><strong>tam</strong></span> <span class='ocrx_word' id='word_1_201' title='bbox 918 3004 1069 3052; x_wconf 90' lang='lat' dir='ltr'><strong>certo</strong></span> <span class='ocrx_word' id='word_1_202' title='bbox 1100 2995 1445 3054; x_wconf 80' lang='lat' dir='ltr'><strong>affirmasse?</strong></span> <span class='ocrx_word' id='word_1_203' title='bbox 1480 2996 1643 3053; x_wconf 73' lang='lat' dir='ltr'><strong>Redit</strong></span> <span class='ocrx_word' id='word_1_204' title='bbox 1670 2999 1808 3054; x_wconf 89' lang='lat' dir='ltr'><strong>alter</strong></span> <span class='ocrx_word' id='word_1_205' title='bbox 1851 2997 2001 3054; x_wconf 86' lang='lat' dir='ltr'><strong>Con-</strong></span> 
     </span>
    </p>
   </div>
   <div class='ocr_carea' id='block_1_32' title="bbox 422 3089 2004 3162">
    <p class='ocr_par' dir='ltr' id='par_1_32' title="bbox 422 3089 2004 3162">
     <span class='ocr_line' id='line_1_32' title="bbox 422 3089 2004 3162; baseline 0.001 -16"><span class='ocrx_word' id='word_1_206' title='bbox 422 3090 795 3162; x_wconf 82' lang='lat' dir='ltr'><strong>stantinOpoli,</strong></span> <span class='ocrx_word' id='word_1_207' title='bbox 818 3099 866 3146; x_wconf 90' lang='lat' dir='ltr'><strong>et</strong></span> <span class='ocrx_word' id='word_1_208' title='bbox 892 3105 1012 3160; x_wconf 69' lang='lat' dir='ltr'><strong>qua:</strong></span> <span class='ocrx_word' id='word_1_209' title='bbox 1033 3089 1299 3145; x_wconf 88' lang='lat' dir='ltr'><strong>Claudius</strong></span> <span class='ocrx_word' id='word_1_210' title='bbox 1327 3089 1691 3146; x_wconf 75' lang='lat' dir='ltr'><strong>affirmaverat</strong></span> <span class='ocrx_word' id='word_1_211' title='bbox 1719 3092 1897 3147; x_wconf 86' lang='lat' dir='ltr'><strong>oculis</strong></span> <span class='ocrx_word' id='word_1_212' title='bbox 1944 3107 2004 3147; x_wconf 90' lang='lat' dir='ltr'><strong>se</strong></span> 
     </span>
    </p>
   </div>
   <div class='ocr_carea' id='block_1_33' title="bbox 419 3182 2004 3253">
    <p class='ocr_par' dir='ltr' id='par_1_33' title="bbox 419 3182 2004 3253">
     <span class='ocr_line' id='line_1_33' title="bbox 419 3182 2004 3253; baseline -0.001 -15"><span class='ocrx_word' id='word_1_213' title='bbox 419 3184 624 3240; x_wconf 79' lang='lat' dir='ltr'><strong>vidisse</strong></span> <span class='ocrx_word' id='word_1_214' title='bbox 648 3191 701 3239; x_wconf 87' lang='lat' dir='ltr'><strong>et</strong></span> <span class='ocrx_word' id='word_1_215' title='bbox 725 3184 915 3238; x_wconf 83' lang='lat' dir='ltr'><strong>auditu</strong></span> <span class='ocrx_word' id='word_1_216' title='bbox 948 3183 1231 3253; x_wconf 85' lang='lat' dir='ltr'><strong>accepisse</strong></span> <span class='ocrx_word' id='word_1_217' title='bbox 1262 3183 1441 3238; x_wconf 89' lang='lat' dir='ltr'><strong>tribus</strong></span> <span class='ocrx_word' id='word_1_218' title='bbox 1467 3182 1663 3238; x_wconf 88' lang='lat' dir='ltr'><strong>libellis</strong></span> <span class='ocrx_word' id='word_1_219' title='bbox 1685 3183 2004 3239; x_wconf 86' lang='lat' dir='ltr'><strong>editis-con-</strong></span> 
     </span>
    </p>
   </div>
   <div class='ocr_carea' id='block_1_34' title="bbox 421 3275 1999 3345">
    <p class='ocr_par' dir='ltr' id='par_1_34' title="bbox 421 3275 1999 3345">
     <span class='ocr_line' id='line_1_34' title="bbox 421 3275 1999 3345; baseline -0.003 -13"><span class='ocrx_word' id='word_1_220' title='bbox 421 3287 669 3334; x_wconf 81' lang='lat' dir='ltr'><strong>testatur.</strong></span> <span class='ocrx_word' id='word_1_221' title='bbox 730 3276 844 3334; x_wconf 84' lang='lat' dir='ltr'><strong>Nos</strong></span> <span class='ocrx_word' id='word_1_222' title='bbox 915 3275 1175 3332; x_wconf 88' lang='lat' dir='ltr'><strong>catholici</strong></span> <span class='ocrx_word' id='word_1_223' title='bbox 1233 3276 1672 3345; x_wconf 84' lang='lat' dir='ltr'><strong>patriarcharum</strong></span> <span class='ocrx_word' id='word_1_224' title='bbox 1729 3276 1999 3340; x_wconf 90' lang='lat' dir='ltr'><strong>omnium,</strong></span> 
     </span>
    </p>
   </div>
   <div class='ocr_carea' id='block_1_35' title="bbox 422 3365 2003 3441">
    <p class='ocr_par' dir='ltr' id='par_1_35' title="bbox 422 3365 2003 3441">
     <span class='ocr_line' id='line_1_35' title="bbox 422 3365 2003 3441; baseline -0.004 -16"><span class='ocrx_word' id='word_1_225' title='bbox 422 3370 890 3441; x_wconf 89' lang='lat' dir='ltr'><strong>metropolitarum</strong></span> <span class='ocrx_word' id='word_1_226' title='bbox 925 3379 980 3425; x_wconf 90' lang='lat' dir='ltr'><strong>et</strong></span> <span class='ocrx_word' id='word_1_227' title='bbox 1021 3369 1258 3424; x_wconf 86' lang='lat' dir='ltr'><strong>aliorum</strong></span> <span class='ocrx_word' id='word_1_228' title='bbox 1307 3368 1803 3423; x_wconf 85' lang='lat' dir='ltr'><strong>ecclesiasticorum</strong></span> <span class='ocrx_word' id='word_1_229' title='bbox 1851 3365 2003 3420; x_wconf 88' lang='lat' dir='ltr'><strong>testi-</strong></span> 
     </span>
    </p>
   </div>
   <div class='ocr_carea' id='block_1_36' title="bbox 422 3458 2000 3534">
    <p class='ocr_par' dir='ltr' id='par_1_36' title="bbox 422 3458 2000 3534">
     <span class='ocr_line' id='line_1_36' title="bbox 422 3458 2000 3534; baseline -0.003 -17"><span class='ocrx_word' id='word_1_230' title='bbox 422 3464 621 3521; x_wconf 86' lang='lat' dir='ltr'><strong>moniis</strong></span> <span class='ocrx_word' id='word_1_231' title='bbox 653 3462 887 3534; x_wconf 87' lang='lat' dir='ltr'><strong>publicis</strong></span> <span class='ocrx_word' id='word_1_232' title='bbox 913 3461 1279 3532; x_wconf 80' lang='lat' dir='ltr'><strong>privatisque,</strong></span> <span class='ocrx_word' id='word_1_233' title='bbox 1304 3459 1460 3517; x_wconf 88' lang='lat' dir='ltr'><strong>libris</strong></span> <span class='ocrx_word' id='word_1_234' title='bbox 1483 3460 1648 3515; x_wconf 90' lang='lat' dir='ltr'><strong>editis</strong></span> <span class='ocrx_word' id='word_1_235' title='bbox 1677 3467 1731 3514; x_wconf 92' lang='lat' dir='ltr'><strong>et</strong></span> <span class='ocrx_word' id='word_1_236' title='bbox 1757 3458 2000 3524; x_wconf 83' lang='lat' dir='ltr'><strong>ineditis,</strong></span> 
     </span>
    </p>
   </div>
   <div class='ocr_carea' id='block_1_37' title="bbox 426 3549 2003 3624">
    <p class='ocr_par' dir='ltr' id='par_1_37' title="bbox 426 3549 2003 3624">
     <span class='ocr_line' id='line_1_37' title="bbox 426 3549 2003 3624; baseline -0.003 -16"><span class='ocrx_word' id='word_1_237' title='bbox 426 3552 565 3608; x_wconf 82' lang='lat' dir='ltr'><strong>fama</strong></span> <span class='ocrx_word' id='word_1_238' title='bbox 591 3554 835 3624; x_wconf 87' lang='lat' dir='ltr'><strong>publica,</strong></span> <span class='ocrx_word' id='word_1_239' title='bbox 869 3552 1156 3623; x_wconf 87' lang='lat' dir='ltr'><strong>disciplina</strong></span> <span class='ocrx_word' id='word_1_240' title='bbox 1187 3566 1311 3623; x_wconf 83' lang='lat' dir='ltr'><strong>quae</strong></span> <span class='ocrx_word' id='word_1_241' title='bbox 1335 3551 1666 3607; x_wconf 85' lang='lat' dir='ltr'><strong>obversatur</strong></span> <span class='ocrx_word' id='word_1_242' title='bbox 1688 3549 1862 3606; x_wconf 90' lang='lat' dir='ltr'><strong>oculis</strong></span> <span class='ocrx_word' id='word_1_243' title='bbox 1887 3566 2003 3604; x_wconf 85' lang='lat' dir='ltr'><strong>om-</strong></span> 
     </span>
    </p>
   </div>
   <div class='ocr_carea' id='block_1_38' title="bbox 424 3641 2003 3715">
    <p class='ocr_par' dir='ltr' id='par_1_38' title="bbox 424 3641 2003 3715">
     <span class='ocr_line' id='line_1_38' title="bbox 424 3641 2003 3715; baseline -0.004 -15"><span class='ocrx_word' id='word_1_244' title='bbox 424 3645 599 3709; x_wconf 87' lang='lat' dir='ltr'><strong>nium,</strong></span> <span class='ocrx_word' id='word_1_245' title='bbox 625 3653 679 3702; x_wconf 92' lang='lat' dir='ltr'><strong>et</strong></span> <span class='ocrx_word' id='word_1_246' title='bbox 711 3646 835 3702; x_wconf 87' lang='lat' dir='ltr'><strong>aliis</strong></span> <span class='ocrx_word' id='word_1_247' title='bbox 856 3654 1019 3701; x_wconf 83' lang='lat' dir='ltr'><strong>certae</strong></span> <span class='ocrx_word' id='word_1_248' title='bbox 1046 3643 1392 3701; x_wconf 85' lang='lat' dir='ltr'><strong>auctoritatis</strong></span> <span class='ocrx_word' id='word_1_249' title='bbox 1415 3642 1757 3715; x_wconf 87' lang='lat' dir='ltr'><strong>argumentis</strong></span> <span class='ocrx_word' id='word_1_250' title='bbox 1782 3641 2003 3709; x_wconf 86' lang='lat' dir='ltr'><strong>muniti,</strong></span> 
     </span>
    </p>
   </div>
   <div class='ocr_carea' id='block_1_39' title="bbox 390 3734 2004 3795">
    <p class='ocr_par' dir='ltr' id='par_1_39' title="bbox 390 3734 2004 3795">
     <span class='ocr_line' id='line_1_39' title="bbox 390 3734 2004 3795; baseline -0.003 -1"><span class='ocrx_word' id='word_1_251' title='bbox 390 3770 393 3773; x_wconf 58' lang='grc' dir='ltr'>η</span> <span class='ocrx_word' id='word_1_252' title='bbox 425 3736 725 3794; x_wconf 88' lang='lat' dir='ltr'><strong>Smithenm</strong></span> <span class='ocrx_word' id='word_1_253' title='bbox 761 3754 867 3792; x_wconf 90' lang='lat' dir='ltr'><strong>non</strong></span> <span class='ocrx_word' id='word_1_254' title='bbox 907 3737 1114 3795; x_wconf 86' lang='lat' dir='ltr'><strong>vidisse</strong></span> <span class='ocrx_word' id='word_1_255' title='bbox 1159 3736 1245 3793; x_wconf 86' lang='lat' dir='ltr'><strong>vel</strong></span> <span class='ocrx_word' id='word_1_256' title='bbox 1298 3736 1576 3791; x_wconf 84' lang='lat' dir='ltr'><strong>audivisse</strong></span> <span class='ocrx_word' id='word_1_257' title='bbox 1606 3734 2004 3791; x_wconf 84' lang='lat' dir='ltr'><strong>Constantino—</strong></span> 
     </span>
    </p>
   </div>
   <div class='ocr_carea' id='block_1_40' title="bbox 428 3827 2006 3902">
    <p class='ocr_par' dir='ltr' id='par_1_40' title="bbox 428 3827 2006 3902">
     <span class='ocr_line' id='line_1_40' title="bbox 428 3827 2006 3902; baseline -0.002 -17"><span class='ocrx_word' id='word_1_258' title='bbox 428 3830 555 3902; x_wconf 87' lang='lat' dir='ltr'><strong>poli,</strong></span> <span class='ocrx_word' id='word_1_259' title='bbox 583 3846 704 3901; x_wconf 61' lang='lat' dir='ltr'><strong>quae</strong></span> <span class='ocrx_word' id='word_1_260' title='bbox 735 3845 1012 3902; x_wconf 88' lang='lat' dir='ltr'><strong>nunquam</strong></span> <span class='ocrx_word' id='word_1_261' title='bbox 1045 3830 1290 3895; x_wconf 90' lang='lat' dir='ltr'><strong>fuerunt,</strong></span> <span class='ocrx_word' id='word_1_262' title='bbox 1319 3843 1429 3883; x_wconf 90' lang='lat' dir='ltr'><strong>non</strong></span> <span class='ocrx_word' id='word_1_263' title='bbox 1450 3835 1654 3883; x_wconf 87' lang='lat' dir='ltr'><strong>temere</strong></span> <span class='ocrx_word' id='word_1_264' title='bbox 1677 3827 2006 3893; x_wconf 89' lang='lat' dir='ltr'><strong>asserimus,</strong></span> 
     </span>
    </p>
   </div>
   <div class='ocr_carea' id='block_1_41' title="bbox 453 4025 620 4040">
    <p class='ocr_par' dir='ltr' id='par_1_41' title="bbox 453 4025 620 4040">
     <span class='ocr_line' id='line_1_41' title="bbox 453 4025 620 4040; baseline -0.006 -4"><span class='ocrx_word' id='word_1_265' title='bbox 453 4025 620 4040; x_wconf 68' lang='lat'><strong><em>—</em></strong></span> 
     </span>
    </p>
   </div>
   <div class='ocr_carea' id='block_1_42' title="bbox 2095 614 3683 691">
    <p class='ocr_par' dir='ltr' id='par_1_42' title="bbox 2095 614 3683 691">
     <span class='ocr_line' id='line_1_42' title="bbox 2095 614 3683 691; baseline 0.003 -23"><span class='ocrx_word' id='word_1_266' title='bbox 2095 614 2173 668; x_wconf 91' lang='lat' dir='ltr'><strong>dii</strong></span> <span class='ocrx_word' id='word_1_267' title='bbox 2198 630 2361 684; x_wconf 89' lang='lat' dir='ltr'><strong>quam</strong></span> <span class='ocrx_word' id='word_1_268' title='bbox 2390 616 2588 671; x_wconf 84' lang='lat' dir='ltr'><strong>damus</strong></span> <span class='ocrx_word' id='word_1_269' title='bbox 2610 615 2845 670; x_wconf 81' lang='lat' dir='ltr'><strong>Homilia</strong></span> <span class='ocrx_word' id='word_1_270' title='bbox 2870 620 3144 673; x_wconf 87' lang='lat' dir='ltr'><strong>oculatum</strong></span> <span class='ocrx_word' id='word_1_271' title='bbox 3170 620 3437 691; x_wconf 87' lang='lat' dir='ltr'><strong>ejusmodi</strong></span> <span class='ocrx_word' id='word_1_272' title='bbox 3468 630 3683 686; x_wconf 86' lang='lat' dir='ltr'><strong>testem,</strong></span> 
     </span>
    </p>
   </div>
   <div class='ocr_carea' id='block_1_43' title="bbox 2098 707 3684 782">
    <p class='ocr_par' dir='ltr' id='par_1_43' title="bbox 2098 707 3684 782">
     <span class='ocr_line' id='line_1_43' title="bbox 2098 707 3684 782; baseline 0.006 -23"><span class='ocrx_word' id='word_1_273' title='bbox 2098 713 2153 759; x_wconf 87' lang='lat' dir='ltr'><strong>et</strong></span> <span class='ocrx_word' id='word_1_274' title='bbox 2191 707 2512 773; x_wconf 79' lang='lat' dir='ltr'><strong>nasutiores,</strong></span> <span class='ocrx_word' id='word_1_275' title='bbox 2546 717 2606 762; x_wconf 90' lang='lat' dir='ltr'><strong>ut</strong></span> <span class='ocrx_word' id='word_1_276' title='bbox 2636 709 2783 777; x_wconf 89' lang='lat' dir='ltr'><strong>loqui</strong></span> <span class='ocrx_word' id='word_1_277' title='bbox 2815 718 2984 774; x_wconf 88' lang='lat' dir='ltr'><strong>amat,</strong></span> <span class='ocrx_word' id='word_1_278' title='bbox 3020 710 3261 781; x_wconf 88' lang='lat' dir='ltr'><strong>ejusdem</strong></span> <span class='ocrx_word' id='word_1_279' title='bbox 3288 714 3511 782; x_wconf 88' lang='lat' dir='ltr'><strong>&#39;generis</strong></span> <span class='ocrx_word' id='word_1_280' title='bbox 3549 730 3684 768; x_wconf 87' lang='lat' dir='ltr'><strong>cen-</strong></span> 
     </span>
    </p>
   </div>
   <div class='ocr_carea' id='block_1_44' title="bbox 2097 800 3684 874">
    <p class='ocr_par' dir='ltr' id='par_1_44' title="bbox 2097 800 3684 874">
     <span class='ocr_line' id='line_1_44' title="bbox 2097 800 3684 874; baseline 0.005 -22"><span class='ocrx_word' id='word_1_281' title='bbox 2097 812 2253 852; x_wconf 88' lang='lat' dir='ltr'><strong>sores</strong></span> <span class='ocrx_word' id='word_1_282' title='bbox 2283 812 2388 853; x_wconf 92' lang='lat' dir='ltr'><strong>non</strong></span> <span class='ocrx_word' id='word_1_283' title='bbox 2426 800 2765 854; x_wconf 82' lang='lat' dir='ltr'><strong>reformidat.</strong></span> <span class='ocrx_word' id='word_1_284' title='bbox 2828 800 2984 857; x_wconf 89' lang='lat' dir='ltr'><strong>Unde</strong></span> <span class='ocrx_word' id='word_1_285' title='bbox 3014 816 3498 874; x_wconf 84' lang='lat' dir='ltr'><strong>quantumcunque</strong></span> <span class='ocrx_word' id='word_1_286' title='bbox 3529 823 3684 860; x_wconf 90' lang='lat' dir='ltr'><strong>com-</strong></span> 
     </span>
    </p>
   </div>
   <div class='ocr_carea' id='block_1_45' title="bbox 2094 887 3683 962">
    <p class='ocr_par' dir='ltr' id='par_1_45' title="bbox 2094 887 3683 962">
     <span class='ocr_line' id='line_1_45' title="bbox 2094 887 3683 962; baseline 0.008 -23"><span class='ocrx_word' id='word_1_287' title='bbox 2094 887 2386 941; x_wconf 83' lang='lat' dir='ltr'><strong>mendetur</strong></span> <span class='ocrx_word' id='word_1_288' title='bbox 2408 905 2528 943; x_wconf 92' lang='lat' dir='ltr'><strong>cum</strong></span> <span class='ocrx_word' id='word_1_289' title='bbox 2553 889 2806 945; x_wconf 87' lang='lat' dir='ltr'><strong>laudibus</strong></span> <span class='ocrx_word' id='word_1_290' title='bbox 2830 893 2950 960; x_wconf 84' lang='lat' dir='ltr'><strong>ejus</strong></span> <span class='ocrx_word' id='word_1_291' title='bbox 2980 892 3236 962; x_wconf 73' lang='grc' dir='ltr'><strong>αὑτοψία,</strong></span> <span class='ocrx_word' id='word_1_292' title='bbox 3271 896 3527 951; x_wconf 89' lang='lat' dir='ltr'><strong>recedere</strong></span> <span class='ocrx_word' id='word_1_293' title='bbox 3558 911 3683 952; x_wconf 79' lang='lat' dir='ltr'><strong>sen-</strong></span> 
     </span>
    </p>
   </div>
   <div class='ocr_carea' id='block_1_46' title="bbox 2095 979 3687 1043">
    <p class='ocr_par' dir='ltr' id='par_1_46' title="bbox 2095 979 3687 1043">
     <span class='ocr_line' id='line_1_46' title="bbox 2095 979 3687 1043; baseline 0.007 -11"><span class='ocrx_word' id='word_1_294' title='bbox 2095 979 2200 1033; x_wconf 87' lang='lat' dir='ltr'><strong>sim</strong></span> <span class='ocrx_word' id='word_1_295' title='bbox 2237 979 2489 1034; x_wconf 91' lang='lat' dir='ltr'><strong>videmus</strong></span> <span class='ocrx_word' id='word_1_296' title='bbox 2522 980 2590 1034; x_wconf 76' lang='lat' dir='ltr'><strong>a&#39;b</strong></span> <span class='ocrx_word' id='word_1_297' title='bbox 2625 981 2775 1037; x_wconf 87' lang='lat' dir='ltr'><strong>illius</strong></span> <span class='ocrx_word' id='word_1_298' title='bbox 2806 988 3079 1037; x_wconf 87' lang='lat' dir='ltr'><strong>sententia</strong></span> <span class='ocrx_word' id='word_1_299' title='bbox 3114 985 3308 1040; x_wconf 89' lang='lat' dir='ltr'><strong>doctos</strong></span> <span class='ocrx_word' id='word_1_300' title='bbox 3365 986 3687 1043; x_wconf 85' lang='lat' dir='ltr'><strong>Protestau-</strong></span> 
     </span>
    </p>
   </div>
   <div class='ocr_carea' id='block_1_47' title="bbox 2097 1070 3689 1135">
    <p class='ocr_par' dir='ltr' id='par_1_47' title="bbox 2097 1070 3689 1135">
     <span class='ocr_line' id='line_1_47' title="bbox 2097 1070 3689 1135; baseline 0.008 -11"><span class='ocrx_word' id='word_1_301' title='bbox 2097 1079 2180 1124; x_wconf 89' lang='lat' dir='ltr'><strong>tes</strong></span> <span class='ocrx_word' id='word_1_302' title='bbox 2218 1088 2230 1123; x_wconf 90' lang='lat'><strong>:</strong></span> <span class='ocrx_word' id='word_1_303' title='bbox 2269 1083 2326 1125; x_wconf 92' lang='lat' dir='ltr'><strong>ut</strong></span> <span class='ocrx_word' id='word_1_304' title='bbox 2370 1070 2705 1128; x_wconf 80' lang='lat' dir='ltr'><strong>Laurentius</strong></span> <span class='ocrx_word' id='word_1_305' title='bbox 2744 1073 3094 1131; x_wconf 85' lang='lat' dir='ltr'><strong>Normannus</strong></span> <span class='ocrx_word' id='word_1_306' title='bbox 3126 1076 3254 1131; x_wconf 89' lang='lat' dir='ltr'><strong>fecit</strong></span> <span class='ocrx_word' id='word_1_307' title='bbox 3285 1077 3432 1132; x_wconf 88' lang='lat' dir='ltr'><strong>circa</strong></span> <span class='ocrx_word' id='word_1_308' title='bbox 3458 1079 3689 1135; x_wconf 56' lang='lat' dir='ltr'><strong>Confesa</strong></span> 
     </span>
    </p>
   </div>
   <div class='ocr_carea' id='block_1_48' title="bbox 2092 1162 3688 1239">
    <p class='ocr_par' dir='ltr' id='par_1_48' title="bbox 2092 1162 3688 1239">
     <span class='ocr_line' id='line_1_48' title="bbox 2092 1162 3688 1239; baseline 0.006 -24"><span class='ocrx_word' id='word_1_309' title='bbox 2092 1162 2304 1216; x_wconf 85' lang='lat' dir='ltr'><strong>sionem</strong></span> <span class='ocrx_word' id='word_1_310' title='bbox 2337 1164 2725 1230; x_wconf 81' lang='lat' dir='ltr'><strong>orthodoxam,</strong></span> <span class='ocrx_word' id='word_1_311' title='bbox 2757 1165 2953 1223; x_wconf 86' lang='lat' dir='ltr'><strong>Petrus</strong></span> <span class='ocrx_word' id='word_1_312' title='bbox 2981 1168 3216 1224; x_wconf 81' lang='lat' dir='ltr'><strong>Allixius</strong></span> <span class='ocrx_word' id='word_1_313' title='bbox 3248 1169 3394 1224; x_wconf 88' lang='lat' dir='ltr'><strong>circa</strong></span> <span class='ocrx_word' id='word_1_314' title='bbox 3418 1172 3688 1239; x_wconf 83' lang='lat' dir='ltr'><strong>synodum</strong></span> 
     </span>
    </p>
   </div>
   <div class='ocr_carea' id='block_1_49' title="bbox 2090 1253 3684 1333">
    <p class='ocr_par' dir='ltr' id='par_1_49' title="bbox 2090 1253 3684 1333">
     <span class='ocr_line' id='line_1_49' title="bbox 2090 1253 3684 1333; baseline 0.005 -23"><span class='ocrx_word' id='word_1_315' title='bbox 2090 1253 2225 1310; x_wconf 81' lang='lat' dir='ltr'><strong>Jasii</strong></span> <span class='ocrx_word' id='word_1_316' title='bbox 2277 1254 2518 1310; x_wconf 89' lang='lat' dir='ltr'><strong>habitam</strong></span> <span class='ocrx_word' id='word_1_317' title='bbox 2562 1271 2708 1310; x_wconf 90' lang='lat' dir='ltr'><strong>anno</strong></span> <span class='ocrx_word' id='word_1_318' title='bbox 2740 1258 2902 1323; x_wconf 72' lang='grc'><strong>1642,</strong></span> <span class='ocrx_word' id='word_1_319' title='bbox 2951 1266 3005 1314; x_wconf 91' lang='lat' dir='ltr'><strong>et</strong></span> <span class='ocrx_word' id='word_1_320' title='bbox 3057 1260 3333 1315; x_wconf 82' lang='lat' dir='ltr'><strong>Mcletium</strong></span> <span class='ocrx_word' id='word_1_321' title='bbox 3387 1261 3684 1333; x_wconf 84' lang='lat' dir='ltr'><strong>Syrigum:</strong></span> 
     </span>
    </p>
   </div>
   <div class='ocr_carea' id='block_1_50' title="bbox 2090 1346 3688 1419">
    <p class='ocr_par' dir='ltr' id='par_1_50' title="bbox 2090 1346 3688 1419">
     <span class='ocr_line' id='line_1_50' title="bbox 2090 1346 3688 1419; baseline 0.006 -21"><span class='ocrx_word' id='word_1_322' title='bbox 2090 1346 2405 1416; x_wconf 88' lang='lat' dir='ltr'><strong>dudumque</strong></span> <span class='ocrx_word' id='word_1_323' title='bbox 2479 1361 2597 1400; x_wconf 89' lang='lat' dir='ltr'><strong>eam</strong></span> <span class='ocrx_word' id='word_1_324' title='bbox 2675 1348 3029 1417; x_wconf 63' lang='lat' dir='ltr'><strong>erploserunt</strong></span> <span class='ocrx_word' id='word_1_325' title='bbox 3086 1350 3472 1419; x_wconf 82' lang='lat' dir='ltr'><strong>Marbachius,</strong></span> <span class='ocrx_word' id='word_1_326' title='bbox 3528 1354 3688 1408; x_wconf 87' lang='lat' dir='ltr'><strong>Calo-</strong></span> 
     </span>
    </p>
   </div>
   <div class='ocr_carea' id='block_1_51' title="bbox 2088 1436 3694 1516">
    <p class='ocr_par' dir='ltr' id='par_1_51' title="bbox 2088 1436 3694 1516">
     <span class='ocr_line' id='line_1_51' title="bbox 2088 1436 3694 1516; baseline 0.006 -26"><span class='ocrx_word' id='word_1_327' title='bbox 2088 1439 2228 1498; x_wconf 87' lang='lat' dir='ltr'><strong>vius,</strong></span> <span class='ocrx_word' id='word_1_328' title='bbox 2248 1436 2538 1495; x_wconf 82' lang='lat' dir='ltr'><strong>Felhavius</strong></span> <span class='ocrx_word' id='word_1_329' title='bbox 2560 1440 2892 1509; x_wconf 69' lang='lat' dir='ltr'><strong>Augustanze</strong></span> <span class='ocrx_word' id='word_1_330' title='bbox 2906 1441 3281 1500; x_wconf 79' lang='lat' dir='ltr'><strong>Confessionis</strong></span> <span class='ocrx_word' id='word_1_331' title='bbox 3306 1446 3564 1516; x_wconf 79' lang='lat' dir='ltr'><strong>theologi,</strong></span> <span class='ocrx_word' id='word_1_332' title='bbox 3584 1449 3648 1500; x_wconf 25' lang='lat' dir='ltr'><strong>ei.</strong></span> <span class='ocrx_word' id='word_1_333' title='bbox 3665 1477 3694 1490; x_wconf 89' lang='lat'><em>-</em></span> 
     </span>
    </p>
   </div>
   <div class='ocr_carea' id='block_1_52' title="bbox 2089 1530 3687 1606">
    <p class='ocr_par' dir='ltr' id='par_1_52' title="bbox 2089 1530 3687 1606">
     <span class='ocr_line' id='line_1_52' title="bbox 2089 1530 3687 1606; baseline 0.005 -21"><span class='ocrx_word' id='word_1_334' title='bbox 2089 1544 2151 1585; x_wconf 85' lang='lat' dir='ltr'><strong>ea</strong></span> <span class='ocrx_word' id='word_1_335' title='bbox 2177 1531 2368 1600; x_wconf 84' lang='lat' dir='ltr'><strong>Cyrilli</strong></span> <span class='ocrx_word' id='word_1_336' title='bbox 2397 1530 2810 1588; x_wconf 86' lang='lat' dir='ltr'><strong>Confessionem</strong></span> <span class='ocrx_word' id='word_1_337' title='bbox 2831 1543 2881 1589; x_wconf 91' lang='lat' dir='ltr'><strong>et</strong></span> <span class='ocrx_word' id='word_1_338' title='bbox 2910 1535 3149 1606; x_wconf 77' lang='lat' dir='ltr'><strong>synodos</strong></span> <span class='ocrx_word' id='word_1_339' title='bbox 3169 1551 3258 1592; x_wconf 87' lang='lat' dir='ltr'><strong>an.</strong></span> <span class='ocrx_word' id='word_1_340' title='bbox 3288 1537 3423 1593; x_wconf 77' lang='lat'><strong>1638</strong></span> <span class='ocrx_word' id='word_1_341' title='bbox 3447 1548 3501 1593; x_wconf 91' lang='lat' dir='ltr'><strong>et</strong></span> <span class='ocrx_word' id='word_1_342' title='bbox 3527 1539 3687 1604; x_wconf 63' lang='grc'><strong>164⁸2,</strong></span> 
     </span>
    </p>
   </div>
   <div class='ocr_carea' id='block_1_53' title="bbox 2095 1622 3686 1697">
    <p class='ocr_par' dir='ltr' id='par_1_53' title="bbox 2095 1622 3686 1697">
     <span class='ocr_line' id='line_1_53' title="bbox 2095 1622 3686 1697; baseline 0.003 -22"><span class='ocrx_word' id='word_1_343' title='bbox 2095 1636 2124 1675; x_wconf 88' lang='lat' dir='ltr'><strong>a</strong></span> <span class='ocrx_word' id='word_1_344' title='bbox 2150 1622 2352 1691; x_wconf 87' lang='lat' dir='ltr'><strong>quibus</strong></span> <span class='ocrx_word' id='word_1_345' title='bbox 2383 1626 2689 1695; x_wconf 84' lang='lat' dir='ltr'><strong>proscripta</strong></span> <span class='ocrx_word' id='word_1_346' title='bbox 2725 1634 2830 1680; x_wconf 87' lang='lat' dir='ltr'><strong>est.</strong></span> <span class='ocrx_word' id='word_1_347' title='bbox 2867 1626 3057 1696; x_wconf 81' lang='lat' dir='ltr'><strong>Neque</strong></span> <span class='ocrx_word' id='word_1_348' title='bbox 3094 1628 3209 1697; x_wconf 88' lang='lat' dir='ltr'><strong>ipse</strong></span> <span class='ocrx_word' id='word_1_349' title='bbox 3241 1628 3520 1687; x_wconf 83' lang='lat' dir='ltr'><strong>Smitheus</strong></span> <span class='ocrx_word' id='word_1_350' title='bbox 3571 1647 3686 1686; x_wconf 87' lang='lat' dir='ltr'><strong>0m-</strong></span> 
     </span>
    </p>
   </div>
   <div class='ocr_carea' id='block_1_54' title="bbox 2093 1713 3685 1791">
    <p class='ocr_par' dir='ltr' id='par_1_54' title="bbox 2093 1713 3685 1791">
     <span class='ocr_line' id='line_1_54' title="bbox 2093 1713 3685 1791; baseline 0.009 -25"><span class='ocrx_word' id='word_1_351' title='bbox 2093 1713 2226 1767; x_wconf 90' lang='lat' dir='ltr'><strong>nino</strong></span> <span class='ocrx_word' id='word_1_352' title='bbox 2267 1725 2435 1785; x_wconf 85' lang='lat' dir='ltr'><strong>negat</strong></span> <span class='ocrx_word' id='word_1_353' title='bbox 2481 1715 2706 1771; x_wconf 83' lang='lat' dir='ltr'><strong>Graecos</strong></span> <span class='ocrx_word' id='word_1_354' title='bbox 2756 1717 2973 1772; x_wconf 89' lang='lat' dir='ltr'><strong>tandem</strong></span> <span class='ocrx_word' id='word_1_355' title='bbox 3032 1720 3329 1776; x_wconf 89' lang='lat' dir='ltr'><strong>hodiernos</strong></span> <span class='ocrx_word' id='word_1_356' title='bbox 3379 1725 3685 1791; x_wconf 76' lang='lat' dir='ltr'><strong>przesentiae</strong></span> 
     </span>
    </p>
   </div>
   <div class='ocr_carea' id='block_1_55' title="bbox 2091 1806 3677 1880">
    <p class='ocr_par' dir='ltr' id='par_1_55' title="bbox 2091 1806 3677 1880">
     <span class='ocr_line' id='line_1_55' title="bbox 2091 1806 3677 1880; baseline 0.007 -22"><span class='ocrx_word' id='word_1_357' title='bbox 2091 1806 2257 1859; x_wconf 83' lang='lat' dir='ltr'><strong>realis</strong></span> <span class='ocrx_word' id='word_1_358' title='bbox 2311 1815 2367 1860; x_wconf 90' lang='lat' dir='ltr'><strong>et</strong></span> <span class='ocrx_word' id='word_1_359' title='bbox 2425 1808 3073 1864; x_wconf 85' lang='lat' dir='ltr'><strong>transsubstantiationis</strong></span> <span class='ocrx_word' id='word_1_360' title='bbox 3109 1811 3306 1880; x_wconf 75' lang='lat' dir='ltr'><strong>dogma</strong></span> <span class='ocrx_word' id='word_1_361' title='bbox 3341 1812 3624 1869; x_wconf 85' lang='lat' dir='ltr'><strong>imbihisse</strong></span> <span class='ocrx_word' id='word_1_362' title='bbox 3662 1832 3677 1869; x_wconf 87' lang='lat'><strong>:</strong></span> 
     </span>
    </p>
   </div>
   <div class='ocr_carea' id='block_1_56' title="bbox 2093 1896 3684 1974">
    <p class='ocr_par' dir='ltr' id='par_1_56' title="bbox 2093 1896 3684 1974">
     <span class='ocr_line' id='line_1_56' title="bbox 2093 1896 3684 1974; baseline 0.004 -23"><span class='ocrx_word' id='word_1_363' title='bbox 2093 1896 2190 1951; x_wconf 83' lang='lat' dir='ltr'><strong>sed</strong></span> <span class='ocrx_word' id='word_1_364' title='bbox 2219 1897 2269 1951; x_wconf 88' lang='lat' dir='ltr'><strong>id</strong></span> <span class='ocrx_word' id='word_1_365' title='bbox 2304 1896 2506 1953; x_wconf 84' lang='lat' dir='ltr'><strong>far-tum</strong></span> <span class='ocrx_word' id='word_1_366' title='bbox 2544 1899 2798 1967; x_wconf 84' lang='lat' dir='ltr'><strong>pessimis</strong></span> <span class='ocrx_word' id='word_1_367' title='bbox 2838 1898 3157 1954; x_wconf 85' lang='lat' dir='ltr'><strong>Latinorum</strong></span> <span class='ocrx_word' id='word_1_368' title='bbox 3199 1902 3508 1968; x_wconf 88' lang='lat' dir='ltr'><strong>fraudibus,</strong></span> <span class='ocrx_word' id='word_1_369' title='bbox 3542 1920 3684 1974; x_wconf 88' lang='lat' dir='ltr'><strong>quas</strong></span> 
     </span>
    </p>
   </div>
   <div class='ocr_carea' id='block_1_57' title="bbox 2093 1989 3688 2065">
    <p class='ocr_par' dir='ltr' id='par_1_57' title="bbox 2093 1989 3688 2065">
     <span class='ocr_line' id='line_1_57' title="bbox 2093 1989 3688 2065; baseline 0.006 -25"><span class='ocrx_word' id='word_1_370' title='bbox 2093 2000 2422 2042; x_wconf 89' lang='lat' dir='ltr'><strong>arcanorum</strong></span> <span class='ocrx_word' id='word_1_371' title='bbox 2478 1989 2748 2044; x_wconf 82' lang='lat' dir='ltr'><strong>revelator</strong></span> <span class='ocrx_word' id='word_1_372' title='bbox 2798 1990 2916 2047; x_wconf 80' lang='lat' dir='ltr'><strong>dies</strong></span> <span class='ocrx_word' id='word_1_373' title='bbox 2949 1992 3190 2047; x_wconf 88' lang='lat' dir='ltr'><strong>docebit.</strong></span> <span class='ocrx_word' id='word_1_374' title='bbox 3248 1992 3304 2049; x_wconf 90' lang='lat' dir='ltr'><strong>Si</strong></span> <span class='ocrx_word' id='word_1_375' title='bbox 3360 2010 3688 2065; x_wconf 89' lang='lat' dir='ltr'><strong>supremum</strong></span> 
     </span>
    </p>
   </div>
   <div class='ocr_carea' id='block_1_58' title="bbox 2091 2078 3688 2153">
    <p class='ocr_par' dir='ltr' id='par_1_58' title="bbox 2091 2078 3688 2153">
     <span class='ocr_line' id='line_1_58' title="bbox 2091 2078 3688 2153; baseline 0.005 -19"><span class='ocrx_word' id='word_1_376' title='bbox 2091 2078 2295 2135; x_wconf 84' lang='lat' dir='ltr'><strong>Judicii</strong></span> <span class='ocrx_word' id='word_1_377' title='bbox 2321 2080 2467 2137; x_wconf 86' lang='lat' dir='ltr'><strong>diem</strong></span> <span class='ocrx_word' id='word_1_378' title='bbox 2503 2081 2781 2153; x_wconf 84' lang='lat' dir='ltr'><strong>intelligit,</strong></span> <span class='ocrx_word' id='word_1_379' title='bbox 2816 2083 2891 2137; x_wconf 89' lang='lat' dir='ltr'><strong>ita</strong></span> <span class='ocrx_word' id='word_1_380' title='bbox 2928 2098 3064 2138; x_wconf 88' lang='lat' dir='ltr'><strong>sane</strong></span> <span class='ocrx_word' id='word_1_381' title='bbox 3096 2102 3110 2139; x_wconf 87' lang='lat'><strong>:</strong></span> <span class='ocrx_word' id='word_1_382' title='bbox 3146 2099 3271 2138; x_wconf 90' lang='lat' dir='ltr'><strong>nam</strong></span> <span class='ocrx_word' id='word_1_383' title='bbox 3305 2101 3490 2141; x_wconf 88' lang='lat' dir='ltr'><strong>coram</strong></span> <span class='ocrx_word' id='word_1_384' title='bbox 3529 2104 3688 2142; x_wconf 89' lang='lat' dir='ltr'><strong>sum-</strong></span> 
     </span>
    </p>
   </div>
   <div class='ocr_carea' id='block_1_59' title="bbox 2095 2173 3689 2249">
    <p class='ocr_par' dir='ltr' id='par_1_59' title="bbox 2095 2173 3689 2249">
     <span class='ocr_line' id='line_1_59' title="bbox 2095 2173 3689 2249; baseline 0.004 -21"><span class='ocrx_word' id='word_1_385' title='bbox 2095 2189 2186 2229; x_wconf 90' lang='lat' dir='ltr'><strong>mo</strong></span> <span class='ocrx_word' id='word_1_386' title='bbox 2205 2173 2400 2229; x_wconf 84' lang='lat' dir='ltr'><strong>Judice</strong></span> <span class='ocrx_word' id='word_1_387' title='bbox 2433 2175 2700 2244; x_wconf 87' lang='lat' dir='ltr'><strong>patebunt</strong></span> <span class='ocrx_word' id='word_1_388' title='bbox 2737 2176 2962 2231; x_wconf 90' lang='lat' dir='ltr'><strong>omnia:</strong></span> <span class='ocrx_word' id='word_1_389' title='bbox 2996 2175 3042 2230; x_wconf 88' lang='lat' dir='ltr'><strong>si</strong></span> <span class='ocrx_word' id='word_1_390' title='bbox 3073 2174 3436 2247; x_wconf 85' lang='lat' dir='ltr'><strong>longinquum</strong></span> <span class='ocrx_word' id='word_1_391' title='bbox 3462 2178 3689 2249; x_wconf 81' lang='lat' dir='ltr'><strong>aliquod</strong></span> 
     </span>
    </p>
   </div>
   <div class='ocr_carea' id='block_1_60' title="bbox 2096 2265 3691 2337">
    <p class='ocr_par' dir='ltr' id='par_1_60' title="bbox 2096 2265 3691 2337">
     <span class='ocr_line' id='line_1_60' title="bbox 2096 2265 3691 2337; baseline 0.003 -17"><span class='ocrx_word' id='word_1_392' title='bbox 2096 2272 2332 2334; x_wconf 89' lang='lat' dir='ltr'><strong>tempus,</strong></span> <span class='ocrx_word' id='word_1_393' title='bbox 2363 2265 2475 2336; x_wconf 89' lang='lat' dir='ltr'><strong>jam</strong></span> <span class='ocrx_word' id='word_1_394' title='bbox 2508 2266 2724 2335; x_wconf 90' lang='lat' dir='ltr'><strong>aliquot</strong></span> <span class='ocrx_word' id='word_1_395' title='bbox 2751 2268 2884 2320; x_wconf 90' lang='lat' dir='ltr'><strong>anni</strong></span> <span class='ocrx_word' id='word_1_396' title='bbox 2921 2267 3059 2335; x_wconf 80' lang='lat' dir='ltr'><strong>lapsi</strong></span> <span class='ocrx_word' id='word_1_397' title='bbox 3085 2277 3308 2322; x_wconf 79' lang='lat' dir='ltr'><strong>suntex</strong></span> <span class='ocrx_word' id='word_1_398' title='bbox 3337 2282 3447 2337; x_wconf 91' lang='lat' dir='ltr'><strong>quo</strong></span> <span class='ocrx_word' id='word_1_399' title='bbox 3471 2269 3691 2325; x_wconf 87' lang='lat' dir='ltr'><strong>dubita-</strong></span> 
     </span>
    </p>
   </div>
   <div class='ocr_carea' id='block_1_61' title="bbox 2094 2357 3680 2429">
    <p class='ocr_par' dir='ltr' id='par_1_61' title="bbox 2094 2357 3680 2429">
     <span class='ocr_line' id='line_1_61' title="bbox 2094 2357 3680 2429; baseline 0.003 -18"><span class='ocrx_word' id='word_1_400' title='bbox 2094 2357 2141 2411; x_wconf 86' lang='lat' dir='ltr'><strong>ri</strong></span> <span class='ocrx_word' id='word_1_401' title='bbox 2172 2373 2282 2412; x_wconf 90' lang='lat' dir='ltr'><strong>non</strong></span> <span class='ocrx_word' id='word_1_402' title='bbox 2310 2365 2491 2429; x_wconf 86' lang='lat' dir='ltr'><strong>potest</strong></span> <span class='ocrx_word' id='word_1_403' title='bbox 2517 2359 2651 2427; x_wconf 88' lang='lat' dir='ltr'><strong>quin</strong></span> <span class='ocrx_word' id='word_1_404' title='bbox 2687 2358 2864 2414; x_wconf 65' lang='lat' dir='ltr'><strong>Graeci</strong></span> <span class='ocrx_word' id='word_1_405' title='bbox 2896 2359 3035 2412; x_wconf 91' lang='lat' dir='ltr'><strong>nihil</strong></span> <span class='ocrx_word' id='word_1_406' title='bbox 3067 2359 3253 2414; x_wconf 90' lang='lat' dir='ltr'><strong>minus</strong></span> <span class='ocrx_word' id='word_1_407' title='bbox 3281 2374 3446 2429; x_wconf 89' lang='lat' dir='ltr'><strong>quam</strong></span> <span class='ocrx_word' id='word_1_408' title='bbox 3508 2361 3680 2415; x_wconf 75' lang='lat' dir='ltr'><strong>Act-rt-</strong></span> 
     </span>
    </p>
   </div>
   <div class='ocr_carea' id='block_1_62' title="bbox 2096 2448 3689 2522">
    <p class='ocr_par' dir='ltr' id='par_1_62' title="bbox 2096 2448 3689 2522">
     <span class='ocr_line' id='line_1_62' title="bbox 2096 2448 3689 2522; baseline 0.003 -20"><span class='ocrx_word' id='word_1_409' title='bbox 2096 2449 2376 2517; x_wconf 80' lang='grc' dir='ltr'><strong>νόφρονες,</strong></span> <span class='ocrx_word' id='word_1_410' title='bbox 2423 2451 2491 2504; x_wconf 89' lang='lat' dir='ltr'><strong>de</strong></span> <span class='ocrx_word' id='word_1_411' title='bbox 2543 2449 2735 2521; x_wconf 87' lang='lat' dir='ltr'><strong>Cyrilli</strong></span> <span class='ocrx_word' id='word_1_412' title='bbox 2789 2448 3275 2515; x_wconf 82' lang='lat' dir='ltr'><strong>Confessione,de</strong></span> <span class='ocrx_word' id='word_1_413' title='bbox 3303 2451 3528 2522; x_wconf 84' lang='lat' dir='ltr'><strong>synodis</strong></span> <span class='ocrx_word' id='word_1_414' title='bbox 3554 2468 3689 2507; x_wconf 85' lang='lat' dir='ltr'><strong>con-</strong></span> 
     </span>
    </p>
   </div>
   <div class='ocr_carea' id='block_1_63' title="bbox 2099 2539 3693 2611">
    <p class='ocr_par' dir='ltr' id='par_1_63' title="bbox 2099 2539 3693 2611">
     <span class='ocr_line' id='line_1_63' title="bbox 2099 2539 3693 2611; baseline 0.005 -19"><span class='ocrx_word' id='word_1_415' title='bbox 2099 2546 2188 2593; x_wconf 89' lang='lat' dir='ltr'><strong>tra</strong></span> <span class='ocrx_word' id='word_1_416' title='bbox 2218 2554 2339 2594; x_wconf 90' lang='lat' dir='ltr'><strong>eam</strong></span> <span class='ocrx_word' id='word_1_417' title='bbox 2376 2539 2609 2611; x_wconf 83' lang='lat' dir='ltr'><strong>ejusque</strong></span> <span class='ocrx_word' id='word_1_418' title='bbox 2636 2550 2919 2595; x_wconf 87' lang='lat' dir='ltr'><strong>auctorem</strong></span> <span class='ocrx_word' id='word_1_419' title='bbox 2970 2540 3193 2607; x_wconf 88' lang='lat' dir='ltr'><strong>habitis,</strong></span> <span class='ocrx_word' id='word_1_420' title='bbox 3224 2542 3292 2597; x_wconf 91' lang='lat' dir='ltr'><strong>de</strong></span> <span class='ocrx_word' id='word_1_421' title='bbox 3345 2542 3693 2600; x_wconf 87' lang='lat' dir='ltr'><strong>confessione</strong></span> 
     </span>
    </p>
   </div>
   <div class='ocr_carea' id='block_1_64' title="bbox 2097 2630 3686 2699">
    <p class='ocr_par' dir='ltr' id='par_1_64' title="bbox 2097 2630 3686 2699">
     <span class='ocr_line' id='line_1_64' title="bbox 2097 2630 3686 2699; baseline 0.001 -14"><span class='ocrx_word' id='word_1_422' title='bbox 2097 2631 2429 2695; x_wconf 72' lang='lat' dir='ltr'><strong>orthodoxa,</strong></span> <span class='ocrx_word' id='word_1_423' title='bbox 2477 2631 2545 2686; x_wconf 88' lang='lat' dir='ltr'><strong>de</strong></span> <span class='ocrx_word' id='word_1_424' title='bbox 2581 2630 3232 2697; x_wconf 79' lang='lat' dir='ltr'><strong>transsubstantiatione,</strong></span> <span class='ocrx_word' id='word_1_425' title='bbox 3268 2631 3334 2685; x_wconf 92' lang='lat' dir='ltr'><strong>de</strong></span> <span class='ocrx_word' id='word_1_426' title='bbox 3372 2632 3686 2699; x_wconf 86' lang='lat' dir='ltr'><strong>Gcnnadio,</strong></span> 
     </span>
    </p>
   </div>
   <div class='ocr_carea' id='block_1_65' title="bbox 2099 2722 3696 2797">
    <p class='ocr_par' dir='ltr' id='par_1_65' title="bbox 2099 2722 3696 2797">
     <span class='ocr_line' id='line_1_65' title="bbox 2099 2722 3696 2797; baseline 0.003 -20"><span class='ocrx_word' id='word_1_427' title='bbox 2099 2722 2168 2777; x_wconf 88' lang='lat' dir='ltr'><strong>de</strong></span> <span class='ocrx_word' id='word_1_428' title='bbox 2227 2722 2441 2794; x_wconf 79' lang='lat' dir='ltr'><strong>Syrigo,</strong></span> <span class='ocrx_word' id='word_1_429' title='bbox 2474 2723 2541 2778; x_wconf 86' lang='lat' dir='ltr'><strong>de</strong></span> <span class='ocrx_word' id='word_1_430' title='bbox 2569 2722 2938 2789; x_wconf 76' lang='lat' dir='ltr'><strong>Coressio,’de</strong></span> <span class='ocrx_word' id='word_1_431' title='bbox 2970 2723 3239 2794; x_wconf 81' lang='lat' dir='ltr'><strong>Gregorio</strong></span> <span class='ocrx_word' id='word_1_432' title='bbox 3263 2727 3696 2797; x_wconf 85' lang='lat' dir='ltr'><strong>proto—syncello</strong></span> 
     </span>
    </p>
   </div>
   <div class='ocr_carea' id='block_1_66' title="bbox 2100 2813 3695 2887">
    <p class='ocr_par' dir='ltr' id='par_1_66' title="bbox 2100 2813 3695 2887">
     <span class='ocr_line' id='line_1_66' title="bbox 2100 2813 3695 2887; baseline 0 -16"><span class='ocrx_word' id='word_1_433' title='bbox 2100 2813 2222 2886; x_wconf 87' lang='lat' dir='ltr'><strong>ejus</strong></span> <span class='ocrx_word' id='word_1_434' title='bbox 2256 2815 2548 2886; x_wconf 85' lang='lat' dir='ltr'><strong>discipulo,</strong></span> <span class='ocrx_word' id='word_1_435' title='bbox 2572 2831 2692 2870; x_wconf 89' lang='lat' dir='ltr'><strong>eam</strong></span> <span class='ocrx_word' id='word_1_436' title='bbox 2726 2817 3039 2885; x_wconf 89' lang='lat' dir='ltr'><strong>opinionem</strong></span> <span class='ocrx_word' id='word_1_437' title='bbox 3076 2817 3394 2873; x_wconf 83' lang='lat' dir='ltr'><strong>firmissime</strong></span> <span class='ocrx_word' id='word_1_438' title='bbox 3449 2827 3695 2887; x_wconf 83' lang='lat' dir='ltr'><strong>teneant,</strong></span> 
     </span>
    </p>
   </div>
   <div class='ocr_carea' id='block_1_67' title="bbox 2102 2907 3703 2981">
    <p class='ocr_par' dir='ltr' id='par_1_67' title="bbox 2102 2907 3703 2981">
     <span class='ocr_line' id='line_1_67' title="bbox 2102 2907 3703 2981; baseline 0.003 -21"><span class='ocrx_word' id='word_1_439' title='bbox 2102 2921 2267 2978; x_wconf 89' lang='lat' dir='ltr'><strong>quam</strong></span> <span class='ocrx_word' id='word_1_440' title='bbox 2322 2908 2575 2961; x_wconf 78' lang='lat' dir='ltr'><strong>oculatus</strong></span> <span class='ocrx_word' id='word_1_441' title='bbox 2615 2907 2707 2962; x_wconf 88' lang='lat' dir='ltr'><strong>ille</strong></span> <span class='ocrx_word' id='word_1_442' title='bbox 2740 2910 2899 2963; x_wconf 90' lang='lat' dir='ltr'><strong>testis</strong></span> <span class='ocrx_word' id='word_1_443' title='bbox 2929 2909 3060 2964; x_wconf 91' lang='lat' dir='ltr'><strong>totis</strong></span> <span class='ocrx_word' id='word_1_444' title='bbox 3112 2910 3319 2966; x_wconf 82' lang='lat' dir='ltr'><strong>viribus</strong></span> <span class='ocrx_word' id='word_1_445' title='bbox 3365 2909 3703 2981; x_wconf 77' lang='lat' dir='ltr'><strong>impugnare</strong></span> 
     </span>
    </p>
   </div>
   <div class='ocr_carea' id='block_1_68' title="bbox 2106 2999 3696 3074">
    <p class='ocr_par' dir='ltr' id='par_1_68' title="bbox 2106 2999 3696 3074">
     <span class='ocr_line' id='line_1_68' title="bbox 2106 2999 3696 3074; baseline 0.004 -22"><span class='ocrx_word' id='word_1_446' title='bbox 2106 3013 2400 3069; x_wconf 73' lang='lat' dir='ltr'><strong>aggressus</strong></span> <span class='ocrx_word' id='word_1_447' title='bbox 2452 3009 2557 3057; x_wconf 90' lang='lat' dir='ltr'><strong>est.</strong></span> <span class='ocrx_word' id='word_1_448' title='bbox 2597 2999 2734 3056; x_wconf 90' lang='lat' dir='ltr'><strong>Cum</strong></span> <span class='ocrx_word' id='word_1_449' title='bbox 2770 3001 2916 3057; x_wconf 92' lang='lat' dir='ltr'><strong>enim</strong></span> <span class='ocrx_word' id='word_1_450' title='bbox 2944 3002 3141 3072; x_wconf 85' lang='lat' dir='ltr'><strong>synodi</strong></span> <span class='ocrx_word' id='word_1_451' title='bbox 3178 3001 3696 3074; x_wconf 73' lang='lat' dir='ltr'><strong>Hierosolymitarm</strong></span> 
     </span>
    </p>
   </div>
   <div class='ocr_carea' id='block_1_69' title="bbox 2106 3087 3699 3160">
    <p class='ocr_par' dir='ltr' id='par_1_69' title="bbox 2106 3087 3699 3160">
     <span class='ocr_line' id='line_1_69' title="bbox 2106 3087 3699 3160; baseline 0.002 -16"><span class='ocrx_word' id='word_1_452' title='bbox 2106 3089 2324 3145; x_wconf 87' lang='lat' dir='ltr'><strong>decreta</strong></span> <span class='ocrx_word' id='word_1_453' title='bbox 2359 3090 2473 3160; x_wconf 88' lang='lat' dir='ltr'><strong>ipse</strong></span> <span class='ocrx_word' id='word_1_454' title='bbox 2508 3089 2800 3146; x_wconf 85' lang='lat' dir='ltr'><strong>Dositheus</strong></span> <span class='ocrx_word' id='word_1_455' title='bbox 2837 3092 2891 3145; x_wconf 91' lang='lat' dir='ltr'><strong>in</strong></span> <span class='ocrx_word' id='word_1_456' title='bbox 2916 3091 3185 3147; x_wconf 81' lang='lat' dir='ltr'><strong>Moldavia</strong></span> <span class='ocrx_word' id='word_1_457' title='bbox 3243 3094 3334 3147; x_wconf 87' lang='lat' dir='ltr'><strong>edi</strong></span> <span class='ocrx_word' id='word_1_458' title='bbox 3397 3087 3699 3158; x_wconf 76' lang='lat' dir='ltr'><strong>curaverit,</strong></span> 
     </span>
    </p>
   </div>
   <div class='ocr_carea' id='block_1_70' title="bbox 2109 3180 3699 3254">
    <p class='ocr_par' dir='ltr' id='par_1_70' title="bbox 2109 3180 3699 3254">
     <span class='ocr_line' id='line_1_70' title="bbox 2109 3180 3699 3254; baseline 0.005 -21"><span class='ocrx_word' id='word_1_459' title='bbox 2109 3180 2311 3249; x_wconf 82' lang='lat' dir='ltr'><strong>quibus</strong></span> <span class='ocrx_word' id='word_1_460' title='bbox 2366 3181 2548 3235; x_wconf 91' lang='lat' dir='ltr'><strong>omnia</strong></span> <span class='ocrx_word' id='word_1_461' title='bbox 2609 3183 2897 3252; x_wconf 78' lang='lat' dir='ltr'><strong>perspicue</strong></span> <span class='ocrx_word' id='word_1_462' title='bbox 2953 3184 3331 3253; x_wconf 88' lang='lat' dir='ltr'><strong>continentur,</strong></span> <span class='ocrx_word' id='word_1_463' title='bbox 3391 3199 3514 3254; x_wconf 62' lang='lat' dir='ltr'><strong>quae</strong></span> <span class='ocrx_word' id='word_1_464' title='bbox 3572 3198 3699 3241; x_wconf 90' lang='lat' dir='ltr'><strong>cum</strong></span> 
     </span>
    </p>
   </div>
   <div class='ocr_carea' id='block_1_71' title="bbox 2108 3271 3702 3346">
    <p class='ocr_par' dir='ltr' id='par_1_71' title="bbox 2108 3271 3702 3346">
     <span class='ocr_line' id='line_1_71' title="bbox 2108 3271 3702 3346; baseline 0.001 -17"><span class='ocrx_word' id='word_1_465' title='bbox 2108 3271 2411 3329; x_wconf 87' lang='lat' dir='ltr'><strong>Claudiana</strong></span> <span class='ocrx_word' id='word_1_466' title='bbox 2463 3275 3011 3346; x_wconf 76' lang='grc' dir='ltr'><strong>Λατινοφρονούντων</strong></span> <span class='ocrx_word' id='word_1_467' title='bbox 3073 3276 3392 3336; x_wconf 87' lang='lat' dir='ltr'><strong>definitione</strong></span> <span class='ocrx_word' id='word_1_468' title='bbox 3418 3287 3562 3333; x_wconf 88' lang='lat' dir='ltr'><strong>stare</strong></span> <span class='ocrx_word' id='word_1_469' title='bbox 3591 3288 3702 3333; x_wconf 86' lang='lat' dir='ltr'><strong>non</strong></span> 
     </span>
    </p>
   </div>
   <div class='ocr_carea' id='block_1_72' title="bbox 2111 3367 3701 3440">
    <p class='ocr_par' dir='ltr' id='par_1_72' title="bbox 2111 3367 3701 3440">
     <span class='ocr_line' id='line_1_72' title="bbox 2111 3367 3701 3440; baseline 0.003 -20"><span class='ocrx_word' id='word_1_470' title='bbox 2111 3376 2363 3435; x_wconf 64' lang='lat' dir='ltr'><strong>possunt,</strong></span> <span class='ocrx_word' id='word_1_471' title='bbox 2414 3367 2507 3421; x_wconf 80' lang='lat' dir='ltr'><strong>sed</strong></span> <span class='ocrx_word' id='word_1_472' title='bbox 2557 3369 2807 3424; x_wconf 77' lang='lat' dir='ltr'><strong>sineeros</strong></span> <span class='ocrx_word' id='word_1_473' title='bbox 2858 3367 3079 3424; x_wconf 84' lang='lat' dir='ltr'><strong>Graecos</strong></span> <span class='ocrx_word' id='word_1_474' title='bbox 3134 3384 3258 3424; x_wconf 87' lang='lat' dir='ltr'><strong>esse</strong></span> <span class='ocrx_word' id='word_1_475' title='bbox 3314 3379 3551 3437; x_wconf 87' lang='lat' dir='ltr'><strong>constat,</strong></span> <span class='ocrx_word' id='word_1_476' title='bbox 3606 3371 3701 3440; x_wconf 90' lang='lat' dir='ltr'><strong>qui</strong></span> 
     </span>
    </p>
   </div>
   <div class='ocr_carea' id='block_1_73' title="bbox 2113 3458 3701 3529">
    <p class='ocr_par' dir='ltr' id='par_1_73' title="bbox 2113 3458 3701 3529">
     <span class='ocr_line' id='line_1_73' title="bbox 2113 3458 3701 3529; baseline 0.003 -17"><span class='ocrx_word' id='word_1_477' title='bbox 2113 3458 2464 3529; x_wconf 66' lang='lat' dir='ltr'><strong>praesentiam</strong></span> <span class='ocrx_word' id='word_1_478' title='bbox 2519 3461 2720 3514; x_wconf 90' lang='lat' dir='ltr'><strong>realem</strong></span> <span class='ocrx_word' id='word_1_479' title='bbox 2755 3468 2811 3515; x_wconf 88' lang='lat' dir='ltr'><strong>et</strong></span> <span class='ocrx_word' id='word_1_480' title='bbox 2850 3461 3526 3516; x_wconf 65' lang='lat' dir='ltr'><strong>transsubstantiationem</strong></span> <span class='ocrx_word' id='word_1_481' title='bbox 3578 3476 3701 3516; x_wconf 85' lang='lat' dir='ltr'><strong>cre-</strong></span> 
     </span>
    </p>
   </div>
   <div class='ocr_carea' id='block_1_74' title="bbox 2113 3549 3707 3624">
    <p class='ocr_par' dir='ltr' id='par_1_74' title="bbox 2113 3549 3707 3624">
     <span class='ocr_line' id='line_1_74' title="bbox 2113 3549 3707 3624; baseline -0.001 -18"><span class='ocrx_word' id='word_1_482' title='bbox 2113 3553 2274 3613; x_wconf 87' lang='lat' dir='ltr'><strong>dunt,</strong></span> <span class='ocrx_word' id='word_1_483' title='bbox 2313 3549 2518 3606; x_wconf 88' lang='lat' dir='ltr'><strong>frustra</strong></span> <span class='ocrx_word' id='word_1_484' title='bbox 2543 3553 2872 3624; x_wconf 72' lang='lat' dir='ltr'><strong>conjectura:</strong></span> <span class='ocrx_word' id='word_1_485' title='bbox 2895 3567 3087 3608; x_wconf 87' lang='lat' dir='ltr'><strong>omnes</strong></span> <span class='ocrx_word' id='word_1_486' title='bbox 3112 3561 3243 3608; x_wconf 89' lang='lat' dir='ltr'><strong>sunt</strong></span> <span class='ocrx_word' id='word_1_487' title='bbox 3270 3553 3361 3608; x_wconf 92' lang='lat' dir='ltr'><strong>ubi</strong></span> <span class='ocrx_word' id='word_1_488' title='bbox 3392 3552 3566 3608; x_wconf 72' lang='lat' dir='ltr'><strong>Grmci</strong></span> <span class='ocrx_word' id='word_1_489' title='bbox 3603 3553 3707 3621; x_wconf 84' lang='lat' dir='ltr'><strong>ipsi</strong></span> 
     </span>
    </p>
   </div>
   <div class='ocr_carea' id='block_1_75' title="bbox 2112 3640 3709 3713">
    <p class='ocr_par' dir='ltr' id='par_1_75' title="bbox 2112 3640 3709 3713">
     <span class='ocr_line' id='line_1_75' title="bbox 2112 3640 3709 3713; baseline 0.001 -18"><span class='ocrx_word' id='word_1_490' title='bbox 2112 3640 2435 3711; x_wconf 87' lang='lat' dir='ltr'><strong>loquuntur.</strong></span> <span class='ocrx_word' id='word_1_491' title='bbox 2470 3640 2630 3697; x_wconf 83' lang='lat' dir='ltr'><strong>Unde</strong></span> <span class='ocrx_word' id='word_1_492' title='bbox 2681 3642 2944 3712; x_wconf 85' lang='lat' dir='ltr'><strong>quidquid</strong></span> <span class='ocrx_word' id='word_1_493' title='bbox 2999 3658 3064 3697; x_wconf 80' lang='lat' dir='ltr'><strong>ex</strong></span> <span class='ocrx_word' id='word_1_494' title='bbox 3107 3641 3241 3697; x_wconf 80' lang='lat' dir='ltr'><strong>falsa</strong></span> <span class='ocrx_word' id='word_1_495' title='bbox 3291 3642 3386 3697; x_wconf 87' lang='lat' dir='ltr'><strong>illa</strong></span> <span class='ocrx_word' id='word_1_496' title='bbox 3418 3641 3709 3713; x_wconf 76' lang='lat' dir='ltr'><strong>hypotliesi</strong></span> 
     </span>
    </p>
   </div>
   <div class='ocr_carea' id='block_1_76' title="bbox 2115 3732 3711 3804">
    <p class='ocr_par' dir='ltr' id='par_1_76' title="bbox 2115 3732 3711 3804">
     <span class='ocr_line' id='line_1_76' title="bbox 2115 3732 3711 3804; baseline 0 -14"><span class='ocrx_word' id='word_1_497' title='bbox 2115 3743 2307 3791; x_wconf 85' lang='lat' dir='ltr'><strong>contra</strong></span> <span class='ocrx_word' id='word_1_498' title='bbox 2327 3732 2669 3790; x_wconf 88' lang='lat' dir='ltr'><strong>Gennadium</strong></span> <span class='ocrx_word' id='word_1_499' title='bbox 2700 3743 2755 3789; x_wconf 89' lang='lat' dir='ltr'><strong>et</strong></span> <span class='ocrx_word' id='word_1_500' title='bbox 2785 3737 2906 3804; x_wconf 87' lang='lat' dir='ltr'><strong>ejus</strong></span> <span class='ocrx_word' id='word_1_501' title='bbox 2939 3736 3195 3790; x_wconf 89' lang='lat' dir='ltr'><strong>homilias</strong></span> <span class='ocrx_word' id='word_1_502' title='bbox 3222 3736 3505 3792; x_wconf 83' lang='lat' dir='ltr'><strong>Smitheus</strong></span> <span class='ocrx_word' id='word_1_503' title='bbox 3536 3735 3711 3792; x_wconf 86' lang='lat' dir='ltr'><strong>dedu-</strong></span> 
     </span>
    </p>
   </div>
   <div class='ocr_carea' id='block_1_77' title="bbox 2116 3826 3328 3900">
    <p class='ocr_par' dir='ltr' id='par_1_77' title="bbox 2116 3826 3328 3900">
     <span class='ocr_line' id='line_1_77' title="bbox 2116 3826 3328 3900; baseline 0.002 -19"><span class='ocrx_word' id='word_1_504' title='bbox 2116 3827 2220 3893; x_wconf 79' lang='lat' dir='ltr'><strong>xit,</strong></span> <span class='ocrx_word' id='word_1_505' title='bbox 2245 3826 2578 3884; x_wconf 82' lang='lat' dir='ltr'><strong>accuratiori</strong></span> <span class='ocrx_word' id='word_1_506' title='bbox 2598 3827 2931 3885; x_wconf 87' lang='lat' dir='ltr'><strong>refutatione</strong></span> <span class='ocrx_word' id='word_1_507' title='bbox 2961 3844 3070 3884; x_wconf 91' lang='lat' dir='ltr'><strong>non</strong></span> <span class='ocrx_word' id='word_1_508' title='bbox 3099 3829 3328 3900; x_wconf 84' lang='lat' dir='ltr'><strong>indiget.</strong></span> 
     </span>
    </p>
   </div>
   <div class='ocr_carea' id='block_1_78' title="bbox 1014 4177 3125 4352">
    <p class='ocr_par' dir='ltr' id='par_1_78' title="bbox 1014 4177 3125 4352">
     <span class='ocr_line' id='line_1_78' title="bbox 1014 4177 3125 4352; baseline -0.004 -55"><span class='ocrx_word' id='word_1_509' title='bbox 1014 4179 1713 4321; x_wconf 78' lang='lat' dir='ltr'><strong>GENNADII</strong></span> <span class='ocrx_word' id='word_1_510' title='bbox 1799 4178 2384 4339; x_wconf 81' lang='lat' dir='ltr'><strong>OPEBUM</strong></span> <span class='ocrx_word' id='word_1_511' title='bbox 2464 4177 3125 4352; x_wconf 86' lang='lat' dir='ltr'><strong>NOTITIA.</strong></span> 
     </span>
    </p>
   </div>
   <div class='ocr_carea' id='block_1_79' title="bbox 510 4518 2016 4601">
    <p class='ocr_par' dir='ltr' id='par_1_79' title="bbox 510 4518 2016 4601">
     <span class='ocr_line' id='line_1_79' title="bbox 510 4518 2016 4601; baseline -0.01 -13"><span class='ocrx_word' id='word_1_512' title='bbox 510 4532 859 4601; x_wconf 75' lang='lat' dir='ltr'><strong>Quzeeunque</strong></span> <span class='ocrx_word' id='word_1_513' title='bbox 897 4542 927 4582; x_wconf 86' lang='lat' dir='ltr'><strong>a</strong></span> <span class='ocrx_word' id='word_1_514' title='bbox 969 4520 1263 4582; x_wconf 85' lang='lat' dir='ltr'><strong>Gennadio</strong></span> <span class='ocrx_word' id='word_1_515' title='bbox 1324 4518 1531 4590; x_wconf 91' lang='lat' dir='ltr'><strong>scripta</strong></span> <span class='ocrx_word' id='word_1_516' title='bbox 1567 4519 1637 4576; x_wconf 88' lang='lat' dir='ltr'><strong>ad</strong></span> <span class='ocrx_word' id='word_1_517' title='bbox 1683 4534 1785 4576; x_wconf 90' lang='lat' dir='ltr'><strong>nos</strong></span> <span class='ocrx_word' id='word_1_518' title='bbox 1816 4533 2016 4590; x_wconf 62' lang='lat' dir='ltr'><strong>perveo</strong></span> 
     </span>
    </p>
   </div>
   <div class='ocr_carea' id='block_1_80' title="bbox 434 4611 2008 4690">
    <p class='ocr_par' dir='ltr' id='par_1_80' title="bbox 434 4611 2008 4690">
     <span class='ocr_line' id='line_1_80' title="bbox 434 4611 2008 4690; baseline -0.012 -5"><span class='ocrx_word' id='word_1_519' title='bbox 434 4636 656 4690; x_wconf 90' lang='lat' dir='ltr'><strong>nerunt,</strong></span> <span class='ocrx_word' id='word_1_520' title='bbox 705 4631 801 4679; x_wconf 85' lang='lat' dir='ltr'><strong>aut</strong></span> <span class='ocrx_word' id='word_1_521' title='bbox 850 4630 979 4676; x_wconf 86' lang='lat' dir='ltr'><strong>ante</strong></span> <span class='ocrx_word' id='word_1_522' title='bbox 1041 4612 1482 4689; x_wconf 87' lang='lat' dir='ltr'><strong>patriarcbatum</strong></span> <span class='ocrx_word' id='word_1_523' title='bbox 1533 4613 1780 4682; x_wconf 86' lang='lat' dir='ltr'><strong>scripsit,</strong></span> <span class='ocrx_word' id='word_1_524' title='bbox 1830 4611 2008 4667; x_wconf 87' lang='lat' dir='ltr'><strong>autin</strong></span> 
     </span>
    </p>
   </div>
   <div class='ocr_carea' id='block_1_81' title="bbox 2120 4517 3725 4592">
    <p class='ocr_par' dir='ltr' id='par_1_81' title="bbox 2120 4517 3725 4592">
     <span class='ocr_line' id='line_1_81' title="bbox 2120 4517 3725 4592; baseline 0.004 -18"><span class='ocrx_word' id='word_1_525' title='bbox 2120 4517 2265 4579; x_wconf 82' lang='lat' dir='ltr'><strong>bene</strong></span> <span class='ocrx_word' id='word_1_526' title='bbox 2296 4517 2501 4574; x_wconf 86' lang='lat' dir='ltr'><strong>multas</strong></span> <span class='ocrx_word' id='word_1_527' title='bbox 2524 4558 2539 4582; x_wconf 92' lang='lat'><strong>,</strong></span> <span class='ocrx_word' id='word_1_528' title='bbox 2579 4534 2815 4588; x_wconf 88' lang='lat' dir='ltr'><strong>quarum</strong></span> <span class='ocrx_word' id='word_1_529' title='bbox 2867 4519 3089 4575; x_wconf 77' lang='lat' dir='ltr'><strong>selectae</strong></span> <span class='ocrx_word' id='word_1_530' title='bbox 3119 4518 3371 4590; x_wconf 82' lang='lat' dir='ltr'><strong>quaedam</strong></span> <span class='ocrx_word' id='word_1_531' title='bbox 3418 4534 3725 4592; x_wconf 86' lang='lat' dir='ltr'><strong>supersunt</strong></span> 
     </span>
    </p>
   </div>
   <div class='ocr_carea' id='block_1_82' title="bbox 2117 4609 3726 4682">
    <p class='ocr_par' dir='ltr' id='par_1_82' title="bbox 2117 4609 3726 4682">
     <span class='ocr_line' id='line_1_82' title="bbox 2117 4609 3726 4682; baseline 0 -15"><span class='ocrx_word' id='word_1_532' title='bbox 2117 4611 2172 4667; x_wconf 84' lang='lat' dir='ltr'><strong>in</strong></span> <span class='ocrx_word' id='word_1_533' title='bbox 2203 4610 2328 4667; x_wconf 92' lang='lat' dir='ltr'><strong>cod.</strong></span> <span class='ocrx_word' id='word_1_534' title='bbox 2356 4609 2526 4682; x_wconf 80' lang='lat' dir='ltr'><strong>Regio</strong></span> <span class='ocrx_word' id='word_1_535' title='bbox 2551 4609 2715 4676; x_wconf 70' lang='lat'><strong>2955,</strong></span> <span class='ocrx_word' id='word_1_536' title='bbox 2750 4613 2854 4666; x_wconf 87' lang='lat' dir='ltr'><strong>hoc</strong></span> <span class='ocrx_word' id='word_1_537' title='bbox 2889 4612 3068 4676; x_wconf 87' lang='lat' dir='ltr'><strong>titulo,</strong></span> <span class='ocrx_word' id='word_1_538' title='bbox 3117 4611 3215 4665; x_wconf 85' lang='grc' dir='ltr'>Ἐκ</span> <span class='ocrx_word' id='word_1_539' title='bbox 3237 4611 3348 4665; x_wconf 77' lang='grc' dir='ltr'><strong>τῶν</strong></span> <span class='ocrx_word' id='word_1_540' title='bbox 3390 4612 3726 4668; x_wconf 79' lang='grc' dir='ltr'><strong>Ἐπιστολῶν</strong></span> 
     </span>
    </p>
   </div>
   <div class='ocr_carea' id='block_1_83' title="bbox 436 4703 2000 4792">
    <p class='ocr_par' dir='ltr' id='par_1_83' title="bbox 436 4708 2000 4792">
     <span class='ocr_line' id='line_1_83' title="bbox 436 4708 2000 4792; baseline -0.012 -13"><span class='ocrx_word' id='word_1_541' title='bbox 436 4726 558 4791; x_wconf 85' lang='lat' dir='ltr'><strong>ipso</strong></span> <span class='ocrx_word' id='word_1_542' title='bbox 587 4718 998 4792; x_wconf 80' lang='lat' dir='ltr'><strong>patriareltatu,</strong></span> <span class='ocrx_word' id='word_1_543' title='bbox 1027 4719 1123 4767; x_wconf 90' lang='lat' dir='ltr'><strong>aut</strong></span> <span class='ocrx_word' id='word_1_544' title='bbox 1148 4709 1403 4785; x_wconf 85' lang='lat' dir='ltr'><strong>deposita</strong></span> <span class='ocrx_word' id='word_1_545' title='bbox 1435 4708 1706 4775; x_wconf 78' lang='lat' dir='ltr'><strong>dignitate</strong></span> <span class='ocrx_word' id='word_1_546' title='bbox 1738 4721 1865 4762; x_wconf 90' lang='lat' dir='ltr'><strong>cum</strong></span> <span class='ocrx_word' id='word_1_547' title='bbox 1903 4709 2000 4776; x_wconf 50' lang='lat' dir='ltr'><strong>pri.</strong></span> 
     </span>
    </p>
   </div>
   <div class='ocr_carea' id='block_1_84' title="bbox 2106 4703 3725 4792">
    <p class='ocr_par' dir='ltr' id='par_1_84' title="bbox 2122 4703 3725 4792">
     <span class='ocr_line' id='line_1_84' title="bbox 2122 4703 3725 4792; baseline 0.001 -34"><span class='ocrx_word' id='word_1_548' title='bbox 2122 4705 2401 4792; x_wconf 59' lang='grc' dir='ltr'><strong>ςεωργῐου</strong></span> <span class='ocrx_word' id='word_1_549' title='bbox 2431 4703 2525 4758; x_wconf 84' lang='grc' dir='ltr'><strong>τοῦ</strong></span> <span class='ocrx_word' id='word_1_550' title='bbox 2550 4705 2851 4776; x_wconf 73' lang='grc' dir='ltr'><strong>Σχολαρὶου</strong></span> <span class='ocrx_word' id='word_1_551' title='bbox 2884 4705 2977 4759; x_wconf 81' lang='grc' dir='ltr'><strong>τοῦ</strong></span> <span class='ocrx_word' id='word_1_552' title='bbox 3000 4704 3231 4777; x_wconf 74' lang='grc' dir='ltr'><strong>ὕστερον</strong></span> <span class='ocrx_word' id='word_1_553' title='bbox 3271 4706 3582 4768; x_wconf 78' lang='grc' dir='ltr'><strong>Γενναδὶου,</strong></span> <span class='ocrx_word' id='word_1_554' title='bbox 3635 4705 3725 4760; x_wconf 80' lang='lat' dir='ltr'><strong>Ea:</strong></span> 
     </span>
    </p>
   </div>
   <div class='ocr_carea' id='block_1_85' title="bbox 438 4785 3727 4871">
    <p class='ocr_par' dir='ltr' id='par_1_85' title="bbox 438 4785 3727 4871">
     <span class='ocr_line' id='line_1_85' title="bbox 438 4785 3727 4871; baseline -0.006 0"><span class='ocrx_word' id='word_1_555' title='bbox 438 4785 603 4871; x_wconf 70' lang='lat' dir='ltr'><strong>vatus</strong></span> <span class='ocrx_word' id='word_1_556' title='bbox 657 4812 713 4866; x_wconf 89' lang='lat' dir='ltr'><strong>in</strong></span> <span class='ocrx_word' id='word_1_557' title='bbox 779 4805 1170 4865; x_wconf 87' lang='lat' dir='ltr'><strong>monasteriqu</strong></span> <span class='ocrx_word' id='word_1_558' title='bbox 1246 4801 1434 4860; x_wconf 89' lang='lat' dir='ltr'><strong>Sancti</strong></span> <span class='ocrx_word' id='word_1_559' title='bbox 1489 4800 1721 4857; x_wconf 83' lang='lat' dir='ltr'><strong>Joannis</strong></span> <span class='ocrx_word' id='word_1_560' title='bbox 1759 4800 2022 4871; x_wconf 64' lang='lat' dir='ltr'><strong>Baptistae</strong></span> <span class='ocrx_word' id='word_1_561' title='bbox 2130 4785 2388 4868; x_wconf 75' lang='lat' dir='ltr'><strong>Epistolis</strong></span> <span class='ocrx_word' id='word_1_562' title='bbox 2419 4795 2634 4868; x_wconf 85' lang='lat' dir='ltr'><strong>Georgii</strong></span> <span class='ocrx_word' id='word_1_563' title='bbox 2663 4796 2934 4853; x_wconf 82' lang='lat' dir='ltr'><strong>Scholarii</strong></span> <span class='ocrx_word' id='word_1_564' title='bbox 2991 4801 3086 4870; x_wconf 85' lang='lat' dir='ltr'><strong>qui</strong></span> <span class='ocrx_word' id='word_1_565' title='bbox 3146 4796 3455 4853; x_wconf 79' lang='lat' dir='ltr'><strong>Gennadius</strong></span> <span class='ocrx_word' id='word_1_566' title='bbox 3487 4808 3727 4869; x_wconf 76' lang='lat' dir='ltr'><strong>postmo-</strong></span> 
     </span>
    </p>
   </div>
   <div class='ocr_carea' id='block_1_86' title="bbox 443 4892 2022 4980">
    <p class='ocr_par' dir='ltr' id='par_1_86' title="bbox 443 4892 2022 4980">
     <span class='ocr_line' id='line_1_86' title="bbox 443 4892 2022 4980; baseline -0.011 -16"><span class='ocrx_word' id='word_1_567' title='bbox 443 4921 613 4979; x_wconf 85' lang='lat' dir='ltr'><strong>prope</strong></span> <span class='ocrx_word' id='word_1_568' title='bbox 637 4904 835 4959; x_wconf 86' lang='lat' dir='ltr'><strong>Serras</strong></span> <span class='ocrx_word' id='word_1_569' title='bbox 865 4898 931 4954; x_wconf 89' lang='lat' dir='ltr'><strong>ad</strong></span> <span class='ocrx_word' id='word_1_570' title='bbox 958 4897 1299 4980; x_wconf 51' lang='lat' dir='ltr'><strong>Menoeceum</strong></span> <span class='ocrx_word' id='word_1_571' title='bbox 1335 4902 1573 4949; x_wconf 91' lang='lat' dir='ltr'><strong>montem</strong></span> <span class='ocrx_word' id='word_1_572' title='bbox 1606 4907 1666 4948; x_wconf 89' lang='lat' dir='ltr'><strong>se</strong></span> <span class='ocrx_word' id='word_1_573' title='bbox 1691 4892 2022 4963; x_wconf 89' lang='lat' dir='ltr'><strong>recepisset.</strong></span> 
     </span>
    </p>
   </div>
   <div class='ocr_carea' id='block_1_87' title="bbox 446 4986 2023 5061">
    <p class='ocr_par' dir='ltr' id='par_1_87' title="bbox 446 4986 2023 5061">
     <span class='ocr_line' id='line_1_87' title="bbox 446 4986 2023 5061; baseline -0.008 -8"><span class='ocrx_word' id='word_1_574' title='bbox 446 4996 603 5054; x_wconf 82' lang='lat' dir='ltr'><strong>llune</strong></span> <span class='ocrx_word' id='word_1_575' title='bbox 640 4996 889 5052; x_wconf 89' lang='lat' dir='ltr'><strong>ordinem</strong></span> <span class='ocrx_word' id='word_1_576' title='bbox 937 4991 1058 5061; x_wconf 85' lang='lat' dir='ltr'><strong>ejus</strong></span> <span class='ocrx_word' id='word_1_577' title='bbox 1121 5002 1352 5059; x_wconf 80' lang='lat' dir='ltr'><strong>operum</strong></span> <span class='ocrx_word' id='word_1_578' title='bbox 1384 4986 1477 5055; x_wconf 90' lang='lat' dir='ltr'><strong>qui</strong></span> <span class='ocrx_word' id='word_1_579' title='bbox 1513 4986 1640 5040; x_wconf 65' lang='lat' dir='ltr'><strong>vitae</strong></span> <span class='ocrx_word' id='word_1_580' title='bbox 1681 4987 1882 5041; x_wconf 88' lang='lat' dir='ltr'><strong>seriem</strong></span> <span class='ocrx_word' id='word_1_581' title='bbox 1931 5001 2023 5042; x_wconf 86' lang='lat' dir='ltr'><strong>se-</strong></span> 
     </span>
    </p>
   </div>
   <div class='ocr_carea' id='block_1_88' title="bbox 440 5079 2018 5163">
    <p class='ocr_par' dir='ltr' id='par_1_88' title="bbox 440 5079 2018 5163">
     <span class='ocr_line' id='line_1_88' title="bbox 440 5079 2018 5163; baseline 0.003 -17"><span class='ocrx_word' id='word_1_582' title='bbox 440 5093 653 5163; x_wconf 87' lang='lat' dir='ltr'><strong>quitur,</strong></span> <span class='ocrx_word' id='word_1_583' title='bbox 704 5088 928 5160; x_wconf 88' lang='lat' dir='ltr'><strong>quidam</strong></span> <span class='ocrx_word' id='word_1_584' title='bbox 977 5098 1136 5139; x_wconf 88' lang='lat' dir='ltr'><strong>mss.</strong></span> <span class='ocrx_word' id='word_1_585' title='bbox 1180 5079 1405 5136; x_wconf 86' lang='lat' dir='ltr'><strong>codices</strong></span> <span class='ocrx_word' id='word_1_586' title='bbox 1448 5087 1875 5148; x_wconf 64' lang='grc' dir='ltr'><strong>τερτωεεηιθηίο</strong></span> <span class='ocrx_word' id='word_1_587' title='bbox 1925 5079 2018 5148; x_wconf 75' lang='grc' dir='ltr'><strong>(μιῖ</strong></span> 
     </span>
    </p>
   </div>
   <div class='ocr_carea' id='block_1_89' title="bbox 444 5170 2021 5243">
    <p class='ocr_par' dir='ltr' id='par_1_89' title="bbox 444 5170 2021 5243">
     <span class='ocr_line' id='line_1_89' title="bbox 444 5170 2021 5243; baseline -0.01 -2"><span class='ocrx_word' id='word_1_588' title='bbox 444 5197 629 5243; x_wconf 87' lang='lat' dir='ltr'><strong>tamen</strong></span> <span class='ocrx_word' id='word_1_589' title='bbox 684 5182 740 5238; x_wconf 91' lang='lat' dir='ltr'><strong>id</strong></span> <span class='ocrx_word' id='word_1_590' title='bbox 794 5180 963 5236; x_wconf 87' lang='lat' dir='ltr'><strong>habet</strong></span> <span class='ocrx_word' id='word_1_591' title='bbox 1016 5172 1376 5237; x_wconf 88' lang='lat' dir='ltr'><strong>incommodi,</strong></span> <span class='ocrx_word' id='word_1_592' title='bbox 1406 5170 1555 5242; x_wconf 89' lang='lat' dir='ltr'><strong>quod</strong></span> <span class='ocrx_word' id='word_1_593' title='bbox 1586 5170 1657 5227; x_wconf 89' lang='lat' dir='ltr'><strong>de</strong></span> <span class='ocrx_word' id='word_1_594' title='bbox 1685 5171 1876 5226; x_wconf 86' lang='lat' dir='ltr'><strong>multis</strong></span> <span class='ocrx_word' id='word_1_595' title='bbox 1910 5188 2021 5226; x_wconf 89' lang='lat' dir='ltr'><strong>non</strong></span> 
     </span>
    </p>
   </div>
   <div class='ocr_carea' id='block_1_90' title="bbox 443 5262 2023 5348">
    <p class='ocr_par' dir='ltr' id='par_1_90' title="bbox 443 5262 2023 5348">
     <span class='ocr_line' id='line_1_90' title="bbox 443 5262 2023 5348; baseline -0.01 -13"><span class='ocrx_word' id='word_1_596' title='bbox 443 5281 518 5337; x_wconf 87' lang='lat' dir='ltr'><strong>ita</strong></span> <span class='ocrx_word' id='word_1_597' title='bbox 565 5279 765 5348; x_wconf 82' lang='lat' dir='ltr'><strong>liquet,</strong></span> <span class='ocrx_word' id='word_1_598' title='bbox 817 5281 879 5328; x_wconf 89' lang='lat' dir='ltr'><strong>ut</strong></span> <span class='ocrx_word' id='word_1_599' title='bbox 940 5267 1165 5340; x_wconf 90' lang='lat' dir='ltr'><strong>quando</strong></span> <span class='ocrx_word' id='word_1_600' title='bbox 1209 5263 1415 5335; x_wconf 87' lang='lat' dir='ltr'><strong>scripta</strong></span> <span class='ocrx_word' id='word_1_601' title='bbox 1462 5263 1574 5318; x_wconf 81' lang='lat' dir='ltr'><strong>sint</strong></span> <span class='ocrx_word' id='word_1_602' title='bbox 1618 5271 1771 5319; x_wconf 89' lang='lat' dir='ltr'><strong>certo</strong></span> <span class='ocrx_word' id='word_1_603' title='bbox 1815 5262 2023 5319; x_wconf 83' lang='lat' dir='ltr'><strong>habere</strong></span> 
     </span>
    </p>
   </div>
   <div class='ocr_carea' id='block_1_91' title="bbox 446 5355 2017 5446">
    <p class='ocr_par' dir='ltr' id='par_1_91' title="bbox 446 5355 2017 5446">
     <span class='ocr_line' id='line_1_91' title="bbox 446 5355 2017 5446; baseline 0 -33"><span class='ocrx_word' id='word_1_604' title='bbox 446 5373 743 5446; x_wconf 66' lang='lat' dir='ltr'><strong>possimus,</strong></span> <span class='ocrx_word' id='word_1_605' title='bbox 773 5379 885 5436; x_wconf 88' lang='lat' dir='ltr'><strong>quo</strong></span> <span class='ocrx_word' id='word_1_606' title='bbox 912 5365 968 5419; x_wconf 91' lang='lat' dir='ltr'><strong>in</strong></span> <span class='ocrx_word' id='word_1_607' title='bbox 1014 5370 1215 5432; x_wconf 84' lang='lat' dir='ltr'><strong>genere</strong></span> <span class='ocrx_word' id='word_1_608' title='bbox 1246 5366 1376 5413; x_wconf 89' lang='lat' dir='ltr'><strong>sunt</strong></span> <span class='ocrx_word' id='word_1_609' title='bbox 1413 5355 1651 5411; x_wconf 70' lang='lat' dir='ltr'><strong>homilia!</strong></span> <span class='ocrx_word' id='word_1_610' title='bbox 1675 5356 2017 5426; x_wconf 86' lang='lat' dir='ltr'><strong>complures,</strong></span> 
     </span>
    </p>
   </div>
   <div class='ocr_carea' id='block_1_92' title="bbox 448 5449 2026 5531">
    <p class='ocr_par' dir='ltr' id='par_1_92' title="bbox 448 5449 2026 5531">
     <span class='ocr_line' id='line_1_92' title="bbox 448 5449 2026 5531; baseline -0.011 -6"><span class='ocrx_word' id='word_1_611' title='bbox 448 5477 505 5525; x_wconf 90' lang='lat' dir='ltr'><strong>et</strong></span> <span class='ocrx_word' id='word_1_612' title='bbox 543 5464 836 5522; x_wconf 88' lang='lat' dir='ltr'><strong>minutiora</strong></span> <span class='ocrx_word' id='word_1_613' title='bbox 865 5457 1116 5531; x_wconf 80' lang='lat' dir='ltr'><strong>quaedam</strong></span> <span class='ocrx_word' id='word_1_614' title='bbox 1158 5451 1453 5525; x_wconf 84' lang='lat' dir='ltr'><strong>opuscula.</strong></span> <span class='ocrx_word' id='word_1_615' title='bbox 1487 5449 1592 5505; x_wconf 88' lang='lat' dir='ltr'><strong>Sed</strong></span> <span class='ocrx_word' id='word_1_616' title='bbox 1643 5458 1827 5505; x_wconf 88' lang='lat' dir='ltr'><strong>tamen</strong></span> <span class='ocrx_word' id='word_1_617' title='bbox 1875 5450 2026 5507; x_wconf 88' lang='lat' dir='ltr'><strong>hunc</strong></span> 
     </span>
    </p>
   </div>
   <div class='ocr_carea' id='block_1_93' title="bbox 452 5547 1740 5627">
    <p class='ocr_par' dir='ltr' id='par_1_93' title="bbox 452 5547 1740 5627">
     <span class='ocr_line' id='line_1_93' title="bbox 452 5547 1740 5627; baseline -0.017 -8"><span class='ocrx_word' id='word_1_618' title='bbox 452 5562 726 5622; x_wconf 85' lang='lat' dir='ltr'><strong>Ordinem,</strong></span> <span class='ocrx_word' id='word_1_619' title='bbox 754 5554 880 5627; x_wconf 87' lang='lat' dir='ltr'><strong>quia</strong></span> <span class='ocrx_word' id='word_1_620' title='bbox 911 5547 1257 5609; x_wconf 77' lang='lat' dir='ltr'><strong>commodior</strong></span> <span class='ocrx_word' id='word_1_621' title='bbox 1287 5555 1392 5607; x_wconf 89' lang='lat' dir='ltr'><strong>est.</strong></span> <span class='ocrx_word' id='word_1_622' title='bbox 1418 5557 1740 5614; x_wconf 88' lang='lat' dir='ltr'><strong>sequemur.</strong></span> 
     </span>
    </p>
   </div>
   <div class='ocr_carea' id='block_1_94' title="bbox 452 5636 2033 5720">
    <p class='ocr_par' dir='ltr' id='par_1_94' title="bbox 452 5636 2033 5720">
     <span class='ocr_line' id='line_1_94' title="bbox 452 5636 2033 5720; baseline -0.011 -11"><span class='ocrx_word' id='word_1_623' title='bbox 452 5712 461 5719; x_wconf 64' lang='grc'><strong><em>,</em></strong></span> <span class='ocrx_word' id='word_1_624' title='bbox 523 5650 792 5720; x_wconf 76' lang='lat' dir='ltr'><strong>Georgius</strong></span> <span class='ocrx_word' id='word_1_625' title='bbox 816 5646 1137 5703; x_wconf 80' lang='lat' dir='ltr'><strong>Scholarius</strong></span> <span class='ocrx_word' id='word_1_626' title='bbox 1162 5643 1342 5697; x_wconf 85' lang='lat' dir='ltr'><strong>adhuc</strong></span> <span class='ocrx_word' id='word_1_627' title='bbox 1362 5640 1543 5696; x_wconf 85' lang='lat' dir='ltr'><strong>laicus</strong></span> <span class='ocrx_word' id='word_1_628' title='bbox 1569 5679 1585 5703; x_wconf 87' lang='lat'><strong>.</strong></span> <span class='ocrx_word' id='word_1_629' title='bbox 1618 5637 1769 5695; x_wconf 88' lang='lat' dir='ltr'><strong>circa</strong></span> <span class='ocrx_word' id='word_1_630' title='bbox 1800 5636 2033 5695; x_wconf 81' lang='lat' dir='ltr'><strong>Floren-</strong></span> 
     </span>
    </p>
   </div>
   <div class='ocr_carea' id='block_1_95' title="bbox 457 5734 2022 5810">
    <p class='ocr_par' dir='ltr' id='par_1_95' title="bbox 457 5734 2022 5810">
     <span class='ocr_line' id='line_1_95' title="bbox 457 5734 2022 5810; baseline -0.008 -7"><span class='ocrx_word' id='word_1_631' title='bbox 457 5748 557 5804; x_wconf 91' lang='lat' dir='ltr'><strong>tini</strong></span> <span class='ocrx_word' id='word_1_632' title='bbox 584 5743 805 5802; x_wconf 89' lang='lat' dir='ltr'><strong>concilii</strong></span> <span class='ocrx_word' id='word_1_633' title='bbox 827 5753 1072 5810; x_wconf 86' lang='lat' dir='ltr'><strong>tempora</strong></span> <span class='ocrx_word' id='word_1_634' title='bbox 1094 5737 1319 5807; x_wconf 84' lang='lat' dir='ltr'><strong>scripsit</strong></span> <span class='ocrx_word' id='word_1_635' title='bbox 1362 5734 1654 5808; x_wconf 88' lang='lat' dir='ltr'><strong>epistolas,</strong></span> <span class='ocrx_word' id='word_1_636' title='bbox 1690 5742 1747 5791; x_wconf 91' lang='lat' dir='ltr'><strong>ut</strong></span> <span class='ocrx_word' id='word_1_637' title='bbox 1781 5734 2022 5803; x_wconf 88' lang='lat' dir='ltr'><strong>videtur,</strong></span> 
     </span>
    </p>
   </div>
   <div class='ocr_carea' id='block_1_96' title="bbox 536 5904 1287 5986">
    <p class='ocr_par' dir='ltr' id='par_1_96' title="bbox 536 5904 1287 5986">
     <span class='ocr_line' id='line_1_96' title="bbox 536 5904 1287 5986; baseline -0.007 -21"><span class='ocrx_word' id='word_1_638' title='bbox 536 5914 615 5986; x_wconf 73' lang='grc' dir='ltr'>υ)</span> <span class='ocrx_word' id='word_1_639' title='bbox 648 5913 721 5970; x_wconf 84' lang='lat' dir='ltr'><strong>De</strong></span> <span class='ocrx_word' id='word_1_640' title='bbox 753 5923 1060 5976; x_wconf 84' lang='lat' dir='ltr'><strong>consensu,</strong></span> <span class='ocrx_word' id='word_1_641' title='bbox 1081 5921 1132 5978; x_wconf 84' lang='lat' dir='ltr'><strong>p.</strong></span> <span class='ocrx_word' id='word_1_642' title='bbox 1161 5904 1287 5963; x_wconf 68' lang='lat'><strong>962.</strong></span> 
     </span>
    </p>
   </div>
   <div class='ocr_carea' id='block_1_97' title="bbox 2131 4886 3729 4962">
    <p class='ocr_par' dir='ltr' id='par_1_97' title="bbox 2131 4886 3729 4962">
     <span class='ocr_line' id='line_1_97' title="bbox 2131 4886 3729 4962; baseline -0.001 -18"><span class='ocrx_word' id='word_1_643' title='bbox 2131 4890 2260 4944; x_wconf 87' lang='lat' dir='ltr'><strong>dum</strong></span> <span class='ocrx_word' id='word_1_644' title='bbox 2291 4889 2419 4961; x_wconf 80' lang='lat' dir='ltr'><strong>fuit.</strong></span> <span class='ocrx_word' id='word_1_645' title='bbox 2453 4892 2513 4946; x_wconf 77' lang='grc' dir='ltr'><strong>Ια</strong></span> <span class='ocrx_word' id='word_1_646' title='bbox 2544 4892 2754 4947; x_wconf 88' lang='lat' dir='ltr'><strong>nemini</strong></span> <span class='ocrx_word' id='word_1_647' title='bbox 2786 4886 3056 4962; x_wconf 83' lang='lat' dir='ltr'><strong>inscripta</strong></span> <span class='ocrx_word' id='word_1_648' title='bbox 3080 4891 3181 4955; x_wconf 64' lang='lat'><strong>:28</strong></span> <span class='ocrx_word' id='word_1_649' title='bbox 3223 4889 3580 4958; x_wconf 83' lang='lat' dir='ltr'><strong>Imperatoris</strong></span> <span class='ocrx_word' id='word_1_650' title='bbox 3608 4888 3729 4943; x_wconf 78' lang='lat' dir='ltr'><strong>fra-</strong></span> 
     </span>
    </p>
   </div>
   <div class='ocr_carea' id='block_1_98' title="bbox 2130 4982 3732 5057">
    <p class='ocr_par' dir='ltr' id='par_1_98' title="bbox 2130 4982 3732 5057">
     <span class='ocr_line' id='line_1_98' title="bbox 2130 4982 3732 5057; baseline -0.002 -18"><span class='ocrx_word' id='word_1_651' title='bbox 2130 4985 2197 5040; x_wconf 93' lang='lat' dir='ltr'><strong>tri</strong></span> <span class='ocrx_word' id='word_1_652' title='bbox 2229 5001 2243 5049; x_wconf 92' lang='lat'><strong>;</strong></span> <span class='ocrx_word' id='word_1_653' title='bbox 2275 4985 2340 5040; x_wconf 60' lang='lat'><strong>&#39;5!</strong></span> <span class='ocrx_word' id='word_1_654' title='bbox 2376 4999 2575 5053; x_wconf 86' lang='lat' dir='ltr'><strong>magno</strong></span> <span class='ocrx_word' id='word_1_655' title='bbox 2603 4985 3057 5057; x_wconf 84' lang='lat' dir='ltr'><strong>chartephylaci;</strong></span> <span class='ocrx_word' id='word_1_656' title='bbox 3093 4985 3154 5039; x_wconf 68' lang='grc' dir='ltr'>ια</span> <span class='ocrx_word' id='word_1_657' title='bbox 3190 4983 3371 5038; x_wconf 85' lang='lat' dir='ltr'><strong>Marco</strong></span> <span class='ocrx_word' id='word_1_658' title='bbox 3402 4982 3732 5052; x_wconf 89' lang='lat' dir='ltr'><strong>Lipomano,</strong></span> 
     </span>
    </p>
   </div>
   <div class='ocr_carea' id='block_1_99' title="bbox 2132 5072 3718 5142">
    <p class='ocr_par' dir='ltr' id='par_1_99' title="bbox 2132 5072 3718 5142">
     <span class='ocr_line' id='line_1_99' title="bbox 2132 5072 3718 5142; baseline -0.004 -10"><span class='ocrx_word' id='word_1_659' title='bbox 2132 5077 2415 5134; x_wconf 82' lang='lat' dir='ltr'><strong>Florentia</strong></span> <span class='ocrx_word' id='word_1_660' title='bbox 2452 5076 2714 5132; x_wconf 85' lang='lat' dir='ltr'><strong>Venetias</strong></span> <span class='ocrx_word' id='word_1_661' title='bbox 2746 5078 2952 5142; x_wconf 88' lang='lat' dir='ltr'><strong>missa;</strong></span> <span class='ocrx_word' id='word_1_662' title='bbox 2998 5076 3061 5132; x_wconf 60' lang='lat'><strong>58</strong></span> <span class='ocrx_word' id='word_1_663' title='bbox 3092 5076 3386 5131; x_wconf 85' lang='lat' dir='ltr'><strong>Ambrosio</strong></span> <span class='ocrx_word' id='word_1_664' title='bbox 3414 5072 3718 5130; x_wconf 79' lang='lat' dir='ltr'><strong>Carualdu-</strong></span> 
     </span>
    </p>
   </div>
   <div class='ocr_carea' id='block_1_100' title="bbox 2136 5167 3732 5241">
    <p class='ocr_par' dir='ltr' id='par_1_100' title="bbox 2136 5167 3732 5241">
     <span class='ocr_line' id='line_1_100' title="bbox 2136 5167 3732 5241; baseline -0.006 -12"><span class='ocrx_word' id='word_1_665' title='bbox 2136 5173 2278 5229; x_wconf 91' lang='lat' dir='ltr'><strong>lensi</strong></span> <span class='ocrx_word' id='word_1_666' title='bbox 2308 5188 2323 5239; x_wconf 90' lang='lat'><strong>;</strong></span> <span class='ocrx_word' id='word_1_667' title='bbox 2358 5171 2432 5227; x_wconf 70' lang='grc' dir='ltr'><strong>ϐα</strong></span> <span class='ocrx_word' id='word_1_668' title='bbox 2467 5170 2666 5241; x_wconf 82' lang='lat' dir='ltr'><strong>Magno</strong></span> <span class='ocrx_word' id='word_1_669' title='bbox 2711 5172 2873 5228; x_wconf 88' lang='lat' dir='ltr'><strong>duci:</strong></span> <span class='ocrx_word' id='word_1_670' title='bbox 2909 5170 3114 5226; x_wconf 89' lang='lat' dir='ltr'><strong>ibidem</strong></span> <span class='ocrx_word' id='word_1_671' title='bbox 3146 5183 3368 5239; x_wconf 88' lang='lat' dir='ltr'><strong>quoque</strong></span> <span class='ocrx_word' id='word_1_672' title='bbox 3400 5167 3634 5235; x_wconf 88' lang='lat' dir='ltr'><strong>scripta,</strong></span> <span class='ocrx_word' id='word_1_673' title='bbox 3670 5174 3732 5221; x_wconf 91' lang='lat' dir='ltr'><strong>ut</strong></span> 
     </span>
    </p>
   </div>
   <div class='ocr_carea' id='block_1_101' title="bbox 2138 5258 3728 5331">
    <p class='ocr_par' dir='ltr' id='par_1_101' title="bbox 2138 5258 3728 5331">
     <span class='ocr_line' id='line_1_101' title="bbox 2138 5258 3728 5331; baseline -0.004 -12"><span class='ocrx_word' id='word_1_674' title='bbox 2138 5265 2384 5327; x_wconf 84' lang='lat' dir='ltr'><strong>videtur,</strong></span> <span class='ocrx_word' id='word_1_675' title='bbox 2417 5279 2527 5319; x_wconf 89' lang='lat' dir='ltr'><strong>non</strong></span> <span class='ocrx_word' id='word_1_676' title='bbox 2563 5280 2628 5319; x_wconf 82' lang='lat' dir='ltr'><strong>ex</strong></span> <span class='ocrx_word' id='word_1_677' title='bbox 2664 5265 2896 5327; x_wconf 66' lang='lat' dir='ltr'><strong>Grmcia,</strong></span> <span class='ocrx_word' id='word_1_678' title='bbox 2935 5263 3342 5331; x_wconf 78' lang='lat' dir='ltr'><strong>utsuspicatus</strong></span> <span class='ocrx_word' id='word_1_679' title='bbox 3372 5271 3458 5315; x_wconf 77' lang='lat' dir='ltr'><strong>eet</strong></span> <span class='ocrx_word' id='word_1_680' title='bbox 3490 5258 3728 5313; x_wconf 81' lang='lat' dir='ltr'><strong>Allatius</strong></span> 
     </span>
    </p>
   </div>
   <div class='ocr_carea' id='block_1_102' title="bbox 2131 5348 3735 5432">
    <p class='ocr_par' dir='ltr' id='par_1_102' title="bbox 2131 5348 3735 5432">
     <span class='ocr_line' id='line_1_102' title="bbox 2131 5348 3735 5432; baseline -0.006 -18"><span class='ocrx_word' id='word_1_681' title='bbox 2131 5360 2227 5432; x_wconf 89' lang='lat' dir='ltr'><strong>qui</strong></span> <span class='ocrx_word' id='word_1_682' title='bbox 2271 5359 2424 5414; x_wconf 87' lang='lat' dir='ltr'><strong>illius</strong></span> <span class='ocrx_word' id='word_1_683' title='bbox 2460 5359 2710 5413; x_wconf 79' lang='lat' dir='ltr'><strong>uterninit</strong></span> <span class='ocrx_word' id='word_1_684' title='bbox 2741 5358 2842 5429; x_wconf 81' lang='lat' dir='ltr'><strong>(l).</strong></span> <span class='ocrx_word' id='word_1_685' title='bbox 2874 5356 3069 5413; x_wconf 73' lang='lat' dir='ltr'><strong>Exstat</strong></span> <span class='ocrx_word' id='word_1_686' title='bbox 3096 5370 3318 5426; x_wconf 88' lang='lat' dir='ltr'><strong>quoque</strong></span> <span class='ocrx_word' id='word_1_687' title='bbox 3350 5351 3564 5427; x_wconf 84' lang='lat' dir='ltr'><strong>incod.</strong></span> <span class='ocrx_word' id='word_1_688' title='bbox 3594 5348 3735 5407; x_wconf 89' lang='lat' dir='ltr'><strong>Col-</strong></span> 
     </span>
    </p>
   </div>
   <div class='ocr_carea' id='block_1_103' title="bbox 2128 5442 3730 5525">
    <p class='ocr_par' dir='ltr' id='par_1_103' title="bbox 2128 5442 3730 5525">
     <span class='ocr_line' id='line_1_103' title="bbox 2128 5442 3730 5525; baseline -0.01 -14"><span class='ocrx_word' id='word_1_689' title='bbox 2128 5454 2351 5511; x_wconf 78' lang='lat' dir='ltr'><strong>bertino</strong></span> <span class='ocrx_word' id='word_1_690' title='bbox 2390 5451 2575 5519; x_wconf 73' lang='lat'><strong>4958;</strong></span> <span class='ocrx_word' id='word_1_691' title='bbox 2613 5452 2675 5505; x_wconf 75' lang='grc'><strong>’1⁸</strong></span> <span class='ocrx_word' id='word_1_692' title='bbox 2743 5463 3019 5524; x_wconf 80' lang='lat' dir='ltr'><strong>anonymo</strong></span> <span class='ocrx_word' id='word_1_693' title='bbox 3062 5448 3133 5504; x_wconf 89' lang='lat' dir='ltr'><strong>de</strong></span> <span class='ocrx_word' id='word_1_694' title='bbox 3179 5446 3412 5518; x_wconf 83' lang='lat' dir='ltr'><strong>privatis</strong></span> <span class='ocrx_word' id='word_1_695' title='bbox 3440 5442 3730 5525; x_wconf 72' lang='lat' dir='ltr'><strong>negotiis:</strong></span> 
     </span>
    </p>
   </div>
   <div class='ocr_carea' id='block_1_104' title="bbox 2135 5533 3732 5615">
    <p class='ocr_par' dir='ltr' id='par_1_104' title="bbox 2135 5533 3732 5615">
     <span class='ocr_line' id='line_1_104' title="bbox 2135 5533 3732 5615; baseline -0.009 -12"><span class='ocrx_word' id='word_1_696' title='bbox 2135 5545 2200 5603; x_wconf 63' lang='lat' dir='ltr'><strong>84!l</strong></span> <span class='ocrx_word' id='word_1_697' title='bbox 2231 5544 2524 5614; x_wconf 83' lang='lat' dir='ltr'><strong>Philelpho</strong></span> <span class='ocrx_word' id='word_1_698' title='bbox 2553 5542 2930 5599; x_wconf 81' lang='lat' dir='ltr'><strong>Mediolanum</strong></span> <span class='ocrx_word' id='word_1_699' title='bbox 2977 5535 3476 5615; x_wconf 74' lang='lat' dir='ltr'><strong>Constantinopoli.</strong></span> <span class='ocrx_word' id='word_1_700' title='bbox 3501 5533 3732 5603; x_wconf 81' lang='lat' dir='ltr'><strong>scripta,</strong></span> 
     </span>
    </p>
   </div>
   <div class='ocr_carea' id='block_1_105' title="bbox 2146 5629 3738 5705">
    <p class='ocr_par' dir='ltr' id='par_1_105' title="bbox 2146 5629 3738 5705">
     <span class='ocr_line' id='line_1_105' title="bbox 2146 5629 3738 5705; baseline -0.01 -8"><span class='ocrx_word' id='word_1_701' title='bbox 2146 5651 2207 5697; x_wconf 89' lang='lat' dir='ltr'><strong>ut</strong></span> <span class='ocrx_word' id='word_1_702' title='bbox 2240 5638 2521 5703; x_wconf 81' lang='lat' dir='ltr'><strong>existimo,</strong></span> <span class='ocrx_word' id='word_1_703' title='bbox 2574 5643 2631 5692; x_wconf 91' lang='lat' dir='ltr'><strong>et</strong></span> <span class='ocrx_word' id='word_1_704' title='bbox 2689 5645 2817 5691; x_wconf 87' lang='lat' dir='ltr'><strong>ante</strong></span> <span class='ocrx_word' id='word_1_705' title='bbox 2863 5632 3267 5705; x_wconf 83' lang='lat' dir='ltr'><strong>profectionem</strong></span> <span class='ocrx_word' id='word_1_706' title='bbox 3321 5629 3588 5692; x_wconf 84' lang='lat' dir='ltr'><strong>Italicam,</strong></span> <span class='ocrx_word' id='word_1_707' title='bbox 3637 5634 3738 5681; x_wconf 86' lang='lat' dir='ltr'><strong>aut</strong></span> 
     </span>
    </p>
   </div>
   <div class='ocr_carea' id='block_1_106' title="bbox 2108 5725 3744 5808">
    <p class='ocr_par' dir='ltr' id='par_1_106' title="bbox 2108 5725 3744 5808">
     <span class='ocr_line' id='line_1_106' title="bbox 2108 5725 3744 5808; baseline -0.006 -15"><span class='ocrx_word' id='word_1_708' title='bbox 2108 5769 2113 5773; x_wconf 80' lang='lat'><strong>~</strong></span> <span class='ocrx_word' id='word_1_709' title='bbox 2148 5744 2273 5808; x_wconf 85' lang='lat' dir='ltr'><strong>post</strong></span> <span class='ocrx_word' id='word_1_710' title='bbox 2306 5732 2549 5792; x_wconf 85' lang='lat' dir='ltr'><strong>reditum</strong></span> <span class='ocrx_word' id='word_1_711' title='bbox 2579 5749 2595 5800; x_wconf 90' lang='lat'><strong>;</strong></span> <span class='ocrx_word' id='word_1_712' title='bbox 2625 5746 2752 5787; x_wconf 85' lang='lat' dir='ltr'><strong>nam</strong></span> <span class='ocrx_word' id='word_1_713' title='bbox 2780 5730 2837 5787; x_wconf 92' lang='lat' dir='ltr'><strong>in</strong></span> <span class='ocrx_word' id='word_1_714' title='bbox 2872 5745 2939 5787; x_wconf 85' lang='lat' dir='ltr'><strong>ea</strong></span> <span class='ocrx_word' id='word_1_715' title='bbox 2965 5728 3119 5786; x_wconf 89' lang='lat' dir='ltr'><strong>dolet</strong></span> <span class='ocrx_word' id='word_1_716' title='bbox 3152 5726 3292 5799; x_wconf 85' lang='lat' dir='ltr'><strong>eripi</strong></span> <span class='ocrx_word' id='word_1_717' title='bbox 3326 5725 3433 5783; x_wconf 85' lang='lat' dir='ltr'><strong>sibi</strong></span> <span class='ocrx_word' id='word_1_718' title='bbox 3464 5741 3562 5799; x_wconf 87' lang='lat' dir='ltr'><strong>per</strong></span> <span class='ocrx_word' id='word_1_719' title='bbox 3592 5731 3744 5783; x_wconf 71' lang='lat' dir='ltr'><strong>stre.-</strong></span> 
     </span>
    </p>
   </div>
  </div>
