4102 6480
317 405 427 470 237
451 389 457 397 '

1358 413 1745 477 GENNADII
1773 414 1888 476 CP.
1925 416 2450 482 PATRIARCHA!

3485 425 3604 487 288‘

317 522 493 588 pitum
519 518 856 590 judiciorum
892 525 1219 582 occasiones
1244 526 1311 582 ad
1337 531 1546 586 amicos
1581 529 1860 585 scribendi
1890 547 1904 595 ;
1937 548 1981 605 Α
2011 537 2275 593 vertenda
2332 539 2540 594 υηῖοηε
2606 536 2930 606 contulisse,
2984 535 3189 594 frustra
3245 543 3592 608 quereretur

316 616 382 670 90
409 614 663 683 principi,
691 616 976 686 πρίτιιιπι,
1006 617 1124 674 sive
1161 621 1208 676 is
1237 621 1309 676 sit
1340 622 1667 679 Theodorus
1690 622 1898 694 Despo-

319 716 400 770 ta,
427 707 543 762 sive
566 705 970 766 Constantinus
998 713 1090 781 qui
1114 724 1301 782 postea
1335 715 1637 785 imperator
1669 714 1900 772 ultimus

322 799 467 867 fuit;
522 801 618 856 1οα
671 801 992 872 imperatori
1029 804 1420 875 Constantino,
1480 823 1645 880 quam
1679 808 1904 879 scripsit

318 895 432 961 jam
458 894 788 959 monachus,
804 897 1012 966 gratias
1031 912 1202 968 agens
1225 899 1289 954 de
1311 901 1654 958 munusculis
1675 901 1902 967 missisf;

326 987 423 1040 Ηι
458 985 640 1041 Paisio
691 987 893 1054 Cretze,
939 1001 997 1044 ut
1047 991 1412 1062 conjicimus,
1461 994 1905 1064 archiepiscopo,

326 1080 415 1133 cui
465 1080 762 1150 perpetuos
793 1099 894 1152 pro
927 1083 1154 1138 Christo
1191 1085 1410 1140 labores
1438 1093 1492 1139 et
1524 1086 1905 1141 liberationem

325 1188 391 1226 ex
451 1189 676 1229 carcere
739 1176 1087 1246 gratulatur;
1147 1179 1244 1233 12η
1293 1159 1558 1234 Lemnum
1608 1179 1677 1235 de
1733 1177 1910 1234 turbis

326 1265 957 1334 ConstantiuopOlitanis
993 1286 1008 1335 ;
1049 1269 1149 1322 15⁸
1184 1269 1504 1340 Imperatori
1541 1269 1909 1338 Trapezuntis

329 1357 398 1411 de
437 1359 600 1414 missa
641 1359 707 1414 ad
756 1359 920 1414 Italos
961 1359 1270 1428 legatione:
1301 1363 1399 1416 Ηι
1433 1362 1824 1434 Νοιιιοριιγιιισὶ
1855 1363 1910 1418 in

331 1449 770 1517 Pe'oponnesum
799 1469 813 1517 ;
846 1451 946 1506 15⁸
984 1451 1164 1508 Marco
1195 1453 1474 1522 Ephesino
1499 1454 1717 1524 praeﬁxa
1744 1468 1915 1523 opus-

327 1544 453 1597 culo
485 1543 755 1599 adversus
776 1543 1083 1601 Gemistum
1116 1545 1438 1602 Plethonem
1471 1561 1571 1617 pro
1597 1546 1913 1602 Aristotelis

331 1633 700 1700 defensione;
753 1633 850 1690 16³
897 1635 1104 1700 absque
1143 1635 1328 1701 titulo,
1377 1637 1445 1692 de
1475 1637 1710 1708 privatis
1739 1651 1916 1708 nego-

335 1728 451 1784 tiis.
500 1726 614 1782 Has
660 1726 942 1797 Epistolas
980 1742 1175 1783 omnes
1216 1736 1574 1798 repraesentat
1599 1727 1772 1784 codex
1807 1743 1911 1783 ms.

2003 645 2114 700 quo
2153 639 2397 699 tempore
2427 632 2568 687 hanc
2595 631 2918 702 Apologiam
2947 629 3140 692 edidit,
3182 644 3307 700 quae
3335 644 3445 683 non
3482 627 3588 681 nisi

2003 734 2129 795 post
2184 725 2392 780 cladem
2446 723 2622 789 urbis,
2679 732 2846 794 atque
2898 723 3039 780 adeo
3091 723 3148 777 in
3209 723 3589 793 patriarchatu

2005 817 2213 887 scripta
2242 824 2522 882 censetur,
2555 818 2625 874 ab
2664 816 2735 872 iis
2765 815 2855 887 qui
2903 815 3053 871 illam
3103 813 3391 872 Gennadio
3437 813 3594 868 attri-

2005 908 2184 964 buunt
2219 910 2300 980 (σ)
2332 927 2349 966 :
2387 925 2669 980 nunquam
2712 909 2858 964 enim
2916 915 3264 979 resumptum
3313 907 3491 963 semel"
3539 906 3594 959 in

2010 1001 2236 1058 Latinos
2263 1003 2448 1058 odium
2467 1002 2748 1072 deposuit,
2776 1002 2890 1056 imo
2905 1000 3190 1072 perpetuis
3225 997 3596 1055 accusationi-

2009 1096 2115 1151 bus
2136 1096 2192 1152 in
2225 1111 2323 1152 eos
2353 1097 2607 1156 invectus
2629 1104 2741 1161 est,
2773 1104 2832 1151 et
2857 1096 2914 1151 in
2939 1110 3002 1151 ea
3031 1093 3310 1152 sententia
3335 1093 3402 1148 ad
3431 1093 3590 1147 linem

2012 1204 2186 1260 usque
2210 1191 2336 1246 vitae
2385 1188 2778 1262 perseveravit.
2839 1187 2894 1244 Si
2924 1203 3058 1258 ergo
3114 1187 3264 1243 illius
3309 1201 3449 1256 opus
3481 1185 3597 1239 hrrc

2012 1283 2275 1353 Apologia
2328 1283 2604 1339 censenda
2651 1293 2759 1348 est,
2811 1282 3074 1352 scriptam
3129 1280 3302 1336 fuisse
3351 1279 3600 1349 oportuit

2014 1390 2108 1432 aut
2141 1377 2456 1442 Florentiae,
2487 1385 2580 1431 aut
2610 1376 2794 1432 statim
2830 1382 2950 1442 post
2977 1373 3236 1430 reditum.
3265 1371 3370 1426 Sed
3395 1373 3440 1427 si
3471 1371 3597 1438 quis

2015 1471 2089 1526 ita
2121 1477 2348 1534 statuat,
2400 1469 2648 1525 eamdem
2693 1467 3075 1538 interpolatam
3141 1464 3313 1520 fuisse
3365 1463 3600 1518 fateatur

2017 1578 2246 1618 necesse
2278 1569 2385 1626 est,
2418 1561 2616 1616 adsuta
2653 1560 2723 1616 de
2767 1555 3178 1616 calamitatibus
3211 1555 3600 1610 Constantino-

2017 1655 2279 1728 politanis
2304 1654 2442 1710 satis
2479 1655 2639 1726 longa
2666 1652 2906 1712 lacinia.

2089 1745 2380 1802 Orationes
2399 1745 2480 1800 ha:
2505 1751 2724 1801 exstant
2757 1761 2771 1798 :
2807 1743 2904 1807 Et;
2931 1743 3032 1813 τὴν
3066 1739 3234 1811 ἁγίαν
3267 1740 3364 1795 τοῦ
3397 1739 3602 1808 Κυρίου

330 1820 680 1875 bibliothecae
742 1818 944 1888 Reglm,
1003 1820 1262 1884 selectas.
1297 1829 1358 1876 ut
1386 1821 1646 1886 videtur,
1689 1835 1757 1876 ex
1789 1819 1913 1876 aliis

2021 1841 2179 1910 ἡμῶν
2249 1836 2428 1907 Ἰησοῦ
2495 1835 2737 1907 Χριστοῦ
2797 1834 3294 1904 Μεταμᾶρςρωσιν,
3356 1835 3410 1887 in
3473 1830 3609 1886 Iesu

330 1913 605 1983 pluribus,
649 1914 808 1982 quasi
845 1912 1129 1985 digniores
1156 1929 1276 1982 qure
1295 1914 1348 1968 in
1368 1913 1620 1969 codicem
1644 1913 1913 1968 referren-

2022 1931 2225 1986 Christi
2263 1927 2481 1985 Domini
2515 1927 2687 1983 nostri
2738 1925 3316 1995 Transﬁgurationem.
3365 1923 3603 1993 Scripta,

337 2015 450 2060 tur.
487 2005 544 2060 lu
600 2006 924 2061 Colbertino
957 2006 1235 2076 adiunctae
1258 2015 1390 2062 sunt
1421 2015 1671 2062 veterum
1701 2005 1917 2075 aliquot
2023 2033 2083 2080 υι
2111 2025 2343 2080 ,κώθων
2373 2023 2430 2078 in
2457 2022 2649 2078 codice
2682 2019 2850 2091 Regio
2879 2019 3044 2084 9955,
3078 2032 3204 2073 cum
3233 2016 3411 2072 adhuc
3436 2030 3610 2069 me“-

333 2098 620 2168 epistolis,
655 2097 799 2154 unde
838 2099 964 2172 styli
1015 2099 1202 2169 potius
1242 2096 1615 2170 gratia’quam
1643 2097 1711 2154 ad
1743 2097 1922 2154 histo-

336 2193 476 2246 riam
506 2192 888 2248 illustrandam
921 2192 1180 2248 videntur
1209 2193 1472 2258 collectae,
1499 2201 1560 2248 ut
1588 2192 1751 2247 etiam
1787 2206 1922 2260 pau-

239 2319 248 2328 ι
337 2301 419 2339 ere
456 2284 667 2355 aliquot
705 2284 866 2340 Lucae
912 2283 1130 2340 Notaraz
1203 2283 1385 2354 Magni
1423 2284 1607 2351 ducis,
1646 2283 1918 2340 Theodori

338 2377 592 2446 Despolte
619 2419 633 2442 ,
656 2389 710 2432 et
743 2379 1107 2451 quorumdam
1131 2378 1365 2434 aliorum
1401 2376 1616 2448 imperii
1652 2376 1923 2433 Constan-

339 2469 687 2535 tiuopolitani
715 2487 1028 2540 procerum.

412 2562 706 2620 Florentiae
774 2566 1000 2636 scripsit
1065 2565 1358 2624 Orationes
1414 2580 1537 2636 quae
1590 2579 1712 2619 cum
1768 2563 1923 2618 Actis

341 2655 561 2711 concilii
591 2657 1084 2724 circumferuntur,
1120 2659 1167 2716 si
1209 2668 1392 2714 tamen
1427 2659 1576 2714 illius
1604 2665 1734 2713 sunt
1769 2673 1785 2723 ;
1823 2671 1926 2726 po-

346 2748 453 2801 tuit
481 2763 616 2803 sane
657 2765 752 2806 eas
786 2752 1119 2822 scripsisse,
1163 2761 1226 2807 ut
1255 2768 1321 2808 ex
1362 2750 1517 2807 Actis
1545 2750 1758 2817 liquet:
1795 2763 1922 2802 nam

344 2841 412 2898 ad
473 2859 666 2898 eorum
730 2846 1064 2902 sententiam
1119 2844 1214 2914 qui
1263 2844 1526 2901 unionem
1555 2858 1681 2898 cum
1715 2840 1925 2896 Latinis

343 2936 665 3002 suaderent,
716 2939 1025 2995 accessisse
1065 2937 1362 3009 Georgium
1401 2937 1752 2992 Scholarium
1777 2933 1924 2988 veri-

345 3030 528 3086 simile
582 3039 689 3093 est,
755 3033 866 3086 inzo
927 3041 1164 3094 certum,
1210 3031 1317 3086 nisi
1347 3030 1473 3101 quis
1501 3030 1634 3086 Acta
1668 3028 1927 3084 falsitatis

345 3136 594 3190 accuset,
641 3125 786 3190 quod
825 3124 996 3180 certis
1050 3125 1388 3195 argumentis
1434 3125 1674 3192 probare
1709 3120 1928 3177 diliicile

344 3222 452 3269 est.
484 3214 790 3270 Conﬁrmat
818 3217 1083 3272 Actorum
1114 3217 1274 3272 (idem
1303 3217 1536 3287 epistola
1561 3215 1729 3270 Marci
1753 3211 1928 3282 Ephe-

2023 2119 2158 2174 laris
2179 2125 2349 2182 esset,
2385 2115 2492 2172 sub
2523 2112 2738 2171 Joanne
2797 2115 3150 2182 imperatore,
3187 2115 3402 2180 reperta
3431 2105 3603 2162 Thes-

2022 2211 2281 2268 salonica:
2313 2216 2436 2281 post
2456 2217 2671 2278 captam
2702 2203 3245 2272 Constantinopolin.

2099 2307 2153 2361 In
2191 2305 2332 2361 [esto
2360 2303 2472 2358 τῶν
2505 2301 2745 2357 Εῑσόδων
2778 2297 3258 2372 προσφωνητικός.
3295 2295 3458 2350 Lecta
3490 2292 3619 2346 hate-

2026 2398 2203 2454 oratio
2230 2398 2284 2451 in
2320 2393 2658 2450 monasterio
2710 2390 3004 2461 Periblepti
3035 2388 3294 2460 primum,
3346 2392 3620 2455 praesente

2026 2489 2392 2548 Constantino
2429 2487 2784 2556 imperatore.

2098 2582 2218 2637 Alia
2248 2581 2458 2650 absque
2492 2578 2677 2655 titulo,
2704 2574 2876 2632 πάλαι
2906 2574 3009 2647 μὲν
3045 2573 3315 2638 Ἰουδαῖοι,
3335 2575 3392 2630 in
3417 2571 3615 2627 eodem

2027 2672 2237 2729 codice.

2098 2766 2156 2821 lu
2226 2760 2764 2820 Commemoratione
2830 2757 3223 2815 Decollalionis
3283 2755 3343 2812 S.
3382 2755 3613 2812 Joannis

2029 2858 2304 2929 Baptistae.
2341 2854 2532 2912 Oratio
2578 2841 2759 2910 exstat
2805 2853 2861 2906 in
2895 2852 3088 2908 eodem
3122 2851 3248 2906 cod.
3281 2850 3342 2904 In
3394 2859 3611 2911 nostro,

2031 2953 2134 3008 sub
2199 2950 2360 3006 titulo
2416 2947 2688 3004 Geunadii
2744 2943 3025 3011 Monachi,
3089 2943 3285 3012 incipit
3335 2960 3350 2998 :
3398 2941 3458 2995 Ὀ
3516 2942 3616 3011 μὲν

2032 3045 2302 3116 μακάριος
2358 3041 2616 3112 Ἰωάννης
2670 3040 2764 3094 καὶ
2820 3037 3157 3108 Burnus-iis.
3214 3035 3500 3092 Omittitur
3549 3031 3618 3089 ab

2030 3135 2257 3190 Allatio.
3635 3191 3639 3195 .

2103 3234 2245 3296 Alia,
2294 3232 2376 3295 εἷς
2402 3230 2502 3299 τὴν
2565 3227 2710 3282 κατὰ
2745 3224 2924 3298 σάρκα
2954 3223 3211 3292 γέννησιν
3263 3218 3360 3273 τοῦ
3409 3218 3618 3286 Κυρίου

348 3308 456 3362 sini
498 3322 563 3363 ex
616 3309 740 3363 cod.
795 3309 1115 3367 Florentino
1163 3320 1221 3366 et
1251 3326 1374 3381 quae
1421 3317 1600 3363 exstat
1649 3308 1703 3363 in
1756 3305 1915 3374 [legit

2039 3325 2200 3396 ἡμῶν
2233 3322 2412 3394 Ἰησοῦ
2443 3316 2827 3390 Χριστοῦπιιι
2874 3314 3227 3371 Natiuitotem
3281 3310 3495 3366 Domini
3527 3326 3620 3363 no-

348 3401 496 3458 2953
525 3401 792 3474 producta
827 3406 898 3458 ab
932 3403 1160 3471 Allatio,
1190 3419 1298 3474 qua
1325 3405 1381 3458 in
1410 3402 1753 3458 Scholarium
1783 3401 1915 3456 inve-

2041 3419 2144 3473 stri
2171 3414 2302 3472 Iesu
2336 3414 2535 3470 Christi
2567 3411 2858 3468 secundum
2913 3423 3148 3463 carnem.
3200 3401 3467 3459 Genuadii
3503 3400 3616 3454 Mo-

353 3495 537 3562 bitnr,
589 3494 737 3564 quod
817 3495 1055 3565 aliquam
1113 3511 1236 3553 eum
1298 3496 1515 3552 Latinis
1572 3494 1931 3552 concordiam
2043 3509 2206 3568 "ach;
2259 3511 2314 3565 ει,
2366 3507 2559 3564 eodem
2615 3503 2741 3560 cod,
2801 3509 2857 3558 et
2901 3502 2956 3556 in
3020 3508 3233 3563 nostro,
3295 3495 3512 3564 incipit,
3558 3495 3623 3546 Oi

353 3586 472 3641 ﬁeri
524 3601 688 3656 posse
739 3589 1137 3644 existimasset.
1163 3587 1367 3643 Verum
1400 3603 1510 3642 non
1538 3602 1712 3659 pauca
1739 3587 1795 3641 in
1833 3587 1915 3641 ha:

2040 3600 2423 3674 λαμπρότατοι
2487 3601 2589 3669 τῆς
2659 3593 2989 3662 Ἐκκλησῐας
3042 3588 3356 3659 φωστῆρες.
3407 3584 3620 3654 Scripta

354 3681 636 3738 orationes
687 3681 984 3751 irrepsisse
1043 3681 1322 3738 fatendum
1369 3690 1479 3748 est,
1510 3698 1632 3753 quae
1669 3682 1915 3737 adnotari

2045 3704 2131 3753 est
2159 3701 2344 3752 autem
2377 3693 2431 3748 in
2465 3689 2804 3747 monasterio
2843 3684 2906 3745 S.
2949 3682 3176 3740 Joannis
3209 3680 3489 3752 Baptistae.
3521 3677 3627 3733 Ex-

356 3774 669 3843 prolixioris
717 3784 864 3833 esset
897 3791 1100 3847 operae.
1135 3775 1312 3832 Edita:
1349 3784 1482 3834 sunt
1510 3784 1565 3831 ει
1596 3776 1784 3831 Romae
1808 3773 1957 3829 cum'
2047 3788 2242 3847 statin
2290 3783 2453 3842 codd.
2499 3780 2688 3852 Regiis
2733 3777 2877 3835 2955
2907 3785 2961 3833 et
3005 3773 3148 3830 2959
3177 3780 3232 3828 et
3291 3771 3347 3826 in
3391 3780 3623 3828 nostro:

357 3869 603 3923 concilio
639 3867 962 3926 Florentino
998 3869 1053 3924 in
1087 3869 1184 3926 l‘ol.
1215 3866 1650 3933 Graece-Latine,
1679 3867 1940 3924 Matthmo
2047 3879 2165 3950 ejus
2194 3892 2303 3933 non
2341 3872 2594 3930 meminit
2626 3869 2887 3924 Allatius.

354 3957 724 4032 Caryophyllo
753 3961 1073 4032 interprete,
1106 3962 1238 4018 etin
1267 3965 1324 4016 4°
1355 3971 1468 4016 tum
1497 3960 1552 4015 in
1570 3959 1942 4016 editiouello-
2121 3973 2242 4029 Atia
2298 3970 2365 4026 de
2417 3964 2682 4024 Transitu
2735 3961 2798 4016 Β.
2857 3959 3044 4015 Maria:
3087 3955 3352 4028 Virginis.
3414 3953 3507 4008 ἐπὶ
3557 3953 3625 4023 τῇ

360 4063 524 4105 mana
564 4051 930 4108 conciliorum
980 4066 1074 4109 an.
1105 4051 1247 4107 1612
1269 4089 1285 4116 ,
1313 4061 1444 4108 tom.
1480 4049 1571 4106 ιν.
1600 4051 1834 4106 Exstare
1866 4050 1915 4105 ai

2053 4065 2386 4137 μεταστάσει
2479 4057 2582 4128 τῆς
2659 4055 2970 4122 ὑπεραγιας
3069 4039 3377 4117 Δεσποίνηὲ
3470 4043 3633 4137 ήμῷν

360 4145 600 4200 Allatius
638 4147 691 4202 in
725 4146 886 4202 codd.
919 4161 1057 4204 mss.
1087 4145 1462 4210 Scoriacensi,
1490 4143 1772 4200 Bavaricis
1804 4145 1939 4202 duo-
2051 4134 2341 4210 Θεοτόκου.
2396 4150 2588 4205 Exstat
2636 4144 2690 4200 iu
2732 4143 2924 4200 eodem
2978 4139 3149 4209 Regio
3197 4136 3410 4200 εοάῖοθο
3469 4142 3527 4190 ει
3575 4134 3632 4189 in

354 4237 921 4314 ,δυενΑΠθιιΨείίδυον
981 4244 1038 4294 ει
1089 4237 1218 4294 Am-
1282 4237 1602 4307 Αυιιιιειὶιιῑο
1661 4237 1946 4294 "amni"?
2051 4247 2218 4304 2959.
2268 4243 2346 4299 Ex
2377 4241 2500 4312 ejus
2547 4237 2710 4294 titulo
2740 4234 3021 4306 colligitur
3061 4231 3328 4300 scriptam
3363 4228 3535 4284 fuisse
3578 4225 3631 4281 in

357 4343 587 4399 quoque
615 4330 671 4384 in
699 4331 863 4385 codd.
901 4328 1090 4402 Regiis
1110 4371 1126 4397 ,
1156 4338 1214 4385 et
1240 4330 1293 4386 in
1334 4331 1587 4387 Caesarea
1616 4331 1944 4388 bibliotheca
2055 4333 2391 4394 monasterio
2411 4327 2880 4390 Pammacariatae,
2905 4338 3103 4392 nempe
3127 4317 3631 4389 Constantinopoli,

362 4429 424 4475 "°
459 4420 551 4486 δί’
583 4423 724 4477 inter
754 4422 978 4479 (ἕπεσθε
1013 4422 1443 4493 1ιίεῑ()¹“Ῐ(²()³(¹)·
2055 4432 2251 4487 lectam
2287 4428 2346 4482 in
2377 4425 2512 4496 festo
2547 4419 2895 4476 Dormitionis
2935 4416 2978 4471 B
3011 4414 3228 4475 Mariae,
3257 4415 3309 4466 in
3344 4413 3523 4471 tertio,
3552 4411 3638 4464 ins

439 4513 704 4583 ᾹΡΟΙΟΒῙει
731 4529 832 4585 Pro
863 4515 1108 4584 (ιυῑηίιυθ
1135 4515 1410 4584 οθρίιίδυθ
1455 4498 1678 4571 οοηοίηί
1714 4515 1948 4580 Flnrcn-
2055 4524 2192 4593 quit,
2217 4530 2399 4576 nostro
2421 4518 2490 4572 ad
2521 4514 2700 4571 urbem
2731 4511 2960 4567 violento
2989 4509 3185 4573 reditu,
3208 4505 3400 4560 indict.
3430 4505 3519 4566 l2,
3543 4519 3635 4556 an.

362 4607 466 4661 t'ui
499 4607 680 4662 serius
729 4607 959 4678 scripta,
1010 4607 1156 4663 edita
1215 4617 1298 4664 est
1329 4609 1516 4663 Romae
1562 4608 1700 4664 1577
1748 4611 1801 4664 in
1855 4610 1949 4665 fol.
1982 4628 2026 4686 π)
2058 4613 2146 4677 72,
2175 4613 2281 4669 hoc
2304 4620 2394 4668 est
2425 4599 2585 4664 anno
2615 4604 2802 4660 mundi
2832 4601 3140 4658 secundum
3199 4598 3423 4653 Graecos
3475 4594 3638 4655 697?.

364 4718 489 4756 tum
515 4701 705 4757 eodem
733 4701 972 4757 concilio
1003 4700 1229 4766 Graece;
1263 4712 1316 4756 et
1344 4700 1559 4771 Latine,
1585 4703 1754 4759 Fabio
1777 4703 1950 4760 Bene-
2059 4705 2147 4763 etii
2183 4701 2480 4775 respondet
2512 4699 2739 4755 indictio
2781 4694 2940 4761 ιω.
2961 4695 3021 4750 C.
3049 4691 3404 4759 MOLAtque
3428 4690 3502 4743 ita
3539 4688 3642 4741 fal-

364 4793 1284 4864 volentioinlerprete,in?1559,
1315 4794 1772 4852 Grmce~Barbare
1792 4811 1950 4852 versa
2060 4796 2370 4867 lunturqui
2411 4808 2617 4850 annum
2665 4789 2802 4847 1460
2817 4803 3135 4859 supremum
3163 4783 3446 4839 Genuadio
3470 4781 3642 4836 fuisse

366 4907 394 4939 a
422 4887 674 4940 Mullth
703 4884 1093 4958 Caryophyllo,
1125 4898 1180 4942 et
1211 4888 1504 4958 aliquoties
1531 4888 1584 4943 iu
1618 4887 1947 4943 Bibliotheca
2056 4897 2206 4950 nullo
2240 4893 2598 4947 fundamento
2629 4884 2919 4938 amrinant.
2950 4877 3225 4935 Videntur
3266 4886 3446 4930 autem
3478 4873 3641 4930 verba

365 4981 612 5037 Patrum.
664 4978 797 5034 Eam
854 4980 1254 5054 Caryophyllus
1311 4982 1593 5039 Gennadio
1644 4982 1947 5054 abjudicat,
2056 4990 2159 5045 ista
2190 4999 2357 5040 manu
2400 4981 2574 5051 ipsius
2604 4975 2876 5034 Gennadii
2909 4973 3138 5040 scripta.
3175 4970 3392 5039 Incipit.
3417 4968 3506 5019 "ﬂ
3544 4966 3645 5036 μὲν

364 5091 528 5145 quem
555 5075 751 5132 refellit
787 5076 1036 5131 Allatius.
1073 5076 1297 5131 illorum
1336 5078 1580 5131 rationes
1611 5077 1676 5131 ad
1715 5090 1948 5131 examen
2053 5080 2150 5132 τοῦ
2181 5077 2336 5138 ἔτους
2373 5073 2542 5144 ἀργὴ,
2583 5070 2820 5124 habetur
2852 5081 3074 5135 quoque
3109 5065 3164 5118 in
3189 5070 3380 5117 nostro
3410 5059 3536 5114 cod.

370 5185 628 5226 revocare
655 5185 884 5240 prorsus
923 5170 1120 5225 inutile
1175 5169 1416 5225 videtur.
1453 5168 1587 5224 Nam
1623 5183 1748 5224 cum
1778 5184 1847 5224 ex
1885 5168 1955 5224 iis
2129 5169 2274 5230 Alia,
2330 5168 2395 5220 de
2429 5163 2656 5219 secundo
2713 5161 2958 5214 Adventu
3006 5155 3218 5210 Domini
3271 5152 3461 5212 nostri,
3509 5158 3556 5204 et
3583 5149 3648 5202 de

367 5279 492 5333 qum
521 5278 550 5317 a
587 5263 750 5319 nobis
785 5262 854 5320 de
884 5261 1170 5320 Geunadio
1206 5263 1353 5317 dicta
1393 5269 1544 5326 sunt,
1576 5270 1798 5318 constet
1825 5276 1915 5316 cur

2061 5257 2470 5316 Reaurrectione
2495 5266 2800 5320 corporum.
2824 5249 2961 5319 Περὶ
2992 5246 3093 5315 τῆς
3148 5243 3408 5311 δευτέραις
3434 5256 3646 5307 παρου-

372 5357 558 5410 statim
582 5365 749 5428 atque
771 5355 1293 5426 Constantinopolin
1341 5368 1596 5410 reversus
1629 5361 1738 5419 est,
1773 5351 1915 5408 Marc

2062 5355 2183 5416 σίας
2235 5349 2332 5404 τοῦ
2366 5347 2570 5418 Κυρίου
2593 5343 2775 5415 ἡμῶν,
2799 5343 2896 5396 καὶ
2929 5340 3060 5410 περὶ
3104 5339 3204 5407 τῆς
3227 5336 3334 5388 τῶν
3379 5334 3650 5401 σωμέτων

375 5447 653 5520 Ephesin
695 5449 1134 5514 reconciliatum,
1189 5462 1412 5518 operam
1463 5461 1683 5502 omnem
1729 5447 1785 5501 in
1831 5460 1956 5516 per-
2067 5438 2668 5504 évacrésew;.Exstat
2697 5435 2752 5491 in
2773 5433 2902 5490 eod.
2935 5433 3062 5488 cod.
3087 5429 3218 5497 Reg.

447 5590 523 5661 (Ι)
549 5587 616 5645 ν.
651 5587 1004 5644 Lambecium
1032 5589 1071 5642 l.
1104 5593 1223 5653 vu‘t,
1259 5601 1310 5656 p.
1351 5584 1455 5639 505
1486 5594 1540 5640 et
1561 5601 1678 5655 seq.

442 5759 514 5823 (α)
560 5753 1122 5839 .‘loseph‘rLMethonensi.
1142 5756 1360 5839 asseruit
1554 5753 1796 5839 littpo‘rgz:

2064 5745 2427 5800 Bollandianur,
2460 5744 2508 5789 in
2563 5733 2787 5788 Historia
2833 5727 3230 5798 patriot-(horum
3289 5721 3657 5792 gpolitsnm-mn

2016 5827 2026 5839 .
2052 5825 2165 5839 ηιμ..
2201 5810 2292 5839 ί...ιι
2353 5812 2482 5839 Iun."
2535 5797 2778 5839 mnnrinri
2815 5806 3100 5839 monuimus
3143 5803 3193 5837 ιιι
3218 5788 3436 5839 Josettho
3465 5785 3653 5833 Metho-

378 5802 513 5880 qn‘;
547 5802 812 5872 jctv'erS.
833 5802 1064 5884 vitugusti
1079 5802 1194 5869 “hil
1232 5802 1578 5880 praemittitur,
1686 5802 1817 5864 195⁵.
1845 5813 1914 5862 liv

384 5883 546 5933 uettsi.
575 5883 713 5933 Ευιτ.

2016 5825 2165 5872 ιίιυω
2196 5810 2294 5870 jam
2353 5812 2482 5854 ιυιιιυ
2535 5802 2780 5862 superiori
2815 5806 3100 5845 monuimus
3143 5803 3193 5837 ιιι
3218 5802 3436 5849 Josepuu
3467 5802 3477 5833 ι
