4102 6432
452 399 573 468 989

1901 401 2241 464 ΞΟΒΙΡΤΑ.

3617 408 3725 472 290

530 511 671 575 Alia,
723 510 813 563 ἐπὶ
845 512 908 581 τῇ
940 506 1244 583 ’παραϐολῇ
1274 509 1368 563 τοῦ
1425 509 1660 564 τελώνου
1718 514 1811 566 καὶ
1870 514 2037 585 (ιιςιιρι⁸
2067 528 2112 584 Α
2140 513 2249 567 τῶν
2290 513 2609 585 Ἐνορειτῶν
2641 516 2698 568 ὲν
2729 514 2935 586 ἑκάστῃ
2969 514 3259 586 ἐκκλησία,
3289 517 3396 569 πᾶν
3425 516 3722 585 ἀναγκαῖον

462 605 637 670 σαίου,
680 607 744 659 de
788 607 1047 672 parabola
1112 603 1396 658 Publiceni
1446 613 1495 659 et
1555 605 1845 674 Pharisa’i,
1877 609 2039 679 cujus

458 696 674 750 initium
706 705 809 760 est,
843 697 945 748 Τὸν
979 696 1079 765 τῆς
1106 696 1519 767 ὑπερηφανείας
1551 699 1821 768 κρημνόν.
1849 699 2041 756 Exstat

451 787 512 840 in
538 786 663 840 cod.
695 784 829 857 Reg.
859 786 1000 842 2958
1047 796 1103 843 et
1145 788 1211 842 iu‘
1237 793 1448 851 nostro,
1496 800 1676 856 neque
1719 790 1861 845 hanc
1902 790 2041 846 vidit

456 877 712 933 Allatius.
1979 871 1994 887 ’

525 970 667 1037 Alia,
710 972 802 1024 sui
851 974 916 1044 τῇ
973 974 1260 1046 παρασολῇ
1318 973 1411 1028 τοῦ
1465 973 1705 1040 ἀσώτου,
1764 975 1861 1029 καὶ
1909 976 2039 1045 περὶ

458 1063 766 1130 μετανοίας,
811 1063 1154 1120 deParabola
1204 1066 1450 1136 Prodigi,
1497 1077 1546 1122 et
1592 1068 1659 1122 de
1689 1065 2033 1122 Pcenitentia.

454 1152 667 1222 Incipit,
708 1154 768 1207 Ὀ
804 1155 914 1208 τῶν
935 1156 1248 1226 Φαρισαίων
1283 1157 1381 1210 καὶ
1426 1157 1801 1227 Γραμματέων
1831 1174 2037 1225 γογγυ-

456 1244 608 1307 σ,..ὁς.
636 1242 697 1299 ln
726 1246 914 1315 eodem
951 1248 1075 1303 cod.
1102 1247 1235 1319 Reg.
1285 1259 1339 1302 et
1372 1256 1560 1302 nostro
1597 1260 1613 1299 :
1645 1262 1755 1303 non
1786 1247 2037 1302 meminit

451 1334 704 1393 Allatius.

520 1428 638 1481 Alia
670 1428 774 1486 hoc
812 1430 995 1499 titulo,
1029 1429 1138 1484 Τοῦ
1172 1429 1599 1501 μακαριωτάτου
1660 1431 1757 1485 καὶ
1784 1431 2032 1501 ἀοιδίμου

452 1522 793 1592 πατριάρχου
851 1525 1044 1595 κυρίου
1092 1524 1132 1577 Γ
1136 1524 1383 1578 ενναδίου
1433 1523 1621 1595 ὁμιλία
1681 1524 1911 1595 ῥηθεῖσα
1950 1526 2030 1595 ,τῇ

448 1613 581 1683 ἁγίᾳ
611 1616 706 1668 καὶ
753 1616 963 1689 μεγάλῃ
1012 1619 1343 1688 Παρασκευῇ
1393 1618 1452 1670 ὲν
1503 1616 1582 1687 τῷ
1633 1616 1906 1686 παλατίῳ,
1950 1617 2032 1669 ἔτι

449 1709 507 1758 ἐν
540 1706 617 1777 τῷ
650 1710 759 1763 τῶν
819 1710 1105 1780 κοσμικῶν
1162 1712 1408 1781 σχήματι
1469 1711 1857 1780 τυγχάνοντος.
1892 1709 2032 1764 Bea-

449 1799 640 1853 tissimi
694 1813 741 1855 et
793 1805 1077 1859 venerandi
1137 1803 1455 1874 patriarcha:
1504 1802 1706 1856 domini
1765 1800 2027 1856 Gennadii

2144 607 2331 676 σχεδὸν
2367 602 2746 678 περιέχουσαι.
2782 606 2916 661 Item
2977 607 3227 662 Humilia:
3279 610 3603 675 compositae,
3661 620 3721 663 ut

2139 707 2256 767 post
2285 715 2376 752 eas
2411 715 2529 767 qua:
2567 699 2681 754 viva
2715 715 2837 753 voce
2860 698 3271 769 pronuntianda:
3294 710 3417 753 sunt
3452 702 3720 755 Homilies

2140 791 2195 841 in
2226 787 2478 843 Ecclesiis
2505 791 2699 859 populo
2722 790 3136 861 pra’legerentur
3158 807 3249 861 per
3272 792 3510 862 singulas
3541 793 3717 847 Domi-

2139 880 2290 935 nicas
2321 882 2605 936 successive
2624 893 2739 951 post
2764 884 3071 950 prandium,
3102 886 3429 953 congregatis
3458 884 3719 952 Enoritis,

2138 972 2246 1025 sire
2275 973 2468 1026 montis
2493 974 2686 1027 accolis
2716 974 2769 1028 in
2806 990 3125 1044 unaquaque
3171 975 3416 1040 ecclesia,
3463 978 3721 1048 quidquid

2139 1062 2249 1130 fere
2277 1066 2633 1118 necessarium
2660 1074 2739 1120 est
2778 1067 3127 1121 continentes.

2210 1153 2463 1211 lloinillis
2507 1157 2731 1228 adiungi
2766 1168 3022 1227 possunt,
3047 1158 3237 1213 Oratio
3257 1169 3443 1215 contra
3459 1164 3722 1218 simonia-

2138 1263 2251 1300 cam
2287 1248 2551 1315 hmresim,
2580 1253 2784 1320 scripta
2820 1252 3042 1307 biennio
3065 1260 3193 1309 ante
3254 1262 3470 1324 captam
3528 1258 3722 1311 urbem

2137 1356 2202 1396 ac
2233 1340 2663 1398 Constantinum
2693 1343 2825 1413 imp.
2856 1346 3016 1398 Κατὰ
3052 1343 3155 1414 τῆς
3195 1348 3523 1416 σιμονιακῆς
3561 1350 3721 1420 αἱρέ-

2139 1447 2276 1494 σεως
2307 1433 2338 1501 ἦ
2370 1432 2653 1498 ἀπιστίας,
2688 1433 2900 1487 initium
2925 1451 2939 1487 :
2966 1434 3047 1505 Τᾲ
3068 1433 3128 1499 ἐξ
3157 1434 3334 1489 ἀθέων
3362 1436 3567 1492 τούτων
3587 1440 3724 1510 βαρ⁴

2136 1521 2342 1591 ὀάρων,
2381 1525 2433 1577 in
2459 1523 2578 1579 eod.
2615 1524 2746 1594 lteg.
2774 1524 2918 1581 2955
2952 1534 3005 1581 et
3036 1535 3248 1582 nostro.

2208 1616 2343 1685 Περὶ
2365 1614 2632 1687 διαφορᾶς
2670 1617 2781 1670 τῶν
2842 1620 3214 1687 συγγνωστῶν
3260 1620 3357 1675 καὶ
3403 1620 3723 1691 θανασίμων

2135 1706 2573 1778 ἁμαρτημάτων,
2598 1708 2677 1763 De
2714 1710 3021 1779 cli/ferentia
3072 1717 3721 1780 peccatorumoenialiunt

2082 1808 2091 1817 ‘
2132 1808 2182 1851 et
2202 1799 2530 1855 mortalium.
2566 1801 2679 1856 lue.
2716 1801 2777 1854 Ὀ
2806 1801 2906 1872 μὲν
2939 1804 3360 1877 ἀκριϐέστερος,
3411 1808 3463 1861 iu
3522 1810 3717 1863 eodem

449 1890 692 1947 Humilia
722 1894 866 1949 dicta
901 1897 957 1950 in
988 1905 1177 1950 sancta
1210 1905 1259 1951 et
1302 1912 1494 1966 magna
1526 1892 1813 1948 l’aresccve
1846 1896 1899 1947 in
1923 1912 2019 1964 pa.
2042 1890 2102 1952 Β
2134 1887 2261 1956 “‘33-
2298 1889 2487 1944 COdice
2521 1890 2621 1961 (ί)⁸

448 1986 597 2044 talio.
660 2002 778 2040 cum
841 1989 1015 2043 adhuc
1075 1991 1128 2043 in
1196 1987 1545 2044 stccularium
1616 1988 1799 2043 habitu
1869 1998 2027 2044 esset.

450 2080 636 2135 Exstat
680 2081 737 2135 in
772 2081 962 2136 eodem
996 2083 1121 2139 cod.
1156 2080 1319 2140 2958.

516 2172 633 2226 Alia
658 2176 761 2227 sub
796 2174 901 2229 hoc
931 2175 1111 2239 titulo,
1140 2175 1355 2247 θεωρία
1395 2177 1651 2246 περὶτῶν
1681 2178 1737 2229 ἐν
1764 2180 1831 2247 τῇ
1860 2177 2027 2246 εὐαγ-

448 2264 640 2336 γελικῇ
696 2255 977 2339 παραϐολῇ
1008 2269 1315 2335 ταλάντων,
1340 2271 1405 2323 de
1426 2269 1684 2339 parabola
1708 2270 2027 2324 talentorum

446 2358 500 2411 in
554 2357 841 2427 Evangelia
880 2361 1259 2416 consideratio.
1318 2360 1496 2432 Hujus
1544 2362 1789 2430 initium,
1852 2362 1912 2416 ὐ
1960 2364 2028 2417 τὰ

446 2452 603 2506 πέντε
638 2454 879 2510 τάλαντα
933 2457 1393 2528 πεπιστευμένος.
1430 2457 1488 2513 In
1523 2463 1623 2515 eod
1659 2460 1783 2514 cod.

522 2547 749 2603 llmnilin
787 2560 853 2606 de
885 2565 1118 2622 corpore
1155 2564 1208 2606 et
1247 2552 1517 2623 sanguine
1563 2554 1804 2619 Domini,
1857 2570 2022 2624 quam

452 2640 555 2695 huc
585 2659 752 2713 usque
775 2644 828 2698 in
853 2646 971 2701 solo
1004 2656 1191 2702 nostro
1217 2649 1408 2705 codice
1434 2648 1741 2718 reperimus
1770 2650 1871 2703 hoc
1895 2651 2023 2703 titu-

446 2732 500 2785 lo
538 2743 889 2802 pra-notatam
923 2752 939 2790 :
977 2735 1073 2790 Ἐκ
1105 2736 1214 2791 τῶν
1238 2736 1469 2807 ὁμιλιῶν
1488 2738 1546 2790 αἱ
1577 2736 1936 2807 ὁμιλούμεναι
1968 2738 2023 2788 ὲν

444 2824 522 2897 τῷ
553 2825 801 2897 δυστυχεῖ
873 2828 1121 2901 παλατίῳ
1187 2831 1329 2884 κατὰ
1398 2828 1763 2901 Παρασκευὴν
1829 2829 1888 2881 ὲν
1955 2831 2020 2899 τῇ

446 2920 659 2990 μεγάλῃ
741 2922 1167 2994 Τεσσαρακοστῇ
1202 2960 1219 2989 ,
1301 2922 1627 2995 εὑρημένων
1711 2926 1850 2993 μετὰ
1923 2925 2023 2993 τὴν

447 3013 666 3068 ἅλωσιν.
698 3015 1034 3086 Ἐγράφοντο
1079 3016 1137 3071 δὲ
1163 3018 1302 3087 μετὰ
1323 3020 1382 3072 τὸ
1404 3017 1668 3089 ἀγράφως
1694 3016 2023 3088 ὁμιληθῆναι

444 3108 787 3178 παρακλήσει
862 3109 1055 3179 φίλων.
1142 3111 1282 3181 αὑτὴ
1369 3111 1428 3165 δὲ
1507 3109 1761 3182 ὡμιλὴθη
1831 3112 1890 3163 ἐν
1954 3112 2020 3181 τῇ

447 3201 779 3273 Παρασκευῇ
812 3202 906 3255 τοῦ
962 3202 1240 3275 Λαζάρου.
1285 3202 1504 3275 Ὀμιλία
1572 3203 1702 3270 περὶ
1768 3201 1866 3257 τοῦ
1916 3220 2090 3275 μυ-,η

411 3356 418 3361 ,
443 3297 774 3364 στηριώδους
798 3296 1049 3366 σώματος
1072 3295 1169 3351 τοῦ
1199 3297 1405 3366 Κυρίου
1437 3295 1595 3367 ἡμῶν
1658 3294 1833 3365 Ἰησοῦ
1886 3295 2022 3367 Χρι-

444 3388 595 3441 στοῦ.
655 3388 735 3442 Ea:
803 3388 1053 3444 llomiliis
1108 3405 1226 3460 qua
1283 3390 1643 3459 pronuntiata:
1699 3389 1915 3459 [uerunt
1967 3393 2023 3442 in

440 3480 643 3549 infelici
702 3481 927 3551 palatio,
993 3481 1219 3557 singulis
1276 3483 1441 3536 sextis
1498 3482 1648 3550 feriis
1720 3483 1776 3534 in
1829 3497 2023 3552 magna

445 3578 881 3645 Quadragesima.
918 3578 1138 3631 inventis
1169 3586 1284 3647 post
1319 3586 1532 3647 captam
1563 3577 1766 3631 urbem.
1798 3574 2022 3646 Scriptte

442 3677 615 3722 autem
657 3669 869 3738 fuerant
894 3679 1179 3739 postquam
1216 3670 1334 3724 viva
1363 3684 1484 3722 voce
1510 3668 1738 3736 fuissent
1785 3684 2024 3735 pronun-

441 3761 585 3814 tiatre
611 3762 898 3815 amicorum
926 3764 1163 3815 hortatu.
1198 3761 1369 3815 Porro
1420 3760 1528 3814 lta'c
1567 3763 1914 3829 pronuntiata
1942 3770 2021 3815 est

440 3857 494 3909 in
532 3855 821 3911 Parasceve
857 3855 1076 3911 Lazari.
1114 3855 1351 3911 Homilia
1398 3856 1460 3910 de
1496 3856 1880 3911 sacramentali
1906 3871 2023 3909 cor-

441 3965 566 4017 pore
593 3950 802 4005 Domini
835 3951 1004 4005 nostri
1025 3949 1153 4005 Jesu
1194 3947 1419 4005 Christi.

508 4041 628 4096 Alia
684 4041 752 4099 de
804 4044 997 4099 eodem
1050 4053 1376 4115 argumento
1431 4045 1672 4110 brevior,
1711 4046 1915 4117 scripta
1958 4056 2020 4102 ut

443 4135 657 4189 videtur
672 4134 1143 4207 Constantinopoli
1165 4145 1449 4208 postquam
1474 4139 1791 4209 patriarcha
1817 4154 2019 4193 renun-

439 4232 608 4286 tintns
633 4240 797 4299 esset,
826 4233 882 4287 in
913 4247 1020 4302 qua
1046 4231 1272 4290 alterius
1304 4237 1570 4290 meminit.
1608 4235 1738 4290 Eam
1778 4234 1836 4289 in
1866 4236 2017 4290 nullo

437 4323 626 4378 codice
654 4326 978 4393 reperimus,
1016 4324 1112 4380 sed
1149 4342 1270 4380 eam
1327 4326 1711 4405 transtulimus
1740 4342 1805 4383 ex
1841 4324 2019 4397 Opere

439 4415 638 4470 Mcletii
691 4415 867 4489 Syrigi
925 4415 1191 4473 adversus
1257 4416 1521 4490 Cyrillum
1589 4417 1852 4485 Lucarin,
1923 4419 2014 4475 ubi

438 4508 690 4564 refertur.

2207 1981 2342 2048 Περὶ
2372 1982 2468 2034 τοῦ
2506 1984 2583 2052 μὴ
2619 1982 2869 2051 γίνεσθαι
2901 1983 2997 2038 νῦν
3032 1986 3291 2056 θαύματα
3330 1988 3405 2049 ὡς
3424 1990 3714 2060 πρότερον.

2124 2068 2207 2123 ‘De
2232 2087 2293 2126 eo
2311 2072 2451 2142 quod
2474 2072 2622 2127 nulla
2653 2089 2793 2128 nunc
2818 2086 2870 2129 ut
2895 2075 3016 2129 alim
3049 2080 3312 2131 miracula
3331 2082 3491 2149 ﬁant,
3514 2081 3565 2134 iu
3591 2086 3713 2136 toil.

2134 2164 2268 2234 Reg.
2298 2165 2459 2222 2959.
2497 2167 2736 2235 Initium,
2768 2170 3001 2239 Ζητοῦσί
3029 2189 3194 2234 τινες.

2199 2257 2375 2328 Opera
2402 2259 3005 2332 Geuuadiitheologii-a
3049 2266 3199 2319 varia
3238 2280 3389 2330 sunt,
3420 2277 3616 2338 praeter
3653 2286 3714 2322 ea

2129 2366 2250 2421 quae
2274 2355 2537 2408 adversus
2569 2352 2794 2410 Latinos
2848 2360 3088 2427 Scripsit,
3149 2359 3218 2414 de
3258 2362 3461 2430 quibus
3518 2371 3714 2432 agetur

2129 2455 2403 2512 postremo
2434 2448 2573 2502 loco.

2198 2536 2440 2596 Primum
2471 2543 2615 2598 inter
2634 2558 2798 2615 opera
2842 2544 3146 2617 theologica
3170 2548 3349 2603 locum
3372 2557 3549 2614 tenet,
3601 2547 3713 2603 Ex-

2125 2635 2318 2700 positio
2346 2636 2470 2704 ﬁdei
2487 2634 2807 2693 Christiana:
2838 2657 3019 2694 coram
3063 2640 3362 2696 Turcarum
3388 2646 3713 2713 imperatore
3794 2686 3799 2691 .

2129 2729 2445 2785 Multamede
2472 2733 2641 2801 facta,
2672 2745 2722 2788 et
2747 2737 2946 2803 scripto
2974 2737 3371 2807 comprehensa.
3409 2730 3586 2808 llujus
3616 2741 3718 2792 dn-

2128 2825 2247 2893 plex
2268 2824 2433 2882 editio
2450 2838 2553 2892 est,
2582 2829 2754 2883 altera
2786 2830 3075 2899 prolixior,
3106 2832 3280 2885 altera
3306 2833 3552 2887 brevior.
3588 2831 3713 2885 Pri-

2127 2934 2226 2973 ma:
2256 2920 2446 2975 titulus
2480 2921 2532 2974 in
2581 2931 2775 2977 nostro
2836 2933 2892 2977 et
2948 2921 3134 2995 Regiis
3180 2925 3340 2979 cedd.
3402 2926 3528 2980 talis
3582 2939 3710 2982 est:

2126 3008 2407 3065 Γενναδίου
2444 3013 2679 3083 μοναχοῦ
2722 3015 2816 3067 καὶ
2837 3018 3182 3086 πατριάρχου
3206 3019 3313 3070 τῶν
3343 3016 3439 3070 τοῦ
3471 3018 3713 3086 Χριστοῦ

2127 3104 2403 3176 πενήτων,
2439 3107 2693 3177 περὶτῆς
2737 3111 2906 3179 μόνης
2929 3108 3051 3163 ὁδοῦ
3104 3112 3241 3179 πρὸς
3270 3114 3369 3182 τὴν
3431 3116 3712 3184 σωτηρίαν

2124 3198 2235 3251 τῶν
2265 3198 2591 3270 ἀνθρώπιον.
2645 3202 2893 3273 Ἐξεδόθη
2918 3202 2976 3256 δὲ
2995 3202 3074 3273 τῷ
3117 3205 3395 3276 σουλτάνῳ
3422 3208 3711 3277 αἰτήσαντι

2127 3291 2270 3359 μετὰ
2293 3293 2393 3355 τὰς
2424 3292 2655 3346 ἐνώπιον
2677 3294 2843 3348 αὑτοῦ
2862 3295 3129 3362 διαλέξεις
3154 3300 3213 3351 ἐν
3236 3298 3313 3367 τῷ
3333 3300 3715 3372 πατριαρχείῳ

2124 3385 2245 3439 τότε
2276 3388 2702 3457 γεγεννημένας·
2743 3391 2838 3445 καὶ
2879 3391 3020 3462 μετὰ
3058 3392 3221 3445 τοῦτο
3263 3393 3393 3447 ἄλλο
3428 3396 3714 3465 συντομώο

2124 3496 2279 3548 τερον
2314 3481 2557 3554 ἐξεδόθη.
2598 3481 2955 3555 Ἠρμηνεύθη
2972 3484 3031 3538 δὲ
3063 3485 3351 3556 ἀμφότερα
3378 3486 3713 3558 Ἀραὸικῶς,

2124 3575 2219 3625 καὶ
2242 3572 2412 3635 οὕτως
2445 3574 2721 3644 ἐδόθησαν.
2756 3574 3017 3631 Gennadii
3038 3579 3282 3632 monac/ti
3315 3589 3365 3633 et
3392 3583 3714 3649 patriar-clue

2124 3662 2329 3720 Christi
2363 3682 2656 3737 pauperum
2697 3670 2759 3722 de
2779 3669 2898 3724 sola
2940 3671 3019 3724 ria
3043 3672 3112 3724 ad
3142 3672 3376 3725 salutent
3413 3657 3710 3730 hominum.

2122 3756 2321 3812 Datum
2356 3777 2477 3815 vero
2514 3761 2709 3817 esthoc
2737 3780 2866 3833 opus
2900 3764 3117 3819 sultano
3150 3768 3372 3836 petenti,
3423 3780 3542 3837 post
3563 3771 3714 3824 habi-

2124 3861 2206 3909 tas
2238 3871 2419 3909 coram
2453 3872 2512 3910 eo
2552 3858 2940 3925 disputationes
2966 3860 3021 3912 in
3050 3860 3400 3928 patriarcltio,
3439 3873 3488 3917 et
3520 3864 3715 3919 deinde

2123 3947 2269 4001 aliud
2293 3948 2503 4004 brevius
2528 3951 2727 4004 editum
2750 3961 2823 4004 est
2859 3938 3054 4005 :ambo
3084 3961 3261 4008 autem
3299 3956 3528 4009 Arabica
3548 3957 3717 4011 inter-

2120 4048 2335 4107 pretata
2358 4052 2477 4094 sunt
2501 4052 2549 4095 et
2573 4043 2647 4095 ita
2672 4044 2965 4111 publicata.
2991 4046 3221 4099 Arahice
3245 4061 3369 4100 cum
3390 4048 3716 4117 interpreta-

2122 4144 2235 4188 tum
2259 4137 2439 4199 aiunt,
2459 4134 2691 4188 Turcicc
2725 4133 2990 4203 ittlellige;
3015 4151 3193 4206 neque
3213 4143 3359 4192 enim
3383 4141 3552 4192 ullum
3576 4142 3711 4192 Ara-

2120 4227 2256 4283 hicat
2282 4228 2552 4285 versionis
2579 4229 2866 4299 vestigium
2898 4230 2954 4284 in
2986 4228 3142 4284 codd.
3168 4245 3355 4296 mss.,;
3381 4240 3559 4287 exstat
3579 4232 3714 4285 illud

2120 4325 2174 4379 in
2207 4321 2482 4392 plerisque
2506 4322 2815 4377 codicibus.
2843 4320 2919 4378 De
2944 4337 3013 4377 eo
3051 4324 3288 4379 Allatius
3318 4339 3372 4394 p.
3404 4323 3533 4378 402.
3587 4323 3718 4379 Bre-

2118 4418 2238 4474 vins
2256 4419 2490 4471 alterum
2508 4414 2835 4486 npusculum
2862 4415 3005 4471 idem
3040 4416 3287 4487 estquod
3314 4417 3483 4473 edidit
3517 4415 3717 4472 Turre.

2120 4508 2340 4566 Gracia:
2369 4509 2469 4565 lib.
2498 4525 2535 4564 ιι
2562 4508 2826 4563 Martinus
2858 4507 3257 4574 Crusius,cum
3284 4512 3535 4567 versione
3567 4513 3712 4567 Tur-

506 4594 952 4672 Mullas‘prmter
1012 4610 1362 4659 enumeratas
1421 4618 1452 4658 a
1519 4603 1678 4659 nobis
1751 4602 2019 4660 llomilias
2055 4603 2094 4657 υ
2125 4605 2241 4659 cica
2260 4612 2482 4675 quae,ut
2508 4600 2701 4655 titulus
2724 4600 2911 4665 habet,
2932 4600 3074 4655 facta
3095 4610 3181 4658 est
3204 4603 3716 4678 ahAlunetojudice

435 4695 724 4763 scripsisse
780 4696 1131 4751 Geunadium
1187 4706 1424 4753 testatur
1479 4696 1598 4768 ipse
1650 4697 1705 4751 in
1771 4698 2017 4767 Epistola

436 4793 686 4855 quadam,
711 4788 764 4843 in
796 4805 904 4858 qua
927 4790 995 4843 de
1012 4776 1134 4843 ’suis
1157 4789 1421 4859 operibus
1470 4787 1538 4843 ad
1601 4792 1840 4844 amicum
1873 4790 2018 4845 scri-

438 4885 515 4938 bit
542 4902 554 4935 :
585 4884 709 4939 Ἔτι
739 4884 793 4935 δὲ
820 4883 1031 4954 ὁμιλίαι
1055 4884 1112 4937 αἱ
1139 4882 1571 4954 σχεδιασθείσαι,
1622 4882 1711 4936 ἵνα
1746 4886 1885 4954 μετά
1917 4884 2019 4945 τὰς

434 4978 541 5029 ἀπὸ
583 4977 846 5046 στόματος
904 4977 1279 5046 γενησομένας
1308 4976 1525 5047 ὁμιλίας
1571 4976 1652 5046 τῷ
1677 4976 1791 5047 λαῷ
1826 4978 2019 5045 ἀναγι-

432 5069 748 5122 νώσκωνται
778 5058 950 5133 αὑτὰς
978 5071 1036 5122 ὲν
1079 5071 1200 5132 ταῖς
1256 5068 1573 5139 ἐκκλησίαις
1602 5068 1723 5121 καθ’
1770 5069 2007 5141 ἑκάστην

434 5165 717 5236 Κυριακὴν
742 5167 809 5219 ὲκ
830 5167 1086 5237 διαδοχῆς
1118 5165 1260 5237 μετὰ
1284 5164 1344 5218 τὸ
1365 5164 1591 5233 ἄριστον
1614 5163 2004 5233 συναγομένων

503 5325 577 5393 (1)
612 5326 801 5379 Exstat
839 5322 981 5377 idem
1006 5321 1332 5393 opusculum
1352 5320 1411 5393 in
1440 5319 1581 5393 bibl,
1641 5320 1998 5393 imperatoria

436 5389 724 5449 Viennensi
757 5395 824 5448 ad
850 5394 947 5448 Gr.
975 5389 1139 5447 theol.
1170 5391 1297 5447 296.
1352 5389 1487 5446 Vide
1531 5389 1789 5446 Latubcc.
1848 5391 1886 5446 l.
1948 5405 2001 5458 ν,

431 5465 553 5519 257.

505 5536 561 5605 (2
603 5534 676 5588 De
693 5534 889 5602 duplici
909 5534 1176 5605 Gennadii
1198 5532 1624 5605 confessioneet
1646 5532 1711 5605 de
1729 5531 2013 5605 Gennnglio

435 5601 550 5677 ipso
570 5609 683 5677 hth
706 5601 900 5677 scribit
921 5606 1051 5677 Ern.
1102 5603 1212 5677 Jul.
1235 5603 1469 5677 Kimmel
1492 5605 1541 5677 iu
1563 5601 1779 5677 Proleg.
1815 5604 1887 5677 ad
1912 5601 2017 5677 13"“

435 5672 565 5731 liros
613 5676 957 5745 Symbolicos
1006 5676 1263 5731 Ecclesiae
1294 5672 1965 5738 Urientalis.lenae,18t3
2005 5688 2021 5727 :

512 5765 529 5797 ι
568 5744 686 5813 Quo
729 5749 782 5797 in
808 5762 1033 5800 munere
1067 5746 1388 5800 Graecorum
1438 5744 1817 5814 patriarchnli,
1854 5748 2018 5798 rebus

435 5817 587 5872 Valde
604 5816 949 5885 ancipitibus,
967 5815 1281 5873 Gennadius
1295 5826 1493 5886 quanta
1518 5816 1803 5886 prudentia
1825 5830 1881 5869 se
1900 5828 2023 5883 ges-

434 5890 594 5957 serit,
632 5902 697 5942 ex
732 5901 796 5942 eo
837 5896 1004 5954 patet,
1041 5884 1325 5957 quomodo
1356 5893 1617 5956 cutnipso
1639 5884 2018 5940 Multamzncde

2121 4696 2415 4763 lierrhmw,
2434 4705 2590 4765 patre
2606 4692 2906 4748 Malunonti
2925 4694 3172 4758 Cltelebi,
3191 4697 3387 4751 scriba:
3417 4700 3716 4769 imperato-

2121 4791 2210 4846 rii.
2240 4788 2498 4859 Ejusdem
2529 4788 2811 4857 exemplar
2847 4788 3012 4842 simul
3045 4804 3171 4845 eum
3199 4786 3432 4844 Turcica
3467 4795 3717 4849 versione

2118 4880 2526 4952 elegantissima
2562 4881 3022 4949 mamiscriptum,
3078 4880 3172 4936 sed
3232 4880 3442 4936 Graecis
3493 4884 3761 4956 litteris,'

2118 4986 2174 5032 et
2206 4974 2460 5030 fortassis
2492 4975 2634 5029 idem
2660 4974 2803 5043 quod
2831 4983 2926 5028 aut
2946 4973 3290 5044 imperatori,
3330 4984 3426 5029 aut
3451 4978 3715 5045 primario

2116 5074 2281 5130 alicui
2312 5071 2507 5126 Turca:
2533 5069 2867 5124 destinatum
2906 5070 3029 5134 fuit,
3061 5068 3296 5124 habetur
3322 5069 3373 5122 in
3412 5069 3715 5123 biblimhc-

2115 5182 2179 5223 ea
2217 5166 2361 5238 regia
2388 5174 2447 5221 n°
2473 5164 2609 5221 2961
2656 5163 2754 5234 (2).

2104 5328 2355 5376 versatus
2373 5319 2461 5386 sit,
2483 5328 2532 5374 et
2549 5316 2971 5391 quantumapnd
2986 5330 3113 5391 gum
3130 5314 3383 5391 ualuerit.
3399 5313 3555 5391 Quod
3567 5319 3713 5391 enim

2109 5393 2201 5444 vix
2227 5394 2340 5445 lieri
2383 5406 2542 5460 posse
2565 5386 2875 5455 i'idebatur,
2897 5396 2975 5460 ut,
2998 5386 3389 5460 Turcis,geut_e
3409 5386 3626 5460 horrida
3651 5402 3715 5440 ac

2118 5458 2470 5522 lera,nrbem
2515 5462 2854 5515 tenentibus.
2895 5458 3070 5511 Graeci
3114 5458 3710 5525 pOSsentinlraeadi-m

2122 5535 2323 5587 moenia
2344 5533 2641 5599 tranquille
2677 5532 2899 5600 degere,
2917 5529 2967 5579 id
2984 5526 3310 5600 patriarcha:
3327 5542 3428 5595 ope
3456 5538 3502 5579 e:
3524 5528 3717 5600 lilii-ra-

2127 5604 2161 5656 li
2192 5602 2315 5657 ﬁdei
2359 5596 2685 5656 Christiana:
2750 5596 3093 5666 expositione
3122 5596 3372 5650 eli‘ectum
3405 5606 3509 5651 est.
3538 5596 3715 5651 llabe-

2134 5689 2256 5728 tuus
2293 5688 2417 5726 ιρι-ο
2443 5674 2606 5740 hujus
2650 5671 2778 5739 ['idei
2827 5669 3177 5740 confessionis
3214 5669 3263 5717 ιιι
3292 5669 3489 5734 νιὶριιιιι
3518 5671 3715 5720 cultio-

2128 5760 2251 5796 ueiu
2280 5760 2293 5798 :
2320 5738 2803 5810 unaln,'dial0gien
2847 5738 3021 5792 fortuna
3065 5742 3453 5810 cuuseriptuin,
3488 5742 3713 5791 alterum

2126 5818 2387 5868 continua
2407 5807 2813 5882 oralione,ilu;e
2841 5820 2924 5864 est
2957 5810 3147 5876 primae
3190 5807 3713 5882 illiust-cunctatio.

2126 5883 2405 5940 luducimt‘
2432 5903 2485 5937 ιιι
2505 5884 2596 5938 illa
2634 5878 3042 5937 Mu'hututuedes
3073 5883 3137 5934 de
3166 5878 3414 5932 articulis
3451 5880 3714 5934 (Iltrtstia-
