4102 6438
424 445 536 515 303

497 567 686 624 Oratio
708 567 773 621 ad
807 566 1200 636 imperatorem
1232 559 1440 630 scripta
1467 558 1538 613 12
1560 555 1711 611 Maii.

501 661 662 715 Varia
689 661 896 722 scripta
962 656 1031 710 ad
1099 653 1357 724 Magnum
1409 651 1640 704 Ducem.
1705 645 2004 701 Duodecim

383 763 398 810 ’.
426 754 666 824 capitula
703 751 770 806 ad
800 751 1214 819 imperatorem,
1242 745 1413 799 missa
1444 757 1540 813 per
1572 740 1865 811 lguatium.
1887 739 2008 793 Alia

428 849 494 901 ad
534 844 846 915 Aginreitas
896 843 1014 895 sive
1056 839 1364 893 monachos
1395 834 1608 889 montis
1635 832 1803 898 Atho,
1843 831 2008 884 rnissa

363 913 376 932 ’
428 913 726 1008 antequam
751 931 1057 989 cardinalis
1089 928 1306 984 Bussic
1345 923 1874 994 Constantinopolin
1909 923 2010 976 ad-

431 1033 665 1094 veniret,
705 1043 801 1098 per
826 1022 1194 1078 Athanasium
1221 1029 1277 1076 et
1332 1020 1621 1075 Simonem
1674 1017 2010 1070 monachos.

434 1122 565 1176 llaec
596 1119 818 1172 diversa
850 1114 1059 1184 scripta
1094 1113 1211 1182 ipse
1237 1110 1558 1166 Gennadius
1583 1116 2008 1163 commemorat.

517 1208 759 1273 Epistula
780 1209 848 1262 ad
877 1221 1056 1261 omnes
1084 1201 1292 1274 ﬁdeles,
1317 1203 1428 1264 τοῖς
1459 1199 1778 1269 ἁπανταχοῦ
1797 1200 2013 1261 πιστοῖς

436 1304 494 1356 ἑν
531 1300 754 1370 Χριστῷ
799 1297 1000 1367 Ἰησοῦ.
1029 1295 1220 1351 Exstat
1252 1295 1305 1347 in
1342 1292 1469 1348 cod.
1501 1291 1635 1362 Reg.
1668 1289 1833 1345 2955.

513 1394 636 1449 Alia
677 1393 842 1448 missa
871 1391 940 1444 ad
963 1404 1216 1459 magnum
1249 1385 1650 1441 ecclesiarclram
1686 1383 2012 1453 Sylrestrum

433 1485 773 1557 Sgropulnm,
797 1497 1047 1553 magnum
1078 1477 1541 1548 chartop'lrylacem
1577 1474 1941 1544 Agallianam,
1965 1482 2016 1528 et

433 1585 572 1636 alios
603 1581 858 1650 quosdam
884 1574 1296 1640 ecclesiasticos,
1359 1587 1482 1624 cum
1508 1568 1782 1624 celebrata
1811 1576 1889 1620 est
1923 1563 2016 1618 Li-

441 1673 623 1742 turgia
653 1676 912 1738 praesente
941 1665 1233 1730 cardinali,
1293 1676 1576 1732 postquam
1640 1659 1821 1714 omnia
1873 1658 2017 1712 circa

436 1765 742 1836 religionem
766 1759 988 1815 dissidia
1013 1774 1104 1827 per
1134 1755 1370 1811 eumdem
1401 1752 1722 1808 cardinalem
1745 1751 2017 1806 [siderum

437 1858 910 1928 composita_sunt.
971 1851 1193 1906 luitiqu
1223 1858 1331 1913 est,
1366 1848 1550 1916 Ἅγιοι
1599 1846 1862 1917 Πατέρις,
1907 1845 2018 1916 ἐγὼ

438 1951 632 2021 Malos
663 1949 866 2002 ἐλθεῖν.
899 1945 1090 1999 Exstat
1117 1943 1172 1996 in
1208 1941 1403 1997 eodem
1436 1939 1569 1995 cod.-

509 2041 795 2099 Gennadio
817 2039 1019 2102 eidem,
1046 2035 1139 2106 qui
1173 2042 1229 2089 et
1284 2033 1554 2104 Georgius
1581 2030 1907 2086 Scholarius
1959 2029 2016 2084 in

439 2136 631 2190 Iisdem
665 2131 837 2185 titulis
869 2127 1202 2199 appellatur,
1253 2124 1392 2179 varii
1451 2124 1720 2178 adversus
1790 2122 2018 2181 Latinos

439 2233 705 2281 tractatus
731 2222 896 2277 tribui
938 2219 1141 2274 solent.
1194 2218 1309 2272 Hos
1333 2216 1556 2287 quidem
1588 2216 1826 2271 Allatius
1857 2215 2017 2271 alteri

439 2335 544 2372 suo
567 2314 848 2371 Gennadio
908 2310 1268 2367 schistnatico
1326 2307 1606 2373 attribuit,
1669 2322 1832 2378 quem
1891 2323 2017 2362 cura

442 2423 548 2461 non
580 2405 746 2460 alium
781 2403 849 2457 ab
877 2403 979 2457 hoc
1034 2410 1233 2456 nostro
1263 2398 1435 2454 fuisse
1494 2407 1781 2454 ostensum
1826 2397 2018 2463 fuerit,

444 2498 650 2551 ideirro
682 2508 815 2548 mss.
842 2491 1096 2548 codicum
1127 2490 1290 2546 (idem
1323 2489 1525 2556 secuti,
1557 2490 1866 2558 praesertim
1909 2489 2018 2545 Re-

441 2592 513 2661 εἰί
546 2590 731 2652 unius,
763 2588 856 2660 qui
894 2586 1165 2659 Sylvestri
1218 2584 1476 2657 Syropuli
1502 2583 1682 2653 magni
1717 2583 2017 2639 ecclesiar-

443 2684 586 2744 chze.
609 2682 700 2737 cui
733 2680 1058 2737 Gennadius
1089 2682 1261 2749 probe
1293 2685 1457 2732 notus
1505 2684 1646 2742 erat,
1683 2691 1850 2732 manu
1901 2677 2016 2732 ele-

438 2783 643 2844 gantrr
673 2773 919 2841 scriptus
943 2779 1028 2827 est
1070 2785 1218 2825 anno
1270 2769 1432 2835 6958,
1499 2768 1616 2823 ind.
1654 2784 1717 2834 tt,
1778 2768 1882 2823 hoc
1935 2775 2019 2824 est

443 2878 589 2916 anno
619 2861 778 2926 1M8,
810 2863 1028 2916 vivente
1056 2862 1236 2916 adhuc
1292 2859 1602 2924 Genuadio,
1635 2860 1745 2913 imo
1773 2867 1904 2914 ante
1928 2875 2019 2915 ca-

435 2961 588 3020 .ptam
619 2950 808 3005 urbem
842 2966 967 3007 cum
995 2950 1235 3005 nondum
1269 2960 1415 3006 esset
1439 2951 1782 3021 patriarcha,
1820 2959 2018 3007 nostro

439 3041 810 3096 vindicamus.

512 3132 658 3204 ’Περὶ
691 3134 788 3187 τοῦ
821 3134 1198 3206 καθαρτηρίου
1231 3135 1404 3208 πυρὸς
1428 3134 1578 3204 λόγοι
1637 3135 1754 3202 δύο,
1786 3135 1862 3193 De
1889 3151 2020 3206 pur-

1520 433 1904 500 GENNADII
1936 432 2043 495 ΟΡ.
2088 427 2606 494 PATRIARCII.E

2033 560 2081 617 Α
2113 551 2380 620 παρόντος
2411 550 2505 604 καὶ
2527 548 2622 602 τοῦ
2644 545 2838 619 κυρίου
2865 543 3174 618 Γρηγορίου
3205 543 3301 600 τοῦ
3332 545 3680 617 πατριάρχου

3581 421 3686 490 ωι

2112 647 2210 698 καὶ
2245 643 2340 697 τοῦ
2373 641 2747 712 καρδιναλίου,
2777 639 2872 694 καὶ
2904 639 3116 693 πολλῶν
3137 637 3388 693 Λατίνων
3444 640 3541 691 καὶ
3579 637 3674 708 ὀρ-

2109 735 2360 800 θοδόξων,
2392 733 2624 787 ινώττιον
2649 731 2747 786 τοῦ
2805 730 3073 801 βασιλέως
3126 731 3380 785 Ἰωάννου
3436 730 3532 783 καὶ
3591 728 3686 782 τοῦ

2113 825 2418 895 μακαρίτου
2449 824 2714 876 δεσπότου
2766 820 3074 891 Θεοδώρου.
3127 821 3521 892 Παρακληθεὶς
3577 821 3689 889 γὰρ

2111 917 2179 970 τὰ
2211 915 2665 986 συμπεράσματα
2693 912 2807 967 τῶν
2842 913 3139 979 διαλέξεων
3191 913 3419 967 ἐκείνων
3445 914 3504 966 ἐν
3551 913 3618 982 ro:
3631 913 3689 965 δε

2112 1009 2379 1074 συνέταξα
2414 1007 2492 1077 τῷ
2525 1003 2740 1084 βιϐλίῳ,
2787 1005 2816 1060 δ
2847 1005 3210 1076 μεταγραφὲν
3258 1009 3338 1070 τίς
3373 1005 3550 1059 πολλὰ
3596 1007 3692 1059 καὶ

2111 1100 2354 1155 διαδοθὶν
2386 1097 2666 1168 πανταχοῦ
2688 1100 2784 1152 καὶ
2811 1099 2964 1168 παρὰ
3014 1098 3267 1162 Λατίνοις
3292 1097 3390 1152 νῦν
3425 1100 3684 1169 εὑρισκό-

2117 1211 2297 1265 μενον.
2331 1191 2441 1248 Ἶιν
2473 1193 2528 1247 δὲ
2557 1193 2678 1246 τότε
2729 1195 2757 1245 ὁ
2786 1191 3244 1262 συγγραψάμενος
3277 1192 3568 1256 καθολικδς
3602 1210 3692 1246 σε·

2113 1287 2406 1355 κρετάριος
2434 1283 2530 1339 τοῦ
2562 1284 2829 1354 βασιλέως
2893 1284 3173 1348 Ἰωάννου,
3240 1285 3336 1339 καὶ
3399 1285 3691 1347 καθολικδς

2115 1375 2309 1446 κριτὴς
2329 1375 2436 1427 τῶν
2473 1373 2790 1445 Ῥωμαίων,
2807 1377 2901 1428 καὶ
2943 1375 3213 1429 διδάσκων
3237 1377 3293 1440 ὲν
3315 1375 3394 1447 τῷ
3409 1376 3692 1447 τρικλινίῳ

2116 1466 2210 1521 τοῦ
2246 1467 2513 1537 βασιλέως
2561 1469 2707 1521 κατά
2757 1469 3122 1539 Παρασκευὴν
3176 1469 3440 1539 ἑκάστην,
3487 1468 3695 1538 παρού-

2119 1578 2219 1631 σης
2245 1560 2343 1632 τῆς
2379 1559 2689 1631 συγκλήτου
2745 1564 2840 1615 καὶ
2871 1561 3142 1634 πλείστης
3207 1561 3308 1632 τῆς
3334 1562 3545 1625 πόλεως
3600 1562 3692 1614 τὸν

2107 1652 2276 1721 ,λόγον
2302 1651 2398 1706 τοῦ
2439 1652 2576 1706 Θεοῦ
2610 1655 2691 1715 είς
2722 1653 2882 1718 δόξαν
2910 1653 3075 1708 αὑτοῦ
3107 1652 3203 1708 τοῦ
3253 1653 3391 1708 Θεοῦ
3431 1655 3526 1708 τοῦ
3557 1654 3695 1708 πάν·
3723 1703 3734 1712 .

2119 1763 2186 1799 τα
2246 1744 2500 1808 διδόντος.
2531 1744 2742 1815 Georgii
2775 1745 3069 1801 Scholarii.
3093 1745 3458 1814 Compasium:
3490 1754 3568 1800 est
3596 1747 3693 1800 hoc

2120 1851 2249 1905 opus
2275 1844 2396 1905 post
2426 1836 2738 1891 collationes
2793 1836 3093 1907 quindecim
3135 1837 3308 1907 factas
3369 1839 3424 1891 in
3485 1837 3693 1906 palatio

2119 1945 2241 1984 cum
2273 1928 2448 1999 legato
2499 1929 2681 1998 papali
2736 1929 2976 1996 episcopo
3036 1927 3315 1996 Cortona,
3343 1939 3394 1983 et
3454 1929 3687 2000 quodam

2119 2021 2395 2090 theologica
2423 2022 2564 2091 apud
2613 2019 2838 2076 Latinos
2885 2025 3123 2085 doctore,
3171 2035 3434 2093 prwsente
3489 2019 3699 2094 quoque

2117 2114 2334 2168 domino
2358 2111 2610 2184 Gregorio
2659 2116 2998 2186 patriarcha,
3065 2117 3356 2179 cardinali,
3407 2127 3458 2170 et
3516 2116 3696 2169 multis

2119 2205 2242 2260 aliis
2274 2205 2483 2262 Latinis
2510 2217 2560 2262 et
2592 2208 2900 2262 orthodoxis
2931 2225 3110 2263 coram
3142 2211 3466 2279 imperatore
3495 2207 3699 2262 Joanne

2119 2308 2170 2354 et
2211 2297 2483 2354 Theodoro
2520 2301 2735 2369 despo'a
2795 2300 2967 2369 felicis
3027 2302 3315 2356 memoria'.
3347 2300 3698 2356 Hortantibsts

2120 2406 2295 2448 autem
2358 2392 2606 2459 plurimis
2633 2393 2824 2447 harum
2887 2394 3310 2460 disputationum
3338 2393 3700 2448 conclusiones

2120 2484 2173 2536 in
2223 2482 2321 2535 huc
2373 2481 2508 2535 libro
2564 2482 2774 2553 collegi,
2821 2483 2912 2552 qui
2965 2493 3144 2551 postea
3191 2485 3594 2552 transscriptus,
3648 2493 3697 2536 rt

2117 2589 2428 2643 quacunque
2480 2573 2697 2637 missus,
2738 2574 2899 2627 etiam
2954 2574 3094 2640 apud
3144 2572 3362 2628 Latinos
3415 2575 3698 2642 reperitur.

2119 2667 2318 2720 Auctor
2373 2681 2492 2720 vero
2553 2674 2668 2720 erat
2721 2667 3033 2721 universalis
3096 2668 3412 2721 secretarius
3472 2668 3700 2736 impera-

2122 2758 2250 2812 toris
2272 2757 2526 2822 Joannis,
2561 2759 2930 2829 generalisque
2961 2758 3264 2815 ercorum
3285 2759 3481 2829 judex,
3510 2762 3698 2814 docens

2119 2852 2176 2904 in
2214 2851 2446 2904 triclinio
2493 2852 2833 2920 imperatoris
2885 2852 3112 2923 singulis
3159 2855 3321 2908 sextis
3360 2855 3530 2922 feriis,
3564 2873 3702 2924 pra:-

2120 2957 2264 3000 sente
2291 2957 2480 2999 senatu
2537 2955 2586 3000 et
2639 2962 2831 3016 magna
2865 2948 3060 3000 civium
3103 2947 3421 3016 frequentia,
3489 2951 3700 3004 ver‘bam

2119 3034 2220 3090 Dei
2275 3037 2345 3090 ad
2395 3038 2632 3106 ejusdem
2676 3037 2902 3109 gloriam
2961 3038 3053 3094 Dei
3102 3041 3194 3110 qni
3227 3042 3406 3094 omnia
3461 3043 3702 3096 donavit.

2125 3126 2252 3184 Haec
2281 3129 2395 3184 sola
2426 3129 2717 3199 inscriptio
2780 3139 2950 3185 totam
3007 3132 3077 3186 de
3139 3131 3358 3188 duobus
3401 3132 3704 3190 Gennadiis

438 3229 657 3296 gatorio
683 3225 808 3280 libri
834 3226 962 3280 duo.
1011 3225 1244 3283 Exstant
1275 3227 1397 3282 cod.
1437 3225 1572 3297 Reg.
1629 3227 1796 3285 2958.
1857 3229 2019 3285 Prior
2046 3239 2090 3300 ο
2124 3221 2452 3276 Allatianam
2491 3223 2917 3291 disputationem
2957 3224 3176 3280 refellit.

448 3321 602 3373 mitto
639 3319 866 3373 mutilus
899 3324 1006 3376 est.
1047 3317 1198 3389 Opus
1231 3319 1452 3389 elegans
1510 3335 1612 3376 nec
1653 3332 2017 3379 contemnen-

443 3410 598 3476 dum,
634 3409 901 3480 quidquid
937 3409 1085 3465 dicat
1111 3409 1368 3468 Allatius.
1470 3434 1478 3440 ·

515 3500 913 3570 uesperam;
944 3501 1237 3570 ἁπὸκρισις
1267 3502 1406 3574 πρὸς
1434 3504 1562 3568 τοὺς
1591 3506 1742 3576 παρὰ
1771 3506 2022 3561 Λατίνων

456 3592 784 3663 εἰρημένους
817 3591 1011 3660 λόγους
1045 3594 1178 3664 περὶ
1203 3593 1298 3647 τοῦ
1351 3593 1518 3648 αὑτοῦ
1583 3597 2018 3665 Πουργατορίου.

445 3684 754 3739 Sanunaria
796 3686 1069 3754 responsio
1116 3685 1187 3738 ad
1215 3684 1535 3754 objertiones
1577 3684 1892 3740 Latinorum
1918 3689 2023 3741 cir-

445 3796 505 3831 ca
541 3777 679 3832 idem
715 3777 1109 3848 purgatorium.
1135 3777 1276 3832 Ibid.
1310 3777 1563 3842 initium,
1598 3780 1822 3850 Ἐπειδὴ
1851 3780 2022 3850 σαφέ-

447 3885 638 3939 στερον
669 3871 817 3939 ἡμᾶς
847 3870 1162 3922 ἀπαιτεῖτε.

515 3961 775 4033 Ejusdem
813 3961 882 4014 ad
915 3957 1179 4015 Joannem
1219 3944 1735 4020 Thessalonicensem
1797 3965 1862 4020 de
1897 3981 2024 4035 pur-

439 4054 654 4124 gatorio
689 4051 982 4122 Epistola;
1013 4051 1064 4107 in
1087 4063 1286 4109 nostro
1318 4057 1444 4111 eod.
1504 4056 1718 4128 incipit,
1750 4057 2023 4130 Δῦτοσχε-

441 4147 615 4210 διάξω
645 4163 749 4201 σοι.

517 4237 770 4308 Ejusdem
803 4239 1080 4311 Σύντομον
1113 4240 1257 4294 κατὰ
1287 4238 1386 4310 τῆς
1419 4239 1580 4310 δόξης
1606 4241 1718 4295 τῶν
1747 4241 2020 4310 Λατίνων,

445 4327 610 4385 Breve
659 4333 918 4400 scriptum
970 4341 1160 4387 contra
1214 4330 1530 4387 Latinorum
1580 4334 1910 4404 opinionem,
1965 4337 2020 4391 in

445 4421 569 4476 cod.
605 4422 731 4476 cod.
765 4421 900 4493 Reg.

518 4513 595 4566 De
616 4516 957 4583 .processione
989 4514 1236 4586 Spiritus
1263 4516 1434 4570 sancti
1465 4526 1650 4572 contra
1680 4515 1902 4572 Latinos
1934 4527 2019 4572 ta-

2191 3313 2465 3369 Secundus
2496 3324 2667 3368 tomus
2713 3317 2968 3370 adversus
3004 3315 3225 3371 Latinos
3250 3317 3316 3372 de
3346 3316 3552 3388 Spiritu
3580 3335 3705 3372 san-

2121 3416 2204 3462 cto
2233 3405 2332 3477 (Ι),
2366 3423 2474 3461 non
2498 3409 2686 3461 eodem
2755 3418 3004 3479 tempore
3067 3414 3335 3482 scriptus,
3383 3412 3478 3466 sed
3537 3413 3700 3481 paulo

2089 3498 2319 3584 ‘serius,
2353 3499 2673 3569 missusque
2697 3498 2764 3554 ad
2816 3499 3440 3557 JoannemComnenum
3468 3503 3702 3572 impera-

2125 3599 2296 3646 torem
2333 3591 2824 3662 Trapezuntinum,
2851 3595 2940 3649 cui
2978 3604 3171 3650 auctor
3233 3595 3363 3651 illud
3393 3596 3701 3667 inscripsit,

2127 3685 2337 3754 adjecta
2388 3685 2645 3755 epistola,
2681 3700 2787 3756 qua
2815 3697 2971 3756 rogat
3023 3696 3081 3742 nt
3116 3689 3316 3744 librum
3370 3704 3482 3745 non
3542 3691 3700 3761 prius

2090 3797 2103 3817 ε
2125 3777 2250 3832 aliis
2283 3779 2674 3842 communicet,
2702 3794 2866 3848 quam
2917 3789 3013 3834 aut
3079 3797 3138 3835 se
3171 3781 3409 3848 abiisse,
3440 3789 3537 3838 aut
3579 3784 3704 3837 aliis

2123 3872 2563 3927 connnunicasse
2606 3874 2958 3942 compererit.
3019 3873 3212 3928 Exstat
3262 3877 3316 3930 in
3367 3879 3495 3932 cod.
3561 3873 3696 3946 Reg.

2124 3961 2285 4017 2957.
2324 3961 2578 4033 Scriptus
2609 3979 2771 4018 manu
2793 3963 3058 4037 Syliesu'i
3109 3967 3363 4037 Syropuli
3400 3967 3616 4022 diaconi
3647 3981 3704 4024 et

2126 4056 2307 4126 magni
2345 4056 2756 4122 ecclesiarchae,
2793 4059 2918 4113 vivo
2971 4056 3280 4124 Gennadio,
3313 4076 3510 4130 nempe
3553 4077 3702 4117 anno

2127 4144 2265 4202 (i956
2285 4189 2298 4210 ,
2322 4156 2382 4200 ut
2413 4161 2581 4217 supra
2615 4147 2880 4214 diximus,
2910 4160 2964 4204 et
2983 4152 3110 4208 cod.
3147 4151 3314 4206 2963.

2198 4238 2455 4308 Ejusdem
2480 4238 2739 4312 Dialogus
2767 4241 3034 4310 prolixior
3065 4243 3334 4298 adversus
3364 4243 3592 4301 Latinos
3623 4245 3694 4302 de

2127 4333 2483 4401 processioue
2514 4331 2761 4400 Spiritus
2789 4336 2989 4400 sancti,
3029 4334 3081 4388 in
3118 4350 3228 4403 quo
3249 4337 3557 4403 praesertim
3587 4340 3702 4407 agit

2126 4424 2194 4478 de
2228 4425 2590 4478 recentiorum
2624 4425 2767 4480 inter
2785 4423 3013 4482 Latinos
3044 4428 3357 4493 doctorum,
3395 4433 3699 4499 praesertim

2127 4511 2350 4569 Titania:
2380 4512 2629 4579 etScoti,
2676 4516 2744 4570 de
2803 4517 3159 4586 processione
3227 4517 3466 4588 Spiritus
3524 4519 3701 4574 sancti

444 4607 519 4662 mi
548 4605 676 4660 duo.
713 4603 932 4660 Primus
958 4607 1204 4677 scriptus
1238 4616 1323 4662 est
1371 4617 1498 4664 ante
1530 4619 1746 4679 captam
1821 4610 2014 4664 urbem
2052 4598 2096 4654 ο
2124 4604 2400 4660 doctrina.
2456 4604 2667 4676 Dialogi
2729 4621 3003 4678 persona,
3072 4607 3360 4678 Olbianus,
3412 4610 3698 4680 Eulogius,

447 4709 572 4768 post
634 4697 1042 4768 disputationes
1105 4716 1229 4754 cum
1295 4699 1476 4770 legato
1540 4717 1696 4772 papa:
1753 4704 2016 4773 episcopo

2123 4693 2472 4757 Benedictus.
2499 4696 2652 4764 luit.,
2683 4699 2848 4752 Ἀλλὰ
2885 4702 3076 4770 καιρός
3107 4703 3254 4758 ἐστιν
3275 4703 3701 4772 ἐπισκέψασθαι,

445 4791 798 4857 Cortonensi,
823 4799 877 4846 et
917 4793 1042 4848 aliis
1070 4791 1283 4848 Latinis
1350 4794 1561 4851 habitas
1586 4810 1771 4849 coram
1808 4794 2016 4868 Joanne

2121 4783 2167 4844 ὦ
2197 4789 2445 4860 Εὑλόγιε,
2470 4792 2522 4845 εί
2557 4789 2760 4860 βούλει,
2795 4791 2864 4845 τὰ
2897 4792 3149 4848 Λατίνων
3193 4794 3534 4860 διδασκάλοις
3591 4801 3704 4861 τοῖς

451 4884 801 4952 imperatore.
829 4881 1012 4939 Exstat
1041 4886 1086 4940 is
1111 4885 1247 4939 liber
1273 4884 1325 4938 in
1389 4885 1714 4940 bibliotheca
1747 4887 1938 4958 R--gia.
1964 4893 2016 4943 ιι·

2123 4883 2412 4954 νεωτέροις
2446 4883 2702 4954 περὶτῆς
2738 4883 2832 4938 τοῦ
2870 4885 3030 4953 ἁγίου
3066 4888 3387 4957 Πνεῦματος
3435 4889 3704 4960 ἐκπορεύ-

446 4975 610 5042 29336,
637 4976 1007 5046 pertinuitque
1039 4979 1106 5032 ad
1142 4979 1441 5032 Antonium
1494 4979 1788 5047 quemdam
1848 4983 2016 5051 l‘yro-

2125 4993 2261 5040 σεως
2291 4978 2617 5048 ἡπορημὲνα
2645 4979 2759 5041 τοῖς
2825 4995 2886 5031 τε
2917 4978 3103 5042 ἄλλοις
3136 4981 3232 5034 καί¹
3259 4981 3338 5052 τῷ
3385 4983 3560 5055 Θωμᾷ
3611 4987 3708 5040 καὶ

449 5067 630 5135 pulum
662 5068 958 5135 medicum,
991 5083 1208 5125 mortuo
1236 5069 1349 5138 jam
1393 5068 1702 5138 Genuadio,
1733 5081 1789 5125 ut
1817 5082 2016 5128 testan-

2122 5068 2200 5132 τῷ
2225 5068 2432 5136 Σκότῳ.
2453 5067 2646 5124 Exstat
2678 5069 2802 5124 cod.
2841 5068 2973 5140 Reg.
2999 5072 3128 5128 eod.
3167 5072 3330 5128 2963.

448 5168 540 5214 tur
566 5160 734 5218 iambi
755 5159 947 5216 loanis
973 5162 1260 5244 cujusdam
1277 5161 1562 5217 Dotheiaui
1585 5163 1651 5218 ad
1675 5163 1837 5219 linem
1869 5165 2018 5221 libri.
2195 5159 2434 5228 Legatus
2449 5159 2575 5216 huic
2587 5161 2654 5214 de
2669 5160 2875 5230 Spiritu
2895 5173 3088 5217 sancto
3105 5161 3384 5235 Dialogus,
3407 5165 3460 5219 in
3483 5167 3702 5221 eodem.

453 5251 634 5320 Hujus
664 5251 849 5322 operis
877 5253 1036 5308 initio
1057 5253 1168 5308 haec
1195 5263 1388 5310 auctor
1438 5271 1602 5310 manu
1659 5258 1880 5328 propria
1939 5257 2021 5312 iu-
2197 5251 2454 5322 Ejusdem
2485 5247 3063 5324 Gennadii'Episwla,
3123 5257 3214 5326 Τῷ
3264 5260 3584 5330 τιμιωτάτῳ
3645 5262 3703 5312 ὲν

452 5345 792 5413 scripserat:
819 5343 1097 5414 Γεωργίου
1127 5345 1219 5399 τοῦ
1239 5346 1560 5418 Σχοὶαρίου,
1579 5349 1848 5420 Συνετέθη
1881 5349 2024 5419 μετὰ
2128 5348 2386 5417 μοναχοῑς
2425 5345 2604 5416 κυρίῳ
2628 5344 2978 5416 Μιξίμῳ-τῴ
3009 5346 3152 5400 κατά
3183 5347 3392 5418 κόσμον
3430 5350 3702 5420 Σοφιανῷ,

447 5435 714 5503 διαλέξεις
746 5436 909 5488 πέντε
947 5438 1042 5489 καὶ
1072 5435 1206 5490 δέκα
1231 5439 1532 5508 γενομένας
1572 5441 1631 5494 ὲν
1660 5439 1738 5510 τῷ
1769 5440 2022 5512 παλατίῳ
2127 5438 2222 5492 καὶ
2253 5439 2386 5491 πᾶσι
2413 5439 2527 5501 τοίς
2554 5439 2985 5509 ὲνασκουμένοις
3013 5441 3079 5509 τῇ
3128 5439 3262 5510 ἁγίᾳ
3289 5444 3426 5512 μονῇ
3447 5443 3540 5496 τοῦ
3576 5443 3709 5495 Σινᾶ

2128 5531 2442 5593 ὁσιωτάτοις
2473 5531 2852 5599 ίερομονὰχοις
2878 5531 2975 5582 καὶ
3001 5535 3284 5601 μοναχοῖς,
3354 5532 3708 5588 Venerabilis-

2128 5624 2260 5676 sima
2294 5624 2428 5676 inter
2469 5622 2752 5676 monac/ros
2784 5623 2998 5677 domino
3023 5622 3282 5693 Maximo,
3327 5628 3419 5698 qui
3445 5642 3560 5682 cum
3605 5645 3709 5682 su:-

452 5526 594 5594 μετὰ
627 5524 722 5579 τοῦ
755 5525 1048 5579 παππικοῦ
1081 5527 1374 5598 πρέσϐεως
1410 5528 1508 5581 καὶ
1538 5530 1844 5583 ἐπισκόπου
1879 5532 2023 5600 Κορ-

447 5617 646 5684 τώνης,
666 5617 759 5670 καὶ
787 5615 1112 5671 διδασκάλου
1139 5617 1233 5688 τῆς
1257 5618 1410 5689 πλιρᾶ
1439 5619 1689 5684 Λατίνοις
1716 5620 2020 5690 Θεολογίας,

447 5793 1270 5924 “Em“ﬁxﬁsitiutkibliothera
1319 5794 1612 5854 Vicnrn-usi
1644 5816 1700 5854 η.
1729 5800 1857 5868 277,
1879 5809 2014 5856 teste
2057 5801 2346 5860 Lambceio
2378 5803 2414 5860 l.
2442 5819 2494 5871 ν,
2514 5818 2636 5876 pag.
2672 5804 2798 5876 225,
2823 5809 2915 5880 qui
2938 5807 3098 5865 alteri
3154 5807 3442 5869 Scholario
3488 5810 3710 5881 tribuit,
