4102 6414
362 347 473 414 305

1849 372 2189 436 SCRIPTA.

3525 373 3637 442 306

360 465 558 520 cularis
583 477 739 534 esset,
768 467 1071 536 Sophiantts
1106 475 1411 542 vocabatur,
1440 488 1491 531 et
1518 480 1759 535 omnibus
1790 483 1952 537 vitam
1979 491 2028 549 Α
2060 487 2184 541 felix
2209 488 2263 542 in
2297 486 2659 557 coniectando
2684 488 3008 548 Lambecius
3048 492 3170 559 fuit,
3196 490 3353 564 quod
3387 493 3639 563 sequenti

361 562 713 626 monasticam
752 566 1119 621 exercentibus
1142 570 1197 621 in
1232 580 1422 627 sancto
1454 577 1779 631 monasterio
1812 577 1947 633 Sina

361 655 712 708 sanctissimis
739 656 1131 727 sacerdotibus,
1156 672 1207 716 et
1232 664 1357 739 aliis
1404 670 1698 723 monac/tis.
1727 670 1946 741 Incipit,

360 740 427 791 Al
454 743 665 812 γραφαὶ
691 743 791 814 τῆς
822 744 925 814 σῆς
952 747 1264 821 εὐλαϐείας.
1302 753 1499 824 Agitur
1524 757 1578 811 iu
1639 773 1705 813 ea
1739 758 1808 814 de
1848 740 1949 815 ata-

362 831 787 903 riisdisciplinae
852 839 1147 906 capitibus,
1213 846 1509 903 occasione
1578 864 1772 909 eorum
1827 865 1951 922 quae

364 938 472 978 non
499 933 647 980 recte
674 926 787 982 illic
811 943 870 984 se
900 928 1105 986 habere
1134 932 1280 991 circa
1313 952 1409 995 eos
1434 940 1530 1010 qui
1556 941 1623 995 ad
1668 943 1949 1001 visitanda

366 1015 481 1069 loca
539 1031 697 1072 sacra
729 1019 931 1076 montis
982 1022 1132 1079 Sinai
1188 1027 1617 1103 conﬂuebant,a
1658 1033 1949 1093 Joachimo

363 1117 418 1163 et
434 1107 697 1179 Gregorio
721 1113 1009 1171 monachis
1035 1108 1329 1178 didicerat.
1368 1121 1442 1178 De
1470 1125 1737 1198 episcOpn
1763 1129 1944 1199 digni-

365 1206 526 1252 tatem
552 1200 863 1267 abdicante,
922 1212 1067 1275 quod
1099 1209 1311 1279 absque
1344 1214 1672 1284 patriarcha:
1721 1219 1946 1276 licentia

365 1303 520 1363 negat
554 1309 715 1361 posse
771 1296 887 1351 ﬁeri
924 1315 938 1352 :
976 1316 1044 1354 an
1106 1302 1320 1375 absque
1376 1306 1611 1364 diacono
1667 1313 1951 1369 celebrare

363 1385 655 1456 episcopus
688 1390 884 1459 possit,
920 1393 1066 1461 quod
1105 1396 1270 1453 licere
1323 1400 1401 1454 ait
1452 1401 1506 1455 in
1561 1403 1787 1467 sacello,
1848 1420 1945 1460 seu

368 1479 782 1553 παρεκκλησίῳ,
815 1490 871 1538 ει
909 1484 1113 1542 factum
1149 1489 1218 1545 ab
1246 1491 1549 1564 Euthymio
1576 1503 1632 1549 et
1688 1495 1949 1553 Matthaeo

370 1570 722 1640 patriarcbis,
756 1589 867 1630 non
908 1578 1130 1645 publice
1165 1581 1219 1635 in
1254 1584 1489 1642 ecclesia
1516 1602 1533 1642 :
1565 1587 1635 1643 de
1685 1589 1953 1662 episcopo

366 1664 597 1733 Bosnim,
634 1669 728 1737 qui
765 1671 969 1727 multos
1000 1688 1065 1727 ex
1094 1673 1304 1734 Latinae
1323 1678 1606 1751 religionis
1630 1680 1949 1743 hominibus

365 1758 430 1813 ad
463 1758 623 1816 ﬁdem
665 1761 928 1821 Ecclesiae
992 1765 1181 1824 Graece
1235 1770 1594 1830 adducebat:
1649 1776 1719 1831 de
1775 1778 1950 1833 Char-

2052 579 2303 648 exetnplo
2340 580 2696 636 manifestum
2731 583 2857 637 erit.

2125 669 2420 725 Historiam
2449 672 2597 726 enim
2640 688 2825 728 rerum
2871 675 3015 731 inter
3050 674 3278 734 Latinos
3335 688 3389 733 et
3419 679 3641 734 Cra-cos

2051 759 2316 829 Ferrarize
2341 770 2396 817 et
2422 760 2715 817 Florentiae
2765 774 3044 834 gestarum
3074 768 3338 837 scriptam
3369 785 3399 824 a
3422 768 3642 825 Genna-

2051 849 2144 905 dio
2189 849 2382 917 fuisse,
2425 868 2550 922 quae
2595 854 2648 907 in
2693 854 2945 911 Caesarea
2993 857 3327 915 bibliotheca
3362 871 3641 925 servetur,

2052 944 2246 1000 scribit
2271 946 2308 998 Ι.
2336 961 2451 1011 vm,
2484 962 2539 1017 ιι.
2563 946 2691 1003 509.
2715 947 2973 1004 Cotlicem
3006 951 3085 1004 ait
3110 966 3233 1008 esse
3258 951 3641 1019 chartaceum,

2051 1045 2268 1093 contum
2320 1047 2376 1093 et
2427 1040 2671 1095 sedecim
2722 1057 2998 1097 annorum
3047 1044 3166 1114 (ita
3228 1044 3503 1100 scribebat
3547 1060 3640 1099 an.

2052 1130 2192 1185 1679
2214 1132 2253 1193 ),
2284 1148 2386 1200 quo
2417 1133 2722 1187 continetur
2751 1135 3208 1203 pseudo-historia
3264 1137 3479 1190 concilii
3515 1136 3643 1191 Fer-

2053 1221 2307 1274 rariensis
2344 1230 2393 1275 et
2432 1220 2734 1276 Florentini
2775 1241 2806 1276 a
2842 1222 3118 1279 Gennadio
3152 1225 3430 1280 Sclwlario
3465 1241 3644 1279 monu-

2052 1314 2150 1366 cho
2203 1314 2545 1391 schismatico
2597 1313 2806 1377 Grn'co.
2866 1326 2915 1369 et
2967 1316 3221 1373 Ecclesia:
3279 1317 3641 1373 Occidentalts

2048 1414 2301 1472 perpetuo
2339 1421 2403 1457 ac
2440 1405 2798 1474 iufrnsissimo
2854 1407 3023 1471 hoste,
3074 1411 3164 1479 qui
3203 1419 3327 1464 ante
3357 1411 3642 1464 monacha-

2058 1504 2168 1549 tum
2203 1493 2463 1565 Georgius
2519 1495 2826 1552 Scitolm'ius
2858 1499 3155 1570 appellatus
3211 1500 3409 1569 fuerat,
3440 1511 3487 1554 ct
3520 1511 3646 1559 ante

2052 1589 2499 1660 oppugnatione»:
2552 1589 3047 1659 Constantinopolis
3093 1609 3188 1664 per
3224 1592 3425 1647 Turcas
3455 1594 3649 1649 oltiisse

2052 1680 2278 1747 videtur,
2315 1680 2547 1752 maligne
2580 1692 2737 1751 atque
2776 1684 3040 1747 iniuriose
3093 1687 3420 1756 conscripta.
3474 1687 3647 1753 Quen:

2053 1773 2276 1830 titulum
2311 1775 2413 1830 sibi
2448 1775 2567 1845 ipse
2609 1774 2944 1831 Lambecius
2980 1778 3394 1833 consarcinavit
3440 1792 3515 1831 ex,
3549 1777 3650 1832 faI-

364 1858 517 1907 tzeca
555 1854 820 1927 principe,
878 1874 1040 1931 quem
1074 1860 1143 1917 ad
1173 1863 1428 1920 eamdem
1476 1866 1755 1926 adducere
1803 1870 1948 1928 idem
1984 1850 2027 1911 Β
2055 1868 2295 1925 sissimis
2337 1869 2677 1938 ennjecluris
2730 1869 2944 1924 Allatii.
2982 1869 3040 1925 In
3074 1871 3198 1929 cod.
3252 1886 3380 1926 vero
3431 1886 3539 1926 ms.
3575 1872 3647 1926 ita

364 1945 653 2018 episcOpus
684 1949 1035 2007 conabatur:
1099 1969 1168 2009 ne
1205 1955 1258 2009 in
1302 1954 1553 2029 Liturgia
1613 1975 1950 2018 commemo-

367 2038 506 2093 ratio
536 2039 654 2110 ejus
674 2042 895 2110 publice
926 2044 1046 2109 fiat,
1089 2047 1219 2116 quia
1253 2048 1436 2107 adhuc
1488 2053 1831 2117 σκεπάζεται
1858 2055 1951 2110 τὸν

363 2132 803 2201 χριστιανισμὸν,
855 2134 1335 2195 christianismum
1377 2142 1713 2201 dissimulat.
1745 2144 1949 2202 Verum

365 2222 557 2278 asserit
584 2222 744 2280 licere
767 2225 821 2279 in
857 2226 1161 2297 gratiarum
1191 2231 1408 2289 actione
1438 2235 1503 2288 ad
1524 2251 1955 2309 mensam,pr:e-

365 2321 517 2369 sentc
543 2316 663 2386 ipso
694 2332 859 2373 orare
882 2331 982 2389 pro
1012 2321 1233 2378 eodem.
1268 2324 1363 2378 'Ev
1418 2326 1477 2380 δὲ
1496 2329 1563 2400 τῇ
1626 2329 1953 2402 εὐχαριστίᾳ

364 2406 464 2474 τῆς
488 2408 948 2481 τραπέζηςήμῶν
1004 2414 1281 2484 παρόντος
1333 2420 1384 2472 εἰ
1455 2418 1640 2475 Θέλετε
1688 2422 1952 2489 εὔξασθαι

365 2496 505 2568 ὑπὲρ
522 2498 710 2566 αὐτοῦ,
739 2502 823 2555 ὅτι
862 2504 1073 2575 Κύριος
1104 2509 1132 2561 ὁ
1153 2508 1288 2572 θεὸς
1323 2511 1653 2582 διαφυλάξαι
1690 2514 1788 2585 τὴν
1808 2514 1955 2588 ζωὴν

364 2590 460 2643 τοῦ
480 2590 739 2647 αὖθιντου
766 2595 1082 2667 Χαρτζεκᾶ.
1110 2600 1243 2669 Quis
1270 2603 1361 2658 ille
1385 2603 1572 2673 fuerit,
1598 2615 1693 2662 aut
1725 2609 1951 2678 quinam

368 2686 589 2742 nomine
617 2688 1012 2761 Κουδουγέρων
1047 2732 1063 2756 ,
1106 2695 1200 2765 qui
1231 2706 1290 2750 ut
1322 2696 1540 2753 videtur
1562 2701 1712 2757 illius
1733 2702 1940 2757 subditi

366 2787 545 2847 erant,
585 2776 922 2855 intelligendi
960 2785 1095 2851 sint,
1129 2788 1432 2847 nescimus.
1464 2790 1601 2847 Tum
1643 2793 1713 2850 de
1741 2794 1956 2852 Latinis

369 2884 417 2928 et
449 2875 721 2933 Armeniis
747 2876 814 2932 ad
840 2877 956 2934 loca
1009 2895 1165 2936 sacra
1197 2881 1463 2939 adorandi
1518 2900 1686 2942 causa
1722 2889 1955 2944 venien-

371 2966 521 3023 tibus
544 2967 759 3037 deﬂnit,
793 2986 902 3027 non
941 2973 1318 3044 repellendos,
1357 2978 1578 3036 etiamsi
1632 2980 1955 3037 heterodoxi

374 3069 429 3112 et
453 3062 751 3120 schismate
781 3064 850 3118 ab
900 3065 1143 3123 Ecclesia
1185 3069 1373 3126 Graeca
1424 3069 1592 3127 divisi
1649 3073 1803 3130 sint:
1857 3089 1958 3130 nec

2051 1961 2349 2018 exhibetur
2382 1978 2397 2016 :
2434 1960 2728 2015 Γενναδίου
2782 1963 3083 2034 Σχολαρῑου
3122 1962 3192 2016 τὰ
3241 1964 3299 2017 ὲν
3342 1968 3406 2034 τῇ
3446 1965 3651 2035 συνόδῳ

2054 2050 2378 2122 πραχθέντα
2447 2054 2515 2123 τῇ
2573 2052 2741 2124 ὀγδόῃ
2816 2051 3118 2122 ineptum;
3179 2055 3245 2124 τῇ
3310 2052 3648 2124 Φλωρεντῐᾳ,

2054 2144 2321 2200 Gennadii
2345 2143 2612 2201 Scholarii
2640 2154 2763 2200 acta
2817 2144 2864 2199 Γ
2868 2145 3115 2201 (arentia:
3139 2145 3193 2199 in
3227 2154 3415 2201 octava
3448 2148 3651 2217 synodo

2054 2238 2305 2292 historice
2359 2238 2683 2306 conscripta.
2740 2236 2849 2305 Qui
2886 2238 3083 2294 titulus
3114 2238 3221 2295 nisi
3281 2240 3652 2311 typOgraphm

2054 2347 2176 2386 rum
2210 2332 2370 2401 culpa
2411 2339 2515 2397 est,
2546 2331 2682 2386 vitio
2717 2346 2827 2387 non
2866 2340 3040 2397 caret,
3096 2340 3151 2387 et
3199 2331 3457 2387 inertiam
3506 2332 3651 2388 scri-

2056 2423 2227 2495 ptoris
2250 2423 2474 2488 indicat,
2494 2424 2577 2480 vel
2594 2423 2777 2495 potius
2799 2423 3168 2494 possessoris.
3183 2423 3318 2478 Nam
3345 2425 3652 2492 sazpissime

2057 2514 2111 2570 iu
2148 2514 2310 2570 codd.
2345 2529 2478 2569 mss.
2517 2516 2875 2585 reperiuntur
2905 2513 3051 2568 tituli
3095 2514 3291 2585 scripti
3324 2514 3505 2569 aliena
3542 2530 3654 2569 ma-

2055 2623 2154 2673 nu,
2211 2621 2447 2677 quorum
2479 2608 2653 2670 nulla.
2691 2606 2811 2662 nisi
2841 2606 3063 2663 aliunde
3090 2609 3465 2669 conlirmetur,
3521 2607 3657 2662 fides

2057 2702 2201 2772 apud
2221 2701 2448 2758 criticos
2479 2718 2601 2758 esse
2629 2701 2789 2758 solet.
2837 2700 3137 2772 Specimen
3167 2716 3299 2756 vero
3351 2718 3380 2753 a
3422 2698 3655 2755 Lambe-

2057 2795 2146 2851 cio
2175 2793 2485 2849 exbihitum
2543 2802 2631 2849 est
2660 2793 2937 2865 ejusmodi
2968 2809 2984 2848 :
3032 2793 3098 2846 Ἦ
3141 2793 3224 2854 ei;
3257 2793 3359 2861 τὴν
3404 2791 3658 2863 Φεράραν

2058 2887 2356 2950 εῐσὲλευσις
2414 2887 2514 2941 σὺν
2578 2885 2718 2957 Θεῷ.
2778 2886 2935 2941 Μετὰ
2992 2885 3050 2940 δὲ
3105 2886 3167 2941 τὸ
3224 2884 3505 2940 Σαϐϐαῖον
3553 2886 3657 2954 τῆς

2059 2980 2389 3051 Τυροεράγου
2421 2979 2674 3050 εἰσῆλθεν
2705 2981 2733 3034 ὁ
2769 2978 3123 3051 πατριάρχης
3155 2979 3237 3043 εἰς
3270 2978 3371 3051 τὴν
3404 2978 3659 3050 Φεράραν

2063 3074 2205 3143 μετὰ
2254 3070 2349 3126 τοῦ
2412 3071 2704 3142 βασιλέως,
2740 3071 2838 3125 καὶ
2880 3070 3133 3141 εἰσῆλθεν
3165 3070 3247 3131 εἰς
3276 3070 3369 3124 τὸν
3396 3072 3525 3124 ναδν
3560 3071 3658 3125 τοῦ

372 3162 555 3210 tamen
579 3157 813 3213 dandam
840 3157 975 3226 ipsis
1029 3161 1452 3230 eucharistiam,
1482 3166 1581 3223 sed
1632 3167 1952 3241 ἀντιδωρον,

2066 3165 2224 3234 ἁγίου
2294 3164 2597 3238 Γεωργιου.
2666 3165 2779 3227 Καὶ
2846 3165 3070 3236 πρῶτον
3136 3163 3236 3234 μὲν
3298 3163 3660 3233 ὲῤῥαντεσατσ

373 3263 467 3305 seu
493 3266 683 3320 panem
707 3253 1071 3319 benedictum,
1097 3256 1202 3311 nisi
1230 3259 1798 3331 propriasopiniones
1823 3279 1955 3320 suas

372 3343 768 3413 abjuraverint.
801 3345 875 3402 De
909 3346 1185 3420 simonia;
1217 3365 1335 3406 eam
1381 3351 1642 3425 deplorat
1693 3364 1957 3427 tanquam

374 3438 603 3504 malum,
637 3441 780 3510 quod
823 3448 1132 3513 temporum
1160 3444 1478 3502 calamitate
1507 3447 1729 3503 tolerari
1765 3451 1958 3520 potius

373 3534 764 3604 debeat,quam
803 3534 1012 3593 idcirco
1034 3538 1406 3595 obedientiam
1432 3540 1713 3613 episcopis
1745 3544 1960 3614 negari,

376 3641 443 3678 ne
474 3625 789 3681 scandalum
823 3637 1140 3698 generetur,
1167 3645 1237 3687 ex
1266 3644 1375 3701 quo
1408 3633 1747 3705 episcopalis
1802 3636 1963 3694 ordic

378 3719 483 3779 nis.
517 3733 639 3773 mox
693 3719 871 3791 ipsius
915 3721 1203 3793 religionis
1249 3734 1605 3797 contemptus
1643 3738 1909 3785 nascatur
1942 3748 1957 3785 :

378 3808 654 3866 ferendum
687 3826 807 3868 esse
836 3814 981 3882 quod
1007 3815 1287 3871 emendari
1318 3834 1424 3873 non
1461 3820 1637 3889 possit
1675 3839 1691 3877 :
1720 3837 1779 3878 se
1842 3823 1961 3878 sal-

376 3911 486 3959 tem
563 3904 835 3961 neminem
895 3908 1146 3975 pecuniis
1189 3910 1499 3977 ordinasse,
1555 3912 1667 3969 imo
1713 3917 1960 3986 propriis

376 3995 686 4066 sumptibus
720 3997 1009 4069 episcopos
1042 3998 1241 4057 fecisse
1276 4003 1498 4076 multos,
1538 4021 1680 4076 quos
1744 4022 1813 4064 ex
1855 4024 1952 4063 ca-

375 4090 625 4159 ptivitate
660 4090 1147 4147 redemerit:mali
1194 4074 1531 4161 inium-ante
1556 4074 1957 4185 quinquaginta

375 4197 550 4237 annos
591 4179 804 4237 fuisse:
861 4182 1116 4239 sufﬁcere
1174 4192 1235 4238 ut
1284 4185 1575 4256 episcopos
1633 4179 1956 4258 observent,

378 4274 563 4328 sintne
605 4272 924 4338 orthodoxi,
983 4280 1039 4328 et
1092 4274 1227 4329 nihil
1276 4275 1518 4331 alienum
1566 4279 1639 4334 ab
1700 4277 1962 4336 Ecclesiae

375 4365 577 4422 Grzecaa
612 4364 714 4421 lida
739 4365 1004 4421 docentes
1032 4384 1045 4422 :
1081 4366 1337 4425 minutiis
1364 4369 1679 4426 circa-ritus
1698 4383 1751 4426 et
1780 4371 1959 4429 olilcia

376 4458 751 4514 ecclesiastica
786 4474 893 4515 non
923 4460 1349 4517 attendendum.
1619 4469 1623 4473 ’

2065 3258 2176 3329 (ita
2233 3257 2340 3327 leg.
2391 3272 2505 3327 pro
2541 3256 2888 3322 ὲξαντίσατο,
2929 3270 3067 3312 voce
3100 3255 3304 3325 nihili)
3358 3255 3455 3308 καὶ
3496 3256 3659 3317 αὐτὸς

2060 3352 2156 3406 καὶ
2212 3353 2239 3405 ὁ
2296 3342 2659 3423 ’πατριάρχης
2729 3350 2820 3405 διὰ
2880 3349 2977 3404 τοῦ
3054 3348 3465 3420 ραντιστηρῑουο
3539 3346 3661 3401 εἶτα

2061 3444 2350 3512 ὑπέδειξαν
2398 3443 2551 3513 αὑτῷ
2604 3444 2653 3498 οἱ
2707 3444 2890 3497 ἐκεῖσε
2953 3441 3331 3515 Λατινομὰχοι
3384 3442 3661 3513 εὐμεγέθη

2060 3538 2154 3595 καὶ
2176 3520 2433 3608 εὐτραφῆ
2478 3540 2663 3609 χεῖρα,
2697 3537 2794 3591 τοῦ
2841 3537 3003 3606 ἁγίου
3058 3537 3342 3607 Γεωργίου
3406 3534 3662 3604 λέγοντες

2060 3622 2223 3693 εἶναι,
2265 3626 2372 3680 ὑπὸ
2423 3627 2641 3691 σανίδος
2667 3625 3073 3697 κοιλανθείσης
3099 3627 3527 3698 περιεχομένην,
3550 3637 3659 3681 etc.

2060 3714 2180 3772 Non
2205 3715 2447 3783 viderat,
2470 3715 2692 3787 Opinor,
2718 3714 3053 3771 Lambecius
3082 3715 3381 3771 Historiam
3410 3717 3660 3787 eiusdem

2059 3809 2283 3866 concilii
2317 3825 2346 3864 a
2384 3810 2669 3882 Sylvcstro
2693 3807 2968 3881 Syropulo
2999 3809 3286 3880 scriptam,
3320 3810 3423 3866 etsi
3450 3809 3657 3864 editam

2060 3912 2359 3972 antequam
2392 3910 2653 3958 octavum
2702 3902 2824 3971 ipse
2874 3915 3031 3956 suum
3084 3902 3285 3956 librmn
3327 3902 3660 3972 publicaret.

2061 3996 2223 4053 annis
2257 3995 2485 4066 integris
2502 3996 2695 4051 decem
2724 3996 2778 4050 ει
2801 4002 2949 4052 οειο.
2974 3993 3031 4049 ln
3059 4009 3124 4050 ea
3151 4009 3317 4065 porro
3342 3995 3459 4051 haec
3495 3996 3661 4053 verba

2062 4104 2188 4158 qua:
2223 4086 2338 4143 sola
2372 4088 2536 4144 nobis
2559 4086 2811 4143 exhibuit
2832 4087 3153 4159 speciminis
3181 4087 3306 4142 loco
3330 4087 3584 4159 leguntur
3603 4105 3657 4160 p.

2062 4184 2131 4239 89
2151 4180 2416 4237 editionis
2447 4195 2571 4252 quae
2597 4179 2757 4236 unica
2782 4188 2886 4244 est,
2934 4177 3363 4265 ﬂagtc-Comitis
3388 4195 3480 4235 an.
3501 4180 3660 4245 1660,

2061 4275 2317 4331 utetiam
2374 4274 2430 4329 in
2480 4274 2808 4329 authentico
2857 4282 2913 4328 et
2961 4274 3306 4344 autographa
3357 4276 3661 4345 exemplari

2063 4370 2240 4439 ipsius
2303 4368 2561 4441 Syropuli
2636 4368 3018 4439 manuscripto
3068 4385 3083 4423 :
3138 4370 3287 4428 unde
3347 4371 3660 4439 exemplum

2062 4461 2406 4533 descriptum
2468 4476 2498 4516 a
2553 4458 2789 4517 Claudio
2846 4459 3109 4516 Sarravio
3178 4461 3375 4517 habuit
3436 4461 3664 4518 lsaacus

452 4546 689 4616 Epistola
752 4548 872 4604 haec
932 4549 1121 4605 eadem
1183 4559 1271 4607 est
1323 4567 1489 4622 quam
1548 4551 2324 4619 refertexstarenYoasius,
2396 4567 2468 4613 at)
2523 4566 2591 4609 eo
2649 4552 2924 4609 Robertus
2983 4553 3403 4624 Creygthonus,
3457 4556 3663 4610 inlldus

379 4639 707 4697 Lambecius
737 4642 793 4697 in
823 4642 1159 4700 bibliotheca
1194 4646 1610 4706 Vindohonensi
1656 4651 1723 4704 ad
1772 4666 1965 4722 quem-

376 4733 502 4786 dam
541 4733 868 4789 monat-hum
919 4749 937 4790 :
985 4750 1112 4790 nam
1150 4737 1336 4793 verbis
1366 4738 1561 4795 iisdem
1611 4741 1828 4812 incipit.
1857 4742 1964 4797 Sed

377 4825 525 4894 quod
593 4826 757 4881 aliam
813 4835 1067 4884 recenset
1110 4828 1179 4885 ad
1229 4829 1577 4889 Joachimum
1629 4836 1964 4891 monachum

379 4917 645 4973 Sinaitam
693 4920 760 4975 de
813 4923 1211 4979 controversiis
1268 4925 1603 4995 quibusdam
1641 4928 1843 4999 partim
1894 4930 1963 4984 ad

380 5013 747 5083 patriarcham
785 5014 1370 5090 liierosolymitanum,
1414 5022 1612 5092 partim
1656 5023 1723 5077 ad
1765 5021 1964 5078 Arme-

379 5106 503 5159 nius
525 5113 581 5158 et
626 5103 851 5160 Latinos
885 5107 1006 5162 loca
1033 5123 1194 5165 sacra
1227 5110 1530 5167 invisentes
1557 5112 1962 5183 spectantibus,

378 5210 637 5255 veremur
664 5213 730 5254 ne
773 5198 1034 5258 vitiosum
1068 5203 1353 5273 exemplar
1379 5204 1496 5260 viro
1532 5204 1966 5274 diligentissimo

378 5285 557 5345 fraudi
588 5289 775 5349 fuerit.
808 5290 943 5347 Nam
975 5293 1043 5349 de
1070 5309 1137 5350 eo
1164 5294 1455 5355 Joachimo
1480 5297 1722 5369 loquitur
1742 5300 1965 5359 Genna-

376 5379 503 5436 dius
530 5381 759 5449 epistola
787 5385 855 5439 ad
901 5384 1200 5444 Maximum
1239 5388 1608 5461 Sophianum,
1643 5408 1673 5448 a
1725 5409 1861 5464 quo,
1906 5404 1967 5450 ut

377 5487 406 5525 a
458 5472 724 5545 Gregorio
777 5476 1052 5535 didicerat
1086 5496 1149 5537 ea
1200 5498 1325 5553 qua:
1376 5483 1717 5541 Sinaitarnm
1771 5504 1962 5557 pacem

379 5565 691 5623 turbabant.
724 5569 862 5625 Cum
889 5572 1057 5642 igitur
1107 5590 1206 5631 eos
1235 5577 1423 5632 statim
1464 5580 1773 5637 remisisset
1812 5598 1965 5637 man-

379 5656 519 5713 datis
547 5660 872 5729 instructos,
905 5675 964 5718 ut
1000 5666 1216 5734 plenius
1244 5669 1312 5725 de
1338 5685 1407 5725 eo
1458 5683 1785 5745 argumento
1818 5678 1963 5746 apud

379 5749 618 5808 Sinaitas
676 5755 1051 5826 loquerentur.
1121 5761 1186 5815 ad
1241 5763 1588 5820 Jnachimnm
1649 5767 1717 5822 de
1768 5769 1961 5825 eodem

380 5844 657 5901 scribendi
699 5862 868 5904 causa
919 5853 1067 5907 nulla
1095 5864 1231 5909 erat.
1280 5855 1389 5911 Sed
1440 5872 1547 5915 non
1592 5874 1719 5917 raro
1766 5876 1960 5932 parum

2065 4642 2225 4712 juxta
2272 4650 2328 4697 et
2360 4643 2655 4713 imperitus
2688 4642 2986 4713 interpres,
3044 4658 3159 4711 quo,
3193 4658 3356 4699 nemo
3407 4641 3664 4701 fortassis

2072 4751 2312 4806 unquam
2347 4735 2402 4790 in
2456 4734 2879 4807 interpretando
2934 4736 3215 4793 infelicius
3267 4748 3504 4808 nugatus
3553 4750 3661 4803 est,

2069 4827 2208 4882 adeo
2240 4835 2303 4881 ut
2331 4842 2399 4881 ne
2429 4827 2649 4897 quidem
2699 4827 2913 4883 auctori
2942 4842 3142 4886 nomen
3194 4844 3358 4884 suum
3407 4838 3665 4884 constare

2069 4936 2270 4993 passus
2302 4922 2377 4976 sit
2426 4938 2440 4976 :
2496 4928 2647 4977 tanta
2707 4929 2769 4979 ει,
2814 4930 2923 4984 tam
2984 4921 3168 4991 inepta
3229 4928 3661 4987 cotnmcntatus.

2070 5025 2131 5083 nt
2181 5015 2516 5087 Syropulum
2575 5016 2628 5070 in
2706 5015 3079 5085 Sguropulum
3134 5024 3406 5079 .verteret,
3468 5028 3662 5071 contra

2069 5124 2289 5167 manum
2316 5114 2579 5173 auctoris,
2615 5117 2668 5164 et
2718 5110 2968 5165 omnium
3000 5108 3146 5165 illius
3196 5108 3458 5178 temporis
3513 5118 3666 5163 atto-

2068 5220 2191 5259 rum
2235 5203 2418 5258 tidem.
2450 5202 2625 5270 Quam
2677 5217 2810 5272 ergo
2857 5200 3156 5258 liistoriam
3200 5200 3483 5268 Gennadio
3512 5201 3664 5257 Grac—

2067 5298 2229 5355 culus
2259 5296 2532 5367 quispiam
2561 5296 2873 5366 imperitus,
2908 5303 3117 5355 etcum
3153 5301 3377 5348 secutus
3426 5291 3664 5348 Lambe-

2068 5394 2210 5455 cius,
2258 5390 2537 5461 ascripsit,
2584 5405 2646 5445 ea
2685 5387 2938 5462 Syropuli
2987 5396 3093 5454 est,
3138 5396 3197 5441 ut
3245 5387 3410 5442 etiam
3449 5396 3661 5455 postre-

2069 5501 2158 5540 ma
2191 5485 2354 5540 verba
2383 5486 2452 5540 ab
2487 5499 2553 5541 eo
2597 5485 2762 5539 citata
2797 5482 3087 5538 indicant:
3131 5481 3223 5546 Ἐξ
3249 5474 3324 5534 ὢν
3349 5480 3661 5552 πέπεισμαι

2065 5577 2141 5643 ὡς
2171 5578 2232 5631 οὐ
2283 5578 2681 5649 παραχωρήσει
2726 5574 2859 5629 ποτὲ
2893 5575 2921 5628 ὁ
2956 5574 3110 5639 θεὸς,
3161 5572 3426 5644 συστῆναι
3471 5572 3570 5637 τὴν
3599 5577 3660 5629 ὲν

2065 5670 2387 5743 Φλωρεντίᾳ
2421 5669 2612 5733 κακῶς
2640 5670 2938 5739 γεγονυῖαν
2976 5666 3195 5722 ἕνωσιν.
3234 5665 3367 5734 Quae
3405 5667 3662 5736 leguntur

2066 5777 2316 5822 extrema
2361 5780 2412 5834 ρ.
2446 5763 2573 5821 350.
2611 5761 2832 5818 Nullius
2864 5774 2995 5817 vero
3029 5758 3377 5816 auctoritatis
3414 5767 3502 5816 est
3530 5760 3664 5815 sub-

2068 5860 2298 5931 scriptio
2325 5859 2619 5919 Thcodosii
2655 5859 2852 5916 notarii
2896 5856 3156 5916 Ecclesiae
3188 5854 3664 5927 Constantinopo-
