4102 6424
367 358 474 422 309

1847 341 2201 440 seu-trra.

3560 317 3666 422 ate

366 475 590 546 αγωγὴν
620 475 715 529 τοῦ
748 477 1080 549 Πορφυρίω,
1106 478 1383 551 Expositio
1409 483 1462 535 in
1490 483 1684 536 librum
1714 480 1954 550 Porphg-
1991 510 1996 536 l

2129 480 2196 536 Ν.
2223 482 2314 538 20.
2342 480 2580 538 Allatins
2607 487 2858 542 testatur,
2884 477 2938 532 in
2972 477 3158 534 Iudice
3183 475 3530 533 bibliotheca:
3552 472 3677 526 Me-

367 568 457 628 rii,
485 568 573 636 qui
600 576 676 621 est
712 567 782 621 de
810 569 1039 641 quinque
1064 572 1476 636 universalibus,
1514 575 1588 630 vel
1620 570 1680 629 itt
1707 574 1960 644 introdu-

368 662 591 714 ctionem
627 659 932 732 Porphyrii.
969 663 1150 720 Ptine.
1183 663 1447 740 Τέσσαρα
1490 650 1614 734 τινα
1644 667 1722 737 τῷ
1749 669 1966 738 ὰ,νορώ-

371 771 458 825 πῳ
483 757 546 808 ὲκ
573 757 672 824 τῆς
704 756 1024 826 φιλοσοφίας
1053 760 1443 827 προσγίνεταις
1475 777 1611 817 mss.
1637 771 1820 834 autem
1853 761 1964 815 Ro-

374 861 474 902 mae
507 849 561 902 in
599 847 733 904 bibl.
778 846 1308 922 Vaticana,Georgii
1355 853 1548 911 Schol.
1599 853 1850 926 Prolegg.
1913 856 1978 912 in.

372 941 592 1010 logicam
617 951 665 996 et
698 943 751 996 in
777 942 1068 1015 Porphyrii
1101 944 1385 1018 Isagogen.
1411 947 1448 1002 V
1481 946 1784 1002 Moutl'auc.
1816 947 1963 1004 Bibl.

376 1032 611 1089 biblioth.
645 1051 771 1090 mss.
811 1051 864 1106 p.
894 1035 926 1091 9
971 1038 1036 1092 A.
1063 1035 1382 1104 Florentia,
1421 1039 1476 1092 in
1507 1039 1628 1093 cod.
1665 1039 1796 1096 bibl.
1832 1038 1973 1095 Lau-

374 1137 514 1182 rent.
535 1127 598 1182 17
635 1143 689 1185 n.
717 1128 808 1193 54,
836 1147 889 1200 p.
913 1130 945 1186 9
974 1130 1040 1187 A.
1066 1133 1313 1202 plut.59,
1344 1131 1633 1202 Porphyrii
1665 1131 1971 1194 tut-reduci.

375 1217 444 1272 de
491 1220 733 1291 quinque
775 1237 927 1278 voce.
983 1239 1106 1280 cum
1141 1226 1376 1286 scholiis.
1420 1226 1655 1296 margin.
1711 1227 1973 1297 (quorum

376 1313 636 1368 nonnulla
685 1312 952 1370 Scholarii
1015 1331 1218 1374 nomen
1293 1333 1403 1387 pra:
1464 1334 1526 1374 se
1593 1318 1892 1388 terunt),l
1920 1327 1978 1376 et

377 1406 706 1473 quibusdam
732 1409 1226 1478 praeliminaribus.
1269 1411 1334 1466 ν.
1372 1411 1607 1468 Bandin.
1645 1412 1769 1470 Cat.
1805 1412 1974 1470 codd.

379 1498 474 1554 Gr.
511 1499 685 1556 Laur.
720 1502 836 1557 vol.
886 1503 954 1566 ll,
984 1519 1037 1573 p.
1074 1503 1147 1560 55
1173 1506 1207 1558 5
1240 1515 1334 1571 ;e,t
1373 1505 1524 1564 conf.
1551 1523 1741 1576 supra,
1770 1507 1880 1562 vol.
1912 1505 1974 1572 Υ,

380 1608 432 1663 p.
463 1592 566 1648 755
621 1608 741 1664 sqq.
786 1611 848 1649 ac
884 1612 1008 1651 mox
1049 1611 1103 1652 n.
1141 1596 1226 1651 16.

410 1761 416 1766 .
450 1685 514 1741 Ν’
544 1685 902 1754 ίδοΕῙ¹¹⁵τ¹θ³¹¹
931 1690 1195 1760 ἐξήγησις
1228 1691 1311 1756 εἰς
1335 1691 1436 1758 τὰς
1466 1691 1601 1750 δέκα
1627 1691 1979 1763 κατηγορίας
2011 1678 2013 1680 ’

384 1777 487 1832 τοῦ·
518 1779 948 1850 Ἀριστοτέλους,
984 1782 1265 1849 Expositio
1294 1787 1349 1840 in
1375 1786 1552 1842 decem
1581 1787 1980 1856 prwdicanten-

386 1879 440 1923 la
469 1869 793 1926 Aristotelis.
821 1871 1187 1940 Princ.,"Ooat
1211 1877 1311 1948 μὶν
1325 1877 1433 1931 ἔδει
1464 1878 1596 1948 περὶ
1623 1877 1725 1948 τῆς
1761 1878 1981 1947 φιλοσο-

385 1960 530 2030 φίας,
564 1965 658 2016 καὶ
683 1963 766 2018 ἔτι
793 1965 924 2031 περὶ
956 1967 1056 2036 τῆς
1083 1966 1330 2040 λογικῆς.
1350 1968 1497 2024 Idem
1527 1985 1669 2040 opus
1699 1970 1900 2040 legitur-
1925 1969 1979 2024 in

387 2051 649 2110 Vaticano
703 2056 975 2124 eod.942,
998 2073 1053 2128 p.
1087 2058 1208 2123 155.
1237 2075 1362 2118 cum
1401 2061 1506 2120 hoc
1542 2063 1698 2117 titulo
1734 2079 1748 2115 :
1800 2061 1984 2131 Γεωρ-

385 2147 504 2214 γίου
543 2147 635 2200 τοῦ
671 2148 971 2220 Σχολαρίου
996 2153 1482 2223 προλεγόμεναιίς
1502 2155 1608 2223 τὴν.
1643 2154 1968 2225 ῥητορικὴν,

388 2244 484 2290 καὶ
513 2239 592 2301 είς
621 2240 720 2306 τὴν
759 2239 1071 2311 Πορφυρίου
1103 2242 1417 2314 εἰσαγωγὴν
1448 2246 1514 2300 ὲκ
1530 2243 1808 2314 διαφόρων
1843 2245 1976 2296 συλ-

389 2327 615 2396 λεγέντα
656 2329 882 2400 βιϐλίων
913 2335 1053 2402 μετὰ
1091 2333 1238 2390 ἰδίων
1276 2336 1638 2398 ἐπιστασιῶν,
1674 2334 1896 2407 (Αιιαλ.)
1917 2335 1982 2391 ν.

393 2435 580 2490 supra,
603 2423 712 2477 vol.
733 2421 823 2488 lli,
862 2440 915 2494 p.
941 2425 1048 2482 209
1083 2443 1167 2500 sq.
1197 2443 1252 2498 ι).
1278 2428 1409 2490 213,
1441 2428 1549 2483 alii
1581 2436 1636 2483 et
1671 2427 1801 2490 494.
1833 2455 1904 2471 -
1929 2427 1990 2482 In

393 2512 514 2568 eod.
540 2513 808 2572 Vossiano
841 2517 968 2584 129,
1002 2535 1049 2576 s.
1109 2536 1163 2574 n.
1194 2509 1508 2576 2:150:62“.
1569 2537 1704 2577 mss.
1760 2521 1990 2592 Anglia,

393 2607 500 2662 vol.
518 2607 577 2663 ll.
596 2607 794 2682 Georg.
811 2611 1088 2681 Scholar.,
1104 2613 1180 2670 De
1201 2631 1356 2676 sensit
1376 2615 1683 2678 Aristotelis
1709 2615 1855 2677 circa
1877 2616 1996 2672 asti-

404 2715 546 2760 mam
571 2712 620 2755 et
655 2705 719 2757 de
737 2705 943 2760 ratione
973 2704 1409 2778 syllogismorum
1436 2707 1766 2768 Aristotelis.
1788 2736 1860 2748 —
1886 2707 1988 2764 Pa-

401 2792 502 2849 ris.
537 2794 589 2848 in
609 2795 739 2852 bibl.
762 2798 908 2866 publ.
930 2801 1055 2862 cod.
1085 2800 1213 2856 l9“
1247 2801 1465 2873 Georgii
1490 2802 1678 2862 Schol.
1700 2821 1756 2861 ιι.
1785 2804 1839 2868 1,
1863 2803 1996 2860 Pro-

406 2885 676 2956 legomena
687 2889 739 2941 in
765 2889 987 2961 logicum
1007 2893 1118 2946 etin
1141 2891 1424 2965 Porphyrii
1445 2895 1719 2967 isagogen;
1746 2897 1861 2959 n.3,
1889 2896 1999 2951 Ex-

401 2979 589 3046 positio
610 2980 661 3033 in
684 2979 988 3040 Aristotelis
1023 2987 1362 3056 categorias;
1400 3004 1454 3042 η.
1487 2989 1544 3054 5,
1602 2989 1884 3057 Expositio
1944 2991 2004 3043 in

401 3065 596 3128 librum
623 3069 684 3126 tle
705 3071 1165 3140 interpretatione.
1193 3107 1268 3120 -—
1289 3076 1346 3134 In
1375 3078 1510 3134 bibl.
1539 3077 1806 3138 Eseorial.
1832 3080 2004 3143 Geor-

405 3159 474 3230 gii
513 3160 698 3220 Schol.
724 3161 1168 3228 Prwdicamenta
1207 3171 1262 3224 in
1305 3171 1538 3242 logicum
1609 3184 1657 3228 et
1721 3175 2006 3245 physicam

405 3254 727 3322 Aristotelis.
751 3257 814 3314 V.
836 3258 1130 3317 Montfauc.
1156 3262 1294 3319 Bibl.
1320 3265 1558 3319 biblioth.
1583 3281 1781 3336 mss.p.
1808 3267 1914 3323 619
1939 3268 1999 3324 Ε.

474 3346 541 3402 N.
578 3350 665 3405 17.
707 3351 962 3421 Ejusdem
997 3356 1078 3417 είς
1133 3355 1190 3410 τὸ
1256 3359 1386 3428 περὶ
1441 3359 1744 3429 ἑρμηνείας
1803 3358 2003 3431 ἐξήγη-

410 3456 514 3504 σις,
531 3440 800 3509 Expositio
824 3448 877 3500 in
910 3446 1102 3502 librum
1133 3450 1198 3504 tle
1230 3451 1687 3521 interpretatione,
1713 3453 1779 3507 ab
1802 3453 2003 3508 Allatlo

413 3532 480 3588 iis
503 3538 594 3602 qui
621 3537 1050 3606 logiczeoperam
1104 3550 1336 3609 navant,
1384 3543 1545 3601 valde
1597 3546 2002 3606 commendata.

414 3624 732 3684 --Athlatur
758 3631 898 3686 liber
924 3648 1082 3690 rarus
1113 3653 1126 3690 :
1158 3632 1362 3691 Cursus
1395 3639 2004 3708 optimarunt-quwstio-

414 3736 538 3772 num
565 3737 717 3789 super
745 3725 1135 3795 philosophiam
1162 3728 1468 3784 Aristotelis
1512 3747 1634 3784 cum
1684 3733 2006 3797 interpreta-

417 3816 561 3868 tione
589 3826 764 3872 tetrtus
785 3835 891 3872 see.
921 3820 1059 3876 uiam
1093 3823 1489 3891 modernorunt,
1536 3841 1600 3878 ac
1634 3842 1738 3880 see.
1788 3841 2007 3880 cursum

419 3909 661 3980 magistri
685 3909 893 3983 Georgii
921 3928 942 3967 :
975 3931 1067 3980 per
1101 3919 1348 3986 magistr.
1394 3917 1650 3972 Thomam
1693 3918 1876 3973 Bricot
1931 3918 1993 3974 S.

421 4001 712 4072 Theologiaz
740 4008 1028 4074 professor.
1041 4007 1337 4073 emendate,
1363 4009 1484 4065 sine
1507 4012 1654 4066 notis
1679 4014 2003 4082 typograpb.

419 4095 514 4149 fol.
541 4099 695 4162 min.;
715 4107 765 4151 et
795 4097 996 4153 Cursus
1026 4104 1349 4171 optimarum
1383 4106 1737 4174 quaestionum
1760 4120 1916 4170 super
1931 4116 2012 4158 to-

421 4196 529 4241 tam
564 4186 790 4258 logicum
848 4189 1268 4260 (Aristot.)see.
1322 4196 1422 4250 rel.
1483 4196 1560 4249 uti
1611 4195 1666 4249 in
1725 4196 2012 4264 superiore

424 4294 612 4348 opere.
633 4279 697 4335 V.
718 4279 884 4340 Ferd.
898 4282 1074 4339 Fossii
1093 4285 1448 4351 Catal.,eodd.
1471 4301 1598 4341 sasc.
1625 4302 1692 4340 xv
1719 4287 2014 4357 impresso-

422 4385 544 4426 rum
573 4372 770 4430 inbibl.
789 4373 1249 4446 Magliabcehiana
1273 4363 1380 4432 etc.
1399 4387 1534 4432 tom.
1554 4377 1592 4444 l,
1610 4393 1663 4448 p.
1684 4379 1786 4434 416
1803 4386 1858 4433 et
1885 4378 2010 4432 417.

469 4484 554 4540 ·Ν.
584 4487 669 4543 18.
713 4487 939 4568 Librum
969 4507 1190 4563 quoque
1208 4493 1482 4552 Gnilieimi
1523 4493 1813 4548 Porretani
1839 4493 1902 4547 de
1925 4508 2016 4548 sea:

2065 573 2410 629 d'.olanensis
2443 588 2502 628 se
2535 571 2734 642 legisse
2764 569 2991 641 Georgii
3046 569 3343 648 Scholarii
3369 569 3506 638 Περὶ
3566 567 3665 634 τῆς

2065 670 2160 726 τοῦ
2192 669 2452 742 Γρηγορᾶ
2475 665 2907 738 ψευδογραφίας,
2935 664 3006 721 De
3034 665 3177 735 falsa
3223 665 3508 734 scriptione
3533 661 3668 718 Cre-
3766 718 3776 728 _

2068 779 2249 835 gone;
2284 761 2380 819 sed
2419 761 2602 823 docet,
2631 760 2685 816 id
2710 773 2837 815 esse
2864 759 3489 829 pseudo-epigrapbum,
3515 771 3670 809 inen-

2070 858 2314 926 dumque
2343 853 2730 924 exscriptoris.
2772 863 2865 907 aut
2896 852 3042 907 illius
3069 851 3276 921 potius,
3313 850 3406 920 qui
3433 850 3670 904 iudicem

2073 949 2452 1014 concinnavit,
2476 957 2530 1004 et
2561 963 2621 1004 se
2647 945 2969 1017 aliquando,
2991 944 3099 1002 nisi
3125 945 3386 1000 memoria
3424 942 3596 1006 fallat,
3622 943 3674 995 in

2076 1059 2209 1100 mss.
2251 1044 2452 1114 legisse
2483 1055 2499 1097 :
2531 1043 2794 1112 Φακρασῆ
2831 1040 2961 1111 περὶ
2998 1041 3097 1109 τῆς
3125 1037 3218 1093 τοῦ
3241 1037 3502 1108 Γρηγορᾶ
3531 1035 3663 1104 ψευ-

2075 1139 2400 1210 δογραφίαςο
2449 1137 2573 1193 aliis
2617 1150 2772 1200 vero,
2822 1134 3026 1206 quibus
3082 1130 3404 1188 conferendi
3458 1129 3678 1186 codices

2079 1235 2208 1290 data
2239 1240 2325 1288 est
2353 1231 2612 1294 facultas,
2646 1229 2913 1299 relinquit
2936 1225 3379 1296 diiudicandum,
3414 1239 3545 1277 num
3583 1235 3680 1274 ca-

2081 1330 2225 1396 dem,
2265 1344 2333 1384 an
2369 1327 2588 1383 diversa
2646 1339 2677 1379 a
2728 1320 3256 1382 Hediolanensibus,
3303 1320 3410 1372 sub
3456 1313 3678 1382 Georgii

2082 1419 2360 1487 Scholarii
2395 1417 2620 1472 nomine
2653 1413 2975 1472 divenditis.
3003 1413 3180 1482 Atque
3207 1409 3588 1464 Montlaucon.
3625 1405 3677 1459 in

2081 1513 2226 1569 Bibl.
2267 1510 2506 1565 biblioth.
2542 1525 2670 1563 mss.
2714 1506 2756 1572 Ι,
2800 1522 2853 1577 p.
2879 1505 2986 1562 Δ197
3040 1505 3187 1560 inter
3215 1502 3378 1558 codd.
3413 1501 3550 1556 bibl.
3577 1499 3682 1554 Me-

2085 1603 2294 1659 diolau.
2322 1609 2380 1657 et
2416 1601 2592 1656 libros
2619 1599 2845 1668 Georgii
2877 1597 3062 1653 Schol.
3105 1594 3377 1665 ejusmodi
3410 1593 3532 1647 libri
3563 1592 3681 1646 nul-

2085 1699 2192 1753 lam
2216 1697 2346 1753 facit
2369 1697 2727 1751 mentionem.
2756 1725 2827 1734 —
2849 1693 2983 1760 Qua:
3003 1693 3206 1762 scripta
3230 1689 3501 1746 Gvnuadii
3535 1688 3686 1741 theo-

2091 1787 2270 1859 logica
2291 1803 2358 1843 ex
2391 1787 2746 1842 bibliothecis
2779 1783 3004 1840 Roberti
3044 1781 3397 1838 Constantini
3456 1779 3594 1851 Galli
3627 1794 3688 1833 ac

2087 1880 2343 1949 Gesneri,
2387 1898 2443 1936 η.
2473 1881 2566 1949 9.·1,
2591 1881 2862 1936 uenuiuat.

2161 2019 2343 2088 N.22,
2375 2019 2466 2074 ‘23.
2499 2019 2768 2089 Pleraque
2817 2019 2984 2072 etiam
3049 2032 3080 2072 e
3130 2017 3318 2090 lingua
3375 2016 3570 2079 Latina
3636 2015 3689 2068 iu

2093 2114 2342 2170 Gre-cam
2375 2115 2643 2169 traduxit.
2673 2113 2732 2167 lu
2771 2113 2907 2170 bibl.
2942 2112 3188 2170 Palatina
3240 2111 3546 2170 habebatur
3607 2111 3693 2164 itt-

2097 2207 2419 2280 terpretatio
2482 2206 2729 2274 ejusdem
2787 2206 2840 2260 in
2866 2204 3119 2260 Grtecum
3179 2217 3518 2268 sermonem,
3589 2199 3693 2254 Ea:-

2096 2297 2414 2367 positionem
2468 2295 2531 2350 ο.
2560 2295 2774 2350 Thomte
2804 2298 2857 2349 in
2886 2294 3195 2349 Aristotelis
3224 2292 3386 2347 libros
3404 2291 3468 2344 de
3486 2289 3694 2352 anima,

2097 2399 2146 2446 et
2181 2389 2245 2445 ι).
2301 2389 2513 2444 Thomtc
2541 2389 2824 2460 Aquinatis
2854 2387 3192 2458 Opusculum
3223 2385 3296 2440 De
3319 2393 3435 2439 cute
3458 2393 3694 2444 etesset:-

2102 2483 2290 2548 tia,ab
2315 2497 2381 2538 (ο
2403 2484 2505 2536 h-m
2541 2481 2828 2538 Genuadio
2852 2479 3033 2536 Gra'ce
3072 2495 3297 2544 versum,
3332 2487 3382 2533 et
3435 2492 3697 2530 commen-

2103 2577 2261 2632 tariis
2287 2577 2354 2630 ab
2385 2575 2565 2631 eodem
2617 2575 2977 2630 illustratum.
3004 2603 3074 2614 —
3105 2571 3398 2628 Florentia:
3459 2572 3510 2623 itt
3567 2569 3694 2623 cod.

2101 2669 2448 2726 Laurent.”
2479 2686 2534 2724 η.
2568 2669 2652 2732 1⁸2,
2688 2669 2825 2737 plut.
2862 2667 2952 2733 86,
2988 2665 3176 2721 Thom.
3205 2664 3404 2735 Aquiu.
3440 2663 3495 2716 in
3533 2663 3698 2716 libros

2103 2764 2335 2819 Aristot.
2364 2764 2428 2816 de
2454 2763 2632 2825 animo
2668 2761 3062 2831 interpretatio,
3097 2757 3192 2814 Gr.
3227 2773 3386 2813 versa
3420 2773 3447 2808 a
3479 2753 3701 2810 Genua-

2108 2859 2200 2916 dio
2233 2877 2246 2925 ;
2283 2867 2337 2914 et
2371 2856 2472 2912 cod
2530 2856 2616 2920 17,
2655 2872 2709 2910 n.
2767 2855 2822 2916 8.
2855 2855 2994 2924 plut.
3023 2854 3115 2919 87,
3182 2852 3371 2907 eadem
3402 2866 3416 2916 ;
3474 2860 3586 2903 tum
3644 2847 3698 2900 iu

2109 2953 2229 3008 cod.
2254 2952 2345 3016 27,
2370 2967 2425 3005 n.
2468 2950 2520 3016 1,
2556 2948 2693 3018 phtt.
2729 2947 2821 3015 86,
2852 2956 2935 3003 est
2973 2946 3242 3001 Genuadii
3299 2943 3592 3002 Eum-ratio
3647 2941 3701 2993 in

2111 3047 2202 3100 lib.
2234 3043 2478 3116 magistri
2534 3042 2748 3098 Thomte
2811 3042 3092 3110 Aquinatis
3125 3039 3204 3119 .de
3236 3054 3346 3093 esse
3376 3046 3422 3090 et
3453 3035 3702 3097 essentia,

2091 3125 2363 3193 dedicata
2413 3135 2985 3207 ipsiusprzrcrptori,
3039 3132 3294 3186 Matthmo
3353 3129 3702 3213 cattlnrlttiﬂ‘.

2032 3215 2075 3272 (ἶ
2112 3231 2272 3285 Plura
2295 3231 2445 3284 dabit
2477 3229 2709 3294 Bandin.
2753 3228 2807 3302 iu
2839 3227 2962 3281 Cat.
3001 3227 3161 3281 codd.
3202 3224 3298 3279 Gr.
3344 3224 3509 3278 l,.attr.
3537 3223 3589 3282 ὖ,
3650 3240 3702 3289 p.

2105 3326 2211 3380 565
2231 3334 2284 3380 et
2304 3324 2510 3388 403,ae
2534 3322 2707 3392 p.570
2725 3337 2836 3392 sq.,
2868 3321 2960 3375 ubi
2994 3335 3215 3390 quoque
3242 3319 3448 3373 mentio
3474 3317 3531 3370 lit
3559 3316 3701 3373 libri.

2109 3417 2177 3470 ab
2207 3416 2406 3472 Allatio
2439 3425 2492 3471 et
2525 3415 2780 3470 Fabricio
2814 3413 3032 3484 omissi.
3060 3413 3152 3484 qui
3196 3427 3325 3467 vero
3361 3411 3414 3464 itt
3436 3408 3558 3462 eod.
3583 3413 3705 3461 cod.

2106 3511 2196 3578 27,
2233 3527 2286 3564 n.
2314 3510 2369 3577 2,
2408 3518 2609 3568 exstat.

2178 3629 2449 3690 Gennadii
2490 3630 2681 3687 Schol.
2729 3629 2860 3701 περὶ
2906 3627 3258 3698 ἀνθρωπίνης
3294 3623 3709 3696 Ἀριστοτέλης

2109 3723 2464 3792 εὐδαιμονίας
2506 3722 2602 3778 καὶ
2643 3721 2919 3775 Πλωτίνου
2984 3719 3440 3782 συμϐιὸαπικὺν,
3497 3716 3572 3770 De
3611 3717 3709 3769 hu-

2110 3831 2270 3867 mana
2316 3814 2572 3882 felicitate
2593 3812 2898 3866 conciliatio
2924 3810 3222 3866 Aristotelis
3247 3819 3294 3863 et
3324 3794 3542 3864 Plotini.
3570 3808 3711 3864 lltt'..

2124 3906 2451 3977 Ἐν-πρώτῳ
2469 3907 2578 3960 τῶν
2603 3906 2813 3976 ἠθικῶν
2849 3904 3280 3976 Ἀριστοτέλους.
3317 3914 3422 3958 etc.

2183 4019 2248 4074 N.
2271 4021 2364 4074 21.
2399 4019 2530 4074 Item
2555 4019 2621 4072 ὲκ
2655 4018 2755 4086 τῆς
2773 4017 3120 4087 διαλεκτικῆς
3151 4015 3246 4069 τοῦ
3270 4015 3578 4084 μαγίστρον
3608 4016 3713 4068 [ls-

2112 4130 2264 4184 τρου,
2301 4114 2394 4166 τοῦ
2442 4111 2721 4176 Ἱσπανοῦ,
2751 4112 3026 4182 ἑρμηνεία
3075 4109 3246 4178 κυροῦ
3289 4108 3567 4179 Γεωργίου
3617 4107 3714 4161 rm)

2115 4207 2430 4280 Σχώαρίου,
2477 4205 2558 4259 Ea:
2591 4205 2880 4259 Dialec‘ica
2919 4203 3166 4272 magistri
3229 4201 3393 4262 Petri,
3462 4199 3713 4269 Hispani,

2115 4301 2480 4370 interpretatio
2505 4300 2707 4354 dom-ini
2738 4297 2950 4369 Georgii
2980 4296 3160 4352 Schol.
3217 4297 3355 4359 lue.
3387 4296 3715 4368 Atalantam}

2118 4397 2236 4452 ἔστι
2262 4395 2428 4466 τέχνη
2455 4393 2661 4464 τεχνῶν
2693 4403 2802 4448 etc.
2833 4391 3126 4448 Mediolani
3156 4391 3209 4446 in
3257 4391 3391 4446 bibl.
3453 4389 3716 4446 Ambros.

2121 4486 2290 4555 (Allttt
2321 4491 2418 4556 )-—-
2443 4485 2642 4540 Mutrltl
2668 4485 2722 4538 in
2750 4485 2874 4538 cod.
2905 4483 3072 4552 Regio
3102 4483 3170 4538 76
3205 4481 3298 4536 fol.
3352 4482 3473 4544 l'll.
3524 4482 3716 4537 cazletu

419 4581 692 4650 principiis
716 4598 746 4638 e
769 4564 962 4638 Latino
999 4585 1053 4639 in
1083 4586 1333 4646 Graecum
1383 4587 1689 4649 transtulit.
1744 4587 1878 4642 etin
1917 4585 2012 4640 tle-
2049 4585 2090 4640 D
2122 4580 2505 4650 interpretatio
2524 4578 2740 4647 Georgii
2771 4576 3084 4641 Scllolzll‘ll;
3119 4575 3301 4631 et.l'ol.
3332 4575 3455 4637 165.
3513 4575 3587 4630 De
3629 4593 3715 4631 so-

423 4684 541 4726 cem
580 4674 1006 4742 prtedicamenta
1040 4676 1455 4738 Commentario
1489 4681 1616 4736 lcet.
1643 4679 1708 4734 15
1737 4680 2014 4750 (exinter-

426 4765 731 4832 pretatione
778 4765 1020 4840 Latina).
1081 4770 1170 4838 Et,
1209 4791 1226 4823 ι
1266 4773 1395 4827 Haec
1437 4771 1685 4841 quidem.
1732 4772 1830 4836 ait,
1885 4774 2018 4826 satis

427 4865 556 4912 sunt
605 4859 672 4914 ad
724 4859 1243 4932 deprehendendam
1301 4880 1528 4921 causam
1576 4873 1799 4936 prepter
1849 4880 2015 4935 quam

427 4968 540 5008 non
572 4951 694 5010 [use
729 4955 937 5028 reliqua
969 4959 1394 5028 praedicamcnta
1433 4967 1753 5029 pertractat.
1788 4956 2020 5012 Verum-

431 5052 613 5098 tamen
649 5044 1023 5116 Boetius,vc|,
1048 5058 1103 5104 ut
1133 5051 1353 5121 plurimi
1384 5060 1665 5117 asserunt,
1689 5048 2021 5107 Porretanus

428 5135 653 5205 Midam
689 5139 998 5213 theologus,
1042 5157 1168 5198 nam
1204 5143 1298 5214 qui
1340 5157 1479 5212 opus
1510 5142 1644 5198 illud
1689 5143 1756 5197 ad
1801 5143 2022 5198 Aristo-

431 5230 590 5286 tclem
629 5230 885 5288 dcit-runt
919 5234 1178 5292 audiendi
1212 5252 1318 5293 non
1354 5243 1504 5299 sunt,
1537 5237 1604 5291 de
1629 5236 1714 5292 bis
1742 5250 1835 5292 sex
1873 5235 2025 5306 prin-

430 5322 591 5395 cipiis
626 5325 977 5382 Aristotelem
1017 5328 1309 5384 tumulatus
1343 5328 1692 5398 conscripsit,
1719 5337 1868 5398 quou
1905 5328 2023 5398 ipse

431 5433 463 5472 e
507 5417 698 5474 Latina
731 5421 784 5474 iu
820 5420 1062 5493 linguam
1101 5432 1342 5477 nostram
1393 5421 1636 5480 traduxi.
1688 5424 1843 5492 Opus
1892 5437 2027 5477 sane

433 5511 578 5567 haud
621 5514 1103 5570 contemnendum.
1145 5534 1163 5568 ι
1213 5515 1384 5568 Allat.

493 5601 574 5657 -N.
599 5605 683 5661 19.
723 5605 958 5676 Scripsit
985 5608 1150 5663 etiam
1179 5617 1371 5663 contra
1395 5607 1682 5662 Nicolaum
1715 5590 2026 5663 Calmsilam

434 5699 878 5770 ἀιιτιρῤήσεις,ει
896 5700 1131 5768 Allatius
1163 5701 1335 5771 ipsius
1359 5701 1628 5758 Gunnadii
1649 5702 2028 5757 testimonium

436 5805 500 5843 cx
535 5788 658 5854 cius
698 5790 1061 5859 responsione
1091 5794 1157 5845 ad
1209 5804 1532 5864 argumenta
1567 5792 1733 5850 Marci
1766 5792 2028 5866 Ephrsiui

440 5892 630 5940 contra
685 5882 908 5940 Latinos
949 5885 1015 5942 ad
1049 5889 1302 5959 quintum
1344 5888 1546 5946 attulit.

2120 4671 2471 4743 phismatibus
2489 4687 2554 4725 ex
2575 4669 2725 4725 libris
2752 4669 3052 4738 philosophi
3075 4667 3308 4734 Thomte,
3333 4683 3493 4737 quem
3519 4667 3660 4722 libru
3690 4685 3719 4719 ιι

2121 4784 2151 4823 a
2186 4767 2395 4822 Thoma
2429 4765 2706 4836 Aquinate
2745 4764 2867 4818 Lat.
2928 4763 3219 4832 scriptum,
3277 4771 3335 4817 et
3396 4777 3424 4816 a
3481 4761 3722 4831 Georgio

2125 4859 2313 4915 Schol.
2355 4857 2542 4916 Grtece
2574 4872 2796 4913 versum
2821 4871 2946 4912 esse
2979 4856 3220 4911 ostendit
3247 4856 3429 4910 lriart.
3482 4855 3534 4909 iu
3595 4855 3716 4908 Cat.

2125 4953 2290 5012 codd.
2328 4951 2425 5008 Gr.
2451 4949 2678 5006 Matriti.
2706 4967 2760 5021 p.
2793 4949 2922 5007 976.
2965 4948 3025 5004 lu
3057 4949 3183 5004 eod.
3225 4949 3352 5003 cod.
3380 4957 3463 5003 est
3498 4948 3721 5016 Georgii

2126 5048 2377 5112 Gemisli,
2402 5061 2451 5100 s.
2481 5044 2934 5110 PlethonisJibcr
2958 5037 3150 5100 contra
3187 5041 3462 5097 Scholarii
3477 5055 3576 5110 pro
3605 5043 3725 5094 Ari-
3791 5099 3799 5114 ξ

2127 5143 2328 5203 stotele
2382 5141 2766 5212 objectiones;
2828 5140 3037 5194 tumin
3099 5139 3225 5195 eod.
3280 5138 3408 5193 cod.
3471 5136 3566 5190 fol.
3618 5137 3724 5190 185

2127 5245 2181 5289 (τι
2208 5234 2299 5290 191
2343 5233 2545 5288 incerti
2579 5231 2826 5291 auctoris
2857 5243 3044 5304 (quem
3073 5229 3267 5285 lriarte
3315 5244 3369 5298 p.
3399 5229 3510 5284 ‘278
3544 5225 3720 5281 Geor-

2129 5330 2276 5401 gium
2307 5326 2493 5382 Schol.
2526 5341 2652 5386 ease
2686 5324 3042 5396 suspicatur),
3079 5323 3336 5395 Synopsis
3390 5321 3726 5392 syllogismo-

2131 5441 2247 5477 rum
2287 5424 2409 5478 scil.
2437 5423 2939 5495 hypotbeticorum.
2971 5448 3046 5459 ——
3071 5416 3430 5479 Vindobome,
3485 5415 3538 5469 in
3599 5418 3724 5467 coll.

2131 5515 2272 5569 (hes.
2305 5514 2396 5579 '59,
2421 5512 2689 5585 Excerpta
2720 5527 2784 5566 ea:
2817 5510 3110 5565 Dialectica
3153 5508 3298 5563 Petri
3329 5507 3582 5575 Hispani,
3641 5507 3729 5559 in-

2136 5593 2648 5677 tcrprete..Gcorgio
2683 5602 2995 5668 Scholario,
3029 5609 3083 5658 ct
3111 5618 3175 5656 ex
3209 5599 3411 5655 Tltonta
3468 5599 3733 5672 Aquina:e

2139 5698 2214 5753 De
2246 5697 2558 5768 cli/ferentia
2585 5698 2719 5750 inter
2744 5697 3027 5750 essentiam
3054 5705 3106 5750 et
3149 5710 3285 5757 esse,
3314 5692 3617 5762 interprete
3639 5707 3735 5746 co-

2138 5794 2285 5850 dum.
2318 5791 2382 5846 V.
2420 5791 2680 5847 Lambcc.
2713 5789 2846 5856 Vill,
2879 5804 2932 5860 p.
2967 5790 3073 5845 818
3105 5806 3191 5860 sq.
3229 5818 3300 5829 --
3330 5787 3388 5842 In
3419 5786 3549 5843 bibl.
3603 5787 3738 5840 Atu~

2141 5886 2404 5945 brOsEaua
2431 5884 2726 5944 Mcdiolau.
2758 5884 2975 5959 Georgii
3014 5869 3202 5942 S'ehol.
3234 5875 3308 5940 De
3333 5892 3450 5939 octo
3495 5882 3736 5952 partibus
3830 5929 3834 5934 .
