4102 6418
483 329 586 401 3U

484 453 738 508 oratoriii
772 453 1152 528 interpretatio
1181 478 1243 518 ex
1274 464 1588 528 Dialectica.
1631 474 1774 532 Petri
1833 479 1929 535 llis

479 545 858 611 grammatica,
892 549 960 604 de
990 553 1426 625 pseudographia
1457 571 1510 615 et
1541 545 2052 635 iiiipictathr.irco-

477 632 703 690 rum.V.
738 635 1032 696 Montl'auc.
1056 641 1196 697 Bibl.
1225 645 1460 702 bibliotli.
1494 632 1683 725 mssip.
1714 657 1818 714 497
1853 660 1910 719 Β.
1936 675 2056 719 -et

476 741 532 794 p.
584 725 689 783 5‘29
719 727 760 783 C
788 730 841 784 in
873 733 995 786 ead.
1033 733 1295 792 Bibliolb.
1317 740 1534 812 Georgii
1566 744 1750 803 Schol.
1779 750 2056 810 Gramma-

475 818 603 873 tira.
639 820 780 880 Add.
803 837 992 892 supra,
1026 827 1077 880 in
1106 827 1212 884 hoc
1246 832 1353 902 vol.
1375 835 1441 888 ad
1472 834 1500 908 §
1528 838 1578 902 l,
1603 842 1671 894 de
1692 842 1798 896 vita
1831 843 2053 902 Genna-

471 909 569 973 dii,
597 909 665 966 de
695 911 1167 985 GeorgiiCurtcsii
1204 922 1475 980 Scholarii
1517 932 1740 1002 scriptis
1777 951 2054 1006 grainmao

473 1002 619 1055 Iicis.
655 1033 726 1043 -ο
758 1002 1035 1064 llactenus
1069 1010 1302 1071 Allatius
1329 1017 1399 1072 de
1424 1019 1495 1075 24
1534 1023 1673 1094 Opp.
1708 1002 1830 1096 qua:
1891 1031 2054 1085 attri-

473 1097 666 1151 luerat
691 1098 928 1172 Georgio
969 1101 1160 1161 Schol.
1204 1121 1250 1162 s.
1312 1107 1618 1176 Gennadio.
1681 1117 1790 1177 Illis
1843 1121 2056 1180 addan-

473 1199 602 1239 ltll':
887 1221 889 1223 ί

543 1281 846 1340 Aristoteiis
872 1285 992 1341 libri
1029 1286 1166 1345 VIII
1189 1293 1422 1365 physica:
1439 1299 1734 1359 auditionis
1761 1320 1880 1362 cum
1909 1310 2060 1365 solio-

383 1409 411 1442 _,
469 1368 555 1422 liis
585 1369 868 1441 Simplicii,
891 1380 945 1433 in
960 1386 1322 1451 compendium
1342 1390 1569 1460 redactis
1591 1411 1624 1446 α
1641 1394 1861 1468 Georgio
1887 1397 2056 1456 Scho-

470 1462 623 1528 lurio,
648 1469 736 1536 qui
758 1467 938 1538 postea
967 1474 1273 1534 Gennadius
1328 1481 1503 1538 dictus
1553 1497 1653 1549 est.
1711 1462 1953 1563 ﬂosqute
2001 1497 2056 1551 in

468 1557 590 1611 md.
616 1573 739 1630 syn.
770 1562 822 1616 7.
856 1563 919 1620 γ.
946 1564 1180 1626 Matthai
1219 1570 1346 1630 Not.
1400 1578 1562 1634 codd.
1602 1581 1700 1636 Gr.
1737 1557 2052 1657 blosquens.

467 1665 522 1719 p.
553 1653 622 1706 ει
681 1671 766 1726 sq.

441 1794 443 1796 .
540 1744 614 1798 Ex
639 1746 946 1808 Benaudoti
981 1753 1118 1810 diss.
1143 1755 1278 1825 jam.
1306 1770 1548 1832 constat,
1571 1765 1831 1823 Allatium
1855 1786 1882 1824 a
1913 1770 2052 1826 Gen-

468 1852 480 1888 ι
503 1836 650 1903 adio,
671 1841 984 1908 patriarcha
1009 1846 1327 1918 CPolitano,
1369 1853 1685 1914 discernere

1455 353 1558 414 ΕΧ
1597 357 1772 419 IllST
1824 363 2379 434 PA'l'lilARClllCA
2418 379 2764 444 CPOLEOS.

3650 406 3750 471 3Z2

1933 486 2062 551 pani
2091 494 2131 549 Α
2164 505 2251 543 eo:
2283 503 2421 547 recte
2454 500 2652 552 sentire
2688 517 2753 554 ex
2785 502 2869 569 iis,
2900 521 3017 575 qum
3048 507 3102 561 in
3124 513 3279 566 tertia
3315 516 3524 585 synodo
3543 529 3747 578 statuta

2156 595 2301 636 sunt.
2330 583 2385 639 Id
2412 602 2572 658 opus,
2604 606 2727 660 post
2755 594 3120 655 Florentinam
3155 583 3425 674 synodum
3454 613 3746 682 scriptum,

2158 674 2390 732 Allatius
2412 681 2573 736 Valde
2599 685 2952 754 condemnat,
2973 702 3027 746 et
3050 692 3328 762 abortum,
3387 700 3489 770 qui
3549 674 3745 774 parum

2155 775 2317 821 cauto
2339 772 2550 827 auctori
2581 776 2901 842 excidisset,
2927 791 3113 851 vocat;
3140 795 3294 842 notat
3315 772 3581 864 denique,
3613 807 3745 854 mss.

2156 870 2276 910 esse
2309 859 2362 913 in
2382 860 2634 918 biblioth.
2663 864 2865 936 Paris.,
2917 871 3206 942 Vaticana,
3238 859 3497 938 Palatina
3527 893 3583 940 et
3616 887 3744 942 alibi

2156 948 2380 1007 nassim.
2399 949 2618 1010 Fabric.
2645 957 2698 1011 in
2720 968 2846 1014 nota
2865 963 3036 1028 addit,
3056 965 3110 1020 id
3137 966 3371 1026 Londini
3393 975 3744 1034 eclitumesse

2155 1053 2278 1092 cum
2299 1041 2423 1097 aliis
2439 1046 3012 1120 scriptisGraecorum,
3034 1053 3164 1120 Nili,
3212 1057 3476 1129 Gregorii
3509 1061 3744 1120 Palaina:

2167 1132 2706 1207 Thessalonicensis,
2743 1141 3035 1211 Barlaami,
3070 1145 3269 1204 Meletii
3314 1151 3489 1222 Pigm,
3519 1153 3740 1210 Maximi

2155 1223 2444 1295 Margunii,
2465 1228 2738 1286 G’abrielis
2755 1233 2942 1290 Severi
2962 1246 3017 1292 et
3037 1238 3256 1311 Georin
3278 1241 3554 1301 Corossii.
3577 1245 3738 1314 Tum,

2161 1314 2486 1385 «Castorum,
2524 1321 2724 1391 inquit,
2762 1323 2867 1380 hoc
2891 1325 3111 1398 Georgii
3143 1332 3422 1389 Scholarii
3462 1351 3606 1405 opus
3630 1353 3742 1390 ma-

2154 1424 2321 1478 gnum
2355 1413 2678 1483 paginarum
2723 1417 2852 1483 292,
2911 1429 3088 1478 totum
3130 1436 3390 1483 versatur
3441 1429 3499 1485 in
3539 1429 3732 1486 defen-

2152 1501 2331 1558 dendo
2357 1502 2614 1575 dogmate
2641 1506 2960 1567 Graecorum
2987 1515 3054 1570 de
3077 1521 3438 1586 processione
3477 1521 3743 1602 ,Spiritus

2154 1594 2332 1648 sancti
2371 1605 2539 1666 atque
2564 1599 2914 1660 vindicandis
2946 1606 3094 1662 circa
3125 1609 3260 1664 illud
3291 1614 3502 1668 veteris
3552 1594 3734 1671 Eccle-

2154 1685 2250 1742 siae
2283 1688 2569 1756 doctorum
2603 1696 2920 1753 sententiis.
2982 1697 3152 1771 lncip.
3210 1703 3316 1758 Τὸν
3369 1703 3518 1760 θεῖον
3578 1707 3734 1776 λόγον

2154 1781 2250 1834 καὶ
2272 1782 2372 1852 τῆς
2399 1784 2658 1855 ἀληθείας
2689 1787 2907 1861 ἔφορον.
2939 1790 3308 1864 Distinguitur
3343 1799 3399 1853 in
3425 1799 3618 1868 λόγους
3640 1815 3730 1856 sex

1735 1859 2031 1931 Georgium
2067 1877 2110 1937 Β
2136 1877 2191 1925 et
2221 1873 2399 1942 capita
2433 1873 2522 1930 55.
2549 1894 2569 1929 ι
2614 1859 2814 1934 Postea
2849 1881 3086 1939 Allatius
3121 1859 3216 1940 wex
3275 1859 3588 1946 Possevino
3622 1907 3731 1946 me-
3827 1903 3842 1924 ο

467 1928 1018 2006 Scliolarium,quem
1037 1950 1194 1996 vocat
1215 1945 1644 2018 schismaticum,
1673 1963 1726 2008 et
1743 1953 2036 2026 Georgium
2143 1975 2323 2018 morat
2349 1963 2568 2037 Georgii
2599 1968 2870 2027 Scholarii
2900 1973 3212 2032 Monodiam
3243 1979 3299 2033 in
3358 1980 3732 2037 dormitionem

463 2020 801 2092 Curtesium,
827 2040 881 2082 et
915 2041 1090 2098 pauca
1117 2046 1364 2091 recenset
1393 2040 1634 2110 scripta;
1666 2044 1840 2099 multo
1877 2048 2036 2116 plura

462 2116 634 2170 relata
666 2128 796 2174 sunt
823 2136 852 2176 a
885 2123 1227 2183 Renaudotio
1258 2138 1361 2186 eta
1393 2148 1498 2189 me.
1539 2133 1618 2189 Ex
1648 2138 1848 2194 Allatio
1873 2141 2039 2212 igitur

463 2211 846 2268 tantummodo
896 2217 1142 2286 qna-dam
1204 2221 1503 2294 adjungere
1547 2225 1718 2283 lubet.
1805 2211 2037 2301 Georgio

463 2294 830 2356 Schismatico
850 2306 1076 2361 ascribit
1103 2322 1264 2378 opus,
1297 2315 1445 2382 quod
1501 2313 1737 2373 Londini
1778 2294 2034 2386 1624,],

460 2389 581 2442 sine
613 2392 834 2449 nomine
859 2399 1178 2469 typographi
1213 2400 1400 2460 Graece
1424 2407 1628 2474 prodiit
1662 2411 1986 2482 inscriptum
2016 2431 2031 2466 :

460 2478 734 2548 Γεωργιου
763 2483 857 2537 τοῦ
888 2485 1184 2559 Σχολαρίου
1231 2493 1540 2566 σύνταγμα,
1587 2478 2033 2574 ἐπιγραφδμενον

471 2570 787 2640 Ὀρθοδόξου
816 2576 1186 2650 Κατλφύγιον,
1219 2585 1313 2645 τοῦ
1347 2585 1573 2657 ὕστερον
1589 2570 1883 2661 λεγομένου
1907 2594 2033 2647 Γεν-

459 2662 643 2716 ναδιου
680 2670 942 2738 μοναχοῦ,
963 2675 1158 2743 τμῆμα
1187 2677 1402 2747 πρῶτον
1427 2681 1558 2753 περὶ
1584 2684 1696 2738 τῶν
1722 2685 1910 2740 αἰτίων
1931 2687 2030 2746 τοῦ

460 2756 760 2827 exime-co;
787 2763 912 2816 κατ’
942 2764 1262 2844 ἐπιδρομὴν,
1288 2772 1382 2826 καὶ
1410 2773 1495 2827 ὅτι
1532 2775 1599 2830 τὰ
1627 2780 1770 2831 κατὰ
1793 2779 1893 2852 τὴν
1915 2781 2031 2850 τρι-

456 2865 558 2918 την
588 2851 808 2906 σύνοδον
834 2856 1012 2925 σαφὴς
1042 2860 1312 2928 ἀπόδειξις
1346 2865 1472 2929 τοὺς
1523 2867 1797 2937 Γραικοὺς
1848 2851 2030 2944 ὂρθῶς

459 2945 700 3010 φρονεῖν.
740 2943 949 3016 Georgii
978 2949 1248 3006 Scholarii
1273 2961 1708 3028 commentarius,
1738 2943 2027 3035 inscriptus

462 3031 756 3088 Orlliodoxi
779 3036 1342 3109 Perfugium—sectio
1370 3051 1546 3119 prima
1577 3052 1642 3108 de
1679 3057 1856 3112 causis
1881 3031 2028 3115 schi-

459 3126 646 3180 smatis
670 3143 756 3197 per
778 3137 1167 3198 transcursum.
1190 3146 1240 3193 et
1262 3139 1423 3209 plana
1445 3143 1846 3218 demonstratio,
1873 3149 2026 3207 Cra:-

2140 2051 2200 2109 S.
2247 2054 2439 2121 Marci,
2477 2058 2602 2114 dein
2638 2062 2762 2118 cod.
2793 2062 2972 2122 Paris.
2997 2068 3052 2121 in
3083 2084 3196 2138 quo
3240 2078 3325 2127 est
3388 2072 3512 2142 ejus
3561 2073 3730 2129 oratio

2145 2145 2216 2200 De
2249 2147 2418 2215 inani,
2449 2152 2685 2208 absurda
2709 2164 2759 2210 et
2780 2157 3156 2228 incomposita,
3182 2175 3276 2230 per
3321 2164 3727 2234 permissionem

2140 2235 2260 2302 Dei,
2328 2241 2664 2300 innovatione
2691 2246 2930 2319 ﬁdei(V.
2973 2266 3140 2323 supra
3171 2249 3436 2310 Benaud.
3497 2257 3566 2311 de
3619 2255 3725 2312 vita

2134 2325 2460 2404 Gennadii);
2514 2351 2680 2406 porro
2722 2338 2968 2409 ejusdem
3011 2359 3262 2401 canonem
3291 2346 3347 2408 in
3408 2343 3722 2419 Gregorium

2139 2420 2442 2490 Patauium,
2475 2425 2780 2485 Thessalon.
2805 2433 3274 2505 archiepiscopum,
3298 2437 3430 2494 alibi
3451 2440 3720 2494 laudatum

2133 2523 2186 2568 ct
2221 2514 2464 2583 ejusdem
2498 2517 2650 2574 Orat.
2699 2521 2968 2591 funebrem
2991 2527 3048 2580 in
3090 2527 3368 2598 despotans
3424 2529 3725 2602 Porphyro-

2140 2615 2418 2674 gennetam
2449 2607 2843 2683 Palwotogum,
2881 2614 2936 2670 in
2969 2619 3091 2672 cod.
3126 2617 3263 2674 bibl.
3294 2619 3556 2676 Mediceis
3587 2640 3600 2686 ;
3625 2621 3718 2676 sed

2132 2697 2378 2755 incertus
2394 2710 2498 2767 est,
2533 2719 2664 2759 num
2699 2721 2764 2762 ea
2805 2705 2970 2765 fuerit
2999 2711 3375 2780 schismatici,
3406 2729 3474 2770 an
3527 2713 3718 2769 catho-

2131 2788 2245 2845 lici.
2286 2789 2395 2848 Sed
2433 2794 2548 2850 haec
2576 2795 2870 2856 sufﬁciant.
2911 2801 3091 2873 Atque
3109 2803 3311 2860 Oudin.
3333 2805 3375 2860 l.
3411 2821 3462 2862 c.
3493 2821 3548 2877 p.
3583 2805 3718 2862 2488

2128 2895 2214 2952 sq.
2270 2897 2333 2938 ex
2362 2882 2543 2942 Caroli
2583 2886 2849 2959 Dul‘renii,
2883 2893 3027 2948 dom.
3062 2895 3136 2950 du
3193 2895 3382 2968 Gange
3449 2897 3714 2957 Gtossario

2127 2974 2316 3032 medic
2343 2984 2393 3030 et
2419 2977 2514 3047 inf.
2548 2982 2867 3052 grwcitatis,
2913 2983 3012 3042 fol.
3045 2985 3206 3054 1281,
3270 2989 3499 3065 longum
3534 2993 3708 3048 locum

2129 3070 2406 3139 apposuit,
2439 3073 2528 3128 uhi
2565 3074 2656 3130 ille
2677 3075 2882 3134 multos
2911 3076 3181 3136 Gennadii
3210 3080 3413 3154 libros,
3452 3084 3523 3142 ab
3573 3085 3712 3141 Alla-

2129 3159 2207 3216 tio
2239 3163 2658 3231 praet-missos,
2694 3168 2857 3238 paulo
2903 3167 3066 3228 latius
3093 3167 3399 3234 recensuii.
3425 3175 3640 3250 (Ηλει.)

1075 3317 3692 3372 —__,__________________________________

1494 3512 2663 3682 EXCERPTUM

1029 3863 1894 4020 PATRIARCHICA
1940 3931 2467 4031 sponsos
2506 3943 3135 4074 HISTORIA,

1874 4145 1962 4194 CUI
1993 4145 2224 4194 TITCLL'S
2257 4155 2273 4194 ἶ

452 4272 691 4329 llistoria
767 4276 1207 4346 patriarcharum
1310 4284 1404 4354 qui
1474 4285 1740 4344 sederunt
1791 4287 1845 4342 in
1927 4289 2031 4348 hac

2145 4296 2270 4369 Περὶ
2295 4301 2406 4359 τῶν
2446 4309 2808 4379 πατριαρχῶν
2849 4308 2987 4366 ὀποῦ
3040 4313 3522 4389 ιπατριάρχευσαν
3545 4318 3602 4373 ἐν
3630 4317 3695 4387 τῇ

522 4381 720 4435 magna
777 4369 1154 4439 catholiraque
1234 4371 1474 4430 Ecclesia
1559 4379 2028 4452 Constantinopo-

523 4456 657 4520 Icos,
717 4467 1004 4527 postquam
1042 4462 1185 4530 cepit
1210 4476 1328 4516 eam
1375 4467 1628 4524 Sullanus
1663 4468 2023 4526 Mechemeta.

521 4546 578 4599 1η
616 4562 721 4617 qua
748 4547 1102 4615 describitur,
1133 4553 1262 4619 quid
1293 4556 1636 4625 singulorum
1682 4562 2025 4632 temporibus

519 4650 730 4709 gestum
761 4641 832 4696 sit
861 4658 875 4696 :
901 4653 954 4696 et
975 4645 1226 4712 quisnam
1257 4648 1422 4703 tuerit
1445 4659 1639 4704 auctor
1679 4653 1933 4722 pesccsii,
1972 4656 2025 4711 id

520 4741 606 4787 est
654 4736 916 4800 muneris,
945 4737 1090 4804 quod
1122 4739 1431 4807 patriarcha
1455 4757 1628 4798 novus
1647 4743 1866 4800 sultano
1889 4746 1977 4800 dat
2007 4765 2022 4803 :

521 4827 645 4892 quis
704 4836 962 4895 praetcrea
1004 4829 1291 4894 charatzii.
1335 4831 1441 4888 hoc
1488 4845 1574 4888 est
1612 4836 1782 4890 annui
1833 4837 2018 4893 tributi

518 4918 878 4972 ecclesiastici
949 4937 961 4973 :
1023 4921 1150 4989 quis
1210 4921 1337 4978 item
1407 4923 1740 4984 additionem
1799 4943 2018 5000 quoque

519 5021 780 5078 tempore,
811 5026 934 5081 quin
974 5029 1144 5083 usque
1182 5016 1236 5070 in
1278 5017 1600 5074 hodiernum
1659 5021 1803 5076 diem
1841 5023 2026 5088 durat,

518 5101 702 5156 iecerit
737 5121 750 5157 :
783 5113 837 5158 ct
888 5120 998 5169 quo
1059 5109 1274 5162 sultano
1334 5089 1653 5169 dominante
1702 5115 1816 5170 haec
1879 5119 2022 5170 facta

513 5193 640 5246 sint.
702 5193 836 5260 Quae
865 5197 1049 5251 omnia
1093 5200 1148 5254 in
1177 5200 1454 5273 vulgarent
1488 5203 1731 5273 linguam
1773 5207 2019 5263 Gra‘cam

513 5290 798 5343 transtulit
866 5289 1152 5348 MANUEL
1225 5295 1490 5364 Malaxus,
1559 5299 2016 5372 Peloponttcsius,

513 5379 744 5434 Martino
776 5381 971 5437 Crusio
1030 5386 1353 5442 describens
1386 5404 1531 5444 anno
1593 5391 1806 5449 Domini
1857 5395 2012 5461 1577,

510 5486 694 5525 mense
731 5472 905 5541 Aprili
945 5476 1045 5544 (l).

512 5560 608 5614 illo
669 5571 935 5632 lcmpnt'c,
1005 5583 1115 5637 quo
1193 5567 1458 5624 Turcxcus
1520 5587 1610 5626 rex
1678 5573 2008 5631 Mechcincta

437 5652 574 5705 hanc
627 5655 812 5708 inbein
855 5659 1196 5714 Constantini
1227 5666 1578 5732 expugnavit,
1633 5670 2005 5724 numciaban-

501 5793 571 5856 (ll
613 5796 1006 5858 ῖιωτο-σιπῖίὲττ,
1032 5816 1060 5866 p
1112 5804 1209 5852 me.

2198 4390 2464 4466 καθολικῇ
2497 4399 2718 4473 μεγάλῃ
2747 4401 3016 4476 ἐκκλησίᾳ
3037 4405 3246 4480 ταύτης
3285 4407 3386 4480 τῆς
3410 4411 3695 4469 Κωνσταν-

2195 4487 2570 4554 τινουπόλεως
2642 4494 2784 4561 μετὰ
2840 4493 2904 4550 τδ
2973 4495 3160 4552 λαϐεῖν
3208 4500 3414 4573 ταύτην
3472 4499 3694 4557 σουλτᾶν

2195 4575 2516 4649 Μεχμέτης.
2565 4573 2684 4637 Καὶ
2727 4583 2850 4638 τινα
2897 4588 3190 4657 γεγόνασιν
3237 4592 3297 4644 ἐν
3344 4591 3428 4664 τῷ
3463 4592 3691 4647 ἑκάστου

2198 4668 2398 4739 καιρῷ.
2438 4672 2543 4725 Καὶ
2569 4675 2720 4739 ποῖος
2741 4675 2804 4729 τὺ
2846 4676 3142 4748 λεγόμενον
3181 4684 3493 4750 πεσκέσιον,
3515 4683 3609 4737 καὶ
3632 4678 3692 4732 τὸ

2200 4760 2518 4829 Χαράτξιον,
2549 4765 2770 4836 πρῶτον
2795 4767 2942 4840 αὑτῷ
2966 4771 3189 4842 δέδωκε,
3225 4774 3318 4835 καὶ
3353 4775 3437 4840 τες
3466 4774 3566 4847 τὴν
3590 4771 3689 4828 αὔ-

2201 4848 2377 4919 ξησιν.
2410 4853 2532 4923 ἥτις
2555 4853 2792 4927 ὑπάρχει
2835 4858 2941 4924 ἕως
2965 4862 3060 4916 τοῦ
3084 4862 3203 4932 νῦν,
3228 4865 3530 4938 mitiﬁcato
3552 4879 3567 4895 '
3596 4861 3688 4916 καὶ

2196 4941 2256 4992 ὲν
2287 4941 2444 4995 ποίου
2475 4945 2771 5001 σουλτάνου
2800 4951 2981 5022 καιρῷ
3021 4953 3198 5008 ταῦτα.
3249 4943 3560 5025 γεγόνασιν.
3591 4952 3687 5006 "A-

2196 5047 2319 5085 τινα
2349 5037 2928 5111 ὲμετεγλωττίσθησαν
2955 5045 3034 5109 εις
3089 5045 3276 5119 κοινὴν
3322 5049 3524 5118 φράσιν
3558 5037 3692 5111 παρ’

2191 5125 2325 5194 ἐμοῦ
2350 5128 2692 5186 ΜΑΝΟΥΗΛ
2738 5134 2998 5202 Maleas?)
3034 5137 3133 5192 τοῦ
3178 5130 3683 5209 Πελοποννησιακοῦ

2188 5217 2342 5287 κυρῷ
2365 5220 2633 5294 Μαρτίνῳ
2662 5223 2742 5296 τῷ
2783 5227 3062 5301 Κρουσιῳ,
3093 5231 3153 5286 ἂν
3183 5231 3296 5288 ἔτει
3335 5229 3524 5309 ,αφοεῗε
3557 5223 3684 5298 μηνὶ

2197 5309 2486 5380 Ἀπριλίῳ.

2190 5575 2282 5644 Τῷ
2333 5577 2514 5648 καιρῷ
2548 5580 2765 5651 ἐκείνῳ,
2812 5582 2950 5636 ὀποῦ
3005 5583 3404 5656 ἐπολέμησενὸ
3458 5577 3682 5634 tto-aha)

2117 5669 2446 5740 Μεχςμὲτης
2479 5673 2684 5745 ταύτην
2740 5675 2839 5747 τὴν
2897 5678 3493 5745 Κωνσταντενοὺποὲλν,
3544 5669 3677 5746 ἦσαν
