4102 6422
331 393 441 459 3i3

1303 401 1405 462 EX
1440 401 1642 462 HIST.
1686 398 2264 462 PATRIARCHICA
2301 404 2659 472 CPOLEOS.

3521 410 3629 474 31-!

332 490 516 557 χρόνοι
575 487 684 542 ἀπο
722 489 968 559 Χριστοῦ
1002 493 1317 561 γεννήσεως
1365 492 1529 561 χίλιοι
1581 492 1925 562 τετρακόσιοι

2032 500 2120 554 tur
2150 494 2278 547 anni
2313 508 2339 546 a
2376 505 2504 548 nato
2526 494 2751 550 Christo
2820 493 2970 551 mille
3020 495 3404 567 quadringenti
3462 502 3631 570 quin-

335 583 761 651 πενηντατρεῖς,
797 584 969 654 Μαΐῳ
1008 584 1233 654 εἰκοστῇ
1270 585 1493 656 ἒννάτῃ,
1529 583 1715 655 ἡμέρα
1740 582 1922 653 τρίτῃ.

336 673 527 747 Ὅμως
548 671 806 743 ἥεευρεν,
828 676 910 729 ὅτι
949 677 1066 740 πῶς
1087 678 1136 730 οἱ
1170 675 1434 747 Ῥωμαῖοι
1464 677 1622 747 ἔχουν
1654 677 1927 748 πατριάρ-

334 783 436 837 χην
460 768 692 821 πάντοτε
724 768 862 823 διότι
894 769 999 823 ὲδῶ
1026 772 1105 832 εἰς
1129 771 1231 842 τὴν
1254 771 1411 824 πόλιν
1433 772 1611 837 ἔκαμε
1640 769 1736 824 τὸν
1761 770 1927 824 πλέον

336 858 550 927 καιρὸν,
594 860 729 928 πρὶν
787 866 924 931 περὶ
981 860 1048 914 νὰ
1104 861 1210 931 τὴν
1264 862 1446 934 ὲπάρη
1478 861 1730 926 ἔσοντας.
1785 861 1925 916 ὁποῦ

336 953 630 1018 ἀφέντευεν
708 954 957 1025 πατέρας
994 954 1164 1020 αἰλτοῦ
1205 957 1438 1011 σουλτᾶν
1493 955 1813 1026 Μουράτης,
1843 957 1927 1017 εἰς

338 1046 439 1115 τὴν
482 1046 956 1116 Ἀδριανούπολιν.
1028 1048 1141 1102 Καὶ
1228 1050 1431 1121 ἧξευρε
1490 1050 1560 1104 τὰ
1636 1045 1927 1119 Ῥωμαϊκὰ

341 1136 513 1191 una
545 1138 641 1192 καὶ
672 1139 999 1204 λεπτότατα,
1023 1140 1119 1193 καὶ
1141 1140 1438 1207 τᾰςτὰξεις
1460 1140 1569 1194 τῶν
1607 1139 1925 1207 Ῥωμαίων.

342 1230 542 1285 Λοιπὸν
576 1230 883 1303 ἐθαύμασε,
920 1233 1040 1298 πῶς
1086 1233 1177 1288 δὲν
1208 1234 1427 1301 ὑπῆγεν
1461 1236 1490 1287 6
1544 1235 1923 1305 πατριάρχης,

338 1325 404 1380 νὰ
462 1325 552 1380 τὸν
600 1326 1013 1400 ἑπροσκυνήσῃ,
1065 1327 1145 1392 ὡς
1205 1329 1440 1399 ἀφέντη,
1498 1328 1594 1383 καὶ
1658 1328 1923 1400 ἐθυμώθη

337 1418 536 1484 πολλὰ,
570 1421 666 1472 καὶ
705 1419 1113 1489 ὲσυλλογίζετο,
1147 1420 1200 1475 τι
1246 1420 1366 1476 έναι
1394 1422 1575 1476 τοῦτο.
1610 1423 1721 1477 Καὶ
1754 1426 1813 1477 ὲν
1846 1422 1929 1492 τῷ

335 1510 452 1579 ἅμα
499 1511 695 1581 ἔκραξε
727 1513 856 1576 τοὺς
889 1513 1213 1585 κληρικοὺς,
1248 1515 1342 1569 καὶ
1376 1510 1500 1569 εἷπε
1524 1531 1540 1547 ·
1576 1516 1687 1570 Ποῦ
1720 1515 1840 1571 ἔναι
1895 1518 1923 1572 6

336 1603 783 1672 πατριαρχήσας,
820 1603 916 1657 καὶ
959 1604 1049 1658 δὲν
1094 1599 1227 1677 ἦλθε
1286 1608 1354 1660 νὰ
1419 1606 1488 1675 μὲ
1536 1608 1923 1680 προσκυνήσῃ,

332 1695 409 1757 ὡς
472 1694 767 1764 βασιλέανς
826 1696 978 1751 Διότι
1033 1697 1192 1762 αὐτὸς
1244 1699 1273 1754 6
1320 1700 1616 1763 σουλτάνος
1666 1701 1923 1771 ὲπεθύμα

334 1787 507 1841 πολλὰ
535 1789 601 1841 νὰ
629 1788 813 1859 ὁμιλεῖ
833 1790 976 1861 μετὰ
1004 1790 1101 1846 τοῦ
1116 1792 1469 1864 πατριάρχου
1505 1793 1634 1863 περὶ
1656 1794 1919 1859 πίστεως·

334 1880 428 1932 καὶ
459 1880 524 1935 νά
577 1882 784 1954 ἐρωτᾷ,
849 1885 917 1939 νὰ
973 1885 1226 1958 μανθάνῃ
1256 1887 1328 1940 τὰ
1364 1885 1463 1940 τοῦ
1508 1886 1669 1942 Θεοῦ.
1733 1887 1925 1958 Ὅμως

338 1966 499 2025 εῐπαν
526 1973 696 2027 αὺτοῦ
734 1975 785 2029 0i
811 1975 1092 2047 κληρικοὶ,
1120 1977 1203 2031 ὅτι
1252 1977 1362 2031 ἀπὸ
1392 1977 1564 2032 πολὺν
1597 1977 1792 2048 καιρὸν
1819 1994 1925 2031 πα-

339 2065 609 2137 τριάρχην
638 2065 728 2122 δὲν
757 2068 993 2140 ἔχωμενο
1031 2070 1115 2125 ὅτι
1146 2071 1175 2123 6
1195 2066 1571 2141 πατριάρχης,
1600 2070 1742 2124 ὀποῦ
1764 2065 1919 2142 ἦτον,

244 2160 249 2163 ⁷
337 2155 725 2228 θεληματικῶς
749 2161 957 2227 ζῶντος
990 2179 1086 2218 του
1116 2161 1299 2234 ἄφηκε
1331 2161 1394 2217 τὸ
1424 2162 1646 2234 σκαμνῆ
1663 2179 1779 2229 του,
1824 2163 1924 2218 καὶ

336 2252 447 2306 ἀπὸ
474 2253 592 2308 τότε
613 2254 772 2309 ἄλλον
797 2255 886 2311 δδν
919 2256 1204 2327 ἐκάμαμε.

2027 586 2291 655 quaginta
2329 596 2462 654 tres,
2507 587 2625 657 ipsa
2668 587 2806 642 urbe
2836 587 2908 643 29
2941 587 3030 642 die
3079 586 3231 651 Maii,
3275 588 3409 643 feria
3462 591 3628 645 tertia

2027 678 2158 750 (die
2187 677 2437 750 Martis),
2476 690 2661 751 capta.
2691 680 2846 735 Tunc
2868 680 2959 735 ille
2985 680 3166 745 scivit,
3208 680 3491 750 Romanis,
3528 699 3625 739 seu

2025 771 2254 834 Graecis,
2320 788 2541 844 semper
2602 773 2774 829 fuisse
2827 774 3202 844 patriarcham
3258 791 3274 828 :
3335 788 3624 846 propterea

2028 865 2173 933 quod
2198 865 2300 920 hac
2348 864 2401 919 in
2454 866 2610 931 urbe,
2661 875 2963 936 antequam
3017 880 3139 921 eam
3190 866 3453 934 cepisset,
3506 869 3628 939 ipse

2029 955 2300 1024 majorem
2337 957 2603 1027 temporis
2646 967 2865 1027 partem
2913 964 3193 1024 exegerat,
3245 965 3399 1025 patre
3450 957 3626 1026 ipsius

2030 1048 2242 1104 Mttrata
2313 1049 2671 1120 Adrianopoli
2704 1049 3056 1105 dominante.
3104 1047 3275 1102 Norat
3303 1049 3494 1116 itaque
3536 1066 3625 1103 res

2026 1139 2309 1198 Romanas
2343 1150 2399 1197 et
2449 1142 2676 1197 ordines
2731 1141 3305 1211 gubernationemque
3339 1139 3624 1195 Romano-

2024 1248 2149 1289 rum
2174 1232 2345 1303 probe
2364 1242 2419 1287 et
2440 1243 2655 1289 exacte.
2697 1231 2941 1291 Proinde
2965 1234 3270 1289 mirabatur
3292 1232 3420 1301 quid
3441 1247 3627 1286 causa:

2024 1337 2174 1385 esset
2202 1328 2354 1398 quod
2381 1328 2695 1400 patriarcha
2722 1345 2835 1385 non
2861 1331 3078 1385 veniret
3103 1330 3170 1385 ad
3204 1346 3265 1385 se
3303 1327 3629 1401 suppliciter

2026 1418 2259 1476 honoris
2319 1433 2525 1481 causa.
2563 1434 2663 1489 pro
2731 1421 2956 1474 domino
3025 1432 3361 1490 agnoscens,
3432 1417 3627 1483 iraque

2027 1520 2341 1569 commotus
2368 1512 2646 1583 cogitabat
2666 1512 2801 1585 quid
2832 1514 2935 1569 hoc
2960 1512 3038 1568 rei
3065 1521 3234 1568 esset.
3265 1511 3340 1565 Ac
3360 1508 3628 1564 continuo

2026 1605 2221 1661 accitis
2245 1606 2642 1662 ecclesiasticis
2690 1604 2853 1669 viris,
2885 1605 3061 1659 dixit:
3093 1602 3197 1660 Ubi
3246 1612 3354 1669 est,
3389 1601 3481 1668 qui
3522 1614 3631 1670 paa

2028 1696 2289 1753 triarchze
2352 1712 2557 1755 munus
2605 1698 2821 1766 gessit?
2868 1696 3053 1764 Quare
3096 1712 3206 1755 non
3254 1693 3514 1758 accessit,
3564 1700 3627 1747 ut

2033 1789 2169 1845 mihi
2210 1798 2473 1860 tanquam
2500 1791 2611 1860 regi
2643 1790 3010 1844 reverentiam
3038 1787 3279 1843 debitam
3312 1783 3628 1842 exhiberet?

2034 1882 2159 1939 [late
2199 1883 2478 1939 sultanus.
2525 1882 2717 1952 Magna
2733 1881 2881 1936 enim
2900 1881 3025 1951 ejus
3043 1881 3288 1936 animum
3316 1878 3630 1934 incesserat

2032 1975 2234 2045 cupido
2263 1974 2487 2031 videndi
2524 1975 2923 2046 patriareham,
2953 1982 3156 2029 etcum
3185 1987 3253 2027 eo
3273 1971 3341 2028 de
3363 1969 3630 2039 religione

2030 2068 2408 2141 colloquendi,
2433 2077 2494 2123 ut
2523 2085 2586 2124 ex
2619 2084 2686 2125 eo
2711 2083 2991 2139 quaerens,
3030 2083 3120 2122 res
3159 2065 3376 2122 divinas
3423 2076 3631 2132 cogno-

2029 2169 2234 2218 sceret.
2284 2160 2443 2218 Tunc
2485 2162 2897 2233 responderunt
2944 2160 2994 2215 ei
3027 2159 3214 2216 clerici
3263 2157 3341 2213 illi
3373 2173 3388 2210 :
3419 2154 3543 2211 Jam
3596 2168 3627 2206 a

2033 2254 2200 2326 longo
2259 2264 2506 2327 tempore
2568 2271 2676 2310 non
2738 2254 3008 2311 habemus
3060 2250 3456 2322 patriarcham.
3517 2245 3624 2314 Qui

334 2346 483 2403 enim
545 2350 863 2420 patriarcha
912 2352 1059 2422 fuit,
1116 2368 1217 2411 sua
1242 2361 1463 2427 sponte,
1501 2352 1685 2409 adhuc
1714 2350 1932 2419 vivens,
1970 2349 2159 2407 sedem
2238 2365 2397 2410 suam
2463 2350 2712 2421 reliquit,
2767 2359 2821 2406 et
2870 2349 2939 2404 ab
2993 2363 3059 2403 eo
3112 2354 3363 2415 tempore
3416 2339 3628 2395 nullum

334 2444 501 2500 alium
535 2444 881 2505 suﬂecimus.

402 2539 514 2594 Καὶ
543 2539 786 2605 ἀκούσας
827 2539 996 2597 τοῦτο
1025 2541 1056 2600 6
1121 2542 1440 2612 σουλτάνος,
1506 2543 1749 2599 ἔπαυσεν
1812 2540 1924 2597 ἀπὸ

336 2632 433 2686 τὸν
456 2632 627 2703 θυμὸν
658 2631 799 2687 ὀποῦ
832 2627 949 2706 εἷχε
972 2652 992 2669 ο
1022 2636 1121 2690 καὶ
1171 2635 1386 2709 θέλημα
1426 2637 1556 2701 τοὺς
1593 2635 1788 2699 ἔδωκε,
1826 2632 1924 2687 καὶ

335 2724 465 2789 τοὺς
498 2722 657 2781 εἴπεο
688 2728 922 2782 Ὀποιον
979 2730 1191 2795 θέλουν,
1233 2731 1302 2786 νὰ
1350 2731 1588 2800 κάμουν,
1622 2726 1768 2782 κατὰ
1821 2726 1925 2797 τὴν

342 2818 528 2873 πίστιν
561 2837 712 2877 τους.
744 2822 860 2876 Kal
912 2820 1096 2886 τοῦτο,
1132 2823 1272 2878 ὀποῦ
1328 2818 1486 2877 εἶπεν
1542 2822 1571 2876 6
1606 2819 1922 2885 σουλτάνός,

338 2911 422 2967 ὅτι
472 2912 539 2967 νὰ
585 2913 802 2985 κάμουν
868 2915 1248 2987 πατριάρχην,
1300 2915 1363 2970 τὺ
1392 2915 1570 2986 ἔκαμε
1613 2930 1681 2984 με
1708 2913 1874 2985 τέχνη
1904 2928 1921 2946 ·

337 3003 427 3058 διὰ
456 3006 525 3061 νὰ
543 3005 779 3062 ἁκούουν
796 3008 845 3062 οἱ
881 3009 1233 3080 Χριστιανοὶ,
1255 3009 1338 3064 ὅτι
1369 3007 1532 3081 ἔχουν
1551 3008 1924 3082 πατριᾶρχην,

339 3095 408 3152 νὰ
434 3097 664 3169 τρέχουν
693 3099 778 3165 εἰς
797 3098 900 3174 τὴν
931 3099 1114 3157 πόλιν.

411 3360 614 3419 Δριπὺν
639 3366 689 3420 οἱ
720 3365 1006 3438 κληρικοὶ,
1033 3366 1180 3424 κατά
1211 3366 1305 3424 τδν
1352 3366 1588 3440 ὁρισμὸν
1631 3364 1734 3422 τοῦ
1771 3364 1925 3420 σουλ-

336 3458 502 3513 τανου
529 3457 798 3525 ὲσύναξαν
851 3461 1119 3532 μερικοὺς
1152 3461 1286 3525 τοὺς
1334 3461 1568 3533 πλησίον
1622 3461 1924 3532 ἀρχιερεῖς.

338 3549 455 3603 Kal
516 3550 739 3605 συνόδου
792 3550 1119 3623 γενομένης,
1162 3550 1390 3616 ἔκλιξαν
1457 3551 1570 3606 ὅλοι
1621 3549 1927 3621 ὁμοφώνως

336 3641 428 3694 τὸν
475 3640 787 3710 σοφώτατον
822 3641 1009 3714 κύριν,
1055 3640 1335 3713 Γεὼργιον
1393 3642 1488 3696 τὸν
1540 3639 1852 3712 σχολάριον,
1898 3638 1927 3693 6

296 3792 301 3799 _
339 3734 523 3797 δποιος
555 3729 686 3804 ἦτον
708 3734 905 3804 κριτὴς
940 3726 1044 3803 τῆς
1075 3732 1373 3804 βασιλικῆς
1400 3732 1662 3803 κρίσεως,
1717 3734 1797 3796 εἰς
1827 3731 1926 3796 τὰς

340 3827 555 3897 ἡμέρας
602 3826 710 3879 τῶν
774 3820 1050 3896 βασιλέων
1087 3825 1198 3881 τῶν
1260 3824 1579 3896 Ῥωμαίων.
1635 3825 1749 3881 Καὶ
1797 3825 1928 3879 ὅταν

343 3918 559 3987 ὑπῆγεν
590 3919 619 3972 6
648 3918 905 3989 βασιλεὺς
950 3917 1208 3987 Ἰωάννης
1243 3919 1271 3973 6
1311 3917 1685 3986 Παλαιολὸγος
1718 3916 1803 3981 εἰς
1827 3915 1928 3987 τὴν

352 4013 659 4084 Φραγγῑαν,
691 4011 828 4067 ὀποῦ
854 4011 1074 4084 ἔκαμαν
1104 4010 1206 4083 τὴν
1237 4011 1436 4082 ὀγδόην
1463 4010 1683 4065 σύνοδον
1702 4026 1717 4041 ο
1749 4010 1927 4079 ἐπῆρε

339 4104 439 4159 καὶ
482 4103 664 4169 αὐτὸν,
698 4103 775 4166 ὡς
803 4100 1144 4173 σοφώτατον.
1179 4096 1355 4155 *Ητον
1387 4099 1445 4153 δὲ
1494 4099 1698 4169 ἄνδρας
1750 4095 1926 4166 ἁγιώ-

338 4211 501 4255 τατος
557 4195 654 4247 καὶ
682 4191 1105 4256 εὐλαϐέστατος.
1136 4191 1271 4255 Kal,
1305 4189 1381 4254 ὡς
1412 4188 1629 4243 ἔδωκαν
1659 4186 1830 4243 αὐτοῦ
1864 4186 1927 4240 τὸ

343 4289 545 4357 μικρὸν
578 4290 805 4359 μήνυμα
863 4287 955 4342 διὰ
989 4287 1057 4341 νὰ
1101 4285 1197 4340 τὸν
1253 4286 1501 4355 ἑκάμουν
1548 4283 1923 4355 πατριάρχην,

2104 2530 2224 2589 Ποο
2263 2548 2362 2588 rex
2394 2531 2608 2591 audito.
2637 2529 2873 2588 cessavit
2899 2530 2969 2585 ab
3002 2529 3084 2583 ira
3138 2540 3303 2595 quam
3353 2536 3632 2593 concepe-

2033 2636 2146 2693 rat,
2166 2640 2377 2696 suaque
2397 2624 2680 2680 voluntate
2713 2630 3037 2693 potestatem
3073 2618 3228 2675 dedit
3264 2619 3346 2675 eis
3374 2616 3624 2681 creandi,

2045 2720 2237 2776 dicens
2286 2736 2302 2774 :
2380 2719 2490 2776 Vos
2554 2732 2688 2774 vero
2754 2715 2920 2771 facite
2998 2712 3373 2785 patriarcltam
3432 2723 3635 2780 quem-

2036 2826 2260 2884 cunque
2319 2808 2526 2867 voletis
2587 2824 2654 2864 ex
2713 2806 3032 2878 praescripto
3073 2803 3353 2876 religionis
3402 2809 3627 2857 vestrae.

2034 2904 2152 2965 Hoc
2182 2914 2392 2971 autem,
2418 2901 2567 2975 quod
2593 2902 2669 2958 ita
2701 2901 2771 2958 de
2800 2900 3057 2957 iaciendo
3104 2897 3417 2969 patriarcha
3463 2893 3633 2962 dixit,

2035 3014 2147 3055 non
2176 3012 2367 3055 amore
2395 2995 2678 3070 religionis
2713 2993 2783 3049 ab
2810 3008 2877 3049 eo
2901 2992 3108 3048 dictum
3139 2988 3374 3054 fttit,sed
3406 2986 3628 3043 callide.

2032 3090 2223 3147 Voluit
2280 3088 2516 3152 scilicet,
2578 3095 2639 3142 ut
2690 3082 3024 3141 Christianis
3082 3080 3289 3152 ubique
3361 3076 3631 3147 dispersis

2031 3184 2435 3245 innotesceret,
2464 3181 2666 3237 iterum
2700 3191 2945 3249 praeesse
2971 3173 3367 3247 patriarcham,
3406 3185 3517 3243 quo
3548 3169 3634 3226 sic

2029 3274 2098 3331 ad
2127 3269 2528 3330 conferendum
2556 3268 2697 3327 sein
2733 3269 2927 3324 urbem
2956 3266 3341 3323 allicercntur.

2099 3366 2339 3436 Accepta
2372 3363 2542 3436 igitur
2576 3361 2682 3417 hac
2714 3361 3001 3427 facultate,
3041 3359 3229 3417 clerici
3257 3357 3326 3414 de
3363 3356 3629 3413 mandato

2030 3459 2179 3531 regis
2209 3463 2619 3529 congregarunt
2653 3464 2837 3512 certos
2866 3453 3159 3526 quosdam,
3186 3451 3281 3523 qui
3336 3452 3391 3507 in
3420 3449 3628 3506 vicinia

2030 3558 2212 3615 erant,
2276 3561 2569 3605 sacrorum
2639 3545 2942 3602 antistites.
3014 3543 3126 3600 Hoc
3188 3541 3355 3598 modo
3415 3542 3631 3611 synodo

2014 3652 2245 3721 coacta,
2279 3640 2570 3710 elegerunt
2613 3654 2724 3695 una
2758 3645 2944 3694 mente
2964 3644 3021 3693 et
3058 3649 3192 3692 voce
3237 3632 3628 3691 doctissimum

2028 3742 2089 3791 et
2137 3732 2638 3803 prudentissimum
2690 3731 2869 3786 virum
2905 3729 3202 3800 Georgium
3255 3724 3631 3791 Scholarium,

2029 3828 2126 3900 qui
2154 3836 2347 3885 stante
2377 3826 2560 3883 adhuc
2588 3824 2829 3898 imperio
2882 3822 3161 3887 Romano,
3190 3820 3246 3875 in
3273 3817 3484 3889 judicio
3525 3816 3630 3879 im-

2029 3919 2309 3992 peratorio
2355 3918 2602 3989 iudicem
2655 3924 2865 3989 egerat.
2921 3914 3024 3977 Ac,
3080 3928 3192 3984 quo
3238 3923 3489 3981 tempore
3534 3924 3630 3965 rex

2026 4012 2264 4069 Joannes
2290 4010 2631 4080 Palaeologus
2671 4010 2725 4064 in
2755 4007 2967 4065 Italiam
2995 4006 3279 4077 profectus
3305 4005 3506 4068 fuerat,
3535 4003 3630 4058 ubi

2028 4115 2223 4161 octava
2262 4102 2508 4176 synodus
2558 4101 2704 4157 facta
2749 4108 2856 4164 est,
2897 4114 3085 4155 secum
3117 4098 3271 4154 illum
3317 4098 3465 4152 inter
3492 4096 3633 4151 alios

2029 4197 2286 4263 duxerat,
2322 4205 2386 4253 ut
2442 4195 2758 4252 eruditione
2800 4192 3088 4266 praestanti
3139 4190 3452 4263 praeditum.
3499 4189 3631 4245 Erat

2028 4306 2200 4364 porro
2239 4290 2382 4348 idem
2436 4289 2643 4361 pietate
2674 4288 3081 4356 sanctitateque
3126 4283 3361 4355 insignis
3395 4283 3502 4338 vir.
3559 4281 3635 4338 Ut

337 4382 558 4445 τελείως
586 4381 676 4435 sev
702 4380 875 4453 ἢθελεν
929 4380 998 4435 νὰ
1027 4380 1093 4434 τὺ
1122 4379 1357 4450 ἀκούσῃ,
1389 4376 1513 4431 οὐδὲ
1549 4376 1617 4431 νὰ
1651 4377 1713 4431 τὸ
1763 4375 1923 4445 στέρ-

2036 4393 2219 4439 autem
2284 4380 2747 4450 signiﬁcationem
2813 4379 3006 4452 (sicut
3070 4379 3126 4434 in
3188 4376 3630 4449 patriarcharum

286 4540 289 4543 _
340 4474 445 4541 εει,
479 4476 566 4528 διὰ
589 4475 657 4529 νὰ
688 4473 836 4543 γένει
877 4472 1258 4545 πατριάρχης.
1296 4473 1362 4526 Ol.
1417 4472 1476 4524 δὲ
1511 4471 1796 4543 ἀρχιερεῖς
1828 4468 1927 4521 καὶ⁵

338 4570 387 4622 0i
417 4568 695 4640 κληρικοὶ,
732 4568 829 4621 καὶ
858 4568 885 4621 6
934 4566 1066 4630 λαὸς
1092 4566 1239 4630 ὅλος,
1269 4566 1370 4618 καὶ
1428 4563 1702 4626 στανικῶς
1760 4560 1930 4615 αὑτοῦ

342 4662 558 4732 ἔκαμαν
586 4661 750 4715 αὐτὸν
783 4660 1157 4732 πατριάρχην,
1210 4657 1492 4720 δώσαντες
1524 4646 1696 4710 αὐτοῦ
1728 4656 1825 4710 καὶ
1868 4655 1931 4709 τὸ

345 4755 488 4825 μέγα
516 4755 762 4829 μήνυμα.
805 4751 1253 4824 Ἐχειροτόνησεν
1281 4749 1449 4805 αὐτὸν
1486 4750 1515 4803 6
1562 4748 1939 4820 Ἡρακλείας,-

344 4847 485 4916 μετὰ
512 4847 609 4900 καὶ
640 4846 818 4902 ἄλλων
852 4844 1067 4899 πολλῶν
1098 4842 1428 4917 ἀρχιερέων,
1469 4843 1529 4897 ὲν
1554 4842 1634 4913 τῷ
1668 4841 1781 4910 ναῷ
1816 4839 1927 4895 τῶν

352 4939 549 5009 ’Λγίων
590 4940 963 5007 Ἀποστὸλων,
995 4938 1134 4992 ὀποῦ
1202 4937 1405 5008 ἔκτησε
1460 4933 1716 5005 Θεοδώρα
1760 4934 1795 5005 ἡ
1834 4932 1929 5003 βα-

346 5033 613 5099 σίλισσα,
672 5034 735 5105 ήι
782 5033 1055 5105 ὁμόζυγος
1119 5029 1217 5087 τοῦ
1294 5028 1535 5100 μεγάλου
1608 5029 1929 5082 Ἰουστινια-

338 5123 430 5178 νοῦ
505 5124 599 5179 τοῦ
677 5125 968 5197 βασιλέως,
1019 5123 1117 5178 καὶ
1189 5120 1519 5184 Γεννάδιον,
1573 5118 1665 5172 τὸν
1726 5116 1931 5188 ὀνόμα-

338 5233 460 5272 σαν.

2036 4475 2322 4530 creatione
2354 4473 2474 4530 ﬁeri
2519 4469 2772 4542 solebat)
2806 4469 3100 4537 minorem,
3144 4483 3270 4540 qua:
3292 4466 3635 4538 appellatur,

2033 4570 2112 4627 illi
2178 4570 2483 4636 dederunt,
2551 4575 2613 4623 ut
2676 4565 2888 4623 scilicet
2978 4564 3159 4636 ipsum
3227 4559 3638 4618 constituerent

2035 4659 2435 4732 patriarcham,
2478 4657 2635 4714 nullo
2669 4655 2835 4713 modo
2893 4669 3013 4711 eam
3040 4653 3245 4710 audire
3285 4652 3480 4715 voluit,
3534 4667 3637 4708 nec

2034 4754 2394 4824 acquiescere
2416 4752 2639 4807 illorum
2673 4748 2979 4820 suffragiis,
3010 4755 3071 4802 ut
3105 4744 3637 4818 patriarcha-ﬁeret.

2034 4844 2338 4901 Pontiﬁces
2381 4859 2536 4909 vero,
2570 4850 2625 4899 et
2668 4840 2854 4898 clerici
2893 4851 2948 4895 et
2983 4839 3220 4913 pepnlus
3260 4843 3414 4893 totus
3465 4834 3633 4891 etiam
3666 4824 3674 4830 ’

2036 4935 2271 4991 invitum
2323 4943 2383 4992 et
2445 4935 2810 4991 reluctantem
2873 4942 3159 4994 crearunt,
3217 4930 3347 4986 data
3413 4941 3639 4999 quoque

2037 5029 2213 5084 altera
2259 5044 2384 5098 quae
2413 5026 2592 5099 major
2618 5037 2874 5094 vocatur,
2921 5040 3038 5082 sua!
3066 5023 3370 5081 voluntatis
3422 5019 3636 5091 signiﬁ-

2037 5119 2275 5175 catione.
2304 5118 2581 5177 Ordinans
2627 5117 2966 5175 renuntiavit
2996 5132 3122 5173 eum
3170 5114 3447 5169 Heracleae
3489 5112 3635 5166 anti-

2033 5221 2169 5277 stes,
2197 5214 2565 5283 praesentibus
2608 5213 2732 5269 aliis
2762 5210 3120 5283 pontificibus
3153 5207 3365 5270 multis,
3410 5206 3467 5260 in
3525 5215 3635 5258 tem

242 5378 245 5381 _
339 5319 426 5385 plu
485 5316 815 5374 Sanctorum
846 5315 1261 5388 ApoStolorum,
1298 5310 1447 5384 quod
1477 5311 1608 5367 olim
1642 5325 1673 5367 a
1705 5308 1894 5383 regina
1960 5309 2275 5381 Theodora,
2314 5312 2611 5372 Justiniani
2639 5312 2818 5385 Magni
2844 5311 3100 5383 conjuge,
3123 5304 3401 5362 conditum
3432 5298 3637 5358 fuerat.

337 5416 497 5488 eique
524 5414 869 5493 Gettttadittm
897 5413 1088 5469 dixere
1116 5426 1341 5466 nomen.

445 5586 524 5640 A'.
560 5582 886 5647 Γεννὰδιος
919 5582 952 5636 ό
993 5576 1349 5650 Σχιηιιάριος,
1380 5575 1412 5630 ὀ
1441 5574 1815 5645 σοφώτατος.

412 5701 614 5765 Τοῦτος
669 5699 815 5769 ἕγινε
851 5697 1072 5769 πρῶτος
1114 5693 1466 5766 πατριάρχης
1529 5692 1633 5746 ἐδῶ
1693 5693 1774 5755 εἰς
1827 5691 1928 5760 τὴν

341 5791 941 5857 Κωνσταντινούπολιν,
1000 5789 1096 5859 ἀφ’
1139 5784 1201 5843 οὗ
1261 5785 1615 5839 ἐϐασίλευσεν
1664 5784 1840 5855 αὐτὴν
1900 5785 1930 5838 6

348 5888 507 5954 «3:6;
563 5884 990 5953 GO'JFJi‘leLd);
1032 5880 1373 5954 ὲγρπὶψαμεν.
1440 5880 1573 5948 Kal,
1616 5880 1792 5936 νὼσὰν
1840 5882 1932 5935 τᾶν

2158 5576 2200 5630 l.
2262 5574 2568 5630 Germanias
2634 5570 2969 5629 Scholariua.
3033 5568 3112 5623 εἰν
3167 5562 3525 5618 doctissimus.

2110 5691 2209 5745 llic
2243 5692 2349 5746 fuit
2380 5690 2586 5759 primus
2631 5688 2683 5743 itt
2730 5686 2869 5742 urbe
2904 5693 3092 5740 nostra
3144 5677 3630 5749 Constantinopoli
3670 5658 3675 5662 ‘

2041 5785 2379 5855 patriarcha,
2424 5793 2716 5854 postquam
2755 5779 2873 5848 ejus
2906 5794 2999 5835 rex
3030 5774 3241 5832 exstitit
3272 5772 3634 5841 Mechemcta,

2042 5890 2102 5938 ut
2145 5879 2403 5936 diximus.
2438 5879 2571 5936 lium
2619 5878 2830 5947 statim,
2856 5884 2912 5934 ut
2951 5872 3281 5950 patriarchae
3310 5869 3635 5943 dignitatem
