4102 6422
374 392 476 460 3‘21
1338 450 1343 453 _

445 516 515 567 ll.
554 511 687 565 ’1δοῦ
717 508 826 580 γὰρ
851 509 996 579 τρεῖς
1029 506 1265 578 λέγομεν
1295 508 1388 560 καὶ
1417 506 1536 561 ἕνα.

445 606 512 660 Τ.
553 603 718 657 Ἀλλὰ
755 598 964 666 δίδαξον
1004 601 1175 672 ἡμᾶς,
1219 599 1335 662 πῶς
1376 600 1496 652 ἐστι
1539 597 1636 652 καὶ
1677 591 1760 661 εἷς
1803 596 1960 660 Θεὸς,

1532 379 1949 448 CONFESSIO
1990 380 2203 441 FlDEi
2254 380 2516 444 PRZOR.

1986 505 2031 562 Α
2131 500 2195 552 Ρ.
2240 499 2378 555 Ecce
2409 499 2492 555 sic
2524 515 2649 556 esse
2683 508 2792 556 tres
2825 501 3064 558 dicimus
3096 511 3151 557 et
3187 518 3382 561 unum.

3542 386 3651 453 322

2136 590 2202 646 Τ.
2246 590 2452 646 Doceas
2493 608 2614 658 nos,
2645 608 2856 664 quzrso,
2887 595 3167 665 quomodo
3203 604 3288 652 est
3330 613 3475 652 unus
3510 598 3655 655 Deus

375 700 469 752 καὶ
498 697 618 758 πῶς
646 694 811 749 πάλιν
836 693 966 765 τρία
995 692 1286 763 πρόσωπα,
1320 690 1452 744 ἐπεὶ
1480 690 1800 760 θαυμαστὸν
1827 692 1961 759 ἡμῖν

2072 690 2120 736 et
2168 692 2279 737 tres
2330 698 2597 753 personae,
2630 684 2887 753 quoniam
2940 687 3100 743 nobis
3152 690 3352 745 mirum
3410 691 3649 758 videtur,

376 790 519 843 δοκεῖ
543 786 723 850 τοῦτο,
750 787 900 849 ὅπως
928 788 1021 839 καὶ
1051 777 1131 849 εἷς
1162 786 1281 839 ἐστι
1310 783 1444 849 Θεὸς
1472 786 1569 839 καὶ
1595 783 1723 854 τρία
1754 784 1866 837 eis).
1895 783 1963 837 τὰ

382 882 653 947 πρόσωπα
683 877 877 933 αὑτοῦ.

452 976 518 1028 ll.
557 974 756 1024 ’Λκουε
810 972 1081 1037 συνετῶς,
1131 973 1224 1025 καὶ
1275 971 1493 1043 νοήσεις
1537 970 1597 1024 :6
1646 969 1749 1039 τῆς
1796 968 1962 1039 ἁγίας

383 1066 607 1135 Τριάδος
642 1064 981 1134 μυστήριον,
1015 1063 1195 1128 καθὼς
1227 1064 1453 1118 δύναται
1482 1065 1610 1128 νοῦς
1642 1064 1835 1131 νοῆσαι
1867 1063 1958 1115 ἀν⁴

384 1156 691 1229 θρὼπινος,
734 1156 810 1221 ὡς
854 1158 979 1228 ἐμοὶ
1020 1157 1208 1211 δοκεῖ’
1254 1158 1396 1229 πλὴν
1439 1157 1501 1211 τὸ
1542 1158 1687 1211 κατὰ
1729 1156 1964 1227 δύναμιν

385 1252 514 1321 ἡμῖν
538 1248 696 1316 λέξω.
730 1247 821 1313 Ὧς
848 1250 1089 1315 γίνωσκε
1113 1249 1272 1304 τοῦτο
1289 1292 1306 1318 ,
1332 1252 1414 1302 ὅτι
1441 1248 1529 1304 διὰ
1557 1249 1714 1304 τοῦτο
1744 1249 1965 1317 λέγεται

385 1347 411 1395 6
446 1343 578 1404 Θεὸς
617 1342 1045 1412 ἀνερςιὴνευτος,
1080 1344 1169 1398 διὰ
1202 1343 1261 1397 :6
1296 1344 1359 1397 οὔ
1401 1342 1682 1412 δυνάμεθα
1725 1341 1965 1396 καταλα-

386 1434 497 1487 6εῗν
528 1431 697 1487 αὐτοῦ
730 1432 832 1504 τὴν
865 1432 1050 1502 φύσιν,
1084 1434 1201 1488 οὐδὲ
1239 1434 1425 1505 ὅμοιός
1457 1435 1607 1488 ἐστιν
1637 1435 1771 1506 ἡμῖν
1806 1450 1963 1504 μονο-

388 1528 697 1600 πρόσωπος.
731 1528 791 1580 Ei
820 1528 929 1597 γὰρ
956 1522 1044 1599 ἦν,
1073 1527 1447 1597 ἐγινώσκομεν
1475 1527 1543 1581 ἂν
1570 1527 1753 1593 αὐτὸν,
1782 1525 1858 1590 ὡς
1881 1543 1965 1595 γι-

385 1621 664 1691 νώσκομεν
688 1620 952 1691 ἀλλήλους
976 1622 1122 1690 ἡμᾶς
1141 1637 1157 1652 ο
1184 1620 1323 1674 ἀλλά
1348 1622 1499 1674 ἐστιν
1522 1614 1602 1683 εἷς
1630 1621 1730 1690 μὲν
1754 1618 1784 1671 6
1808 1618 1962 1683 Θεὸς,

386 1717 449 1769 τὰ
474 1715 530 1768 δὲ
568 1715 835 1784 πρόσωπα
866 1713 1034 1784 αὐτῆς
1058 1712 1160 1783 τῆς
1194 1713 1449 1783 θεότητος
1478 1714 1608 1782 τρία
1628 1728 1644 1745 ο
1673 1713 1766 1766 καὶ
1796 1711 1964 1784 βλίπε

388 1809 478 1861 ἀπ’
505 1808 629 1879 ἄρτι
662 1807 733 1860 τὰ
763 1806 1062 1876 λεγόμενα.
1091 1807 1305 1877 Ὠσπερ
1339 1806 1486 1861 ἔστιν
1520 1807 1675 1879 ἡλιος
1709 1802 1810 1871 εἷς,
1847 1808 1875 1860 6
1907 1804 1965 1859 δὶ

386 1902 531 1972 ἡλιος
558 1901 668 1970 ἔχει
698 1901 893 1956 ἀκτῖνα
921 1904 1013 1954 καὶ
1042 1900 1184 1970 φῶς.
1208 1903 1303 1955 καὶ
1328 1901 1468 1955 ιίσὶν
1492 1904 1550 1955 ἐν
1574 1901 1652 1969 τῷ
1678 1900 1817 1972 ἡλίῳ
1844 1916 1967 1970 σχε-

387 1993 473 2046 δὸν
505 1992 778 2061 πρόσωπα
810 1992 937 2061 τρία
958 2034 973 2059 ,
1010 1993 1229 2058 δίσκος,
1264 1992 1422 2056 ἀκτὶς
1458 1993 1553 2047 καὶ
1586 1992 1703 2063 φῶς
1729 2010 1744 2024 ο
1781 1991 1968 2055 δίσκος

389 2086 489 2155 μὲν
524 2084 586 2139 :6
624 2083 785 2153 σῶμα
820 2085 913 2139 τοῦ
951 2085 1125 2157 ἡλίου,
1163 2086 1324 2150 ἀκτὶς
1360 2087 1418 2141 δὲ
1456 2087 1491 2159 ἡ
1528 2084 1966 2154 καταϐαινομένη

387 2177 825 2248 Ααμπαδοφανῶς
855 2178 953 2232 καὶ
988 2178 1262 2250 κρούουσα
1295 2179 1431 2246 πρὸς
1461 2178 1560 2249 τὴν
1590 2177 1697 2249 γῆν
1716 2217 1731 2244 ,
1763 2176 1881 2247 φῶς
1907 2176 1967 2232 δὲ

387 2270 446 2324 :6
485 2271 716 2339 φωτίζον
752 2269 849 2324 καὶ
890 2273 971 2335 είς
1009 2272 1134 2334 τοὺς
1174 2269 1520 2334 ὲπισκιώδεις
1553 2269 1754 2335 τόπους
1794 2268 1968 2342 χωρὶς

387 2363 601 2426 ἀκτῖνος
624 2378 638 2395 υ
666 2362 766 2417 καὶ
799 2361 908 2416 ίδοὺ
942 2361 1128 2433 σχεδὸν
1156 2363 1429 2434 πρόσωπα
1455 2362 1604 2434 τρία,
1630 2364 1837 2428 δίσκος,
1866 2366 1987 2420 ἀκοο

386 2457 469 2520 τὶς
497 2455 591 2510 καὶ
624 2454 740 2523 φῶς
764 2470 779 2486 °
810 2454 873 2509 οὗ
904 2453 1138 2525 λέγομεν
1166 2457 1315 2527 τρεῖς
1345 2455 1531 2527 ἡλίους
1552 2499 1568 2523 ,
1603 2456 1722 2512 ἀλλ’
1744 2458 1840 2513 ἕνα
1870 2458 1966 2515 καὶ

389 2550 566 2621 μόνον,
602 2547 725 2601 οὐδὲ
756 2546 988 2616 λέγομεν
1021 2547 1313 2619 πρόσωπον
1346 2547 1427 2615 ἓν,
1461 2550 1600 2604 ἀλλὰ
1631 2551 1759 2622 τρία
1793 2551 1967 2621 πρόσ-

386 2657 528 2698 ωπα.
619 2639 749 2694 Ἐὰν
777 2638 888 2711 γὰρ
920 2640 1223 2713 ἐρωτηθῇς,
1261 2641 1419 2696 πόσοι
1452 2641 1594 2712 ἣλιοι
1627 2642 1766 2698 εἰσὶν
1797 2646 1857 2698 ἐν
1886 2643 1966 2713 τῷ

386 2732 637 2802 οὐρανῷ;
670 2731 889 2801 μέλλεις
919 2734 1093 2787 εἰπεῖν
1113 2775 1129 2799 ,
1158 2733 1241 2787 ὅτι
1271 2729 1353 2797 εἷς
1380 2735 1529 2806 ἥλιος
1560 2736 1707 2789 ἔστιν
1733 2752 1749 2768 ·
1784 2738 1881 2791 ὲάν
1909 2738 1965 2793 δὲ

387 2819 668 2889 ἐρωτηθῇς
707 2819 776 2873 τὰ
821 2820 1094 2894 πρόσωπα
1133 2821 1227 2875 τοῦ
1270 2824 1427 2895 ἡλίου
1470 2828 1614 2879 πόσα
1655 2826 1797 2891 είσίς
1840 2828 1964 2882 είπὲ

386 2913 527 2982 τρία,
552 2912 758 2978 δίσκος,
782 2913 940 2978 ἀκτὶς
967 2917 1062 2969 καὶ
1088 2913 1203 2979 φῶς
1227 2930 1241 2945 ⁶
1285 2945 1355 2955 -—
1377 2916 1550 2983 οὕτως
1576 2918 1688 2973 νόει
1712 2921 1808 2973 καὶ
1836 2922 1964 2993 περὶ

385 3003 478 3058 τοῦ
510 3002 667 3059 Θεοῦ.
706 3004 837 3068 Θεὸς
875 3006 976 3074 μὲν
1009 2999 1110 3072 εἷς,
1147 3008 1418 3077 πρόσωπα
1452 3009 1509 3063 δὲ
1540 3011 1636 3064 τοῦ
1673 3013 1790 3076 ⁸ἑνὸς
1824 3013 1961 3068 Θεοῦ

386 3098 526 3167 τρία,
556 3096 767 3169 Πατὴρ,
797 3097 925 3161 Υἱὸς
959 3098 1054 3152 καὶ
1084 3098 1238 3165 ἅγιον
1270 3100 1495 3172 Πνεῦμα
1517 3119 1529 3130 ’
1556 3105 1652 3158 καὶ
1680 3106 1744 3159 ὲκ
1768 3107 1960 3160 τούτου

2064 776 2340 840 quomodo
2371 791 2515 831 unus
2544 775 2687 833 Deus
2723 777 2816 841 sit,
2850 789 2903 833 et
2935 787 3044 835 tres
3081 780 3228 835 ineo
3267 797 3536 852 personae.

2138 958 2200 1015 P.
2236 958 2651 1026 Animadverte,
2684 980 2892 1031 qumso,
2925 972 2982 1020 et
3017 963 3178 1020 facile
3210 967 3415 1036 poteris
3450 968 3655 1023 intelli-

2068 1068 2195 1120 gere
2246 1054 2568 1124 mysterium
2620 1065 2827 1111 sani-ta:
2850 1056 3159 1123 Trinitatis,
3186 1069 3451 1128 quantum
3503 1077 3655 1115 meus

2068 1145 2307 1199 humana
2355 1147 2534 1201 valeat
2567 1148 2876 1217 intelligere
2924 1166 2937 1203 :
2974 1165 3074 1221 ego
3103 1159 3283 1205 autem
3314 1168 3413 1223 pro
3444 1154 3654 1207 viribus

2058 1237 2376 1305 “exprimere
2415 1240 2770 1296 contendam.
2830 1240 3041 1296 Idcirco
3095 1241 3299 1297 dicitur
3349 1243 3493 1301 Deus
3546 1263 3654 1300 non

2067 1327 2524 1398 interpretabilis,
2556 1333 2686 1400 quia
2730 1348 2839 1387 nou
2882 1333 3063 1403 possis
3087 1334 3210 1404 ejus
3244 1347 3496 1392 naturain
3528 1355 3655 1408 per-

2067 1419 2278 1490 cipere,
2310 1437 2490 1492 neque
2532 1423 2733 1480 similis
2779 1436 2865 1481 est
2919 1427 3028 1482 ulla
3074 1429 3237 1485 nobis
3286 1446 3542 1500 persona.
3598 1434 3655 1488 Si

2066 1512 2214 1565 enim
2262 1523 2408 1567 esset
2438 1530 2673 1583 persona
2701 1516 2886 1583 unica,
2921 1519 3075 1574 illum
3121 1522 3313 1591 procul
3347 1522 3516 1577 dubio
3558 1538 3655 1579 co-

2067 1620 2482 1675 gnosceremns,
2515 1610 2980 1679 quemadmodum
3020 1628 3124 1668 nos
3165 1614 3398 1670 invicem
3455 1631 3659 1688 cogno-

2069 1699 2304 1755 scimus.
2358 1698 2465 1757 Sed
2519 1711 2607 1758 est
2649 1719 2791 1760 unus
2815 1707 3037 1775 quidem
3077 1706 3222 1764 Deus
3248 1748 3263 1774 ,
3319 1718 3435 1764 tres
3474 1720 3657 1765 autem

2070 1806 2317 1855 personae
2369 1794 2619 1864 ejusdem
2673 1798 2927 1866 deitatls;
2978 1801 3205 1870 proinde
3282 1803 3660 1858 animadverte

2071 1899 2192 1953 qua:
2220 1884 2420 1940 dicturi
2463 1902 2680 1944 sumus.
2710 1890 3189 1956 Quemadmodum
3237 1902 3324 1950 est
3370 1910 3513 1950 unus
3552 1896 3658 1959 sol,

2070 1978 2164 2047 qui
2202 1978 2423 2048 quidem
2456 1982 2641 2037 radios
2673 1983 2837 2039 habet
2866 1993 2922 2039 et
2950 1984 3161 2053 lumen,
3186 1996 3429 2057 suntque
3464 1988 3518 2042 in
3545 1989 3661 2044 sole

2071 2077 2183 2126 tres
2208 2070 2365 2140 quasi
2397 2088 2669 2142 personae,
2699 2074 3014 2132 substantia
3057 2077 3216 2141 solis,
3261 2080 3452 2134 radius
3485 2088 3539 2135 et
3572 2080 3661 2135 luo

2071 2178 2234 2229 men;
2276 2163 2468 2220 radius
2503 2180 2667 2234 vero,
2715 2168 2811 2237 qui
2859 2168 3133 2237 discedit,
3162 2170 3439 2241 lampadis
3487 2173 3663 2227 instar

2070 2262 2270 2311 terram
2319 2258 2661 2326 percutiens,
2695 2259 2877 2315 lumen
2918 2269 3100 2317 autem
3126 2301 3144 2330 ,
3200 2264 3348 2334 quod
3385 2265 3662 2321 illuminat

2068 2346 2187 2403 loca
2249 2349 2566 2419 tenebrosa,
2617 2351 2827 2423 absque
2879 2355 3033 2409 radio
3083 2371 3265 2413 :ecce
3313 2358 3501 2429 itaque
3548 2367 3662 2415 tres

2068 2440 2228 2511 quasi
2277 2456 2548 2513 personae,
2607 2460 2811 2516 corpus
2848 2448 3065 2504 scilicet
3116 2450 3320 2517 solare,
3371 2454 3559 2507 radius
3608 2466 3664 2509 et

2069 2534 2279 2601 lumen;
2299 2549 2406 2590 non
2444 2545 2626 2593 tamen
2663 2538 2902 2596 dicimus
2930 2552 3042 2599 tres
3073 2544 3243 2610 soles,
3273 2560 3461 2600 verum
3491 2563 3662 2602 unum

2067 2636 2122 2682 et
2155 2628 2356 2695 solum,
2404 2645 2509 2685 nec
2538 2630 2776 2691 dicimus
2806 2650 3103 2705 personam
3153 2654 3339 2706 unam,
3377 2640 3478 2695 sed
3530 2650 3662 2697 tres.

2068 2721 2124 2775 Si
2178 2723 2327 2777 cnim
2374 2722 2548 2781 fueris
2592 2724 2988 2797 interrOgatus,
3030 2730 3178 2798 quod
3231 2738 3362 2786 sunt
3410 2734 3555 2787 soles
3607 2735 3662 2788 in
3754 2781 3765 2789 .

2066 2815 2250 2869 coelo?
2294 2816 2628 2885 respondere
2671 2819 2864 2883 debes,
2902 2818 3058 2877 Unus
3107 2834 3192 2878 est
3224 2824 3328 2879 sol.
3370 2822 3426 2879 Si
3476 2834 3663 2880 autem

2067 2906 2436 2976 interrogatus
2475 2907 2671 2972 fueris.
2721 2927 2844 2982 quae
2904 2925 3036 2968 sunt
3095 2931 3344 2985 persona:
3396 2917 3450 2972 iu
3508 2920 3669 2974 sole?

2066 3001 2339 3067 responde
2368 3013 2505 3066 tres,
2537 3002 2719 3058 solare
2752 3018 2977 3075 corpus,
3014 3009 3204 3063 radius
3235 3018 3289 3063 ct
3328 3010 3535 3066 lumen.
3577 3013 3669 3066 Si-

2067 3092 2271 3147 militer
2295 3093 2643 3149 sentiendum
2683 3104 2767 3151 est
2797 3100 2965 3152 etiam
3003 3098 3070 3154 de
3100 3098 3232 3156 Deo.
3272 3100 3418 3157 Deus
3443 3105 3666 3174 quidem

386 3190 642 3255 γίνωσκε,
669 3190 750 3243 ὅτι
779 3188 965 3263 ὦτπερ
992 3193 1144 3245 ἐστὶν
1173 3193 1320 3263 ἥλιος
1349 3196 1755 3266 τριπρόσωπος,
1782 3197 1958 3262 οὕτως

2072 3201 2230 3250 unus,
2263 3202 2510 3255 persona:
2539 3196 2720 3243 autem
2759 3191 2814 3267 in
2845 3190 2956 3245 Deo
3000 3201 3135 3257 tres,
3176 3192 3363 3262 Pater,
3398 3194 3574 3253 Fidus
3611 3210 3668 3253 et

387 3284 503 3336 ἐστὶ
542 3282 638 3336 καὶ
677 3277 756 3346 εἷς
798 3282 932 3347 Θεὸς
971 3286 1407 3355 τρισυπόστατος
1433 3301 1446 3315 ·
1493 3287 1665 3351 τύπος
1704 3289 1811 3359 γάρ
1851 3294 1969 3347 ἔστι

384 3374 477 3429 τοῦ
519 3376 727 3448 Πατρδς
765 3375 794 3428 6
833 3376 1017 3441 δίσκος
1052 3380 1080 3432 6
1118 3379 1367 3451 ἡλιακδς,
1408 3378 1582 3444 τύπος
1622 3381 1681 3435 δέ
1719 3384 1838 3437 ἐστι
1874 3383 1967 3438 τοῦ

387 3467 517 3523 Υἱοῦ
550 3469 581 3533 ἠ
615 3469 791 3535 ἀκτὶς,
820 3470 914 3522 καὶ
942 3469 1109 3534 τύπος
1136 3472 1231 3525 τοῦ
1264 3473 1531 3542 παναγίου
1566 3475 1883 3544 Πνεύματος
1909 3478 1970 3532 τό

386 3560 501 3627 φῶς
538 3563 653 3615 ἐστι
686 3561 779 3615 τοῦ
819 3563 969 3635 ἡλίου
995 3578 1010 3593 ⁸
1049 3564 1144 3618 καὶ
1182 3567 1307 3619 ἐπεὶ
1344 3566 1521 3632 οὕτως
1556 3570 1651 3623 ἐπὶ
1682 3570 1778 3624 τοῦ
1816 3572 1967 3643 ἡλίου

385 3652 586 3717 δίσκος,
622 3654 779 3718 ἀκτὶς
819 3656 913 3709 καὶ
951 3657 1086 3724 φῶς,
1123 3659 1218 3712 καὶ
1252 3655 1334 3720 εἷς
1371 3659 1525 3731 ἥλιος
1548 3663 1657 3731 -καὶ
1695 3664 1757 3717 06
1795 3668 1966 3735 τρεῖς,

385 3746 586 3815 ὁμοίως
630 3748 726 3801 aut
768 3748 862 3802 ἐπὶ
903 3748 1000 3803 τοῦ
1046 3749 1182 3821 Θεοῦ
1234 3752 1447 3825 Πατὴρ,
1492 3755 1618 3820 Υίὸς
1666 3759 1763 3813 καὶ⁸
1810 3758 1969 3826 ἅγιον

387 3838 610 3909 Πνεῦμα
641 3836 720 3904 εἷς
754 3840 886 3905 Θεδς
922 3843 1014 3895 καὶ
1047 3843 1109 3896 οὐ
1144 3846 1294 3915 τρεῖς
1328 3846 1462 3902 θεοί.
1503 3849 1614 3903 Καὶ
1648 3851 1812 3905 πάλιν
1844 3852 1968 3905 είπὲ

386 3931 556 3992 οὕτως
576 3948 592 3963 ο
619 3933 742 3986 ἐπεὶ
766 3932 860 3987 τοῦ
889 3933 1040 4006 ἡλίου
1068 3935 1368 4007 ἀχιὶρριστος
1395 3939 1423 3992 6
1451 3939 1657 4006 δίσκος,
1687 3943 1783 3999 καὶ
1805 3944 1839 4013 ἡ
1870 3944 1969 3997 ἁκ-

385 4024 469 4088 τκ
494 4024 586 4077 καὶ
609 4022 669 4077 :6
694 4024 806 4093 φῶς
833 4026 893 4077 06
923 4027 1249 4097 χωρίζονται
1275 4028 1370 4083 ἀπ’
1395 4028 1674 4101 ἁλλὴλων,
1698 4032 1789 4086 διὰ
1809 4032 1968 4087 τοῦτο

385 4116 606 4185 λέγεται
638 4111 717 4180 εἷς
747 4117 900 4187 ἥλιος
931 4119 1027 4172 καὶ
1057 4119 1118 4172 οὑ
1152 4122 1301 4190 τρεῖς
1322 4160 1338 4187 ,
1371 4121 1508 4176 διότι
1540 4124 1605 4177 οὐ
1637 4124 1966 4195 χωρίζονται

384 4211 455 4262 τὰ
479 4209 745 4278 πρόσωπα
771 4210 951 4263 αὐτῶν
973 4209 1071 4266 ἀπ’
1089 4211 1337 4282 ἀλλήλων
1356 4229 1373 4244 ο
1398 4215 1495 4269 καὶ
1517 4214 1708 4287 ὥσπερ
1731 4219 1759 4269 6
1781 4217 1966 4283 δίσκος

385 4304 415 4355 6
444 4300 663 4372 ἡλιακὸς
692 4302 853 4373 γεννᾷ
878 4301 979 4372 τὴν
1006 4304 1221 4370 ἀκτῖνα,
1253 4305 1346 4359 καὶ
1377 4308 1528 4378 παρὰ
1555 4307 1652 4362 τοῦ
1681 4309 1836 4383 ἡλίου
1867 4312 1967 4365 καὶ

385 4392 495 4444 τῶν
525 4393 759 4447 ἀκτίνων
788 4395 1148 4466 ἐκπορεύεται
1179 4396 1237 4450 τὸ
1270 4397 1387 4467 φῶς
1410 4415 1425 4430 °
1456 4398 1602 4455 οὕτω
1634 4401 1661 4455 6
1696 4402 1830 4467 Θεὸς
1867 4405 1963 4459 καὶ

2076 3278 2318 3350 Spiritus
2363 3290 2616 3337 sanctus.
2648 3281 2727 3336 Ex
2760 3282 2844 3338 bis
2889 3285 3100 3354 poteris
3136 3285 3468 3358 intelligere,
3495 3292 3664 3361 quod,

2072 3372 2539 3442 quemadmodum
2573 3383 2705 3430 sunt
2750 3376 2803 3430 iu
2834 3376 2952 3432 sole
3001 3380 3101 3432 tria
3148 3379 3433 3445 distincta,
3467 3382 3542 3436 ita
3582 3393 3670 3438 est

2071 3474 2125 3517 et
2154 3479 2295 3518 unus
2346 3463 2492 3521 Deus
2539 3466 2706 3521 trium
2766 3485 3160 3540 personarum.
3207 3472 3370 3529 Pater
3409 3485 3496 3530 est
3544 3478 3665 3547 ipse

2071 3573 2274 3627 corpus
2321 3560 2521 3625 solare,
2558 3558 2736 3618 Filius
2788 3566 3107 3621 autemest
3165 3565 3377 3635 radius,
3423 3568 3668 3639 Spiritus

2070 3662 2299 3707 sanctus
2328 3662 2413 3708 est
2446 3654 2629 3709 lumen
2664 3656 2819 3711 solis.
2850 3656 2912 3711 Et
2947 3657 3089 3713 sicut
3122 3658 3175 3713 in
3211 3660 3330 3715 sole
3354 3672 3437 3716 est
3460 3678 3668 3732 corpus

2070 3743 2275 3808 solare,
2303 3753 2388 3800 est
2430 3747 2618 3801 radius
2665 3758 2718 3802 et
2755 3750 2961 3814 lumen,
2990 3759 3045 3805 et
3079 3762 3262 3807 tamen
3296 3770 3439 3811 unus
3470 3760 3578 3820 sal,
3610 3764 3667 3811 ιι

2071 3850 2181 3891 non
2218 3845 2369 3905 tres;
2412 3838 2669 3895 similiter
2697 3851 2753 3895 et
2783 3842 2838 3895 iu
2877 3845 2987 3897 Deo
3028 3841 3215 3909 Pater,
3246 3844 3418 3903 Filius
3454 3859 3507 3902 ct
3538 3851 3666 3919 Spi-

2069 3931 2210 3985 ritus
2252 3939 2478 3986 sauctus
2525 3949 2670 3989 unus
2712 3933 2859 3991 Deus
2898 3944 2950 3990 et
2988 3953 3097 3991 non
3136 3948 3248 3994 tres
3281 3940 3380 3994 dii.
3436 3940 3668 4014 Insuper

2068 4022 2158 4077 dic
2190 4023 2294 4079 sic.
2326 4022 2561 4090 Quando
2587 4026 2899 4083 substantia
2930 4028 3065 4084 solis
3092 4042 3145 4086 et
3172 4030 3365 4088 radius
3397 4042 3452 4089 et
3479 4036 3665 4091 lumen

2070 4129 2179 4169 non
2231 4116 2467 4170 invicem
2511 4130 2872 4187 separantur,
2919 4131 3208 4193 propterea
3263 4125 3470 4181 dicitur
3520 4144 3669 4186 unus

2068 4208 2174 4272 sol,
2212 4218 2267 4264 et
2293 4224 2405 4264 non
2434 4217 2570 4277 tres,
2596 4212 2725 4282 quia
2766 4227 2877 4269 non
2910 4225 3242 4284 separantur
3279 4218 3350 4272 ab
3378 4219 3618 4275 invicem
3647 4239 3667 4289 ;

2068 4312 2123 4357 et
2153 4300 2622 4372 quemadmodum
2657 4304 2973 4361 substantia
3001 4308 3135 4364 solis
3172 4310 3428 4377 producit
3459 4312 3665 4381 radios,

2069 4405 2124 4453 et
2147 4411 2176 4451 a
2203 4397 2318 4452 sole
2360 4410 2415 4451 et
2439 4398 2614 4454 radiis
2638 4398 2894 4469 procedit
2931 4402 3118 4458 lumen
3155 4420 3170 4459 :
3204 4405 3278 4459 ita
3306 4404 3467 4461 Pater
3495 4423 3665 4477 geueo

389 4485 577 4556 Πατὴρ
606 4487 767 4559 γεννᾷ
796 4486 888 4540 τὸν
922 4486 1048 4542 Υίδν
1079 4490 1172 4543 καὶ
1204 4491 1379 4560 Λόγον
1408 4492 1576 4548 αὑτοῦ
1597 4533 1613 4561 ,
1648 4495 1743 4550 καὶ
1771 4497 1837 4550 ix
1865 4495 1963 4550 τοῦ

2074 4501 2158 4545 rat
2190 4487 2390 4544 Filium
2419 4505 2516 4546 seu
2553 4489 2791 4548 Verbum
2816 4494 2939 4563 ejus
2966 4503 3021 4551 et
3054 4513 3084 4552 a
3108 4495 3272 4554 Patre
3296 4509 3350 4555 et
3373 4500 3514 4556 Filio
3547 4518 3671 4569 pro-

389 4577 599 4649 [ἰατρὸς
640 4582 732 4632 καὶ
769 4580 899 4635 Υίοῦ
934 4582 1296 4654 ἐκπορεύεται
1332 4584 1392 4638 :6
1429 4586 1655 4658 Πνεῦμα
1689 4589 1750 4643 τδ
1784 4591 1965 4659 ἅγιον.

389 4670 561 4724 Βλέπε
598 4672 833 4735 συνετῶς
858 4694 872 4710 ο
905 4673 1095 4746 ὥσπερ
1128 4676 1162 4746 ἡ
1196 4677 1353 4740 ἀκτὶς
1383 4677 1481 4733 τοῦ
1515 4680 1663 4751 ἡλίου
1702 4683 1970 4739 καταϐαί-

388 4780 469 4816 νει
511 4762 571 4828 ὲξ
611 4763 841 4835 οὐρανοῦ
883 4765 1022 4837 πρὸς
1055 4767 1156 4839 τὴν
1191 4769 1295 4838 γῆν
1331 4772 1426 4825 καὶ
1464 4771 1575 4826 ἀπὸ
1606 4773 1701 4827 τοῦ
1744 4776 1971 4847 ἡλιακοῦ

386 4854 573 4909 δίσκου
606 4856 666 4909 οὐ
703 4857 1036 4927 χωρίζεται,
1074 4860 1168 4913 καὶ
1202 4859 1326 4916 οὔτε
1361 4864 1426 4918 ἐκ
1461 4863 1556 4918 τοῦ
1590 4864 1823 4937 οὐρανοῦ
1858 4868 1974 4922 λεί-

390 4964 515 5015 πει,
547 4947 670 5003 οὔτε
701 4952 808 5004 ἀπὸ
838 4952 938 5022 τῆς
970 4952 1095 5024 γῆς,
1129 4954 1247 5009 ἀλλ’
1272 4956 1424 5010 ἐστιν
1454 4959 1512 5012 ἐν
1541 4958 1620 5029 τῷ
1651 4960 1864 5034 ἡλιακῷ
1893 4962 1973 5017 δίο

392 5058 504 5114 σκῳ
534 5043 627 5096 καὶ
657 5046 714 5097 ὲν
740 5044 819 5115 τῷ
847 5046 1063 5118 οὐρανῷ
1096 5048 1191 5102 καὶ
1221 5050 1317 5103 ἐπὶ
1339 5052 1407 5121 τῇ
1439 5056 1508 5124 γῇ
1544 5055 1638 5107 καὶ
1671 5054 1974 5127 πανταχοῦ,

389 5136 484 5187 καὶ
520 5132 646 5188 οὔτε
685 5136 795 5190 τῶν
829 5136 943 5192 ἄνω
980 5137 1104 5194 οὔτε
1141 5141 1251 5195 τῶν
1288 5144 1443 5199 κάτω
1477 5147 1511 5217 ἡ
1554 5146 1713 5212 ἀκτὶς
1756 5147 1934 5204 λείπει
1956 5167 1973 5183 ο

389 5226 530 5280 οὕτω
562 5229 655 5282 καὶ
686 5230 713 5283 6
747 5229 876 5295 Υἱὸς
907 5232 1083 5300 Λόγος
1114 5234 1212 5288 τοῦ
1247 5234 1384 5289 Θεοῦ
1416 5238 1657 5310 καθῆλθε
1704 5242 1841 5313 πρὸς
1874 5244 1977 5312 τὴν

389 5318 521 5385 γῆν,
560 5318 654 5371 καὶ
691 5318 817 5374 οὔτε
857 5322 923 5376 ἐκ
954 5324 1051 5377 τοῦ
1097 5325 1305 5397 Πατρὸς
1327 5326 1543 5383 ἔλειπεν
1575 5328 1726 5397 οὔτε,
1768 5332 1834 5386 ικ
1866 5333 1975 5386 τῶν

388 5408 652 5477 οὐρανῶν,
688 5411 812 5464 οὒτε
836 5414 901 5466 ὲκ
932 5413 1036 5484 τῆς
1070 5415 1208 5487 γῆς,
1245 5418 1362 5473 ἀλλ’
1387 5415 1456 5490 ἦν
1487 5422 1577 5475 ἀεὶ
1612 5424 1707 5477 καὶ
1739 5423 1887 5478 ἔστιν
1920 5426 1976 5479 ὲν

389 5501 501 5560 τοῖς
548 5500 767 5566 κόλποις
809 5503 905 5558 τοῦ
951 5504 1167 5576 [ἰατρὸς
1210 5507 1541 5581 ἀχώριστος,
1591 5516 1681 5567 καὶ
1725 5515 1838 5570 ἄνω
1880 5520 1977 5571 καὶ

390 5590 544 5642 κάτω
566 5594 660 5645 καὶ
684 5594 964 5666 πανταχοῦ
989 5599 1230 5653 καὶούδὲ
1255 5617 1397 5665 τινος
1421 5600 1627 5661 ἔλειπε.
1653 5606 1763 5660 Καὶ
1782 5604 1973 5681 ὥσπερ

391 5684 452 5733 τί
476 5682 701 5751 ἡλιακὸν
732 5684 845 5756 φῶς
880 5688 995 5742 ἐστι
1027 5690 1121 5745 καὶ
1151 5691 1208 5745 ἐν
1238 5693 1315 5765 τῷ
1347 5693 1559 5766 ήλιακῷ
1589 5697 1761 5770 δίσκῳ
1790 5702 1886 5754 καὶ
1914 5703 1975 5755 ἐν

393 5774 461 5841 τῇ
497 5774 675 5829 ἀκτῖνι
710 5778 805 5831 καὶ
840 5782 900 5834 ὲν
932 5780 1011 5853 τῷ
1047 5784 1261 5855 οὐρανῷ
1299 5787 1393 5841 καὶ
1430 5789 1556 5862 ἐντῇ
1595 5793 1693 5861 γῇ,
1728 5794 1824 5846 καὶ
1860 5797 1974 5849 εἱσ-

394 5864 616 5937 ἑρχεται
646 5869 722 5935 είς
747 5870 843 5937 τὰς
869 5874 1048 5942 οἰκίας
1073 5878 1169 5933 καὶ
1229 5880 1506 5952 πανταχοῦ
1538 5884 1801 5953 φωτίζει*
1830 5885 1973 5943 οὕτω

2078 4583 2228 4638 cedit
2274 4581 2516 4655 Spiritus
2547 4593 2797 4641 sanctus.
2836 4585 2925 4644 Sis
2974 4588 3141 4658 igitur
3170 4601 3411 4649 attentus
3460 4610 3667 4663 quaso.

2079 4676 2238 4744 Quod
2281 4680 2427 4734 sicut
2465 4681 2652 4736 radius
2691 4681 2824 4737 solis
2853 4683 3136 4740 descendit
3172 4687 3239 4740 de
3283 4689 3429 4743 cmio
3458 4688 3523 4743 ad
3563 4700 3674 4745 ter-

2080 4786 2200 4827 rain
2232 4780 2287 4828 et
2316 4788 2345 4827 a
2382 4787 2613 4844 corpore
2645 4775 2811 4831 solari
2846 4791 2956 4832 non
3004 4789 3318 4848 separatur,
3351 4784 3405 4836 el
3435 4798 3612 4852 neque
3642 4799 3670 4836 a

2082 4864 2227 4921 itu-lo
2255 4868 2412 4923 abest
2451 4883 2631 4938 neque
2661 4886 2689 4922 a
2715 4878 2886 4935 terra,
2915 4874 3011 4925 sed
3045 4883 3129 4928 est
3159 4874 3212 4928 in
3244 4890 3472 4943 corpore
3505 4875 3673 4930 solari

2083 4968 2141 5015 et
2163 4961 2217 5015 iu
2244 4963 2408 5026 ctrlo,
2436 4962 2491 5017 iu
2521 4972 2666 5019 terra
2700 4975 2755 5019 et
2782 4966 3007 5035 ubique,
3038 4984 3217 5038 neque
3246 4984 3470 5023 sursum
3496 4984 3677 5040 neque

2082 5053 2341 5110 deorsum
2372 5055 2561 5121 abest;
2608 5056 2682 5111 ita
2714 5065 2769 5114 et
2801 5056 2976 5114 Filius
3036 5076 3135 5114 seu
3182 5060 3420 5115 Verbum
3454 5060 3546 5115 Dei
3583 5064 3679 5116 de-

2072 5144 2302 5203 ‘scendit
2331 5146 2388 5201 in
2442 5156 2649 5203 terram
2687 5159 2744 5205 et
2773 5166 2951 5221 neque
2982 5166 3012 5206 a
3044 5151 3207 5207 Patre
3244 5154 3613 5224 abest,neqne
3646 5169 3674 5207 a

2082 5242 2248 5307 caelo,
2303 5256 2486 5311 neque
2517 5259 2548 5296 a
2602 5250 2773 5307 terra,
2815 5243 2910 5298 sed
2973 5243 3078 5299 fuit
3128 5254 3185 5299 et
3233 5260 3456 5314 semper
3497 5246 3673 5300 estin

2082 5334 2293 5405 gremio
2342 5332 2546 5399 Patris,
2596 5336 2990 5406 inseparabilis
3021 5343 3076 5391 et
3122 5351 3341 5391 sursum
3397 5345 3453 5391 et
3510 5330 3674 5392 deor-

2085 5440 2208 5481 sum
2259 5426 2464 5497 ubique
2507 5438 2562 5482 et
2626 5442 2898 5498 nusquam
2961 5427 3134 5482 deest.
3204 5426 3273 5482 Et
3317 5427 3677 5498 quemadmo-

2084 5519 2214 5574 dum
2270 5529 2356 5575 est
2410 5521 2599 5577 lumen
2661 5524 2845 5577 solare
2889 5531 2945 5576 et
3004 5522 3058 5578 in
3103 5536 3337 5593 corpore
3394 5522 3561 5576 solari
3618 5529 3676 5579 et

2085 5613 2139 5668 in
2175 5612 2330 5667 radio
2358 5622 2413 5668 et
2451 5613 2508 5668 in
2553 5616 2693 5670 caelo
2728 5622 2782 5669 et
2807 5614 2861 5669 in
2892 5622 3040 5670 terra
3080 5627 3137 5670 et
3170 5613 3483 5685 ingreditur
3527 5615 3673 5671 inte-

2083 5703 2233 5758 riora
2269 5703 2466 5759 domus
2517 5713 2572 5761 et
2629 5706 2816 5761 omnia
2867 5705 3165 5770 illuminat,
3204 5706 3281 5762 ita
3328 5714 3384 5761 et
3428 5706 3670 5778 Spiritus

2085 5805 2314 5850 sani-tus
2339 5797 2539 5868 ubique
2566 5808 2620 5855 et
2655 5814 2781 5855 cum
2810 5796 2975 5856 Patre
3004 5807 3061 5856 et
3092 5817 3217 5855 cum
3250 5799 3392 5855 Filio
3423 5810 3508 5856 est
3542 5818 3672 5857 sur-

2083 5903 2206 5944 sum
2254 5899 2309 5945 et
2360 5888 2645 5960 deorsum,
2697 5901 2751 5949 et
2779 5907 2975 5952 omnes
3009 5894 3261 5952 homines
3312 5895 3580 5953 illuminat
3614 5903 3669 5952 et
