4102 6416
484 379 597 446 ’32⁸1

1585 364 1971 429 GENNADII
2020 362 2134 424 CP.
2178 356 2706 422 PATRIARCILE

3667 358 3774 420 3‘28

489 495 546 549 in
581 491 793 565 gremio
823 490 1023 545 animm
1042 507 1056 557 ;
1094 488 1176 546 sic
1204 497 1259 543 et
1285 486 1523 542 Verbum
1555 482 1669 547 Dei,
1706 481 1956 552 quamvis
1987 494 2080 534 nah

2190 474 2416 546 πρώτην
2461 476 2717 545 γέννησιν
2762 471 2872 529 ἀπὸ
2916 472 3015 543 τῆς
3070 470 3255 542 ψυχῆς
3289 467 3430 541 ἔχει,
3458 468 3575 524 ἀλλ’
3620 472 3775 540 ὅμως

490 596 607 643 tum
638 596 723 640 εει
760 594 887 638 ante
923 583 1123 638 saecula
1154 596 1182 635 a
1241 579 1354 634 Deo
1395 576 1580 640 Patre,
1615 592 1723 630 non
1756 575 1859 627 fuit
1891 583 2075 627 tamen

491 678 847 735 manifestum
888 676 1251 737 hominibus,
1291 670 1389 727 sed
1436 670 1539 724 fuit
1574 670 1627 723 in
1680 680 1909 739 paterno
1954 680 2080 737 gre-

490 769 622 826 mio.
651 766 1127 835 Quemadmodqu
1172 779 1357 819 sermo
1404 772 1616 826 uoster,
1656 761 1877 830 quando
1926 759 2080 812 volu-

489 878 632 925 mus,
682 860 953 916 formatur
995 875 1061 915 ex
1104 857 1267 913 labiis
1307 855 1537 919 nostris,
1589 862 1645 909 et
1692 851 2081 908 manifestatur

487 954 749 1010 omnibus
796 952 1153 1006 astantibus:
1197 950 1272 1003 ita
1313 948 1569 1003 similiter
1598 954 1653 999 et
1698 944 1930 999 Verbum
1962 942 2080 1007 Dei,

488 1044 713 1116 quando
764 1046 903 1098 bene
948 1042 1173 1112 placuit,
1214 1049 1417 1095 natum.
1451 1048 1537 1095 est
1575 1036 1759 1108 (sicut
1803 1052 1870 1090 ex
1918 1033 2082 1089 labiis

490 1139 879 1208 prophetarum
937 1133 1043 1189 fuit
1098 1132 1457 1203 praedictum)
1505 1145 1573 1184 ex
1620 1136 1812 1183 sancta
1853 1123 2083 1195 Virgine

491 1229 688 1294 Maria,
728 1238 782 1283 et
812 1236 946 1283 tunc
974 1227 1329 1283 manifestum
1350 1223 1455 1279 fuit
1496 1221 1594 1278 toti
1641 1220 1783 1275 orbi.
1810 1218 2085 1287 Quemad-

492 1320 714 1374 modum
750 1316 898 1373 enim
947 1316 1337 1375 manifestatur
1380 1328 1563 1369 sermo
1593 1321 1818 1374 noster,
1850 1326 1975 1366 cum
2012 1311 2086 1366 sit

489 1418 655 1466 natus
686 1425 756 1466 ex
804 1408 969 1464 labiis
1001 1408 1212 1463 nostris
1234 1447 1251 1473 ,
1284 1405 1359 1460 ita
1400 1416 1456 1461 et
1485 1404 1726 1461 Verbum
1770 1404 1863 1458 Dei
1896 1410 2083 1457 uatum

486 1511 666 1559 estex
698 1517 863 1564 carne
897 1511 1104 1556 sancte
1146 1498 1407 1569 Virginis,
1445 1512 1511 1551 ac
1543 1494 1957 1552 manifestatum
2000 1503 2088 1551 est

489 1596 593 1650 toti
633 1594 780 1659 orbi,
828 1604 883 1648 et
929 1593 1022 1662 qui
1081 1591 1315 1647 credunt
1359 1590 1415 1644 in
1454 1604 1609 1653 eum,
1643 1588 1780 1643 salvi
1832 1597 1980 1643 sunt.
2028 1588 2091 1642 Et

396 1722 399 1729 ι
486 1682 954 1758 quemadmodqu
1001 1696 1185 1741 sermo
1236 1691 1443 1747 noster,
1475 1680 1698 1751 quando
1750 1678 2020 1733 formatur
2056 1693 2087 1732 a

489 1776 669 1840 labiis,
707 1790 808 1830 nec
837 1774 909 1829 ab
944 1775 1127 1828 anima
1150 1772 1328 1838 deest,
1362 1785 1463 1827 nec
1511 1785 1541 1824 a
1589 1770 1752 1824 labiis
1799 1769 2005 1824 nostris
2032 1766 2090 1823 el

2182 570 2397 641 ἀφανὴς
2427 568 2510 622 ενι
2544 568 2638 621 καὶ
2690 567 2752 620 οῦ
2809 565 3167 635 φανεροῦται,
3219 563 3357 617 ἀλλὰ
3412 564 3580 618 πάλιν
3630 565 3775 632 μετὰ

2180 666 2438 734 γέννησιν
2494 661 2649 733 μένει
2698 662 2757 713 ἐν
2812 663 2928 724 τοῖς
2976 659 3077 731 τῆς
3108 659 3289 729 ψυχῆς
3335 659 3592 723 κόλποις’
3626 659 3776 713 οῦτω

2182 750 2283 805 καὶ
2312 753 2338 803 6
2364 748 2461 803 τοῦ
2488 748 2625 802 Θεοῦ
2650 748 2847 818 Λόγος,
2874 749 2979 802 κᾶν
3008 750 3245 819 γεννηθῇ
3278 748 3387 818 πρὸ
3413 749 3527 803 τῶν
3554 748 3775 803 αἰώνων

2182 843 2247 896 ἐκ
2295 841 2389 895 τοῦ
2430 841 2571 895 Θεοῦ
2631 841 2728 895 καὶ
2782 842 3022 911 Ιιατρὸε,
3046 841 3165 896 ἀλλ’
3196 842 3300 894 οῦκ
3336 842 3675 911 ἐφανεροῦτο
3713 843 3776 895 ὲν

2182 936 2296 998 τοῖς
2325 932 2661 1002 ἀνθρώποις,
2694 932 2811 988 ἀλλ’
2836 929 2905 1003 ἦν
2936 938 2991 987 ἐν
3021 936 3135 999 τοῖς
3166 935 3392 998 κόλποις
3426 938 3537 998 τοῖς
3570 952 3777 1004 πατριο

2183 1029 2321 1091 κοῖς.
2376 1027 2483 1080 Καὶ
2516 1026 2705 1097 ὥσπερ
2730 1028 2759 1079 6
2790 1027 3060 1097 ἡμέτερος
3117 1027 3298 1096 λόγος,
3327 1028 3458 1081 ὅταν
3486 1026 3775 1097 βουληθῶ-

2188 1135 2311 1189 μεν,
2344 1120 2601 1186 γεννᾶται
2649 1120 2716 1173 ἐκ
2764 1118 2874 1171 τῶν
2924 1119 3150 1189 χειλέων
3181 1121 3341 1188 ἡμῶν
3377 1120 3472 1173 καὶ
3503 1119 3777 1189 φανεροῦ-

2183 1228 2277 1265 ται
2309 1213 2367 1264 ἑν
2400 1210 2545 1273 ὅλοις
2598 1213 2710 1274 τοῖς
2764 1211 2923 1282 ἡμῶν
2983 1211 3385 1282 πλησιάζουσιο
3434 1211 3580 1265 οὕτω
3618 1211 3715 1264 καὶ
3743 1212 3775 1263 6

2186 1303 2281 1358 τοῦ
2313 1304 2447 1358 Θεοῦ
2476 1306 2673 1373 Λόγος,
2697 1306 2826 1358 ὅταν
2859 1304 3180 1375 ηὐδόκησεν,
3209 1304 3501 1375 ἐγεννήθη,
3524 1304 3599 1368 ὡς
3629 1320 3772 1374 προ-

2188 1398 2405 1468 είρηται
2438 1398 2502 1450 ὲκ
2535 1398 2645 1451 τῶν
2680 1397 3029 1468 χειλέωῆτῶν
3060 1397 3380 1468 προφητῶν,
3407 1398 3471 1449 ὲκ
3500 1398 3600 1465 τῆς
3632 1414 3777 1449 παν-

2190 1490 2350 1559 αγὶας
2386 1488 2623 1559 Μαρίας,
2687 1490 2783 1543 καὶ
2814 1489 2937 1543 τότε
2968 1491 3159 1558 γέγονε
3196 1488 3435 1557 φανερὸς
3466 1490 3525 1541 ἐν
3559 1489 3667 1557 ὅλῳ
3695 1488 3775 1557 τῷ

2189 1584 2407 1652 κόσμῳ.
2454 1580 2545 1645 Ὦς
2593 1582 2703 1653 γὰρ
2736 1580 3072 1653 φανεροῦται
3099 1582 3129 1634 ό
3154 1582 3426 1653 ἡμέτερος
3460 1581 3616 1650 λόγος
3642 1597 3773 1648 γεν-

2190 1672 2377 1744 νηθεὶς
2423 1674 2488 1728 ὲκ
2536 1672 2648 1727 τῶν
2704 1672 2931 1744 χειλέων
2958 1673 3120 1744 ἡμῶν
3147 1688 3163 1703 ⁸
3192 1672 3339 1727 οῦτω
3384 1674 3451 1743 δὴ
3492 1674 3588 1727 καὶ
3617 1674 3645 1725 ό
3673 1673 3773 1726 τοῦ

2189 1762 2326 1816 Θεοῦ
2375 1762 2550 1832 Λόγος
2586 1764 2870 1835 γεννηθεὶς
2927 1764 2992 1817 ὲκ
3046 1764 3147 1835 τῆς
3204 1765 3408 1835 σαρκὸς
3457 1765 3554 1835 τῆς
3606 1765 3774 1832 ἁγίας

492 1868 547 1922 in
578 1868 805 1920 auribus
831 1864 1169 1919 audientium
1200 1872 1255 1918 et
1280 1836 1550 1932 nusquam
1577 1861 1750 1925 deest,
1779 1870 1831 1915 et
1860 1859 1903 1913 si
1930 1859 2078 1914 mille

2184 1855 2489 1926 Παρθένου,
2526 1856 2849 1928 ἐφανερώθη
2888 1858 3044 1931 πάσῃ
3072 1861 3139 1929 τῇ
3178 1859 3383 1925 κτίσει,
3430 1861 3525 1913 καὶ
3575 1860 3626 1911 οί
3676 1876 3774 1911 πι-

489 1959 657 2013 millia
692 1958 950 2013 audirent
984 1971 1322 2020 sermonem,
1370 1971 1479 2010 non
1509 1953 1838 2009 diminuitur
1868 1968 2075 2019 sermo,

487 2051 583 2107 sed
631 2065 851 2121 semper
896 2065 1079 2106 sermo
1126 2057 1319 2104 noster
1374 2046 1763 2117 integerrimus
1807 2054 1891 2101 est
1938 2062 1952 2100 :
2000 2046 2075 2101 ita

489 2144 731 2200 Verbum
774 2142 867 2200 Dei
908 2152 1098 2199 natum
1146 2154 1233 2198 est
1271 2157 1338 2196 ex
1382 2140 1606 2210 Virgine
1652 2139 1846 2205 llaria,
1898 2148 1961 2195 ut
2004 2154 2071 2195 ex

489 2238 881 2308 prophetarum
911 2236 1073 2291 labiis
1105 2235 1286 2290 fuerat
1312 2234 1633 2305 praedictum
1660 2248 1676 2298 ;
1702 2241 1941 2287 attamen
1972 2247 2075 2289 nec

488 2346 521 2386 a
556 2330 720 2387 Patre
748 2328 945 2396 defuit,
978 2343 1080 2384 nec
1106 2343 1136 2383 a
1168 2343 1355 2393 carne,
1387 2342 1491 2382 nec
1518 2327 1588 2381 ab
1607 2324 1869 2381 omnibus
1891 2325 2075 2380 homi-

487 2424 675 2488 nibus,
723 2437 822 2477 nec
852 2422 922 2477 ab
949 2422 1209 2477 universo
1238 2420 1409 2485 orbe,
1462 2417 1559 2473 sed
1593 2416 1796 2486 ubique
1843 2425 1986 2483 erat,
2018 2425 2076 2471 et

489 2531 594 2570 non
627 2514 1098 2579 diminutum‘est,
1128 2528 1319 2567 verum
1366 2510 1767 2581 amplissimum
1808 2518 1948 2565 erat.
2000 2510 2077 2567 Ita

2187 1948 2471 2013 στεύοντις
2520 1949 2671 2021 αὐτῷ
2722 1949 3013 2015 σώζονται.
3066 1952 3179 2006 Καὶ
3228 1952 3771 2023 ὦσπερόήμέτξρος

2184 2040 2365 2110 λόγος,
2397 2041 2527 2096 ὅταν
2578 2044 2836 2111 γεννᾶται
2890 2043 2998 2096 ἀπὸ
3050 2043 3163 2097 τῶν
3201 2044 3452 2114 χειλέων,
3499 2043 3624 2097 οῦτε
3657 2046 3769 2098 ἀπὸ

2181 2134 2285 2204 τῆς
2316 2133 2498 2204 ψυχῆς
2526 2134 2726 2200 λείπει,
2755 2134 2880 2189 οῦτε
2913 2136 3023 2190 ἀπὸ
3046 2137 3153 2190 τῶν
3174 2137 3405 2207 χειλέων
3435 2140 3464 2207 ἡ
3475 2136 3615 2205 μῶν,
3638 2137 3767 2190 οὔτε

2182 2228 2291 2281 ἀπὸ
2324 2226 2435 2281 τῶν
2463 2227 2643 2281 ὠτίων
2663 2228 2773 2281 τῶν
2802 2228 3135 2297 ἀκοῦοντων,
3160 2229 3299 2284 ἀλλὰ
3322 2231 3418 2283 καὶ
3443 2232 3499 2284 ὲν
3525 2233 3589 2300 τῇ
3613 2230 3763 2300 ψυχῇ

2182 2320 2279 2405 καὶ.
2309 2320 2369 2373 εν
2396 2320 2513 2384 τοῖς
2539 2320 2778 2390 χείλεσιν
2801 2322 2833 2392 ἡ
2844 2320 2961 2391 μῶν
2989 2322 3084 2375 καὶ
3114 2324 3196 2387 εἰς
3218 2326 3287 2379 τὰ
3316 2316 3431 2379 ὦτα
3461 2322 3569 2378 τῶν
3598 2324 3767 2377 ἀκου-

2178 2415 2369 2481 όντων,
2411 2415 2506 2470 καὶ
2550 2416 2613 2470 οὐ
2663 2415 2845 2470 λείπει
2898 2416 3084 2483 ποθὶν,
3142 2417 3246 2472 κᾶν
3299 2418 3473 2488 χίλιαι
3524 2416 3767 2488 χιλιάδες

2179 2507 2462 2563 ἀκούσωσι
2516 2511 2610 2563 τὸν
2644 2509 2825 2579 λόγον,
2878 2511 2979 2565 οὐκ
3006 2511 3328 2566 ιλαττοῦται
3362 2512 3390 2566 ό
3427 2512 3603 2581 λόγος,
3644 2509 3765 2565 ἀλλ’

486 2608 731 2678 iutellige
759 2618 813 2663 et
857 2606 926 2661 de
962 2604 1142 2661 Verbo
1173 2604 1287 2669 Dei,
1329 2603 1425 2674 qui
1472 2602 1749 2673 duplicem
1798 2601 1958 2657 habet
1987 2617 2079 2673 ge-

2184 2601 2271 2654 ὰεὶ
2298 2602 2325 2654 ό
2353 2600 2510 2670 λόγος
2538 2601 2695 2673 ἡμῶν
2733 2603 3113 2674 πληρόστατος
3158 2604 3247 2675 εἴη
3272 2623 3287 2636 ·
3315 2604 3458 2659 οῦτω
3487 2606 3584 2659 καὶ
3611 2607 3638 2659 ό
3667 2603 3763 2657 τοῦ

484 2700 853 2765 nerationem,
877 2714 1039 2755 uuam
1062 2714 1126 2753 ex
1156 2698 1266 2752 Deo
1299 2694 1463 2750 Patre
1490 2704 1617 2749 ante
1650 2694 1875 2755 saecula.
1910 2709 2077 2749 carne

2184 2694 2319 2747 Θεοῦ
2352 2695 2521 2764 Λόγος
2550 2696 2817 2767 ἐγεννήθη
2856 2700 2920 2752 εκ
2972 2698 3075 2769 τῆς
3098 2698 3382 2769 Παρθένου
3412 2698 3658 2769 Μαρίας,
3684 2696 3764 2762 ὡς

484 2806 616 2845 τοι-ο
645 2791 872 2846 alteram
920 2804 950 2843 a
987 2788 1309 2844 novissimis
1339 2786 1578 2851 dierum,
1609 2785 2074 2855 quemadmodum

2184 2786 2247 2839 ικ
2284 2785 2394 2840 τῶν
2429 2788 2793 2859 προφητικῶν
2846 2789 3073 2861 χειλέων
3102 2790 3487 2863 προείρηται·
3522 2790 3637 2845 ἀλλ’
3667 2785 3762 2845 οῦν

484 2900 668 2940 sermo
692 2892 873 2939 noster
895 2883 1129 2953 primum
1157 2879 1479 2951 producitur
1508 2877 1576 2931 ab
1597 2878 1802 2939 anima,
1832 2876 2078 2932 secundo

2184 2875 2309 2930 οῦτε
2337 2878 2445 2932 ἀπὸ
2476 2878 2578 2933 τοῦ
2616 2882 2830 2952 Πατρδς
2861 2884 3101 2949 ἔλειπεν,
3126 2885 3250 2939 οὔτε
3276 2887 3386 2940 ἀπὸ
3406 2885 3507 2955 τῆς
3532 2884 3762 2957 σαρκὸς.

486 2994 517 3031 a
544 2977 723 3032 labiis.
752 2976 817 3031 Et
842 2978 955 3030 haec
975 2974 1044 3029 de
1060 2972 1276 3028 duabus
1299 2969 1745 3041 generationibus
1766 2967 1927 3022 Verbi
1959 2965 2080 3025 Dei.

2187 2970 2312 3024 οῦτε
2343 2971 2454 3025 ἀπὸ
2488 2973 2710 3027 πάντων
2747 2975 2855 3028 τῶν
2888 2977 3214 3049 ἀνθρώπων,
3240 2976 3367 3031 οὔτε
3393 2978 3634 3049 ἀφ’ὃλης
3660 2978 3763 3047 τῆς

487 3070 745 3135 κτίσεως,
774 3069 912 3123 ἀλλὰ
939 3064 1219 3139 πανταχοῦ
1244 3064 1430 3138 παρῆν
1456 3065 1553 3119 κα)⁵
1581 3065 1685 3118 οῦκ
1708 3064 2069 3136 ἔλαττονήϐη,
2101 3066 2239 3120 ἀλλὰ
2270 3068 2644 3141 πληρὲστατος
2676 3066 2767 3145 ἦν.
2811 3072 2973 3128 Οῦτω
3038 3075 3149 3128 νόει
3177 3077 3270 3129 καὶ
3303 3077 3435 3145 περὶ
3496 3075 3592 3129 τοῦ
3662 3076 3763 3129 Λό-

489 3182 591 3235 γου
626 3163 721 3219 τοῦ
751 3162 913 3229 Θεοῦ,
957 3163 1043 3216 ὅτι
1077 3160 1271 3232 διπλῆν
1318 3159 1433 3231 εχει
1479 3158 1583 3231 τὴν
1624 3160 1905 3228 γέννησιν,
1967 3157 2100 3227 μίαν
2138 3160 2201 3214 ἐκ
2228 3162 2365 3217 Θεοῦ
2402 3164 2640 3237 Πατρός,
2676 3168 2772 3221 καὶ
2827 3166 2959 3238 μίαν
3013 3170 3079 3222 ὲκ
3142 3169 3243 3240 τῆς
3296 3170 3534 3238 σαρκόςο
3598 3170 3693 3222 καὶ
3728 3171 3761 3236 ἡ

495 3252 596 3333 μὲν
628 3262 692 3315 ἐκ
720 3258 814 3313 τοῦ
849 3257 1062 3331 Πατρδς
1095 3256 1451 3330 προαιὼνιος,
1485 3256 1513 3327 ἡ
1543 3254 1601 3309 δὲ
1635 3257 1697 3309 ἐκ
1730 3255 1829 3324 τῆς
1871 3254 2079 3327 σαρκὸς
2118 3256 2207 3309 ἐπ’
2249 3260 2499 3330 ἐσχάτων
2526 3263 2635 3317 τῶν
2667 3264 2893 3334 ἡμερῶν
2916 3278 2932 3295 .
2962 3262 3156 3335 ὥσπερ
3189 3266 3217 3318 ὁ
3282 3265 3550 3332 ἡμέτερος
3604 3262 3761 3330 λόγος

490 3354 709 3424 πρῶτον
743 3351 999 3421 γεννᾶται
1039 3346 1150 3403 ἀπ’)
1198 3346 1300 3406 τῆς
1351 3343 1556 3417 ψυχῆς,
1589 3348 1616 3402 ό
1673 3345 1926 3417 δεύτερος
1979 3345 2089 3400 ἀπὸ
2155 3348 2266 3403 τῶν
2316 3350 2577 3422 χειλέων·
2617 3352 2715 3408 καὶ
2762 3352 2934 3407 ταῦτα
2982 3353 3112 3425 περὶ
3149 3353 3257 3407 τῶν
3302 3352 3396 3407 δύο
3450 3356 3763 3426 γεννήσεων

487 3447 583 3503 τοῦ
612 3448 789 3515 Λόγου
819 3444 912 3498 τοῦ
938 3441 1100 3499 Θεοῦ.

557 3543 623 3599 Τ.
659 3542 799 3608 Quid
828 3550 911 3595 est
934 3551 1225 3595 commune
1255 3543 1461 3593 sancta:
1489 3533 1816 3590 Trinitatis?

2240 3535 2305 3589 Τ.
2334 3533 2401 3588 Τί
2430 3533 2613 3588 κοινὸν
2638 3534 2739 3605 τῆς
2770 3534 2936 3605 ἁγίας
2974 3534 3249 3606 Τριάδοςς

563 3636 623 3690 Ρ.
654 3636 963 3690 Colnruuue
1012 3640 1099 3687 est
1147 3628 1480 3693 substantia,
1521 3643 1721 3683 carens
1775 3626 2073 3697 principio,

2250 3629 2318 3682 Π.
2356 3628 2551 3682 Κοινὸν
2594 3630 2628 3700 ἡ
2668 3628 2848 3694 οὐσία,
2882 3628 3063 3681 κοινὸν
3096 3628 3157 3682 τὸ
3205 3629 3467 3699 ἄναρχον,
3508 3628 3690 3683 κοινὸν
3724 3630 3759 3700 ἡ

492 3740 765 3802 potestas,
804 3728 1025 3783 bonitas
1052 3741 1117 3781 ac
1143 3725 1384 3796 iustitia,
1420 3735 1475 3779 et
1504 3725 1690 3778 omnia
1745 3724 1860 3777 haec
1895 3735 2077 3791 arqua-

2184 3719 2430 3789 δύναμις,
2458 3722 2492 3792 ἡ
2540 3720 2814 3792 ἀγαθότης
2858 3723 2955 3776 καὶ
2985 3721 3017 3789 ἡ
3046 3720 3365 3788 δικαιοσύνη
3387 3737 3403 3753 ’
3438 3722 3535 3775 καὶ
3580 3723 3759 3776 πάντα

494 3825 622 3879 liter
650 3824 813 3876 babet
852 3820 1035 3885 Pater,
1083 3818 1282 3883 Filius,
1319 3814 1557 3887 Spiritus
1604 3824 1831 3871 sanctus
1877 3821 2077 3884 prater

2184 3813 2235 3878 ἐξ
2260 3812 2375 3866 Esau
2400 3813 2514 3883 ἔχει
2536 3816 2564 3866 6
2595 3814 2785 3884 Πατὴρ
2808 3814 2902 3867 καὶ
2927 3818 2954 3868 6
2978 3814 3108 3879 Υἱὸς
3132 3816 3226 3871 καὶ
3250 3815 3312 3870 τὸ
3338 3815 3496 3885 ἅγιον
3525 3815 3763 3888 Πνεῦμα.

494 3917 645 3988 ipsas
670 3915 1059 3986 proprie:atcs.

562 4009 630 4064 Τ.
668 4008 810 4075 Quid
840 4017 924 4062 est
950 4005 1240 4079 proprium
1275 4002 1505 4058 Patris?

559 4100 625 4156 Ρ.
662 4099 999 4170 lngenitum.

558 4192 625 4245 'l‘.
659 4191 801 4258 Quid
835 4197 921 4246 est
954 4188 1239 4261 proprium
1267 4184 1441 4241 Filii?

560 4284 622 4338 P.
649 4285 928 4340 (lenitum.

559 4376 626 4431 Τ.
663 4378 804 4441 Quid
831 4387 913 4431 est
941 4377 1223 4447 proprium
1255 4373 1495 4446 Spiritus
1530 4372 1756 4429 sancti?

566 4469 627 4523 ι).
660 4469 989 4525 Procedens.

561 4560 626 4614 Τ.
662 4559 718 4612 lu
752 4559 861 4613 Deo
884 4571 1019 4629 quot
1045 4568 1276 4614 naturas
1312 4559 1550 4616 fateris?

567 4653 623 4707 ι).
655 4651 710 4707 lu
738 4652 846 4706 Deo
870 4652 1103 4706 dicimus
1129 4668 1292 4707 unam
1318 4662 1595 4719 naturam,
1625 4670 1789 4710 unam
1814 4654 2072 4724 formam,

2177 3906 2318 3977 πλὴν
2352 3906 2461 3959 τῶν
2496 3906 2643 3960 ἰδίων
2678 3906 2883 3961 αὐτῶν.

2249 4000 2313 4053 Τ.
2346 4000 2410 4052 Τί
2443 3998 2575 4053 ἴδιον
2605 3998 2695 4051 τοῦ
2731 3999 2987 4069 ιίατρόςς

2251 4094 2319 4149 Π.
2345 4094 2418 4145 T6
2444 4093 2758 4163 ἀγέννητον.

2248 4186 2312 4238 Τ.
2346 4184 2411 4238 Τί
2441 4184 2570 4239 ἴδιον
2600 4184 2763 4249 Υίοῦς

2250 4280 2317 4332 ll.
2348 4278 2421 4331 T6
2452 4282 2732 4351 γεννητόν.

2246 4373 2310 4428 Τ.
2338 4374 2403 4426 Τί
2439 4373 2571 4427 ῐδιον
2594 4372 2687 4428 τοῦ
2720 4375 2876 4443 ἁγίου
2900 4374 3218 4447 Πνεύματος
3243 4390 3261 4441 ;

2246 4464 2316 4519 Il.
2344 4466 2417 4519 T6
2440 4469 2794 4537 ὲκπορευτόν.

2248 4559 2315 4613 Τ.
2356 4559 2478 4613 Ἐπὶ
2507 4559 2599 4614 τοῦ
2630 4560 2767 4614 Θεοῦ
2804 4561 2979 4626 πόσας
3006 4560 3197 4628 φύσεις
3221 4562 3541 4631 όμολογεῖς;

2249 4653 2316 4707 Π.
2355 4653 2480 4707 Ἐπὶ
2508 4653 2602 4707 τοῦ
2634 4654 2770 4707 Θεοῦ
2801 4656 2932 4725 μίαν
2960 4657 3106 4724 λέγω
3134 4654 3319 4725 φύσιν,
3346 4656 3478 4726 μίαν
3513 4656 3758 4728 μορφὴν,

492 4762 663 4801 unum
710 4760 909 4809 genus,
963 4761 1129 4799 unam
1198 4746 1452 4819 gloriam,
1508 4764 1671 4803 unam
1724 4749 2071 4823 dignitatem,

2184 4742 2235 4797 ἓν
2284 4745 2463 4813 γόνος,
2520 4745 2653 4816 μίαν
2712 4745 2892 4813 δόξαν,
2956 4747 3088 4818 μίαν
3145 4746 3327 4813 ἀξίαν,
3383 4748 3516 4817 μίαν
3568 4752 3759 4820 κυριό-

494 4853 658 4893 uuam
691 4836 1155 4891 dominationem.

558 4929 624 4986 Τ.
653 4929 991 5001 llypustases
1021 4941 1157 5002 quot
1185 4930 1385 4988 fateris
1415 4932 1469 4987 iu
1503 4930 1660 4988 Deo?

558 5108 619 5163 P.
648 5109 705 5164 lu
737 5111 846 5164 Deo
874 5109 1113 5167 dicimus
1152 5106 1267 5167 tres
1297 5127 1590 5183 personas,
1642 5114 1748 5170 tria
1788 5116 2073 5174 individua

488 5213 541 5260 et
574 5214 685 5259 tres
714 5202 940 5258 formas.

560 5296 625 5352 Τ.
660 5296 726 5350 Ει
752 5313 851 5352 cur
881 5298 1081 5352 dicitur
1113 5309 1267 5369 pater
1302 5298 1501 5356 Pater?

564 5387 623 5444 ι).
680 5387 843 5442 Pater
898 5390 1102 5443 dicitur
1162 5389 1305 5446 Deus
1373 5394 1442 5448 ab
1507 5395 1610 5450 hoc
1669 5396 1836 5451 verbo
1893 5397 2074 5451 πάντα

491 5481 680 5548 τηρεῖν
708 5478 809 5550 (Ι).

564 5567 627 5621 Τ.
660 5569 728 5624 Et
754 5568 890 5634 νιος,
923 5569 961 5624 i.
988 5587 1039 5624 e.
1068 5570 1239 5627 Filius
1271 5576 1415 5628 unde
1446 5574 1697 5631 dicitur?

564 5661 805 5730 ι’.Υίδς,
858 5665 896 5719 i.
962 5683 1013 5722 e.
1053 5662 1225 5721 Filius
1282 5668 1485 5724 dicitur
1545 5672 1615 5724 ab
1682 5672 1785 5726 boc
1851 5671 2072 5728 nomine

562 5842 646 5911 (Ι)
674 5841 732 5897 ld
761 5854 843 5901 est
897 5846 1076 5900 ontnt'a
1111 5849 1407 5903 observare.

2104 4873 2151 4932 Β
2177 4854 2336 4909 τητα.

2249 4931 2315 4986 Τ.
2379 4931 2736 4995 ’Υποστάσεις
2799 4932 2857 4985 δὲ
2922 4932 3091 4997 πόσας
3156 4934 3441 5004 ὁμολογεῖς
3503 4935 3595 4988 επὶ
3660 4934 3758 4989 τοῦ

2178 5021 2317 5075 Θεοῦ
2336 5036 2355 5088 ς

2253 5117 2320 5169 ll.
2354 5114 2480 5170 Ἐπὶ
2503 5113 2597 5167 τοῦ
2620 5112 2758 5167 Θεοῦ
2781 5116 2932 5185 τρεῖς
2958 5114 3126 5185 λέγω,
3153 5118 3282 5186 τρία
3307 5118 3602 5189 πρόσωπα,
3626 5117 3758 5187 τρία

2178 5207 2360 5277 ἄτομα
2390 5208 2486 5260 καὶ
2514 5211 2665 5276 τρεῖς
2695 5208 3081 5278 χαρακτῆρας.

2251 5300 2317 5352 Τ.
2350 5299 2460 5351 Καὶ
2488 5297 2576 5350 διὰ
2610 5299 2662 5350 τί
2696 5298 2918 5367 λέγεται
2948 5301 3131 5371 πατὴρ
3158 5303 3186 5355 ό
3216 5301 3407 5371 Πατήρ
3432 5318 3447 5369 ;

2257 5393 2323 5445 Π.
2376 5390 2564 5461 Πατὴρ
2623 5390 2841 5459 λέγεται
2886 5394 2915 5445 ό
2947 5391 3081 5455 Θεὸς
3129 5395 3223 5446 καὶ
3280 5395 3473 5463 Πατὴρ
3505 5392 3615 5448 ἀπὸ
3658 5391 3758 5446 τοῦ

2182 5485 2321 5539 πάντ
2335 5504 2359 5535 ι
2388 5502 2453 5555 τη
2466 5485 2602 5553 ρείν.

2256 5577 2320 5629 Τ.
2346 5578 2455 5631 Καὶ
2485 5579 2513 5629 ό
2543 5577 2783 5640 Υἱδς-διᾶ
2811 5578 2865 5633 τί
2890 5577 3111 5645 λέγεται
3142 5577 3306 5643 Υἱόςς

2256 5668 2321 5722 Π.
2377 5667 2503 5730 Υἱὸς
2557 5668 2773 5737 λέγεται
2816 5670 2966 5741 παρὰ
2994 5666 3090 5722 τοῦ
3124 5662 3234 5734 οἷος
3259 5685 3271 5699 ·
3305 5663 3417 5733 οἶος
3447 5666 3559 5740 γὰρ
3587 5667 3616 5723 ό
3644 5665 3763 5724 Ila.-
