4102 6462
373 471 476 535 3ἒ9

1425 466 1844 530 CONFESSIO
1885 457 2102 527 FIDEI
2157 461 2444 525 POSTER
2460 455 2612 524 itiR.

3532 469 3638 534 330

373 587 494 656 τὴρ,
524 583 766 647 τοιοῦτος
798 583 891 639 καὶ
915 585 943 638 6
972 585 1116 652 Υἱὸς,
1149 585 1240 640 καὶ
1266 588 1442 657 τροπῇ
1467 586 1562 639 τοῦ
1589 604 1619 638 ο
1651 585 1732 646 είς
1755 602 1783 636 υ
1813 583 1943 643 υἱός·

2057 576 2195 646 οἷος,
2235 582 2338 635 hoc
2367 591 2448 634 est
2483 579 2644 644 talis;
2676 579 2857 650 qualis
2903 580 3052 634 enim
3095 587 3270 650 pater,
3305 584 3431 640 talis
3470 585 3639 652 ﬁlius,

373 685 554 752 ὅμοιος
593 681 704 752 γὰρ
735 684 762 735 6
787 684 901 745 υίὸς
929 681 1008 751 τῷ
1041 682 1230 753 πατρί.

445 861 507 915 Τ.
571 861 684 912 Καὶ
745 859 807 912 τὸ
863 859 1090 930 Πνεῦμα
1149 857 1211 913 16
1271 861 1431 929 ἆγιον
1481 860 1570 913 διὰ
1615 859 1669 912 τί
1728 858 1950 926 λέγεται

373 954 593 1024 πνεῦμα
617 971 632 1018 ;

444 1047 508 1099 Π.
558 1044 786 1114 Πνεῦμα
835 1043 1052 1112 λέγεται
1085 1054 1241 1116 παρα
1275 1046 1335 1108 τὸ
1388 1048 1570 1099 νοεῖν’
1615 1047 1796 1101 πάντα
1845 1049 1954 1116 γὰρ

372 1138 533 1203 ὀξέως
551 1139 776 1200 ἐπινοεῖ,
793 1136 962 1204 ἤγουν
988 1137 1171 1189 πᾶσαν
1200 1137 1387 1205 νόησιν
1413 1137 1696 1204 συντόμως
1721 1138 1957 1190 ἐπινοεῖ-

372 1247 484 1284 ται·
522 1231 580 1283 τὸ
613 1229 722 1300 γὰρ
746 1228 900 1297 ἆγιον
929 1227 1152 1298 Πνεῦμα
1172 1229 1348 1282 πάντα
1373 1230 1571 1299 ἐρευνᾷ
1595 1231 1690 1282 καὶ
1717 1229 1786 1282 τὰ
1808 1228 1948 1297 βάθη

371 1313 463 1375 τοῦ
488 1321 645 1376 Θεοῦ.
1491 1319 1494 1322 ’

444 1415 506 1466 Τ.
554 1411 677 1467 Ἐπὶ
711 1399 844 1465 Θεοῦ
879 1413 1018 1465 πόσα
1051 1413 1237 1477 arma;

447 1507 620 1560 Π.⁹Εν
651 1507 822 1559 αἴτιον
840 1507 930 1558 ἐπὶ
952 1505 1088 1560 Θεοῦ
1112 1505 1274 1573 λέγω,
1307 1508 1399 1560 καὶ
1425 1507 1586 1560 τοῦτό
1612 1508 1759 1561 ἐστιν
1786 1509 1814 1561 ὀ
1846 1511 1956 1562 Πα-

373 1601 476 1668 τήρ
498 1615 509 1627 ·
543 1598 705 1661 αὐτὸς
755 1600 922 1669 γεννᾷ
950 1599 1042 1652 τὸν
1095 1601 1222 1652 Υίὸν
1251 1603 1347 1653 καὶ
1383 1599 1676 1670 ἐκπορεύει
1706 1600 1770 1654 τὸ
1799 1602 1955 1670 ἂγιον

376 1689 620 1763 Πνεῦμα.
654 1693 897 1746 Γίνωσκε
932 1694 1016 1746 ὅτι
1047 1695 1074 1747 6
1105 1693 1296 1764 Πατὴρ
1336 1695 1497 1762 μόνος
1555 1695 1704 1749 ἐστὶν
1751 1695 1948 1762 αἴτιος,

373 1789 398 1837 6
427 1787 483 1839 δὲ
533 1787 660 1849 Υἱὸς
695 1786 796 1838 οὐκ
851 1785 1001 1838 ἔστιν
1036 1785 1210 1848 αἴτιος
1259 1786 1396 1838 ἀλλὰ
1450 1787 1719 1852 αἰτιατὸς,
1759 1787 1856 1839 καὶ
1891 1789 1953 1840 τὸ

373 1880 524 1946 ἅγιον
551 1879 776 1949 Πνεῦμα
799 1878 1002 1948 ὁμοίως
1034 1879 1135 1930 οὐκ
1163 1877 1312 1930 ἐστιν
1341 1879 1515 1931 αίτιον
1535 1877 1653 1931 ἀλλ’
1674 1880 1948 1932 αἰτιατόνο

373 1972 516 2025 ὥστε
543 1972 604 2024 τὸ
637 1972 736 2040 μὲν
764 1970 939 2024 αἴτιον
965 1971 1023 2024 ἓν
1055 1973 1205 2023 ἐστιν
1238 1973 1265 2023 6
1297 1969 1509 2042 Πατὴρ,
1537 1973 1606 2024 τὰ
1639 1970 1697 2024 δὲ
1726 1971 1950 2024 αἰτιατὰ

373 2064 484 2126 δύο,
508 2065 534 2116 6
562 2064 688 2126 Υἱὸς
720 2063 814 2116 καὶ
843 2064 903 2115 τὸ
938 2062 1094 2129 ἆγιον
1147 2062 1393 2130 Πνεῦμα.
1435 2063 1619 2125 Attio;
1665 2061 1885 2130 λέγεται
1923 2065 1952 2116 6

376 2158 560 2226 Πατὴρ
584 2156 670 2209 διὰ
691 2157 752 2208 τὸ
776 2157 971 2224 γεννᾷν
1001 2156 1095 2207 καὶ
1121 2155 1181 2207 οὐ
1211 2156 1495 2222 γεννᾶται,
1529 2154 1821 2224 ὲκπορεύει
1856 2156 1952 2208 καὶ

371 2251 472 2303 οῦκ
499 2251 892 2320 ἐκπορεύεται·
936 2249 1103 2317 γεννᾷ
1143 2247 1242 2317 μὲν
1294 2248 1386 2300 τὸν
1447 2247 1602 2313 Υἱὸν,
1657 2248 1950 2320 ἐκπορεύει

372 2344 430 2396 δὲ
464 2344 523 2396 τὸ
563 2341 786 2408 Πνεῦμα
820 2342 882 2394 τὸ
931 2341 1125 2410 ἅγιον·
1183 2341 1274 2392 καὶ
1320 2340 1409 2393 διὰ
1460 2340 1621 2394 τοῦτο
1668 2341 1891 2409 λέγεται
1923 2344 1952 2396 6

377 2439 563 2507 Πατὴρ
590 2437 782 2498 αἴτιος.

444 2621 507 2675 Τ.
537 2621 647 2674 Καὶ
674 2621 815 2674 πόσα
844 2621 1067 2675 αἰτιατά
1091 2640 1104 2686 ;

448 2713 511 2766 Π.
553 2712 780 2766 Αἰτιατὰ
808 2712 924 2776 δύο,
962 2717 990 2767 6
1034 2716 1160 2778 Υἱὸς
1195 2717 1289 2770 καὶ
1318 2718 1379 2770 τὸ
1417 2719 1645 2789 Πνεῦμα
1679 2720 1736 2774 τὸ
1768 2720 1946 2788 ἅγιον.

372 2803 450 2858 Οὐ
483 2807 645 2876 γεννᾷ
675 2808 702 2858 6
730 2805 880 2870 Υἱὸς,
926 2806 1062 2861 ἀλλᾶ
1094 2811 1377 2875 γεννᾶται,
1407 2812 1498 2865 διὰ
1543 2813 1700 2866 τοῦτο
1727 2813 1946 2881 λέγεται

374 2898 649 2963 αἰτιατὸς’
681 2899 881 2971 ὁμοίως
933 2903 1029 2954 καὶ
1079 2903 1140 2955 16
1189 2903 1344 2970 ἆγιον
1382 2903 1609 2974 Πνεῦμα
1640 2905 1741 2959 οὐκ
1777 2907 1948 2959 ἐκπο-

373 2992 542 3060 ρεύει,
575 2993 689 3046 ἀλλ’
718 2994 1103 3061 ἐκπορεύεται,
1137 2997 1233 3049 καὶ
1275 2996 1364 3049 διὰ
1412 2997 1572 3050 τοῦτο
1605 2998 1826 3066 λέγεται
1865 3000 1947 3051 αἱ-

371 3087 572 3140 τιατόν.
622 3086 820 3140 Λοιπὸν
867 3089 967 3141 ὲάν
1024 3105 1108 3150 τις
1144 3090 1398 3160 ἐρωτήσῃ
1454 3107 1533 3154 σε,
1569 3091 1652 3143 ὅτι
1686 3091 1782 3144 ἐπὶ
1808 3091 1944 3145 Θεοῦ

374 3180 513 3233 πόσα
540 3180 690 3234 αἴτια
716 3181 897 3249 λέγεις
919 3197 934 3248 ;
960 3181 1081 3234 εἰπὲ
1107 3181 1166 3233 ἓν
1193 3199 1207 3212 ο
1243 3185 1397 3235 ποῖον
1429 3182 1617 3249 τοῦτο;
1654 3184 1870 3255 Πατήρ.

439 3363 502 3415 Τ.
546 3361 650 3414 Καὶ
681 3361 768 3414 διὰ
799 3361 851 3412 τί
879 3359 1099 3427 λέγεται
1131 3360 1342 3426 αἴτιον;

442 3454 505 3507 II.
546 3453 644 3507 Διὰ
691 3454 753 3506 τὸ
799 3455 997 3526 γεννᾷν
1047 3454 1138 3508 τὸν
1193 3454 1323 3508 Υίὸν
1374 3455 1470 3508 καὶ
1521 3456 1840 3526 ὲκπορεύειν
1887 3458 1948 3511 16

372 3546 592 3615 Πνεῦμα
618 3545 793 3614 ἅγιον.

439 3637 501 3690 Τ.
546 3637 666 3691 Ἐπὶ
712 3637 809 3708 τῆς
853 3637 1018 3707 ἁγίας
1062 3639 1292 3709 Τριὰδος
1333 3641 1417 3704 τίς
1468 3642 1684 3712 πρῶτος
1732 3645 1796 3698 ὲκ
1836 3645 1947 3697 τῶν

367 3728 555 3799 τριῶν,
586 3733 614 3782 6
643 3729 833 3801 Πατὴρ
863 3730 896 3801 ἢ
930 3731 958 3782 6
988 3730 1114 3793 Υἱὸς
1143 3731 1176 3800 ἣ
1205 3731 1267 3784 16
1297 3732 1524 3800 Πνεῦμα
1554 3733 1614 3786 τὸ
1641 3735 1834 3803 ἆγιον;

442 3822 508 3874 Π.
544 3820 666 3874 Ἐπὶ
705 3822 804 3892 τῆς
845 3821 1010 3890 ἁγίας
1050 3823 1280 3894 Τριάδος
1324 3825 1499 3887 οὐδείς
1540 3827 1660 3878 ἔστι
1706 3829 1944 3899 πρῶτος,

367 3914 540 3978 οὐδεὶς
575 3917 721 3968 ἐστιν
755 3913 1013 3987 ὕστερος,
1052 3917 1189 3971 ἀλλὰ
1222 3918 1340 3988 ἅμα
1375 3919 1596 3990 Πατὴρ,
1631 3918 1748 3990 ἅμα
1783 3921 1940 3986 Υἱὸς,

368 3999 482 4076 ἅμα
511 4009 602 4061 καὶ
628 4010 687 4061 τὸ
714 4009 940 4080 Πνεῦμα
964 4009 1024 4063 τὸ
1051 4011 1208 4079 ἅγιον
1226 4027 1240 4040 ο
1273 4013 1369 4066 καὶ
1395 4011 1483 4066 διὰ
1509 4011 1668 4066 τοῦτο
1691 4014 1788 4067 καὶ
1815 4031 1944 4067 συν-

367 4101 591 4171 ἀναρχοι
623 4101 898 4170 λέγονται,
934 4102 994 4156 τὸ
1032 4107 1137 4173 πρὸ
1166 4104 1264 4173 τῆς
1299 4104 1476 4175 ἀρχῆς
1508 4105 1588 4161 ὅν.
1625 4105 1688 4161 Ὀ
1719 4107 1776 4160 δὲ
1810 4108 1943 4171 Θεὸς

365 4193 462 4246 οὐκ
493 4195 604 4264 ἔχει
633 4195 828 4266 ἀρχὴν,
858 4194 995 4250 ἀλλὰ
1026 4196 1134 4266 πρὸ
1162 4195 1264 4266 τῆς
1296 4198 1470 4267 ἀρχῆς
1500 4197 1644 4264 ἔστι,
1667 4201 1755 4253 διὰ
1783 4200 1942 4254 τοῦτο

366 4285 576 4354 λέγεται
607 4287 840 4357 ἄναρχος
865 4303 881 4318 ο
914 4288 1149 4358 ἄναρχος
1178 4288 1364 4341 λοιπὸν
1391 4289 1419 4340 6
1452 4289 1671 4361 Πατὴρ,
1704 4291 1940 4360 ἄναρχος

366 4376 548 4430 λοιπὸν
579 4377 606 4429 6
646 4377 805 4444 Υἱὸς,
842 4378 1082 4448 ἄναρχον
1119 4379 1212 4433 καὶ
1247 4381 1306 4432 τὸ
1348 4379 1572 4451 Πνεῦμα
1614 4381 1770 4451 ἆγιον
1797 4401 1810 4413 ·
1847 4383 1941 4435 καὶ

369 4469 476 4522 ίδοὺ
508 4471 852 4541 συνάναρχοι,
879 4471 974 4524 καὶ
1001 4472 1177 4535 οὐδεὶς
1209 4472 1423 4542 πρῶτος
1454 4475 1547 4526 καὶ
1576 4475 1751 4538 οὐδεὶς
1783 4474 1936 4529 ὓστε-

365 4577 454 4630 ρος
484 4563 573 4615 ἐπὶ
601 4565 697 4632 τῆς
727 4564 891 4630 ἁγίας
919 4564 1169 4630 Τριάδος.

2057 681 2112 726 et
2150 674 2503 724 mutatioueo
2551 672 2602 725 in
2632 689 2662 723 υ
2705 672 2954 726 Graecum
3030 673 3167 736 υίὸς,
3212 675 3317 731 Ιιοε
3353 687 3434 732 est
3468 678 3637 733 ﬁlius.

2061 764 2270 818 Similis
2293 765 2436 817 enim
2489 764 2660 832 patris
2687 774 2769 817 est
2800 765 2966 821 titius.

2134 855 2197 910 Τ.
2233 858 2298 910 Et
2328 855 2565 925 πνεῦμα,
2595 856 2630 910 i.
2663 873 2712 911 ε.
2741 855 3007 926 Spiritus,
3042 860 3188 916 unde
3219 861 3449 918 dicitur?

2130 1035 2190 1089 P.
2229 1036 2311 1090 Ab
2367 1037 2472 1090 hoc
2526 1037 2695 1090 verbo
2743 1037 2898 1100 νοέω,
2947 1037 2985 1091 i.
3029 1054 3080 1095 e.
3121 1041 3391 1110 intelligo.
3439 1045 3635 1099 Omnia

2057 1131 2202 1182 enim
2238 1129 2514 1182 veraciter
2536 1137 2585 1183 et
2622 1140 2783 1184 acute
2820 1131 3082 1199 intelligit
3123 1144 3179 1186 et
3215 1135 3485 1202 providet.
3517 1137 3641 1207 Spi-

2059 1222 2198 1275 ritus
2220 1221 2366 1276 enim
2399 1235 2624 1275 sanetus
2653 1224 2838 1275 omnia
2874 1223 3122 1292 inquirit,
3153 1232 3202 1276 et
3233 1225 3640 1292 profunditates

2059 1316 2222 1368 etiam
2257 1315 2373 1368 Dci'.

2133 1405 2195 1461 Τ.
2229 1406 2286 1460 In
2323 1407 2431 1461 Deo
2461 1422 2582 1476 quae
2610 1415 2740 1461 sunt
2773 1408 3045 1478 principia
3076 1411 3442 1478 procluctira?

2130 1498 2192 1551 P.
2229 1498 2403 1553 Unum
2461 1501 2692 1555 dicimus
2745 1501 3083 1569 principium
3138 1506 3516 1571 generativuin
3584 1509 3637 1560 in

2060 1589 2193 1652 Deo,
2227 1589 2286 1643 li.
2315 1605 2378 1644 ε.
2421 1590 2605 1656 Pater,
2642 1592 2757 1660 ipse
2783 1592 2930 1646 enim
2967 1605 3192 1659 generat
3222 1593 3418 1650 Filium
3449 1609 3502 1652 et
3529 1602 3642 1668 spi-

2058 1690 2141 1735 rat
2173 1680 2440 1748 Spiritum
2479 1693 2754 1738 sanctum.
2795 1683 2972 1748 Scias,
3001 1688 3147 1756 quod
3173 1692 3326 1743 solus
3361 1700 3444 1744 est
3476 1690 3640 1744 Pater

2057 1773 2418 1840 generatiVus
2465 1773 2590 1829 Filii
2627 1774 2840 1842 ;Filius
2869 1789 3052 1833 autem
3088 1795 3194 1833 non
3241 1792 3326 1836 est
3367 1787 3641 1852 generati—-

2058 1881 2180 1931 vus,
2215 1869 2312 1921 sed
2343 1867 2564 1936 genitus
2601 1886 2613 1933 ;
2655 1869 2895 1939 Spiritus
2925 1883 3156 1929 sanctus
3187 1889 3294 1928 non
3321 1886 3403 1930 est
3434 1878 3640 1946 produ-

2055 1961 2258 2024 ctivus,
2290 1963 2385 2016 sed
2420 1963 2745 2030 productus.
2785 1963 2972 2032 Itaque
3003 1967 3334 2036 principium
3357 1973 3641 2037 producti-

2057 2068 2181 2107 vum
2235 2063 2322 2108 est
2366 2053 2528 2110 Pater
2575 2068 2626 2110 et
2669 2057 2835 2112 etiam
2869 2059 3072 2126 Filius;
3141 2064 3390 2130 producti
3453 2074 3635 2120 autem

2055 2153 2183 2199 sunt
2217 2145 2392 2202 Filius
2425 2157 2481 2202 et
2515 2147 2763 2218 Spiritus
2809 2141 3068 2222 sanctus.
3091 2153 3456 2226 δΡι-ἰηεὶρίυηι
3509 2174 3635 2226 pro-

2055 2239 2339 2296 ductivum
2387 2242 2595 2297 dicitur
2634 2243 2817 2312 Pater,
2843 2248 2972 2316 quia
3001 2257 3222 2316 generat
3259 2260 3312 2304 et
3337 2266 3443 2304 non
3473 2268 3636 2321 gene-

2057 2340 2232 2398 ratur,
2261 2335 2515 2403 producit
2543 2347 2596 2391 et
2623 2354 2728 2392 non
2763 2341 3130 2407 producitur;
3154 2355 3384 2412 generat
3412 2345 3634 2412 quidem

2053 2422 2276 2488 Filium,
2305 2427 2479 2495 spirat
2509 2435 2692 2484 autem
2724 2430 2992 2496 Spiritum
3018 2443 3300 2503 sanctum,
3336 2445 3389 2492 et
3416 2437 3638 2494 idcodi--

2054 2517 2200 2571 citur
2226 2517 2391 2574 Pater
2413 2521 2746 2591 principium
2780 2526 3195 2594 productivum.

2127 2609 2190 2666 T.
2224 2610 2292 2666 Et
2344 2621 2480 2682 quot
2533 2626 2662 2670 sunt
2691 2631 2943 2685 personae
2982 2621 3034 2674 in
3073 2621 3274 2677 divinis
3307 2625 3638 2692 producta-1?

2125 2704 2188 2758 P.
2216 2703 2346 2759 Duae
2379 2707 2589 2762 suntin
2625 2709 2829 2765 divinis
2857 2728 3106 2781 persona:
3132 2719 3434 2785 productae,
3464 2719 3637 2775 Filius

2052 2802 2107 2849 et
2134 2793 2378 2865 Spiritus
2407 2810 2669 2854 sanctus.
2709 2800 2828 2856 Non
2863 2813 3087 2873 generat
3113 2805 3312 2874 Filius,
3345 2813 3436 2864 sed
3467 2830 3636 2882 gene—

2051 2899 2228 2954 ratur,
2264 2900 2556 2960 propterea
2585 2893 2798 2948 dicitur
2827 2899 3132 2965 productus
3163 2918 3176 2954 :
3221 2902 3484 2958 similiter
3513 2905 3638 2975 Spi-

2053 2980 2192 3034 ritus
2224 2991 2453 3038 sanctus
2489 2999 2596 3038 non
2655 2987 2854 3054 spirat,
2891 2991 2984 3043 sed
3022 2992 3286 3060 spiratur,
3313 3004 3369 3050 et
3401 2995 3519 3050 idco
3549 2999 3638 3052 di-

2052 3073 2196 3127 citur
2220 3075 2549 3142 productus.
2602 3075 2658 3130 Si
2694 3079 2866 3148 igitur
2908 3082 3286 3153 interrogatus
3339 3085 3533 3149 lueris,
3581 3091 3636 3143 in

2049 3164 2255 3220 divinis
2283 3181 2405 3235 quae
2448 3168 2560 3222 sint
2591 3185 2840 3238 persona:
2882 3174 3284 3242 producentcs?
3324 3183 3638 3249 responde:

1974 3289 2017 3345 ο
2053 3272 2183 3312 una.
2214 3255 2474 3323 Quaenam
2505 3260 2596 3314 illa
2632 3261 2653 3313 ἱ)
2679 3260 2865 3317 Pater.

2128 3348 2192 3402 T.
2228 3348 2290 3402 Et
2322 3366 2420 3403 cur
2449 3351 2653 3406 dicitur
2679 3355 3035 3422 producens?

2119 3440 2178 3496 P.
2215 3443 2352 3508 Quia
2383 3455 2609 3514 generat
2643 3446 2843 3504 Filium
2870 3461 2925 3505 et
2963 3453 3140 3521 spirat
3195 3452 3465 3524 Spiritum
3507 3474 3636 3514 san-

2051 3547 2222 3590 ctum.

2120 3628 2183 3682 T.
2213 3629 2269 3683 lu
2299 3642 2491 3688 sancta
2524 3632 2796 3691 Trinitate
2822 3637 2946 3706 quis
2971 3637 3072 3693 fuit
3103 3641 3338 3711 primus,
3371 3643 3534 3701 Pater
3565 3663 3634 3701 an

2050 3719 2224 3777 Filius
2252 3741 2319 3797 an
2346 3726 2588 3795 Spiritus
2625 3741 2850 3784 sanctus
2884 3732 2907 3783 ?

2122 3813 2182 3870 P.
2207 3813 2266 3870 In
2299 3830 2492 3874 sancta
2536 3820 2805 3876 Trinitate
2854 3825 3034 3879 nullus
3077 3838 3162 3881 est
3209 3830 3419 3897 primus
3453 3849 3634 3905 neque

2049 3903 2301 3973 ultimus,
2343 3909 2438 3963 sed
2474 3908 2638 3964 simul
2688 3912 2874 3977 Pater,
2909 3915 3075 3970 simul
3118 3915 3316 3983 Filius,
3361 3903 3634 3980 simul'et

2051 3994 2290 4065 Spiritus
2314 4011 2566 4066 sanctus,
2603 4011 2658 4056 et
2688 4016 2986 4073 propterea
3023 4009 3186 4063 simul
3223 4028 3333 4067 non
3387 4016 3630 4072 inclmati

2047 4091 2307 4146 dicuntur
2337 4101 2462 4147 ante
2495 4094 2844 4164 principium.
2887 4100 3030 4154 Deus
3072 4118 3199 4158 vero
3224 4105 3386 4160 Pater
3417 4109 3628 4176 princi-

2047 4181 2136 4248 pio
2169 4193 2336 4247 caret,
2376 4185 2498 4241 licet
2533 4197 2618 4241 est
2677 4199 2804 4242 ante
2841 4191 3194 4262 principium,
3239 4206 3294 4250 et
3335 4209 3624 4268 propterea

2045 4273 2247 4328 dicitur
2295 4277 2416 4331 sine
2479 4279 2786 4350 principio;
2839 4293 2891 4336 et
2923 4299 3030 4337 non
3092 4286 3381 4345 inchoatus
3429 4289 3623 4355 Filius.

2046 4385 2156 4423 non
2210 4371 2506 4427 inchoatus
2557 4375 2798 4443 Spiritus
2848 4390 3094 4433 sanctus.
3144 4379 3206 4435 Et
3264 4398 3392 4437 ecce
3459 4385 3627 4440 simul

2045 4467 2324 4530 coaeterni,
2362 4475 2414 4522 et
2447 4468 2624 4523 nullus
2668 4471 2901 4539 primus,
2946 4475 3130 4530 nullus
3156 4476 3380 4532 ultimus
3414 4478 3466 4533 in
3496 4497 3625 4535 san-

2043 4566 2128 4612 cta
2161 4557 2455 4613 'l‘rinitate.

432 4651 495 4707 T.
532 4653 642 4706 Καὶ
672 4655 732 4707 τὸ
769 4653 992 4725 Πνεῦμα
1025 4657 1084 4709 τὸ
1124 4657 1281 4727 ἆγιον
1315 4659 1430 4722 πῶς
1473 4660 1833 4729 ἐκπορεύεται
1873 4664 1937 4714 ἐκ
1967 4656 2019 4715 Ι)
2117 4644 2179 4700 Τ·
2235 4648 2301 4701 ['3’-
2370 4649 2610 4719 δρίτίίυε
2665 4665 2896 4713 εθηοῑιιδ
2948 4663 3226 4729 (υιοωοδο
3290 4667 3535 4735 PWchil
3595 4687 3624 4722 ³

364 4743 456 4797 τοῦ
487 4746 694 4816 Πατρός
718 4765 732 4813 ;

434 4838 501 4891 ll.
533 4839 677 4892 Ἔδει
707 4857 766 4892 σε
795 4842 890 4893 καὶ
916 4841 1044 4910 περὶ
1069 4841 1260 4896 τούτου
1292 4843 1366 4914 μὴ
1394 4846 1626 4914 ἐρωτᾷν,
1659 4847 1751 4898 καὶ
1777 4846 1936 4900 τοῦτο

369 4928 468 4998 γὰρ
498 4930 924 5001 ἀνερμήνευτον.
960 4933 1106 5002 Πλὴν
1141 4933 1381 5002 μάνθανε
1412 4935 1507 4988 καὶ
1539 4938 1671 5005 περὶ
1700 4936 1893 4989 τούτου
1917 4980 1930 5004 ,

362 5023 443 5073 ὅτι
480 5021 668 5092 ὥσπερ
706 5025 738 5094 ἡ
776 5025 1021 5096 ἀναπνοὴ
1055 5025 1149 5079 τοῦ
1189 5026 1482 5094 ἀνθρώπου
1523 5028 1588 5080 ἐκ
1619 5028 1717 5098 τῆς
1756 5028 1937 5099 ψυχῆς

363 5115 757 5186 ἐκπορεύεται,
791 5115 937 5172 οὕτω
969 5119 1066 5172 καὶ⁵
1097 5120 1159 5172 τὸ
1195 5119 1422 5190 Πνεῦμα
1453 5124 1514 5174 16
1551 5121 1706 5191 ἅγιον
1741 5125 1807 5176 ὲκ
1839 5120 1935 5176 τοῦ

364 5207 574 5278 Πατρὸς
603 5209 980 5279 ἐκπορεύεται.

433 5299 497 5352 Τ.
524 5295 668 5370 ’Λρα
694 5304 953 5370 χωρείται
979 5303 1006 5354 6
1037 5301 1167 5366 Θεὸς
1196 5305 1254 5358 ὲν
1282 5304 1362 5356 ἐνὶ
1392 5303 1544 5374 τόπῳ
1572 5304 1603 5374 ἢ
1635 5303 1696 5358 οῦ
1720 5323 1733 5370 ;

431 5391 503 5444 Il.
540 5392 641 5453 Θὲς
671 5393 764 5444 τὸν
800 5394 925 5446 νοῦν
957 5410 1052 5446 σου
1087 5395 1182 5447 καὶ
1215 5395 1439 5463 νόησον,
1477 5396 1559 5448 ὅτι
1593 5397 1621 5448 6
1654 5397 1783 5460 Θεὸς
1821 5398 1936 5466 φῶς

360 5484 530 5548 ἐστιν,
559 5482 868 5553 ἀθεώρητος
901 5487 996 5540 καὶ
1025 5488 1331 5557 ἁχώρητος,
1364 5485 1488 5540 οὔτε
1520 5483 1614 5542 οὖν
1642 5489 1936 5558 θεωρεῖται

360 5579 388 5628 6
417 5575 548 5638 Θεὸς
571 5612 587 5638 ,
617 5573 738 5629 οὔτε
769 5579 1030 5646 χωριίται
1058 5579 1137 5642 είς
1170 5579 1229 5632 τὸ
1262 5580 1373 5632 πᾶν
1393 5619 1408 5644 ,
1441 5581 1576 5633 ὅπου
1610 5580 1796 5650 μέλλει
1827 5599 1938 5650 χω-

365 5669 476 5736 ρεῖν
507 5669 600 5720 καὶ
630 5669 908 5722 κατοικεῖν
931 5687 947 5704 ο
979 5669 1121 5723 ὥστε
1150 5671 1344 5740 δῆλον,
1377 5673 1463 5725 ὅτι
1492 5672 1554 5724 οὺ
1586 5675 1846 5744 χωρεῖται
1878 5677 1937 5726 ἐν

361 5759 441 5811 ἑνὶ
465 5761 636 5829 τόπῳ,
661 5758 796 5813 ἀλλὰ
822 5762 983 5814 παντὶ
1010 5762 1102 5814 καὶ
1130 5762 1407 5834 πανταχοῦ
1436 5764 1703 5833 πάρεστιν
1729 5766 1756 5816 6
1781 5764 1933 5828 Θεός.

363 5850 546 5902 Πάντα
573 5850 812 5920 ἤκουσας
831 5852 1070 5922 περὶτῆς
1097 5853 1257 5920 ἁγίας
1286 5854 1540 5924 Τριάόος,
1569 5855 1651 5908 ὅτι
1684 5855 1741 5908 ἓν
1772 5856 1940 5927 πρόσ-

360 5956 508 5995 ωπον
530 5944 558 5996 6
590 5943 774 6010 Πατὴρ
833 5944 928 5996 καὶ
952 5944 1010 5995 τὸ
1036 5945 1120 5996 ἕτε
1133 5962 1222 6012 ρον
1248 5947 1472 6015 λέγεται
1503 5948 1728 6020 Πνεῦμα
1755 5951 1934 6019 ἅγιον,

682 6043 940 6100 ΡΑτιιοι..
994 6043 1116 6100 Gtt.
1145 6041 1323 6104 CLX.

2041 4739 2244 4795 Patre?

2113 4835 2172 4888 P.
2219 4836 2564 4908 Interrogare
2590 4841 2656 4895 de
2693 4843 2793 4897 hoc
2826 4844 3053 4901 minime
3087 4855 3139 4902 te
3179 4848 3357 4917 decet,
3396 4869 3504 4906 non
3540 4867 3626 4909 est

2041 4927 2495 4997 iiiteipretabile;
2528 4943 2771 4990 attamen
2807 4936 3031 4995 addisce
3063 4956 3250 5009 quaeso
3280 4945 3347 4998 de
3378 4946 3479 5000 liae
3513 4963 3569 5001 re
3609 4968 3620 5002 :

2039 5023 2502 5090 quemadmodum
2551 5028 2784 5096 spiratio
2834 5031 3073 5088 hominis
3101 5036 3352 5104 procedit
3397 5039 3465 5093 ab
3507 5016 3625 5093 ani-

2042 5127 2149 5180 ma,
2176 5114 2251 5169 ita
2275 5122 2330 5170 et
2357 5115 2594 5184 Spiritus
2621 5131 2846 5176 sanctus
2875 5127 3124 5193 procedit
3156 5142 3185 5180 a
3208 5125 3394 5184 Patre.

2112 5295 2173 5350 Ἰ.
2209 5295 2402 5352 Utrum
2433 5298 2555 5354 loco
2591 5304 2806 5371 capitur
2839 5303 2982 5360 Deus
3011 5322 3078 5359 an
3102 5322 3214 5363 non
3241 5310 3264 5361 ?

2112 5389 2176 5444 Ρ.
2231 5393 2618 5448 Animadverte
2663 5407 2716 5451 et
2769 5396 3050 5469 intelliges
3107 5401 3425 5472 diligenter,
3480 5408 3624 5476 quod

2040 5482 2184 5537 Deus
2219 5484 2403 5538 lumen
2437 5499 2520 5541 est
2562 5487 2839 5542 invisibile
2868 5499 2922 5543 et
2956 5489 3081 5545 loco
3111 5508 3217 5546 non
3243 5497 3573 5564 receptabile
3604 5517 3619 5566 ;

2040 5591 2218 5646 neque
2262 5578 2430 5647 igitur
2481 5581 2749 5648 aspicitur
2797 5580 2958 5646 Deus,
3015 5599 3194 5654 neque
3236 5589 3530 5656 respicitur
3571 5594 3622 5645 in

2041 5677 2178 5733 toto,
2225 5669 2315 5723 ubi
2360 5671 2710 5726 habitaturus
2736 5682 2790 5727 et
2822 5683 3243 5744 receptatnrus;
3277 5677 3465 5748 itaque
3508 5684 3625 5737 eia-

2040 5775 2161 5817 rum
2209 5763 2675 5834 manifestumque
2721 5774 2829 5831 est,
2879 5771 3030 5836 quod
3083 5787 3190 5824 non
3247 5775 3517 5843 recipitur
3569 5779 3624 5830 in

2041 5871 2150 5910 uno
2183 5856 2325 5920 loco,
2357 5855 2454 5911 sed
2488 5859 2540 5911 in
2577 5867 2692 5914 toto
2727 5867 2778 5913 et
2819 5860 3020 5930 ubique
3045 5863 3198 5918 adest
3240 5864 3403 5920 Deus.
3444 5867 3624 5922 Etiam

2039 5949 2300 6007 audivisti
2366 5949 2431 6006 de
2464 5964 2656 6009 sancta
2698 5953 2985 6024 Trinitate,
3019 5957 3165 6012 auod
3220 5973 3328 6013 una
3382 5975 3622 6031 persona

3197 6052 3262 6115 11
