4102 6416
467 435 568 501 331

1576 423 1965 487 GENNADII
2002 423 2109 486 (ΣΡ.
2158 425 2677 487 ΡΑΤΠΙΑΒΟΗΑΞ

3624 420 3744 484 332

471 561 555 607 est
582 549 765 615 Pater,
797 546 969 602 altera
990 558 1120 599 vero
1144 541 1391 613 Spiritus
1420 548 1668 602 sanctus,
1703 548 1756 593 et
1801 537 1906 590 alia
1966 534 2052 587 Fi-

2189 539 2255 610 ;α“ι
2288 538 2348 590 τὸ
2381 539 2544 591 ἄλλον
2574 541 2633 592 τὸ
2671 538 2963 608 πρόσωπον
2997 537 3218 604 λέγεττι
3249 537 3375 598 Υἱὸς
3414 537 3513 589 καὶ
3547 532 3748 604 Λόγος,

471 643 577 696 lius
605 650 659 696 et
697 639 957 694 Verbum.
986 636 1126 691 Ecce
1160 635 1329 704 igitur
1359 632 1527 695 scias,
1559 630 1702 700 quod
1760 629 1850 681 hic
1886 625 2057 679 Filius

475 733 704 788 indutus
737 743 818 786 est
853 743 1020 783 carne
1050 727 1290 780 humana
1313 733 1368 778 et
1391 721 1694 776 ambulavit
1725 720 1778 772 in
1812 729 1976 778 terra.
2010 725 2064 771 et

475 832 663 896 postea
681 837 843 888 quam
861 821 1272 874 induitcarnem
1299 826 1351 870 et
1371 814 1670 869 ambulavit
1694 813 1749 866 in
1769 821 1912 865 terra
1937 827 2060 864 cum

473 933 660 980 carne,
695 914 1010 969 nominatus
1033 923 1118 966 est
1157 909 1321 964 Jesns
1353 919 1406 962 et
1442 907 1748 975 appellatus
1783 904 2061 958 Christus.

475 1008 908 1080 IgiturChi-istus
942 1005 1181 1057 Filiuset
1211 1001 1446 1056 Verbum
1480 999 1572 1054 Dei
1605 1007 1690 1052 est
1721 998 2065 1078 incarnatus,

479 1105 685 1159 habens
718 1101 949 1155 formant
985 1098 1248 1151 hominis.

551 1285 616 1339 T.
645 1283 762 1349 Qua
792 1280 1116 1336 necessitate
1147 1277 1344 1330 ductus
1369 1273 1538 1328 Filius
1566 1281 1622 1326 et
1681 1267 1920 1325 Verbum
1974 1267 2068 1322 Dei

481 1381 799 1435 incarnatus
830 1383 934 1436 est,
965 1381 1021 1425 ut
1052 1369 1363 1424 ambularet
1404 1379 1464 1420 ut
1496 1368 1659 1420 homo
1717 1365 1772 1416 in
1824 1360 2072 1414 mundo?

552 1563 616 1616 P.
667 1557 936 1625 Quoniam
985 1549 1358 1619 interrogasti,
1415 1561 1520 1616 qua
1560 1561 1727 1600 causa
1786 1545 1929 1598 Dens
1994 1543 2074 1594 in-

485 1663 745 1712 carnatus
769 1658 876 1714 est,
913 1646 1038 1700 audi
1075 1657 1322 1698 causam.
1374 1639 1519 1695 Dens
1547 1638 1693 1691 nulla
1727 1651 1784 1690 re
1819 1634 2070 1704 indigens

486 1751 804 1803 incarnatus
828 1749 912 1795 est
938 1757 954 1806 ;
976 1738 1068 1792 sed
1097 1737 1337 1790 humana
1358 1741 1556 1786 natura
1585 1729 1873 1798 indigebat
1899 1724 2077 1780 medi-

487 1840 719 1896 camine.
755 1835 1053 1901 Postquam
1087 1829 1230 1882 enim
1271 1825 1412 1878 Deus
1443 1822 1570 1877 fecit
1607 1823 1808 1874 malum
1851 1827 1904 1872 et
1956 1827 2070 1871 ter-

491 1949 604 1988 ram
643 1913 698 1983 et
749 1926 929 1980 omnia
959 1938 1080 1991 quae
1111 1927 1239 1974 sunt
1266 1918 1320 1970 in
1359 1916 1460 1978 eis,
1489 1923 1542 1968 et
1569 1911 1775 1966 ereavit
1800 1909 2073 1964 hominem

488 2034 543 2080 et
582 2021 766 2093 posuit
794 2033 916 2071 eum
947 2017 1000 2068 in
1057 2011 1238 2066 medio
1293 2006 1556 2078 paradisi,
1618 2004 1897 2058 ordinavit
1940 2016 2070 2093 eum

493 2092 762 2185 imperare
799 2109 1054 2163 omnibus
1091 2103 1314 2163 creatis,
1352 2108 1405 2153 et
1433 2097 1680 2150 habitare
1710 2098 1761 2147 in
1819 2092 2078 2163 paradiso

493 2184 750 2276 tanquam
788 2201 930 2258 Deus
961 2215 978 2266 ;
1013 2197 1285 2267 aspiciens
1315 2207 1439 2246 eum
1459 2189 1711 2244 diabolus
1746 2185 1942 2240 invidit
1999 2184 2083 2238 dr-

495 2301 690 2376 guitati
725 2295 962 2354 hominis
989 2287 1376 2356 consuluitque
1415 2281 1664 2372 ‘hoinini,
1714 2297 1823 2334 non
1889 2293 2081 2347 parcre

496 2372 768 2450 mandatis
801 2388 918 2441 Dei.
955 2383 1130 2436 llomo
1157 2387 1335 2432 autem
1388 2389 1512 2428 cum
1546 2381 1695 2426 esset
1755 2372 2076 2438 inexpertus

500 2483 790 2559 pravitatis
817 2476 1040 2537 diaboli,
1073 2472 1254 2543 paruit
1273 2466 1508 2524 consilio
1544 2463 1772 2529 diaboli,
1805 2478 1916 2516 non
1955 2461 2082 2559 obe-

498 2555 655 2633 diens
694 2574 826 2636 Deo,
859 2579 912 2624 et
945 2576 1074 2622 tunc
1115 2563 1328 2631 accepit
1362 2561 1530 2614 homo
1567 2565 1800 2610 mortem
1848 2555 2080 2624 peccati,

499 2682 555 2726 et
579 2668 834 2724 similiter
857 2675 1048 2717 omnes
1071 2658 1164 2727 qui
1189 2657 1255 2709 ah
1283 2653 1501 2707 homine
1524 2649 1617 2703 illo
1641 2654 1770 2702 sunt
1794 2647 1930 2709 nati,
1959 2646 2084 2713 quia

501 2765 835 2829 acceperunt
855 2760 1140 2824 peccatum
1169 2762 1198 2798 a
1223 2741 1561 2814 parentibus,
1591 2752 1639 2793 et
1665 2741 1922 2792 tenebant
1947 2735 2087 2787 hanc

507 2827 766 2916 inertem,
793 2857 848 2902 et
885 2842 1274 2899 dominabatur
1309 2837 1365 2889 in
1403 2836 1482 2890 eis
1518 2842 1828 2898 peccatum.
1867 2827 1932 2881 Et
1965 2841 2087 2897 pro-

508 2931 626 3017 pter
658 2941 936 2998 hominem
974 2933 1124 2989 misit
1147 2934 1288 2986 Deus
1342 2927 1658 2997 prophetas,
1719 2924 1976 2977 doctores
2029 2919 2083 2974 in

509 3036 796 3098 mundum,
830 3038 890 3083 ut
919 3028 1182 3098 docerent
1214 3021 1482 3084 homines,
1514 3025 1574 3070 ut
1609 3030 1640 3068 a
1674 3026 1900 3084 peccato
1959 3027 2088 3067 con-

506 3097 1014 3181 verterentur.Non
1053 3119 1348 3184 potuerunt
1376 3123 1526 3168 .vcro
1591 3107 1865 3176 propheta:
1917 3105 2089 3159 corri-

2181 629 2311 682 Ἰδοῦ
2352 629 2538 682 λοιπὸν
2578 631 2848 697 γίνωσκε.
2889 630 2973 683 ότι
3010 622 3164 692 οὗτος
3207 631 3235 682 6
3278 627 3401 689 Υἱὸς
3440 629 3536 682 καὶ
3573 629 3751 698 Λόγος

2166 720 2392 790 ἐνεδόθη
2429 721 2611 790 σάρκα
2643 721 2988 789 ἀνθρώπινον
3023 723 3114 774 καὶ
3150 720 3564 790 περιεπάτησεν
3597 724 3651 772 ἐν
3683 723 3752 789 τῇ

2168 817 2271 884 τῇν
2298 817 2393 868 καὶ
2423 815 2564 884 μετά
2591 816 2651 866 τδ
2684 816 2920 883 φορῆσαι
2951 815 3050 882 τὴν
3083 816 3296 883 σάρκα,
3329 813 3423 866 και
3454 815 3512 866 ἐν
3543 813 3619 882 τῷ
3651 831 3753 865 πε-

2171 911 2418 978 ριπατεῖν
2446 909 2612 961 αὐτὸν
2640 911 2696 960 ὲν
2726 911 2790 976 τῇ
2823 912 2894 977 γῇ
2929 908 3066 978 μετὰ
3095 908 3299 976 σαρκὸς
3327 905 3625 975 ὠνομάσθη
3658 908 3757 958 καὶ

2169 1001 2416 1053 ἐκαλεῖτο
2450 1001 2720 1071 Χριστός·
2760 1003 2851 1053 καὶ
2887 1001 3075 1052 λοιπὸν
3108 1003 3136 1053 ό
3173 1000 3409 1069 Χριστὸς
3442 1000 3470 1050 ό
3497 997 3625 1061 Υἱὸς
3662 1002 3758 1050 καὶ

2169 1091 2344 1157 Λόγος
2379 1090 2475 1143 τοῦ
2511 1092 2645 1144 Θεοῦ
2686 1095 2803 1144 ἐστι
2828 1095 3252 1161 σεσαρκωμένος
3288 1091 3428 1161 ἔχων
3463 1091 3755 1162 ἀνθρώπου

2173 1185 2410 1252 μορφήνο
3483 1183 3488 1189 ’

2243 1275 2308 1327 Τ.
2353 1276 2461 1327 Καὶ
2487 1275 2539 1328 τί
2572 1275 2762 1346 χρείαν
2789 1270 2934 1345 εἶχεν
2960 1275 2988 1326 6
3017 1274 3143 1336 Υἱὸς
3174 1277 3270 1326 καὶ
3299 1275 3472 1341 Λόγος
3497 1273 3591 1328 τοῦ
3621 1275 3761 1327 Θεοῦ

2174 1367 2262 1418 ἵνα
2306 1366 2592 1436 σαρκωθῇ,
2637 1367 2734 1420 καὶ
2773 1367 2846 1427 ὼς
2889 1365 3182 1436 ἄνθρωπος
3218 1369 3544 1436 περιπατεῖν
3582 1369 3641 1420 ὲν
3681 1370 3762 1440 τῷ

2173 1459 2402 1527 κόσμιρ;

2248 1551 2318 1607 [Ι.
2358 1551 2578 1622 Ἐπειδὴ
2617 1553 2914 1622 ἠρώτησας
2963 1555 3178 1622 μαθεῖν,
3221 1554 3274 1605 τί
3323 1554 3516 1624 ἦθελεν
3557 1555 3584 1605 6
3629 1552 3768 1613 Θεὸς

2176 1647 2270 1698 καὶ
2304 1644 2638 1714 ὲσαρκοῦτο,
2675 1645 2907 1699 ἄκουσον
2943 1647 3036 1700 τὸν
3068 1645 3297 1715 τρόπον.,
3329 1645 3465 1708 Θεὸς
3498 1645 3765 1710 οὐδεμίαν

2176 1736 2368 1806 χρεὲαν
2399 1731 2512 1806 εἶχε
2550 1737 2942 1807 σαρκωθῆναι,
2977 1739 3150 1808 ἀλλ’ἢ
3187 1739 3550 1806 ἁνθρωπότης
3585 1738 3768 1789 ἐδέετο

2183 1829 2448 1898 ἰατρείας.
2487 1829 2713 1900 Ἐπειδὴ
2747 1830 2857 1899 γάρ
2893 1830 3153 1900 ἐποίησεν
3182 1833 3210 1883 6
3245 1830 3376 1893 Θεὸς
3410 1830 3500 1881 τὸν
3530 1829 3765 1898 οὐρανὸν

2184 1923 2278 1976 καὶ
2308 1923 2405 1991 τὴν
2433 1922 2538 1990 γῆν
2568 1925 2660 1975 καὶ
2691 1923 2870 1976 πάντα
2897 1923 2966 1975 τά
2994 1924 3052 1975 ὲν
3083 1924 3286 1988 αὐτοῖς,
3319 1927 3415 1976 και
3445 1923 3646 1976 ἔπλασε
3676 1924 3770 1976 τὸν

2181 2013 2467 2084 άιθρωπον
2499 2016 2588 2067 καὶ
2619 2016 2814 2084 ἔθηκεν
2843 2017 3005 2068 αὐτὸν
3033 2017 3089 2072 ἓν
3122 2016 3272 2086 μέσῳ
3298 2015 3390 2067 τοῦ
3411 2017 3770 2086 παραδείσου,

2183 2107 2275 2160 καὶ
2309 2106 2500 2170 ἔταξεν
2531 2107 2695 2160 αὑτὸν
2730 2108 3039 2176 βασιλεύειν
3072 2111 3148 2170 είς
3182 2110 3360 2161 πάντα
3387 2110 3456 2162 τά
3487 2108 3770 2177 κτίσματα

2183 2198 2277 2251 καὶ
2309 2202 2583 2251 κατοικεῖν
2613 2201 2669 2252 ὲν
2699 2201 2780 2268 τῷ
2809 2202 3125 2272 παραδείσῳ
3155 2202 3226 2263 ὡς
3260 2202 3394 2255 Θεόν
3416 2217 3434 2234 ο
3467 2200 3622 2263 εἰδὼς
3651 2201 3777 2252 τοῦ-

2183 2308 2274 2343 τον
2317 2292 2346 2344 6
2385 2291 2630 2355 διάϐολος
2675 2293 2952 2364 φθονήσας
2997 2294 3095 2364 τὴν
3139 2294 3232 2346 τοῦ
3276 2293 3568 2363 ἀνθρώπου
3612 2293 3776 2359 ἀξίαν

2186 2383 2608 2436 συνεϐούλευσεν
2651 2385 2798 2454 αὐτῷ
2843 2387 2920 2455 τῷ
2971 2385 3244 2456 ἀνθρώπῳ
3293 2385 3645 2455 παρακοῦσαι
3692 2384 3775 2452 τῷ

2185 2476 2324 2542 Θεῷ.
2356 2476 2414 2528 Ὀ
2436 2476 2492 2528 δὲ
2518 2477 2825 2547 ἄνθρωπος,
2851 2479 2926 2548 μὴ
2955 2478 3091 2548 ἔχων
3120 2483 3314 2550 πεῖραν
3330 2480 3426 2548 τῆς
3457 2479 3653 2540 κακίας
3678 2476 3776 2529 τοῦ

2186 2568 2454 2638 πονηροῦ,
2483 2569 2687 2638 ἢκουσε
2735 2571 2837 2639 τῆς
2886 2571 3200 2640 συμϐουλῆς
3243 2573 3337 2625 τοῦ
3384 2573 3632 2626 διαϐόλου
3681 2571 3776 2623 καὶ

2189 2661 2509 2730 παρήκουσε
2537 2659 2632 2716 τοῦ
2665 2661 2826 2716 Θεοῦ.
2856 2663 2966 2714 Καὶ
2997 2665 3060 2716 ἐκ
3090 2665 3212 2717 τότε
3242 2665 3459 2729 ἐδέξατο
3491 2665 3583 2719 τὸν
3614 2666 3781 2721 θάνα-

2186 2772 2278 2808 τον
2300 2756 2398 2825 τῆς
2428 2756 2703 2826 ἁμαρτίας
2724 2773 2738 2788 ο
2767 2757 2968 2825 ὁμοίως
2997 2760 3090 2810 καὶ
3119 2759 3416 2822 ὲξ,ὲκείνου
3441 2759 3538 2814 τοῦ
3565 2762 3778 2831 ἀνθρώ-

2189 2864 2294 2899 που
2311 2849 2596 2915 γενόμενοι
2613 2848 2708 2902 άνθ
2719 2866 2887 2918 ρωποι
2905 2851 2981 2909 ὡς
2997 2851 3060 2902 ἐκ
3081 2851 3362 2920 προγόνων
3379 2853 3477 2922 τὴν
3496 2854 3778 2924 ἁμαρτίαν

2189 2940 2446 3003 λαϐόντες
2485 2941 2797 3010 ἐκράτησαν
2835 2942 3041 3012 ταύτην
3077 2943 3173 2996 καὶ⁸
3211 2945 3392 3012 ἴσχυεν
3431 2947 3462 3014 ἠ
3499 2947 3773 3016 ἁμαρτία.

2190 3034 2289 3087 Διά
2328 3034 2419 3087 τὸν
2460 3033 2743 3104 ἄνθρωπον
2785 3035 3029 3105 ἔπεμψεν
3067 3038 3094 3089 6
3138 3036 3272 3100 Θεὸς
3315 3039 3440 3100 τοὺς
3488 3040 3779 3110 προφήτας

2191 3125 2542 3188 διδασκάλους
2583 3128 2664 3189 είς
2698 3127 2790 3179 τὸν
2823 3129 3031 3195 κόσμον
3053 3171 3067 3194 ,
3109 3129 3196 3181 ἵνα
3229 3129 3488 3194 διδάξωσι
3523 3134 3650 3194 τοὺς
3682 3135 3782 3185 ἁνι-

511 3238 642 3291 gure
669 3232 785 3282 eos,
825 3223 880 3267 et
926 3221 1206 3280 prOpterea
1244 3203 1370 3256 talia
1439 3216 1628 3257 secum
1695 3199 1832 3252 dixit
1891 3196 2036 3253 Deus
2070 3212 2083 3248 :

2195 3217 2449 3287 θρώπους
2495 3221 2590 3272 καὶ
2643 3220 2962 3291 στραφῶσιν
3013 3223 3120 3274 ἀπὸ
3168 3225 3266 3291 τῆς
3323 3222 3619 3291 ἁμαρτίας.
3669 3226 3785 3279 Οὐκ

511 3287 847 3365 Descendam
881 3311 936 3357 et
977 3300 1195 3354 induam
1231 3310 1315 3350 tne
1355 3307 1522 3348 carne
1561 3301 1616 3346 et
1657 3291 1782 3344 [iam
1824 3291 1875 3344 in
1911 3287 2087 3341 forma

511 3397 751 3454 hominis
797 3404 854 3448 et
893 3389 1101 3445 doctlbo
1155 3394 1463 3440 creaturam
1515 3397 1716 3446 meam,
1767 3389 1823 3433 ut
1869 3392 2092 3432 conver-

514 3501 662 3547 tatur
700 3504 732 3542 a
766 3485 996 3541 consilio
1029 3479 1254 3544 diaboli,
1317 3485 1372 3530 et
1413 3477 1516 3530 erit
1549 3475 1729 3528 omnis
1766 3473 1929 3525 homo
1972 3480 2095 3524 tan-

512 3598 676 3654 quam
713 3579 855 3633 Deus
885 3591 994 3629 non
1032 3571 1337 3629 secundum
1368 3578 1639 3631 naturam,
1666 3565 1757 3618 sed
1790 3563 2091 3618 secundum

515 3673 1014 3746 participationem.
1050 3667 1112 3718 Et
1150 3665 1252 3718 hoc
1307 3662 1480 3715 voluit
1537 3659 1683 3713 Deus
1735 3656 1895 3710 Pater
1952 3655 2094 3708 bona

517 3769 797 3822 voluntate
830 3772 882 3816 et
902 3758 1297 3828 eooperatione
1329 3752 1574 3823 Spiritus
1622 3750 1800 3806 sancti
1831 3747 2098 3800 :descen-

516 3862 596 3915 dit
626 3858 792 3913 Filius
819 3863 909 3908 aut
935 3849 1173 3907 Verbum
1201 3848 1314 3915 Dei,
1341 3856 1394 3900 et
1423 3847 1706 3916 ingressus
1765 3849 1850 3895 est
1903 3854 2093 3908 puram

518 3967 573 4010 et
601 3950 1010 4007 immaculatam
1047 3943 1343 4012 Virginem,
1369 3947 1424 3994 et
1453 3937 1699 4006 suscepit
1752 3947 1999 3999 carnem,
2046 3940 2101 3986 et

521 4045 886 4104 homofactus
914 4047 1024 4104 est,
1058 4047 1110 4092 et
1137 4045 1327 4106 postea
1362 4049 1427 4086 ex
1463 4041 1620 4086 utero
1654 4028 1892 4098 Virginis
1921 4041 2104 4094 egres-

516 4154 611 4194 sus
641 4141 1005 4191 conversatus
1033 4136 1118 4182 est
1156 4127 1211 4181 in
1241 4127 1452 4178 mundo
1485 4136 1609 4176 cum
1674 4118 1989 4173 hominibus
2043 4122 2102 4170 ut

521 4231 706 4296 homo,
742 4236 797 4281 et
827 4225 1144 4279 nominatus
1171 4230 1251 4272 est
1274 4217 1546 4280 Christus,
1583 4216 1673 4283 qui
1697 4214 1883 4266 docuit
1925 4211 2104 4264 humi-

522 4338 617 4376 nes
652 4324 792 4374 viam
827 4315 1090 4370 veritatis.
1123 4313 1225 4365 iste
1255 4320 1340 4367 est
1387 4307 1640 4363 Christus
1668 4306 1845 4360 Filius
1872 4316 1925 4359 et
1973 4303 2105 4359 Ver-

522 4417 648 4466 bum
686 4409 800 4474 Dei,
842 4421 1066 4461 sumens
1093 4415 1335 4466 carnem,
1372 4397 1461 4452 cui
1511 4396 1768 4450 convenit
1821 4394 1993 4465 gloria
2049 4401 2105 4447 et

523 4503 646 4556 laus
686 4501 739 4553 in
766 4497 963 4552 sa-cula
996 4493 1342 4549 saculorum.
1373 4490 1570 4542 Anien.

2195 3309 2532 3379 ἐδυνήθησαν
2565 3310 2622 3363 δὲ
2658 3311 2707 3364 oi
2744 3313 3028 3380 προφῆται
3060 3313 3154 3365 τοῦ
3193 3314 3507 3382 διορθῶσαι.
3547 3317 3657 3368 Καὶ
3691 3316 3782 3370 διὰ

2195 3401 2353 3454 τοῦτο
2383 3397 2535 3453 εἶπεν
2564 3403 2592 3453 ό
2621 3401 2752 3464 Θεὸς
2785 3404 2842 3456 ὲν
2871 3403 3050 3472 ἑαυτῷ
3073 3418 3086 3431 °
3120 3403 3528 3472 Καταϐήσομαι
3563 3406 3659 3458 καὶ
3693 3423 3790 3474 φο-

2201 3493 2344 3561 ρέσω
2379 3493 2579 3561 σάρκα,
2615 3493 2710 3546 καὶ
2743 3495 3046 3564 γενήσομαι
3067 3495 3545 3565 ἀνθρωπόμορφος
3580 3497 3672 3549 καὶ
3707 3495 3790 3550 δι-

2198 3583 2343 3648 δάξω
2369 3585 2429 3634 τὸ
2458 3582 2685 3650 πλάσμα
2719 3602 2844 3654 μου,
2873 3588 2970 3639 καὶ
3000 3589 3405 3658 στραφήσονται
3435 3589 3542 3641 ἀπὸ
3567 3590 3667 3658 τῆς
3693 3589 3788 3641 τοῦ

2199 3675 2449 3729 διαϐόλου
2497 3677 2830 3747 συμϐουλῆς,
2879 3679 2971 3732 καὶ
3022 3681 3178 3735 ἔσται
3233 3683 3340 3744 πᾶς
3381 3680 3669 3752 ἄνθρωπος
3713 3683 3794 3746 ὡς

2201 3767 2354 3834 Θεὸς,
2389 3769 2483 3821 καὶ
2511 3770 2573 3821 οὐ
2604 3771 2745 3824 κατὰ
2775 3772 2874 3842 τὴν
2906 3770 3090 3840 φύσιν,
3125 3773 3262 3826 ἀλλὰ
3300 3775 3442 3827 κατά
3468 3786 3593 3826 τινα
3631 3790 3795 3843 μετορ-

2203 3863 2328 3931 χήν.
2367 3863 2476 3915 Καὶ
2511 3860 2671 3914 τοῦτο
2707 3862 2997 3933 βουληθεὶς
3031 3867 3060 3918 6
3095 3866 3230 3927 Θεὸς
3267 3865 3487 3934 εὐδοκία
3523 3863 3616 3917 τοῦ
3653 3865 3796 3918 Θεοῦ

2204 3953 2300 4006 καὶ
2319 3953 2530 4020 Πατρὸς
2558 3955 2652 4006 καὶ
2679 3956 2975 4027 συνεργείᾳ
2995 3955 3089 4007 τοῦ
3118 3957 3272 4024 ἁγίου
3298 3957 3637 4026 Πνεύματος,
3667 3975 3800 4026 συγ-

2205 4044 2411 4112 κατέϐη
2443 4046 2472 4098 ό
2506 4044 2633 4109 Υἱὸς
2668 4048 2759 4100 καὶ
2796 4047 2967 4114 Λόγος
3001 4048 3094 4100 τοῦ
3131 4049 3268 4102 Θεοῦ
3303 4051 3395 4103 καὶ
3432 4050 3686 4121 είσῆλθεν
3714 4052 3798 4113 είς

2207 4137 2456 4207 καθαρὰν
2493 4140 2587 4191 καὶ
2623 4138 2784 4206 ἁγίαν
2822 4140 3093 4210 παρθένον
3128 4141 3321 4212 ἁγνὴν,
3359 4144 3455 4196 καὶ
3492 4143 3802 4214 προσλαϐό-

2212 4244 2372 4297 μενος
2405 4228 2582 4296 σάρκα
2611 4229 3057 4299 ὲνανθρώπησεν.
3090 4231 3202 4283 Καὶ
3231 4232 3392 4286 πάλιν
3420 4234 3483 4285 ἐκ
3509 4233 3610 4302 τῆς
3643 4232 3797 4303 Παρ-

2210 4317 2364 4370 θένου
2399 4319 2632 4383 ἐξελθὼν
2665 4322 3072 4393 περιεπάτησεν
3101 4325 3157 4376 ὲν
3184 4323 3261 4394 τῷ
3292 4325 3482 4394 κόσμῳ
3514 4327 3654 4396 μετὰ
3682 4326 3798 4377 τῶν

2208 4409 2543 4479 ἀνθρώπων.
2582 4414 2689 4465 Καὶ
2726 4415 2847 4467 τότε
2885 4403 3183 4485 ὠνομάσθη
3220 4417 3457 4486 Χριστὸς
3493 4419 3587 4470 καὶ
3621 4417 3798 4470 ἐδίδαο

2212 4497 2302 4563 ξεν
2330 4498 2456 4563 τοὺς
2486 4501 2938 4575 ἁνθρὼπουςπὴν
2968 4505 3086 4558 ὁδὸν
3116 4508 3214 4577 τῆς
3244 4509 3502 4578 ἀληθείας
3526 4523 3543 4539 ⁸
3579 4509 3672 4562 καὶ
3701 4509 3802 4562 οὖ-

523 4611 613 4657 τος
643 4594 670 4645 6
700 4592 935 4664 Χριστὸς
967 4591 995 4640 6
1025 4586 1153 4648 Υἱὸς
1184 4587 1277 4638 καὶ
1305 4585 1476 4652 Λόγος
1503 4579 1596 4633 τοῦ
1628 4579 1765 4633 Θεοῦ
1799 4582 1979 4652 σάρκα
2044 4589 2230 4661 φορῶν
2255 4607 2270 4622 .
2341 4594 2490 4666 αὐτῷ
2563 4599 2596 4665 ὴ
2644 4596 2773 4663 δόξα
2853 4602 2934 4663 εἰς
2977 4601 3105 4664 τοὺς
3155 4600 3359 4666 αἰῶνας
3406 4603 3516 4657 τῶν
3558 4604 3798 4658 αἰώνων.

539 4689 600 4744 Ἀ
607 4708 641 4759 ξ).
649 4691 680 4757 ἡ
687 4708 712 4738 ν
720 4728 736 4740 .
