4102 6430
406 397 512 460 3Ἷ9
1487 400 1866 461 GENNADil
1909 399 1977 457 CI

2085 399 2576 462 ’ATRlARClL’E
3563 397 3670 458 310

405 509 701 562 voluntatis
733 519 786 564 et
825 509 1114 567 charitatis
1161 527 1293 580 suae,
1329 513 1636 583 providere,
1693 513 1977 583 gubernan

2102 513 2326 580 κόσμον,
2354 515 2449 566 καὶ
2481 512 2568 564 διὰ
2602 511 2695 564 τοῦ
2732 509 3049 580 Πνεύματος
3101 509 3202 578 τῆς
3239 509 3450 580 ἀγαθῆς
3502 509 3668 574 θελή-

404 613 704 656 ctmnverc
757 620 976 658 omnem
1033 613 1280 660 naturam
1335 621 1492 661 suam
1541 607 1594 660 in
1645 607 1866 670 mundo,
1921 607 1977 660 ad

2099 620 2239 667 σεως
2282 604 2377 658 καὶ
2407 605 2626 674 ἀγάπης
2670 601 2857 666 αὐτοῦ,
2893 603 3208 670 προνοεῖται
3259 603 3355 656 καὶ
3407 603 3668 672 κυῦερνᾷ,

405 694 630 757 bonum,
662 710 756 762 pro
787 697 1050 766 cujusque
1078 706 1286 753 natura;
1319 699 1530 753 ordine.
1564 699 1690 754 Ideo
1717 699 1977 754 credimus

2097 697 2192 749 καὶ
2222 698 2364 748 κινεῖ
2387 697 2568 750 πᾶσαν
2601 696 2764 766 φύσιν
2799 694 2966 748 αὐτοῦ
3003 697 3061 747 ὲν
3089 693 3166 765 τῷ
3197 696 3407 763 κόσμῳ,
3440 694 3580 761 πρὸς
3608 695 3669 748 τὸ

406 784 598 852 Deum,
630 787 848 856 quando
879 789 1072 843 voluit.
1103 789 1216 843 sola
1244 789 1616 845 misericordia
1651 806 1746 846 sua
1765 806 1989 846 conver-

402 880 532 934 tisse
593 880 864 944 homines,
917 884 1237 937 abducendo
1287 897 1316 936 a
1369 885 1686 938 sedm-tione
1717 894 1771 939 ct
1803 899 1988 939 errore

403 973 728 1037 daemonum,
757 983 811 1027 et
850 973 997 1028 cultu
1033 973 1300 1029 idolorum
1333 994 1346 1030 :
1384 986 1668 1046 propterea
1698 979 1840 1046 quod
1892 993 1986 1033 ex-

401 1077 556 1135 cepta
597 1075 824 1137 angusta
853 1066 1073 1136 regione
1100 1064 1438 1134 Iudaeorum,
1473 1069 1525 1121 in
1557 1085 1662 1138 qua
1694 1086 1832 1125 unus
1855 1070 1988 1125 ado-

404 1160 627 1214 rabatur
656 1169 708 1214 et
739 1159 1064 1215 credebatur
1097 1159 1258 1224 Deus,
1292 1177 1358 1216 ex
1397 1161 1512 1230 lege
1534 1161 1715 1228 Hosis,
1746 1164 1984 1233 reliquus

401 1252 582 1305 omnis
609 1260 876 1307 terrarum
910 1243 1060 1307 orbis
1087 1253 1297 1308 colebat
1324 1253 1418 1308 Dei
1452 1264 1732 1311 creaturas
1767 1258 1984 1313 :homi—

400 1358 499 1398 nes
555 1344 682 1398 item
743 1345 944 1400 multos
978 1346 1223 1415 deos,qui
1261 1360 1366 1400 non
1400 1356 1551 1408 sunt,
1603 1364 1703 1418 pro
1739 1367 1846 1406 uno
1869 1354 1985 1408 solo

401 1450 532 1488 vero
564 1435 672 1490 Deo
698 1437 998 1491 adorabant
1041 1453 1057 1490 :
1108 1437 1356 1492 vivebant
1397 1439 1626 1508 denique
1683 1441 1982 1497 secundum

400 1541 529 1579 suas
551 1527 748 1598 singuli
771 1529 1264 1599 concupiscentias,
1285 1548 1389 1586 non
1417 1535 1713 1588 secundum
1743 1536 1980 1605 aliquam

403 1617 495 1673 Dei
533 1618 723 1688 legem.

415 1865 430 1882 χ
478 1891 725 1948 Achmat.
782 1894 915 1951 lclni
956 1899 1170 1954 catimis
1218 1914 1395 1955 sonun
1453 1903 1804 1958 unci-indetur
1855 1905 1974 1960 bari

402 1991 501 2036 nut
568 1984 746 2047 k‘lebé
792 1987 903 2042 ilmi
954 1987 1078 2043 labe
1141 1993 1391 2049 cutretile
1453 1994 1610 2048 alemi
1670 1997 1850 2066 giariti
1918 1997 1984 2052 be

399 2076 556 2128 t'llﬂlll
596 2076 726 2132 ruch
755 2079 951 2134 cutsile
975 2079 1086 2135 kim
1117 2080 1428 2150 gkentonun
1457 2086 1676 2141 achseni
1710 2087 1878 2143 ichthi
1899 2090 1982 2160 gi-

400 2168 477 2220 ari
538 2169 601 2222 he
652 2171 1052 2227 muchabetitur
1113 2175 1334 2230 anunile
1366 2176 1579 2244 techigé
1610 2179 1712 2232 iter
1740 2180 1804 2235 be
1825 2181 1979 2234 ehem

400 2259 604 2312 c’atirur
635 2260 704 2313 lie
747 2261 952 2316 techric
987 2262 1092 2316 iter
1116 2263 1253 2319 alem
1277 2264 1476 2320 itzindé
1499 2267 1721 2322 cliersec
1746 2269 1982 2326 alachilé

399 2351 891 2420 pgcndichasasiné
925 2355 1110 2426 ggioré
1148 2357 1212 2412 be
1239 2358 1380 2413 taciti
1429 2360 1631 2416 anuudi
1686 2364 1856 2417 tzocai
1886 2380 1980 2417 na-

399 2459 534 2498 urus
585 2443 696 2498 kim
753 2446 803 2501 ol
862 2446 1026 2504 {actin
1076 2448 1150 2504 kil
1215 2450 1364 2505 alaeh
1417 2451 1603 2508 taliaré
1645 2453 1783 2509 Ιιυὺό
1841 2456 1978 2509 taala

402 2537 546 2605 tilepi
599 2536 890 2607 gkentinun
936 2540 1245 2597 keamalsen
1305 2543 1562 2600 katiuden
1628 2549 1976 2615 turmegitzin

399 2631 641 2685 alemlcri
673 2632 896 2687 seitanit
939 2634 1194 2689 mainden
1244 2635 1311 2690 be
1337 2635 1432 2690 but
1481 2637 1805 2706 percslicten
1865 2639 1978 2693 zira

396 2720 504 2774 kin:
544 2722 775 2778 barinun
806 2725 1038 2794 birliligé
1063 2726 1130 2782 be
1160 2741 1431 2782 musanun
1471 2727 1713 2797 kitapiné
1738 2729 1976 2786 ecltlikat

396 2812 582 2866 iterlcr
609 2814 675 2868 be
728 2816 1070 2870 inauurlariti
1105 2833 1172 2871 an
1208 2818 1384 2873 Iartan
1433 2821 1565 2889 gairi
1602 2823 1832 2876 atemler
1864 2823 1974 2878 kim

397 2919 492 2967 ger
553 2905 864 2973 giuzunteki
911 2907 1059 2963 fariti
1118 2907 1544 2966 alaehaichtikat
1598 2912 1857 2968 itemsleri
1901 2914 1976 2968 ti-

401 2991 539 3047 helki
590 2994 932 3050 tuaclilukiné
960 2996 1259 3064 taparlariti
1293 2998 1388 3053 but
1415 3000 1520 3068 bigi
1565 3000 1613 3055 ai
1653 3001 1758 3070 bigi
1811 3003 1973 3070 gkiun

395 3083 541 3153 ιςὶίρί
562 3089 566 3091 “
591 3085 759 3140 tzoita
807 3087 958 3157 ιιιίεὲ
987 3096 1039 3142 ta
1070 3089 1314 3158 parlariti
1353 3089 1438 3145 bir
1465 3091 1792 3161 gkeritzecta
1824 3095 1974 3165 arigé

2094 789 2322 856 ἀγαθὸν,
2351 789 2492 842 κατὰ
2540 789 2639 857 την
2681 787 2840 852 τάξιν
2885 789 3124 853 ἑκάστης
3167 786 3405 856 φύσεως.
3439 788 3549 842 Καὶ
3577 788 3670 840 διὰ

2095 880 2251 934 τοῦτο
2300 881 2656 950 πιστεύομεν,
2705 881 2812 944 ὅτι,
2859 881 2948 934 ὅτε
3001 879 3267 950 ἠθέλησεν
3316 882 3345 934 ό
3389 879 3545 942 Θεὸς,
3575 880 3666 933 διά

2099 973 2268 1040 μόνην
2313 972 2414 1035 τὴν
2464 971 2838 1042 ἐλεημοσύνην
2897 971 3088 1038 αὑτοῦ,
3150 971 3478 1042 ἐπιπρέψαι
3540 971 3670 1034 τοὺς

2094 1060 2417 1129 ἀνθρώπους
2459 1061 2568 1114 ἀπὸ
2595 1060 2697 1128 τῆς
2749 1062 2958 1132 πλάνης
2983 1063 3093 1117 τῶν
3120 1063 3412 1133 δαιμόνων,
3443 1063 3536 1116 καὶ
3565 1063 3664 1132 τῆς

2093 1153 2562 1224 εἱδωλολατρεῖας’,
2602 1155 2754 1217 διότι,
2791 1155 2932 1226 πλὴν
2981 1155 3075 1210 τοῦ
3131 1156 3311 1224 ὀλίγου
3345 1158 3510 1210 τόπου
3556 1158 3666 1209 τῶν

2104 1246 2398 1311 Ἰουδαίων,
2430 1249 2486 1299 ὲν
2537 1241 2582 1314 ᾧ
2629 1251 3022 1317 προσεκυνεῖτο
3068 1249 3163 1303 καὶ
3209 1251 3530 1302 ἐπιστεύετο
3584 1246 3668 1311 εἷς

2091 1335 2244 1404 Θεὸς,
2279 1338 2343 1390 ἐκ
2391 1337 2485 1391 τοῦ
2518 1339 2686 1406 νόμου
2721 1337 2815 1391 τοῦ
2848 1339 3152 1405 Μωῦσέως,
3178 1341 3211 1407 ἡ
3257 1339 3315 1394 δὲ
3345 1341 3480 1408 ἄλλη
3515 1343 3664 1395 πᾶσα

2090 1429 2390 1500 οἰκουμένη
2443 1429 2734 1494 ἑσεϐἀζετο
2778 1432 2847 1483 τά
2891 1432 3170 1502 κτίσμ-ατα
3212 1431 3308 1485 τοῦ
3355 1432 3514 1499 Θεοῦ,
3571 1434 3666 1488 καὶ

2091 1521 2320 1586 πολλοὺς
2372 1523 2550 1587 θεοὺς,
2591 1525 2716 1585 τοὺς
2765 1523 2842 1594 μὴ
2871 1524 3053 1590 ὄντας,
3082 1523 3204 1578 ἀντὶ
3255 1523 3353 1578 τοῦ
3405 1526 3522 1587 ἑνὸς
3571 1526 3665 1580 καὶ

2093 1615 2255 1682 μόνου
2288 1614 2546 1686 ἀληθινοῦ
2573 1615 2712 1668 Θεοῦ
2739 1617 3116 1685 προσεκύνουν
3134 1633 3148 1648 ο
3173 1617 3268 1669 καὶ
3289 1616 3667 1671 ἐπολιτεύοντο

2091 1709 2233 1761 κατά
2270 1707 2368 1770 τὰς
2405 1706 2541 1769 ἰδίας
2562 1706 2784 1760 ἔκαστοι
2814 1708 3132 1785 ἐπιθυμίας,
3157 1710 3217 1765 οῦ
3246 1710 3392 1762 κατά
3413 1727 3536 1765 τινα
3567 1709 3663 1763 τοῦ

2087 1799 2224 1853 Θεοῦ
2255 1799 2440 1868 νόμον.

2169 1891 2414 1960 Ἀχμάτ.
2471 1894 2608 1962 Ἰχτι
2680 1894 2918 1963 κατιμῆς
2991 1894 3182 1948 σονοῦν
3250 1893 3662 1963 ούζεριντὲτουρ

2070 1983 2271 2052 ’μπαρὶ
2302 1985 2424 2036 νοὺτ
2456 1984 2640 2038 κιλεσὲ
2686 1985 2799 2054 np:
2826 1985 2958 2039 λαϐὲ
2984 1987 3301 2056 κουτρέτιλε
3331 1986 3495 2057 ἀλεμὶ
3539 2002 3666 2054 για-

2089 2075 2198 2144 puri.
2235 2075 2292 2145 βὲ
2339 2077 2445 2146 χὲμ
2480 2079 2612 2146 ροῡχ
2665 2079 2917 2131 κούτσιλε
2951 2079 3053 2147 κὶμ
3083 2076 3410 2146 γκεντονοῦν
3454 2078 3659 2147 ἀχσένη

2089 2167 2196 2237 ῐχθι
2257 2167 2426 2240 γιαρὴ
2495 2167 2554 2236 ps
2610 2170 3093 2240 μουχαμπετίτουρ
3153 2170 3400 2224 ἀνούνιλε
3460 2169 3661 2238 τεχηγὲ

2087 2259 2200 2328 ῑτὲρ
2235 2261 2295 2330 βὲ
2338 2260 2445 2330 χὲμ
2493 2260 2757 2332 κατιροὺρ
2784 2261 2845 2332 βὲ
2880 2263 3076 2332 τεχρὶκ
3120 2261 3234 2332 ῑτὲρ
3271 2261 3413 2332 ἀλὲμ
3466 2261 3664 2327 ῐτζιντὲ

2082 2353 2283 2422 χερσὲκ
2339 2352 2562 2422 ἁλαχιτὲ
2620 2354 3076 2425 γγεντιχασασινὲ
3132 2354 3330 2424 Γγιορὶ
3406 2354 3465 2424 βὲ
3531 2353 3664 2423 ταχὶ

2082 2443 2300 2497 ἀνούντι
2330 2445 2572 2515 τζοκακῆ
2625 2446 2891 2514 ναούρους
2934 2449 3036 2519 κὶμ
3062 2448 3122 2500 δλ
3158 2448 3351 2518 βάκτιν
3385 2447 3476 2500 κὶλ
3517 2446 3658 2516 ἀλάχ

2081 2537 2339 2606 ταμπαρὲ
2382 2537 2510 2590 κεσὲ
2543 2538 2718 2591 ταάλα
2759 2539 2944 2592 τιλεπὶ
2987 2540 3308 2608 γκεντινοῦν
3348 2539 3662 2603 κεαμάλσεν

2081 2631 2335 2683 κατιντὲνι
2353 2630 2445 2684 τὸν
2465 2632 2850 2703 τουρμέγιτζιν
2879 2633 3156 2702 ἀτεμλερῆ
3187 2633 3458 2704 σεκτάνητ
3483 2650 3655 2703 μαην-

2078 2721 2171 2775 τὲν
2218 2722 2277 2792 ps
2327 2725 2506 2791 μποὺτ
2559 2725 2935 2794 περεσληκτὲν
2985 2725 3127 2796 ζῆρα
3186 2726 3286 2796 κὶμ
3349 2725 3659 2797 μπαρινοῦν

2082 2814 2398 2884 μπιρλιλιγὲ
2432 2816 2492 2886 pa
2523 2819 2828 2883 μουσανοῦν
2859 2820 3110 2873 κιταπινὲ
3148 2820 3370 2890 ὲχτικάτ
3430 2819 3644 2888 ιτερλὲρ

2079 2905 2139 2976 ps
2164 2908 2587 2979 ὴνανουρλάριτι
2621 2911 2687 2964 ἀν
2715 2912 2921 2981 λαρτάν
2962 2914 3130 2984 γάηρι
3166 2914 3403 2983 ἀτεμλὲρ
3434 2915 3535 2983 κὶμ
3558 2928 3658 2982 γεέ

2078 3000 2447 3068 γιουξουντέκι
2487 3002 2671 3074 βάριτι
2749 3006 2926 3076 ἀλαχά
2974 3008 3184 3077 ῐχτικάτ
3230 3008 3521 3078 ῐτεμσλέρη
3578 3025 3655 3064 1".-

2080 3093 2286 3162 μπέλκι
2342 3095 2671 3165 μαχλουκινὲ
2715 3098 3082 3168 ταπαρλάριτι
3144 3101 3324 3166 μποὺτ
3360 3100 3525 3169 μπιγὶ
3586 3099 3658 3154 ἀκ

395 3177 730 3246 tapcaslariti
778 3179 973 3234 seitam
1023 3179 1347 3236 malatasiila
1395 3183 1632 3239 ueusleri
1685 3185 1977 3243 cliabasiné

2088 3187 2252 3256 μπιγὶ
2285 3188 2476 3256 γκιοῦν
2532 3188 2694 3256 γκιπὶ
2750 3190 2954 3254 τζόκτα
3019 3192 3177 3262 ἀριγὲ
3234 3195 3303 3246 τὰ
3357 3191 3657 3262 παρ).άριτι

395 3270 695 3340 ugiarlariti
723 3271 877 3328 alach
897 3274 1108 3330 emriné
1140 3274 1372 3334 imlithal
1401 3277 1516 3338 itup
1538 3291 1627 3337 mu
1660 3291 1717 3332 sa
1735 3276 1974 3348 kitapiné

394 3358 813 3420 inantuaslariti.
1943 3367 1950 3372 ’

1015 3651 1245 3709 CAPUT
1279 3655 1370 3711 Vi.

467 3742 712 3799 SCHOL.
731 3742 888 3800 Tunc
918 3745 1059 3801 Deus
1083 3752 1244 3802 talem
1277 3748 1724 3806 reformationem
1752 3753 1972 3806 humani

394 3837 614 3903 generis
643 3853 737 3905 per
761 3836 968 3906 Legum
995 3853 1197 3907 perque
1224 3849 1475 3896 sanctum
1501 3841 1763 3912 Spiritum
1801 3825 1970 3898 'suum

397 3930 546 3985 fecit.
581 3928 796 3986 Idcirco
821 3930 1005 4002 Logus
1041 3933 1134 3988 Dei
1161 3934 1337 3988 induit
1363 3934 1661 3990 humanam
1691 3943 1970 4001 naturam,

395 4031 454 4074 ut
485 4038 590 4092 qua
621 4022 787 4079 homo
811 4032 978 4092 esset,
1011 4035 1330 4082 versaretur
1352 4038 1477 4082 cum
1497 4027 1840 4095 hominibus;
1861 4043 1971 4100 qua

394 4125 572 4171 autem
610 4114 791 4187 Logus
828 4117 946 4185 Dei,
972 4128 1027 4173 et
1063 4118 1336 4189 sapientia
1389 4121 1504 4188 Dei,
1534 4123 1758 4177 doceret
1790 4122 1972 4177 homi-

394 4222 493 4264 nes
525 4209 752 4265 credere
798 4210 851 4263 in
881 4211 1031 4266 hunc
1073 4226 1241 4265 unum
1275 4219 1332 4267 et
1355 4226 1544 4267 verum
1576 4212 1770 4280 Deum,
1803 4221 1859 4269 et
1895 4215 1976 4270 vi-

394 4321 520 4360 vere
555 4307 858 4361 secundum
887 4306 1266 4378 legem,quam
1297 4307 1417 4376 ipse
1445 4307 1725 4375 dedisset;
1754 4325 1974 4375 rursus,

392 4415 498 4463 qua
528 4397 714 4464 homo,
742 4406 803 4450 ut
832 4413 1014 4452 mores
1043 4397 1327 4470 vitamque
1357 4414 1514 4454 suam
1541 4400 1852 4468 exemplum
1877 4401 1976 4456 dav-

398 4498 480 4544 ιρι
501 4491 763 4545 doctrinm
784 4505 928 4546 suae:
958 4490 1170 4560 primus
1194 4491 1338 4545 enim
1366 4491 1486 4561 ipse
1507 4492 1748 4547 servavit
1779 4494 1946 4559 legem

2085 3280 2227 3350 μπὶρ
2295 3282 2663 3352 γκεριτζέκτα
2735 3283 2898 3353 ἀριγὲ
2973 3283 3382 3355 ταπκασλόιριτι
3456 3285 3659 3356 σεητάν

2084 3371 2486 3440 μαλατασίειλα
2521 3376 2771 3445 νευσλερὶ
2801 3375 3068 3446 χαϐασινὲ
3103 3375 3486 3447 οὐγιαρλάριτι
3517 3377 3657 3446 ἀλάχ

2081 3464 2275 3533 ὲμρινὲ
2317 3465 2543 3536 ἰμτιθάλ
2595 3467 2756 3522 ἱτοὺπ
2805 3469 2984 3539 μουσά
3032 3469 3289 3523 κιταπινὲ
3328 3469 3654 3541 ῑνανμασλά-

2082 3572 2212 3626 ριτι.

2682 3646 2930 3706 κεοΑΑ.
2963 3653 3053 3721 ς’.
3574 3693 3582 3696 -

2153 3744 2354 3798 ΣΧΟΛ.
2392 3745 2526 3798 Τότε
2567 3745 2829 3816 ἐποίησεν
2869 3750 2898 3801 ό
2927 3747 3062 3812 Θεὸς
3105 3750 3205 3819 τὴν
3238 3751 3498 3820 τοιαύτην
3527 3750 3657 3805 ἀνά-

2081 3833 2283 3890 πλασιν
2314 3836 2422 3889 τῶν
2454 3837 2761 3908 ἀνθρώπων
2814 3838 2899 3892 διὰ
2945 3841 3042 3894 τοῦ
3096 3841 3291 3907 Λόγου,
3320 3842 3416 3896 καὶ
3441 3842 3532 3896 διά
3561 3845 3653 3896 τοῦ

2082 3929 2241 3994 ἁγίου
2281 3927 2602 3998 Πνεύματος
2637 3929 2826 3995 αὐτοῦ,
2863 3931 2956 3984 καὶ
2985 3931 3076 3984 διά
3103 3932 3265 3986 τοῦτο
3290 3935 3319 3986 ό
3351 3935 3522 4004 Λόγος
3554 3934 3650 4010 τῷ

2080 4018 2216 4074 Θεοῦ
2255 4019 2474 4088 ὲνεδύθη
2520 4021 2620 4093 τὴν
2675 4022 3024 4093 ἀνθρωπείαν
3068 4025 3252 4092 φύσιν,
3293 4026 3400 4091 ἵνα,
3432 4026 3509 4089 ὡς
3555 4027 3656 4097 μὲν

2079 4113 2388 4184 ἄνθρωπος,
2418 4115 2670 4184 ὁμιλήσει
2726 4115 3059 4187 ἀνθρώποις,
3111 4117 3187 4180 ὡς
3235 4117 3292 4169 δὲ
3333 4119 3510 4186 Λόγος
3557 4121 3652 4172 τοῦ

2081 4206 2238 4273 Θεοῦ,
2299 4207 2398 4260 καὶ
2438 4207 2578 4260 Θεοῦ
2641 4209 2841 4277 σοφίαι,
2899 4209 3093 4282 διδάξῃ
3142 4211 3268 4274 τοὺς
3329 4213 3657 4283 ἀνθρώπους
3711 4213 3715 4216 ’

2081 4299 2366 4353 πιστεύειν
2394 4300 2474 4363 εἰς
2509 4299 2600 4352 τὸν
2635 4300 2735 4355 ἕνα
2765 4301 2943 4373 ἀληθῆ
2972 4303 3128 4368 Θεὸν,
3151 4304 3248 4357 καὶ
3277 4303 3655 4360 πολιτεύεσθαι

2082 4393 2224 4447 κατά
2273 4394 2364 4446 τὸν
2421 4394 2608 4462 νόμον,
2645 4393 2706 4448 ὃν
2755 4395 2916 4458 αὐτὸς
2965 4394 3134 4449 ἔδωκε
3163 4412 3178 4426 ⁸
3229 4398 3323 4451 καὶ
3367 4399 3546 4463 πάλιν,
3581 4401 3656 4463 ὡς

2087 4484 2186 4553 μὲν
2229 4484 2537 4555 ἄνθρωπος,
2568 4485 2653 4538 ἵνα
2698 4485 2774 4556 δῷ
2801 4487 2902 4556 τὴν
2945 4488 3229 4541 πολιτείαν
3263 4489 3436 4544 αὑτοῦ
3475 4492 3651 4562 παρά-

401 4536 478 4544 ---
505 4536 762 4545 ww".--
785 4536 894 4545 ην
915 4536 928 4546 .
959 4536 1010 4560 ,,.
1029 4536 1170 4546 ...η-
1368 4536 1486 4561 τ--
1507 4536 1585 4546 η.
1611 4536 1748 4547 ......
1779 4536 1970 4561 .-,,,....,

395 4597 561 4649 quam
589 4581 902 4637 hominibus
936 4581 1201 4636 dederat:
1237 4596 1343 4650 qua
1399 4595 1528 4636 vero
1560 4579 1741 4650 Logus
1781 4583 1898 4648 Dei,
1924 4592 1977 4639 et

2085 4536 2286 4646 δειγμα
2333 4536 2814 4645 τῆςδιδασκαλίας
2853 4536 3046 4634 αὐτοῦ,
3084 4580 3310 4648 Πρῶτος
3350 4583 3459 4651 γὰρ
3493 4536 3660 4644 a626,-

396 4674 666 4746 potentia,
703 4681 890 4742 posset
924 4672 1054 4727 illud
1086 4672 1184 4726 toti
1224 4672 1432 4727 mundo
1469 4672 1712 4728 salutare
1749 4674 1976 4739 bonum,

397 4768 557 4838 cujus
591 4781 755 4822 causa
785 4773 1029 4832 venerat,
1050 4765 1322 4820 conﬁcere
1343 4780 1363 4821 :
1386 4766 1516 4836 quia
1536 4765 1652 4820 ﬁeri
1683 4781 1795 4821 non
1822 4775 1978 4838 pote-

397 4870 481 4911 rat
505 4869 562 4912 ut
592 4856 858 4925 simplicis
885 4857 1122 4911 hominis
1151 4856 1364 4910 viribus
1390 4857 1456 4911 ad
1487 4856 1654 4912 Deum
1691 4866 1979 4914 converte-
2014 4913 2020 4919 ,

399 4963 550 5006 retur
581 4950 732 5005 orbis
759 4959 1054 5005 terrarum.
1091 4947 1378 5018 lta,,Logo
1428 4950 1648 5020 quidem
1684 4966 1784 5006 suo
1814 4951 1983 5010 semi-

399 5047 549 5101 navit
581 5043 938 5114 Omnipotens
975 5044 1087 5105 ille,
1115 5052 1170 5096 et
1200 5047 1486 5097 oculorum
1511 5042 1786 5112 eﬂ‘ugiens
1821 5045 1980 5098 obtuo

398 5157 532 5203 tum,
559 5141 726 5204 Deus,
762 5139 1049 5194 veritatem
1077 5136 1514 5207 Hierosdlymis;
1546 5136 1758 5208 Spiritu
1795 5146 1977 5192 autem

315 5259 318 5264 -
398 5249 496 5286 suo
526 5231 857 5286 illuminavit
883 5239 938 5286 et
971 5230 1252 5286 roboravit
1293 5228 1575 5300 apostolos
1607 5244 1758 5293 suos,
1790 5239 1850 5284 ut
1883 5245 1978 5284 ve-

399 5313 614 5376 ritatem
646 5321 700 5375 iu
732 5330 903 5376 totum
925 5323 1089 5376 etiam
1115 5329 1276 5376 terrae
1303 5321 1493 5375 orbem
1523 5319 1977 5384 disseminarent,

400 5418 622 5478 propter
667 5407 992 5461 charitatem
1053 5405 1172 5470 Dei,
1223 5406 1313 5474 qui
1375 5407 1555 5473 ipsum
1621 5406 1866 5470 miserat,
1925 5415 1980 5459 et

401 5511 621 5570 prepter
661 5499 1037 5568 cupiditatem,
1068 5512 1176 5567 qua
1205 5497 1485 5566 ﬂagrabat,
1523 5496 1721 5552 salutis
1753 5497 1976 5550 humani

401 5595 619 5660 generis
649 5609 662 5645 :
697 5591 996 5646 secundum
1025 5590 1339 5660 exemplum
1363 5589 1537 5659 ipsius
1563 5588 1716 5654 Jesu,
1740 5592 1834 5660 qui
1869 5606 1978 5660 qua

404 5687 704 5740 humanam
763 5692 1141 5754 assumpserat
1189 5689 1484 5747 naturam,
1544 5697 1645 5750 pro
1698 5684 1978 5737 communi

404 5781 582 5833 salute
605 5776 888 5831 hominum
915 5778 1062 5832 ultro
1089 5785 1372 5830 emortuus
1398 5783 1505 5828 est.
1539 5773 1636 5828 Sic
1671 5789 1772 5828 nos
1801 5776 1979 5830 credi-

407 5885 530 5932 mus
591 5884 758 5924 unum
802 5869 856 5924 in
901 5869 1080 5924 tribus
1143 5867 1395 5938 personis
1459 5867 1623 5941 Deum
1671 5887 1682 5922 :
1726 5867 1965 5935 Patrem,

2086 4671 2320 4740 ἐτήρησε
2345 4670 2435 4723 τὸν
2463 4671 2648 4740 νόμον,
2673 4671 2733 4724 ὃν
2756 4671 2925 4726 ἔδωκε
2951 4674 3064 4736 τοῖς
3106 4674 3436 4742 ἀνθρώποις.
3479 4677 3655 4740 Ὠς·δὲ

2083 4761 2256 4829 Λόγος
2297 4759 2391 4814 τοῦ
2432 4761 2593 4825 Θεοῦ,
2633 4763 2728 4816 καὶ
2777 4762 3028 4832 δύναμις,
3063 4763 3267 4835 δυνηθῇ
3309 4767 3661 4837 κατορθῶσαι

2084 4853 2144 4904 τὸ
2201 4854 2547 4922 παγκόσμιον
2599 4854 2826 4921 ἀγαθὸν,
2883 4856 3021 4924 ὅπερ
3071 4856 3361 4910 ἐϐούλετοο
3409 4859 3542 4912 διότι
3595 4856 3664 4930 ἦν

2084 4945 2370 5007 ἀδύνατον,
2393 4944 2462 4998 δι’
2491 4945 2609 5009 ἐνὸς
2640 4945 2930 5015 ἀνθρώπου
2961 4945 3188 5016 δυνάμει
3213 4947 3540 5018 ἐπιστρέψαι
3569 4949 3663 5019 τὴν

2083 5036 2416 5106 οἰκουμένην
2464 5037 2602 5105 πρὸς
2651 5037 2808 5098 τέλος
2850 5037 2944 5090 τὸν
2997 5037 3150 5092 Θεόν.
3195 5039 3304 5092 Καὶ
3353 5039 3526 5104 οὕτως
3577 5041 3664 5093 διὰ

2089 5129 2187 5199 μὲν
2215 5127 2312 5182 τοῦ
2353 5128 2526 5196 Λόγου
2555 5128 2726 5183 αὑτοῦ
2755 5129 2978 5200 ἔσπειρε
3012 5128 3113 5200 τὴν
3149 5131 3417 5200 ἀλήθειαν
3459 5134 3490 5185 ό
3523 5150 3661 5186 παν-

2086 5222 2386 5291 τοδύναμος
2432 5223 2523 5275 καὶ
2561 5223 2794 5293 ἀόρατος
2835 5221 2970 5285 Θεὸς
3026 5223 3086 5276 ἐν
3142 5223 3545 5294 Ἰερουσαλήμ’
3575 5226 3664 5278 διὰ

2082 5315 2140 5368 δὲ
2155 5313 2263 5395 λιοῦ
2301 5313 2619 5384 Πνεύματος
2648 5313 2838 5380 αὐτοῦ,
2874 5315 3109 5385 ἐφώτισε
3137 5315 3231 5368 καὶ
3254 5315 3507 5386 ἑνίσχυσε
3533 5318 3662 5379 τοὺς

2087 5408 2423 5471 ἀποστόλους
2468 5407 2659 5473 αὑτοῦ,
2707 5408 2794 5462 ἵνα
2847 5409 3151 5479 σπείρωσιν
3197 5409 3355 5461 αὐτοὶ
3387 5409 3486 5478 τὴν
3527 5409 3662 5476 ἀλή-

2087 5499 2262 5562 θειαν,
2301 5501 2396 5552 καὶ
2438 5500 2519 5561 εἰς
2562 5500 2741 5553 πάντα
2789 5500 2880 5553 τὸν
2915 5500 3146 5570 κόσμον,
3179 5499 3268 5552 διὰ
3295 5499 3395 5570 τὴν
3436 5501 3662 5570 ἀγάπην

2087 5593 2181 5645 τοῦ
2238 5591 2554 5661 πέμψαντος
2604 5592 2768 5646 αὑτὸν
2806 5591 2967 5654 Θεοῦ,
2998 5592 3093 5645 καὶ
3146 5592 3235 5646 διά
3280 5592 3381 5661 τὴν
3438 5593 3662 5662 ἀγάπην

2085 5685 2184 5750 sic
2218 5684 2494 5753 σωτηρίας
2522 5683 2617 5737 τοῦ
2652 5685 2865 5754 κόσμου
2895 5683 3036 5737 κατά
3069 5683 3130 5736 τὸ
3159 5683 3514 5753 παράδειγμα
3562 5684 3658 5738 τοῦ

2099 5774 2302 5844 Ἰησοῦ,
2334 5776 2483 5838 ὅστις
2515 5777 2780 5839 ἑκουσίως
2811 5776 3053 5829 ἀπέθανε
3091 5775 3238 5828 κατά
3272 5773 3332 5826 τὸ
3385 5761 3672 5845 ἀνθρώπιέ

2086 5885 2194 5936 νον,
2226 5866 2366 5938 ὑπὲρ
2401 5868 2498 5922 τοῦ
2538 5869 2779 5939 σωθῆναι
2810 5869 2902 5922 τὸν
2943 5868 3167 5938 κόσμον.
3220 5867 3375 5922 Οὕτω
3410 5865 3668 5937 «mm—
