4102 6426
388 366 500 438 355

1416 363 1839 445 courussm
1881 363 2092 427 FIDEI
2134 364 2589 428 POSTEMOR.

3543 362 3650 429 346

387 486 585 555 λύνθη,
618 485 681 537 ὲκ
706 480 806 536 ’τοῦ
841 446 1012 534 ὲλθεζίν
1040 479 1202 551 αὐτὸν
1231 478 1323 533 τὸν
1356 480 1529 548 Λόγον
1554 480 1651 534 τοῦ
1679 479 1837 543 Θεοῦ,
1873 482 1961 534 καὶ

2068 481 2366 548 exstiterit,
2423 482 2644 552 quando
2699 483 2816 553 ipse
2846 482 2938 540 Dei
2971 484 3173 553 Lagus,
3205 485 3299 552 qui
3355 480 3500 537 Deus
3539 494 3646 552 est,

390 578 544 644 Θεὸν,
601 577 741 647 μετὰ
793 574 972 643 πάσης
1016 573 1184 627 αὐτοῦ
1233 572 1335 642 τῆς
1386 573 1696 643 δυνάμεως,
1746 576 1827 637 εἰς
1872 576 1966 626 τδν

403 669 631 738 Ἰησοῦψ
661 667 691 737 ἦ
720 668 802 719 ὅτι
837 666 1086 734 ἔπεμπεν
1116 666 1196 730 εἰς
1230 666 1356 729 τοὺς
1383 667 1675 737 προφήτας
1711 667 1841 737 μίαν
1872 666 1967 736 χά-

394 781 479 834 ριν
505 760 692 824 αὐτοῦ,
717 761 749 832 ἢ
788 760 883 814 δύο
912 762 1008 814 καὶ
1035 760 1114 822 εἰς
1145 758 1306 814 ἄλλον
1333 759 1432 831 μὲν
1461 761 1752 832 προφήτην
1810 761 1968 815 ὲλὰτο

389 873 535 923 τοιοα,
570 856 651 918 εἰς
680 853 840 908 ἄλλον
869 852 952 917 δὲ,
981 850 1226 921 μείζονα.

473 945 714 1016 ’Δχμάτ.
754 944 912 997 Γιάνι
943 943 1367 1014 Ξχτικατουμοῦς
1403 944 1678 1013 μπουνοῦν
1717 944 1966 1017 οὐζερινο

389 1038 582 1107 τὲτουρ
603 1038 721 1105 Κὶμ
744 1035 804 1089 σὺ
832 1035 993 1106 βάητι
1015 1037 1260 1106 κιμπαρὶ
1281 1035 1534 1107 κεαμὰλη
1564 1035 1765 1107 Χίλμιν
1793 1038 1885 1091 τὲν
1907 1037 1966 1107 pe

402 1127 809 1199 μπαξαησιντδν
843 1129 1242 1199 μαχλοκουντὲν
1279 1129 1504 1199 μπιρινὲ
1536 1130 1638 1182 ἁτὰ
1671 1129 1782 1183 εἰτὲ
1816 1129 1964 1199 μ.ποῦ

395 1222 588 1276 ὰτατὲν
619 1223 807 1290 γκεντὶ
837 1221 942 1287 ῐτζι
970 1221 1132 1286 νοζὰν
1159 1220 1420 1293 γκελιμὲς
1448 1223 1649 1292 μπέλκι
1677 1223 1803 1292 ταχὶ
1837 1240 1967 1276 κεα-

397 1316 503 1383 μὰλ
535 1314 781 1386 μπούλερ
819 1312 967 1385 ζῆρα
988 1315 1091 1383 κὶμ
1121 1313 1325 1382 μαχλοὺ
1353 1315 1613 1381 κουνταγὶ
1655 1313 1964 1381 κεαμαλτὲν

393 1405 578 1469 γκεντὶ
602 1403 836 1474 ἁδαμετὶ
858 1404 1016 1473 δαχὶρ
1039 1402 1202 1474 ὀλοὺρ
1236 1401 1298 1456 ὃλ
1331 1403 1536 1474 μικτὰρ
1579 1401 1819 1473 ἀλαχοῦν
1846 1402 1964 1469 mn

393 1500 449 1569 βξ
482 1497 720 1566 mapali.
752 1498 910 1568 δαχὶρ
940 1496 1101 1568 ὁλοὺρ
1124 1496 1184 1567 es
1229 1498 1356 1566 ταχὶ
1395 1493 1800 1566 μπουνούντζου
1835 1496 1955 1562 Κὶμ

395 1590 628 1662 ἀλαχοῦν
661 1589 942 1642 σευκατινὶ
973 1589 1032 1659 βὲ
1061 1591 1372 1659 μεχεμπετὶ
1397 1586 1668 1658 ἀτεμλερὲ
1699 1586 1759 1656 es
1791 1585 1961 1654 γάηρι

393 1683 663 1755 ἀτεμλερὲ
699 1683 959 1751 γκιοντέρ
987 1680 1083 1735 τοῦ
1127 1679 1354 1749 γουντὲν
1398 1680 1525 1750 ταχὶ
1574 1678 1788 1749 ζιχιατὲ
1815 1677 1961 1731 ὀλντὶ

392 1780 454 1834 ὂλ
483 1779 666 1835 νούτκι
696 1779 876 1850 μπαρὶ
920 1777 1082 1847 τζεμὶ
1128 1776 1506 1847 γκεαμαλίηλε
1556 1775 1684 1828 ὲσαὲ
1716 1774 1959 1843 κελτῑγι-

392 1832 553 1940 τζουν
590 1832 838 1944 μετέντᾶᾷ
868 1832 1058 1926 δντᾷῡίθ
1091 1832 1287 1937 «rt-celsi;
1330 1832 1804 1941 μπέγαμπερλερὲ
1833 1832 1963 1921 ἁλε-
1992 1832 2036 1887 Β

392 1968 552 2035 κάτρι
583 1964 818 2035 μερατὶκ
868 1962 1179 2032 γκελτιγιδὲ
1228 1961 1386 2034 χασὶλ
1419 1960 1649 2014 ὀλαντὰν
1698 1959 1828 2014 ὲσαὲ
1866 1975 1962 2029 με·

387 2058 569 2121 λιτζὲκ
596 2056 997 2126 μαχλουκουντὲ
1023 2054 1396 2126 σευκατουλὰχ
1422 2054 1482 2127 es
1507 2050 1962 2124 μεχεμπετούλαχ

388 2154 517 2222 taxi.
548 2149 699 2214 ζιατὲ
733 2148 902 2202 ὸλντῑ.

976 2239 1231 2295 ΚΕΦΔΛ.
1271 2239 1378 2294 IA'.

458 2331 661 2387 ΣΧΟΛ.
705 2329 1046 2400 Πιστεύομεν
1078 2333 1158 2386 ὅτι
1186 2332 1213 2385 ὁ
1241 2330 1478 2401 Χριστὸς
1522 2327 1842 2398 ἐσταυρώθη
1867 2327 1961 2378 καὶ

393 2424 662 2478 ἀπέθανεν
689 2424 879 2493 οἰκείῳ
915 2423 1204 2498 θελήματι,
1248 2422 1335 2476 διὰ
1366 2421 1569 2485 πολλὰς
1589 2423 1695 2475 καῖ
1715 2419 1960 2490 μεγάλας

389 2516 654 2586 ὠφελείας
682 2516 940 2586 δεομένας
971 2517 1184 2571 πολλῶν
1212 2516 1409 2586 λόγων,
1441 2516 1536 2569 καὶ
1561 2516 1740 2570 πάντα
1764 2516 1957 2580 ταῦτα,

390 2609 532 2665 κατὰ
560 2609 621 2663 τὺ
655 2608 1000 2677 ἀνθρώπινον
1035 2609 1222 2663 αὐτοῦ.
1277 2608 1337 2663 '0
1364 2608 1473 2679 γὰρ
1502 2609 1678 2677 Λόγος
1704 2607 1799 2663 τοῦ
1823 2608 1959 2663 Θεοῦ

390 2702 514 2757 οὔτε
551 2702 908 2774 σταυροῦται,
944 2701 1069 2758 οὔτε
1100 2703 1460 2774 ἀποθνήσκει,
1499 2701 1621 2758 οὔτε
1646 2702 1958 2766 ἀνίσταται,

390 2797 527 2851 me
567 2796 768 2866 μᾶλλον
802 2795 1103 2866 ἁνίστησεν
1132 2797 1296 2859 αὐτὸς
1318 2797 1446 2860 τοὺς
1477 2797 1731 2868 νεκροὺς,
1770 2795 1962 2865 ὥσπερ

390 2889 653 2958 ἀνέστησε
683 2887 777 2942 καὶ
804 2887 903 2959 τὴν
937 2889 1134 2960 σάρκα,
1170 2890 1238 2960 ἢν
1271 2887 1564 2960 ὲφόρησεν.
1623 2887 1963 2959 Πιστεύομεν

390 2984 473 3035 ὅτι
500 2984 529 3035 ὁ
554 2981 790 3052 Χριστὸς
820 2981 1062 3044 ἀναστὰς
1105 2980 1381 3052 ἀνελήφθη
1417 2981 1497 3044 εἰς
1542 2981 1668 3043 τοὺς
1698 2978 1962 3051 οὐρανοὺς

391 3072 486 3126 καὶ
526 3072 694 3126 πάλιν
726 3073 911 3144 μέλλει
951 3071 1213 3144 ἔρχεσθαι
1268 3073 1407 3143 μετὰ
1454 3071 1634 3142 δόξης,
1668 3070 1756 3126 ἵνα
1800 3070 1963 3142 κρίνῃ

388 3164 484 3217 τὴν
516 3164 744 3235 κόσμον.

474 3346 702 3416 Ἆχμάτ.
738 3347 895 3403 Γιὰνι
921 3346 1342 3418 ῐχτικατουμοῦς
1395 3344 1670 3417 μπουνοῦν
1715 3343 1963 3415 ονῖιζεριν⁸

392 3438 582 3509 τέτουρ
613 3441 715 3492 ὲσὰ
760 3438 1006 3510 τζαρμὶχ
1033 3439 1182 3494 ὀλντὶ
1222 3438 1283 3509 pe
1332 3438 1493 3503 οὐλνζ
1519 3477 1533 3492 .
1569 3437 1762 3492 Γκεντὶ
1790 3438 1965 3506 ιχτια-

395 3530 542 3601 ρεηλε
569 3528 701 3594 τζὸκ
747 3529 940 3601 τουρλὶ
989 3530 1359 3602 φαητελερτὲν
1389 3531 1570 3600 ὁτουρὶ
1603 3531 1679 3584 ῖσι
1711 3529 1962 3598 μπουνὰς

389 3621 648 3692 ἁτεμλιγὲ
694 3622 963 3693 ναὸἀτουρ
1008 3622 1156 3691 γιάνι
1190 3621 1564 3694 μπαρινοῦνσο
1603 3620 1657 3685 Cl.
1685 3622 1743 3674 νὲ
1768 3622 1962 3692 τζούρ-

396 3715 515 3782 μιλε
545 3713 708 3785 ὀλοϋρ
736 3713 796 3785 pe
820 3715 877 3768 νὲ
900 3712 1098 3786 γκιροῦ
1126 3713 1327 3784 χοιγιὰτ
1354 3697 1635 3789 μπουλοῦρ
1658 3713 1783 3765 ἐῦὲτ
1804 3730 1961 3782 γκεν-

390 3806 483 3861 τοῦ
541 3807 740 3878 ὲχγιὰη
798 3807 973 3876 μεῦὰτ
1015 3809 1088 3862 ῑτὶ
1137 3807 1243 3878 χὲμ
1290 3806 1522 3874 γκεντοῦ
1560 3807 1841 3877 κισφελετὶ
1875 3823 1961 3874 γι-

390 3899 580 3968 τζισμὶ
632 3900 782 3969 ῑνχγία
830 3900 975 3968 ἐτιγὶ
1020 3901 1188 3968 κιμπὶ
1241 3897 1303 3968 βξ
1354 3898 1463 3968 χὲμ
1521 3898 1959 3968 γκουρουχαγιὰτ

397 3992 951 4064 μπουλτουκτὰνσορα
999 3989 1167 4060 γκογέι
1221 3991 1382 4044 σοοὺτ
1431 3990 1612 4045 ἑκλετὶ
1643 3992 1805 4061 γκερὶ
1829 3990 1960 4060 γερὲ

390 4087 555 4141 ὲνοῦπ
581 4087 757 4157 χακὶμ
775 4088 1140 4157 ὁσαργκερέκ.

985 4179 1240 4235 ΚΕΦᾹΛ.
1278 4177 1358 4232 lB'
1375 4220 1390 4234 .

460 4272 667 4327 ΣΧΟΛ.
703 4271 1063 4339 Πιστεύομεν,
1096 4273 1180 4326 ὅτι
1227 4273 1283 4326 αἱ
1301 4271 1470 4342 ψυχαὶ
1517 4271 1627 4326 τῶν
1652 4271 1959 4342 ἀνθρώπων

389 4367 527 4418 εἰσὶν
554 4363 833 4419 ἀθάνατοιο
863 4365 945 4418 ὅτι
970 4362 1039 4417 τὰ
1086 4361 1316 4433 σώματα
1344 4362 1453 4417 τῶν
1495 4365 1669 4433 ἁγίων
1712 4366 1954 4437 ἀναστή-

392 4474 574 4509 σονται
619 4457 902 4526 ἄφθαρτα,
957 4454 1234 4523 φωτεινὰ,
1270 4455 1502 4526 ἐλαφρὰ,
1558 4456 1698 4525 μήτε
1749 4457 1956 4527 τροφῆς

388 4548 680 4621 χρῄζοντα,
707 4549 844 4618 μήτε
880 4547 1115 4610 πόσεως,
1151 4547 1288 4615 μήτε
1312 4546 1649 4615 ἐνδυμάτων,
1687 4547 1827 4618 μήτε
1856 4546 1954 4600 ἁλ-

387 4642 485 4711 λης
515 4640 830 4710 σωματικῆς
876 4640 1088 4709 ἡδονῆς.
1145 4638 1257 4691 Καὶ
1305 4639 1389 4692 ὅτι
1446 4641 1502 4692 αἱ
1531 4638 1706 4708 ψυχαὶ
1770 4640 1866 4692 καὶ
1891 4639 1960 4692 τὰ

390 4735 618 4804 σώματα
664 4735 799 4787 τῶνα
825 4731 1008 4794 καλῶς
1057 4729 1517 4799 πολιτευομένων,
1563 4730 1961 4785 ἀπελεύσονται

385 4828 467 4890 εἰς
512 4827 606 4879 τὸν
636 4824 990 4894 παράδεισον,
1024 4822 1133 4876 τῶν
1161 4821 1220 4875 δὲ
1245 4822 1650 4892 ἁμετανοήτων,
1702 4822 1960 4892 πονηρῶν

384 4923 481 4972 καὶ
514 4920 782 4980 ἀπίστων,
809 4919 890 4981 εις
927 4916 1025 4987 τὴν
1072 4916 1315 4970 κόλασιν.
1364 4915 1477 4969 Καὶ
1502 4914 1530 4967 ὁ
1560 4915 1661 4984 μὲν
1693 4914 1955 4985 παράδειο

387 5030 478 5074 σος
508 5012 614 5066 τῶν
646 5010 817 5078 ἁγίων
864 5010 957 5062 καὶ
980 5008 1014 5077 ἡ
1038 5007 1338 5070 ἀπόλαυσις
1359 5006 1508 5061 ἐστὶν
1528 5008 1584 5060 ὲν
1609 5006 1687 5074 τῷ
1717 5006 1959 5079 οὐρανῷ,

385 5106 418 5172 ή
442 5102 499 5155 δὲ
530 5101 748 5164 κόλασις
779 5099 890 5153 τῶν
919 5078 1177 5169 πονηρῶῧ
1218 5099 1276 5150 ἐν
1304 5100 1399 5168 γῇ.
1442 5098 1554 5151 Καὶ
1590 5099 1623 5169 ή
1652 5098 1958 5162 ἀπόλαυσις

382 5196 495 5247 τῶν
528 5193 723 5261 ἁγίων,
756 5192 911 5246 οὐδὲν
936 5190 1124 5261 ἒτὶρον
1156 5189 1327 5256 ἔστὶν,
1371 5190 1421 5242 εἰ
1455 5188 1530 5260 μὴ
1560 5190 1642 5243 ὅτι
1672 5188 1962 5261 τελειωθῆ-

385 5301 572 5337 ςονται
603 5286 657 5337 αἱ
689 5283 937 5337 τοιαῦται
982 5280 1152 5351 ψυχαὶ
1180 5282 1262 5342 εἰς
1301 5280 1403 5351 τὴν
1432 5280 1660 5348 γνῶσιν.
1694 5281 1806 5339 Καὶ
1834 5280 1956 5335 τότε

381 5376 719 5446 θεωρήσουσι
743 5375 811 5430 τὰ
838 5375 1118 5445 μυστήρια
1148 5373 1242 5426 τοῦ
1305 5371 1445 5426 Θεοῦ
1489 5371 1526 5427 ἃ
1558 5371 1655 5426 νῦν
1701 5373 1761 5426 οὐ
1791 5369 1957 5441 γινὼ-

385 5485 597 5534 σκουσι,
626 5469 674 5520 εἰ
708 5472 783 5535 μὴ
814 5468 904 5520 διὰ
937 5463 1375 5535 πίστεωςἸησοῦ
1406 5462 1668 5534 Χριστοῦ.

463 5556 697 5625 Ἀχμὰτ.
728 5556 882 5609 Γιὰνι
939 5552 1323 5625 Ιχτικατιμοῦς
1382 5549 1658 5621 μπουνοῦν
1706 5550 1955 5621 οὑζεριν-

382 5642 578 5711 τέτουρ
609 5644 726 5710 Κὶμ
758 5641 1097 5713 ἀτεμλεροῦν
1129 5640 1286 5712 ῥουχὶ
1319 5641 1484 5711 ὀλμὲς
1514 5640 1658 5712 ζῆρα
1683 5640 1955 5711 ὰνλσροῦν

380 5733 592 5802 τενλερ1¹
620 5735 778 5802 γκερὶ
823 5735 1015 5803 χογίατ
1063 5735 1475 5803 μπουλισὰἐουρ
1508 5734 1723 5804 χογιάτι
1752 5737 1954 5805 ἐμπεν-

379 5823 533 5897 τίτλλε
558 5825 889 5896 ζατμετςοῡς
920 5825 1186 5900 μουνεδὲρ
1221 5826 1408 5900 χαϐὶό,
1430 5826 1654 5898 γιμετὲν
1678 5827 1952 5899 ξτζιμετὲν

2069 588 2194 630 cum
2222 582 2338 626 tota
2370 590 2468 628 sua
2505 575 2751 643 potentia
2780 575 3064 630 descendit
3091 576 3145 631 in
3178 575 3366 631 Jesum
3407 592 3420 629 :
3454 590 3645 646 quam,

2070 684 2194 723 cum
2222 670 2287 723 ad
2319 670 2612 738 prophetas
2637 683 2802 723 unam
2828 677 2924 723 aut
2949 668 3176 721 alteram
3207 667 3441 737 gratiam
3474 667 3646 729 misit,

2069 767 2125 813 et
2163 759 2386 829 quidem
2414 774 2602 814 eorum
2631 757 2720 811 alii
2747 764 2913 826 atque
2935 757 3051 822 alii,
3072 756 3334 827 majorem
3360 765 3453 809 aut
3475 756 3650 809 mino-

2070 867 2207 908 rem.

2142 948 2386 1002 Achmat.
2434 943 2597 1000 Ciani
2636 944 3032 999 icltticatumus
3064 942 3252 996 bunun
3295 939 3650 1004 uzerindetur

2071 1037 2191 1092 Kim
2227 1037 2411 1092 sofaiti
2441 1036 2677 1092 kim’oari
2707 1036 2939 1092 keamali
2972 1034 3210 1090 Chilmin
3243 1040 3333 1087 tcn
3364 1033 3429 1089 lie
3461 1032 3650 1109 διεςοί-

2065 1131 2273 1185 sindem
2294 1129 2724 1185 macltlocundeu
2744 1129 2920 1183 birine
2938 1143 3029 1181 ara
3055 1128 3126 1182 ite
3151 1127 3218 1180 bn
3245 1134 3434 1179 araten
3453 1124 3647 1193 gkeudi

2067 1224 2159 1278 ivzi
2213 1236 2406 1276 nozam
2427 1220 2688 1291 gkelimes
2719 1220 2860 1277 belki
2895 1220 3042 1274 taehi
3076 1217 3289 1273 keamal
3311 1217 3464 1271 huler
3503 1217 3651 1271 zira-

2064 1313 2186 1368 Kim
2214 1312 2428 1368 macltlu
2462 1312 2698 1381 cundagi
2725 1311 3030 1366 keamalteu
3062 1309 3255 1380 gkendi
3287 1309 3521 1364 adameti
3549 1311 3648 1360 da-

2063 1405 2185 1460 chir
2215 1404 2339 1458 olur
2365 1404 2417 1458 ol
2450 1403 2646 1458 mictar
2678 1402 2909 1456 alachun
2936 1399 3055 1454 ilmi
3083 1400 3150 1455 be
3169 1398 3404 1453 keamali
3454 1397 3650 1451 dachir

2064 1494 2188 1550 olur
2220 1495 2286 1548 be
2333 1493 2479 1549 taclti
2513 1493 2840 1548 bununtzun
2885 1490 2995 1545 kim
3049 1489 3290 1545 alacbun
3325 1504 3421 1544 seu
3474 1487 3647 1541 kutiui
3734 1562 3737 1565 _

2066 1585 2133 1639 be
2159 1582 2526 1639 tuecltembcti
2561 1583 2822 1637 atemlerc
2844 1581 2914 1637 be
2936 1580 3072 1651 gairi
3097 1580 3358 1634 atemlere
3380 1577 3650 1648 gkionder

2067 1686 2125 1732 tu
2154 1675 2373 1747 gunden
2410 1675 2557 1730 taebi
2588 1672 2829 1729 Zicbiaté
2861 1673 3012 1727 olndi
3044 1672 3096 1727 οι
3133 1670 3303 1725 mntki
3334 1671 3451 1725 bari
3485 1669 3646 1724 tzemi

2063 1769 2353 1843 gkeamalii
2376 1770 2571 1824 leesae
2617 1768 2934 1837 keltigitzun
2961 1765 3182 1820 buudan
3212 1765 3400 1819 omluu
3428 1762 3647 1832 gite-leb-

2068 1862 2478 1935 begamberlere
2529 1861 2753 1917 alecatri
2818 1859 3050 1938 Ineratic
3106 1857 3407 1928 gkcltigidc
3460 1858 3644 1912 Chasil

2066 1954 2302 2009 olandan
2330 1967 2457 2008 esae
2495 1951 2742 2006 melitzcc
2774 1949 3177 2004 macltlueuuolc
3208 1946 3548 2004 scfcatnlaclt
3582 1947 3647 2000 be

2067 2045 2313 2100 mecltem
2353 2044 2610 2098 betulach
2646 2043 2792 2098 taciti
2828 2041 2971 2096 ziatc
3008 2039 3182 2095 olndi.

2678 2217 2909 2276 CAPUT
2943 2218 3036 2273 x1.
3124 2294 3127 2295 ί

2134 2312 2380 2370 SCIIOL.
2432 2313 2725 2369 Credimus
2781 2313 3064 2370 Christum
3121 2329 3246 2370 esse
3316 2310 3641 2368 cruciﬁxum

2064 2416 2119 2464 et
2154 2417 2432 2462 mortuum
2464 2422 2562 2462 sua
2599 2407 2825 2477 propria
2862 2406 3167 2473 voluntate,
3195 2407 3267 2462 ob
3298 2406 3500 2461 multas
3531 2419 3647 2459 ma-

2062 2515 2308 2571 gnasque
2348 2500 2633 2567 utilitates,
2659 2500 2714 2554 in
2740 2500 2942 2570 quibus
2958 2500 3306 2568 explicandis
3330 2500 3495 2569 longa
3518 2513 3646 2551 ora-

2064 2593 2213 2649 tione
2243 2608 2381 2663 opus
2402 2603 2570 2657 esset,
2596 2602 2650 2648 et
2680 2593 2731 2648 id
2776 2607 2958 2657 omne,
2993 2592 3210 2648 ratione
3241 2592 3495 2646 humana:
3528 2605 3643 2646 sure

2061 2696 2306 2753 naturae;
2336 2687 2519 2758 Logus
2555 2687 2702 2742 enim
2740 2685 2836 2742 Dei
2901 2700 3002 2740 nec
3033 2684 3185 2742 cruci
3233 2683 3491 2755 anigitur,
3540 2696 3645 2737 nec

2063 2779 2323 2843 moritur,
2350 2795 2529 2848 neque
2557 2794 2585 2832 a
2611 2789 2784 2833 morte
2815 2778 3077 2846 resurgit,
3103 2777 3199 2833 sed
3236 2777 3356 2847 ipsc
3382 2775 3520 2831 alios
3551 2788 3646 2842 pe-

2063 2871 2177 2926 tius
2229 2880 2481 2925 mortuos
2532 2871 2885 2926 resuscitavit
2926 2887 2940 2924 :
2976 2871 3123 2926 sicut
3173 2870 3338 2925 etiam
3392 2883 3641 2932 carnem,

2064 2977 2228 3033 quam
2282 2963 2399 3032 ipse
2428 2963 2683 3033 gestavit.
2727 2962 3017 3019 Credimus
3071 2962 3357 3019 Christum
3395 2972 3519 3031 post
3552 2975 3645 3016 re-

2066 3053 2473 3109 surrectionem’
2497 3069 2651 3108 suam
2690 3064 3036 3124 assumptum
3085 3070 3208 3111 esse
3247 3054 3302 3108 in
3350 3053 3546 3114 ctelos.
3592 3060 3645 3106 et

2065 3145 2192 3201 inde
2212 3160 2334 3201 eum
2365 3144 2560 3215 gloria,
2588 3145 2652 3199 ad
2679 3144 2945 3216 judicium
2975 3146 3044 3199 de
3073 3143 3278 3199 mundo
3302 3141 3641 3208 faciendum,

2066 3239 2393 3294 rediturum.

2138 3330 2388 3385 Achmat.
2422 3328 2582 3386 Ciani
2616 3330 3014 3386 ichticatumus
3050 3332 3238 3386 bunun
3289 3328 3646 3385 uzerindetur

2065 3433 2284 3481 esatzar
2305 3425 2454 3480 mich
2496 3424 2647 3480 oludi
2677 3425 2743 3482 be
2764 3425 2912 3480 ulnz.
2944 3424 3157 3480 Ckemli
3196 3423 3492 3479 iclttiariile
3521 3430 3646 3476 tzoc

2064 3518 2194 3573 turli
2232 3518 2591 3588 phaitelerten
2621 3518 2769 3575 oturi
2825 3520 2890 3576 isi
2923 3519 3096 3575 hunas
3126 3519 3379 3587 atemlige
3410 3517 3647 3572 nadatur

2063 3610 2459 3682 gianibarinun
2480 3610 2596 3666 εοιὶ
2628 3627 2694 3667 ne
2722 3612 2976 3667 tzurmile
2995 3612 3118 3667 olur
3141 3613 3208 3668 be
3232 3626 3300 3666 ne
3323 3610 3482 3682 gkiru
3513 3610 3646 3664 cha-

2063 3703 2177 3772 giat
2195 3701 2354 3758 bulur
2370 3701 2634 3773 ebetgken
2649 3711 2704 3757 tu
2723 3704 2933 3774 echgiai
2975 3704 3155 3758 mebat
3170 3703 3227 3758 iti
3246 3704 3406 3759 ehem
3427 3700 3642 3771 gkendu

2060 3791 2349 3862 kisphelcti
2385 3792 2621 3862 gitzismi
2666 3793 2844 3862 ichgia
2861 3793 2989 3864 eligi
3026 3794 3135 3849 kibi
3170 3794 3237 3851 he
3257 3793 3411 3848 chem
3445 3808 3643 3861 genru-

2062 3884 2282 3956 chagiat
2302 3884 2663 3941 bultuctanso
2691 3899 2751 3940 ra
2779 3886 2953 3958 gkoge
2985 3895 3112 3942 soul
3143 3886 3306 3942 celeri
3337 3883 3487 3961 εἰςετί
3519 3901 3645 3957 gere

2064 3990 2210 4046 enup
2241 3974 2457 4033 chakim
2495 3977 2883 4050 hosargkerec.

2653 4176 2883 4234 CAPUT
2929 4178 3040 4234 XII.

2135 4266 2686 4324 SCHOL.Credimus
2730 4273 2948 4327 animos
2978 4272 3250 4327 humanos
3269 4284 3389 4326 esse
3419 4269 3646 4325 immnr-
3707 4293 3712 4298 ν

2064 4359 2223 4422 tales,
2274 4374 2504 4430 corpora
2535 4369 2849 4416 sanctorum
2879 4373 3279 4423 resurrectura,
3304 4362 3641 4431 corruptioni

2065 4465 2174 4504 non
2197 4451 2456 4517 obnoxia,
2486 4452 2691 4519 lucida,
2728 4452 2890 4515 levia,
2911 4468 3011 4509 nec
3041 4454 3147 4509 cibi
3189 4454 3510 4525 indigentia,
3542 4471 3644 4510 nec
3692 4487 3698 4496 -

1981 4527 2037 4591 Ῐ)
2061 4542 2321 4612 potionis,
2355 4557 2453 4597 nec
2475 4543 2731 4608 vestium,
2752 4559 2853 4599 nec
2869 4545 3100 4599 aliarum
3122 4545 3369 4615 corporis
3393 4547 3641 4616 volupta-

2063 4644 2203 4689 tutu.
2236 4634 2466 4691 Animas
2501 4635 2630 4690 item
2683 4645 2737 4690 et
2771 4625 3005 4707 corpora
3053 4640 3243 4705 eorum
3278 4637 3370 4706 qui
3407 4653 3466 4693 se
3506 4639 3647 4695 bcue
3716 4680 3723 4687 .

2059 4730 2352 4801 gesserint,
2393 4731 2446 4783 in
2499 4731 2810 4800 paradisum
2853 4732 3116 4796 abitura;
3166 4731 3636 4811 imptenitentiucu

2060 4836 2213 4886 vero,
2243 4821 2511 4877 malorum
2552 4831 2607 4878 et
2636 4818 2958 4889 inﬁdelium,
2984 4825 3051 4879 ad
3090 4823 3392 4880 inferorum
3427 4825 3648 4881 crucia-

2062 4923 2173 4971 tus.
2237 4913 2393 4981 Quod
2426 4915 2553 4971 item
2588 4918 2878 4986 paradisus
2917 4927 3263 4975 sanctorum.
3289 4928 3346 4975 et
3378 4917 3640 4983 beatitas,

2063 5007 2118 5062 in
2149 5007 2292 5064 caelo
2339 5006 2432 5073 sit,
2467 5009 2861 5064 sceleratorum
2892 5025 3029 5066 vero
3081 5011 3296 5081 punitio
3357 5012 3413 5067 in
3469 5019 3642 5067 terra.

2059 5100 2359 5166 Praeterea,
2383 5099 2776 5156 beatitudinem
2800 5111 3143 5167 sanctorum,
3167 5102 3304 5156 nihil
3331 5101 3475 5157 aliud
3495 5117 3642 5166 esse,

2061 5190 2171 5246 nisi
2197 5190 2341 5258 quod
2375 5190 2730 5260 perficiantur
2758 5195 2928 5247 animi
2958 5194 3097 5248 tales
3131 5196 3347 5248 ratione
3366 5195 3642 5260 cognitio-

2060 5282 2169 5338 nis.
2204 5280 2362 5339 Tunc
2379 5284 2646 5339 videbunt
2675 5300 2875 5340 arcana
2909 5286 3028 5351 Dei,
3064 5301 3186 5353 qua:
3223 5300 3372 5340 nunc
3404 5299 3515 5339 non
3540 5302 3641 5339 no-

2058 5382 2243 5441 scunt,
2275 5375 2382 5430 nisi
2416 5375 2523 5433 ﬁde
2550 5377 2602 5430 in
2636 5376 2824 5433 Jesum
2866 5377 3171 5434 Christum.

2128 5555 2373 5612 Achmat.
2415 5556 2573 5612 Ciani
2620 5554 2992 5611 ichticatimus
3033 5555 3223 5611 bunun
3280 5554 3639 5610 uzerindetur

2058 5648 2177 5703 Kim
2210 5649 2512 5704 atemleruu
2548 5646 2742 5704 rhuchi
2780 5646 2956 5703 olmes
2991 5648 3106 5702 zira
3154 5647 3391 5702 aularuu
3444 5647 3641 5704 tenleri

2056 5740 2205 5812 gkcri
2240 5741 2457 5819 chogjat
2490 5740 2761 5796 bulisatur
2789 5739 3030 5811 ehogiati
3056 5741 3329 5797 cbendiile
3357 5741 3640 5797 zachmet-

2014 5862 2023 5871 ν
2057 5848 2155 5891 zus
2176 5833 2443 5891 muncber
2468 5833 2647 5892 clzaﬁf.
2670 5832 3222 5892 Gimetrnitzimctcu
3252 5832 3369 5891 beri
3385 5832 3646 5891 piaclum-
