4038 6428
407 383 515 447 355

1485 375 1745 440 GENNA
1765 379 1872 440 DlI
1905 379 2023 441 (ΣΡ.
2066 375 2590 444 ΡΑἸἪΙᾹῘΠΖΠΙΒ

3579 390 3684 456 356

403 499 662 558 rebimini
695 513 915 556 carnem
948 497 1174 554 edentes
1204 497 1527 560 humanam,
1563 507 1617 551 et
1661 499 1986 567 sanguinem

2105 499 2192 554 νῦν
2215 501 2559 570 ὑφεστήκασι
2594 502 2689 554 καὶ
2736 503 2878 556 εἰσὶν
2905 504 2963 556 ὲν
2985 505 3108 575 ἐμοί
3139 520 3151 533 '
3189 507 3305 560 αλλ’
3337 507 3415 573 ὡς
3449 507 3506 562 ὲν
3539 513 3692 582 ἄρτῳ

411 597 656 651 bibentes
685 594 788 647 suh
817 591 1008 646 eadem
1042 592 1213 645 forma
1245 607 1353 661 qua
1379 591 1713 649 subsistunt.
1746 604 1799 646 et
1824 593 1878 645 in
1907 607 1992 645 me

409 699 557 749 sunt.
597 687 692 741 sed
751 695 1010 754 tauquam
1041 685 1095 738 in
1145 700 1285 755 pane
1318 692 1371 738 et
1407 685 1537 738 vino
1583 684 1992 739 manducabitis

407 788 462 833 et
490 777 690 833 bibetis
721 793 735 830 :
767 775 928 846 panis
969 786 1156 831 autem
1212 785 1268 831 et
1299 775 1409 829 viui
1453 791 1732 847 apparens
1764 777 1990 844 veritas,

411 868 700 921 veritatem
750 881 858 920 non
896 874 1252 934 apparentem
1309 869 1561 937 corporis
1594 878 1647 921 et
1683 868 1992 939 sanguinis,

409 959 753 1012 continebit:
791 957 1101 1012 substantia
1140 957 1361 1026 quidem
1402 968 1791 1026 transmutata,
1845 970 1905 1012 ιιι
1936 961 1993 1014 in

413 1051 565 1105 vobis
588 1061 993 1106 sacramentum
1048 1059 1347 1117 operetur;
1392 1061 1617 1105 externa
1654 1066 1782 1106 vero
1814 1050 1994 1105 l‘orma

411 1145 600 1198 eadem
627 1154 1004 1212 permanente,
1039 1159 1106 1196 ne
1135 1159 1241 1213 qua
1278 1159 1378 1198 vos
1411 1145 1691 1200 haasitatio
1717 1154 1772 1199 et
1795 1144 1996 1199 horror

413 1239 687 1301 detinens,
714 1253 745 1291 a
779 1239 1172 1290 communione
1226 1237 1488 1292 abducat.
1522 1238 1650 1294 Haec
1694 1238 1883 1310 itaque
1914 1239 1994 1296 sic

417 1330 701 1392 facientes,
735 1340 842 1381 non
869 1327 1132 1381 amicitiae
1160 1328 1366 1391 solum,
1405 1327 1501 1384 sed
1532 1327 1796 1382 utilitatis
1820 1328 1991 1383 etiam

413 1435 603 1487 causa,
664 1435 985 1476 sermonum
1049 1434 1303 1474 meorum
1363 1429 1419 1474 et
1470 1420 1598 1474 vita:
1631 1435 1764 1476 mea:
1789 1435 1998 1478 memo-

419 1514 553 1568 riam
589 1513 875 1577 habentes,
928 1521 1042 1566 tum
1095 1512 1150 1567 in
1189 1512 1462 1582 spirituali
1501 1512 1612 1568 vita
1666 1513 1996 1582 proﬁcietis,

417 1615 530 1660 tum
566 1605 756 1660 futura
809 1605 902 1659 illa
940 1606 1050 1659 vita
1084 1605 1236 1676 digni
1269 1613 1586 1674 opportuno
1617 1614 1860 1675 tempore
1888 1606 1997 1662 em-

415 1696 661 1759 ciemini,
690 1697 939 1766 adquam
976 1710 1072 1750 vos
1107 1697 1366 1761 antehac,
1400 1705 1664 1767 quantum
1697 1699 1832 1753 satis
1858 1707 1996 1762 erat.

415 1791 736 1861 praeparari.
768 1788 916 1845 Talis
944 1799 1027 1844 est
1069 1789 1235 1860 hujus
1275 1790 1611 1846 sacramenti
1636 1805 1860 1860 scopus,
1899 1804 1998 1845 au-

2103 596 2198 646 καὶ
2251 594 2382 665 οἴνῳ
2438 594 2644 648 ἐσθίειν
2709 598 2805 649 καὶ
2859 597 3036 651 πίνειν
3093 599 3345 668 μέλλετε,
3379 604 3476 656 καὶ⁷
3525 606 3559 675 ἡ
3595 605 3691 658 τοῦ

2101 688 2271 757 ἀρτου
2320 687 2415 739 καὶ
2465 687 2612 740 οἴνου
2646 689 2954 761 φαινομένη
2990 691 3244 762 ἀλήθεια,
3273 692 3376 764 τὴν
3421 696 3691 766 ἀλήθειαν

2102 777 2281 848 ἀφανῆ
2311 779 2404 831 τοῦ
2441 779 2695 850 σώματος
2728 783 2825 834 καὶ
2858 782 3095 850 αἵματος
3128 785 3399 855 περιέξει,
3440 788 3540 856 τῆς
3590 790 3692 858 μὲν

2103 870 2292 933 οὐσίας
2329 871 2793 942 μεταϐληθείσης,
2825 873 2902 936 ὡς
2927 873 2994 927 ἂν
3028 876 3088 929 ὲν
3123 877 3254 946 ὑμῖν
3284 877 3348 930 τὸ
3381 881 3690 949 μυστήριον

2105 967 2326 1036 ἐνεργῇ,
2362 966 2459 1036 τῆς
2511 966 2570 1018 δὲ
2601 965 2804 1031 ἔξωθεν
2833 966 3134 1032 διαθέσεως
3184 969 3283 1039 τῆς
3314 971 3488 1039 αὐτῆς
3524 971 3700 1036 σωζο-

2109 1058 2299 1127 μένης,
2328 1059 2415 1111 ἵνα
2448 1059 2638 1130 μηδεὶς
2666 1060 2816 1131 ὑμᾶς
2848 1059 3058 1130 ἴλιγγος
3095 1065 3389 1134 κατασχὼν
3419 1066 3694 1138 ἀπαγάγῃ

2105 1151 2203 1220 τῆς
2235 1151 2618 1223 μεταλήψεως.
2653 1153 2844 1207 Ταῦτα
2886 1154 3072 1209 τοίνυν
3110 1155 3254 1209 οὕτω
3285 1157 3596 1223 ποιοῦντες,
3631 1161 3697 1211 οὐ

2107 1245 2292 1314 φιλίας
2322 1245 2490 1301 ἕνεκα
2531 1247 2715 1316 μόνον.
2746 1248 2886 1303 ἀλλά
2942 1250 3039 1303 καὶ
3065 1250 3356 1318 ὠφελείας,
3399 1253 3492 1305 καὶ
3519 1254 3684 1321 λόγου

2105 1338 2200 1391 καὶ
2232 1336 2349 1407 βίου
2392 1338 2830 1409 μνημονεύοντες
2873 1341 2983 1394 τῶν
3011 1342 3186 1414 ἐμῶν,
3218 1346 3276 1396 ἐν
3328 1346 3397 1414 τῇ
3447 1362 3700 1413 πνευμα-

2105 1433 2230 1500 τικῇ
2277 1429 2394 1503 ζωῇ
2449 1432 2756 1503 προκόψετε
2806 1433 3021 1504 δήπου,
3071 1436 3166 1488 καὶ
3226 1435 3330 1505 τῆς
3386 1437 3698 1507 μελλούσης

2105 1521 2320 1592 ἐκείνης
2372 1523 2649 1595 ὲγκαίρως
2695 1521 3096 1596 ἀξιωθήσεσθε,
3129 1528 3265 1595 πρὸς
3309 1530 3376 1599 ἢν
3409 1528 3555 1598 ὑμᾶς
3587 1531 3695 1599 ἀρ·-

2107 1613 2348 1680 κούντως
2393 1615 2632 1684 πρόσθεν
2681 1617 3017 1688 κατήρτισα.
3047 1617 3220 1684 Οὗτος
3263 1621 3293 1673 ό
3333 1619 3427 1674 τοῦ
3479 1638 3698 1691 μυστηο

2108 1709 2228 1780 ρίου
2268 1708 2495 1774 σκοπὸς,
2523 1702 2570 1762 ὦ
2619 1710 2911 1776 παρόντες,
2941 1709 3017 1774 ὡς
3063 1713 3123 1766 έν
3173 1713 3378 1781 ὀλίγοις
3417 1715 3549 1782 περὶ
3590 1713 3692 1767 τοῦ

2109 1799 2369 1870 μεγίστου
2405 1801 2501 1854 καὶ
2531 1800 2812 1855 θειοτάτου
2843 1802 3140 1857 διαλαϐεῖν.
3178 1805 3305 1859 Καὶ,
3336 1803 3430 1858 νῦν
3478 1805 3538 1857 τὸ
3589 1822 3696 1874 μυ-

415 1876 642 1948 ditores,
673 1889 939 1952 quantum
976 1883 1169 1951 paucis
1197 1881 1266 1937 de
1303 1881 1544 1936 maximo
1571 1892 1627 1937 et
1650 1883 1999 1941 divinissimo

2107 1895 2327 1964 στήριον
2356 1894 2468 1956 τοῖς
2501 1894 2792 1964 μετέχουσι
2817 1895 3106 1966 προκοπὴν
3141 1898 3240 1964 τῆς
3267 1897 3409 1950 κατὰ
3441 1897 3685 1967 Χριστοῦ

413 1977 758 2025 sacramento
805 1969 990 2024 dicere
1014 1970 1169 2025 licet.
1201 1971 1264 2024 Et
1293 1986 1441 2026 nunc
1476 1982 1887 2028 sacramentum
1941 1977 1996 2030 in

414 2064 972 2127 communicantibus,
1035 2063 1340 2133 profectum
1371 2065 1498 2120 vita:
1525 2065 1579 2118 in
1611 2064 1832 2121 Christo
1869 2081 2000 2137 ope-

417 2164 591 2220 ratur,
619 2156 873 2226 quodque
912 2157 1274 2226 corporaliter
1301 2155 1496 2221 ellicit,
1533 2156 1586 2211 id
1624 2173 1735 2228 quo
1762 2158 1882 2227 ejus
1915 2159 1998 2212 vi-

413 2247 722 2309 detur,hoc
754 2255 970 2302 secreto
989 2257 1044 2303 et
1093 2249 1450 2304 invisibiliter
1473 2250 1712 2319 perlicit,
1753 2251 1805 2306 id
1852 2252 2000 2321 quod

418 2340 647 2393 interius
670 2349 774 2395 est.
799 2339 986 2394 Nutrit
1023 2341 1168 2395 enim
1203 2351 1258 2397 et
1283 2341 1459 2398 reﬁcit
1483 2344 1721 2397 animam
1752 2355 1998 2400 nostram

413 2430 621 2484 Christi
659 2445 881 2500 corpus,
921 2433 1066 2487 sicut
1101 2432 1259 2500 panis
1301 2435 1517 2504 corpori
1569 2435 1711 2488 idem
1757 2446 1999 2504 praestat.

418 2520 480 2573 Et
508 2519 644 2573 sicut
683 2523 986 2590 rcgenerati
1014 2532 1068 2574 et
1094 2521 1360 2588 baptizati
1394 2521 1702 2590 accipimus
1733 2538 1854 2576 esse
1881 2538 2004 2590 gra-

415 2613 504 2666 tia:
528 2628 634 2682 quo
664 2613 864 2667 desiuit
917 2629 1042 2669 esse
1093 2615 1326 2683 peccati.
1365 2614 1512 2668 uncti
1545 2629 1670 2669 vero
1701 2615 2002 2668 chrismate

415 2707 466 2758 in
495 2707 922 2775 regenerationis
936 2706 1082 2760 dono
1109 2707 1525 2768 conlirmamur,
1557 2718 1611 2761 et
1641 2709 1841 2777 signati
1869 2724 2002 2762 cun-

414 2797 685 2853 l'nrtamur
717 2798 783 2851 ad
818 2799 1126 2869 spiritualia
1154 2801 1483 2862 certamina,
1514 2816 1647 2868 qua!
1691 2816 1792 2854 nos
1840 2800 2006 2870 Spiri-
2031 2867 2044 2873 _

417 2891 636 2946 iualiter
683 2893 897 2952 genitos
946 2890 1136 2944 subire
1189 2905 1419 2959 prorsus
1477 2907 1704 2946 necesse
1758 2902 1878 2958 est;
1929 2894 2000 2945 ita

414 2985 582 3037 etiam
613 2982 958 3035 robustiores
1009 2980 1184 3034 factos
1222 2980 1425 3034 nutriri
1463 2990 1698 3050 oportet,
1753 2991 1806 3036 et
1856 2983 2007 3036 acci-

417 3090 544 3143 pere
566 3073 1032 3142 pcrseverantiam
1059 3080 1114 3128 et
1143 3083 1494 3142 augmentum
1535 3075 1587 3127 in
1613 3075 1800 3128 eadem
1832 3076 2004 3140 gratia

419 3182 515 3236 per
537 3175 946 3228 sacramentum
981 3165 1415 3220 communionis.
1449 3164 1521 3221 Ut
1554 3167 1696 3220 enim
1725 3166 1877 3220 calor
1904 3180 2004 3220 na-

2100 1988 2249 2058 ζωῆς
2297 1985 2657 2057 ἐνεργάζεται
2704 1987 2844 2058 ὅπερ
2880 1988 3215 2058 σωματικῶς
3261 1989 3366 2059 δρᾷ
3397 1990 3461 2042 τὺ
3493 1990 3704 2058 φαινό-·

2104 2095 2266 2148 μενον
2289 2078 2455 2132 αὑτοῦ
2474 2096 2488 2110 ο
2527 2077 2686 2132 τοῦτο
2718 2078 2998 2146 μυστικῶς
3024 2097 3085 2132 τε
3126 2079 3221 2134 καὶ
3249 2080 3500 2150 ἀοράτως
3536 2081 3690 2135 ἔνδον

2101 2170 2283 2225 ἀνύον.
2321 2172 2526 2242 Τρέφει
2581 2172 2694 2242 γὰρ
2741 2172 2836 2226 καὶ
2887 2174 3195 2228 ἀνακτάται
3255 2173 3359 2244 τὴν
3408 2175 3693 2245 ἡμετέραν

2099 2261 2280 2332 ψυχὴν
2327 2261 2388 2314 τὸ
2432 2261 2528 2315 τοῦ
2573 2262 2816 2329 Χριστοῦ
2850 2263 3031 2334 σῶμα,
3064 2265 3324 2338 καθάπερ
3354 2266 3382 2318 ό
3412 2265 3579 2334 ἄρτος
3608 2264 3692 2333 τῷ

2103 2353 2316 2425 σώματι
2363 2354 2522 2408 τοῦτο
2566 2357 2883 2426 ἐργάζεται.
2934 2359 3041 2410 Καὶ
3089 2358 3342 2428 καθάπερ
3376 2355 3691 2423 άναγεννώ⁹

2107 2447 2248 2516 μεθα
2307 2448 2722 2520 βαπτιζόμενοι,
2756 2463 2854 2508 καὶ
2897 2451 2958 2504 τὸ
2983 2447 3123 2504 εἶναι
3168 2451 3266 2520 τῆς
3315 2453 3558 2521 χάριτος,
3589 2448 3690 2503 τοῦ

2102 2535 2245 2592 εἶναι
2289 2541 2390 2609 τῆς
2435 2541 2715 2614 ἁμαρτίας
2765 2543 3263 2614 ἀντιλαμϐάνομεν,
3297 2543 3583 2614 χριόμενοι
3632 2541 3694 2594 δὲ

2103 2632 2179 2700 τίῙ)
2213 2633 2372 2703 μύρῳ
2417 2636 2474 2686 ἐν
2516 2637 2670 2706 αὐτῷ
2719 2637 2818 2706 τῆς
2859 2637 3274 2707 ἀναγεννήσεως
3317 2633 3693 2706 βεϐαιούμεθα

2102 2724 2282 2794 δώρῳ,
2343 2726 2436 2778 καὶ
2493 2727 2629 2795 πρὸς
2651 2728 2782 2791 τοὺς
2827 2730 3242 2799 πνευματικοὺς
3289 2729 3511 2799 ἀγῶνας
3580 2730 3692 2781 ἐνι-

2106 2817 2386 2886 σχυόμεθα.
2438 2819 2876 2888 σημειούμενοι,
2930 2821 3024 2886 οὓς
3084 2824 3301 2893 ἀνάγκη
3356 2825 3509 2877 πᾶσα
3559 2825 3691 2884 τοὺς

2108 2910 2497 2980 πνευματικῶς
2544 2917 2924 2983 γεννωμένους
2986 2915 3348 2987 ὑπέρχεσθαι,
3411 2915 3554 2970 οὕτω
3608 2917 3694 2970 δεῖ

2108 3002 2201 3054 καὶ
2234 3000 2535 3071 τρέφεσθαι
2573 3003 3020 3074 δυναμωθέντας,
3054 3008 3149 3060 καὶ
3178 3009 3279 3076 τὴν
3306 3009 3364 3062 ὲν
3403 3011 3470 3080 τῇ
3504 3009 3690 3080 χάριτι

2106 3089 2406 3160 λαμϐάνειν
2431 3093 2695 3165 διαμονὴν
2727 3097 2822 3149 καὶ
2856 3098 3120 3162 ἐπίδοσιν,
3156 3101 3234 3170 τῷ
3269 3102 3558 3171 μυστηρίῳ
3586 3101 3688 3170 τῆς

2113 3183 2490 3252 μεταλήψεως.
2519 3185 2733 3258 Ὥσπερ
2786 3191 2896 3261 γὰρ
2948 3193 2980 3261 ἡ
3035 3192 3240 3263 φυσικὴ
3287 3193 3384 3246 τοῦ
3435 3193 3694 3263 σώματος

423 3255 610 3310 tttralis
650 3255 898 3325 corporis
923 3264 1272 3311 consumeret
1299 3257 1586 3311 humidum
1633 3257 1881 3327 ejusdem
1917 3259 2000 3313 in-

2107 3271 2286 3341 θέρμη
2319 3272 2586 3328 ἀναλώσει
2637 3255 2712 3330 ἂν
2736 3255 2836 3352 την
2863 3255 3119 3351 ’ἔμφυτον
3153 3255 3432 3354 ὑγρότητα
3463 3255 3689 3347 τούτου,

422 3352 632 3406 natum,
660 3343 760 3397 nisi
789 3343 1178 3400 alimentorum
1215 3346 1534 3402 accessione
1584 3346 1731 3401 facta
1783 3357 2006 3403 susten-

423 3445 663 3502 taretur,
722 3445 776 3491 et
845 3437 1052 3492 idcirco
1103 3439 1229 3493 cibo
1279 3449 1333 3494 et
1402 3449 1534 3510 potu
1601 3452 2007 3496 conservantur

419 3528 627 3597 optime
651 3529 841 3584 vitalia
873 3529 1128 3594 interius,
1180 3531 1381 3601 quibus
1412 3542 1608 3587 natura
1655 3541 1839 3588 nostra
1873 3548 2008 3587 con-

420 3620 588 3684 sisﬁt,
614 3630 872 3689 corrupta
897 3623 1081 3677 calore
1108 3633 1438 3693 reparantur
1482 3634 1538 3679 et
1577 3635 2002 3690 conservantur,

417 3722 472 3765 et
501 3713 838 3781 impossibile
866 3723 945 3768 est
992 3714 1150 3768 aliter
1201 3716 1493 3769 humanam
1527 3716 1695 3769 vitam
1729 3715 2006 3785 qualiter-

417 3820 633 3873 cunque
671 3805 970 3860 sustentari
1010 3823 1026 3861 :
1071 3807 1143 3860 ita
1201 3816 1256 3862 et
1304 3808 1523 3862 malitiae
1572 3810 1723 3862 calor
1773 3810 2005 3864 interius

419 3897 660 3952 animam
717 3897 1042 3969 depascens,
1087 3901 1418 3972 pietatisque
1484 3903 1686 3958 bonam
1719 3901 2002 3956 habitudio

417 3985 559 4044 nent'
605 3991 884 4046 emaciatis
917 4031 934 4056 ,
1002 3992 1207 4046 laceret
1258 4007 1376 4047 eam
1469 3993 1696 4046 omnino
1746 3991 2002 4058 deiicere,

414 4081 517 4135 nisi
549 4081 733 4136 anima
771 4082 916 4137 hunc
948 4083 1295 4153 spiritualem
1326 4086 1507 4138 cilium
1568 4086 1866 4155 acciperet,
1900 4086 2000 4140 ob-

415 4172 704 4229 sistentem
752 4173 804 4227 vi
841 4176 1174 4245 corruptrici
1217 4177 1459 4242 malitia:,
1502 4187 1557 4230 et
1587 4176 1642 4230 in
1671 4177 1833 4232 nobis
1855 4176 2004 4232 dona

413 4265 724 4335 spiritualia
745 4266 1165 4321 conﬁrmantem
1198 4277 1254 4322 et
1280 4277 1554 4336 agentem.

486 4443 702 4514 Corpus
753 4451 939 4500 autem
995 4444 1204 4501 Christi
1259 4447 1512 4518 corporis
1543 4449 1757 4503 ratione
1782 4457 1868 4504 est
1898 4466 2002 4504 nn-

416 4537 609 4602 triens,
661 4538 880 4592 ratione
936 4552 1066 4592 vero
1114 4539 1371 4608 puritatis
1408 4555 1505 4610 per
1561 4543 1820 4598 unionem
1875 4559 1999 4600 cum

413 4628 601 4684 divina
633 4641 829 4684 natura
861 4631 1164 4704 puriﬁcans
1201 4641 1254 4685 et
1316 4633 1691 4700 sanctilicans,
1719 4635 1998 4692 sulIicien-

419 4733 502 4776 ter
555 4723 719 4777 nobis
763 4722 1053 4791 spirituale
1108 4725 1315 4793 praebet
1358 4726 1705 4781 alimentum.
1764 4729 1838 4784 Ita
1876 4746 2006 4787 vero

415 4809 679 4878 praeclare
745 4810 1024 4875 nutritus,
1086 4813 1151 4864 all
1218 4815 1562 4882 Spiritualem
1600 4820 1890 4886 puritatem
1950 4833 2007 4876 et

417 4902 714 4957 sanitatem
748 4904 976 4970 reducit,
1017 4920 1127 4974 qua
1167 4907 1296 4960 olim
1329 4922 1430 4962 nos
1478 4910 1632 4964 vetiti
1675 4911 1882 4970 fructus
1913 4929 2007 4970 co-

421 4997 616 5050 utestio
647 4995 938 5066 dejeccrat.
981 4994 1278 5067 Oportebat
1331 5001 1473 5054 enim
1509 5017 1642 5069 nos,
1685 5005 1778 5074 qui
1808 5021 2006 5075 corpo-

424 5102 521 5142 rco
547 5088 784 5158 quodam
819 5089 941 5144 cibo
977 5091 1353 5146 innocentiam
1389 5103 1445 5148 et
1480 5096 1771 5152 sanitatem
1804 5103 2004 5155 amise-

413 5195 626 5245 ramus,
658 5195 926 5251 corporeo
948 5182 1184 5252 quodam
1210 5183 1471 5239 alimento
1494 5186 1639 5240 illaut
1668 5198 2002 5253 restaurare,

411 5280 473 5325 ut
527 5273 602 5326 ita
660 5273 861 5328 similia
926 5275 1243 5340 similibus,
1281 5285 1335 5331 et
1384 5279 1660 5334 contraria
1709 5282 2004 5336 contrariis

409 5373 1135 5434 opportune-curarentur,
1203 5371 1669 5439 quemadmodum
1733 5373 1840 5428 cibi
1897 5376 1998 5439 illi,

412 5463 646 5526 uterque
682 5473 1005 5529 corporeus,
1035 5469 1144 5514 tam
1178 5465 1270 5531 qui
1299 5464 1452 5532 prius
1487 5465 1656 5520 exitio
1681 5466 1802 5530 fuit,
1835 5484 1999 5536 quam

407 5551 511 5619 qui
551 5565 700 5608 nunc
725 5553 888 5609 saluti
935 5565 1041 5622 est,
1097 5557 1308 5611 sanitas
1350 5566 1406 5612 et
1440 5559 1546 5612 vita
1583 5559 1910 5628 spiritualis,
1947 5563 2001 5616 id

413 5641 561 5708 quod
585 5657 730 5698 nunc
759 5644 952 5712 salvat,
977 5655 1033 5701 ct
1058 5648 1208 5717 quod
1241 5649 1370 5704 olim
1400 5653 1670 5721 corrupit.
1707 5651 1810 5707 Sed
1847 5654 1998 5708 illum

409 5731 634 5800 quidem
662 5735 1015 5806 cibum,Deus
1049 5739 1442 5810 prohibuerat,
1477 5743 1643 5798 istum
1678 5761 1810 5802 vero
1854 5764 2000 5803 nunc

407 5832 469 5877 et
503 5827 759 5896 usurpari
790 5828 1040 5900 praecipit
1098 5839 1150 5887 et
1183 5832 1562 5890 subministrat
1592 5852 1604 5890 :
1638 5835 1786 5892 illum
1823 5841 1998 5896 malus

2114 3364 2189 3434 μὴ
2218 3367 2337 3426 ταῖς
2361 3366 2470 3418 ἀπὸ
2493 3367 2602 3420 τῶν
2643 3373 2864 3440 τροφῶν
2901 3373 3244 3444 προσθήκαις
3283 3373 3691 3447 βοηθουμένην,

2110 3457 2207 3509 καὶ
2251 3455 2344 3510 διὰ
2375 3456 2533 3512 τοῦτο
2567 3462 2634 3530 τῇ
2673 3466 2850 3535 τροφῇ
2883 3467 2977 3520 καὶ
3003 3467 3082 3536 τῷ
3116 3467 3324 3537 πόματι
3357 3468 3693 3536 φυλάττεται

2109 3550 2212 3618 μὲν
2261 3553 2329 3604 τὰ
2378 3554 2722 3607 συνιστῶντα
2772 3558 2872 3629 τὴν
2902 3559 3068 3628 φύσιν
3116 3561 3266 3617 ἔνδον
3319 3562 3526 3629 καλῶς,
3563 3559 3695 3616 άνά-

2109 3641 2412 3712 πληροῦται
2441 3644 2499 3697 δὲ
2534 3647 2602 3697 τὰ
2627 3646 2905 3718 φθαρέντα
2931 3655 2998 3722 τῇ
3032 3652 3236 3727 θέρμῃ,
3266 3656 3361 3708 καὶ
3407 3656 3692 3722 ἀνασώζε-

2105 3750 2233 3797 ται,
2289 3737 2384 3788 καὶ
2435 3735 2698 3793 ἀδύνατόν
2747 3743 2896 3795 ἐστιν
2949 3746 3128 3810 ἄλλως
3177 3748 3278 3818 τὴν
3337 3750 3692 3822 ἀνθρωπίνην

2107 3824 2276 3896 ζωὴν,
2316 3827 2425 3880 οὐδ’
2453 3830 2539 3897 ἐφ’
2591 3831 2814 3885 ὀσονοῦν
2861 3834 3188 3906 διαρκέσαι’
3222 3837 3396 3903 οὓτως
3440 3844 3474 3912 ἡ
3508 3842 3689 3914 θέρμη

2107 3919 2372 3990 πονηρίας
2400 3920 2616 3975 ἔνδοθεν
2648 3924 2746 3996 τὴν
2773 3925 2955 3998 ψυχὴν
2985 3945 3090 3982 κατ
3103 3933 3430 4002 ατρώγουσα
3469 3937 3548 4009 τῷ
3591 3939 3690 4009 τὴν

2106 4010 2339 4080 πιότητα
2365 4015 2462 4078 τῆς
2493 4014 2778 4080 εὐλαϐείας
2811 4018 3111 4090 ξηραίνειν,
3137 4026 3393 4098 ἐποίησεν
3423 4027 3491 4083 ἂν
3516 4030 3689 4102 αὐτὴν

2104 4103 2454 4156 παντάπασιν
2486 4104 2750 4173 ἐκλιπεῖν,
2783 4113 2831 4164 εί
2858 4113 2935 4182 μὴ
2958 4114 3055 4184 τὴν
3079 4122 3457 4189 πνευματικὴν
3481 4124 3686 4193 ταύτην

2111 4194 2144 4264 ἡ
2185 4193 2332 4265 ψυχὴ
2372 4198 2582 4268 τροφὴν
2637 4202 3118 4274 προσελάμϐανεν,
3153 4211 3689 4285 ἀντικαθισταμένην

2105 4289 2171 4356 τῇ
2198 4286 2475 4360 φθαρτικῇ
2507 4290 2733 4360 δυνάμει
2783 4296 2882 4365 τῆς
2912 4300 3203 4369 πονηρίας,
3229 4304 3323 4356 καὶ
3346 4307 3688 4362 συνιστῶσαν

2103 4379 2160 4430 ἐν
2193 4380 2326 4449 ἡμῖν
2351 4379 2421 4434 τὰ
2444 4387 2795 4454 πνευματικὰ
2813 4387 2909 4440 τοῦ
2931 4389 3067 4445 Θεοῦ
3089 4393 3262 4464 δῶρα,
3287 4397 3379 4450 καὶ
3396 4398 3688 4465 αὔξουσαν.

2176 4471 2250 4524 Τὸ
2280 4471 2338 4524 δὲ
2392 4473 2485 4526 τοῦ
2513 4476 2755 4546 Χριστοῦ
2809 4480 2969 4551 σῶμα
2997 4484 3076 4554 τῷ
3129 4486 3230 4555 μὲν
3273 4489 3418 4561 λόγῳ
3459 4492 3556 4546 τοῦ
3588 4496 3693 4548 σώ-

2031 4599 2082 4658 D
2115 4580 2283 4658 ματος
2326 4566 2554 4658 τρέφον,
2604 4570 2683 4640 τῷ
2727 4570 2786 4624 δὲ
2833 4574 2934 4643 τῆς
2981 4576 3359 4652 καθαρότητος
3417 4583 3564 4656 λόγῳ
3625 4591 3690 4657 τῇ

2109 4656 2247 4750 ’ξτρδς
2285 4656 2386 4728 τὴν
2427 4659 2593 4714 θείαν·
2621 4664 2786 4731 φύσιν
2837 4667 3029 4722 ένώσει
3076 4672 3341 4744 καθαῖρον
3371 4681 3480 4733 ,καὶ
3530 4656 3692 4750 ἀγιάέ

2109 4747 2223 4814 ζον,
2277 4751 2594 4821 ἀρκούντως
2639 4759 2774 4826 ἡμῖν
2817 4759 2920 4832 τὴν
2968 4767 3347 4839 πνευματικὴν
3394 4773 3692 4842 παρέχεται

2107 4841 2324 4911 τέρψιν.
2351 4845 2686 4915 Τρεφόμενοι
2722 4849 2778 4904 δὲ
2807 4851 2951 4906 οὕτω
2985 4855 3165 4921 καλῶς
3218 4861 3356 4929 πρὸς
3396 4841 3496 4933 τὴν
3531 4841 3691 4918 πνευι

2109 4936 2347 5029 ματικὴν
2397 4939 2750 5010 καθαρότητα
2803 4946 2898 4998 καὶ
2945 4948 3136 5015 ὑγείαν
3176 4953 3590 5026 ὲπαναγόμεθα,
3625 4953 3692 5029 ἧς

2106 5027 2253 5095 ἡμᾶς
2291 5027 2390 5097 τῆς
2427 5031 2818 5106 κεκωλυμένης
2872 5037 3078 5108 βρῶσις
3120 5044 3318 5108 ἐξέωσε
3362 5050 3508 5103 τότε.
3538 5027 3694 5104 Ἔδει

2106 5119 2216 5189 γὰρ
2271 5120 2420 5190 ἡμᾶς
2457 5131 2743 5197 σωματικῇ
2786 5147 2892 5183 τινι
2927 5132 3130 5201 βρώσει
3168 5139 3267 5208 τὴν
3319 5142 3694 5213 ἀκεραιότητα

2107 5215 2201 5262 καὶ
2263 5213 2361 5282 τὴν
2419 5215 2606 5283 ὑγείαν
2657 5221 2875 5292 ἐκείνην
2937 5225 3334 5294 ἀποϐαλόντας,
3401 5240 3689 5305 σωματικῇ

2105 5317 2212 5353 τινι
2250 5302 2412 5356 πάλιν
2460 5311 2637 5378 τροφῇ
2688 5312 2826 5380 πρὸς
2861 5315 3077 5386 ἐκείνην
3120 5320 3465 5391 ἐπανελθεῖν,
3489 5302 3594 5380 καὶ
3625 5302 3693 5379 τά

2109 5391 2207 5460 μὲν
2237 5393 2400 5461 ὃμοια
2430 5401 2541 5463 τοῖς
2573 5404 2784 5471 ὁμοίοις
2805 5405 3212 5482 θεραπευθῆναι
3239 5415 3444 5480 καλῶς,
3480 5420 3592 5481 τοῖς
3633 5419 3691 5471 δὲ

2106 5486 2367 5552 ἐναντίοις
2407 5491 2475 5543 τὰ
2527 5495 2768 5562 ἐναντία,
2803 5496 2917 5552 οἷον
2967 5502 3202 5572 βρώσεις
3245 5507 3345 5577 μὲν
3373 5511 3543 5581 ἄμφω
3587 5530 3692 5564 σω·-

2109 5583 2353 5672 ματικαὶ,
2390 5583 2424 5652 ἧ
2460 5601 2517 5637 τε
2544 5586 2910 5661 διαφθείρασα
2944 5595 3039 5664 τὴν
3062 5598 3261 5670 ἀρχὴν,
3290 5601 3323 5672 ἦ
3353 5619 3412 5656 τε
3441 5604 3692 5669 σώζουσα

2105 5667 2222 5734 νῦν,
2259 5673 2353 5724 καὶ
2391 5675 2549 5743 ὑγεία
2594 5683 2689 5732 καὶ
2741 5690 3090 5760 πνευματικὴ
3143 5691 3278 5764 ζωὴ,
3317 5695 3378 5748 τό
3420 5714 3478 5749 τε
3521 5697 3692 5762 σωζό-

2106 5779 2289 5830 μενον,
2331 5767 2392 5819 τό
2422 5785 2486 5860 *τε
2533 5772 2917 5845 φθειρόμενον.
2961 5781 3100 5835 Ἀλλ’
3129 5788 3364 5857 -ἐκείνην
3410 5790 3509 5860 μὲν
3556 5791 3691 5843 ἀπέ-

2101 5870 2306 5924 τρεπεν
2339 5860 2366 5910 ὁ
2406 5858 2560 5930 Θεὸς,
2586 5867 2792 5940 ταύτην
2832 5871 2885 5924 δὲ
2917 5873 3015 5927 νῦν
3056 5879 3341 5953 ἐπιτρέπει
3397 5884 3488 5936 καὶ
3524 5899 3691 5954 χορη-
