4038 6426
359 428 461 492 3ἒ7

1338 426 1526 487 ΠΟΜ.
1571 426 1672 486 DE
1707 421 2033 484 SACRAM.
2079 418 2438 481 CORPORE
2481 419 2541 481 Ι.
2571 420 2637 481 C.

3529 385 3646 480 aa

359 554 486 620 γεῖ·
542 549 809 620 κάκείνην
858 548 958 620 μὲν
1004 549 1034 603 ό
1080 546 1321 618 πονηρὸς
1379 547 1657 616 εἰσηγεῖτο
1709 540 1948 613 δαίμων,

2063 536 2269 593 daemon
2309 535 2584 602 exhibuit,
2615 534 2784 590 istius
2823 547 2954 590 vero
2984 532 3157 589 Filius
3184 530 3280 590 Dei
3314 548 3423 589 non
3454 514 3608 590 horta
3629 564 3644 574 ο

359 643 570 714 ταύτης
613 642 672 696 δὲ
702 644 731 695 ό
765 641 862 696 τοῦ
909 640 1048 695 Θεοῦ
1087 632 1239 704 Υἰδς,
1268 639 1332 693 οὐ
1388 637 1696 708 σύμϐουλος
1755 635 1942 707 μόνον,

361 738 498 791 ἀλλά
554 736 802 799 διάκονος
834 788 845 789 ,
872 735 1084 802 γίνεται
1112 749 1128 766 ο
1189 732 1421 801 κάκείνη
1486 732 1587 802 μὲν
1642 728 1946 802 ἡρπάζετο,

366 831 500 900 πρὸς
559 830 765 897 ταύτην
817 828 875 882 δὲ
935 827 1029 880 καὶ
1102 823 1588 898 παρακαλούμεθα,
1648 819 1946 895 φανερῶςῗ

366 923 594 995 κάκείνῃ
630 921 1015 992 μὲνιῦφέδρευε
1052 924 1153 991 τῆς
1185 919 1557 992 παραϐάσεως
1586 917 1615 969 ὁ
1647 915 1747 978 ἰὸς,
1774 912 1949 983 ταύτῃ

365 1017 421 1071 δὲ
450 1016 868 1083 ὑποκέκρυπται
896 1014 1173 1087 θησαυρὸς
1205 1010 1431 1082 ἀγαθῶν
1456 1008 1852 1080 ἀναρίθμητος.
1875 1007 1951 1060 Τὸ

365 1110 473 1180 γὰρ
501 1108 800 1178 ἱερώτατον
836 1107 933 1162 τοῦ
976 1105 1219 1177 Χριστοῦ
1257 1105 1424 1175 σῶμα
1470 1102 1655 1165 καλῶς
1696 1099 1949 1169 ἐσθιόμε-

366 1218 475 1268 νον,
508 1199 585 1265 ὦς
627 1216 793 1273 φησιν
840 1202 869 1253 ό
921 1198 1068 1263 θεῖος
1115 1197 1446 1271 Γρηγὸριος,
1491 1192 1796 1264 πολεμοῦσι
1847 1192 1951 1263 μέν

367 1298 517 1350 ἐστιν
544 1294 729 1361 ὅπλον,
751 1292 1097 1365 ἀποδημοῦσι
1120 1292 1178 1346 δὲ
1211 1290 1474 1354 ἐπάνοδος
1498 1305 1515 1324 ο
1535 1288 1667 1352 τοὺς
1695 1287 1949 1349 ἀσθενεῖς

368 1388 627 1460 ἐνισχύει,
660 1388 790 1451 τοὺς
834 1385 1187 1459 ἐρρωμένους
1234 1372 1548 1455 εὐφραίνει,
1607 1382 1708 1446 τὰς
1759 1382 1951 1444 νόσους

372 1486 539 1550 ἰᾶται,
565 1482 663 1554 τὴν
692 1463 885 1552 ὑγείαν
909 1480 1260 1549 διαφυλάττει
1285 1497 1300 1512 ο
1329 1477 1421 1532 διά
1448 1475 1644 1530 τούτου
1679 1472 1951 1544 γινόμεθα

369 1577 660 1646 πραότεροι
688 1574 827 1647 πρὸς
855 1573 1168 1645 διόρθωσιν,
1192 1571 1332 1644 πρὸς
1354 1571 1485 1634 τοὺς
1506 1568 1708 1632 πόνους
1736 1583 1951 1637 μακρο-

369 1671 681 1741 θυμότεροι,
728 1668 1055 1741 θερμότεροι
1095 1666 1233 1736 πρὸς
1273 1664 1524 1736 ἀγάπην,
1554 1662 1696 1732 πρὸς
1740 1659 1949 1728 γνῶσιν

369 1762 805 1836 ἀγχινούστεροι,
834 1761 1240 1832 προθυμότεροι
1290 1761 1427 1829 πρὸς
1458 1756 1733 1819 ὑπακοὴν,
1756 1754 1949 1822 ὀξύτε-

2056 639 2145 686 tor
2168 629 2373 694 solum,
2398 628 2497 684 sed
2548 637 2601 683 et
2653 627 2907 683 minister
2926 635 3013 683 est
3044 646 3060 684 :
3091 626 3185 682 ille
3231 636 3421 696 raptus
3449 639 3553 694 est,
3578 631 3644 682 att

2058 719 2224 774 istum
2259 715 2549 772 manifeste
2591 715 2921 780 invitamur,
2965 716 3019 771 in
3069 717 3164 772 illo
3211 716 3416 773 latebat
3462 728 3645 774 trans-

2061 807 2374 881 gressionis
2406 823 2703 875 venenum,
2736 808 2793 863 in
2817 807 2923 864 isto
2947 809 3273 865 reconditur
3344 812 3647 867 thesaurus

2055 901 2308 957 inlinitus
2341 901 2640 956 bonorum.
2665 900 3066 956 Sanctisimum
3104 899 3250 956 enim
3278 901 3483 958 Christi
3519 919 3647 959 cor-

2055 1011 2159 1066 pus
2190 1003 2494 1051 comestum
2521 1002 2581 1049 ut
2606 994 2787 1060 decet,
2814 994 2959 1049 sicut
2987 993 3065 1048 ait
3086 993 3306 1051 divinus
3323 995 3641 1066 Gregorius,

2055 1088 2430 1159 pugnantibus
2493 1097 2775 1141 armatura
2807 1094 2916 1151 est,
2982 1086 3469 1157 peregrinantibus
3502 1089 3648 1144 redi-

2054 1188 2148 1237 tus
2173 1223 2189 1248 ,
2217 1178 2471 1235 inﬁrmos
2509 1179 2860 1244 corroborat,
2892 1179 3157 1235 robustos
3205 1179 3467 1243 laetiﬁcat,
3503 1196 3650 1235 mor-

2055 1277 2157 1333 bos
2187 1281 2370 1338 sanat,
2398 1281 2693 1329 sanitatem
2721 1285 3018 1329 conservat
3048 1287 3065 1326 :
3097 1287 3197 1343 per
3227 1273 3356 1328 illud
3379 1272 3652 1328 eﬂicimur

2055 1368 2307 1422 mitiores
2336 1364 2406 1420 ad
2442 1365 2915 1434 emendationem,
2966 1364 3473 1422 constantiores-ad
3500 1366 3653 1421 labo-

2054 1476 2169 1522 res.
2200 1459 2566 1516 ferventiores
2601 1457 2670 1513 ad
2700 1458 3058 1523 charitatem,
3091 1458 3417 1515 subtiliores
3447 1460 3513 1514 ad
3551 1474 3651 1515 co-

2053 1553 2385 1625 gnitionem,
2418 1551 2487 1607 ad
2519 1549 2891 1608 obedientiam
2942 1552 3257 1621 proniores,
3278 1552 3653 1623 promptiores

2054 1645 2125 1701 ad
2161 1645 2559 1733 charismatum
2583 1644 2991 1714 operationem,
3026 1644 3180 1700 sicut-
3206 1657 3318 1699 non
3345 1654 3496 1700 recte
3526 1659 3653 1714 per—

2055 1740 2389 1810 cipientibus
2414 1738 2701 1794 contraria
2733 1751 2966 1809 prorsus
2993 1738 3275 1803 accidunt,
3295 1745 3351 1793 et
3381 1737 3440 1792 iit
3465 1755 3649 1792 mensa

372 1829 612 1931 ροιπρδς
644 1829 743 1928 την
772 1829 891 1909 τῶν⁷
915 1829 1276 1927 χαρισμάτων
1311 1851 1622 1922 ἐνέργειαν,
1655 1842 1731 1903 ὧν
1756 1849 1958 1901 τάναν-

2063 1843 2262 1889 contra
2289 1846 2387 1887 eos
2451 1831 2506 1885 in
2551 1830 2793 1894 foveam,
2827 1836 2881 1883 et
2915 1830 2968 1884 in
3020 1829 3466 1894 retributionem,
3500 1840 3555 1885 et
3594 1831 3654 1886 iu

370 1954 460 2007 τία
482 1953 594 2014 τοῖς
616 1950 677 2005 οὔ
714 1948 896 2013 καλῶς
929 1944 1446 2019 μεταλαμϐάνουσιν
1477 1944 1707 1998 ἓπεται’
1737 1940 1953 2010 γίνεται

371 2047 405 2116 ἡ
436 2045 682 2116 τράπεζα
709 2042 833 2096 κατ’
874 2042 1057 2095 αὐτῶν
1081 2041 1162 2105 εἰς
1196 2038 1412 2111 βόθρον,
1439 2038 1536 2092 καὶ
1584 2026 1664 2099 εἰς
1706 2035 1953 2089 ἀνταπό-

369 2139 532 2208 δομα.
564 2136 661 2191 καὶ
692 2137 773 2198 εἰς
811 2133 1135 2196 σκάνδαλον,
1168 2132 1265 2186 καὶ
1314 2132 1414 2185 ὅσα
1446 2129 1584 2185 ἀλλα
1629 2130 1745 2192 τοῖς
1775 2124 1957 2181 τοιού-

368 2249 487 2296 τοις
529 2229 853 2300 συμϐαίνειν
893 2226 1022 2296 περί
1064 2226 1165 2296 τῆς
1217 2226 1369 2295 ἰερᾶς
1415 2223 1624 2292 ταύτης
1668 2221 1956 2295 τραπέζης

314 2350 317 2357 ι
374 2323 732 2396 προφητεύων
765 2322 794 2376 ό
820 2320 987 2375 Δαδίδ
1008 2318 1256 2390 ἀριθμεῖ.
1290 2317 1356 2370 ’Ὦ
1389 2314 1695 2385 μυστηρίου
1732 2313 1955 2368 πάντων

309 2457 317 2463 -
371 2415 694 2488 μυστηρίων
731 2413 1063 2487 ίερωτάτου,
1086 2413 1182 2466 καὶ
1212 2410 1346 2465 αὐτὸ
1380 2408 1443 2464 τὸ
1492 2406 1593 2463 τοῦ
1635 2406 1957 2479 βαπτίσμα-

374 2527 464 2573 τος
518 2508 975 2579 ὑπερϐαίνοντοςο
1019 2504 1091 2560 δι’
1145 2505 1358 2558 εκείνου
1419 2502 1520 2572 μὲν
1575 2500 1685 2570 γὰρ
1745 2500 1880 2570 ἡμῖν
1928 2500 1958 2553 ό

373 2603 651 2674 Δεσπότης
684 2600 825 2656 κατά
867 2600 1101 2669 δύναμιν
1148 2599 1342 2669 μόνην,
1379 2597 1472 2651 διά
1517 2595 1575 2649 δὲ
1602 2593 1797 2648 τούτου
1831 2592 1955 2647 κατ’

372 2697 575 2768 οὐσίαν,
607 2698 741 2769 ἡμῖν
788 2695 1062 2750 κοινωνεῖ,
1134 2693 1199 2747 Ὢ
1253 2691 1538 2761 θαύματος
1600 2686 1790 2759 θαῦμα
1844 2687 1958 2742 πᾶν

376 2793 832 2866 ὑπερϐαίνοντοςί
866 2792 939 2847 Ὦ
971 2787 1447 2853 Μετουσιώσεως
1496 2785 1635 2839 πολὺ
1670 2785 1731 2839 τὸ
1779 2784 1959 2855 παρά-

324 2928 333 2937 .
370 2887 524 2953 δοξον
567 2886 826 2957 ἐχούσης.
856 2885 952 2941 καὶ
1003 2883 1220 2956 χαρίεν,
1249 2885 1364 2946 τοῖς
1416 2883 1484 2951 τῇ
1544 2880 1730 2934 πίστει
1763 2895 1958 2949 πεφω-

376 2979 673 3049 τισμένοις.
709 2978 876 3032 Οὐδὲν
914 2977 1014 3047 μὲν
1050 2970 1146 3030 οὖν
1197 2976 1316 3027 ἐστι
1370 2973 1636 3044 χαλεπὸν,
1684 2971 1795 3026 οὐδ’
1823 2971 1957 3027 ἀπί-

380 3071 541 3126 θανόν
567 3089 645 3139 τι,
671 3071 773 3144 τὴν
801 3070 1029 3141 πρώτην
1058 3071 1277 3125 πάντων
1302 3070 1483 3123 αἰτίαν
1512 3068 1687 3121 ποιεῖν
1715 3084 1768 3120 τι
1807 3065 1960 3137 παρὰ

378 3167 479 3239 τὴν
508 3166 934 3236 ὲγκαθεστεῖσαν
979 3162 1072 3218 ὑπ’
1102 3162 1269 3237 αὑτοῦ
1301 3165 1417 3224 τοίς
1456 3162 1751 3230 πράγμασι
1776 3159 1956 3225 τάξιν,

2057 1924 2402 1987 scandalum,
2429 1933 2487 1978 et
2537 1936 2885 1993 quascunque
2919 1921 3026 1976 alia
3069 1922 3268 1976 talibus
3293 1923 3547 1978 accidere
3585 1926 3654 1978 dc

2058 2018 2162 2073 hac
2194 2030 2356 2073 sacra
2392 2030 2581 2070 mensa
2645 2014 2987 2086 propbetans
3039 2014 3210 2070 David
3241 2024 3559 2071 enumerat.
3607 2018 3654 2071 0

2058 2116 2472 2165 sacramentum
2519 2106 2767 2161 omnium
2816 2117 3291 2175 sacramentorum
3334 2108 3650 2163 sacratissi.

2057 2217 2234 2266 mum,
2255 2209 2312 2258 et
2340 2202 2461 2272 ipso
2495 2197 2847 2270 baptismatis
2870 2208 3228 2256 sacramento
3252 2201 3614 2268 praestantius
3635 2201 3654 2255 ι

2057 2308 2157 2363 per
2178 2295 2283 2349 hoc
2301 2293 2448 2348 enim
2474 2290 2743 2347 Dominus
2792 2292 2956 2347 nobis
3006 2293 3312 2348 secundum
3346 2296 3650 2366 potentiam

2058 2387 2433 2452 solummodo,
2489 2401 2589 2456 per
2642 2383 2782 2441 illud
2833 2385 3134 2442 secundum
3198 2387 3563 2443 substantiam
3594 2404 3656 2444 se

2059 2476 2468 2532 communicati
2520 2476 2565 2531 0
2615 2476 2943 2531 miraculum
2997 2476 3148 2532 omni
3175 2477 3445 2534 miraculo
3486 2493 3651 2548 supe-

2059 2572 2176 2628 rius
2203 2572 2218 2627 !
2251 2570 2298 2628 Ο
2324 2570 3002 2627 Τγαηεειιὺειοηιὶαιὶοηεηι
3033 2570 3195 2641 plane
3253 2572 3563 2628 mirabilem
3600 2582 3657 2628 et

2060 2666 2417 2738 stupendam,
2463 2674 2519 2722 et
2552 2665 2623 2722 iis
2647 2665 2740 2736 qui
2779 2663 2883 2720 lide
2912 2671 3045 2720 sunt
3074 2662 3372 2719 illuminati
3404 2665 3656 2736 gratissi-

2061 2761 2246 2816 mam!
2295 2758 2413 2816 Non
2444 2759 2698 2830 equidem
2752 2757 2976 2814 diliieile
3028 2767 3111 2813 est
3156 2767 3250 2812 aut
3305 2759 3654 2820 incredibile.

2060 2852 2208 2925 quod
2259 2851 2436 2924 prima
2471 2867 2656 2907 rerum
2712 2853 2959 2906 omnium
3016 2867 3185 2908 causa
3225 2852 3451 2908 efficere
3497 2854 3661 2924 quid-

2061 2961 2227 3018 quam
2252 2946 2430 3017 possit
2471 2952 2678 3017 prazter
2727 2935 3090 3001 constitutum
3116 2962 3147 3001 a
3179 2948 3361 3018 seipsa
3409 2947 3463 3001 in
3494 2948 3658 3003 rebus

2061 3040 2489 3104 ordlncm,cum
2546 3037 2804 3104 voluerit,
2847 3037 2989 3108 quod
3038 3039 3258 3108 quidem
3326 3038 3655 3094 miraculum

2062 3145 2188 3189 esse
2215 3132 2473 3193 dicimus,
2511 3130 2729 3200 quoties
2761 3138 2817 3184 et
2853 3137 3064 3187 natum
3090 3130 3190 3199 ipsi
3230 3128 3526 3200 aliquando
3548 3131 3663 3183 tale

380 3221 600 3315 ἐπειδάν
625 3259 887 3331 βουληθῇ,
914 3258 942 3312 ὃ
970 3257 1027 3311 δὲ
1058 3221 1516 3327 θαυματουργίαν
1558 3221 1698 3308 εἰναι
1735 3221 1958 3324 φαμενέ

2069 3224 2200 3296 quid
2223 3227 2275 3279 in
2306 3239 2365 3279 se
2396 3225 2512 3293 ipsa
2544 3236 2708 3294 agere
2733 3232 2826 3277 aut
2859 3223 2970 3294 pati
3007 3222 3247 3277 accidat.
3275 3221 3470 3279 Omnis
3508 3222 3665 3277 enim

377 3356 512 3411 ὅπου
565 3372 631 3423 γε
665 3355 762 3408 καὶ
811 3355 877 3424 τῇ
934 3349 1097 3422 φύσει
1152 3349 1466 3420 συμϐαίνει,
1501 3351 1598 3402 καὶ
1647 3347 1862 3401 οἴκοθέν
1906 3364 1960 3401 τι

379 3449 617 3505 τοιοῦτον
666 3447 841 3503 ποιεῖν
890 3446 925 3518 ἢ
976 3446 1210 3514 πάσχειν
1262 3445 1412 3504 ὅπως
1464 3442 1620 3496 ποτέ.
1655 3441 1814 3497 Πᾶσα
1851 3441 1961 3510 γὰρ

385 3541 655 3614 μεταϐολὴ
687 3546 891 3610 φυσικὴ
925 3539 991 3596 ἄν
1042 3556 1102 3592 τε
1135 3538 1390 3608 γέννησις
1415 3531 1473 3612 ᾗ,
1505 3536 1571 3590 ἄν
1614 3553 1674 3589 τε
1706 3533 1960 3606 αὔξησις,

380 3641 447 3696 ἀν
471 3656 529 3694 τε
560 3638 845 3701 ἀλλοίωσις
874 3637 908 3708 ἢ
938 3634 1082 3690 κατὰ
1106 3634 1268 3704 φύσιν
1300 3630 1535 3703 ὲστίν,’ῆ
1576 3631 1729 3701 παρὰ
1767 3630 1961 3700 φύσιν,

380 3734 457 3799 ὡς
484 3731 561 3803 τῷ
592 3729 870 3802 φιλοσόφῳ
925 3729 1114 3782 δοκεῖ·
1160 3726 1238 3790 ὡς
1290 3725 1405 3796 ἔχει
1461 3723 1530 3778 τὰ
1577 3725 1722 3778 κατὰ
1766 3727 1964 3794 καιρὸν

383 3826 722 3897 άόρυνόμενα
779 3824 813 3894 ἢ
847 3822 1065 3893 ἀώρως.
1092 3822 1204 3876 Καὶ
1235 3821 1378 3874 ὥστε
1429 3820 1490 3872 ὲν
1528 3819 1652 3881 ταῖς
1682 3818 1964 3890 κρισίμοις

382 3921 614 3992 ἡμέραις
658 3917 999 3988 ὕγιαζόμενα
1048 3916 1157 3968 τῶν
1210 3912 1577 3983 νοσημάτων,
1631 3913 1663 3978 ἥ
1713 3912 1806 3963 καὶ
1857 3909 1977 3985 πρὸ,

383 4021 606 4079 τούτων,
637 4014 733 4068 καὶ
785 4013 925 4083 μετά
978 4008 1196 4064 ταῦτα’
1227 4001 1303 4062 ὧν
1338 4008 1406 4060 τά
1461 4003 1561 4074 μὲν
1609 4006 1752 4058 κατὰ
1800 4002 1965 4072 φύσιν

382 4108 666 4179 γινόμενα,
692 4105 846 4161 οὐδὲν
893 4106 952 4159 ἐν
978 4103 1114 4173 ἡμῖν
1166 4099 1353 4169 θαῦμα
1402 4099 1570 4163 κινεῖ,
1604 4097 1675 4149 τά
1707 4096 1765 4149 δὲ
1812 4093 1966 4164 παρὰ

383 4202 546 4274 φύσιν
588 4201 725 4271 μόνα
772 4195 1136 4267 θαυμάζεται.
1171 4195 1391 4249 Πολλῶν
1418 4192 1476 4246 δὲ
1507 4191 1695 4246 θεόθεν
1740 4189 1968 4259 γινομέ-

383 4314 490 4350 νων
521 4294 616 4350 καὶ
661 4290 1080 4365 γεγεννημένων
1117 4287 1442 4356 θαυμάτων,
1486 4283 1651 4339 τοῦτο
1699 4284 1965 4354 μέγιστον

383 4388 642 4458 ἀτεχνῶς.
667 4386 831 4440 Τουτὶ
860 4383 972 4453 γὰρ
999 4385 1060 4436 τὸ
1094 4382 1399 4452 μυστήριον
1417 4375 1778 4449 μεταϐολήν
1824 4392 1906 4429 tn
1926 4390 1966 4427 α

383 4478 661 4548 περιέχον
695 4476 914 4542 οὐσίας
951 4475 1040 4540 εἰς
1079 4472 1303 4528 οὐσίαν
1331 4473 1390 4524 ὲν
1421 4470 1623 4540 ἀκαρεῖ
1655 4466 1964 4536 γενομένην

381 4573 488 4626 τῶν
533 4568 960 4642 συμϐεϐηκότων
1009 4563 1412 4637 ἀμεταϐλήτων
1454 4560 1733 4632 μενόντων
1775 4558 1961 4626 πάσης

387 4664 688 4734 μεταϐολῆς
737 4658 982 4730 φυσικῆς
1027 4674 1089 4711 τε
1129 4655 1228 4709 καὶ
1272 4652 1425 4725 παρά
1462 4651 1629 4723 φύσιν
1670 4649 1912 4722 ὲξῄρητα

397 4758 558 4812 ’Λλλά
582 4753 679 4810 νῦν
716 4754 813 4817 τὰς
861 4747 1101 4820 φυσικάς
1143 4745 1377 4815 ἀφέντες
1422 4741 1752 4815 μεταϐολὰς,
1786 4735 1875 4803 αἷς
1904 4740 1961 4793 αἱ

383 4852 533 4924 παρά
573 4850 737 4921 φύσιν
791 4840 1236 4914 παραπεπηγασι
1280 4836 1527 4899 σπανίως
1577 4837 1638 4887 ἐν
1676 4835 1742 4904 τῇ
1797 4831 1963 4900 φύσει

382 4922 684 5013 γινόμεναι,
725 4938 822 5002 τὰς
886 4934 1041 4997 θείας
1104 4930 1400 5000 σκοπῶμεν
1455 4922 1959 4996 θαυματουργείας.

396 5032 749 5091 ’Δπαλλάττει
795 5027 898 5101 μὲν
924 5024 1019 5080 οὖν
1062 5027 1089 5078 ό
1126 5022 1261 5087 Θεὸς
1295 5017 1540 5091 πυρετοῦ
1592 5018 1684 5073 καὶ
1718 5016 1965 5087 νοσημά-

380 5140 491 5176 των
533 5119 709 5176 ἀλλων
781 5117 956 5189 χωρὶς
1014 5113 1287 5184 ἰατρείας,
1347 5108 1541 5180 ὥσπερ
1591 5107 1693 5181 τὴν
1750 5108 1964 5178 Πέτρου

383 5213 675 5286 πενθεράν,
724 5211 818 5265 καὶ
854 5210 949 5264 τὸν
983 5205 1395 5276 ἑκατοντάρχου
1435 5202 1629 5266 παῖδα,
1674 5201 1772 5253 καὶ
1834 5200 1967 5253 πολ-

368 5308 508 5365 iob:
554 5306 746 5365 ἄλλους
796 5303 1026 5356 ἰάσατο·
1088 5299 1183 5352 καὶ
1235 5297 1436 5349 πυκνοί
1485 5296 1577 5348 τὸν
1637 5294 1777 5362 ἀέρα
1830 5291 1967 5362 πρὸς

385 5402 561 5463 ὑετὸν,
610 5397 884 5470 μηδεμιᾶς
950 5390 1422 5464 προηγησαμένης
1487 5386 1727 5459 φυσικῆς
1786 5386 1970 5447 αἰτίας

383 5495 493 5547 τῶν
534 5491 782 5560 δμϐρων,
811 5486 887 5549 ὡς
923 5483 1015 5538 διὰ
1055 5482 1151 5535 τοῦ
1202 5479 1464 5552 Σαμουὴλ
1495 5478 1594 5533 καὶ
1633 5474 1732 5530 τοῦ
1781 5475 1969 5527 Ἡλίου

386 5584 652 5653 πεποίηκε
688 5580 981 5651 πρότερονο
1017 5573 1134 5628 ἀλλ’
1163 5575 1222 5626 ἐν
1256 5575 1372 5635 τοῖς
1402 5570 1674 5632 τοιούτοις
1701 5568 1840 5621 πᾶσι
1868 5567 1970 5637 τὴν

384 5677 538 5741 τάξιν
564 5674 748 5744 μόνον,
776 5674 874 5725 καὶ
909 5669 1002 5723 τὸν
1024 5667 1229 5738 τρόπον
1254 5669 1353 5736 τῆς
1387 5664 1602 5734 φύσεως
1640 5659 1935 5730 μεταποιεί
1954 5674 1969 5690 ⁸

388 5773 535 5824 ποιεί
567 5768 625 5821 δὲ
660 5766 896 5834 πρᾶγμα
922 5760 1045 5816 καθ’
1079 5761 1323 5823 ἑκάστην
1358 5755 1609 5826 γίνεσθαι
1640 5753 1968 5819 δυνάμενον,

389 5866 437 5918 εἰ
465 5862 561 5915 καὶ
594 5860 671 5930 μὴ
701 5857 876 5928 ταύτῃ
914 5858 984 5926 τῇ
1025 5853 1155 5924 ὁδῷ.
1192 5852 1363 5905 Πάλιν
1412 5849 1644 5921 νεκροὺς
1679 5846 1970 5915 ἀνίστησιν

390 5953 583 6021 ὥσπερ
647 5950 742 6005 τὸν
797 5947 1086 6013 Λάζαρον,
1156 5945 1254 6000 καὶ
1305 5940 1623 6014 ὀφθαλμοὺς
1681 5937 1967 6005 ἀνοίγνυσι

2070 3320 2301 3373 mutatio
2338 3316 2631 3385 naturalis,
2667 3316 2782 3371 sive
2805 3314 3109 3382 generatio,
3133 3315 3249 3371 sive
3278 3326 3660 3386 augmentum.

2068 3414 2183 3468 sive
2212 3409 2486 3475 alteratio,
2518 3408 2601 3463 vel
2631 3406 2942 3463 secundum
2978 3415 3234 3460 naturam
3257 3413 3365 3473 est,
3398 3407 3484 3462 vel
3524 3422 3661 3477 prae

2066 3516 2149 3561 ter
2178 3518 2453 3570 naturam,
2485 3512 2548 3560 ut
2574 3502 2910 3575 philosopho
2969 3501 3190 3557 videtur
3235 3519 3251 3556 :
3294 3503 3574 3574 quomodo
3603 3518 3669 3557 se

2070 3602 2271 3656 habent
2301 3614 2365 3655 ea
2439 3614 2562 3668 quae
2618 3605 2771 3653 certo
2840 3596 3109 3666 temporis
3140 3596 3321 3665 spatio
3370 3596 3661 3666 injustam

2067 3694 2504 3767 magnitudinem
2530 3699 2828 3754 crescunt,
2880 3698 2977 3744 aut
3032 3704 3161 3761 quae
3229 3689 3663 3761 intempestive;

2068 3788 2239 3844 veluti
2293 3786 2458 3842 etiam
2519 3784 2577 3838 in
2635 3778 2847 3839 criticis
2911 3781 3146 3850 diebus,
3191 3781 3414 3853 quidam
3484 3783 3659 3835 morbi

2067 3891 2355 3948 sanantur,
2386 3881 2472 3934 vel
2503 3887 2628 3933 ante
2660 3876 2805 3944 illos,
2856 3876 2940 3931 vel
2989 3875 3191 3931 deinde
3222 3893 3237 3930 :
3268 3891 3506 3947 quorum
3537 3892 3664 3946 qua:

2066 3977 2285 4046 quidem
2311 3972 2614 4030 secundum
2650 3980 2905 4025 naturam
2944 3969 3105 4035 ﬁunt,
3170 3969 3379 4023 nullam
3416 3969 3472 4023 in
3504 3970 3663 4025 nobis

2067 4068 2490 4124 admirationem
2512 4064 2757 4121 excitant
2788 4080 2802 4117 :
2829 4078 2953 4133 quae
2984 4077 3114 4117 vero
3141 4070 3340 4133 praeter
3373 4073 3663 4128 naturam,

2067 4178 2129 4215 ea
2185 4160 2300 4216 sola
2339 4157 2699 4213 admirationi
2733 4171 2853 4211 esse
2895 4156 3100 4211 solent.
3136 4153 3273 4210 Cum
3324 4169 3456 4209 vero
3491 4155 3665 4209 mira-

2066 4253 2186 4311 cula
2221 4253 2391 4307 multa
2422 4250 2688 4305 divinitus
2713 4248 2865 4313 fiant,
2895 4257 2950 4302 et
2978 4261 3145 4317 porro
3176 4245 3323 4302 facta
3355 4248 3490 4314 sint,
3514 4247 3665 4302 istud

2065 4359 2216 4405 certe
2244 4347 2547 4401 maximum
2578 4353 2682 4399 esu
2721 4341 2835 4396 Hoc
2861 4341 3007 4395 enim
3043 4353 3456 4396 sacramentum
3483 4348 3669 4395 trans-

2066 4441 2415 4497 mutationem
2489 4436 2777 4509 quamdam
2866 4436 3142 4490 continens
3229 4431 3549 4489 substantiae
3604 4434 3662 4487 in

2067 4534 2440 4596 substantiam,
2468 4546 2589 4599 quze
2615 4530 2672 4584 tit
2697 4519 2760 4584 in'
2787 4537 3090 4594 momento,
3139 4526 3521 4582 accidentibus
3548 4542 3666 4581 ma-

1994 4630 2041 4688 D
2069 4628 2328 4685 ncntibus
2383 4639 2485 4680 nec
2522 4623 2772 4688 mutatis,
2804 4620 2957 4676 omni
3002 4619 3469 4676 transmutatione
3496 4629 3664 4675 natu-

2069 4720 2171 4776 rali
2242 4727 2337 4773 aut
2404 4724 2603 4787 praeter
2647 4724 2904 4769 naturam
2963 4713 3124 4782 longe
3150 4715 3517 4782 praestantius
3558 4723 3666 4766 est.

2071 4813 2177 4870 Sed
2249 4825 2396 4866 nunc
2458 4807 2844 4880 praetermissis
2914 4805 3247 4860 naturalium
3326 4815 3666 4859 transmuta-

2069 4908 2278 4962 tionum
2336 4901 2621 4970 exetuplis,
2691 4915 2831 4973 quas
2877 4897 3124 4970 proxime
3192 4908 3500 4968 sequuntur
3560 4899 3668 4953 illa:

2069 5016 2191 5071 quae
2220 5008 2414 5069 prmtcr
2441 5005 2693 5050 naturam
2753 4994 2912 5057 liunt,
2964 4992 3093 5046 licet
3155 4991 3337 5047 rarius
3400 4991 3519 5045 ﬁeri
3573 5008 3671 5047 so-

2067 5092 2197 5153 line,
2254 5089 2471 5144 divinas
2532 5085 2925 5141 miraculorum
2981 5085 3333 5152 operationes
3405 5083 3670 5137 conside-

2074 5200 2278 5240 remus.
2316 5181 2539 5237 Liberat
2579 5179 2805 5251 quidem
2846 5177 2990 5231 Deus
3024 5191 3053 5229 a
3097 5174 3250 5229 i‘ebre
3270 5185 3323 5228 et
3350 5174 3474 5229 aliis
3510 5189 3669 5226 mor-

2073 5277 2162 5334 bis
2225 5277 2434 5342 absque
2488 5274 2795 5337 medicina;
2858 5278 3027 5339 atque
3082 5268 3157 5321 ita
3211 5281 3434 5323 socrum
3487 5265 3670 5333 Petri,

2074 5372 2417 5429 centurionis
2451 5383 2684 5439 puerum
2709 5379 2762 5421 et
2788 5365 2994 5419 multos
3026 5363 3163 5418 alios
3189 5361 3409 5417 sanavit
3432 5375 3449 5418 :
3476 5373 3667 5414 aerem

2076 5467 2130 5521 in
2165 5466 2404 5536 pluviam
2433 5461 2767 5523 condcnsat,
2797 5456 2948 5511 nulla
2998 5469 3175 5526 prmce
3198 5456 3341 5507 lente
3402 5451 3671 5504 imbrium

2077 5573 2242 5614 causa
2279 5554 2541 5617 naturali,
2591 5561 2653 5607 ut
2686 5564 2783 5622 per
2821 5546 3135 5603 Samuelem
3184 5553 3240 5601 et
3281 5541 3489 5598 Heliam
3533 5541 3669 5597 {esis

2077 5649 2412 5723 aliquando;
2450 5646 2545 5702 sed
2594 5644 2650 5699 in
2687 5640 2946 5696 omnibus
2995 5630 3278 5705 ejusmodi
3333 5633 3674 5704 (miracula)

2078 5747 2326 5801 ordinem
2363 5742 2540 5798 εωΙιιηι
2573 5748 2629 5794 et
2677 5734 2905 5791 modum
2945 5744 3154 5787 naturae
3183 5740 3509 5791 commutat,
3545 5745 3665 5783 rem

2077 5853 2210 5893 vero
2270 5835 2462 5895 ei‘licit,
2515 5848 2638 5902 qua:
2677 5829 2921 5902 quotidie
2974 5839 3150 5898 potest
3199 5827 3339 5890 lieri,
3396 5825 3502 5879 etsi
3550 5840 3671 5878 non

2079 5931 2270 5990 eadem
2295 5931 2405 5988 via.
2439 5926 2643 5984 lterum
2694 5932 2951 5982 mortuos
3001 5922 3297 5979 resuscitat
3320 5919 3461 5975 sicut
3497 5916 3668 5972 Laza-
