  <div class='ocr_page' id='page_1' title='image "/cluster/home/n/w/nwhite01/storage/ocr_20150623/160/coo.31924054870658/188.png"; bbox 0 0 4038 6458; ppageno 0'>
   <div class='ocr_carea' id='block_1_1' title="bbox 313 369 418 433">
    <p class='ocr_par' dir='ltr' id='par_1_1' title="bbox 313 369 418 433">
     <span class='ocr_line' id='line_1_1' title="bbox 313 369 418 433; baseline 0 -1"><span class='ocrx_word' id='word_1_1' title='bbox 313 369 418 433; x_wconf 76' lang='lat'><strong>361</strong></span> 
     </span>
    </p>
   </div>
   <div class='ocr_carea' id='block_1_2' title="bbox 1314 359 2578 430">
    <p class='ocr_par' dir='ltr' id='par_1_2' title="bbox 1314 359 2578 430">
     <span class='ocr_line' id='line_1_2' title="bbox 1314 359 2578 430; baseline -0.008 -2"><span class='ocrx_word' id='word_1_2' title='bbox 1314 369 1502 430; x_wconf 78' lang='lat' dir='ltr'><strong>110M.</strong></span> <span class='ocrx_word' id='word_1_3' title='bbox 1548 366 1644 427; x_wconf 87' lang='lat' dir='ltr'><strong>DE</strong></span> <span class='ocrx_word' id='word_1_4' title='bbox 1678 362 2007 425; x_wconf 77' lang='lat' dir='ltr'><strong>SACRAM.</strong></span> <span class='ocrx_word' id='word_1_5' title='bbox 2047 360 2393 422; x_wconf 63' lang='lat' dir='ltr'><strong>CCRI‘ORE</strong></span> <span class='ocrx_word' id='word_1_6' title='bbox 2424 360 2465 419; x_wconf 79' lang='grc' dir='ltr'><strong>..ἰ</strong></span> <span class='ocrx_word' id='word_1_7' title='bbox 2518 359 2578 418; x_wconf 77' lang='grc' dir='ltr'><strong>(ἶ.</strong></span> 
     </span>
    </p>
   </div>
   <div class='ocr_carea' id='block_1_3' title="bbox 3469 353 3578 415">
    <p class='ocr_par' dir='ltr' id='par_1_3' title="bbox 3469 353 3578 415">
     <span class='ocr_line' id='line_1_3' title="bbox 3469 353 3578 415; baseline -0.009 -1"><span class='ocrx_word' id='word_1_8' title='bbox 3469 353 3578 415; x_wconf 65' lang='grc' dir='ltr'><strong>3ῦὲ</strong></span> 
     </span>
    </p>
   </div>
   <div class='ocr_carea' id='block_1_4' title="bbox 311 452 1892 551">
    <p class='ocr_par' dir='ltr' id='par_1_4' title="bbox 311 475 1886 551">
     <span class='ocr_line' id='line_1_4' title="bbox 311 475 1886 551; baseline -0.004 -16"><span class='ocrx_word' id='word_1_9' title='bbox 311 475 774 549; x_wconf 80' lang='grc' dir='ltr'>ὕποστησαμένῳ,</span> <span class='ocrx_word' id='word_1_10' title='bbox 814 479 907 532; x_wconf 68' lang='grc' dir='ltr'>καὶ</span> <span class='ocrx_word' id='word_1_11' title='bbox 960 479 1193 551; x_wconf 80' lang='grc' dir='ltr'>μερικήν</span> <span class='ocrx_word' id='word_1_12' title='bbox 1241 497 1365 533; x_wconf 88' lang='grc' dir='ltr'>τινα</span> <span class='ocrx_word' id='word_1_13' title='bbox 1404 478 1687 534; x_wconf 76' lang='grc' dir='ltr'><strong>διαθέσθαι</strong></span> <span class='ocrx_word' id='word_1_14' title='bbox 1721 476 1886 546; x_wconf 80' lang='grc' dir='ltr'>φύσιν</span> 
     </span>
    </p>
   </div>
   <div class='ocr_carea' id='block_1_5' title="bbox 1993 452 3578 551">
    <p class='ocr_par' dir='ltr' id='par_1_5' title="bbox 1993 452 3578 541">
     <span class='ocr_line' id='line_1_5' title="bbox 1993 452 3578 541; baseline -0.005 -13"><span class='ocrx_word' id='word_1_15' title='bbox 1993 473 2236 528; x_wconf 87' lang='lat' dir='ltr'><strong>cularem</strong></span> <span class='ocrx_word' id='word_1_16' title='bbox 2276 472 2572 541; x_wconf 76' lang='lat' dir='ltr'><strong>quamdam</strong></span> <span class='ocrx_word' id='word_1_17' title='bbox 2620 480 2869 522; x_wconf 76' lang='lat' dir='ltr'><strong>naturam</strong></span> <span class='ocrx_word' id='word_1_18' title='bbox 2933 469 3229 537; x_wconf 78' lang='lat' dir='ltr'><strong>disponere</strong></span> <span class='ocrx_word' id='word_1_19' title='bbox 3298 476 3360 520; x_wconf 85' lang='lat' dir='ltr'><strong>ut</strong></span> <span class='ocrx_word' id='word_1_20' title='bbox 3407 452 3578 521; x_wconf 68' lang='lat' dir='ltr'><strong>Velit?</strong></span> 
     </span>
    </p>
   </div>
   <div class='ocr_carea' id='block_1_6' title="bbox 308 570 1893 644">
    <p class='ocr_par' dir='ltr' id='par_1_6' title="bbox 308 570 1893 644">
     <span class='ocr_line' id='line_1_6' title="bbox 308 570 1893 644; baseline -0.001 -19"><span class='ocrx_word' id='word_1_21' title='bbox 308 573 385 639; x_wconf 78' lang='grc' dir='ltr'>ὥς</span> <span class='ocrx_word' id='word_1_22' title='bbox 412 570 708 644; x_wconf 72' lang='grc' dir='ltr'>βούλεταις</span> <span class='ocrx_word' id='word_1_23' title='bbox 759 573 861 625; x_wconf 68' lang='grc' dir='ltr'>Διὰ</span> <span class='ocrx_word' id='word_1_24' title='bbox 890 571 1051 625; x_wconf 80' lang='grc' dir='ltr'>τοῦτο</span> <span class='ocrx_word' id='word_1_25' title='bbox 1094 572 1213 625; x_wconf 91' lang='grc' dir='ltr'>λύει</span> <span class='ocrx_word' id='word_1_26' title='bbox 1245 572 1348 641; x_wconf 81' lang='grc' dir='ltr'>μὲν</span> <span class='ocrx_word' id='word_1_27' title='bbox 1395 574 1424 625; x_wconf 86' lang='grc' dir='ltr'><strong>ό</strong></span> <span class='ocrx_word' id='word_1_28' title='bbox 1469 571 1602 636; x_wconf 78' lang='grc' dir='ltr'>Θεὸς</span> <span class='ocrx_word' id='word_1_29' title='bbox 1654 571 1893 641; x_wconf 80' lang='grc' dir='ltr'>πυρετὸν</span> 
     </span>
    </p>
   </div>
   <div class='ocr_carea' id='block_1_7' title="bbox 311 661 1892 736">
    <p class='ocr_par' dir='ltr' id='par_1_7' title="bbox 311 661 1892 736">
     <span class='ocr_line' id='line_1_7' title="bbox 311 661 1892 736; baseline -0.001 -21"><span class='ocrx_word' id='word_1_30' title='bbox 311 663 527 736; x_wconf 65' lang='grc' dir='ltr'>ἰατρείᾳ.</span> <span class='ocrx_word' id='word_1_31' title='bbox 554 664 650 719; x_wconf 74' lang='grc' dir='ltr'>καὶ</span> <span class='ocrx_word' id='word_1_32' title='bbox 705 662 808 733; x_wconf 84' lang='grc' dir='ltr'><strong>όδῷ</strong></span> <span class='ocrx_word' id='word_1_33' title='bbox 847 661 1065 731; x_wconf 83' lang='grc' dir='ltr'>φύσεως</span> <span class='ocrx_word' id='word_1_34' title='bbox 1085 675 1102 693; x_wconf 87' lang='grc'><strong>·</strong></span> <span class='ocrx_word' id='word_1_35' title='bbox 1142 662 1212 716; x_wconf 81' lang='grc' dir='ltr'><strong>δι’</strong></span> <span class='ocrx_word' id='word_1_36' title='bbox 1260 662 1429 717; x_wconf 71' lang='grc' dir='ltr'>αὑτοῦ</span> <span class='ocrx_word' id='word_1_37' title='bbox 1458 662 1569 733; x_wconf 84' lang='grc' dir='ltr'><strong>γὰρ</strong></span> <span class='ocrx_word' id='word_1_38' title='bbox 1600 663 1697 716; x_wconf 71' lang='grc' dir='ltr'>καὶ</span> <span class='ocrx_word' id='word_1_39' title='bbox 1725 663 1892 733; x_wconf 78' lang='grc' dir='ltr'>τέχνη</span> 
     </span>
    </p>
   </div>
   <div class='ocr_carea' id='block_1_8' title="bbox 312 754 1890 824">
    <p class='ocr_par' dir='ltr' id='par_1_8' title="bbox 312 754 1890 824">
     <span class='ocr_line' id='line_1_8' title="bbox 312 754 1890 824; baseline 0 -17"><span class='ocrx_word' id='word_1_40' title='bbox 312 754 407 807; x_wconf 81' lang='grc' dir='ltr'>καὶ</span> <span class='ocrx_word' id='word_1_41' title='bbox 439 757 606 822; x_wconf 79' lang='grc' dir='ltr'>φύσις</span> <span class='ocrx_word' id='word_1_42' title='bbox 645 754 801 809; x_wconf 82' lang='grc' dir='ltr'>ἀνύει</span> <span class='ocrx_word' id='word_1_43' title='bbox 836 755 1020 824; x_wconf 80' lang='grc' dir='ltr'><strong>πάσης</strong></span> <span class='ocrx_word' id='word_1_44' title='bbox 1052 754 1246 818; x_wconf 80' lang='grc' dir='ltr'>αὐταῖς</span> <span class='ocrx_word' id='word_1_45' title='bbox 1271 755 1637 824; x_wconf 80' lang='grc' dir='ltr'>παρασκευῆς</span> <span class='ocrx_word' id='word_1_46' title='bbox 1678 754 1890 808; x_wconf 79' lang='grc' dir='ltr'>ἐκεῖθεν</span> 
     </span>
    </p>
   </div>
   <div class='ocr_carea' id='block_1_9' title="bbox 310 844 1893 919">
    <p class='ocr_par' dir='ltr' id='par_1_9' title="bbox 310 844 1893 919">
     <span class='ocr_line' id='line_1_9' title="bbox 310 844 1893 919; baseline 0.003 -22"><span class='ocrx_word' id='word_1_47' title='bbox 310 844 577 915; x_wconf 71' lang='grc' dir='ltr'>ἡκούσης.</span> <span class='ocrx_word' id='word_1_48' title='bbox 609 846 825 900; x_wconf 74' lang='grc' dir='ltr'>Δύειδέ</span> <span class='ocrx_word' id='word_1_49' title='bbox 863 862 997 900; x_wconf 84' lang='grc' dir='ltr'>ποτε</span> <span class='ocrx_word' id='word_1_50' title='bbox 1053 847 1293 917; x_wconf 80' lang='grc' dir='ltr'>πυρετὸν</span> <span class='ocrx_word' id='word_1_51' title='bbox 1345 847 1472 901; x_wconf 77' lang='grc' dir='ltr'>οὔτε</span> <span class='ocrx_word' id='word_1_52' title='bbox 1524 849 1591 919; x_wconf 75' lang='grc' dir='ltr'>τῇ</span> <span class='ocrx_word' id='word_1_53' title='bbox 1635 847 1741 918; x_wconf 81' lang='grc' dir='ltr'><strong>ὁδῷ</strong></span> <span class='ocrx_word' id='word_1_54' title='bbox 1791 847 1893 916; x_wconf 78' lang='grc' dir='ltr'>τῆς</span> 
     </span>
    </p>
   </div>
   <div class='ocr_carea' id='block_1_10' title="bbox 313 935 1895 1010">
    <p class='ocr_par' dir='ltr' id='par_1_10' title="bbox 313 935 1895 1010">
     <span class='ocr_line' id='line_1_10' title="bbox 313 935 1895 1010; baseline 0.001 -21"><span class='ocrx_word' id='word_1_55' title='bbox 313 935 553 1005; x_wconf 82' lang='grc' dir='ltr'>φύσεως,</span> <span class='ocrx_word' id='word_1_56' title='bbox 581 936 706 989; x_wconf 76' lang='grc' dir='ltr'>οὔτε</span> <span class='ocrx_word' id='word_1_57' title='bbox 771 938 840 1008; x_wconf 63' lang='grc' dir='ltr'><strong>τῇ</strong></span> <span class='ocrx_word' id='word_1_58' title='bbox 901 937 1076 1010; x_wconf 79' lang='grc' dir='ltr'>τέχνῃ</span> <span class='ocrx_word' id='word_1_59' title='bbox 1128 937 1443 1008; x_wconf 81' lang='grc' dir='ltr'>χρώμενος.</span> <span class='ocrx_word' id='word_1_60' title='bbox 1500 937 1580 1009; x_wconf 84' lang='grc' dir='ltr'>Τῇ</span> <span class='ocrx_word' id='word_1_61' title='bbox 1639 938 1777 1009; x_wconf 79' lang='grc' dir='ltr'>αὐτῇ</span> <span class='ocrx_word' id='word_1_62' title='bbox 1836 938 1895 992; x_wconf 75' lang='grc' dir='ltr'>δὲ</span> 
     </span>
    </p>
   </div>
   <div class='ocr_carea' id='block_1_11' title="bbox 310 1026 1890 1102">
    <p class='ocr_par' dir='ltr' id='par_1_11' title="bbox 310 1026 1890 1102">
     <span class='ocr_line' id='line_1_11' title="bbox 310 1026 1890 1102; baseline 0.003 -21"><span class='ocrx_word' id='word_1_63' title='bbox 310 1027 542 1097; x_wconf 78' lang='grc' dir='ltr'>δυνάμει</span> <span class='ocrx_word' id='word_1_64' title='bbox 566 1026 714 1097; x_wconf 75' lang='grc' dir='ltr'>ςωην</span> <span class='ocrx_word' id='word_1_65' title='bbox 763 1031 962 1100; x_wconf 78' lang='grc' dir='ltr'>ἐμπνεί</span> <span class='ocrx_word' id='word_1_66' title='bbox 999 1030 1079 1100; x_wconf 83' lang='grc' dir='ltr'>τῷ</span> <span class='ocrx_word' id='word_1_67' title='bbox 1126 1029 1330 1101; x_wconf 83' lang='grc' dir='ltr'><strong>νεκρῷ,</strong></span> <span class='ocrx_word' id='word_1_68' title='bbox 1361 1030 1428 1099; x_wconf 74' lang='grc' dir='ltr'>ἢν</span> <span class='ocrx_word' id='word_1_69' title='bbox 1456 1032 1489 1102; x_wconf 82' lang='grc' dir='ltr'>ἡ</span> <span class='ocrx_word' id='word_1_70' title='bbox 1521 1031 1687 1100; x_wconf 81' lang='grc' dir='ltr'><strong>φύσις</strong></span> <span class='ocrx_word' id='word_1_71' title='bbox 1723 1030 1890 1095; x_wconf 76' lang='grc' dir='ltr'>ζῶντι</span> 
     </span>
    </p>
   </div>
   <div class='ocr_carea' id='block_1_12' title="bbox 313 1117 1895 1194">
    <p class='ocr_par' dir='ltr' id='par_1_12' title="bbox 313 1117 1895 1194">
     <span class='ocr_line' id='line_1_12' title="bbox 313 1117 1895 1194; baseline 0.003 -23"><span class='ocrx_word' id='word_1_72' title='bbox 313 1117 495 1171; x_wconf 78' lang='grc' dir='ltr'>δίδωσι</span> <span class='ocrx_word' id='word_1_73' title='bbox 550 1119 717 1189; x_wconf 83' lang='grc' dir='ltr'>μόνῳ.</span> <span class='ocrx_word' id='word_1_74' title='bbox 756 1119 1040 1175; x_wconf 75' lang='grc' dir='ltr'><strong>Ἐπέκεινα</strong></span> <span class='ocrx_word' id='word_1_75' title='bbox 1071 1120 1129 1174; x_wconf 85' lang='grc' dir='ltr'>δὲ</span> <span class='ocrx_word' id='word_1_76' title='bbox 1176 1122 1272 1176; x_wconf 72' lang='grc' dir='ltr'>καὶ</span> <span class='ocrx_word' id='word_1_77' title='bbox 1301 1123 1363 1175; x_wconf 73' lang='grc' dir='ltr'>τὸ</span> <span class='ocrx_word' id='word_1_78' title='bbox 1393 1123 1552 1192; x_wconf 80' lang='grc' dir='ltr'>φύσει</span> <span class='ocrx_word' id='word_1_79' title='bbox 1604 1122 1745 1194; x_wconf 79' lang='grc' dir='ltr'>βαρὺ</span> <span class='ocrx_word' id='word_1_80' title='bbox 1799 1123 1895 1177; x_wconf 71' lang='grc' dir='ltr'>καὶ</span> 
     </span>
    </p>
   </div>
   <div class='ocr_carea' id='block_1_13' title="bbox 313 1209 1895 1286">
    <p class='ocr_par' dir='ltr' id='par_1_13' title="bbox 313 1209 1895 1286">
     <span class='ocr_line' id='line_1_13' title="bbox 313 1209 1895 1286; baseline 0.004 -24"><span class='ocrx_word' id='word_1_81' title='bbox 313 1209 518 1277; x_wconf 79' lang='grc' dir='ltr'><strong>γεῶδες</strong></span> <span class='ocrx_word' id='word_1_82' title='bbox 549 1209 710 1279; x_wconf 86' lang='grc' dir='ltr'>σῶμα</span> <span class='ocrx_word' id='word_1_83' title='bbox 744 1210 840 1266; x_wconf 83' lang='grc' dir='ltr'>τοῦ</span> <span class='ocrx_word' id='word_1_84' title='bbox 887 1213 1119 1282; x_wconf 81' lang='grc' dir='ltr'>φυσικοῦ</span> <span class='ocrx_word' id='word_1_85' title='bbox 1162 1214 1393 1285; x_wconf 81' lang='grc' dir='ltr'>βάρους,</span> <span class='ocrx_word' id='word_1_86' title='bbox 1427 1214 1524 1268; x_wconf 63' lang='grc' dir='ltr'><strong>καὶ</strong></span> <span class='ocrx_word' id='word_1_87' title='bbox 1569 1215 1669 1284; x_wconf 82' lang='grc' dir='ltr'>τῆς</span> <span class='ocrx_word' id='word_1_88' title='bbox 1702 1216 1895 1286; x_wconf 83' lang='grc' dir='ltr'>θνητό-</span> 
     </span>
    </p>
   </div>
   <div class='ocr_carea' id='block_1_14' title="bbox 313 1300 1891 1378">
    <p class='ocr_par' dir='ltr' id='par_1_14' title="bbox 313 1300 1891 1378">
     <span class='ocr_line' id='line_1_14' title="bbox 313 1300 1891 1378; baseline 0.006 -27"><span class='ocrx_word' id='word_1_89' title='bbox 313 1316 474 1369; x_wconf 85' lang='grc' dir='ltr'>τητος</span> <span class='ocrx_word' id='word_1_90' title='bbox 496 1300 857 1356; x_wconf 76' lang='grc' dir='ltr'><strong>ἀπαλλάττων</strong></span> <span class='ocrx_word' id='word_1_91' title='bbox 884 1304 1168 1368; x_wconf 82' lang='grc' dir='ltr'>είσοικίζει</span> <span class='ocrx_word' id='word_1_92' title='bbox 1211 1304 1322 1359; x_wconf 90' lang='grc' dir='ltr'><strong>τῶν</strong></span> <span class='ocrx_word' id='word_1_93' title='bbox 1350 1307 1534 1375; x_wconf 83' lang='grc' dir='ltr'>θυρῶν</span> <span class='ocrx_word' id='word_1_94' title='bbox 1560 1307 1891 1378; x_wconf 72' lang='grc' dir='ltr'>κεκλεισμέ-</span> 
     </span>
    </p>
   </div>
   <div class='ocr_carea' id='block_1_15' title="bbox 314 1377 1892 1467">
    <p class='ocr_par' dir='ltr' id='par_1_15' title="bbox 314 1377 1892 1467">
     <span class='ocr_line' id='line_1_15' title="bbox 314 1377 1892 1467; baseline 0.007 -26"><span class='ocrx_word' id='word_1_95' title='bbox 314 1407 443 1457; x_wconf 85' lang='grc' dir='ltr'>νων,</span> <span class='ocrx_word' id='word_1_96' title='bbox 476 1392 569 1444; x_wconf 74' lang='grc' dir='ltr'>καὶ</span> <span class='ocrx_word' id='word_1_97' title='bbox 597 1393 923 1463; x_wconf 77' lang='grc' dir='ltr'>μετεωρίζει</span> <span class='ocrx_word' id='word_1_98' title='bbox 973 1377 1110 1462; x_wconf 78' lang='grc' dir='ltr'>πρὸς</span> <span class='ocrx_word' id='word_1_99' title='bbox 1140 1397 1232 1448; x_wconf 77' lang='grc' dir='ltr'><strong>τὸν</strong></span> <span class='ocrx_word' id='word_1_100' title='bbox 1266 1396 1520 1467; x_wconf 83' lang='grc' dir='ltr'>οὖράνιον</span> <span class='ocrx_word' id='word_1_101' title='bbox 1556 1397 1760 1466; x_wconf 81' lang='grc' dir='ltr'>χῶρον,</span> <span class='ocrx_word' id='word_1_102' title='bbox 1790 1377 1892 1452; x_wconf 73' lang='grc' dir='ltr'>καὶ</span> 
     </span>
    </p>
   </div>
   <div class='ocr_carea' id='block_1_16' title="bbox 315 1482 1894 1559">
    <p class='ocr_par' dir='ltr' id='par_1_16' title="bbox 315 1482 1894 1559">
     <span class='ocr_line' id='line_1_16' title="bbox 315 1482 1894 1559; baseline 0.005 -25"><span class='ocrx_word' id='word_1_103' title='bbox 315 1482 676 1554; x_wconf 82' lang='grc' dir='ltr'>σωματότητα</span> <span class='ocrx_word' id='word_1_104' title='bbox 715 1483 813 1537; x_wconf 68' lang='grc' dir='ltr'>καὶ</span> <span class='ocrx_word' id='word_1_105' title='bbox 856 1484 1283 1556; x_wconf 71' lang='grc' dir='ltr'>πνευματότητα</span> <span class='ocrx_word' id='word_1_106' title='bbox 1334 1485 1656 1558; x_wconf 76' lang='grc' dir='ltr'><strong>συνίστησιν</strong></span> <span class='ocrx_word' id='word_1_107' title='bbox 1710 1489 1770 1541; x_wconf 81' lang='grc' dir='ltr'>ὲν</span> <span class='ocrx_word' id='word_1_108' title='bbox 1813 1487 1894 1559; x_wconf 80' lang='grc' dir='ltr'>τῷ</span> 
     </span>
    </p>
   </div>
   <div class='ocr_carea' id='block_1_17' title="bbox 315 1570 1893 1650">
    <p class='ocr_par' dir='ltr' id='par_1_17' title="bbox 315 1570 1893 1650">
     <span class='ocr_line' id='line_1_17' title="bbox 315 1570 1893 1650; baseline 0.004 -23"><span class='ocrx_word' id='word_1_109' title='bbox 315 1574 464 1645; x_wconf 80' lang='grc' dir='ltr'>αὐτῷ</span> <span class='ocrx_word' id='word_1_110' title='bbox 494 1574 804 1646; x_wconf 76' lang='grc' dir='ltr'><strong>πράγματι,</strong></span> <span class='ocrx_word' id='word_1_111' title='bbox 826 1575 904 1639; x_wconf 80' lang='grc' dir='ltr'>ὡς</span> <span class='ocrx_word' id='word_1_112' title='bbox 937 1570 1077 1630; x_wconf 80' lang='grc' dir='ltr'>εῖναι</span> <span class='ocrx_word' id='word_1_113' title='bbox 1108 1577 1209 1647; x_wconf 85' lang='grc' dir='ltr'>μὲν</span> <span class='ocrx_word' id='word_1_114' title='bbox 1239 1577 1297 1631; x_wconf 69' lang='grc' dir='ltr'>τὸ</span> <span class='ocrx_word' id='word_1_115' title='bbox 1326 1577 1459 1631; x_wconf 80' lang='grc' dir='ltr'>αὐτὸ</span> <span class='ocrx_word' id='word_1_116' title='bbox 1487 1579 1647 1648; x_wconf 88' lang='grc' dir='ltr'>σῶμα</span> <span class='ocrx_word' id='word_1_117' title='bbox 1675 1580 1893 1650; x_wconf 87' lang='grc' dir='ltr'>άληθῶς</span> 
     </span>
    </p>
   </div>
   <div class='ocr_carea' id='block_1_18' title="bbox 316 1661 1887 1749">
    <p class='ocr_par' dir='ltr' id='par_1_18' title="bbox 316 1661 1887 1749">
     <span class='ocr_line' id='line_1_18' title="bbox 316 1661 1887 1749; baseline 0.006 -32"><span class='ocrx_word' id='word_1_118' title='bbox 316 1663 605 1735; x_wconf 79' lang='grc' dir='ltr'>ἀνθρώπου</span> <span class='ocrx_word' id='word_1_119' title='bbox 629 1704 646 1731; x_wconf 95' lang='grc'><strong>,</strong></span> <span class='ocrx_word' id='word_1_120' title='bbox 699 1661 839 1720; x_wconf 70' lang='grc' dir='ltr'>εἶναι</span> <span class='ocrx_word' id='word_1_121' title='bbox 890 1668 1076 1736; x_wconf 78' lang='grc' dir='ltr'>μέντοι</span> <span class='ocrx_word' id='word_1_122' title='bbox 1132 1670 1293 1738; x_wconf 90' lang='grc' dir='ltr'>σῶμα</span> <span class='ocrx_word' id='word_1_123' title='bbox 1331 1672 1743 1749; x_wconf 31' lang='grc' dir='ltr'>ςπνευματικὸν,</span> <span class='ocrx_word' id='word_1_124' title='bbox 1792 1673 1887 1727; x_wconf 81' lang='grc' dir='ltr'>καὶ</span> 
     </span>
    </p>
   </div>
   <div class='ocr_carea' id='block_1_19' title="bbox 315 1748 1885 1838">
    <p class='ocr_par' dir='ltr' id='par_1_19' title="bbox 315 1748 1885 1838">
     <span class='ocr_line' id='line_1_19' title="bbox 315 1748 1885 1838; baseline 0.006 -29"><span class='ocrx_word' id='word_1_125' title='bbox 315 1748 427 1810; x_wconf 74' lang='grc' dir='ltr'>οἷον</span> <span class='ocrx_word' id='word_1_126' title='bbox 468 1758 534 1812; x_wconf 84' lang='grc' dir='ltr'>ἂν</span> <span class='ocrx_word' id='word_1_127' title='bbox 560 1756 649 1814; x_wconf 79' lang='grc' dir='ltr'><strong>διὰ</strong></span> <span class='ocrx_word' id='word_1_128' title='bbox 698 1759 810 1814; x_wconf 84' lang='grc' dir='ltr'><strong>τῶν</strong></span> <span class='ocrx_word' id='word_1_129' title='bbox 862 1761 1142 1830; x_wconf 88' lang='grc' dir='ltr'>στεγανῶν</span> <span class='ocrx_word' id='word_1_130' title='bbox 1183 1748 1412 1816; x_wconf 84' lang='grc' dir='ltr'><strong>διελθεῖν</strong></span> <span class='ocrx_word' id='word_1_131' title='bbox 1463 1765 1781 1821; x_wconf 73' lang='grc' dir='ltr'>ἐνδιδόντων</span> <span class='ocrx_word' id='word_1_132' title='bbox 1818 1769 1885 1838; x_wconf 78' lang='grc' dir='ltr'><strong>τῇ</strong></span> 
     </span>
    </p>
   </div>
   <div class='ocr_carea' id='block_1_20' title="bbox 314 1846 1887 1925">
    <p class='ocr_par' dir='ltr' id='par_1_20' title="bbox 314 1846 1887 1925">
     <span class='ocr_line' id='line_1_20' title="bbox 314 1846 1887 1925; baseline 0.007 -24"><span class='ocrx_word' id='word_1_133' title='bbox 314 1846 435 1919; x_wconf 77' lang='grc' dir='ltr'>θεία</span> <span class='ocrx_word' id='word_1_134' title='bbox 475 1849 725 1920; x_wconf 86' lang='grc' dir='ltr'>δυνάμει,</span> <span class='ocrx_word' id='word_1_135' title='bbox 759 1849 1012 1923; x_wconf 82' lang='grc' dir='ltr'>καθάπερ</span> <span class='ocrx_word' id='word_1_136' title='bbox 1047 1851 1164 1905; x_wconf 80' lang='grc' dir='ltr'>ἔνια</span> <span class='ocrx_word' id='word_1_137' title='bbox 1222 1853 1333 1907; x_wconf 88' lang='grc' dir='ltr'><strong>τῶν</strong></span> <span class='ocrx_word' id='word_1_138' title='bbox 1381 1855 1571 1909; x_wconf 81' lang='grc' dir='ltr'>ἁπλῶν</span> <span class='ocrx_word' id='word_1_139' title='bbox 1618 1857 1887 1925; x_wconf 85' lang='grc' dir='ltr'>σωμάτων</span> 
     </span>
    </p>
   </div>
   <div class='ocr_carea' id='block_1_21' title="bbox 1997 558 3589 632">
    <p class='ocr_par' dir='ltr' id='par_1_21' title="bbox 1997 558 3589 632">
     <span class='ocr_line' id='line_1_21' title="bbox 1997 558 3589 632; baseline -0.007 -12"><span class='ocrx_word' id='word_1_140' title='bbox 1997 565 2212 620; x_wconf 82' lang='lat' dir='ltr'><strong>Idcirco</strong></span> <span class='ocrx_word' id='word_1_141' title='bbox 2243 562 2466 632; x_wconf 91' lang='lat' dir='ltr'><strong>depellit</strong></span> <span class='ocrx_word' id='word_1_142' title='bbox 2490 562 2706 629; x_wconf 65' lang='lat' dir='ltr'><strong>qui-lem</strong></span> <span class='ocrx_word' id='word_1_143' title='bbox 2749 558 2894 615; x_wconf 85' lang='lat' dir='ltr'><strong>Deus</strong></span> <span class='ocrx_word' id='word_1_144' title='bbox 2937 558 3140 614; x_wconf 65' lang='lat' dir='ltr'><strong>febrim</strong></span> <span class='ocrx_word' id='word_1_145' title='bbox 3193 559 3489 623; x_wconf 75' lang='lat' dir='ltr'><strong>medicina,</strong></span> <span class='ocrx_word' id='word_1_146' title='bbox 3524 567 3589 615; x_wconf 15' lang='lat' dir='ltr'><strong>et.</strong></span> 
     </span>
    </p>
   </div>
   <div class='ocr_carea' id='block_1_22' title="bbox 1998 650 3578 721">
    <p class='ocr_par' dir='ltr' id='par_1_22' title="bbox 1998 650 3578 721">
     <span class='ocr_line' id='line_1_22' title="bbox 1998 650 3578 721; baseline -0.003 -11"><span class='ocrx_word' id='word_1_147' title='bbox 1998 671 2085 710; x_wconf 71' lang='lat' dir='ltr'><strong>vna</strong></span> <span class='ocrx_word' id='word_1_148' title='bbox 2134 653 2371 708; x_wconf 76' lang='lat' dir='ltr'><strong>naturali</strong></span> <span class='ocrx_word' id='word_1_149' title='bbox 2413 670 2427 707; x_wconf 91' lang='lat'><strong>:</strong></span> <span class='ocrx_word' id='word_1_150' title='bbox 2490 667 2586 721; x_wconf 88' lang='lat' dir='ltr'><strong>per</strong></span> <span class='ocrx_word' id='word_1_151' title='bbox 2636 653 2816 721; x_wconf 89' lang='lat' dir='ltr'><strong>ipsum</strong></span> <span class='ocrx_word' id='word_1_152' title='bbox 2843 650 2989 705; x_wconf 90' lang='lat' dir='ltr'><strong>enim</strong></span> <span class='ocrx_word' id='word_1_153' title='bbox 3042 658 3097 704; x_wconf 88' lang='lat' dir='ltr'><strong>et</strong></span> <span class='ocrx_word' id='word_1_154' title='bbox 3143 665 3235 705; x_wconf 86' lang='lat' dir='ltr'><strong>ars</strong></span> <span class='ocrx_word' id='word_1_155' title='bbox 3271 659 3321 705; x_wconf 90' lang='lat' dir='ltr'><strong>et</strong></span> <span class='ocrx_word' id='word_1_156' title='bbox 3380 661 3578 705; x_wconf 84' lang='lat' dir='ltr'><strong>natura</strong></span> 
     </span>
    </p>
   </div>
   <div class='ocr_carea' id='block_1_23' title="bbox 1996 738 3577 809">
    <p class='ocr_par' dir='ltr' id='par_1_23' title="bbox 1996 738 3577 809">
     <span class='ocr_line' id='line_1_23' title="bbox 1996 738 3577 809; baseline -0.005 -7"><span class='ocrx_word' id='word_1_157' title='bbox 1996 747 2245 803; x_wconf 80' lang='lat' dir='ltr'><strong>effectum</strong></span> <span class='ocrx_word' id='word_1_158' title='bbox 2276 745 2500 809; x_wconf 81' lang='lat' dir='ltr'><strong>habent,</strong></span> <span class='ocrx_word' id='word_1_159' title='bbox 2527 756 2648 796; x_wconf 89' lang='lat' dir='ltr'><strong>eum</strong></span> <span class='ocrx_word' id='word_1_160' title='bbox 2676 741 2744 796; x_wconf 91' lang='lat' dir='ltr'><strong>ab</strong></span> <span class='ocrx_word' id='word_1_161' title='bbox 2773 755 2839 796; x_wconf 87' lang='lat' dir='ltr'><strong>eo</strong></span> <span class='ocrx_word' id='word_1_162' title='bbox 2870 738 3101 796; x_wconf 72' lang='lat' dir='ltr'><strong>facultas</strong></span> <span class='ocrx_word' id='word_1_163' title='bbox 3129 741 3417 809; x_wconf 85' lang='lat' dir='ltr'><strong>utriusque</strong></span> <span class='ocrx_word' id='word_1_164' title='bbox 3451 756 3577 796; x_wconf 84' lang='lat' dir='ltr'><strong>om-</strong></span> 
     </span>
    </p>
   </div>
   <div class='ocr_carea' id='block_1_24' title="bbox 1998 832 3578 903">
    <p class='ocr_par' dir='ltr' id='par_1_24' title="bbox 1998 832 3578 903">
     <span class='ocr_line' id='line_1_24' title="bbox 1998 832 3578 903; baseline -0.004 -9"><span class='ocrx_word' id='word_1_165' title='bbox 1998 839 2087 894; x_wconf 85' lang='lat' dir='ltr'><strong>nis</strong></span> <span class='ocrx_word' id='word_1_166' title='bbox 2120 837 2345 893; x_wconf 82' lang='lat' dir='ltr'><strong>oriatur.</strong></span> <span class='ocrx_word' id='word_1_167' title='bbox 2398 833 2630 902; x_wconf 86' lang='lat' dir='ltr'><strong>Depellit</strong></span> <span class='ocrx_word' id='word_1_168' title='bbox 2661 833 2826 887; x_wconf 88' lang='lat' dir='ltr'><strong>etiam</strong></span> <span class='ocrx_word' id='word_1_169' title='bbox 2870 832 3064 887; x_wconf 79' lang='lat' dir='ltr'><strong>febrim</strong></span> <span class='ocrx_word' id='word_1_170' title='bbox 3086 870 3101 895; x_wconf 85' lang='lat'><strong>,</strong></span> <span class='ocrx_word' id='word_1_171' title='bbox 3132 846 3310 903; x_wconf 82' lang='lat' dir='ltr'><strong>neque</strong></span> <span class='ocrx_word' id='word_1_172' title='bbox 3340 833 3578 887; x_wconf 89' lang='lat' dir='ltr'><strong>naturali</strong></span> 
     </span>
    </p>
   </div>
   <div class='ocr_carea' id='block_1_25' title="bbox 1998 925 3578 999">
    <p class='ocr_par' dir='ltr' id='par_1_25' title="bbox 1998 925 3578 999">
     <span class='ocr_line' id='line_1_25' title="bbox 1998 925 3578 999; baseline -0.004 -14"><span class='ocrx_word' id='word_1_173' title='bbox 1998 932 2085 986; x_wconf 90' lang='lat' dir='ltr'><strong>via</strong></span> <span class='ocrx_word' id='word_1_174' title='bbox 2117 944 2296 999; x_wconf 86' lang='lat' dir='ltr'><strong>neque</strong></span> <span class='ocrx_word' id='word_1_175' title='bbox 2322 939 2441 983; x_wconf 89' lang='lat' dir='ltr'><strong>arte</strong></span> <span class='ocrx_word' id='word_1_176' title='bbox 2463 926 2656 982; x_wconf 89' lang='lat' dir='ltr'><strong>eadem</strong></span> <span class='ocrx_word' id='word_1_177' title='bbox 2692 933 2875 981; x_wconf 86' lang='lat' dir='ltr'><strong>utens.</strong></span> <span class='ocrx_word' id='word_1_178' title='bbox 2901 925 3101 980; x_wconf 85' lang='lat' dir='ltr'><strong>Eadem</strong></span> <span class='ocrx_word' id='word_1_179' title='bbox 3130 940 3351 995; x_wconf 87' lang='lat' dir='ltr'><strong>quoque</strong></span> <span class='ocrx_word' id='word_1_180' title='bbox 3384 933 3578 994; x_wconf 84' lang='lat' dir='ltr'><strong>poten-</strong></span> 
     </span>
    </p>
   </div>
   <div class='ocr_carea' id='block_1_26' title="bbox 1997 1015 3579 1089">
    <p class='ocr_par' dir='ltr' id='par_1_26' title="bbox 1997 1015 3579 1089">
     <span class='ocr_line' id='line_1_26' title="bbox 1997 1015 3579 1089; baseline -0.006 -11"><span class='ocrx_word' id='word_1_181' title='bbox 1997 1024 2072 1079; x_wconf 90' lang='lat' dir='ltr'><strong>tia</strong></span> <span class='ocrx_word' id='word_1_182' title='bbox 2099 1024 2267 1077; x_wconf 87' lang='lat' dir='ltr'><strong>vitam</strong></span> <span class='ocrx_word' id='word_1_183' title='bbox 2297 1020 2528 1089; x_wconf 84' lang='lat' dir='ltr'><strong>inspirat</strong></span> <span class='ocrx_word' id='word_1_184' title='bbox 2555 1023 2793 1081; x_wconf 88' lang='lat' dir='ltr'><strong>mortuo,</strong></span> <span class='ocrx_word' id='word_1_185' title='bbox 2820 1032 2982 1085; x_wconf 87' lang='lat' dir='ltr'><strong>quam</strong></span> <span class='ocrx_word' id='word_1_186' title='bbox 3016 1025 3210 1070; x_wconf 84' lang='lat' dir='ltr'><strong>natura</strong></span> <span class='ocrx_word' id='word_1_187' title='bbox 3247 1015 3451 1069; x_wconf 86' lang='lat' dir='ltr'><strong>viventi</strong></span> <span class='ocrx_word' id='word_1_188' title='bbox 3487 1016 3579 1069; x_wconf 88' lang='lat' dir='ltr'><strong>dat</strong></span> 
     </span>
    </p>
   </div>
   <div class='ocr_carea' id='block_1_27' title="bbox 1995 1112 3574 1182">
    <p class='ocr_par' dir='ltr' id='par_1_27' title="bbox 1995 1112 3574 1182">
     <span class='ocr_line' id='line_1_27' title="bbox 1995 1112 3574 1182; baseline -0.009 -10"><span class='ocrx_word' id='word_1_189' title='bbox 1995 1117 2121 1172; x_wconf 88' lang='lat' dir='ltr'><strong>soli.</strong></span> <span class='ocrx_word' id='word_1_190' title='bbox 2150 1112 2422 1170; x_wconf 63' lang='lat' dir='ltr'><strong>Pratterea</strong></span> <span class='ocrx_word' id='word_1_191' title='bbox 2457 1126 2661 1182; x_wconf 83' lang='lat' dir='ltr'><strong>corpus</strong></span> <span class='ocrx_word' id='word_1_192' title='bbox 2722 1123 2918 1164; x_wconf 80' lang='lat' dir='ltr'><strong>natura</strong></span> <span class='ocrx_word' id='word_1_193' title='bbox 2975 1123 3140 1178; x_wconf 82' lang='lat' dir='ltr'><strong>grave</strong></span> <span class='ocrx_word' id='word_1_194' title='bbox 3171 1117 3228 1161; x_wconf 91' lang='lat' dir='ltr'><strong>et</strong></span> <span class='ocrx_word' id='word_1_195' title='bbox 3270 1116 3574 1171; x_wconf 82' lang='lat' dir='ltr'><strong>terrenum,</strong></span> 
     </span>
    </p>
   </div>
   <div class='ocr_carea' id='block_1_28' title="bbox 1999 1197 3580 1275">
    <p class='ocr_par' dir='ltr' id='par_1_28' title="bbox 1999 1197 3580 1275">
     <span class='ocr_line' id='line_1_28' title="bbox 1999 1197 3580 1275; baseline -0.01 -11"><span class='ocrx_word' id='word_1_196' title='bbox 1999 1206 2234 1263; x_wconf 85' lang='lat' dir='ltr'><strong>naturali</strong></span> <span class='ocrx_word' id='word_1_197' title='bbox 2261 1203 2535 1275; x_wconf 82' lang='lat' dir='ltr'><strong>gravitate</strong></span> <span class='ocrx_word' id='word_1_198' title='bbox 2567 1209 2622 1256; x_wconf 89' lang='lat' dir='ltr'><strong>et</strong></span> <span class='ocrx_word' id='word_1_199' title='bbox 2667 1201 3002 1256; x_wconf 83' lang='lat' dir='ltr'><strong>mortalitate</strong></span> <span class='ocrx_word' id='word_1_200' title='bbox 3029 1198 3295 1260; x_wconf 87' lang='lat' dir='ltr'><strong>liberans,</strong></span> <span class='ocrx_word' id='word_1_201' title='bbox 3332 1197 3580 1250; x_wconf 84' lang='lat' dir='ltr'><strong>introdu-</strong></span> 
     </span>
    </p>
   </div>
   <div class='ocr_carea' id='block_1_29' title="bbox 1989 1290 3578 1372">
    <p class='ocr_par' dir='ltr' id='par_1_29' title="bbox 1989 1290 3578 1372">
     <span class='ocr_line' id='line_1_29' title="bbox 1989 1290 3578 1372; baseline -0.006 -16"><span class='ocrx_word' id='word_1_202' title='bbox 1989 1302 2073 1357; x_wconf 86' lang='lat' dir='ltr'><strong>‘cit</strong></span> <span class='ocrx_word' id='word_1_203' title='bbox 2101 1316 2197 1372; x_wconf 85' lang='lat' dir='ltr'><strong>per</strong></span> <span class='ocrx_word' id='word_1_204' title='bbox 2231 1301 2449 1356; x_wconf 85' lang='lat' dir='ltr'><strong>clausas</strong></span> <span class='ocrx_word' id='word_1_205' title='bbox 2469 1297 2690 1366; x_wconf 88' lang='lat' dir='ltr'><strong>januas,</strong></span> <span class='ocrx_word' id='word_1_206' title='bbox 2709 1305 2762 1350; x_wconf 88' lang='lat' dir='ltr'><strong>et</strong></span> <span class='ocrx_word' id='word_1_207' title='bbox 2787 1291 3287 1349; x_wconf 69' lang='lat' dir='ltr'><strong>elevans‘trans‘l’ert</strong></span> <span class='ocrx_word' id='word_1_208' title='bbox 3310 1291 3364 1345; x_wconf 90' lang='lat' dir='ltr'><strong>in</strong></span> <span class='ocrx_word' id='word_1_209' title='bbox 3384 1290 3578 1346; x_wconf 83' lang='lat' dir='ltr'><strong>coeles-</strong></span> 
     </span>
    </p>
   </div>
   <div class='ocr_carea' id='block_1_30' title="bbox 1998 1384 3576 1460">
    <p class='ocr_par' dir='ltr' id='par_1_30' title="bbox 1998 1384 3576 1460">
     <span class='ocr_line' id='line_1_30' title="bbox 1998 1384 3576 1460; baseline -0.008 -11"><span class='ocrx_word' id='word_1_210' title='bbox 1998 1404 2104 1449; x_wconf 91' lang='lat' dir='ltr'><strong>tem</strong></span> <span class='ocrx_word' id='word_1_211' title='bbox 2119 1393 2301 1449; x_wconf 83' lang='lat' dir='ltr'><strong>sedem</strong></span> <span class='ocrx_word' id='word_1_212' title='bbox 2317 1389 2736 1460; x_wconf 86' lang='lat' dir='ltr'><strong>corporeitatcm</strong></span> <span class='ocrx_word' id='word_1_213' title='bbox 2756 1396 2809 1442; x_wconf 82' lang='lat' dir='ltr'><strong>et</strong></span> <span class='ocrx_word' id='word_1_214' title='bbox 2826 1386 3289 1457; x_wconf 81' lang='lat' dir='ltr'><strong>Spiritualitatem,</strong></span> <span class='ocrx_word' id='word_1_215' title='bbox 3316 1384 3370 1439; x_wconf 89' lang='lat' dir='ltr'><strong>in</strong></span> <span class='ocrx_word' id='word_1_216' title='bbox 3387 1384 3576 1438; x_wconf 74' lang='lat' dir='ltr'><strong>eodem</strong></span> 
     </span>
    </p>
   </div>
   <div class='ocr_carea' id='block_1_31' title="bbox 1998 1474 3581 1558">
    <p class='ocr_par' dir='ltr' id='par_1_31' title="bbox 1998 1474 3581 1558">
     <span class='ocr_line' id='line_1_31' title="bbox 1998 1474 3581 1558; baseline -0.008 -17"><span class='ocrx_word' id='word_1_217' title='bbox 1998 1488 2118 1558; x_wconf 90' lang='lat' dir='ltr'><strong>ipso</strong></span> <span class='ocrx_word' id='word_1_218' title='bbox 2134 1485 2500 1548; x_wconf 86' lang='lat' dir='ltr'><strong>constituens,</strong></span> <span class='ocrx_word' id='word_1_219' title='bbox 2525 1483 2597 1535; x_wconf 88' lang='lat' dir='ltr'><strong>ita</strong></span> <span class='ocrx_word' id='word_1_220' title='bbox 2622 1487 2680 1535; x_wconf 88' lang='lat' dir='ltr'><strong>ut</strong></span> <span class='ocrx_word' id='word_1_221' title='bbox 2704 1480 2847 1535; x_wconf 89' lang='lat' dir='ltr'><strong>idem</strong></span> <span class='ocrx_word' id='word_1_222' title='bbox 2876 1480 2947 1533; x_wconf 86' lang='lat' dir='ltr'><strong>sit</strong></span> <span class='ocrx_word' id='word_1_223' title='bbox 2965 1493 3171 1548; x_wconf 86' lang='lat' dir='ltr'><strong>corpus</strong></span> <span class='ocrx_word' id='word_1_224' title='bbox 3188 1491 3376 1530; x_wconf 87' lang='lat' dir='ltr'><strong>verum</strong></span> <span class='ocrx_word' id='word_1_225' title='bbox 3402 1474 3551 1529; x_wconf 92' lang='lat' dir='ltr'><strong>homi</strong></span> <span class='ocrx_word' id='word_1_226' title='bbox 3564 1505 3581 1515; x_wconf 70' lang='grc' dir='ltr'><strong><em>ο</em></strong></span> 
     </span>
    </p>
   </div>
   <div class='ocr_carea' id='block_1_32' title="bbox 1997 1568 3575 1648">
    <p class='ocr_par' dir='ltr' id='par_1_32' title="bbox 1997 1568 3575 1648">
     <span class='ocr_line' id='line_1_32' title="bbox 1997 1568 3575 1648; baseline -0.009 -13"><span class='ocrx_word' id='word_1_227' title='bbox 1997 1582 2109 1640; x_wconf 83' lang='lat' dir='ltr'><strong>nis.</strong></span> <span class='ocrx_word' id='word_1_228' title='bbox 2144 1579 2329 1648; x_wconf 80' lang='lat' dir='ltr'><strong>sitque</strong></span> <span class='ocrx_word' id='word_1_229' title='bbox 2355 1575 2520 1630; x_wconf 77' lang='lat' dir='ltr'><strong>Simul</strong></span> <span class='ocrx_word' id='word_1_230' title='bbox 2569 1589 2767 1643; x_wconf 86' lang='lat' dir='ltr'><strong>corpus</strong></span> <span class='ocrx_word' id='word_1_231' title='bbox 2787 1572 3096 1642; x_wconf 73' lang='lat' dir='ltr'><strong>Spirituale,</strong></span> <span class='ocrx_word' id='word_1_232' title='bbox 3128 1572 3264 1625; x_wconf 86' lang='lat' dir='ltr'><strong>adeo</strong></span> <span class='ocrx_word' id='word_1_233' title='bbox 3302 1578 3360 1624; x_wconf 92' lang='lat' dir='ltr'><strong>ut</strong></span> <span class='ocrx_word' id='word_1_234' title='bbox 3395 1568 3575 1623; x_wconf 88' lang='lat' dir='ltr'><strong>solida</strong></span> 
     </span>
    </p>
   </div>
   <div class='ocr_carea' id='block_1_33' title="bbox 1997 1663 3579 1744">
    <p class='ocr_par' dir='ltr' id='par_1_33' title="bbox 1997 1663 3579 1744">
     <span class='ocr_line' id='line_1_33' title="bbox 1997 1663 3579 1744; baseline -0.007 -16"><span class='ocrx_word' id='word_1_235' title='bbox 1997 1688 2231 1744; x_wconf 75' lang='lat' dir='ltr'><strong>corpora</strong></span> <span class='ocrx_word' id='word_1_236' title='bbox 2250 1682 2573 1734; x_wconf 87' lang='lat' dir='ltr'><strong>transmeet,</strong></span> <span class='ocrx_word' id='word_1_237' title='bbox 2593 1683 2716 1739; x_wconf 62' lang='lat' dir='ltr'><strong>qua;</strong></span> <span class='ocrx_word' id='word_1_238' title='bbox 2735 1668 2989 1737; x_wconf 77' lang='lat' dir='ltr'><strong>potestati</strong></span> <span class='ocrx_word' id='word_1_239' title='bbox 3013 1664 3210 1720; x_wconf 69' lang='lat' dir='ltr'><strong>divinae</strong></span> <span class='ocrx_word' id='word_1_240' title='bbox 3229 1665 3448 1725; x_wconf 88' lang='lat' dir='ltr'><strong>cedant,</strong></span> <span class='ocrx_word' id='word_1_241' title='bbox 3471 1663 3579 1718; x_wconf 86' lang='lat' dir='ltr'><strong>sic-</strong></span> 
     </span>
    </p>
   </div>
   <div class='ocr_carea' id='block_1_34' title="bbox 1998 1757 3576 1832">
    <p class='ocr_par' dir='ltr' id='par_1_34' title="bbox 1998 1757 3576 1832">
     <span class='ocr_line' id='line_1_34' title="bbox 1998 1757 3576 1832; baseline -0.005 -12"><span class='ocrx_word' id='word_1_242' title='bbox 1998 1776 2058 1820; x_wconf 97' lang='lat' dir='ltr'><strong>ut</strong></span> <span class='ocrx_word' id='word_1_243' title='bbox 2092 1762 2365 1832; x_wconf 77' lang='lat' dir='ltr'><strong>simplicia</strong></span> <span class='ocrx_word' id='word_1_244' title='bbox 2400 1760 2651 1829; x_wconf 71' lang='lat' dir='ltr'><strong>quaedam</strong></span> <span class='ocrx_word' id='word_1_245' title='bbox 2691 1772 2918 1828; x_wconf 84' lang='lat' dir='ltr'><strong>corpora</strong></span> <span class='ocrx_word' id='word_1_246' title='bbox 2952 1770 3053 1828; x_wconf 85' lang='lat' dir='ltr'><strong>per</strong></span> <span class='ocrx_word' id='word_1_247' title='bbox 3105 1757 3342 1812; x_wconf 82' lang='lat' dir='ltr'><strong>solidum</strong></span> <span class='ocrx_word' id='word_1_248' title='bbox 3377 1770 3576 1824; x_wconf 88' lang='lat' dir='ltr'><strong>corpus</strong></span> 
     </span>
    </p>
   </div>
   <div class='ocr_carea' id='block_1_35' title="bbox 1999 1847 3575 1918">
    <p class='ocr_par' dir='ltr' id='par_1_35' title="bbox 1999 1847 3575 1918">
     <span class='ocr_line' id='line_1_35' title="bbox 1999 1847 3575 1918; baseline -0.003 -8"><span class='ocrx_word' id='word_1_249' title='bbox 1999 1858 2310 1918; x_wconf 85' lang='lat' dir='ltr'><strong>transeunt,</strong></span> <span class='ocrx_word' id='word_1_250' title='bbox 2329 1853 2696 1906; x_wconf 84' lang='lat' dir='ltr'><strong>humanarum</strong></span> <span class='ocrx_word' id='word_1_251' title='bbox 2740 1863 2999 1903; x_wconf 87' lang='lat' dir='ltr'><strong>manuum</strong></span> <span class='ocrx_word' id='word_1_252' title='bbox 3030 1848 3079 1903; x_wconf 81' lang='lat' dir='ltr'><strong>vi</strong></span> <span class='ocrx_word' id='word_1_253' title='bbox 3112 1847 3245 1903; x_wconf 89' lang='lat' dir='ltr'><strong>illud</strong></span> <span class='ocrx_word' id='word_1_254' title='bbox 3277 1848 3575 1905; x_wconf 77' lang='lat' dir='ltr'><strong>efﬁciente.</strong></span> 
     </span>
    </p>
   </div>
   <div class='ocr_carea' id='block_1_36' title="bbox 312 1940 2757 2023">
    <p class='ocr_par' dir='ltr' id='par_1_36' title="bbox 312 1940 2757 2023">
     <span class='ocr_line' id='line_1_36' title="bbox 312 1940 2757 2023; baseline 0.001 -30"><span class='ocrx_word' id='word_1_255' title='bbox 312 1940 402 1994; x_wconf 79' lang='grc' dir='ltr'>διὰ</span> <span class='ocrx_word' id='word_1_256' title='bbox 431 1941 698 2013; x_wconf 82' lang='grc' dir='ltr'>σωμάτων</span> <span class='ocrx_word' id='word_1_257' title='bbox 743 1943 1018 2015; x_wconf 78' lang='grc' dir='ltr'>διέρχεται</span> <span class='ocrx_word' id='word_1_258' title='bbox 1053 1948 1354 2015; x_wconf 84' lang='grc' dir='ltr'>στεγανῶν,</span> <span class='ocrx_word' id='word_1_259' title='bbox 1386 1947 1512 2019; x_wconf 83' lang='grc' dir='ltr'>βίας</span> <span class='ocrx_word' id='word_1_260' title='bbox 1563 1950 1771 2023; x_wconf 85' lang='grc' dir='ltr'>χειρῶν</span> <span class='ocrx_word' id='word_1_261' title='bbox 1801 1949 2160 2022; x_wconf 75' lang='grc' dir='ltr'>ἀνθρωπίνων</span> <span class='ocrx_word' id='word_1_262' title='bbox 2196 1946 2356 2001; x_wconf 81' lang='grc' dir='ltr'>τοῦτο</span> <span class='ocrx_word' id='word_1_263' title='bbox 2389 1943 2757 2015; x_wconf 85' lang='grc' dir='ltr'>πραττούσης.</span> 
     </span>
    </p>
   </div>
   <div class='ocr_carea' id='block_1_37' title="bbox 384 2034 1892 2112">
    <p class='ocr_par' dir='ltr' id='par_1_37' title="bbox 384 2034 1885 2112">
     <span class='ocr_line' id='line_1_37' title="bbox 384 2034 1885 2112; baseline 0.009 -26"><span class='ocrx_word' id='word_1_264' title='bbox 384 2034 520 2102; x_wconf 77' lang='grc' dir='ltr'>Περὶ</span> <span class='ocrx_word' id='word_1_265' title='bbox 551 2035 650 2104; x_wconf 79' lang='grc' dir='ltr'>μὲν</span> <span class='ocrx_word' id='word_1_266' title='bbox 683 2035 750 2101; x_wconf 80' lang='grc' dir='ltr'><strong>δὴ</strong></span> <span class='ocrx_word' id='word_1_267' title='bbox 778 2037 887 2091; x_wconf 87' lang='grc' dir='ltr'><strong>τῶν</strong></span> <span class='ocrx_word' id='word_1_268' title='bbox 921 2038 1082 2092; x_wconf 80' lang='grc' dir='ltr'>θείων</span> <span class='ocrx_word' id='word_1_269' title='bbox 1111 2041 1408 2111; x_wconf 85' lang='grc' dir='ltr'>θαυμάτων</span> <span class='ocrx_word' id='word_1_270' title='bbox 1438 2044 1605 2112; x_wconf 79' lang='grc' dir='ltr'>ἀρκεῖ</span> <span class='ocrx_word' id='word_1_271' title='bbox 1629 2042 1885 2099; x_wconf 80' lang='grc' dir='ltr'>τοσοῦτον</span> 
     </span>
    </p>
   </div>
   <div class='ocr_carea' id='block_1_38' title="bbox 1993 2034 3569 2112">
    <p class='ocr_par' dir='ltr' id='par_1_38' title="bbox 2063 2034 3569 2106">
     <span class='ocr_line' id='line_1_38' title="bbox 2063 2034 3569 2106; baseline -0.005 -8"><span class='ocrx_word' id='word_1_272' title='bbox 2063 2041 2169 2098; x_wconf 88' lang='lat' dir='ltr'><strong>Sed</strong></span> <span class='ocrx_word' id='word_1_273' title='bbox 2192 2039 2260 2095; x_wconf 89' lang='lat' dir='ltr'><strong>de</strong></span> <span class='ocrx_word' id='word_1_274' title='bbox 2276 2039 2477 2094; x_wconf 84' lang='lat' dir='ltr'><strong>divinis</strong></span> <span class='ocrx_word' id='word_1_275' title='bbox 2497 2036 2778 2091; x_wconf 72' lang='lat' dir='ltr'><strong>miraculis</strong></span> <span class='ocrx_word' id='word_1_276' title='bbox 2791 2034 2926 2091; x_wconf 86' lang='lat' dir='ltr'><strong>satis</strong></span> <span class='ocrx_word' id='word_1_277' title='bbox 2944 2035 3152 2090; x_wconf 88' lang='lat' dir='ltr'><strong>dictum</strong></span> <span class='ocrx_word' id='word_1_278' title='bbox 3187 2043 3569 2106; x_wconf 87' lang='lat' dir='ltr'><strong>est,quantum</strong></span> 
     </span>
    </p>
   </div>
   <div class='ocr_carea' id='block_1_39' title="bbox 312 2124 1890 2208">
    <p class='ocr_par' dir='ltr' id='par_1_39' title="bbox 312 2124 1890 2208">
     <span class='ocr_line' id='line_1_39' title="bbox 312 2124 1890 2208; baseline 0.01 -31"><span class='ocrx_word' id='word_1_279' title='bbox 312 2124 511 2192; x_wconf 74' lang='grc' dir='ltr'>εἰπεῖν,</span> <span class='ocrx_word' id='word_1_280' title='bbox 560 2127 686 2181; x_wconf 82' lang='grc' dir='ltr'>ὅσον</span> <span class='ocrx_word' id='word_1_281' title='bbox 735 2128 815 2193; x_wconf 83' lang='grc' dir='ltr'><strong>είς</strong></span> <span class='ocrx_word' id='word_1_282' title='bbox 859 2128 959 2201; x_wconf 82' lang='grc' dir='ltr'>τὴν</span> <span class='ocrx_word' id='word_1_283' title='bbox 1003 2134 1376 2205; x_wconf 81' lang='grc' dir='ltr'>προκειμένην</span> <span class='ocrx_word' id='word_1_284' title='bbox 1433 2136 1568 2207; x_wconf 79' lang='grc' dir='ltr'>ἡμῖν</span> <span class='ocrx_word' id='word_1_285' title='bbox 1629 2138 1890 2208; x_wconf 80' lang='grc' dir='ltr'><strong>ἁρμόττει</strong></span> 
     </span>
    </p>
   </div>
   <div class='ocr_carea' id='block_1_40' title="bbox 313 2218 1886 2298">
    <p class='ocr_par' dir='ltr' id='par_1_40' title="bbox 313 2218 1886 2298">
     <span class='ocr_line' id='line_1_40' title="bbox 313 2218 1886 2298; baseline 0.01 -28"><span class='ocrx_word' id='word_1_286' title='bbox 313 2218 524 2289; x_wconf 78' lang='grc' dir='ltr'>χρείαν,</span> <span class='ocrx_word' id='word_1_287' title='bbox 573 2220 652 2291; x_wconf 76' lang='grc' dir='ltr'>τῷ</span> <span class='ocrx_word' id='word_1_288' title='bbox 699 2220 757 2275; x_wconf 74' lang='grc' dir='ltr'>δὲ</span> <span class='ocrx_word' id='word_1_289' title='bbox 804 2226 1154 2296; x_wconf 80' lang='grc' dir='ltr'>προκειμένῳ</span> <span class='ocrx_word' id='word_1_290' title='bbox 1202 2226 1351 2298; x_wconf 82' lang='grc' dir='ltr'>μόνῳ</span> <span class='ocrx_word' id='word_1_291' title='bbox 1406 2229 1737 2298; x_wconf 80' lang='grc' dir='ltr'>ὲφιστῶντες</span> <span class='ocrx_word' id='word_1_292' title='bbox 1791 2232 1886 2286; x_wconf 77' lang='grc' dir='ltr'>νῦν</span> 
     </span>
    </p>
   </div>
   <div class='ocr_carea' id='block_1_41' title="bbox 316 2310 1886 2395">
    <p class='ocr_par' dir='ltr' id='par_1_41' title="bbox 316 2310 1886 2395">
     <span class='ocr_line' id='line_1_41' title="bbox 316 2310 1886 2395; baseline 0.01 -33"><span class='ocrx_word' id='word_1_293' title='bbox 316 2310 623 2383; x_wconf 87' lang='grc' dir='ltr'>μυστηρίῳ,</span> <span class='ocrx_word' id='word_1_294' title='bbox 660 2312 825 2367; x_wconf 85' lang='grc' dir='ltr'>πάλιν</span> <span class='ocrx_word' id='word_1_295' title='bbox 875 2315 1359 2387; x_wconf 73' lang='grc' dir='ltr'>ἀναλαμϐάνοντες</span> <span class='ocrx_word' id='word_1_296' title='bbox 1407 2319 1661 2390; x_wconf 81' lang='grc' dir='ltr'>λέγομεν,</span> <span class='ocrx_word' id='word_1_297' title='bbox 1690 2324 1773 2376; x_wconf 79' lang='grc' dir='ltr'>ὅτι</span> <span class='ocrx_word' id='word_1_298' title='bbox 1821 2328 1886 2395; x_wconf 76' lang='grc' dir='ltr'>τῇ</span> 
     </span>
    </p>
   </div>
   <div class='ocr_carea' id='block_1_42' title="bbox 316 2404 1890 2484">
    <p class='ocr_par' dir='ltr' id='par_1_42' title="bbox 316 2404 1890 2484">
     <span class='ocr_line' id='line_1_42' title="bbox 316 2404 1890 2484; baseline 0.008 -28"><span class='ocrx_word' id='word_1_299' title='bbox 316 2405 418 2473; x_wconf 85' lang='grc' dir='ltr'>μὲν</span> <span class='ocrx_word' id='word_1_300' title='bbox 444 2404 565 2477; x_wconf 81' lang='grc' dir='ltr'>θείᾳ</span> <span class='ocrx_word' id='word_1_301' title='bbox 607 2405 836 2477; x_wconf 83' lang='grc' dir='ltr'>δυνάμει</span> <span class='ocrx_word' id='word_1_302' title='bbox 866 2408 1055 2474; x_wconf 80' lang='grc' dir='ltr'>ἁπλῶς</span> <span class='ocrx_word' id='word_1_303' title='bbox 1113 2411 1368 2481; x_wconf 85' lang='grc' dir='ltr'>οὐδαμῶς</span> <span class='ocrx_word' id='word_1_304' title='bbox 1412 2414 1680 2469; x_wconf 83' lang='grc' dir='ltr'>ἀδύνατον</span> <span class='ocrx_word' id='word_1_305' title='bbox 1708 2416 1890 2484; x_wconf 82' lang='grc' dir='ltr'>τοῦτο,</span> 
     </span>
    </p>
   </div>
   <div class='ocr_carea' id='block_1_43' title="bbox 317 2496 1892 2580">
    <p class='ocr_par' dir='ltr' id='par_1_43' title="bbox 317 2496 1892 2580">
     <span class='ocr_line' id='line_1_43' title="bbox 317 2496 1892 2580; baseline 0.009 -30"><span class='ocrx_word' id='word_1_306' title='bbox 317 2496 415 2551; x_wconf 77' lang='grc' dir='ltr'>καὶ</span> <span class='ocrx_word' id='word_1_307' title='bbox 457 2498 613 2569; x_wconf 86' lang='grc' dir='ltr'>πρὸς·</span> <span class='ocrx_word' id='word_1_308' title='bbox 644 2499 885 2570; x_wconf 76' lang='grc' dir='ltr'>ἑκάστην</span> <span class='ocrx_word' id='word_1_309' title='bbox 922 2501 979 2555; x_wconf 78' lang='grc' dir='ltr'>δὲ</span> <span class='ocrx_word' id='word_1_310' title='bbox 1019 2502 1128 2557; x_wconf 85' lang='grc' dir='ltr'><strong>τῶν</strong></span> <span class='ocrx_word' id='word_1_311' title='bbox 1160 2504 1413 2575; x_wconf 81' lang='grc' dir='ltr'>ἀποριῶν</span> <span class='ocrx_word' id='word_1_312' title='bbox 1456 2502 1546 2569; x_wconf 75' lang='grc' dir='ltr'>αἶς</span> <span class='ocrx_word' id='word_1_313' title='bbox 1568 2526 1714 2572; x_wconf 90' lang='grc' dir='ltr'>τινες</span> <span class='ocrx_word' id='word_1_314' title='bbox 1754 2512 1892 2580; x_wconf 74' lang='grc' dir='ltr'>πρὸς</span> 
     </span>
    </p>
   </div>
   <div class='ocr_carea' id='block_1_44' title="bbox 316 2586 1893 2671">
    <p class='ocr_par' dir='ltr' id='par_1_44' title="bbox 316 2586 1893 2671">
     <span class='ocr_line' id='line_1_44' title="bbox 316 2586 1893 2671; baseline 0.012 -32"><span class='ocrx_word' id='word_1_315' title='bbox 316 2586 416 2658; x_wconf 72' lang='grc' dir='ltr'>τὴν</span> <span class='ocrx_word' id='word_1_316' title='bbox 433 2590 699 2645; x_wconf 84' lang='grc' dir='ltr'>ἀπιστίαν</span> <span class='ocrx_word' id='word_1_317' title='bbox 720 2593 1013 2663; x_wconf 82' lang='grc' dir='ltr'>ἀνάγονται</span> <span class='ocrx_word' id='word_1_318' title='bbox 1046 2595 1140 2651; x_wconf 81' lang='grc' dir='ltr'><strong>τοῦ</strong></span> <span class='ocrx_word' id='word_1_319' title='bbox 1172 2597 1496 2669; x_wconf 88' lang='grc' dir='ltr'>μυστηρίου,</span> <span class='ocrx_word' id='word_1_320' title='bbox 1529 2601 1711 2671; x_wconf 77' lang='grc' dir='ltr'>ῥᾴδιον</span> <span class='ocrx_word' id='word_1_321' title='bbox 1741 2603 1893 2657; x_wconf 78' lang='grc' dir='ltr'>ἀντι-</span> 
     </span>
    </p>
   </div>
   <div class='ocr_carea' id='block_1_45' title="bbox 321 2682 1894 2764">
    <p class='ocr_par' dir='ltr' id='par_1_45' title="bbox 321 2682 1894 2764">
     <span class='ocr_line' id='line_1_45' title="bbox 321 2682 1894 2764; baseline 0.011 -32"><span class='ocrx_word' id='word_1_322' title='bbox 321 2682 666 2749; x_wconf 80' lang='grc' dir='ltr'>μηχανᾶσθαι</span> <span class='ocrx_word' id='word_1_323' title='bbox 689 2682 781 2737; x_wconf 83' lang='grc' dir='ltr'>τὸν</span> <span class='ocrx_word' id='word_1_324' title='bbox 819 2684 1167 2756; x_wconf 76' lang='grc' dir='ltr'>ἀνθρώπινον</span> <span class='ocrx_word' id='word_1_325' title='bbox 1197 2688 1380 2757; x_wconf 84' lang='grc' dir='ltr'>λόγον,</span> <span class='ocrx_word' id='word_1_326' title='bbox 1439 2691 1619 2745; x_wconf 79' lang='grc' dir='ltr'>καίτοι</span> <span class='ocrx_word' id='word_1_327' title='bbox 1665 2694 1758 2746; x_wconf 86' lang='grc' dir='ltr'>τοῦ</span> <span class='ocrx_word' id='word_1_328' title='bbox 1792 2713 1894 2764; x_wconf 86' lang='grc' dir='ltr'>μυ-</span> 
     </span>
    </p>
   </div>
   <div class='ocr_carea' id='block_1_46' title="bbox 320 2774 1894 2857">
    <p class='ocr_par' dir='ltr' id='par_1_46' title="bbox 320 2774 1894 2857">
     <span class='ocr_line' id='line_1_46' title="bbox 320 2774 1894 2857; baseline 0.011 -34"><span class='ocrx_word' id='word_1_329' title='bbox 320 2775 542 2842; x_wconf 83' lang='grc' dir='ltr'>στηρίου</span> <span class='ocrx_word' id='word_1_330' title='bbox 597 2774 852 2848; x_wconf 86' lang='grc' dir='ltr'>καθάπερ</span> <span class='ocrx_word' id='word_1_331' title='bbox 916 2777 1101 2833; x_wconf 83' lang='grc' dir='ltr'>πίστει</span> <span class='ocrx_word' id='word_1_332' title='bbox 1142 2781 1284 2852; x_wconf 75' lang='grc' dir='ltr'>μόνη</span> <span class='ocrx_word' id='word_1_333' title='bbox 1323 2781 1697 2851; x_wconf 76' lang='grc' dir='ltr'>λαμόάνεσθαι</span> <span class='ocrx_word' id='word_1_334' title='bbox 1744 2787 1894 2857; x_wconf 61' lang='grc' dir='ltr'>ὀφει-</span> 
     </span>
    </p>
   </div>
   <div class='ocr_carea' id='block_1_47' title="bbox 317 2860 1891 2949">
    <p class='ocr_par' dir='ltr' id='par_1_47' title="bbox 317 2860 1891 2949">
     <span class='ocr_line' id='line_1_47' title="bbox 317 2860 1891 2949; baseline 0.012 -35"><span class='ocrx_word' id='word_1_335' title='bbox 317 2860 525 2931; x_wconf 78' lang='grc' dir='ltr'>λοντος,</span> <span class='ocrx_word' id='word_1_336' title='bbox 558 2866 652 2921; x_wconf 80' lang='grc' dir='ltr'>καὶ</span> <span class='ocrx_word' id='word_1_337' title='bbox 686 2869 1039 2940; x_wconf 74' lang='grc' dir='ltr'>κατέχεσθαι.</span> <span class='ocrx_word' id='word_1_338' title='bbox 1073 2872 1285 2926; x_wconf 73' lang='grc' dir='ltr'>Αὐτίκα</span> <span class='ocrx_word' id='word_1_339' title='bbox 1335 2875 1398 2927; x_wconf 86' lang='grc' dir='ltr'>τὸ</span> <span class='ocrx_word' id='word_1_340' title='bbox 1450 2877 1551 2943; x_wconf 83' lang='grc' dir='ltr'>μὲν</span> <span class='ocrx_word' id='word_1_341' title='bbox 1583 2877 1683 2947; x_wconf 80' lang='grc' dir='ltr'>τῆς</span> <span class='ocrx_word' id='word_1_342' title='bbox 1718 2896 1891 2949; x_wconf 85' lang='grc' dir='ltr'>μετα-</span> 
     </span>
    </p>
   </div>
   <div class='ocr_carea' id='block_1_48' title="bbox 318 2955 1891 3043">
    <p class='ocr_par' dir='ltr' id='par_1_48' title="bbox 318 2955 1891 3043">
     <span class='ocr_line' id='line_1_48' title="bbox 318 2955 1891 3043; baseline 0.012 -35"><span class='ocrx_word' id='word_1_343' title='bbox 318 2955 481 3027; x_wconf 68' lang='grc' dir='ltr'>ϐολῆς</span> <span class='ocrx_word' id='word_1_344' title='bbox 526 2960 815 3032; x_wconf 77' lang='grc' dir='ltr'>ἀκαριαῖον</span> <span class='ocrx_word' id='word_1_345' title='bbox 857 2966 924 3034; x_wconf 75' lang='grc' dir='ltr'>τῇ</span> <span class='ocrx_word' id='word_1_346' title='bbox 975 2966 1206 3038; x_wconf 83' lang='grc' dir='ltr'>ἀπειρίᾳ</span> <span class='ocrx_word' id='word_1_347' title='bbox 1251 2966 1353 3038; x_wconf 85' lang='grc' dir='ltr'>τῆς</span> <span class='ocrx_word' id='word_1_348' title='bbox 1404 2966 1556 3034; x_wconf 88' lang='grc' dir='ltr'>θείας</span> <span class='ocrx_word' id='word_1_349' title='bbox 1604 2970 1891 3043; x_wconf 84' lang='grc' dir='ltr'>δυνάμεως</span> 
     </span>
    </p>
   </div>
   <div class='ocr_carea' id='block_1_49' title="bbox 320 3049 1893 3133">
    <p class='ocr_par' dir='ltr' id='par_1_49' title="bbox 320 3049 1893 3133">
     <span class='ocr_line' id='line_1_49' title="bbox 320 3049 1893 3133; baseline 0.01 -30"><span class='ocrx_word' id='word_1_350' title='bbox 320 3049 786 3127; x_wconf 78' lang='grc' dir='ltr'>θεραπεύεταιοή</span> <span class='ocrx_word' id='word_1_351' title='bbox 842 3055 954 3127; x_wconf 80' lang='grc' dir='ltr'>γὰρ</span> <span class='ocrx_word' id='word_1_352' title='bbox 1008 3057 1235 3129; x_wconf 78' lang='grc' dir='ltr'>ἄπειρος</span> <span class='ocrx_word' id='word_1_353' title='bbox 1287 3059 1523 3132; x_wconf 87' lang='grc' dir='ltr'>δύναμις</span> <span class='ocrx_word' id='word_1_354' title='bbox 1580 3063 1640 3117; x_wconf 80' lang='grc' dir='ltr'>ἐν</span> <span class='ocrx_word' id='word_1_355' title='bbox 1689 3063 1893 3133; x_wconf 82' lang='grc' dir='ltr'>ἀκαρεῖ</span> 
     </span>
    </p>
   </div>
   <div class='ocr_carea' id='block_1_50' title="bbox 318 3141 1891 3223">
    <p class='ocr_par' dir='ltr' id='par_1_50' title="bbox 318 3141 1891 3223">
     <span class='ocr_line' id='line_1_50' title="bbox 318 3141 1891 3223; baseline 0.008 -27"><span class='ocrx_word' id='word_1_356' title='bbox 318 3141 511 3213; x_wconf 80' lang='grc' dir='ltr'>χρόνον</span> <span class='ocrx_word' id='word_1_357' title='bbox 538 3143 763 3200; x_wconf 83' lang='grc' dir='ltr'>δύναται</span> <span class='ocrx_word' id='word_1_358' title='bbox 791 3146 858 3201; x_wconf 86' lang='grc' dir='ltr'>τὰ</span> <span class='ocrx_word' id='word_1_359' title='bbox 890 3147 1128 3217; x_wconf 70' lang='grc' dir='ltr'>μέγιστα</span> <span class='ocrx_word' id='word_1_360' title='bbox 1155 3150 1265 3204; x_wconf 91' lang='grc' dir='ltr'><strong>τῶν</strong></span> <span class='ocrx_word' id='word_1_361' title='bbox 1292 3156 1564 3223; x_wconf 84' lang='grc' dir='ltr'>σωμάτων</span> <span class='ocrx_word' id='word_1_362' title='bbox 1589 3159 1782 3221; x_wconf 83' lang='grc' dir='ltr'>κινεῖν,</span> <span class='ocrx_word' id='word_1_363' title='bbox 1815 3156 1891 3221; x_wconf 80' lang='grc' dir='ltr'>ὥς</span> 
     </span>
    </p>
   </div>
   <div class='ocr_carea' id='block_1_51' title="bbox 316 3233 1891 3309">
    <p class='ocr_par' dir='ltr' id='par_1_51' title="bbox 316 3233 1891 3309">
     <span class='ocr_line' id='line_1_51' title="bbox 316 3233 1891 3309; baseline 0.01 -23"><span class='ocrx_word' id='word_1_364' title='bbox 316 3233 396 3304; x_wconf 82' lang='grc' dir='ltr'>τῷ</span> <span class='ocrx_word' id='word_1_365' title='bbox 422 3234 696 3307; x_wconf 76' lang='grc' dir='ltr'>φιλοσόφῳ</span> <span class='ocrx_word' id='word_1_366' title='bbox 744 3236 915 3303; x_wconf 87' lang='grc' dir='ltr'>δοκεῖ,</span> <span class='ocrx_word' id='word_1_367' title='bbox 951 3238 1092 3293; x_wconf 83' lang='grc' dir='ltr'>ὥστε</span> <span class='ocrx_word' id='word_1_368' title='bbox 1126 3241 1220 3294; x_wconf 74' lang='grc' dir='ltr'>καὶ</span> <span class='ocrx_word' id='word_1_369' title='bbox 1256 3243 1617 3309; x_wconf 79' lang='grc' dir='ltr'>μεταϐάλλειν</span> <span class='ocrx_word' id='word_1_370' title='bbox 1660 3246 1719 3300; x_wconf 76' lang='grc' dir='ltr'>ἐν</span> <span class='ocrx_word' id='word_1_371' title='bbox 1753 3248 1891 3301; x_wconf 82' lang='grc' dir='ltr'>ἀκα-</span> 
     </span>
    </p>
   </div>
   <div class='ocr_carea' id='block_1_52' title="bbox 318 3326 1890 3407">
    <p class='ocr_par' dir='ltr' id='par_1_52' title="bbox 318 3326 1890 3407">
     <span class='ocr_line' id='line_1_52' title="bbox 318 3326 1890 3407; baseline 0.008 -29"><span class='ocrx_word' id='word_1_372' title='bbox 318 3327 405 3397; x_wconf 73' lang='grc' dir='ltr'>ρεῖ</span> <span class='ocrx_word' id='word_1_373' title='bbox 442 3326 636 3399; x_wconf 84' lang='grc' dir='ltr'>χρόνου</span> <span class='ocrx_word' id='word_1_374' title='bbox 695 3328 728 3399; x_wconf 80' lang='grc' dir='ltr'><strong>ἡ</strong></span> <span class='ocrx_word' id='word_1_375' title='bbox 772 3328 954 3393; x_wconf 81' lang='grc' dir='ltr'>πάντα</span> <span class='ocrx_word' id='word_1_376' title='bbox 1011 3332 1344 3404; x_wconf 73' lang='grc' dir='ltr'>παράγουσα</span> <span class='ocrx_word' id='word_1_377' title='bbox 1398 3336 1633 3407; x_wconf 84' lang='grc' dir='ltr'>δύναμις</span> <span class='ocrx_word' id='word_1_378' title='bbox 1674 3342 1775 3392; x_wconf 86' lang='grc' dir='ltr'>οὐκ</span> <span class='ocrx_word' id='word_1_379' title='bbox 1821 3338 1890 3393; x_wconf 80' lang='grc' dir='ltr'>ἂν</span> 
     </span>
    </p>
   </div>
   <div class='ocr_carea' id='block_1_53' title="bbox 1995 2125 3572 2200">
    <p class='ocr_par' dir='ltr' id='par_1_53' title="bbox 1995 2125 3572 2200">
     <span class='ocr_line' id='line_1_53' title="bbox 1995 2125 3572 2200; baseline -0.004 -11"><span class='ocrx_word' id='word_1_380' title='bbox 1995 2133 2228 2189; x_wconf 86' lang='lat' dir='ltr'><strong>instituti</strong></span> <span class='ocrx_word' id='word_1_381' title='bbox 2258 2130 2400 2185; x_wconf 86' lang='lat' dir='ltr'><strong>ratio</strong></span> <span class='ocrx_word' id='word_1_382' title='bbox 2418 2126 2763 2200; x_wconf 81' lang='lat' dir='ltr'><strong>postulabat;</strong></span> <span class='ocrx_word' id='word_1_383' title='bbox 2791 2125 3077 2197; x_wconf 88' lang='lat' dir='ltr'><strong>proposito</strong></span> <span class='ocrx_word' id='word_1_384' title='bbox 3102 2135 3284 2182; x_wconf 89' lang='lat' dir='ltr'><strong>autem</strong></span> <span class='ocrx_word' id='word_1_385' title='bbox 3313 2130 3572 2198; x_wconf 81' lang='lat' dir='ltr'><strong>mysterio</strong></span> 
     </span>
    </p>
   </div>
   <div class='ocr_carea' id='block_1_54' title="bbox 1994 2220 3573 2284">
    <p class='ocr_par' dir='ltr' id='par_1_54' title="bbox 1994 2220 3573 2284">
     <span class='ocr_line' id='line_1_54' title="bbox 1994 2220 3573 2284; baseline -0.004 -3"><span class='ocrx_word' id='word_1_386' title='bbox 1994 2224 2174 2281; x_wconf 89' lang='lat' dir='ltr'><strong>solum</strong></span> <span class='ocrx_word' id='word_1_387' title='bbox 2219 2221 2559 2284; x_wconf 86' lang='lat' dir='ltr'><strong>insistentes,</strong></span> <span class='ocrx_word' id='word_1_388' title='bbox 2600 2227 2654 2274; x_wconf 93' lang='lat' dir='ltr'><strong>et</strong></span> <span class='ocrx_word' id='word_1_389' title='bbox 2693 2232 3003 2273; x_wconf 87' lang='lat' dir='ltr'><strong>sermonem</strong></span> <span class='ocrx_word' id='word_1_390' title='bbox 3041 2220 3573 2283; x_wconf 46' lang='lat' dir='ltr'><strong>resumentes,‘dici—</strong></span> 
     </span>
    </p>
   </div>
   <div class='ocr_carea' id='block_1_55' title="bbox 1993 2309 3573 2384">
    <p class='ocr_par' dir='ltr' id='par_1_55' title="bbox 1993 2309 3573 2384">
     <span class='ocr_line' id='line_1_55' title="bbox 1993 2309 3573 2384; baseline -0.003 -12"><span class='ocrx_word' id='word_1_391' title='bbox 1993 2331 2120 2372; x_wconf 88' lang='lat' dir='ltr'><strong>mus</strong></span> <span class='ocrx_word' id='word_1_392' title='bbox 2151 2313 2298 2384; x_wconf 85' lang='lat' dir='ltr'><strong>quod</strong></span> <span class='ocrx_word' id='word_1_393' title='bbox 2330 2312 2529 2367; x_wconf 58' lang='lat' dir='ltr'><strong>divinat</strong></span> <span class='ocrx_word' id='word_1_394' title='bbox 2548 2312 2804 2382; x_wconf 89' lang='lat' dir='ltr'><strong>potestati</strong></span> <span class='ocrx_word' id='word_1_395' title='bbox 2824 2310 3146 2380; x_wconf 86' lang='lat' dir='ltr'><strong>simpliciter</strong></span> <span class='ocrx_word' id='word_1_396' title='bbox 3173 2309 3308 2366; x_wconf 89' lang='lat' dir='ltr'><strong>illud</strong></span> <span class='ocrx_word' id='word_1_397' title='bbox 3338 2312 3573 2368; x_wconf 89' lang='lat' dir='ltr'><strong>nullate-</strong></span> 
     </span>
    </p>
   </div>
   <div class='ocr_carea' id='block_1_56' title="bbox 1995 2403 3568 2477">
    <p class='ocr_par' dir='ltr' id='par_1_56' title="bbox 1995 2403 3568 2477">
     <span class='ocr_line' id='line_1_56' title="bbox 1995 2403 3568 2477; baseline 0.001 -14"><span class='ocrx_word' id='word_1_398' title='bbox 1995 2424 2097 2463; x_wconf 86' lang='lat' dir='ltr'><strong>nus</strong></span> <span class='ocrx_word' id='word_1_399' title='bbox 2126 2405 2461 2476; x_wconf 88' lang='lat' dir='ltr'><strong>impossibile</strong></span> <span class='ocrx_word' id='word_1_400' title='bbox 2477 2413 2582 2472; x_wconf 88' lang='lat' dir='ltr'><strong>est,</strong></span> <span class='ocrx_word' id='word_1_401' title='bbox 2599 2412 2652 2460; x_wconf 91' lang='lat' dir='ltr'><strong>et</strong></span> <span class='ocrx_word' id='word_1_402' title='bbox 2670 2403 2899 2476; x_wconf 78' lang='lat' dir='ltr'><strong>singulis</strong></span> <span class='ocrx_word' id='word_1_403' title='bbox 2920 2403 3346 2473; x_wconf 77' lang='lat' dir='ltr'><strong>dimcultatibus,</strong></span> <span class='ocrx_word' id='word_1_404' title='bbox 3367 2406 3568 2477; x_wconf 90' lang='lat' dir='ltr'><strong>quibus</strong></span> 
     </span>
    </p>
   </div>
   <div class='ocr_carea' id='block_1_57' title="bbox 1994 2497 3566 2556">
    <p class='ocr_par' dir='ltr' id='par_1_57' title="bbox 1994 2497 3566 2556">
     <span class='ocr_line' id='line_1_57' title="bbox 1994 2497 3566 2556; baseline -0.001 0"><span class='ocrx_word' id='word_1_405' title='bbox 1994 2500 2243 2556; x_wconf 83' lang='lat' dir='ltr'><strong>nonnulli</strong></span> <span class='ocrx_word' id='word_1_406' title='bbox 2263 2500 2329 2553; x_wconf 91' lang='lat' dir='ltr'><strong>ad</strong></span> <span class='ocrx_word' id='word_1_407' title='bbox 2366 2498 2809 2553; x_wconf 85' lang='lat' dir='ltr'><strong>incredulitatem</strong></span> <span class='ocrx_word' id='word_1_408' title='bbox 2857 2497 3003 2552; x_wconf 89' lang='lat' dir='ltr'><strong>circa</strong></span> <span class='ocrx_word' id='word_1_409' title='bbox 3030 2497 3132 2554; x_wconf 91' lang='lat' dir='ltr'><strong>hoc</strong></span> <span class='ocrx_word' id='word_1_410' title='bbox 3157 2509 3566 2554; x_wconf 81' lang='lat' dir='ltr'><strong>sacramentum</strong></span> 
     </span>
    </p>
   </div>
   <div class='ocr_carea' id='block_1_58' title="bbox 1994 2588 3572 2659">
    <p class='ocr_par' dir='ltr' id='par_1_58' title="bbox 1994 2588 3572 2659">
     <span class='ocr_line' id='line_1_58' title="bbox 1994 2588 3572 2659; baseline -0.001 -12"><span class='ocrx_word' id='word_1_411' title='bbox 1994 2593 2368 2656; x_wconf 86' lang='lat' dir='ltr'><strong>adducuntur,</strong></span> <span class='ocrx_word' id='word_1_412' title='bbox 2415 2589 2573 2644; x_wconf 80' lang='lat' dir='ltr'><strong>facile</strong></span> <span class='ocrx_word' id='word_1_413' title='bbox 2623 2597 2709 2645; x_wconf 89' lang='lat' dir='ltr'><strong>est</strong></span> <span class='ocrx_word' id='word_1_414' title='bbox 2760 2588 3053 2642; x_wconf 83' lang='lat' dir='ltr'><strong>humanam</strong></span> <span class='ocrx_word' id='word_1_415' title='bbox 3083 2588 3357 2644; x_wconf 89' lang='lat' dir='ltr'><strong>rationem</strong></span> <span class='ocrx_word' id='word_1_416' title='bbox 3399 2605 3572 2659; x_wconf 50' lang='lat' dir='ltr'><strong>oppo.</strong></span> 
     </span>
    </p>
   </div>
   <div class='ocr_carea' id='block_1_59' title="bbox 1994 2682 3577 2753">
    <p class='ocr_par' dir='ltr' id='par_1_59' title="bbox 1994 2682 3577 2753">
     <span class='ocr_line' id='line_1_59' title="bbox 1994 2682 3577 2753; baseline -0.005 -12"><span class='ocrx_word' id='word_1_417' title='bbox 1994 2702 2161 2750; x_wconf 86' lang='lat' dir='ltr'><strong>nere;</strong></span> <span class='ocrx_word' id='word_1_418' title='bbox 2189 2685 2321 2740; x_wconf 89' lang='lat' dir='ltr'><strong>licet</strong></span> <span class='ocrx_word' id='word_1_419' title='bbox 2355 2682 2580 2738; x_wconf 89' lang='lat' dir='ltr'><strong>omnino</strong></span> <span class='ocrx_word' id='word_1_420' title='bbox 2614 2691 3022 2737; x_wconf 89' lang='lat' dir='ltr'><strong>sacramentum</strong></span> <span class='ocrx_word' id='word_1_421' title='bbox 3052 2682 3158 2737; x_wconf 86' lang='lat' dir='ltr'><strong>hoc</strong></span> <span class='ocrx_word' id='word_1_422' title='bbox 3194 2682 3311 2738; x_wconf 89' lang='lat' dir='ltr'><strong>sola</strong></span> <span class='ocrx_word' id='word_1_423' title='bbox 3350 2683 3455 2738; x_wconf 89' lang='lat' dir='ltr'><strong>lide</strong></span> <span class='ocrx_word' id='word_1_424' title='bbox 3487 2699 3577 2753; x_wconf 80' lang='lat' dir='ltr'><strong>ap-</strong></span> 
     </span>
    </p>
   </div>
   <div class='ocr_carea' id='block_1_60' title="bbox 1993 2772 3574 2850">
    <p class='ocr_par' dir='ltr' id='par_1_60' title="bbox 1993 2772 3574 2850">
     <span class='ocr_line' id='line_1_60' title="bbox 1993 2772 3574 2850; baseline 0 -17"><span class='ocrx_word' id='word_1_425' title='bbox 1993 2778 2281 2850; x_wconf 87' lang='lat' dir='ltr'><strong>prehendi,</strong></span> <span class='ocrx_word' id='word_1_426' title='bbox 2307 2784 2363 2833; x_wconf 88' lang='lat' dir='ltr'><strong>et</strong></span> <span class='ocrx_word' id='word_1_427' title='bbox 2402 2775 2628 2830; x_wconf 79' lang='lat' dir='ltr'><strong>ﬁrmiter</strong></span> <span class='ocrx_word' id='word_1_428' title='bbox 2648 2773 2820 2830; x_wconf 88' lang='lat' dir='ltr'><strong>teneri</strong></span> <span class='ocrx_word' id='word_1_429' title='bbox 2845 2773 3065 2830; x_wconf 84' lang='lat' dir='ltr'><strong>debeat.</strong></span> <span class='ocrx_word' id='word_1_430' title='bbox 3093 2772 3290 2829; x_wconf 81' lang='lat' dir='ltr'><strong>Statim</strong></span> <span class='ocrx_word' id='word_1_431' title='bbox 3320 2790 3449 2832; x_wconf 81' lang='lat' dir='ltr'><strong>vero</strong></span> <span class='ocrx_word' id='word_1_432' title='bbox 3472 2777 3574 2833; x_wconf 86' lang='lat' dir='ltr'><strong>du-</strong></span> 
     </span>
    </p>
   </div>
   <div class='ocr_carea' id='block_1_61' title="bbox 1994 2869 3568 2926">
    <p class='ocr_par' dir='ltr' id='par_1_61' title="bbox 1994 2869 3568 2926">
     <span class='ocr_line' id='line_1_61' title="bbox 1994 2869 3568 2926; baseline -0.001 0"><span class='ocrx_word' id='word_1_433' title='bbox 1994 2870 2251 2926; x_wconf 83' lang='lat' dir='ltr'><strong>bitationi</strong></span> <span class='ocrx_word' id='word_1_434' title='bbox 2324 2870 2474 2924; x_wconf 90' lang='lat' dir='ltr'><strong>circa</strong></span> <span class='ocrx_word' id='word_1_435' title='bbox 2528 2876 2965 2922; x_wconf 86' lang='lat' dir='ltr'><strong>momentaneam</strong></span> <span class='ocrx_word' id='word_1_436' title='bbox 3046 2869 3568 2925; x_wconf 87' lang='lat' dir='ltr'><strong>transmutationem</strong></span> 
     </span>
    </p>
   </div>
   <div class='ocr_carea' id='block_1_62' title="bbox 1993 2958 3573 3030">
    <p class='ocr_par' dir='ltr' id='par_1_62' title="bbox 1993 2958 3573 3030">
     <span class='ocr_line' id='line_1_62' title="bbox 1993 2958 3573 3030; baseline -0.003 -12"><span class='ocrx_word' id='word_1_437' title='bbox 1993 2961 2303 3018; x_wconf 87' lang='lat' dir='ltr'><strong>occurritur</strong></span> <span class='ocrx_word' id='word_1_438' title='bbox 2326 2975 2423 3030; x_wconf 87' lang='lat' dir='ltr'><strong>per</strong></span> <span class='ocrx_word' id='word_1_439' title='bbox 2445 2958 2642 3014; x_wconf 81' lang='lat' dir='ltr'><strong>divina:</strong></span> <span class='ocrx_word' id='word_1_440' title='bbox 2667 2958 2928 3028; x_wconf 67' lang='lat' dir='ltr'><strong>potentia:</strong></span> <span class='ocrx_word' id='word_1_441' title='bbox 2953 2958 3282 3013; x_wconf 79' lang='lat' dir='ltr'><strong>inﬁnitatem</strong></span> <span class='ocrx_word' id='word_1_442' title='bbox 3315 2976 3329 3013; x_wconf 91' lang='lat'><strong>:</strong></span> <span class='ocrx_word' id='word_1_443' title='bbox 3356 2959 3573 3015; x_wconf 78' lang='lat' dir='ltr'><strong>inﬁnita</strong></span> 
     </span>
    </p>
   </div>
   <div class='ocr_carea' id='block_1_63' title="bbox 1994 3053 3572 3124">
    <p class='ocr_par' dir='ltr' id='par_1_63' title="bbox 1994 3053 3572 3124">
     <span class='ocr_line' id='line_1_63' title="bbox 1994 3053 3572 3124; baseline -0.001 -16"><span class='ocrx_word' id='word_1_444' title='bbox 1994 3068 2237 3123; x_wconf 86' lang='lat' dir='ltr'><strong>namque</strong></span> <span class='ocrx_word' id='word_1_445' title='bbox 2287 3053 2531 3122; x_wconf 81' lang='lat' dir='ltr'><strong>potentia</strong></span> <span class='ocrx_word' id='word_1_446' title='bbox 2589 3053 2647 3106; x_wconf 90' lang='lat' dir='ltr'><strong>in</strong></span> <span class='ocrx_word' id='word_1_447' title='bbox 2726 3060 3011 3108; x_wconf 85' lang='lat' dir='ltr'><strong>momento</strong></span> <span class='ocrx_word' id='word_1_448' title='bbox 3059 3053 3324 3122; x_wconf 89' lang='lat' dir='ltr'><strong>temporis</strong></span> <span class='ocrx_word' id='word_1_449' title='bbox 3393 3062 3572 3124; x_wconf 76' lang='lat' dir='ltr'><strong>poteSt</strong></span> 
     </span>
    </p>
   </div>
   <div class='ocr_carea' id='block_1_64' title="bbox 1994 3144 3571 3217">
    <p class='ocr_par' dir='ltr' id='par_1_64' title="bbox 1994 3144 3571 3217">
     <span class='ocr_line' id='line_1_64' title="bbox 1994 3144 3571 3217; baseline 0 -17"><span class='ocrx_word' id='word_1_450' title='bbox 1994 3146 2236 3200; x_wconf 82' lang='lat' dir='ltr'><strong>maxima</strong></span> <span class='ocrx_word' id='word_1_451' title='bbox 2272 3159 2506 3214; x_wconf 59' lang='lat' dir='ltr'><strong>quaeque</strong></span> <span class='ocrx_word' id='word_1_452' title='bbox 2542 3160 2765 3201; x_wconf 88' lang='lat' dir='ltr'><strong>movere</strong></span> <span class='ocrx_word' id='word_1_453' title='bbox 2821 3160 3078 3214; x_wconf 86' lang='lat' dir='ltr'><strong>corpora,</strong></span> <span class='ocrx_word' id='word_1_454' title='bbox 3121 3153 3179 3200; x_wconf 93' lang='lat' dir='ltr'><strong>ut</strong></span> <span class='ocrx_word' id='word_1_455' title='bbox 3232 3144 3571 3217; x_wconf 82' lang='lat' dir='ltr'><strong>Philosophe</strong></span> 
     </span>
    </p>
   </div>
   <div class='ocr_carea' id='block_1_65' title="bbox 1950 3224 3571 3303">
    <p class='ocr_par' dir='ltr' id='par_1_65' title="bbox 1950 3224 3571 3303">
     <span class='ocr_line' id='line_1_65' title="bbox 1950 3224 3571 3303; baseline 0.003 -13"><span class='ocrx_word' id='word_1_456' title='bbox 1950 3256 1953 3261; x_wconf 90' lang='grc'>·</span> <span class='ocrx_word' id='word_1_457' title='bbox 1993 3235 2234 3303; x_wconf 84' lang='lat' dir='ltr'><strong>videtur,</strong></span> <span class='ocrx_word' id='word_1_458' title='bbox 2269 3236 2342 3290; x_wconf 85' lang='lat' dir='ltr'><strong>ita</strong></span> <span class='ocrx_word' id='word_1_459' title='bbox 2373 3247 2431 3291; x_wconf 87' lang='lat' dir='ltr'><strong>ut</strong></span> <span class='ocrx_word' id='word_1_460' title='bbox 2482 3243 2539 3289; x_wconf 88' lang='lat' dir='ltr'><strong>et</strong></span> <span class='ocrx_word' id='word_1_461' title='bbox 2590 3224 2963 3293; x_wconf 72' lang='lat' dir='ltr'><strong>transmittare</strong></span> <span class='ocrx_word' id='word_1_462' title='bbox 2999 3238 3054 3293; x_wconf 92' lang='lat' dir='ltr'><strong>in</strong></span> <span class='ocrx_word' id='word_1_463' title='bbox 3105 3249 3391 3295; x_wconf 85' lang='lat' dir='ltr'><strong>momento</strong></span> <span class='ocrx_word' id='word_1_464' title='bbox 3433 3248 3571 3295; x_wconf 89' lang='lat' dir='ltr'><strong>tem-</strong></span> 
     </span>
    </p>
   </div>
   <div class='ocr_carea' id='block_1_66' title="bbox 1993 3328 3566 3403">
    <p class='ocr_par' dir='ltr' id='par_1_66' title="bbox 1993 3328 3566 3403">
     <span class='ocr_line' id='line_1_66' title="bbox 1993 3328 3566 3403; baseline 0.004 -19"><span class='ocrx_word' id='word_1_465' title='bbox 1993 3330 2145 3400; x_wconf 86' lang='lat' dir='ltr'><strong>poris</strong></span> <span class='ocrx_word' id='word_1_466' title='bbox 2179 3328 2328 3384; x_wconf 84' lang='lat' dir='ltr'><strong>illius</strong></span> <span class='ocrx_word' id='word_1_467' title='bbox 2360 3344 2546 3385; x_wconf 90' lang='lat' dir='ltr'><strong>rerum</strong></span> <span class='ocrx_word' id='word_1_468' title='bbox 2575 3329 2821 3385; x_wconf 92' lang='lat' dir='ltr'><strong>omnium</strong></span> <span class='ocrx_word' id='word_1_469' title='bbox 2850 3331 3141 3388; x_wconf 75' lang='lat' dir='ltr'><strong>‘creatricis</strong></span> <span class='ocrx_word' id='word_1_470' title='bbox 3165 3334 3430 3403; x_wconf 64' lang='lat' dir='ltr'><strong>potentiae</strong></span> <span class='ocrx_word' id='word_1_471' title='bbox 3456 3335 3566 3390; x_wconf 87' lang='lat' dir='ltr'><strong>vim</strong></span> 
     </span>
    </p>
   </div>
   <div class='ocr_carea' id='block_1_67' title="bbox 317 3414 1892 3504">
    <p class='ocr_par' dir='ltr' id='par_1_67' title="bbox 317 3420 1892 3504">
     <span class='ocr_line' id='line_1_67' title="bbox 317 3420 1892 3504; baseline 0.01 -33"><span class='ocrx_word' id='word_1_472' title='bbox 317 3420 555 3490; x_wconf 85' lang='grc' dir='ltr'>ἀτονοίη.</span> <span class='ocrx_word' id='word_1_473' title='bbox 586 3420 675 3493; x_wconf 85' lang='grc' dir='ltr'>Τῷ</span> <span class='ocrx_word' id='word_1_474' title='bbox 713 3423 772 3477; x_wconf 76' lang='grc' dir='ltr'>δὲ</span> <span class='ocrx_word' id='word_1_475' title='bbox 816 3424 917 3494; x_wconf 81' lang='grc' dir='ltr'>τὴν</span> <span class='ocrx_word' id='word_1_476' title='bbox 962 3424 1072 3479; x_wconf 85' lang='grc' dir='ltr'><strong>τῶν</strong></span> <span class='ocrx_word' id='word_1_477' title='bbox 1106 3427 1307 3483; x_wconf 82' lang='grc' dir='ltr'>οὐσιῶν</span> <span class='ocrx_word' id='word_1_478' title='bbox 1336 3430 1766 3502; x_wconf 71' lang='grc' dir='ltr'>ἔκπληττομένῳ</span> <span class='ocrx_word' id='word_1_479' title='bbox 1800 3450 1892 3504; x_wconf 88' lang='grc' dir='ltr'><strong>με·</strong></span> 
     </span>
    </p>
   </div>
   <div class='ocr_carea' id='block_1_68' title="bbox 1993 3414 3571 3504">
    <p class='ocr_par' dir='ltr' id='par_1_68' title="bbox 1998 3422 3571 3504">
     <span class='ocr_line' id='line_1_68' title="bbox 1998 3422 3571 3504; baseline 0.005 -28"><span class='ocrx_word' id='word_1_480' title='bbox 1998 3437 2103 3477; x_wconf 87' lang='grc' dir='ltr'>ιιοη</span> <span class='ocrx_word' id='word_1_481' title='bbox 2132 3429 2379 3492; x_wconf 88' lang='lat' dir='ltr'><strong>superet.</strong></span> <span class='ocrx_word' id='word_1_482' title='bbox 2413 3422 2499 3477; x_wconf 82' lang='lat' dir='ltr'><strong>Ad</strong></span> <span class='ocrx_word' id='word_1_483' title='bbox 2531 3423 2966 3504; x_wconf 82' lang='lat' dir='ltr'><strong>substantiarum</strong></span> <span class='ocrx_word' id='word_1_484' title='bbox 3007 3434 3193 3480; x_wconf 89' lang='lat' dir='ltr'><strong>autem</strong></span> <span class='ocrx_word' id='word_1_485' title='bbox 3224 3434 3571 3484; x_wconf 85' lang='lat' dir='ltr'><strong>transmuta-</strong></span> 
     </span>
    </p>
   </div>
   <div class='ocr_carea' id='block_1_69' title="bbox 313 3511 1888 3599">
    <p class='ocr_par' dir='ltr' id='par_1_69' title="bbox 313 3511 1888 3599">
     <span class='ocr_line' id='line_1_69' title="bbox 313 3511 1888 3599; baseline 0.011 -35"><span class='ocrx_word' id='word_1_486' title='bbox 313 3511 563 3584; x_wconf 57' lang='grc' dir='ltr'>ταΰολὴν,</span> <span class='ocrx_word' id='word_1_487' title='bbox 601 3515 804 3579; x_wconf 75' lang='grc' dir='ltr'>πολλὰς</span> <span class='ocrx_word' id='word_1_488' title='bbox 843 3517 942 3587; x_wconf 74' lang='grc' dir='ltr'>μὲν</span> <span class='ocrx_word' id='word_1_489' title='bbox 993 3520 1026 3589; x_wconf 76' lang='grc' dir='ltr'><strong>ἡ</strong></span> <span class='ocrx_word' id='word_1_490' title='bbox 1081 3519 1203 3574; x_wconf 92' lang='grc' dir='ltr'>θεία</span> <span class='ocrx_word' id='word_1_491' title='bbox 1254 3522 1466 3593; x_wconf 77' lang='grc' dir='ltr'>Γραφὴ,</span> <span class='ocrx_word' id='word_1_492' title='bbox 1501 3525 1708 3590; x_wconf 83' lang='grc' dir='ltr'>πολλὰς</span> <span class='ocrx_word' id='word_1_493' title='bbox 1751 3527 1811 3581; x_wconf 65' lang='grc' dir='ltr'>δὲ</span> <span class='ocrx_word' id='word_1_494' title='bbox 1855 3530 1888 3599; x_wconf 74' lang='grc' dir='ltr'><strong>ἡ</strong></span> 
     </span>
    </p>
   </div>
   <div class='ocr_carea' id='block_1_70' title="bbox 314 3604 1892 3691">
    <p class='ocr_par' dir='ltr' id='par_1_70' title="bbox 314 3604 1892 3691">
     <span class='ocr_line' id='line_1_70' title="bbox 314 3604 1892 3691; baseline 0.01 -34"><span class='ocrx_word' id='word_1_495' title='bbox 314 3604 482 3675; x_wconf 72' lang='grc' dir='ltr'>φύσις</span> <span class='ocrx_word' id='word_1_496' title='bbox 527 3606 665 3679; x_wconf 81' lang='grc' dir='ltr'>αὐτὴ</span> <span class='ocrx_word' id='word_1_497' title='bbox 718 3608 937 3664; x_wconf 84' lang='grc' dir='ltr'>δίδωσιν</span> <span class='ocrx_word' id='word_1_498' title='bbox 992 3611 1345 3683; x_wconf 81' lang='grc' dir='ltr'>ὁμοιότητας.</span> <span class='ocrx_word' id='word_1_499' title='bbox 1400 3616 1562 3669; x_wconf 84' lang='grc' dir='ltr'>Ἔστι</span> <span class='ocrx_word' id='word_1_500' title='bbox 1623 3618 1726 3685; x_wconf 80' lang='grc' dir='ltr'>μὲν</span> <span class='ocrx_word' id='word_1_501' title='bbox 1783 3618 1892 3691; x_wconf 84' lang='grc' dir='ltr'>γὰρ</span> 
     </span>
    </p>
   </div>
   <div class='ocr_carea' id='block_1_71' title="bbox 315 3696 1893 3776">
    <p class='ocr_par' dir='ltr' id='par_1_71' title="bbox 315 3696 1893 3776">
     <span class='ocr_line' id='line_1_71' title="bbox 315 3696 1893 3776; baseline 0.007 -23"><span class='ocrx_word' id='word_1_502' title='bbox 315 3699 527 3753; x_wconf 73' lang='grc' dir='ltr'>ὑδάτων</span> <span class='ocrx_word' id='word_1_503' title='bbox 590 3699 776 3771; x_wconf 77' lang='grc' dir='ltr'>φύσις,</span> <span class='ocrx_word' id='word_1_504' title='bbox 827 3696 911 3766; x_wconf 79' lang='grc' dir='ltr'><strong>οἷς</strong></span> <span class='ocrx_word' id='word_1_505' title='bbox 970 3704 1379 3775; x_wconf 73' lang='grc' dir='ltr'>ἐμϐαλλόμενον</span> <span class='ocrx_word' id='word_1_506' title='bbox 1436 3703 1592 3772; x_wconf 78' lang='grc' dir='ltr'>ξύλον</span> <span class='ocrx_word' id='word_1_507' title='bbox 1649 3710 1751 3763; x_wconf 82' lang='grc' dir='ltr'>οὐκ</span> <span class='ocrx_word' id='word_1_508' title='bbox 1809 3712 1893 3776; x_wconf 88' lang='grc' dir='ltr'><strong>είς</strong></span> 
     </span>
    </p>
   </div>
   <div class='ocr_carea' id='block_1_72' title="bbox 318 3792 1929 3874">
    <p class='ocr_par' dir='ltr' id='par_1_72' title="bbox 318 3792 1929 3874">
     <span class='ocr_line' id='line_1_72' title="bbox 318 3792 1929 3874; baseline 0.009 -31"><span class='ocrx_word' id='word_1_509' title='bbox 318 3792 536 3863; x_wconf 79' lang='grc' dir='ltr'>μακρὰν</span> <span class='ocrx_word' id='word_1_510' title='bbox 565 3795 663 3858; x_wconf 82' lang='grc' dir='ltr'>.είς</span> <span class='ocrx_word' id='word_1_511' title='bbox 714 3794 864 3849; x_wconf 89' lang='grc' dir='ltr'>λίθου</span> <span class='ocrx_word' id='word_1_512' title='bbox 929 3794 1094 3865; x_wconf 80' lang='grc' dir='ltr'>φύσιν</span> <span class='ocrx_word' id='word_1_513' title='bbox 1150 3800 1555 3867; x_wconf 86' lang='grc' dir='ltr'>μεταποιεῖται.</span> <span class='ocrx_word' id='word_1_514' title='bbox 1599 3799 1691 3855; x_wconf 87' lang='grc' dir='ltr'>Ἐν</span> <span class='ocrx_word' id='word_1_515' title='bbox 1730 3802 1790 3856; x_wconf 79' lang='grc' dir='ltr'>δὲ</span> <span class='ocrx_word' id='word_1_516' title='bbox 1822 3804 1929 3874; x_wconf 53' lang='grc' dir='ltr'>τῇ,</span> 
     </span>
    </p>
   </div>
   <div class='ocr_carea' id='block_1_73' title="bbox 315 3885 1892 3968">
    <p class='ocr_par' dir='ltr' id='par_1_73' title="bbox 315 3885 1892 3968">
     <span class='ocr_line' id='line_1_73' title="bbox 315 3885 1892 3968; baseline 0.008 -31"><span class='ocrx_word' id='word_1_517' title='bbox 315 3885 495 3958; x_wconf 78' lang='grc' dir='ltr'>κοιλίᾳ</span> <span class='ocrx_word' id='word_1_518' title='bbox 534 3888 628 3939; x_wconf 75' lang='grc' dir='ltr'>καὶ</span> <span class='ocrx_word' id='word_1_519' title='bbox 670 3886 752 3958; x_wconf 85' lang='grc' dir='ltr'><strong>τῷ</strong></span> <span class='ocrx_word' id='word_1_520' title='bbox 807 3889 1065 3959; x_wconf 84' lang='grc' dir='ltr'>στομάχῳ</span> <span class='ocrx_word' id='word_1_521' title='bbox 1118 3889 1213 3943; x_wconf 81' lang='grc' dir='ltr'>τοῦ</span> <span class='ocrx_word' id='word_1_522' title='bbox 1277 3889 1419 3954; x_wconf 80' lang='grc' dir='ltr'>ζώου</span> <span class='ocrx_word' id='word_1_523' title='bbox 1471 3892 1595 3947; x_wconf 89' lang='grc' dir='ltr'>καθ’</span> <span class='ocrx_word' id='word_1_524' title='bbox 1650 3895 1892 3968; x_wconf 77' lang='grc' dir='ltr'>ἑκάστην</span> 
     </span>
    </p>
   </div>
   <div class='ocr_carea' id='block_1_74' title="bbox 316 3979 1891 4058">
    <p class='ocr_par' dir='ltr' id='par_1_74' title="bbox 316 3979 1891 4058">
     <span class='ocr_line' id='line_1_74' title="bbox 316 3979 1891 4058; baseline 0.007 -27"><span class='ocrx_word' id='word_1_525' title='bbox 316 3979 531 4050; x_wconf 73' lang='grc' dir='ltr'>ἡμέραν</span> <span class='ocrx_word' id='word_1_526' title='bbox 581 3981 643 4033; x_wconf 82' lang='grc' dir='ltr'>τὸ</span> <span class='ocrx_word' id='word_1_527' title='bbox 687 3981 791 4050; x_wconf 81' lang='grc' dir='ltr'>τῆς</span> <span class='ocrx_word' id='word_1_528' title='bbox 843 3985 1051 4053; x_wconf 80' lang='grc' dir='ltr'>τροφῆς</span> <span class='ocrx_word' id='word_1_529' title='bbox 1080 3982 1384 4055; x_wconf 82' lang='grc' dir='ltr'>καθαρεῦον</span> <span class='ocrx_word' id='word_1_530' title='bbox 1415 3987 1554 4056; x_wconf 77' lang='grc' dir='ltr'>μετὰ</span> <span class='ocrx_word' id='word_1_531' title='bbox 1592 3980 1692 4058; x_wconf 77' lang='grc' dir='ltr'>τὴν</span> <span class='ocrx_word' id='word_1_532' title='bbox 1721 3988 1891 4058; x_wconf 74' lang='grc' dir='ltr'>πέψιν</span> 
     </span>
    </p>
   </div>
   <div class='ocr_carea' id='block_1_75' title="bbox 315 4071 1892 4150">
    <p class='ocr_par' dir='ltr' id='par_1_75' title="bbox 315 4071 1892 4150">
     <span class='ocr_line' id='line_1_75' title="bbox 315 4071 1892 4150; baseline 0.006 -26"><span class='ocrx_word' id='word_1_533' title='bbox 315 4071 412 4125; x_wconf 81' lang='grc' dir='ltr'>καὶ</span> <span class='ocrx_word' id='word_1_534' title='bbox 438 4071 533 4139; x_wconf 79' lang='grc' dir='ltr'>τὴν</span> <span class='ocrx_word' id='word_1_535' title='bbox 558 4072 841 4125; x_wconf 81' lang='grc' dir='ltr'>ἀλλοίωσιν</span> <span class='ocrx_word' id='word_1_536' title='bbox 865 4074 1248 4145; x_wconf 82' lang='grc' dir='ltr'>ἀναδιδόμενον</span> <span class='ocrx_word' id='word_1_537' title='bbox 1282 4078 1455 4147; x_wconf 77' lang='grc' dir='ltr'>ἥπατι</span> <span class='ocrx_word' id='word_1_538' title='bbox 1499 4078 1594 4132; x_wconf 77' lang='grc' dir='ltr'>καὶ</span> <span class='ocrx_word' id='word_1_539' title='bbox 1624 4079 1790 4150; x_wconf 64' lang='grc' dir='ltr'>φλεψὶ</span> <span class='ocrx_word' id='word_1_540' title='bbox 1820 4080 1892 4133; x_wconf 81' lang='grc' dir='ltr'>δι’</span> 
     </span>
    </p>
   </div>
   <div class='ocr_carea' id='block_1_76' title="bbox 315 4161 1886 4239">
    <p class='ocr_par' dir='ltr' id='par_1_76' title="bbox 315 4161 1886 4239">
     <span class='ocr_line' id='line_1_76' title="bbox 315 4161 1886 4239; baseline 0.007 -24"><span class='ocrx_word' id='word_1_541' title='bbox 315 4161 479 4216; x_wconf 77' lang='grc' dir='ltr'>αὐτοῦ</span> <span class='ocrx_word' id='word_1_542' title='bbox 508 4163 797 4234; x_wconf 81' lang='grc' dir='ltr'>προσθήκη</span> <span class='ocrx_word' id='word_1_543' title='bbox 843 4167 909 4235; x_wconf 81' lang='grc' dir='ltr'><strong>τῇ</strong></span> <span class='ocrx_word' id='word_1_544' title='bbox 945 4165 1109 4236; x_wconf 77' lang='grc' dir='ltr'>οὐσίᾳ</span> <span class='ocrx_word' id='word_1_545' title='bbox 1140 4168 1235 4220; x_wconf 79' lang='grc' dir='ltr'><strong>τοῦ</strong></span> <span class='ocrx_word' id='word_1_546' title='bbox 1283 4169 1623 4238; x_wconf 74' lang='grc' dir='ltr'>τρεφομένου</span> <span class='ocrx_word' id='word_1_547' title='bbox 1652 4171 1886 4239; x_wconf 88' lang='grc' dir='ltr'>γίνεται.</span> 
     </span>
    </p>
   </div>
   <div class='ocr_carea' id='block_1_77' title="bbox 317 4253 1888 4333">
    <p class='ocr_par' dir='ltr' id='par_1_77' title="bbox 317 4253 1888 4333">
     <span class='ocr_line' id='line_1_77' title="bbox 317 4253 1888 4333; baseline 0.006 -26"><span class='ocrx_word' id='word_1_548' title='bbox 317 4253 441 4317; x_wconf 85' lang='grc' dir='ltr'>Πῶς</span> <span class='ocrx_word' id='word_1_549' title='bbox 484 4253 614 4321; x_wconf 81' lang='grc' dir='ltr'>οὒν;</span> <span class='ocrx_word' id='word_1_550' title='bbox 675 4257 809 4326; x_wconf 80' lang='grc' dir='ltr'><strong>Οὐχὶ</strong></span> <span class='ocrx_word' id='word_1_551' title='bbox 854 4259 953 4310; x_wconf 77' lang='grc' dir='ltr'>καὶ</span> <span class='ocrx_word' id='word_1_552' title='bbox 1001 4258 1177 4311; x_wconf 83' lang='grc' dir='ltr'>ταῦτα</span> <span class='ocrx_word' id='word_1_553' title='bbox 1226 4259 1376 4314; x_wconf 78' lang='grc' dir='ltr'>δοκεῖ</span> <span class='ocrx_word' id='word_1_554' title='bbox 1434 4261 1732 4333; x_wconf 78' lang='grc' dir='ltr'>θαυμαστά</span> <span class='ocrx_word' id='word_1_555' title='bbox 1775 4266 1888 4327; x_wconf 82' lang='grc' dir='ltr'>τοῖς</span> 
     </span>
    </p>
   </div>
   <div class='ocr_carea' id='block_1_78' title="bbox 319 4346 1890 4425">
    <p class='ocr_par' dir='ltr' id='par_1_78' title="bbox 319 4346 1890 4425">
     <span class='ocr_line' id='line_1_78' title="bbox 319 4346 1890 4425; baseline 0.007 -26"><span class='ocrx_word' id='word_1_556' title='bbox 319 4347 605 4412; x_wconf 82' lang='grc' dir='ltr'>ἀπίστοις;</span> <span class='ocrx_word' id='word_1_557' title='bbox 644 4346 812 4401; x_wconf 76' lang='grc' dir='ltr'>Ἀλλά</span> <span class='ocrx_word' id='word_1_558' title='bbox 846 4348 937 4403; x_wconf 83' lang='grc' dir='ltr'>τὸν</span> <span class='ocrx_word' id='word_1_559' title='bbox 986 4350 1085 4418; x_wconf 76' lang='grc' dir='ltr'>μὲν</span> <span class='ocrx_word' id='word_1_560' title='bbox 1108 4350 1277 4422; x_wconf 80' lang='grc' dir='ltr'>ἄρτον</span> <span class='ocrx_word' id='word_1_561' title='bbox 1304 4352 1486 4423; x_wconf 84' lang='grc' dir='ltr'>σάρκα</span> <span class='ocrx_word' id='word_1_562' title='bbox 1513 4354 1802 4425; x_wconf 79' lang='grc' dir='ltr'>γινόμενον</span> <span class='ocrx_word' id='word_1_563' title='bbox 1831 4356 1890 4411; x_wconf 72' lang='grc' dir='ltr'>ὲν</span> 
     </span>
    </p>
   </div>
   <div class='ocr_carea' id='block_1_79' title="bbox 315 4438 1887 4517">
    <p class='ocr_par' dir='ltr' id='par_1_79' title="bbox 315 4438 1887 4517">
     <span class='ocr_line' id='line_1_79' title="bbox 315 4438 1887 4517; baseline 0.006 -27"><span class='ocrx_word' id='word_1_564' title='bbox 315 4438 496 4502; x_wconf 79' lang='grc' dir='ltr'>αὐτοῖς</span> <span class='ocrx_word' id='word_1_565' title='bbox 529 4441 589 4493; x_wconf 79' lang='grc' dir='ltr'>οὐ</span> <span class='ocrx_word' id='word_1_566' title='bbox 617 4440 986 4504; x_wconf 84' lang='grc' dir='ltr'>διαπιστοῦσι,</span> <span class='ocrx_word' id='word_1_567' title='bbox 1008 4444 1149 4497; x_wconf 77' lang='grc' dir='ltr'>κατὰ</span> <span class='ocrx_word' id='word_1_568' title='bbox 1171 4444 1228 4496; x_wconf 82' lang='grc' dir='ltr'>δὲ</span> <span class='ocrx_word' id='word_1_569' title='bbox 1261 4444 1357 4497; x_wconf 83' lang='grc' dir='ltr'><strong>τοῦ</strong></span> <span class='ocrx_word' id='word_1_570' title='bbox 1387 4447 1692 4517; x_wconf 87' lang='grc' dir='ltr'>μυστηρίου</span> <span class='ocrx_word' id='word_1_571' title='bbox 1723 4450 1887 4516; x_wconf 84' lang='grc' dir='ltr'>μόνου</span> 
     </span>
    </p>
   </div>
   <div class='ocr_carea' id='block_1_80' title="bbox 315 4531 1889 4605">
    <p class='ocr_par' dir='ltr' id='par_1_80' title="bbox 315 4531 1889 4605">
     <span class='ocr_line' id='line_1_80' title="bbox 315 4531 1889 4605; baseline 0.009 -23"><span class='ocrx_word' id='word_1_572' title='bbox 315 4531 415 4599; x_wconf 80' lang='grc' dir='ltr'>τὴν</span> <span class='ocrx_word' id='word_1_573' title='bbox 470 4533 727 4587; x_wconf 83' lang='grc' dir='ltr'>ἀπιστίαν</span> <span class='ocrx_word' id='word_1_574' title='bbox 793 4536 1236 4604; x_wconf 74' lang='grc' dir='ltr'>ἑγείρουσιν.·Εί</span> <span class='ocrx_word' id='word_1_575' title='bbox 1284 4538 1343 4590; x_wconf 78' lang='grc' dir='ltr'>δὲ</span> <span class='ocrx_word' id='word_1_576' title='bbox 1400 4541 1491 4592; x_wconf 69' lang='grc' dir='ltr'>καὶ</span> <span class='ocrx_word' id='word_1_577' title='bbox 1546 4542 1575 4593; x_wconf 86' lang='grc' dir='ltr'><strong>ὀ</strong></span> <span class='ocrx_word' id='word_1_578' title='bbox 1638 4541 1889 4605; x_wconf 80' lang='grc' dir='ltr'>Σατανᾶς</span> 
     </span>
    </p>
   </div>
   <div class='ocr_carea' id='block_1_81' title="bbox 316 4621 1889 4703">
    <p class='ocr_par' dir='ltr' id='par_1_81' title="bbox 316 4621 1889 4703">
     <span class='ocr_line' id='line_1_81' title="bbox 316 4621 1889 4703; baseline 0.01 -29"><span class='ocrx_word' id='word_1_579' title='bbox 316 4621 501 4690; x_wconf 67' lang='grc' dir='ltr'>ἔλεγεν</span> <span class='ocrx_word' id='word_1_580' title='bbox 526 4625 868 4695; x_wconf 74' lang='grc' dir='ltr'>ἐκπειράζων</span> <span class='ocrx_word' id='word_1_581' title='bbox 894 4642 907 4656; x_wconf 88' lang='grc'><strong>·</strong></span> <span class='ocrx_word' id='word_1_582' title='bbox 936 4628 1082 4680; x_wconf 78' lang='grc' dir='ltr'><strong>Εἰπὲ</strong></span> <span class='ocrx_word' id='word_1_583' title='bbox 1108 4629 1213 4682; x_wconf 72' lang='grc' dir='ltr'><strong>ἵνα</strong></span> <span class='ocrx_word' id='word_1_584' title='bbox 1247 4632 1302 4683; x_wconf 81' lang='lat' dir='ltr'><strong>oi</strong></span> <span class='ocrx_word' id='word_1_585' title='bbox 1324 4630 1484 4684; x_wconf 76' lang='grc' dir='ltr'>λίθοι</span> <span class='ocrx_word' id='word_1_586' title='bbox 1522 4627 1689 4688; x_wconf 82' lang='grc' dir='ltr'>οὗτοι</span> <span class='ocrx_word' id='word_1_587' title='bbox 1722 4632 1889 4703; x_wconf 76' lang='grc' dir='ltr'>ἄρτοι</span> 
     </span>
    </p>
   </div>
   <div class='ocr_carea' id='block_1_82' title="bbox 318 4716 1964 4816">
    <p class='ocr_par' dir='ltr' id='par_1_82' title="bbox 318 4716 1964 4816">
     <span class='ocr_line' id='line_1_82' title="bbox 318 4716 1964 4816; baseline 0.007 -47"><span class='ocrx_word' id='word_1_588' title='bbox 318 4716 615 4816; x_wconf 49' lang='lat' dir='ltr'><strong>ﬁrmat,</strong></span> <span class='ocrx_word' id='word_1_589' title='bbox 647 4720 700 4771; x_wconf 81' lang='grc' dir='ltr'><strong>εὶ</strong></span> <span class='ocrx_word' id='word_1_590' title='bbox 728 4719 875 4786; x_wconf 81' lang='grc' dir='ltr'>Θεὸς</span> <span class='ocrx_word' id='word_1_591' title='bbox 910 4716 969 4773; x_wconf 81' lang='grc' dir='ltr'><strong>εἴ</strong></span> <span class='ocrx_word' id='word_1_592' title='bbox 989 4759 1004 4785; x_wconf 90' lang='grc'><strong>,</strong></span> <span class='ocrx_word' id='word_1_593' title='bbox 1035 4721 1112 4779; x_wconf 77' lang='grc' dir='ltr'>ὡς</span> <span class='ocrx_word' id='word_1_594' title='bbox 1145 4721 1298 4789; x_wconf 72' lang='grc' dir='ltr'>εἰδὼς</span> <span class='ocrx_word' id='word_1_595' title='bbox 1329 4724 1573 4793; x_wconf 83' lang='grc' dir='ltr'>δηλονότι</span> <span class='ocrx_word' id='word_1_596' title='bbox 1607 4729 1706 4797; x_wconf 84' lang='grc' dir='ltr'><strong>τὴν</strong></span> <span class='ocrx_word' id='word_1_597' title='bbox 1737 4728 1887 4781; x_wconf 82' lang='grc' dir='ltr'>θείαν</span> <span class='ocrx_word' id='word_1_598' title='bbox 1922 4761 1964 4816; x_wconf 78' lang='lat' dir='ltr'><strong>D</strong></span> 
     </span>
    </p>
   </div>
   <div class='ocr_carea' id='block_1_83' title="bbox 314 4802 1887 4882">
    <p class='ocr_par' dir='ltr' id='par_1_83' title="bbox 314 4802 1887 4882">
     <span class='ocr_line' id='line_1_83' title="bbox 314 4802 1887 4882; baseline 0.01 -26"><span class='ocrx_word' id='word_1_599' title='bbox 314 4802 545 4873; x_wconf 87' lang='grc' dir='ltr'>δύναμιν</span> <span class='ocrx_word' id='word_1_600' title='bbox 576 4807 914 4877; x_wconf 77' lang='grc' dir='ltr'>ὲξαρκοῦσαν</span> <span class='ocrx_word' id='word_1_601' title='bbox 945 4811 1005 4863; x_wconf 79' lang='grc' dir='ltr'>ὲν</span> <span class='ocrx_word' id='word_1_602' title='bbox 1054 4813 1254 4882; x_wconf 82' lang='grc' dir='ltr'>ἀκαρεῖ</span> <span class='ocrx_word' id='word_1_603' title='bbox 1298 4813 1456 4869; x_wconf 80' lang='grc' dir='ltr'>τοῦτο</span> <span class='ocrx_word' id='word_1_604' title='bbox 1484 4820 1681 4879; x_wconf 79' lang='grc' dir='ltr'>ποιεῖν,</span> <span class='ocrx_word' id='word_1_605' title='bbox 1711 4819 1761 4870; x_wconf 88' lang='grc' dir='ltr'><strong>εί</strong></span> <span class='ocrx_word' id='word_1_606' title='bbox 1791 4817 1887 4871; x_wconf 89' lang='grc' dir='ltr'><strong>θε-</strong></span> 
     </span>
    </p>
   </div>
   <div class='ocr_carea' id='block_1_84' title="bbox 312 4887 1888 4972">
    <p class='ocr_par' dir='ltr' id='par_1_84' title="bbox 312 4887 1888 4972">
     <span class='ocr_line' id='line_1_84' title="bbox 312 4887 1888 4972; baseline 0.01 -25"><span class='ocrx_word' id='word_1_607' title='bbox 312 4887 537 4964; x_wconf 65' lang='grc' dir='ltr'>’λήσειεδ</span> <span class='ocrx_word' id='word_1_608' title='bbox 571 4898 688 4962; x_wconf 84' lang='grc' dir='ltr'><strong>πῶς</strong></span> <span class='ocrx_word' id='word_1_609' title='bbox 741 4899 967 4969; x_wconf 70' lang='grc' dir='ltr'>ὀλίγων</span> <span class='ocrx_word' id='word_1_610' title='bbox 1031 4902 1106 4972; x_wconf 75' lang='grc' dir='ltr'>μὴ</span> <span class='ocrx_word' id='word_1_611' title='bbox 1160 4903 1421 4958; x_wconf 84' lang='grc' dir='ltr'>δύνασθαι</span> <span class='ocrx_word' id='word_1_612' title='bbox 1471 4907 1562 4959; x_wconf 85' lang='grc' dir='ltr'>τὸν</span> <span class='ocrx_word' id='word_1_613' title='bbox 1615 4907 1749 4962; x_wconf 68' lang='grc' dir='ltr'>Θιὸν</span> <span class='ocrx_word' id='word_1_614' title='bbox 1796 4909 1888 4962; x_wconf 82' lang='grc' dir='ltr'>τὸν</span> 
     </span>
    </p>
   </div>
   <div class='ocr_carea' id='block_1_85' title="bbox 317 4984 1884 5069">
    <p class='ocr_par' dir='ltr' id='par_1_85' title="bbox 317 4984 1884 5069">
     <span class='ocr_line' id='line_1_85' title="bbox 317 4984 1884 5069; baseline 0.01 -33"><span class='ocrx_word' id='word_1_615' title='bbox 317 4984 479 5054; x_wconf 71' lang='grc' dir='ltr'>ἄρτον</span> <span class='ocrx_word' id='word_1_616' title='bbox 533 4988 612 5049; x_wconf 77' lang='grc' dir='ltr'>εἰς</span> <span class='ocrx_word' id='word_1_617' title='bbox 651 4987 1004 5061; x_wconf 82' lang='grc' dir='ltr'>ἀνθρωπίνην</span> <span class='ocrx_word' id='word_1_618' title='bbox 1062 4995 1242 5062; x_wconf 82' lang='grc' dir='ltr'>σάρκα</span> <span class='ocrx_word' id='word_1_619' title='bbox 1278 4995 1626 5062; x_wconf 73' lang='grc' dir='ltr'>μεταϐαλεῖν,</span> <span class='ocrx_word' id='word_1_620' title='bbox 1662 4999 1690 5051; x_wconf 81' lang='grc' dir='ltr'><strong>ὃ</strong></span> <span class='ocrx_word' id='word_1_621' title='bbox 1729 5000 1884 5069; x_wconf 76' lang='grc' dir='ltr'>καὶὴ</span> 
     </span>
    </p>
   </div>
   <div class='ocr_carea' id='block_1_86' title="bbox 319 5075 1884 5157">
    <p class='ocr_par' dir='ltr' id='par_1_86' title="bbox 319 5075 1884 5157">
     <span class='ocr_line' id='line_1_86' title="bbox 319 5075 1884 5157; baseline 0.009 -28"><span class='ocrx_word' id='word_1_622' title='bbox 319 5075 479 5145; x_wconf 76' lang='grc' dir='ltr'>φύσις</span> <span class='ocrx_word' id='word_1_623' title='bbox 508 5078 566 5130; x_wconf 75' lang='grc' dir='ltr'>ὲν</span> <span class='ocrx_word' id='word_1_624' title='bbox 595 5078 887 5149; x_wconf 85' lang='grc' dir='ltr'>ὡρισμένῳ</span> <span class='ocrx_word' id='word_1_625' title='bbox 917 5083 1074 5151; x_wconf 80' lang='grc' dir='ltr'>μέρει</span> <span class='ocrx_word' id='word_1_626' title='bbox 1101 5084 1296 5154; x_wconf 74' lang='grc' dir='ltr'>χρόνου</span> <span class='ocrx_word' id='word_1_627' title='bbox 1338 5088 1505 5152; x_wconf 85' lang='grc' dir='ltr'>ποιεί,</span> <span class='ocrx_word' id='word_1_628' title='bbox 1535 5089 1596 5140; x_wconf 84' lang='grc' dir='ltr'><strong>ού</strong></span> <span class='ocrx_word' id='word_1_629' title='bbox 1626 5089 1884 5157; x_wconf 74' lang='grc' dir='ltr'>ψεύδεται</span> 
     </span>
    </p>
   </div>
   <div class='ocr_carea' id='block_1_87' title="bbox 318 5168 1886 5252">
    <p class='ocr_par' dir='ltr' id='par_1_87' title="bbox 318 5168 1886 5252">
     <span class='ocr_line' id='line_1_87' title="bbox 318 5168 1886 5252; baseline 0.01 -33"><span class='ocrx_word' id='word_1_630' title='bbox 318 5170 498 5238; x_wconf 85' lang='grc' dir='ltr'>χεῖρον</span> <span class='ocrx_word' id='word_1_631' title='bbox 548 5168 640 5222; x_wconf 77' lang='grc' dir='ltr'>τοῦ</span> <span class='ocrx_word' id='word_1_632' title='bbox 674 5172 967 5239; x_wconf 82' lang='grc' dir='ltr'>πειραστοῦ</span> <span class='ocrx_word' id='word_1_633' title='bbox 1010 5173 1069 5236; x_wconf 85' lang='grc' dir='ltr'>ὃς</span> <span class='ocrx_word' id='word_1_634' title='bbox 1102 5176 1216 5227; x_wconf 73' lang='grc' dir='ltr'>ἐστι</span> <span class='ocrx_word' id='word_1_635' title='bbox 1262 5177 1355 5229; x_wconf 80' lang='grc' dir='ltr'>τοῦ</span> <span class='ocrx_word' id='word_1_636' title='bbox 1402 5178 1632 5247; x_wconf 81' lang='grc' dir='ltr'>ψεύδους</span> <span class='ocrx_word' id='word_1_637' title='bbox 1662 5182 1886 5252; x_wconf 85' lang='grc' dir='ltr'>πατήρ;</span> 
     </span>
    </p>
   </div>
   <div class='ocr_carea' id='block_1_88' title="bbox 329 5258 1888 5342">
    <p class='ocr_par' dir='ltr' id='par_1_88' title="bbox 329 5258 1888 5342">
     <span class='ocr_line' id='line_1_88' title="bbox 329 5258 1888 5342; baseline 0.009 -31"><span class='ocrx_word' id='word_1_638' title='bbox 329 5258 395 5311; x_wconf 84' lang='grc' dir='ltr'><strong>Ἦ</strong></span> <span class='ocrx_word' id='word_1_639' title='bbox 423 5258 576 5313; x_wconf 83' lang='grc' dir='ltr'>τοῦτο</span> <span class='ocrx_word' id='word_1_640' title='bbox 622 5259 720 5315; x_wconf 83' lang='grc' dir='ltr'>νῦν</span> <span class='ocrx_word' id='word_1_641' title='bbox 752 5261 1104 5335; x_wconf 76' lang='grc' dir='ltr'>ἐργαζομένη</span> <span class='ocrx_word' id='word_1_642' title='bbox 1153 5267 1216 5319; x_wconf 85' lang='grc' dir='ltr'>τὸ</span> <span class='ocrx_word' id='word_1_643' title='bbox 1265 5268 1450 5338; x_wconf 83' lang='grc' dir='ltr'>θαῦμα</span> <span class='ocrx_word' id='word_1_644' title='bbox 1499 5260 1753 5342; x_wconf 74' lang='grc' dir='ltr'>δύναμις,</span> <span class='ocrx_word' id='word_1_645' title='bbox 1789 5274 1888 5341; x_wconf 80' lang='grc' dir='ltr'>τὴν</span> 
     </span>
    </p>
   </div>
   <div class='ocr_carea' id='block_1_89' title="bbox 318 5353 1890 5433">
    <p class='ocr_par' dir='ltr' id='par_1_89' title="bbox 318 5353 1890 5433">
     <span class='ocr_line' id='line_1_89' title="bbox 318 5353 1890 5433; baseline 0.01 -32"><span class='ocrx_word' id='word_1_646' title='bbox 318 5353 554 5418; x_wconf 75' lang='grc' dir='ltr'>γυναῖκα</span> <span class='ocrx_word' id='word_1_647' title='bbox 590 5353 720 5406; x_wconf 82' lang='grc' dir='ltr'>ποτὲ.</span> <span class='ocrx_word' id='word_1_648' title='bbox 762 5355 858 5408; x_wconf 81' lang='grc' dir='ltr'>τοῦ</span> <span class='ocrx_word' id='word_1_649' title='bbox 887 5355 1009 5409; x_wconf 86' lang='grc' dir='ltr'><strong>Λὼτ</strong></span> <span class='ocrx_word' id='word_1_650' title='bbox 1045 5359 1124 5420; x_wconf 84' lang='grc' dir='ltr'><strong>είς</strong></span> <span class='ocrx_word' id='word_1_651' title='bbox 1166 5359 1292 5422; x_wconf 86' lang='grc' dir='ltr'>άλὺς</span> <span class='ocrx_word' id='word_1_652' title='bbox 1335 5361 1535 5431; x_wconf 84' lang='grc' dir='ltr'>στήλην</span> <span class='ocrx_word' id='word_1_653' title='bbox 1564 5363 1759 5432; x_wconf 78' lang='grc' dir='ltr'>αἴφνης</span> <span class='ocrx_word' id='word_1_654' title='bbox 1795 5380 1890 5433; x_wconf 90' lang='grc' dir='ltr'>με-</span> 
     </span>
    </p>
   </div>
   <div class='ocr_carea' id='block_1_90' title="bbox 319 5442 1891 5525">
    <p class='ocr_par' dir='ltr' id='par_1_90' title="bbox 319 5442 1891 5525">
     <span class='ocr_line' id='line_1_90' title="bbox 319 5442 1891 5525; baseline 0.011 -32"><span class='ocrx_word' id='word_1_655' title='bbox 319 5442 625 5498; x_wconf 77' lang='grc' dir='ltr'>ταϐαλοῦσα</span> <span class='ocrx_word' id='word_1_656' title='bbox 679 5446 803 5510; x_wconf 86' lang='grc' dir='ltr'>τοὺς</span> <span class='ocrx_word' id='word_1_657' title='bbox 859 5448 934 5518; x_wconf 77' lang='grc' dir='ltr'>μὴ</span> <span class='ocrx_word' id='word_1_658' title='bbox 989 5449 1239 5514; x_wconf 76' lang='grc' dir='ltr'>θέλοντας</span> <span class='ocrx_word' id='word_1_659' title='bbox 1297 5452 1585 5506; x_wconf 81' lang='grc' dir='ltr'>πείθεσθαι</span> <span class='ocrx_word' id='word_1_660' title='bbox 1640 5454 1719 5522; x_wconf 85' lang='grc' dir='ltr'><strong>τῷ</strong></span> <span class='ocrx_word' id='word_1_661' title='bbox 1770 5455 1891 5525; x_wconf 81' lang='grc' dir='ltr'><strong>Θεῷ</strong></span> 
     </span>
    </p>
   </div>
   <div class='ocr_carea' id='block_1_91' title="bbox 319 5536 1892 5617">
    <p class='ocr_par' dir='ltr' id='par_1_91' title="bbox 319 5536 1892 5617">
     <span class='ocr_line' id='line_1_91' title="bbox 319 5536 1892 5617; baseline 0.012 -33"><span class='ocrx_word' id='word_1_662' title='bbox 319 5536 711 5601; x_wconf 77' lang='grc' dir='ltr'>προστάττοντι</span> <span class='ocrx_word' id='word_1_663' title='bbox 765 5541 1110 5610; x_wconf 76' lang='grc' dir='ltr'>σωφρονίζει.</span> <span class='ocrx_word' id='word_1_664' title='bbox 1151 5545 1261 5598; x_wconf 64' lang='grc' dir='ltr'><strong>Καὶ.</strong></span> <span class='ocrx_word' id='word_1_665' title='bbox 1322 5546 1461 5617; x_wconf 79' lang='grc' dir='ltr'>αὐτὴ</span> <span class='ocrx_word' id='word_1_666' title='bbox 1510 5547 1608 5617; x_wconf 81' lang='grc' dir='ltr'>τὴν</span> <span class='ocrx_word' id='word_1_667' title='bbox 1646 5549 1892 5613; x_wconf 87' lang='grc' dir='ltr'>Μωσέως</span> 
     </span>
    </p>
   </div>
   <div class='ocr_carea' id='block_1_92' title="bbox 318 5624 1892 5711">
    <p class='ocr_par' dir='ltr' id='par_1_92' title="bbox 318 5624 1892 5711">
     <span class='ocr_line' id='line_1_92' title="bbox 318 5624 1892 5711; baseline 0.011 -32"><span class='ocrx_word' id='word_1_668' title='bbox 318 5624 518 5697; x_wconf 73' lang='grc' dir='ltr'>ρἀδον</span> <span class='ocrx_word' id='word_1_669' title='bbox 544 5627 625 5691; x_wconf 79' lang='grc' dir='ltr'><strong>είς</strong></span> <span class='ocrx_word' id='word_1_670' title='bbox 675 5628 817 5699; x_wconf 64' lang='grc' dir='ltr'>ὃιριν,</span> <span class='ocrx_word' id='word_1_671' title='bbox 872 5637 963 5688; x_wconf 79' lang='grc' dir='ltr'>καὶ</span> <span class='ocrx_word' id='word_1_672' title='bbox 1012 5636 1072 5703; x_wconf 75' lang='grc' dir='ltr'><strong>ἐξ</strong></span> <span class='ocrx_word' id='word_1_673' title='bbox 1120 5635 1296 5707; x_wconf 73' lang='grc' dir='ltr'>ὄφεως</span> <span class='ocrx_word' id='word_1_674' title='bbox 1347 5635 1504 5703; x_wconf 82' lang='grc' dir='ltr'>αὖθις</span> <span class='ocrx_word' id='word_1_675' title='bbox 1552 5640 1633 5703; x_wconf 80' lang='grc' dir='ltr'><strong>εἰς</strong></span> <span class='ocrx_word' id='word_1_676' title='bbox 1695 5639 1892 5711; x_wconf 76' lang='grc' dir='ltr'>ῥάϐδον</span> 
     </span>
    </p>
   </div>
   <div class='ocr_carea' id='block_1_93' title="bbox 396 5808 833 5877">
    <p class='ocr_par' dir='ltr' id='par_1_93' title="bbox 396 5808 833 5877">
     <span class='ocr_line' id='line_1_93' title="bbox 396 5808 833 5877; baseline 0.009 -15"><span class='ocrx_word' id='word_1_677' title='bbox 396 5808 407 5843; x_wconf 71' lang='grc'><strong>³</strong></span> <span class='ocrx_word' id='word_1_678' title='bbox 443 5810 635 5864; x_wconf 75' lang='lat' dir='ltr'><strong>Matth.</strong></span> <span class='ocrx_word' id='word_1_679' title='bbox 674 5825 749 5877; x_wconf 86' lang='grc' dir='ltr'><strong>ιν,</strong></span> <span class='ocrx_word' id='word_1_680' title='bbox 781 5810 833 5866; x_wconf 83' lang='grc'><strong>5.</strong></span> 
     </span>
    </p>
   </div>
   <div class='ocr_carea' id='block_1_94' title="bbox 568 5907 1230 5991">
    <p class='ocr_par' dir='ltr' id='par_1_94' title="bbox 568 5907 1230 5991">
     <span class='ocr_line' id='line_1_94' title="bbox 568 5907 1230 5991; baseline 0.002 -23"><span class='ocrx_word' id='word_1_681' title='bbox 568 5911 845 5968; x_wconf 56' lang='lat' dir='ltr'><strong>Pyrum&quot;</strong></span> <span class='ocrx_word' id='word_1_682' title='bbox 881 5907 999 5991; x_wconf 65' lang='lat' dir='ltr'><strong>GR.</strong></span> <span class='ocrx_word' id='word_1_683' title='bbox 1061 5910 1230 5969; x_wconf 75' lang='lat' dir='ltr'><strong>CLX.</strong></span> 
     </span>
    </p>
   </div>
   <div class='ocr_carea' id='block_1_95' title="bbox 1995 3501 3567 3589">
    <p class='ocr_par' dir='ltr' id='par_1_95' title="bbox 1995 3501 3567 3589">
     <span class='ocr_line' id='line_1_95' title="bbox 1995 3501 3567 3589; baseline 0.004 -19"><span class='ocrx_word' id='word_1_684' title='bbox 1995 3515 2199 3570; x_wconf 86' lang='lat' dir='ltr'><strong>tionem</strong></span> <span class='ocrx_word' id='word_1_685' title='bbox 2249 3501 2688 3585; x_wconf 82' lang='lat' dir='ltr'><strong>obstupeseenti,</strong></span> <span class='ocrx_word' id='word_1_686' title='bbox 2746 3516 2944 3571; x_wconf 89' lang='lat' dir='ltr'><strong>multas</strong></span> <span class='ocrx_word' id='word_1_687' title='bbox 3004 3516 3294 3588; x_wconf 84' lang='lat' dir='ltr'><strong>Scriptura</strong></span> <span class='ocrx_word' id='word_1_688' title='bbox 3360 3521 3567 3589; x_wconf 83' lang='lat' dir='ltr'><strong>divina,</strong></span> 
     </span>
    </p>
   </div>
   <div class='ocr_carea' id='block_1_96' title="bbox 1996 3607 3573 3678">
    <p class='ocr_par' dir='ltr' id='par_1_96' title="bbox 1996 3607 3573 3678">
     <span class='ocr_line' id='line_1_96' title="bbox 1996 3607 3573 3678; baseline 0.003 -16"><span class='ocrx_word' id='word_1_689' title='bbox 1996 3607 2196 3662; x_wconf 88' lang='lat' dir='ltr'><strong>multas</strong></span> <span class='ocrx_word' id='word_1_690' title='bbox 2224 3608 2390 3663; x_wconf 87' lang='lat' dir='ltr'><strong>etiam</strong></span> <span class='ocrx_word' id='word_1_691' title='bbox 2459 3610 2578 3678; x_wconf 86' lang='lat' dir='ltr'><strong>ipsa</strong></span> <span class='ocrx_word' id='word_1_692' title='bbox 2621 3617 2818 3664; x_wconf 87' lang='lat' dir='ltr'><strong>natura</strong></span> <span class='ocrx_word' id='word_1_693' title='bbox 2869 3609 3260 3667; x_wconf 88' lang='lat' dir='ltr'><strong>similitudines</strong></span> <span class='ocrx_word' id='word_1_694' title='bbox 3297 3612 3573 3668; x_wconf 82' lang='lat' dir='ltr'><strong>submini-</strong></span> 
     </span>
    </p>
   </div>
   <div class='ocr_carea' id='block_1_97' title="bbox 1999 3698 3573 3772">
    <p class='ocr_par' dir='ltr' id='par_1_97' title="bbox 1999 3698 3573 3772">
     <span class='ocr_line' id='line_1_97' title="bbox 1999 3698 3573 3772; baseline 0.004 -17"><span class='ocrx_word' id='word_1_695' title='bbox 1999 3698 2257 3755; x_wconf 85' lang='lat' dir='ltr'><strong>strat.Ea</strong></span> <span class='ocrx_word' id='word_1_696' title='bbox 2288 3701 2442 3756; x_wconf 84' lang='lat' dir='ltr'><strong>enim</strong></span> <span class='ocrx_word' id='word_1_697' title='bbox 2468 3702 2830 3771; x_wconf 85' lang='lat' dir='ltr'><strong>quarumdam</strong></span> <span class='ocrx_word' id='word_1_698' title='bbox 2859 3716 3125 3772; x_wconf 86' lang='lat' dir='ltr'><strong>aquarum</strong></span> <span class='ocrx_word' id='word_1_699' title='bbox 3155 3715 3350 3760; x_wconf 88' lang='lat' dir='ltr'><strong>natura</strong></span> <span class='ocrx_word' id='word_1_700' title='bbox 3379 3716 3485 3769; x_wconf 86' lang='lat' dir='ltr'><strong>est,</strong></span> <span class='ocrx_word' id='word_1_701' title='bbox 3513 3718 3573 3762; x_wconf 91' lang='lat' dir='ltr'><strong>ut</strong></span> 
     </span>
    </p>
   </div>
   <div class='ocr_carea' id='block_1_98' title="bbox 1994 3789 3572 3867">
    <p class='ocr_par' dir='ltr' id='par_1_98' title="bbox 1994 3789 3572 3867">
     <span class='ocr_line' id='line_1_98' title="bbox 1994 3789 3572 3867; baseline 0.006 -24"><span class='ocrx_word' id='word_1_702' title='bbox 1994 3789 2252 3861; x_wconf 79' lang='lat' dir='ltr'><strong>injectum</strong></span> <span class='ocrx_word' id='word_1_703' title='bbox 2281 3790 2484 3862; x_wconf 78' lang='lat' dir='ltr'><strong>lignum</strong></span> <span class='ocrx_word' id='word_1_704' title='bbox 2512 3806 2620 3846; x_wconf 90' lang='lat' dir='ltr'><strong>non</strong></span> <span class='ocrx_word' id='word_1_705' title='bbox 2646 3792 2809 3861; x_wconf 74' lang='lat' dir='ltr'><strong>longo</strong></span> <span class='ocrx_word' id='word_1_706' title='bbox 2851 3794 3142 3848; x_wconf 87' lang='lat' dir='ltr'><strong>intervallo</strong></span> <span class='ocrx_word' id='word_1_707' title='bbox 3172 3795 3225 3849; x_wconf 89' lang='lat' dir='ltr'><strong>in</strong></span> <span class='ocrx_word' id='word_1_708' title='bbox 3247 3795 3447 3867; x_wconf 86' lang='lat' dir='ltr'><strong>lapidis</strong></span> <span class='ocrx_word' id='word_1_709' title='bbox 3475 3815 3572 3853; x_wconf 68' lang='lat' dir='ltr'><strong>na~</strong></span> 
     </span>
    </p>
   </div>
   <div class='ocr_carea' id='block_1_99' title="bbox 1994 3884 3570 3946">
    <p class='ocr_par' dir='ltr' id='par_1_99' title="bbox 1994 3884 3570 3946">
     <span class='ocr_line' id='line_1_99' title="bbox 1994 3884 3570 3946; baseline 0.007 -12"><span class='ocrx_word' id='word_1_710' title='bbox 1994 3890 2176 3934; x_wconf 87' lang='lat' dir='ltr'><strong>turam</strong></span> <span class='ocrx_word' id='word_1_711' title='bbox 2233 3891 2651 3938; x_wconf 87' lang='lat' dir='ltr'><strong>trausmutetur.</strong></span> <span class='ocrx_word' id='word_1_712' title='bbox 2684 3884 2741 3938; x_wconf 94' lang='lat' dir='ltr'><strong>lu</strong></span> <span class='ocrx_word' id='word_1_713' title='bbox 2792 3894 2983 3940; x_wconf 87' lang='lat' dir='ltr'><strong>ventre</strong></span> <span class='ocrx_word' id='word_1_714' title='bbox 3029 3896 3083 3942; x_wconf 86' lang='lat' dir='ltr'><strong>et</strong></span> <span class='ocrx_word' id='word_1_715' title='bbox 3121 3892 3410 3944; x_wconf 86' lang='lat' dir='ltr'><strong>stomacho</strong></span> <span class='ocrx_word' id='word_1_716' title='bbox 3444 3894 3570 3946; x_wconf 83' lang='lat' dir='ltr'><strong>ani-</strong></span> 
     </span>
    </p>
   </div>
   <div class='ocr_carea' id='block_1_100' title="bbox 1991 3973 3566 4050">
    <p class='ocr_par' dir='ltr' id='par_1_100' title="bbox 1991 3973 3566 4050">
     <span class='ocr_line' id='line_1_100' title="bbox 1991 3973 3566 4050; baseline 0.008 -24"><span class='ocrx_word' id='word_1_717' title='bbox 1991 3974 2154 4028; x_wconf 81' lang='lat' dir='ltr'><strong>malis</strong></span> <span class='ocrx_word' id='word_1_718' title='bbox 2175 3973 2419 4043; x_wconf 89' lang='lat' dir='ltr'><strong>quotidie</strong></span> <span class='ocrx_word' id='word_1_719' title='bbox 2446 3989 2574 4044; x_wconf 87' lang='lat' dir='ltr'><strong>pars</strong></span> <span class='ocrx_word' id='word_1_720' title='bbox 2590 3975 2839 4032; x_wconf 87' lang='lat' dir='ltr'><strong>alimenti</strong></span> <span class='ocrx_word' id='word_1_721' title='bbox 2858 3978 3071 4048; x_wconf 88' lang='lat' dir='ltr'><strong>purior,</strong></span> <span class='ocrx_word' id='word_1_722' title='bbox 3106 3989 3231 4050; x_wconf 88' lang='lat' dir='ltr'><strong>post</strong></span> <span class='ocrx_word' id='word_1_723' title='bbox 3261 3981 3566 4038; x_wconf 90' lang='lat' dir='ltr'><strong>coctionem</strong></span> 
     </span>
    </p>
   </div>
   <div class='ocr_carea' id='block_1_101' title="bbox 1991 4064 3573 4137">
    <p class='ocr_par' dir='ltr' id='par_1_101' title="bbox 1991 4064 3573 4137">
     <span class='ocr_line' id='line_1_101' title="bbox 1991 4064 3573 4137; baseline 0.006 -18"><span class='ocrx_word' id='word_1_724' title='bbox 1991 4071 2047 4119; x_wconf 89' lang='lat' dir='ltr'><strong>et</strong></span> <span class='ocrx_word' id='word_1_725' title='bbox 2070 4064 2428 4121; x_wconf 88' lang='lat' dir='ltr'><strong>mutationem</strong></span> <span class='ocrx_word' id='word_1_726' title='bbox 2460 4066 2515 4120; x_wconf 89' lang='lat' dir='ltr'><strong>in</strong></span> <span class='ocrx_word' id='word_1_727' title='bbox 2539 4065 2731 4137; x_wconf 87' lang='lat' dir='ltr'><strong>hepar,</strong></span> <span class='ocrx_word' id='word_1_728' title='bbox 2758 4075 2813 4122; x_wconf 92' lang='lat' dir='ltr'><strong>et</strong></span> <span class='ocrx_word' id='word_1_729' title='bbox 2836 4083 2934 4135; x_wconf 90' lang='lat' dir='ltr'><strong>per</strong></span> <span class='ocrx_word' id='word_1_730' title='bbox 2964 4069 3095 4123; x_wconf 91' lang='lat' dir='ltr'><strong>illud</strong></span> <span class='ocrx_word' id='word_1_731' title='bbox 3128 4071 3182 4124; x_wconf 89' lang='lat' dir='ltr'><strong>in</strong></span> <span class='ocrx_word' id='word_1_732' title='bbox 3207 4085 3374 4126; x_wconf 88' lang='lat' dir='ltr'><strong>venas</strong></span> <span class='ocrx_word' id='word_1_733' title='bbox 3396 4080 3573 4128; x_wconf 84' lang='lat' dir='ltr'><strong>trans-</strong></span> 
     </span>
    </p>
   </div>
   <div class='ocr_carea' id='block_1_102' title="bbox 1992 4154 3566 4236">
    <p class='ocr_par' dir='ltr' id='par_1_102' title="bbox 1992 4154 3566 4236">
     <span class='ocr_line' id='line_1_102' title="bbox 1992 4154 3566 4236; baseline 0.007 -27"><span class='ocrx_word' id='word_1_734' title='bbox 1992 4154 2134 4223; x_wconf 77' lang='lat' dir='ltr'><strong>fusa,</strong></span> <span class='ocrx_word' id='word_1_735' title='bbox 2177 4156 2243 4211; x_wconf 85' lang='lat' dir='ltr'><strong>ad</strong></span> <span class='ocrx_word' id='word_1_736' title='bbox 2281 4158 2469 4212; x_wconf 85' lang='lat' dir='ltr'><strong>nutriti</strong></span> <span class='ocrx_word' id='word_1_737' title='bbox 2504 4157 2759 4214; x_wconf 85' lang='lat' dir='ltr'><strong>animalis</strong></span> <span class='ocrx_word' id='word_1_738' title='bbox 2816 4161 3181 4216; x_wconf 87' lang='lat' dir='ltr'><strong>substantiam</strong></span> <span class='ocrx_word' id='word_1_739' title='bbox 3226 4164 3566 4236; x_wconf 77' lang='lat' dir='ltr'><strong>adjungitur.</strong></span> 
     </span>
    </p>
   </div>
   <div class='ocr_carea' id='block_1_103' title="bbox 1949 4245 3567 4323">
    <p class='ocr_par' dir='ltr' id='par_1_103' title="bbox 1949 4245 3567 4323">
     <span class='ocr_line' id='line_1_103' title="bbox 1949 4245 3567 4323; baseline 0.008 -24"><span class='ocrx_word' id='word_1_740' title='bbox 1949 4319 1952 4323; x_wconf 9' lang='grc' dir='ltr'><strong>ἢ</strong></span> <span class='ocrx_word' id='word_1_741' title='bbox 1991 4245 2134 4315; x_wconf 87' lang='lat' dir='ltr'><strong>Quid</strong></span> <span class='ocrx_word' id='word_1_742' title='bbox 2169 4249 2422 4303; x_wconf 80' lang='lat' dir='ltr'><strong>tandem?</strong></span> <span class='ocrx_word' id='word_1_743' title='bbox 2466 4247 2663 4305; x_wconf 89' lang='lat' dir='ltr'><strong>Nonne</strong></span> <span class='ocrx_word' id='word_1_744' title='bbox 2708 4256 2764 4305; x_wconf 83' lang='lat' dir='ltr'><strong>et</strong></span> <span class='ocrx_word' id='word_1_745' title='bbox 2812 4252 2911 4305; x_wconf 88' lang='lat' dir='ltr'><strong>ista</strong></span> <span class='ocrx_word' id='word_1_746' title='bbox 2960 4251 3260 4311; x_wconf 72' lang='lat' dir='ltr'><strong>incredulis</strong></span> <span class='ocrx_word' id='word_1_747' title='bbox 3293 4257 3567 4313; x_wconf 81' lang='lat' dir='ltr'><strong>mirabilia</strong></span> 
     </span>
    </p>
   </div>
   <div class='ocr_carea' id='block_1_104' title="bbox 1991 4337 3571 4417">
    <p class='ocr_par' dir='ltr' id='par_1_104' title="bbox 1991 4337 3571 4417">
     <span class='ocr_line' id='line_1_104' title="bbox 1991 4337 3571 4417; baseline 0.008 -25"><span class='ocrx_word' id='word_1_748' title='bbox 1991 4351 2115 4392; x_wconf 87' lang='lat' dir='ltr'><strong>esse</strong></span> <span class='ocrx_word' id='word_1_749' title='bbox 2144 4337 2445 4394; x_wconf 84' lang='lat' dir='ltr'><strong>videntur?</strong></span> <span class='ocrx_word' id='word_1_750' title='bbox 2482 4338 2589 4396; x_wconf 88' lang='lat' dir='ltr'><strong>Sed</strong></span> <span class='ocrx_word' id='word_1_751' title='bbox 2618 4356 2814 4412; x_wconf 87' lang='lat' dir='ltr'><strong>panem</strong></span> <span class='ocrx_word' id='word_1_752' title='bbox 2861 4344 3081 4413; x_wconf 88' lang='lat' dir='ltr'><strong>quidem</strong></span> <span class='ocrx_word' id='word_1_753' title='bbox 3112 4345 3167 4399; x_wconf 91' lang='lat' dir='ltr'><strong>in</strong></span> <span class='ocrx_word' id='word_1_754' title='bbox 3222 4345 3419 4417; x_wconf 88' lang='lat' dir='ltr'><strong>seipsis</strong></span> <span class='ocrx_word' id='word_1_755' title='bbox 3445 4364 3571 4404; x_wconf 80' lang='lat' dir='ltr'><strong>car—</strong></span> 
     </span>
    </p>
   </div>
   <div class='ocr_carea' id='block_1_105' title="bbox 1991 4428 3565 4503">
    <p class='ocr_par' dir='ltr' id='par_1_105' title="bbox 1991 4428 3565 4503">
     <span class='ocr_line' id='line_1_105' title="bbox 1991 4428 3565 4503; baseline 0.008 -21"><span class='ocrx_word' id='word_1_756' title='bbox 1991 4442 2115 4483; x_wconf 88' lang='lat' dir='ltr'><strong>nem</strong></span> <span class='ocrx_word' id='word_1_757' title='bbox 2151 4428 2290 4496; x_wconf 82' lang='lat' dir='ltr'><strong>ﬁeri,</strong></span> <span class='ocrx_word' id='word_1_758' title='bbox 2340 4446 2448 4486; x_wconf 91' lang='lat' dir='ltr'><strong>non</strong></span> <span class='ocrx_word' id='word_1_759' title='bbox 2494 4431 2791 4488; x_wconf 80' lang='lat' dir='ltr'><strong>difﬁculter</strong></span> <span class='ocrx_word' id='word_1_760' title='bbox 2831 4436 3092 4503; x_wconf 89' lang='lat' dir='ltr'><strong>credunt;</strong></span> <span class='ocrx_word' id='word_1_761' title='bbox 3141 4445 3334 4493; x_wconf 89' lang='lat' dir='ltr'><strong>contra</strong></span> <span class='ocrx_word' id='word_1_762' title='bbox 3390 4441 3565 4496; x_wconf 90' lang='lat' dir='ltr'><strong>solum</strong></span> 
     </span>
    </p>
   </div>
   <div class='ocr_carea' id='block_1_106' title="bbox 1993 4522 3570 4594">
    <p class='ocr_par' dir='ltr' id='par_1_106' title="bbox 1993 4522 3570 4594">
     <span class='ocr_line' id='line_1_106' title="bbox 1993 4522 3570 4594; baseline 0.01 -19"><span class='ocrx_word' id='word_1_763' title='bbox 1993 4535 2123 4577; x_wconf 74' lang='lat' dir='ltr'><strong>vero</strong></span> <span class='ocrx_word' id='word_1_764' title='bbox 2168 4522 2488 4594; x_wconf 85' lang='lat' dir='ltr'><strong>mysterium</strong></span> <span class='ocrx_word' id='word_1_765' title='bbox 2525 4538 2718 4580; x_wconf 83' lang='lat' dir='ltr'><strong>eorum</strong></span> <span class='ocrx_word' id='word_1_766' title='bbox 2757 4525 3120 4585; x_wconf 83' lang='lat' dir='ltr'><strong>incredulitas</strong></span> <span class='ocrx_word' id='word_1_767' title='bbox 3157 4532 3454 4590; x_wconf 78' lang='lat' dir='ltr'><strong>excitatur.</strong></span> <span class='ocrx_word' id='word_1_768' title='bbox 3510 4534 3570 4590; x_wconf 95' lang='lat' dir='ltr'><strong>Si</strong></span> 
     </span>
    </p>
   </div>
   <div class='ocr_carea' id='block_1_107' title="bbox 1991 4616 3572 4697">
    <p class='ocr_par' dir='ltr' id='par_1_107' title="bbox 1991 4616 3572 4697">
     <span class='ocr_line' id='line_1_107' title="bbox 1991 4616 3572 4697; baseline 0.009 -29"><span class='ocrx_word' id='word_1_769' title='bbox 1991 4629 2120 4671; x_wconf 83' lang='lat' dir='ltr'><strong>vero</strong></span> <span class='ocrx_word' id='word_1_770' title='bbox 2169 4616 2288 4685; x_wconf 89' lang='lat' dir='ltr'><strong>ipse</strong></span> <span class='ocrx_word' id='word_1_771' title='bbox 2312 4617 2549 4673; x_wconf 86' lang='lat' dir='ltr'><strong>Satanas</strong></span> <span class='ocrx_word' id='word_1_772' title='bbox 2600 4623 2863 4675; x_wconf 89' lang='lat' dir='ltr'><strong>tentando</strong></span> <span class='ocrx_word' id='word_1_773' title='bbox 2910 4622 3096 4679; x_wconf 82' lang='lat' dir='ltr'><strong>dixit:</strong></span> <span class='ocrx_word' id='word_1_774' title='bbox 3134 4625 3226 4678; x_wconf 86' lang='lat' dir='ltr'><strong>Dic</strong></span> <span class='ocrx_word' id='word_1_775' title='bbox 3267 4634 3326 4680; x_wconf 83' lang='lat' dir='ltr'><strong>ut</strong></span> <span class='ocrx_word' id='word_1_776' title='bbox 3366 4627 3572 4697; x_wconf 75' lang='lat' dir='ltr'><strong>lapides</strong></span> 
     </span>
    </p>
   </div>
   <div class='ocr_carea' id='block_1_108' title="bbox 1991 4706 3578 4789">
    <p class='ocr_par' dir='ltr' id='par_1_108' title="bbox 1991 4706 3578 4789">
     <span class='ocr_line' id='line_1_108' title="bbox 1991 4706 3578 4789; baseline 0.009 -29"><span class='ocrx_word' id='word_1_777' title='bbox 1991 4706 2085 4761; x_wconf 74' lang='lat' dir='ltr'><strong>isti</strong></span> <span class='ocrx_word' id='word_1_778' title='bbox 2107 4723 2269 4777; x_wconf 73' lang='lat' dir='ltr'><strong>partes</strong></span> <span class='ocrx_word' id='word_1_779' title='bbox 2293 4707 2454 4776; x_wconf 76' lang='lat' dir='ltr'><strong>fiant,</strong></span> <span class='ocrx_word' id='word_1_780' title='bbox 2486 4711 2535 4763; x_wconf 72' lang='lat' dir='ltr'><strong>si</strong></span> <span class='ocrx_word' id='word_1_781' title='bbox 2563 4710 2710 4780; x_wconf 79' lang='lat' dir='ltr'><strong>ﬁlius</strong></span> <span class='ocrx_word' id='word_1_782' title='bbox 2732 4710 2830 4766; x_wconf 83' lang='lat' dir='ltr'><strong>Dei</strong></span> <span class='ocrx_word' id='word_1_783' title='bbox 2862 4728 2916 4768; x_wconf 76' lang='lat' dir='ltr'><strong>es</strong></span> <span class='ocrx_word' id='word_1_784' title='bbox 2940 4714 2981 4780; x_wconf 82' lang='lat'><strong>&#39;,</strong></span> <span class='ocrx_word' id='word_1_785' title='bbox 3007 4717 3193 4772; x_wconf 83' lang='lat' dir='ltr'><strong>sciens</strong></span> <span class='ocrx_word' id='word_1_786' title='bbox 3212 4732 3409 4789; x_wconf 90' lang='lat' dir='ltr'><strong>nempe</strong></span> <span class='ocrx_word' id='word_1_787' title='bbox 3436 4721 3578 4775; x_wconf 75' lang='lat' dir='ltr'><strong>divi-</strong></span> 
     </span>
    </p>
   </div>
   <div class='ocr_carea' id='block_1_109' title="bbox 1996 4802 3577 4881">
    <p class='ocr_par' dir='ltr' id='par_1_109' title="bbox 1996 4802 3577 4881">
     <span class='ocr_line' id='line_1_109' title="bbox 1996 4802 3577 4881; baseline 0.006 -26"><span class='ocrx_word' id='word_1_788' title='bbox 1996 4815 2131 4857; x_wconf 87' lang='lat' dir='ltr'><strong>nam</strong></span> <span class='ocrx_word' id='word_1_789' title='bbox 2155 4802 2454 4872; x_wconf 90' lang='lat' dir='ltr'><strong>potentiam</strong></span> <span class='ocrx_word' id='word_1_790' title='bbox 2475 4816 2741 4872; x_wconf 75' lang='lat' dir='ltr'><strong>prtcstare</strong></span> <span class='ocrx_word' id='word_1_791' title='bbox 2776 4805 2828 4860; x_wconf 91' lang='lat' dir='ltr'><strong>id</strong></span> <span class='ocrx_word' id='word_1_792' title='bbox 2856 4820 3139 4863; x_wconf 90' lang='lat' dir='ltr'><strong>momento</strong></span> <span class='ocrx_word' id='word_1_793' title='bbox 3170 4811 3433 4881; x_wconf 84' lang='lat' dir='ltr'><strong>temporis</strong></span> <span class='ocrx_word' id='word_1_794' title='bbox 3458 4814 3577 4868; x_wconf 80' lang='lat' dir='ltr'><strong>suf-</strong></span> 
     </span>
    </p>
   </div>
   <div class='ocr_carea' id='block_1_110' title="bbox 1994 4892 3569 4974">
    <p class='ocr_par' dir='ltr' id='par_1_110' title="bbox 1994 4892 3569 4974">
     <span class='ocr_line' id='line_1_110' title="bbox 1994 4892 3569 4974; baseline 0.008 -28"><span class='ocrx_word' id='word_1_795' title='bbox 1994 4892 2242 4949; x_wconf 83' lang='lat' dir='ltr'><strong>ﬁcienter</strong></span> <span class='ocrx_word' id='word_1_796' title='bbox 2275 4896 2570 4964; x_wconf 86' lang='lat' dir='ltr'><strong>posse,qui</strong></span> <span class='ocrx_word' id='word_1_797' title='bbox 2605 4897 2739 4952; x_wconf 89' lang='lat' dir='ltr'><strong>dicit</strong></span> <span class='ocrx_word' id='word_1_798' title='bbox 2767 4896 2936 4954; x_wconf 87' lang='lat' dir='ltr'><strong>Deum</strong></span> <span class='ocrx_word' id='word_1_799' title='bbox 2954 4916 3060 4959; x_wconf 92' lang='lat' dir='ltr'><strong>non</strong></span> <span class='ocrx_word' id='word_1_800' title='bbox 3097 4918 3258 4974; x_wconf 86' lang='lat' dir='ltr'><strong>posse</strong></span> <span class='ocrx_word' id='word_1_801' title='bbox 3288 4913 3569 4960; x_wconf 87' lang='lat' dir='ltr'><strong>transmu-</strong></span> 
     </span>
    </p>
   </div>
   <div class='ocr_carea' id='block_1_111' title="bbox 1997 4988 3570 5063">
    <p class='ocr_par' dir='ltr' id='par_1_111' title="bbox 1997 4988 3570 5063">
     <span class='ocr_line' id='line_1_111' title="bbox 1997 4988 3570 5063; baseline 0.01 -25"><span class='ocrx_word' id='word_1_802' title='bbox 1997 4994 2111 5039; x_wconf 83' lang='lat' dir='ltr'><strong>tare</strong></span> <span class='ocrx_word' id='word_1_803' title='bbox 2144 5001 2341 5057; x_wconf 86' lang='lat' dir='ltr'><strong>panem</strong></span> <span class='ocrx_word' id='word_1_804' title='bbox 2371 4989 2424 5041; x_wconf 92' lang='lat' dir='ltr'><strong>iu</strong></span> <span class='ocrx_word' id='word_1_805' title='bbox 2469 4988 2771 5044; x_wconf 88' lang='lat' dir='ltr'><strong>humanam</strong></span> <span class='ocrx_word' id='word_1_806' title='bbox 2792 5006 3039 5059; x_wconf 86' lang='lat' dir='ltr'><strong>carnem,</strong></span> <span class='ocrx_word' id='word_1_807' title='bbox 3068 4995 3213 5063; x_wconf 80' lang='lat' dir='ltr'><strong>quod</strong></span> <span class='ocrx_word' id='word_1_808' title='bbox 3244 5010 3438 5051; x_wconf 84' lang='lat' dir='ltr'><strong>natura</strong></span> <span class='ocrx_word' id='word_1_809' title='bbox 3474 4998 3570 5053; x_wconf 86' lang='lat' dir='ltr'><strong>de-</strong></span> 
     </span>
    </p>
   </div>
   <div class='ocr_carea' id='block_1_112' title="bbox 1995 5078 3567 5155">
    <p class='ocr_par' dir='ltr' id='par_1_112' title="bbox 1995 5078 3567 5155">
     <span class='ocr_line' id='line_1_112' title="bbox 1995 5078 3567 5155; baseline 0.008 -25"><span class='ocrx_word' id='word_1_810' title='bbox 1995 5078 2296 5132; x_wconf 85' lang='lat' dir='ltr'><strong>terminato</strong></span> <span class='ocrx_word' id='word_1_811' title='bbox 2341 5079 2608 5148; x_wconf 87' lang='lat' dir='ltr'><strong>temporis</strong></span> <span class='ocrx_word' id='word_1_812' title='bbox 2660 5082 2840 5152; x_wconf 86' lang='lat' dir='ltr'><strong>spatio</strong></span> <span class='ocrx_word' id='word_1_813' title='bbox 2866 5082 3019 5149; x_wconf 78' lang='lat' dir='ltr'><strong>facit,</strong></span> <span class='ocrx_word' id='word_1_814' title='bbox 3055 5086 3332 5155; x_wconf 85' lang='lat' dir='ltr'><strong>quomodo</strong></span> <span class='ocrx_word' id='word_1_815' title='bbox 3364 5088 3409 5142; x_wconf 89' lang='lat' dir='ltr'><strong>is</strong></span> <span class='ocrx_word' id='word_1_816' title='bbox 3461 5104 3567 5144; x_wconf 92' lang='lat' dir='ltr'><strong>non</strong></span> 
     </span>
    </p>
   </div>
   <div class='ocr_carea' id='block_1_113' title="bbox 1992 5170 3570 5247">
    <p class='ocr_par' dir='ltr' id='par_1_113' title="bbox 1992 5170 3570 5247">
     <span class='ocr_line' id='line_1_113' title="bbox 1992 5170 3570 5247; baseline 0.007 -24"><span class='ocrx_word' id='word_1_817' title='bbox 1992 5170 2263 5225; x_wconf 85' lang='lat' dir='ltr'><strong>mentitur</strong></span> <span class='ocrx_word' id='word_1_818' title='bbox 2290 5170 2413 5238; x_wconf 87' lang='lat' dir='ltr'><strong>ipso</strong></span> <span class='ocrx_word' id='word_1_819' title='bbox 2434 5180 2707 5229; x_wconf 84' lang='lat' dir='ltr'><strong>tentatore</strong></span> <span class='ocrx_word' id='word_1_820' title='bbox 2729 5174 3000 5239; x_wconf 86' lang='lat' dir='ltr'><strong>deterius,</strong></span> <span class='ocrx_word' id='word_1_821' title='bbox 3020 5179 3210 5245; x_wconf 87' lang='lat' dir='ltr'><strong>quiest</strong></span> <span class='ocrx_word' id='word_1_822' title='bbox 3240 5186 3395 5247; x_wconf 87' lang='lat' dir='ltr'><strong>pater</strong></span> <span class='ocrx_word' id='word_1_823' title='bbox 3419 5194 3570 5234; x_wconf 84' lang='lat' dir='ltr'><strong>men-</strong></span> 
     </span>
    </p>
   </div>
   <div class='ocr_carea' id='block_1_114' title="bbox 1993 5257 3565 5341">
    <p class='ocr_par' dir='ltr' id='par_1_114' title="bbox 1993 5257 3565 5341">
     <span class='ocr_line' id='line_1_114' title="bbox 1993 5257 3565 5341; baseline 0.006 -24"><span class='ocrx_word' id='word_1_824' title='bbox 1993 5262 2180 5318; x_wconf 81' lang='lat' dir='ltr'><strong>dacii‘l</strong></span> <span class='ocrx_word' id='word_1_825' title='bbox 2210 5263 2330 5334; x_wconf 87' lang='lat' dir='ltr'><strong>Ipsa</strong></span> <span class='ocrx_word' id='word_1_826' title='bbox 2360 5280 2483 5334; x_wconf 66' lang='lat' dir='ltr'><strong>quae</strong></span> <span class='ocrx_word' id='word_1_827' title='bbox 2518 5283 2662 5322; x_wconf 91' lang='lat' dir='ltr'><strong>nunc</strong></span> <span class='ocrx_word' id='word_1_828' title='bbox 2688 5257 3164 5325; x_wconf 70' lang='lat' dir='ltr'><strong>miraculumillud</strong></span> <span class='ocrx_word' id='word_1_829' title='bbox 3191 5281 3446 5339; x_wconf 88' lang='lat' dir='ltr'><strong>operatur</strong></span> <span class='ocrx_word' id='word_1_830' title='bbox 3468 5287 3565 5341; x_wconf 87' lang='lat' dir='ltr'><strong>po-</strong></span> 
     </span>
    </p>
   </div>
   <div class='ocr_carea' id='block_1_115' title="bbox 1996 5355 3561 5428">
    <p class='ocr_par' dir='ltr' id='par_1_115' title="bbox 1996 5355 3561 5428">
     <span class='ocr_line' id='line_1_115' title="bbox 1996 5355 3561 5428; baseline 0.006 -19"><span class='ocrx_word' id='word_1_831' title='bbox 1996 5355 2184 5423; x_wconf 81' lang='lat' dir='ltr'><strong>tentia,</strong></span> <span class='ocrx_word' id='word_1_832' title='bbox 2220 5372 2341 5428; x_wconf 63' lang='lat' dir='ltr'><strong>qua</strong></span> <span class='ocrx_word' id='word_1_833' title='bbox 2377 5359 2674 5428; x_wconf 76' lang='lat' dir='ltr'><strong>aliquando</strong></span> <span class='ocrx_word' id='word_1_834' title='bbox 2701 5376 2927 5416; x_wconf 80' lang='lat' dir='ltr'><strong>uxorem</strong></span> <span class='ocrx_word' id='word_1_835' title='bbox 2958 5360 3059 5417; x_wconf 88' lang='lat' dir='ltr'><strong>Lot</strong></span> <span class='ocrx_word' id='word_1_836' title='bbox 3084 5363 3138 5416; x_wconf 89' lang='lat' dir='ltr'><strong>in</strong></span> <span class='ocrx_word' id='word_1_837' title='bbox 3167 5363 3299 5417; x_wconf 89' lang='lat' dir='ltr'><strong>salis</strong></span> <span class='ocrx_word' id='word_1_838' title='bbox 3325 5374 3561 5419; x_wconf 88' lang='lat' dir='ltr'><strong>statuam</strong></span> 
     </span>
    </p>
   </div>
   <div class='ocr_carea' id='block_1_116' title="bbox 1996 5447 3562 5523">
    <p class='ocr_par' dir='ltr' id='par_1_116' title="bbox 1996 5447 3562 5523">
     <span class='ocr_line' id='line_1_116' title="bbox 1996 5447 3562 5523; baseline 0.003 -20"><span class='ocrx_word' id='word_1_839' title='bbox 1996 5447 2181 5504; x_wconf 87' lang='lat' dir='ltr'><strong>subito</strong></span> <span class='ocrx_word' id='word_1_840' title='bbox 2218 5448 2657 5518; x_wconf 82' lang='lat' dir='ltr'><strong>transformavit,</strong></span> <span class='ocrx_word' id='word_1_841' title='bbox 2679 5466 2773 5506; x_wconf 89' lang='lat' dir='ltr'><strong>eos</strong></span> <span class='ocrx_word' id='word_1_842' title='bbox 2797 5453 2888 5522; x_wconf 81' lang='lat' dir='ltr'><strong>qui</strong></span> <span class='ocrx_word' id='word_1_843' title='bbox 2920 5451 3030 5506; x_wconf 89' lang='lat' dir='ltr'><strong>Deo</strong></span> <span class='ocrx_word' id='word_1_844' title='bbox 3082 5453 3370 5523; x_wconf 88' lang='lat' dir='ltr'><strong>imperanti</strong></span> <span class='ocrx_word' id='word_1_845' title='bbox 3402 5454 3562 5508; x_wconf 80' lang='lat' dir='ltr'><strong>ﬁdem</strong></span> 
     </span>
    </p>
   </div>
   <div class='ocr_carea' id='block_1_117' title="bbox 2000 5541 3572 5609">
    <p class='ocr_par' dir='ltr' id='par_1_117' title="bbox 2000 5541 3572 5609">
     <span class='ocr_line' id='line_1_117' title="bbox 2000 5541 3572 5609; baseline 0.004 -14"><span class='ocrx_word' id='word_1_846' title='bbox 2000 5541 2205 5598; x_wconf 88' lang='lat' dir='ltr'><strong>habere</strong></span> <span class='ocrx_word' id='word_1_847' title='bbox 2235 5544 2450 5609; x_wconf 89' lang='lat' dir='ltr'><strong>nolunt,</strong></span> <span class='ocrx_word' id='word_1_848' title='bbox 2482 5544 2549 5599; x_wconf 91' lang='lat' dir='ltr'><strong>ad</strong></span> <span class='ocrx_word' id='word_1_849' title='bbox 2579 5544 2853 5599; x_wconf 88' lang='lat' dir='ltr'><strong>saniorem</strong></span> <span class='ocrx_word' id='word_1_850' title='bbox 2902 5555 3139 5601; x_wconf 90' lang='lat' dir='ltr'><strong>mentem</strong></span> <span class='ocrx_word' id='word_1_851' title='bbox 3182 5554 3443 5603; x_wconf 88' lang='lat' dir='ltr'><strong>revocat:</strong></span> <span class='ocrx_word' id='word_1_852' title='bbox 3482 5549 3572 5602; x_wconf 71' lang='lat' dir='ltr'><strong>ilia</strong></span> 
     </span>
    </p>
   </div>
   <div class='ocr_carea' id='block_1_118' title="bbox 2003 5636 3572 5712">
    <p class='ocr_par' dir='ltr' id='par_1_118' title="bbox 2003 5636 3572 5712">
     <span class='ocr_line' id='line_1_118' title="bbox 2003 5636 3572 5712; baseline 0.001 -18"><span class='ocrx_word' id='word_1_853' title='bbox 2003 5638 2217 5694; x_wconf 74' lang='lat' dir='ltr'><strong>scilicet</strong></span> <span class='ocrx_word' id='word_1_854' title='bbox 2247 5639 2454 5708; x_wconf 77' lang='lat' dir='ltr'><strong>virgam</strong></span> <span class='ocrx_word' id='word_1_855' title='bbox 2484 5637 2667 5712; x_wconf 38' lang='lat' dir='ltr'><strong>‘Mosis</strong></span> <span class='ocrx_word' id='word_1_856' title='bbox 2705 5636 2761 5693; x_wconf 91' lang='lat' dir='ltr'><strong>in</strong></span> <span class='ocrx_word' id='word_1_857' title='bbox 2800 5646 3134 5709; x_wconf 84' lang='lat' dir='ltr'><strong>serpentem,</strong></span> <span class='ocrx_word' id='word_1_858' title='bbox 3156 5650 3210 5695; x_wconf 91' lang='lat' dir='ltr'><strong>et</strong></span> <span class='ocrx_word' id='word_1_859' title='bbox 3227 5655 3296 5697; x_wconf 80' lang='lat' dir='ltr'><strong>ex</strong></span> <span class='ocrx_word' id='word_1_860' title='bbox 3319 5653 3572 5711; x_wconf 80' lang='lat' dir='ltr'><strong>serpente</strong></span> 
     </span>
    </p>
   </div>
   <div class='ocr_carea' id='block_1_119' title="bbox 3100 5911 3177 5971">
    <p class='ocr_par' dir='ltr' id='par_1_119' title="bbox 3100 5911 3177 5971">
     <span class='ocr_line' id='line_1_119' title="bbox 3100 5911 3177 5971; baseline 0.013 -1"><span class='ocrx_word' id='word_1_861' title='bbox 3100 5911 3177 5971; x_wconf 81' lang='grc'><strong>12</strong></span> 
     </span>
    </p>
   </div>
  </div>
