4038 6424
403 388 508 452 363

405 519 599 560 rursus
657 503 709 558 in
766 502 972 571 t'irgam
1026 495 1413 554 transmutavit
1464 514 1477 551 :

405 612 600 668 aquam
625 597 810 650 vinum
845 593 973 648 fecit
1006 592 1062 646 in
1097 589 1244 644 Cana
1273 607 1287 644 ε
1316 588 1431 658 ipsa
1477 585 1715 641 fructum
1754 596 1974 638 carnem

405 689 658 747 animalis
695 688 824 742 facit
867 686 1008 740 intra
1056 681 1276 752 aliquod
1325 678 1588 749 temporis
1638 679 1894 747 spatium,
1926 683 1980 727 et

407 785 558 839 carui
598 787 952 852 augmentum
981 791 1049 831 ex
1083 777 1272 830 eodem
1299 772 1480 827 fructu
1528 785 1622 840 per
1647 775 1979 824 transmuta-

406 881 612 933 tionem
666 873 874 944 adjicit.
934 869 1136 925 Verum
1215 874 1506 937 postquam
1583 867 1982 916 concesserunt

349 1031 353 1040 ,
408 967 733 1027 substantia:
753 960 1264 1020 transmutatiouein
1294 957 1350 1011 in
1378 957 1479 1009 hoc
1503 962 1846 1008 sacramento
1871 965 1978 1002 non

408 1078 530 1118 esse
559 1072 784 1130 prorsus
816 1050 1232 1123 impossibilem,
1281 1061 1474 1102 rursus
1504 1059 1620 1098 eam
1658 1045 1980 1112 impugnare

410 1173 474 1209 ex
495 1149 816 1224 quantitatis
834 1145 1048 1201 ratione
1067 1137 1475 1211 aggrediuntur.
1495 1134 1813 1190 Substantia
1834 1131 1980 1187 enim

410 1244 568 1313 panis
597 1243 649 1295 in
683 1241 826 1294 illam
854 1235 1096 1306 corporis
1130 1239 1517 1293 transiuutata,
1552 1224 1856 1282 accidentia
1881 1237 1981 1292 pa-

412 1339 498 1392 nis
521 1346 738 1388 manere
759 1330 964 1396 absque
985 1326 1250 1396 subjecto,
1274 1337 1396 1377 cum
1425 1334 1591 1390 supra
1616 1327 1861 1372 naturam
1891 1316 1982 1379 sit,

412 1439 590 1482 tamen
615 1437 719 1478 non
758 1433 1021 1490 superare
1046 1418 1096 1470 id
1144 1415 1288 1484 quod
1315 1419 1494 1467 mente
1539 1410 1752 1478 concipi
1781 1415 1982 1478 potest.

412 1517 674 1589 Equidem
698 1511 998 1569 accidentia
1023 1524 1129 1563 non
1151 1506 1417 1561 exsistere
1435 1506 1491 1558 in
1520 1502 1768 1572 subjecto
1788 1501 1988 1569 impos-

412 1612 569 1668 sibile
591 1618 708 1676 est;
731 1607 785 1661 id
815 1603 958 1660 enim
990 1617 1053 1656 ex
1089 1599 1299 1654 ratione
1327 1605 1381 1650 et
1405 1593 1723 1650 deﬁnitione
1744 1591 1986 1661 ipsorum

415 1701 776 1761 accidentium
810 1702 1046 1750 constat.
1075 1691 1325 1745 Attamen
1359 1686 1463 1741 tale
1489 1684 1767 1754 quidpiam
1803 1679 1989 1736 animo

413 1796 705 1865 concipere
731 1799 1040 1860 possumus,
1063 1790 1118 1837 et
1142 1778 1397 1834 accidens
1415 1791 1445 1831 a
1469 1776 1712 1846 subjecto
1733 1783 1991 1843 separare

1461 375 1839 444 GENNADII
1875 379 1981 439 CP.
2029 374 2550 438 PATRIARCIL‘E

3554 373 3660 436 364

1539 494 1732 549 eadem
1788 499 1972 562 postea
2000 555 2003 564 Α

2111 488 2372 541 ,ετέϐαλεν
2395 501 2410 516 ο
2443 487 2502 538 το
2530 485 2674 556 ὕδωρ
2703 488 2732 557 ii,
2766 487 2904 557 αὕτη
2931 486 3234 556 πεποίηκεν
3261 482 3404 540 οῐνον
3432 486 3662 559 ὕστερον

2090 582 2144 634 ὲν
2179 581 2338 650 Κανᾷ
2363 596 2378 612 ·
2410 579 2546 648 αὑτὴ
2593 578 2690 648 τὴν
2743 581 2921 650 cipit;
2950 579 3043 632 τοῦ
3092 579 3235 644 {mou
3265 580 3480 650 καρπὸν
3515 586 3666 637 ποιεί

2086 673 2172 726 διὰ
2201 674 2419 742 χρόνου,
2456 672 2547 724 καὶ
2573 675 2636 742 τῇ
2659 673 2826 742 σαρκὶ
2869 673 2961 726 τὸν
3013 673 3226 742 καρπὸν
3259 672 3416 735 αὖθις
3445 678 3669 744 προστί-

2091 765 2244 834 θησιν
2275 766 2340 816 ὲκ
2396 763 2724 833 μεταϐολῆς.
2767 765 2908 816 Ἀλλ’
2964 764 3182 818 ἐπειδὰν
3234 765 3368 819 δῶσι
3420 765 3521 837 τὴν
3569 768 3669 834 τῆς

2089 854 2277 918 οὐσίας
2309 855 2614 926 μεταϐολὴν
2651 859 2706 910 ὲν
2738 855 2910 926 τούτῳ
2952 857 3030 926 τῷ
3078 858 3368 928 μυστηρίῳ
3401 859 3476 928 μὴ
3527 857 3669 912 εἶναι

2091 948 2347 1012 καθάπαξ
2372 949 2708 1015 ἀνένδεκτον,
2727 949 2835 1001 ἀπὸ
2853 949 2948 1016 τῆς
2972 951 3266 1019 ποσότητος
3288 947 3444 1011 αὖθις
3463 952 3488 1002 ὲ
3501 967 3673 1022 τειχει-

2095 1039 2304 1108 ροῦσιν.
2332 1040 2403 1092 Τὸ
2434 1039 2532 1110 μὲν
2560 1040 2664 1109 γὰρ
2690 1040 2788 1109 τῆς
2815 1038 2908 1092 τοῦ
2931 1039 3094 1110 ἄρτου
3124 1040 3314 1104 οὐσίας
3345 1043 3420 1104 είς
3454 1043 3552 1111 τὴν
3576 1042 3672 1095 τοῦ

2093 1130 2346 1199 σώματος
2385 1132 2870 1201 μεταϐαλλομένης
2893 1131 2964 1184 τὰ
2997 1132 3387 1200 συμϐεϐηκότα
3414 1135 3491 1202 τῷ
3518 1134 3674 1204 ἄρτῳ

2095 1221 2277 1289 μένειν
2312 1219 2406 1273 τοῦ
2455 1221 2820 1288 ὑποκειμένου
2867 1221 3056 1290 χωρὶς,
3085 1219 3226 1290 ὑπὲρ
3275 1220 3374 1290 τὴν
3403 1221 3565 1288 φύσιν
3591 1221 3673 1283 ὃν,

2091 1314 2241 1383 ὅμως
2269 1315 2364 1383 οὐχ
2397 1312 2746 1382 ὑπερϐαίνειν
2773 1312 2946 1382 τὴν...
2977 1313 3033 1364 έν
3073 1311 3204 1383 παρ’
3237 1312 3406 1368 αὐτοῦ
3433 1313 3546 1366 νοῦ.
3582 1312 3676 1383 Μὴ

2096 1407 2428 1476 ἐνυπάρχειν
2480 1408 2582 1478 μὲν
2629 1405 2738 1477 γὰρ
2783 1405 3130 1475 ὑποκειμένῳ
3162 1405 3232 1458 τὰ
3288 1405 3678 1473 συρὸεϐηκότα

2093 1497 2392 1552 ἀδύνατονο
2439 1497 2599 1551 τοῦτο
2651 1497 2760 1566 γὰρ
2811 1497 2874 1548 ὲκ
2927 1494 3022 1548 τοῦ
3062 1494 3223 1564 λόγου
3252 1495 3363 1548 τῶν
3395 1495 3678 1564 συμϐεϐη-

2095 1590 2271 1642 κότων
2326 1588 2496 1643 ἐστίν.
2546 1589 2813 1642 Ἐπινοεῖν
2863 1581 2920 1640 δέ
2965 1605 3017 1640 τι
3051 1587 3292 1640 τοιοῦτον
3337 1586 3488 1654 ὅμως
3517 1586 3677 1640 δυνά-

2099 1682 2262 1752 μεθοι⁹
2297 1680 2392 1734 καὶ
2420 1678 2512 1734 τοῦ
2546 1679 2905 1749 ὑποκειμένου
2940 1680 3002 1732 τὸ
3029 1678 3387 1749 συμὸεδηκδς
3417 1680 3679 1748 ἀφαιρεῖν

2098 1774 2162 1842 τῇ
2195 1772 2421 1840 δυνάμει
2475 1771 2568 1826 τοῦ
2604 1771 2716 1838 νοῦ,
2745 1766 2790 1839 ᾧ
2837 1771 3026 1842 τρόπῳ
3065 1770 3272 1823 καὶτὸν
3312 1769 3408 1822 τοῦ
3444 1771 3679 1824 καθόλου

415 1904 512 1961 per
534 1862 732 1939 mentis
755 1876 1049 1950 potentiam
1073 1891 1084 1927 :
1112 1887 1218 1942 qtia
1242 1871 1456 1924 ratione
1477 1865 1802 1923 universalis
1825 1865 1990 1918 ratio-

2111 1865 2250 1932 ιόγον
2284 1865 2614 1936 ἀθροίζομεν
2644 1866 2708 1917 ἑκ
2735 1863 2847 1917 τῶν
2885 1863 3134 1934 μερικῶν
3177 1862 3570 1932 ἀφαιροῦντες.
3602 1863 3682 1916 τὸ

417 1960 542 2039 nem
559 1979 612 2031 in
639 1989 804 2030 unum
825 1969 1151 2039 colligimus,
1175 1978 1240 2018 ex
1259 1960 1628 2032 singularibus
1650 1965 1988 2028 separantes.

417 2070 570 2142 Quod
593 2077 774 2121 autem
801 2061 858 2115 lit
881 2040 974 2130 per
995 2055 1193 2110 mentis
1223 2063 1425 2108 nostra:
1456 2049 1778 2120 potentiam,
1805 2047 1993 2117 utique

421 2140 686 2222 eﬂieietur
715 2171 811 2228 per
851 2151 1152 2225 potentiam
1190 2147 1442 2200 maxima:
1467 2141 1521 2200 et
1555 2145 1746 2216 prima:
1771 2140 1990 2203 mentis,

422 2256 588 2316 simul
617 2250 748 2307 illud
796 2241 1174 2314 intelligentis,
1215 2249 1270 2296 et
1306 2238 1488 2306 rcipsa
1537 2232 1842 2305 operantis.
1883 2229 1992 2286 Sed

421 2349 568 2406 aliud
591 2342 867 2418 quidpiam
892 2351 1011 2394 esse
1029 2337 1217 2390 dicunt
1237 2332 1290 2386 in
1319 2330 1425 2386 hoc
1447 2335 1813 2390 'sacramento,
1849 2323 1994 2394 quod

417 2460 528 2500 non
559 2437 720 2494 modo
751 2427 1138 2496 naturam,sed
1165 2427 1338 2496 ipsam
1370 2423 1534 2478 etiam
1569 2418 1764 2474 mentis
1796 2425 1997 2471 nostra:

422 2532 725 2608 potentiam
755 2530 997 2596 superet,
1030 2518 1238 2575 scilicet
1259 2514 1400 2587 quod
1439 2514 1492 2568 in
1523 2525 1688 2582 parva
1725 2523 1996 2608 apparen-

423 2602 497 2685 tis
528 2627 682 2698 panis
697 2619 1003 2693 quantitate
1029 2623 1174 2669 totus
1194 2609 1448 2666 Christus
1468 2605 1722 2698 creditur;
1743 2602 1891 2698 ἱερά.
1907 2615 2000 2698 ne:-

424 2692 661 2793 que-hoc
709 2692 1037 2768 miraculum
1095 2701 1406 2793 rationibus
1454 2692 1997 2793 quibusdiﬂicult-a‘ti

428 2783 776 2872 occurratur,
806 2811 976 2859 caret.
1007 2799 1194 2867 Neque
1225 2795 1372 2850 enim
1397 2792 1452 2846 in
1477 2803 1636 2846 sacro
1662 2787 1764 2842 hoc
1785 2783 1998 2842 sacriﬁ-

426 2909 513 2960 cio
539 2913 621 2958 est
652 2911 853 2968 corpus
886 2891 1090 2948 Christi
1127 2884 1474 2949 naturaliter.
1497 2880 1592 2936 sed
1625 2887 1999 2934 sacramenta-

427 3000 548 3052 liter
584 2992 788 3054 solum;
819 2985 1026 3040 idcirco
1079 2981 1135 3034 in
1176 2992 1241 3032 eo
1274 2991 1384 3030 non
1432 2983 1517 3029 est
1540 2982 1796 3042 tanquam
1823 2969 2002 3024 taber-

431 3087 630 3145 naculo
659 3083 897 3136 velatum
913 3077 980 3138 in
1009 3071 1248 3144 quodam
1272 3071 1414 3133 loco,
1440 3081 1615 3137 neque
1635 3064 1737 3121 sub
1763 3062 2002 3133 pr0priis

2096 1959 2148 2012 δὲ
2180 1961 2247 2028 τῇ
2297 1958 2527 2028 δυνάμει
2585 1956 2682 2010 τοῦ
2733 1955 2825 2009 νοῦ
2886 1955 3174 2024 γινόμενον
3226 1955 3322 2007 τοῦ
3380 1955 3718 2028 ἡμετέρου,¹

2096 2051 2294 2121 γένοιτ’
2318 2051 2383 2106 ἂν
2417 2054 2512 2104 καὶ
2539 2052 2604 2120 τῇ
2640 2050 2866 2120 δυνάμει
2889 2048 2983 2102 τοῦ
3013 2048 3276 2118 μεγίστου
3305 2049 3400 2101 καὶ
3430 2050 3677 2117 πρώτου,

2095 2132 2188 2198 τοῦ
2225 2145 2343 2216 ἅμα
2400 2162 2458 2198 τε
2512 2143 2756 2206 νοοῦντος
2812 2142 2966 2206 αὐτὸ,
2997 2141 3093 2195 καὶ
3141 2143 3200 2194 ὲν
3251 2142 3329 2210 τῷ
3383 2144 3673 2213 πράγματι

2097 2237 2240 2292 οὕτω
2288 2237 2779 2309 δηεμουργοῦντος.
2827 2236 2968 2289 Ἀλλ’
2996 2236 3185 2306 ἕτερον
3235 2230 3379 2290 εἶναι
3427 2236 3596 2302 φασὶν
3619 2237 3682 2288 ὲν

2097 2329 2174 2399 τῷ
2205 2328 2491 2400 μυστηρίῳ
2531 2329 2726 2400 τούτῳ,
2755 2330 2814 2383 ού
2857 2329 3017 2399 μόνον
3052 2330 3152 2399 τὴν
3185 2327 3372 2396 φύσιν,
3414 2326 3552 2381 ἀλλὰ
3585 2328 3680 2380 καὶ

2099 2423 2197 2491 τὴν
2249 2423 2505 2492 τοιαύτην
2553 2421 2649 2474 τοῦ
2705 2421 2793 2475 νοῦ
2827 2421 3061 2490 δύναμιν
3114 2421 3440 2490 ὑπερϐαἶνον
3466 2435 3478 2447 ·
3507 2421 3592 2473 ὅτι
3625 2422 3684 2473 ὲν

2103 2517 2278 2584 μικρᾷ
2339 2514 2432 2567 τοῦ
2492 2513 2820 2583 φαινομένου
2875 2515 3142 2583 ποσότητι
3194 2513 3318 2576 ὅλος
3369 2514 3397 2566 6
3446 2513 3682 2583 Χριστὸς

2101 2601 2242 2659 εἶναι
2304 2605 2620 2660 πιστεύεται
2650 2622 2666 2639 ο
2721 2605 2839 2660 ἀλλ’
2915 2605 3038 2660 οὐδὲ
3103 2604 3266 2660 τοῦτο
3329 2607 3686 2676 παραμυθίας

2101 2700 2399 2770 ἐπέρηται
2446 2699 2507 2752 τὸ
2553 2698 2879 2768 θαυμάσιον.
2920 2698 2995 2752 Οὐ
3036 2697 3148 2769 γάρ
3197 2699 3347 2751 ἐστιν
3378 2699 3436 2751 ιν
3469 2701 3534 2769 τῇ
3563 2700 3688 2770 ἱερᾷ

2101 2791 2276 2864 ταύτῃ
2320 2790 2484 2860 θυσίᾳ
2514 2791 2574 2844 τὺ
2605 2789 2700 2844 τοῦ
2748 2788 2990 2860 Χριστοῦ
3044 2789 3204 2859 σῶμα
3237 2791 3515 2859 φυσικῶς,
3545 2791 3686 2845 ἀλλὰ

2107 2881 2496 2956 μυστηριωδῶς
2551 2881 2732 2952 μόνον,
2764 2881 2859 2935 καὶ
2911 2882 2998 2936 διὰ
3050 2881 3208 2936 τοῦτο
3265 2883 3366 2936 οὐκ
3427 2883 3581 2937 ἔστιν
3627 2885 3690 2937 ἐν

2104 2979 2241 3047 αὐτῇ
2276 2976 2526 3044 καθάπερ
2567 2973 2948 3044 ὲσκηνωμένον
2986 2973 3043 3026 έν
3091 2991 3195 3027 τινι
3221 2974 3404 3042 τόπῳ·
3434 2976 3549 3029 οὐδ’
3575 2977 3685 3029 ὑπὸ

2104 3073 2224 3132 ταῖς
2255 3070 2414 3132 ἰδίαις
2443 3070 2563 3131 ταῖς
2591 3067 2686 3120 τοῦ
2715 3065 2975 3136 ἀληθινοῦ
3004 3064 3259 3135 σώματος
3303 3066 3684 3130 διαστάσεσιν,

431 3182 541 3236 νοτὶ
573 3173 825 3245 corporis
872 3163 1330 3224 diuiensionibus,
1361 3159 1454 3215 sed
1499 3158 1600 3212 sub
1638 3155 1810 3213 solius
1843 3155 2003 3226 panis

2111 3162 2223 3216 ἀλλ’
2259 3161 2362 3214 ὑπὸ
2409 3162 2524 3223 ταῖς
2577 3158 2670 3212 τοῦ
2705 3157 2872 3228 ἄρτου
2921 3157 3241 3212 διαστάσεσι
3284 3159 3517 3227 μόναιςο
3562 3159 3690 3214 ὅθεν

431 3266 868 3326 dimensionihus
907 3276 921 3312 :
977 3255 1122 3311 unde
1167 3250 1608 3322 quandoquidem
1669 3249 1830 3320 panis
1869 3248 2000 3303 sub-

439 3371 640 3420 stantia
666 3351 964 3412 secundum
1015 3347 1276 3417 seipsam,
1309 3352 1364 3399 et
1398 3353 1671 3416 quatenus
1701 3339 2003 3398 substantia

437 3466 542 3512 est.
572 3455 755 3507 locum
808 3459 905 3498 nec
957 3445 1192 3507 occupat
1227 3450 1326 3491 nec
1370 3435 1559 3505 exigit,
1587 3434 1692 3489 nisi
1736 3440 2001 3502 quantum

437 3549 623 3602 subest
653 3537 900 3608 corporis
926 3528 1383 3590 dimensionibus,
1425 3526 1679 3596 sequitur
1711 3526 1764 3578 in
1790 3523 1894 3578 hoc
1918 3537 2006 3578 sa-

435 3643 716 3692 cramento
738 3625 943 3685 Christi
973 3635 1172 3691 corpus
1217 3633 1325 3673 non
1367 3617 1605 3684 exigere,
1643 3628 1820 3685 neque
1845 3628 2008 3668 occu-

443 3747 571 3805 pare
604 3725 921 3794 ampliorem
961 3720 1166 3781 locum,
1190 3729 1353 3785 quam
1388 3723 1652 3783 quantum
1700 3712 1920 3782 exigunt
1955 3717 2011 3765 et

443 3796 714 3890 i-ccttpattt
759 3811 1130 3865 dimensiones
1155 3803 1335 3874 panis,
1385 3801 1486 3857 sub
1519 3801 1720 3870 quibus
1763 3796 2010 3866 corporis

443 3909 748 3971 substantia
773 3903 987 3972 tegitur.
1015 3897 1139 3952 istis
1176 3905 1355 3950 autem
1398 3893 1668 3962 denegare
1703 3891 1860 3946 [idem
1901 3903 2010 3944 non

443 4009 681 4074 oportet,
712 4011 834 4051 cum
869 3992 970 4046 alia
1005 3987 1175 4044 multa
1205 3986 1259 4040 in
1289 4000 1471 4040 rerum
1505 3992 1700 4039 natura
1731 3980 1861 4046 siut,
1890 3993 2015 4051 qua}

442 4073 692 4153 eamdem
728 4101 893 4160 prope
932 4081 1116 4138 statim
1144 4076 1431 4134 dubitandi
1455 4090 1678 4132 causam
1713 4073 2012 4146 praebeant.

443 4189 690 4245 lluuiana
712 4180 854 4234 enim
880 4176 1060 4230 anima
1087 4181 1197 4226 tota
1225 4178 1311 4225 est
1336 4170 1387 4224 in
1419 4178 1532 4224 toto
1549 4183 1800 4240 corpore,
1825 4178 1879 4224 et
1898 4173 2014 4222 tota

448 4286 502 4334 iu
540 4276 771 4346 singulis
801 4269 1050 4341 partibus
1087 4262 1358 4332 corporis,
1396 4263 1751 4330 eamdemque
1787 4259 1840 4314 in
1862 4266 2016 4328 parte

444 4371 588 4424 etin
634 4366 848 4434 reliquo
879 4375 1108 4431 corpore
1170 4367 1422 4411 naturam
1477 4353 1676 4408 habet:
1717 4366 1902 4421 parem
1945 4352 2016 4406 ita

401 4477 406 4484 '
449 4456 879 4528 magnitudinem
920 4455 1084 4508 habet
1129 4450 1183 4503 in
1218 4447 1444 4503 infantis
1479 4456 1646 4515 atque
1679 4443 1736 4498 in
1780 4444 2016 4516 gigantis

2113 3257 2342 3324 ἐπείπερ
2375 3255 2404 3322 ἡ
2437 3253 2594 3307 οὐσία
2628 3252 2753 3305 καθ’
2779 3251 2950 3322 αὐτὴν
2979 3251 3074 3305 καὶ
3099 3250 3221 3306 καθ’
3253 3252 3280 3304 ὅ
3312 3253 3466 3305 ἐστιν
3499 3251 3686 3317 οὖσεα,

2113 3351 2170 3403 οὖ
2209 3347 2426 3417 κατέχει
2451 3349 2616 3399 τόπον
2645 3345 2767 3398 οὐδὲ
2801 3346 2978 3416 ζητεῖ.
2999 3347 3048 3398 εἰ
3075 3347 3148 3415 μὴ
3176 3345 3408 3398 καθόσον
3441 3347 3560 3401 ἐστὶ
3583 3347 3694 3401 ὑπὸ

2111 3444 2230 3505 ταῖς
2282 3441 2595 3495 διαστάσεσι
2638 3439 2732 3493 τοῦ
2787 3439 3061 3510 σώματος,
3095 3441 3366 3507 ἑπόμενον
3413 3441 3570 3494 ἐστιν
3601 3441 3693 3495 ιν-

2113 3533 2286 3586 ταῦθα
2315 3535 2371 3585 έν
2404 3533 2576 3598 τούτῳ
2600 3530 2678 3601 τῷ
2716 3532 3004 3601 μυστηρίῳ
3036 3532 3095 3584 τ’)
3123 3531 3217 3585 τοῦ
3255 3532 3494 3598 Χριστοῦ
3527 3533 3692 3603 σῶμα

2115 3626 2193 3697 μὴ
2228 3625 2428 3697 ζητεῖν⁹
2465 3623 2598 3692 μηδὲ
2656 3622 2910 3692 κατέχειν
2961 3622 3184 3676 πλείονα
3237 3625 3405 3677 τόπον
3460 3624 3491 3695 ἢ
3559 3625 3687 3680 ὅσον

2116 3716 2339 3787 ζητοῦσι
2395 3717 2491 3768 καὶ
2529 3713 2854 3783 κατέχουσιν
2903 3715 2959 3766 αί
3000 3713 3313 3778 διαστάσεις
3364 3716 3456 3768 τοῦ
3504 3717 3694 3785 ἄρτου,

2117 3809 2207 3876 ὑφ’
2259 3802 2346 3870 αἷς
2394 3809 2426 3877 ἡ
2485 3805 2578 3859 τοῦ
2611 3805 2868 3874 σώματος
2916 3807 3076 3860 οὐσία
3116 3807 3474 3862 καλύπτεται.
3507 3812 3696 3864 Δια-πι-

2120 3901 2264 3954 στεϊν
2291 3899 2350 3952 δὲ
2403 3899 2530 3969 περὶ
2572 3896 2763 3966 τούτου
2793 3898 2854 3950 οὑ
2901 3899 3028 3970 χρὴ,
3063 3898 3279 3952 πολλῶν
3312 3899 3490 3954 ἄλλων
3541 3903 3599 3955 ὲν
3629 3907 3695 3976 τῇ

2120 3994 2280 4064 φύσει
2313 3992 2652 4065 πραγμάτων
2678 3992 2778 4064 τὴν
2807 3992 2977 4063 αὐτὴν
3035 3993 3224 4064 σχεδὸν
3269 3995 3506 4066 ἀπορίαν
3555 4014 3697 4066 προ-

2121 4089 2469 4158 ϐαλλομένων
2491 4104 2504 4118 ·
2542 4089 2574 4158 ἡ
2622 4085 2732 4156 γὰρ
2766 4079 3084 4158 ἀνθρωπίνη
3130 4086 3281 4158 ψυχὴ
3312 4088 3408 4159 ὅλη
3451 4090 3600 4142 ἐστὶ)
3633 4094 3700 4145 ἐν

2121 4182 2226 4251 ὅλῳ
2256 4180 2332 4250 τῷ
2364 4180 2595 4249 σώματι,
2621 4181 2713 4232 καὶ
2746 4179 2845 4249 ὅλη
2892 4180 2947 4232 ἐν
2981 4179 3196 4248 ἑκάστῳ
3219 4180 3330 4233 τῶν
3369 4181 3574 4251 μορίων
3602 4184 3698 4238 τοῦ

2126 4274 2397 4342 σώματος,
2431 4271 2524 4325 καὶ
2556 4271 2655 4342 τὴν
2701 4271 2870 4341 αὐτὴν
2904 4269 2963 4324 ἐν
3011 4287 3071 4324 τε
3111 4271 3190 4342 τῷ
3245 4272 3420 4343 μορίῳ
3476 4275 3570 4328 καὶ
3619 4275 3700 4346 τῷ

2123 4362 2296 4432 λοιπῷ
2327 4361 2541 4431 σώματι
2575 4359 2736 4429 φύσιν
2771 4357 2908 4428 ἔχει,
2941 4359 3036 4414 καὶ
3067 4358 3241 4422 οὕτως
3288 4359 3402 4430 ἔχει
3435 4360 3702 4430 μεγέθους

2127 4455 2184 4507 ἐν
2220 4453 2300 4523 τῷ
2339 4451 2520 4523 νηπίῳ
2563 4451 2642 4516 ὡς
2694 4451 2754 4504 ιν
2784 4449 2863 4522 τῷ
2887 4449 2982 4505 τοῦ
3017 4451 3274 4519 γίγαντος
3307 4451 3542 4520 σώματι.
3579 4454 3702 4506 Εῐτε

411 4544 419 4568 ²
448 4564 705 4620 corpore.
757 4545 1038 4615 Siquidem
1074 4556 1206 4596 vero
1236 4539 1431 4592 animae
1463 4537 1699 4606 aliquam
1747 4535 2003 4604 magnitu.

2124 4547 2206 4600 δεῖ
2257 4561 2311 4598 τι
2361 4543 2542 4614 ψυχῆς
2598 4541 2828 4612 μέγεθος
2877 4543 3138 4605 ἐπινοεῖν.
3172 4542 3267 4596 καὶ
3321 4542 3410 4596 διὰ
3457 4544 3556 4613 τὴν
3606 4542 3702 4598 τοῦ

412 4643 634 4696 :tiinem
669 4635 964 4706 imaginari
1011 4628 1253 4702 oportet,
1284 4637 1466 4684 tamen
1523 4643 1616 4698 per
1653 4624 2017 4681 accretionem

410 4709 422 4791 ί
453 4747 543 4788 aut
575 4731 993 4786 diminutionem
1035 4723 1306 4792 corporis,
1339 4731 1432 4774 aut
1469 4718 1825 4774 resectionem
1853 4730 2025 4770 mem-

385 4808 416 4857 "
452 4827 537 4882 bri
570 4821 820 4891 alicujus,
855 4833 1030 4887 neque
1073 4813 1466 4878 accretionem,
1497 4825 1674 4880 neque
1703 4808 2022 4865 diminutio-

454 4935 601 4980 nem,
643 4929 816 4982 neque
852 4909 1210 4964 resectionem
1258 4905 1422 4960 ullam
1461 4904 1642 4957 anima
1679 4900 1936 4956 sustinet.
1968 4900 2026 4955 ld

452 5027 584 5068 vero
616 5009 744 5063 licet
786 5001 1132 5060 verissimum
1184 4998 1277 5065 sit,
1311 4997 1676 5066 omnibuSQue
1707 4995 2023 5050 Graecorum

455 5102 795 5178 sapientibus
838 5098 1118 5167 sacrisque
1143 5091 1458 5149 doctoribus
1494 5091 1568 5144 ita
1621 5091 1799 5144 visum
1839 5086 2028 5150 fuerit,

453 5202 601 5256 clare
643 5205 824 5250 tamen
853 5201 905 5246 et
933 5187 1228 5261 perspicue
1258 5200 1367 5240 non
1417 5184 1567 5239 venit
1603 5184 1656 5236 in
1687 5188 1925 5235 mentem
1973 5187 2029 5232 ut

455 5294 682 5346 aliorum
727 5283 1151 5354 intelligibilium
1186 5276 1473 5333 manifesta
1503 5289 1737 5345 quasque
1760 5287 1814 5328 et
1839 5273 2026 5326 obvia.

453 5383 739 5452 Quomodo
755 5382 918 5435 etiam
947 5376 1116 5430 turris
1138 5372 1222 5428 vel
1245 5369 1444 5426 montis
1462 5366 1886 5435 magnitudinem
1909 5363 2028 5418 visu

455 5479 729 5538 metimur,
759 5473 815 5526 in
848 5469 1006 5525 oculo
1031 5480 1198 5537 parvo
1223 5463 1348 5519 talis
1369 5457 1757 5531 magnitudinis
1786 5456 2022 5524 speciem

458 5571 776 5636 impressam
806 5560 1065 5618 ferentes?
1115 5556 1212 5611 Est
1239 5553 1386 5611 enim
1421 5552 1581 5620 quasi
1618 5553 1675 5606 in
1728 5551 1912 5605 anima
1945 5550 2028 5604 in-

457 5656 812 5726 telligihiliter
833 5652 1046 5722 species
1085 5647 1277 5714 turris,
1305 5655 1360 5702 et
1399 5660 1525 5699 eum
1561 5641 1858 5697 inaterialis
1879 5641 1951 5696 sit
1975 5641 2030 5695 in

459 5749 660 5815 s--ipsa,
708 5748 780 5798 ita
824 5741 1178 5813 spiritualiter
1207 5747 1294 5805 est
1324 5739 1378 5790 in
1423 5737 1612 5801 oculo,
1659 5744 1714 5790 et
1761 5751 1854 5803 per
1892 5736 2032 5788 hanc

463 5839 798 5907 spiritualcin
833 5835 1092 5906 Speciem,
1120 5828 1412 5885 exterioris
1445 5827 1843 5897 magnitudinis
1867 5843 2028 5881 coui-

2130 4638 2380 4708 σώματος
2431 4634 2662 4706 αὔξησίν
2697 4651 2759 4688 τε
2810 4635 2908 4688 καὶ
2956 4635 3265 4706 μείωσιν,ἢ
3318 4635 3519 4706 μέλους
3559 4637 3704 4700 τινος

2127 4728 2390 4800 ἐκκοπὴν,
2438 4725 2565 4782 οὔτε
2605 4726 2835 4799 αὔξησιν
2884 4725 3009 4780 οὗτε
3065 4730 3313 4796 μείωσιν,
3361 4726 3486 4780 οὗτε
3528 4729 3706 4797 τομήν

2128 4838 2249 4874 τινα
2278 4823 2372 4874 καὶ
2415 4821 2448 4890 ἡ
2504 4819 2649 4890 ψυχὴ
2685 4819 3095 4887 συνεφίσταται.
3137 4817 3334 4872 Καίτοι
3369 4817 3533 4873 τοῦτο
3572 4819 3705 4888 ἁλη-

2130 4911 2389 4964 θέστατον
2427 4909 2509 4973 ὃν,
2547 4909 2653 4978 ,καὶ
2702 4911 2836 4962 πᾶσι
2870 4909 2972 4978 μὲν
3012 4907 3281 4978 Ἐλλήνων
3330 4911 3536 4977 σοφοῖς,
3570 4910 3706 4963 πᾶσι

2129 5002 2184 5054 δὲ
2220 5003 2328 5061 τοῖς
2365 5002 2530 5072 ἱεροῖς
2553 5000 2897 5063 διδασκάλοις
2927 4998 3071 5052 οῦτω
3107 4999 3500 5070 φρονούμενον,
3537 5001 3708 5054 καθα-

2133 5093 2241 5164 ρῶς
2291 5093 2443 5162 ὅμως
2495 5093 2594 5164 οὐχ
2650 5093 2947 5145 ὑποπίπτει
2999 5091 3075 5162 τῷ
3138 5093 3236 5161 νῷ,
3292 5095 3547 5162 καθάπερ
3602 5097 3711 5145 τῶν

2132 5185 2306 5239 ἄλλων
2355 5185 2562 5254 γοήτων
2604 5183 2672 5238 τὰ
2703 5185 2912 5253 φανερά
2945 5202 3006 5237 τε
3050 5185 3145 5237 καὶ
3177 5185 3464 5254 πρόχειρα.
3499 5184 3617 5246 Πῶς
3655 5185 3710 5238 δὲ

2134 5279 2227 5331 καὶ
2281 5277 2491 5347 πύργου
2531 5277 2826 5348 μέγεθοςῆ
2877 5277 3036 5346 ὄρους
3084 5279 3151 5347 τῇ
3197 5276 3321 5346 ὄψει
3370 5275 3710 5346 μετροῦμεν,

2133 5373 2400 5443 ἐλαχίστῳ
2448 5373 2525 5443 τῷ
2565 5370 2830 5442 ὀφθαλμῷ
2884 5370 3208 5440 τηλικούτου
3255 5371 3523 5440 μεγέθους
3568 5365 3712 5432 εἶδος

2135 5465 2499 5534 ὲμφέροντες;
2533 5465 2691 5518 Ἔστι
2741 5465 2846 5532 γὰρ
2891 5462 2967 5526 ὼς
3011 5464 3069 5515 ἐν
3104 5464 3168 5534 τῇ
3223 5463 3371 5532 ψυχῇ
3405 5465 3610 5532 νοητῶς
3653 5462 3714 5514 τὸ

2136 5557 2275 5619 εἶδος
2310 5556 2403 5610 τοῦ
2437 5558 2672 5628 πύργου,
2713 5559 2806 5611 καὶ
2835 5556 3040 5620 ὑλικῶς
3071 5559 3129 5610 ὲν
3161 5555 3331 5625 αὐτῷ,
3367 5556 3510 5610 οὕτω
3549 5573 3713 5608 πνευ-

2139 5651 2385 5719 ματικῶς
2424 5651 2481 5700 ὲν
2516 5649 2594 5718 τῷ
2649 5648 2936 5719 ὀφθαλμῷ,
2973 5649 3068 5702 καὶ
3118 5649 3292 5718 τούτῳ
3335 5648 3412 5716 τῷ
3468 5665 3714 5716 πνευμα-

2137 5738 2274 5808 τικῷ
2310 5739 2440 5792 εἴδει
2471 5739 2569 5810 τὴν
2597 5739 2688 5792 τοῦ
2724 5740 2827 5803 ἔξω
2858 5741 3126 5808 μεγέθους
3157 5739 3459 5809 ποιούμεθα
3487 5737 3716 5810 σύγκρι-

2143 5833 2370 5895 σιν.ἰ“ίς
2415 5830 2571 5900 λόγος
2629 5832 2977 5886 ἀποδίδοσθαι
3033 5831 3127 5885 τοῦ
3180 5830 3423 5885 τοιούτου
3465 5829 3711 5894 δύναται,
