4038 6438
404 377 510 439 3m
582 331 599 340 ’

1473 380 1853 441 GENNADII
1900 381 2005 440 (ΣΡ.
2058 383 2573 444 ΡΛΤΠΙΑΠΕΗᾸΞ

3569 375 3679 442 368

403 497 614 543 tantem
641 489 1049 542 conﬁrmamus.
1071 487 1244 546 Omne
1268 478 1538 560 siquide'm
1582 509 1781 560 corpus
1813 494 1985 548 exsis-

2098 497 2186 548 καὶ
2212 496 2390 564 λόγοις
2432 496 2531 565 τὴν
2583 494 2676 548 τοῦ
2710 494 2800 547 νοῦ
2855 494 3147 548 δυσκολία-ι
3180 492 3672 566 παραμυθούμεθα·

401 588 525 634 tens
555 579 795 649 quodam
851 580 904 632 in
959 579 1099 646 loco,
1169 582 1344 650 ipsum
1394 585 1615 652 quidem
1653 593 1826 640 totum
1889 586 1986 639 toti

404 679 883 724 commensuratur
913 672 1056 737 loco,
1094 681 1147 726 et
1184 680 1368 743 partes
1417 676 1564 730 illius
1607 677 1854 745 partitus
1883 677 1985 731 loci

405 764 807 829 attribuuntur,
838 772 891 819 et
915 766 1190 821 mediante
1269 768 1486 839 prppria
1547 771 1852 837 quantitate
1904 780 1989 824 est

404 854 458 907 in
487 855 629 910 loco.
649 854 784 909 Nam
839 857 1033 912 essein
1089 857 1231 921 loco,
1290 859 1586 928 quantitati
1619 860 1836 930 proprie
1857 874 1987 914 con-

405 949 576 1014 venit,
604 957 1012 1018 consequenter
1049 949 1214 1004 etiam
1245 951 1568 1007 substantia!
1619 953 1779 1022 cujus
1799 961 1882 1008 est
1899 969 1990 1008 ea-

406 1042 533 1094 dem
565 1041 870 1109 quantitas.
907 1039 1086 1110 Atque
1116 1040 1242 1097 inde
1262 1042 1467 1097 accidit
1511 1058 1712 1113 corpus
1762 1044 1875 1100 illic
1897 1060 1989 1100 so-

410 1137 522 1189 lum
542 1148 690 1200 esse,
715 1135 805 1188 ubi
825 1135 1108 1204 quantitas
1143 1134 1267 1206 ejus
1290 1143 1346 1191 et
1371 1136 1746 1193 dimensiones
1784 1138 1990 1206 reperi-

410 1227 968 1296 untur.lmpossibile
995 1228 1251 1283 estenim
1315 1229 1564 1284 eamdem
1623 1230 1987 1300 quantitatem

411 1319 664 1387 pluribus
698 1319 862 1374 simul
882 1320 1318 1376 commensurari
1345 1321 1502 1376 locis.
1527 1320 1585 1376 In
1632 1335 1864 1393 corpore
1890 1337 1988 1377 au-

408 1420 515 1464 tem
541 1410 743 1466 Christi
780 1425 867 1466 res
885 1426 994 1466 non
1019 1411 1093 1466 ita
1121 1427 1180 1467 se
1203 1412 1364 1467 habet
1413 1429 1428 1468 :
1481 1412 1700 1470 exsistit
1729 1415 1876 1468 enim
1932 1416 1988 1470 in

409 1501 553 1566 loco,
585 1502 863 1558 mediante
889 1517 952 1558 ea
985 1504 1297 1574 quantitate
1329 1520 1451 1575 quae
1506 1507 1634 1576 pani
1671 1507 1826 1576 prius
1865 1507 1988 1563 inec

413 1601 521 1646 rat.
551 1591 608 1646 Si
627 1607 760 1648 vero
808 1601 864 1650 et
890 1593 1112 1664 propria
1149 1598 1431 1664 quantitas
1465 1598 1810 1652 sanctissimi
1867 1614 1988 1654 cor-

405 1681 562 1751 poris
604 1682 1045 1754 inseparabiliter
1075 1685 1179 1756 ipsi
1239 1686 1548 1750 coexsistit,
1587 1695 1990 1758 consequenter

409 1791 544 1832 sane
564 1784 618 1832 et
635 1777 909 1834 mediante
932 1778 1263 1844 substantia,
1283 1796 1406 1852 quae
1427 1782 1546 1836 sine
1563 1783 1784 1852 propria
1811 1797 1988 1853 quan-

411 1867 571 1922 titate
601 1866 911 1926 subsistere
940 1885 1051 1925 non
1075 1871 1436 1941 potest.’Cum
1466 1873 1632 1942 igitur
1653 1874 1790 1929 nihil
1818 1875 1989 1945 impe-

413 1958 529 2014 diat
565 1959 870 2030 quominus
894 1962 1082 2018 multas
1114 1964 1452 2033 quantitates
1482 1980 1685 2036 pan-unt
1720 1967 1990 2023 exsistant

411 2051 466 2106 in
497 2052 994 2118 multisaltaribus,
1030 2055 1157 2110 inde
1206 2056 1480 2112 acciditet
1541 2058 1750 2114 Christi
1787 2074 1989 2128 corpus

412 2159 582 2199 unum
605 2161 836 2202 numero
865 2147 919 2202 in
944 2147 1132 2202 multis
1158 2148 1430 2206 exsistetts
1453 2149 1851 2220 quantitatibus
1881 2167 1988 2206 non

417 2239 684 2310 propriis,
713 2239 824 2297 illis
843 2240 1295 2297 mediantibusin
1337 2243 1524 2297 multis
1568 2243 1793 2314 reperiri
1828 2244 1988 2300 locis.

411 2335 526 2388 lloc
556 2333 1008 2404 etiamexemplis
1032 2335 1368 2391 conﬁrmare
1414 2335 1545 2390 licet
1595 2335 1793 2391 animas
1859 2352 1994 2392 nos-

411 2435 530 2492 trae,
580 2441 727 2496 quae,
774 2441 898 2481 cum
920 2443 1028 2499 per
1054 2442 1114 2484 se
1137 2443 1245 2484 non
1272 2428 1473 2485 habeat
1501 2428 1859 2500 quantitatem
1882 2444 1991 2500 qua

407 2528 884 2576 commcnsuretur
903 2520 1207 2577 continenti
1225 2535 1286 2579 se
1306 2520 1542 2590 corpori,
1563 2527 1675 2576 tota
1696 2529 1780 2577 est
1800 2520 1854 2575 in
1878 2529 1991 2576 toto

415 2625 470 2669 et
515 2615 746 2684 singulis
779 2615 1028 2684 corporis
1075 2615 1348 2686 partibus.
1371 2613 1511 2670 Tum
1537 2613 1701 2670 etiam
1718 2613 1992 2672 sermonis

406 2709 685 2779 exemplo,
707 2709 797 2778 qui
819 2711 933 2778 ipse
959 2718 1014 2764 et
1037 2723 1185 2765 unus
1203 2716 1639 2779 numero'potest
1656 2708 1886 2766 interius
1904 2723 1992 2764 es-

413 2816 496 2867 se,
526 2799 658 2867 dici,
686 2801 868 2856 audiri
896 2810 950 2856 et
985 2801 1191 2858 scribi:
1231 2801 1413 2858 dictus
1444 2817 1575 2858 vero
1596 2801 1712 2857 sive
1751 2817 1991 2874 pronun-

409 2893 603 2960 tiatus,
659 2892 776 2962 ipse
797 2893 961 2948 etiam
986 2908 1015 2946 a
1039 2893 1230 2950 multis
1247 2894 1410 2948 simul
1443 2893 1633 2949 auditu
1661 2893 1985 2964 percipitur.

400 2983 681 3040 Praeterea
711 2985 964 3055 exemplo
988 2983 1142 3052 Solis,
1172 2987 1331 3056 cujus
1389 2987 1575 3042 lumen
1631 2995 1787 3042 extra
1823 2995 1879 3042 et
1911 2986 1994 3041 in-

415 3077 741 3132 tradomum
771 3077 1017 3132 illustrat
1071 3087 1241 3149 etper
1271 3079 1472 3134 vitrum
1534 3087 1848 3150 penetrans,
1910 3079 1996 3134 in-

2101 587 2284 642 ’Λπαν
2335 588 2435 659 μὲν
2469 589 2579 659 γὰρ
2615 588 2774 658 σῶμα
2818 589 3086 662 τυγχάνον
3123 585 3180 640 ἓν
3203 604 3312 641 τινι
3338 587 3510 658 τόπῳ,
3544 588 3680 642 αὐτό

2095 694 2153 730 τε
2191 679 2311 732 ὅλον
2358 679 2466 748 ὅλῳ
2514 681 2914 750 συμμετρεῖται
2948 679 3025 750 τῷ
3069 679 3243 750 τόπῳ,
3284 680 3379 734 καὶ
3407 679 3476 732 τὰ
3510 679 3678 749 μόρια

2094 770 2286 824 τούτου
2346 774 2459 835 τοῖς
2505 773 2601 826 τοῦ
2665 774 2830 826 τόπου
2897 774 3124 844 μέρεσιν
3180 772 3518 836 ἀποδίδοται,
3576 771 3676 825 καὶ

2097 865 2498 936 μεσιτευούσης
2521 865 2623 934 τῆς
2654 866 2788 928 ἰδίας
2817 865 3112 936 ποσότητός
3143 863 3292 916 ἑστιν
3320 865 3379 916 ἑν
3400 861 3480 933 τῷ
3505 863 3678 933 τόπῳ.

2095 957 2169 1010 Τὸ
2198 958 2306 1028 γὰρ
2339 959 2396 1010 ἑν
2424 959 2576 1028 τόπῳ
2599 953 2740 1012 εἶναι
2762 961 2826 1028 τῇ
2853 958 3113 1026 ποσότητι
3147 957 3351 1026 κυρίως
3377 957 3676 1024 προσήκειο

2095 1051 2382 1120 ἑπομένως
2419 1050 2477 1104 δὲ
2518 1052 2609 1104 καὶ
2657 1053 2722 1120 τῇ
2756 1050 2936 1118 οὐσία,
2965 1043 3034 1118 ἧς
3086 1050 3118 1117 ἡ
3153 1047 3379 1117 τοιαύτη
3433 1048 3679 1114 ποσότης

2094 1141 2581 1197 ἑστί.Κάντεῦθεν
2645 1141 2938 1210 συμϐαίνει
3000 1140 3061 1194 τὸ
3127 1141 3286 1210 σῶμα
3343 1139 3460 1192 ἐκεῖ
3514 1139 3680 1209 μόνον

2095 1231 2256 1302 εἶναι,
2307 1235 2445 1290 ὅπου
2499 1235 2532 1305 ἡ
2586 1234 2824 1302 πσσότης
2880 1231 3048 1288 αὐτοῦ
3101 1235 3194 1287 καὶ
3241 1233 3300 1285 al.
3357 1230 3679 1292 διαστάσεις

2095 1329 2466 1398 εὑρίσκονται.
2535 1326 2825 1380 Ἀδύνατον
2881 1324 2939 1378 δὲ
2997 1322 3100 1394 τὴν
3165 1323 3340 1393 αὐτὴν
3401 1322 3679 1388 ποσότητα

2095 1420 2307 1473 πλείοσι
2363 1417 2801 1489 συμμετρεῖσθαι
2853 1416 3044 1478 τόποις
3095 1415 3257 1485 ὁμοῦ.
3297 1415 3422 1468 Ἐπὶ
3468 1415 3526 1467 δὲ
3581 1414 3679 1466 soi

2095 1511 2354 1584 σώματος
2375 1511 2470 1565 τοῦ
2508 1509 2750 1582 Χριστοῦ
2792 1510 2892 1580 οὐχ
2922 1508 3096 1571 οὕτως
3128 1509 3242 1578 ἔχει
3268 1524 3283 1539 ·
3319 1507 3436 1561 ἑστι
3478 1507 3588 1576 γὰρ
3621 1507 3682 1559 ἑν

2092 1609 2245 1678 τόπῳ
2293 1605 2693 1677 μεσιτευούσης
2738 1603 2838 1674 τῆς
2893 1602 3220 1674 ποσότητος,
3251 1602 3348 1654 καὶ
3405 1600 3681 1670 πρότερον

2095 1699 2518 1770 ἐνυπαρχούσης
2547 1698 2624 1768 τῷ
2657 1697 2829 1767 ἀρτῳ.
2877 1696 2942 1750 El
2976 1695 3032 1748 δὲ
3066 1695 3162 1749 καὶ
3210 1695 3245 1764 ἠ
3295 1693 3402 1747 ίδία
3440 1693 3680 1761 ποσότης

2094 1791 2189 1845 τοῦ
2237 1788 2508 1858 παναγίου
2563 1787 2821 1858 σώματος
2854 1786 3180 1857 ἀχωρίστως
3213 1783 3364 1851 αὐτῷ
3405 1782 3677 1847 σύνεστιν,

2093 1883 2210 1938 ἀλλ’
2240 1881 2522 1952 ἑπομένως
2566 1880 2663 1932 καὶ
2706 1878 2804 1948 τῆς
2855 1877 3045 1940 οὐσίας
3086 1875 3503 1945 μεσιτευούσης,
3553 1875 3680 1945 ἥτις

2091 1977 2223 2032 ἀνευ
2259 1974 2392 2038 ίδίας
2437 1973 2742 2043 ποσότητος
2772 1969 3076 2040 ὑφεστάναι
3125 1969 3187 2021 οὐ
3239 1967 3492 2021 δύναται.
3523 1965 3683 2020 Ἐπεὶ

2091 2068 2272 2120 τοίνυν
2301 2065 2455 2120 οὐδὲν
2494 2063 2696 2117 κωλύει
2729 2060 2931 2124 πολλὰς
2964 2054 3105 2112 εἶναι
3142 2058 3448 2128 ποσότητας
3495 2056 3680 2127 ἀρτων

2092 2162 2152 2213 ἑν
2201 2158 2417 2222 πολλοῖς
2468 2155 2906 2226 θυσιαστηρίοις,
2939 2151 3196 2206 ἐντεῦθεν
3242 2149 3532 2220 συμϐαίνει
3584 2151 3684 2203 καὶ

2092 2253 2152 2306 τὸ
2179 2250 2274 2304 τοῦ
2307 2248 2549 2320 Χριστοῦ
2596 2247 2760 2318 σῶμα
2804 2245 2866 2299 τὸ
2905 2246 3069 2300 αὑτὸν
3096 2242 3318 2314 ἀριθμῷ
3352 2245 3408 2296 ἑν
3433 2242 3681 2296 πλείοσιν

2051 2364 2063 2383 κ
2094 2344 2344 2416 ὑπάρχον
2392 2341 2693 2411 ποσότησιν
2741 2339 2843 2393 οὐκ
2875 2338 3057 2402 ίδίαις,
3100 2336 3309 2391 τούτοιν
3359 2352 3684 2405 μεσιτευου-

2096 2438 2206 2492 σῶν
2237 2438 2296 2491 ἐν
2347 2435 2565 2497 πολλοῖς
2603 2432 2961 2502 εὑρίσκεσθαι
3016 2430 3228 2493 τόποις.
3255 2426 3465 2482 Τούτου
3495 2427 3552 2480 δὲ
3581 2428 3682 2480 καὶ

2093 2527 2507 2602 παραδείγμασι
2543 2524 2769 2579 δυνατόν
2797 2524 2915 2576 ἑστι
2949 2521 3188 2594 χρῆσθαι
3213 2536 3226 2550 ·
3257 2523 3322 2590 τῇ
3348 2519 3405 2572 δὲ
3432 2518 3682 2590 ἡμετέρᾳ

2093 2624 2266 2694 ψυχῇ,
2297 2622 2424 2692 ἥτις
2468 2618 2559 2673 διὰ
2587 2617 2650 2673 τὺ
2683 2617 2758 2688 μὴ
2786 2616 2931 2687 ἔχειν
2970 2615 3245 2684 ποσότητα
3283 2611 3410 2666 καθ’
3435 2611 3609 2679 αὐτὴν

2097 2713 2472 2786 συμμετροῖτο
2510 2710 2578 2766 ἂν
2626 2709 2705 2781 τῷ
2736 2709 3049 2778 περιέχοντι
3085 2705 3323 2774 σώματι,
3353 2705 3451 2773 ὅλη
3478 2704 3575 2757 καί⁵
3617 2703 3679 2756 ἐν

2094 2810 2203 2879 ὅλῳ
2254 2807 2351 2860 καὶ
2401 2807 2458 2859 ἑν
2507 2804 2726 2871 ἑκάστῳ
2781 2801 2956 2871 μορίῳ
3002 2799 3097 2853 τοῦ
3137 2797 3391 2867 σώματος
3440 2795 3678 2864 πέφυκε.

2094 2901 2206 2956 Καὶ
2237 2902 2318 2955 ἔτι
2345 2898 2424 2971 τῷ
2467 2898 2633 2968 λόγῳ,
2658 2897 2719 2957 ὃς
2772 2897 2800 2948 ό
2849 2893 3012 2956 αὐτὸς
3056 2891 3152 2946 καὶ
3197 2885 3278 2954 εἷς
3310 2888 3558 2960 ἀριθμῷ,
3586 2889 3684 2943 καὶ

2095 2992 2405 3056 ἐνδιάθετος
2445 2985 2586 3044 εἷναι
2614 2987 2864 3054 δύναται,
2897 2984 2991 3039 καλ.
3021 2982 3340 3052 λεγόμενος,
3360 2981 3457 3034 καὶ
3484 2978 3685 3032 ἀκουό-

2097 3101 2261 3156 μενος
2289 3084 2384 3136 καὶ
2412 3081 2763 3153 γραφόμενος
2793 3095 2807 3109 ⁶
2833 3078 2930 3132 καὶ
2968 3076 2996 3128 ό
3021 3073 3321 3142 λεγόμενος
3345 3070 3402 3125 δὲ
3435 3069 3492 3132 δς
3520 3071 3618 3123 καὶ
3647 3069 3678 3122 ό

403 3169 586 3223 torius
611 3183 730 3222 eam
763 3167 1051 3236 illuminat,
1078 3168 1220 3224 idem
1282 3170 1446 3225 simul
1504 3171 1796 3238 exsistens,
1822 3179 1877 3226 et
1905 3185 1991 3230 ne.

2099 3172 2261 3236 αὐτὸς
2288 3171 2479 3234 ἀκοαῖς
2511 3167 2982 3241 περιλαμϐάνεται
3016 3163 3255 3218 πλείοσι.
3291 3159 3438 3230 Πρδς
3465 3161 3683 3223 τούτοις

408 3276 518 3332 que
543 3276 574 3315 a
607 3261 812 3330 seipso,
848 3276 1006 3316 neea
1046 3261 1161 3318 sole
1186 3273 1524 3334 separatum.
1549 3263 1658 3320 Sed
1698 3275 1751 3321 et
1775 3264 1986 3335 species

2098 3265 2176 3336 τῷ
2201 3263 2294 3318 τοῦ
2317 3263 2470 3335 ἡλίου
2497 3261 2637 3332 φωτὶ
2659 3259 2716 3314 εν
2750 3277 2811 3313 τε
2841 3257 2922 3329 τῷ
2952 3257 3058 3321 ἔξω
3091 3254 3190 3324 τῆς
3220 3251 3398 3315 οἰκίας
3423 3252 3684 3319 διαφανεῖ

407 3356 462 3408 in
498 3355 755 3410 omnibus
783 3361 872 3410 est
900 3353 1354 3424 ct-singularibus
1401 3355 1724 3424 individuis,
1747 3355 1988 3411 ubicun-

409 3463 518 3518 que
551 3447 641 3504 illa
664 3449 797 3512 sint,
827 3464 951 3504 cum
982 3455 1167 3504 tamen
1201 3464 1310 3505 una
1358 3465 1588 3506 numero
1608 3451 1708 3516 sit,

2095 3360 2193 3413 καὶ
2219 3357 2368 3412 ἔνδον
2405 3356 2579 3426 αὐτῆς
2606 3372 2624 3388 ο
2653 3355 2748 3409 καὶ
2782 3356 2841 3407 ὲν
2885 3355 2952 3421 τῇ
2995 3349 3138 3420 ύέλῳ
3188 3348 3246 3401 δὲ
3280 3345 3396 3399 ὄντι
3423 3343 3494 3399 δι’
3525 3339 3593 3415 ἧς
3617 3343 3682 3397 τὸ

2098 3447 2214 3517 φῶς
2267 3448 2418 3503 ἔνδον
2466 3447 2567 3516 τῆς
2613 3445 2804 3508 ὀἰκίας
2847 3441 3110 3512 διαφανὲς
3165 3436 3550 3505 καταλάμπεν
3596 3433 3678 3500 τῷ

412 3540 564 3610 αύτῷ
619 3541 683 3596 δὲ.
729 3540 881 3612 ὅμως
931 3539 1280 3610 τυγχάνοντι,
1314 3541 1408 3594 καὶ
1455 3541 1582 3611 μήθ’
1613 3539 1810 3595 ἑαυτοῦ
1846 3541 1986 3612 μήτε
2015 3538 2112 3594 τοῦ
2150 3539 2300 3611 ἡλίου
2354 3539 2738 3611 χωριζομένῳ.
2789 3536 2956 3591 ’Ἀλλά
2999 3535 3110 3608 μὴν
3156 3534 3251 3590 καὶ
3283 3533 3344 3588 τδ
3405 3528 3546 3597 εἶδος
3619 3531 3681 3583 ἑν

416 3633 586 3690 πᾶσιν
643 3633 757 3687 ἑστι
800 3632 916 3696 τοῖς
963 3629 1119 3696 ίδίοις
1170 3632 1417 3704 ἀτόμοις,
1465 3634 1714 3704 ὅπουπερ
1778 3633 1844 3688 ἂν
1896 3631 1984 3704 εῐη
2020 3630 2215 3697 ταῦτα,
2251 3633 2310 3685 ἓν
2348 3631 2406 3686 ὃν
2439 3631 2679 3702 ἀριθμῷ.

487 3730 673 3786 Multis
713 3727 981 3800 ejusmodi
1055 3728 1326 3800 exemplis
1371 3729 1771 3784 dubitationem
1823 3729 1994 3784 menti

413 3824 662 3881 obortam
703 3821 984 3893 depellere
1038 3835 1338 3892 possumus
1383 3839 1398 3876 :
1445 3836 1633 3876 verum
1682 3820 1882 3876 sufﬁcit
1937 3829 1995 3875 ιιι

411 3916 724 3972 indubitata
784 3912 891 3969 ﬁde
945 3912 1022 3968 ita
1073 3912 1406 3974 sentiamus,
1449 3921 1524 3967 ‘et
1557 3927 1622 3968 ea
1654 3912 1769 3966 sola
1797 3913 1996 3967 conﬁr-

413 4010 568 4074 mati,
621 4005 1001 4077 perfunctorie
1061 4003 1295 4075 reliquis
1343 4003 1672 4074 adjiciamus
1719 4005 1991 4060 animum.

416 4104 593 4176 Hujus
631 4103 777 4162 enim
836 4101 1344 4173 sacramentiquod
1381 4100 1803 4173 supernaturale
1831 4107 1917 4154 est
1940 4103 1994 4153 et

415 4199 755 4270 prodigium,
813 4194 961 4268 quod
1012 4196 1230 4267 reliqua
1273 4195 1461 4250 omnia
1515 4195 1676 4264 longo
1707 4189 1996 4248 intervallo

415 4303 662 4363 superat,
738 4305 991 4362 quaenam
1071 4288 1317 4344 humana
1377 4287 1521 4343 ratio
1585 4285 1736 4341 reddi
1790 4292 1992 4355 potest,

420 4393 518 4437 aut
567 4383 713 4453 quod
785 4380 1092 4451 exemplum
1140 4395 1207 4436 ex
1260 4379 1426 4434 rebus
1482 4376 1830 4431 naturalibus
1897 4373 1993 4428 de-

2129 3750 2136 3757 -
2179 3727 2289 3782 Kal.
2321 3725 2535 3790 πολλοῖς
2562 3725 2832 3790 τοιούτοις
2853 3723 3267 3796 παραδείγμασι
3299 3723 3398 3796 τὴν
3437 3721 3682 3794 ἀπορίαν

2098 3818 2195 3874 τοῦ
2275 3818 2369 3873 νοῦ
2441 3818 2898 3890 παραμυθεῖσθαι
2954 3817 3278 3888 δυνάμεθαο
3343 3815 3465 3871 ἀλλ’
3516 3815 3683 3886 ἀρκεῖ

2101 3913 2242 3986 μετά
2275 3912 2520 3976 πίστεως
2551 3911 2882 3968 ἀδιστάκτου
2915 3909 3078 3965 τοῦτο
3123 3911 3344 3980 φρονεῖν
3377 3909 3476 3963 καὶ
3503 3908 3683 3979 ταύτῃ

2102 4007 2242 4080 μόνῃ
2275 4006 2703 4078 βεδαιουμένους
2733 4004 2904 4059 τᾶλλα
2933 4005 3010 4069 ὼς
3039 4006 3096 4058 ἑν
3122 4003 3388 4074 παρέργῳ
3425 4003 3680 4054 σκοπεῖν.

2109 4100 2422 4171 ’Υπερφυεῖ
2447 4101 2559 4170 γὰρ
2581 4098 2697 4152 ὄντι
2724 4096 2802 4168 τῷ
2832 4096 3123 4170 μυστηρίῳ
3145 4096 3242 4148 καὶ
3266 4092 3543 4164 τεραστίῳ
3569 4093 3683 4144 πᾶν

2102 4196 2327 4250 νικῶντι
2358 4194 2669 4262 τεράστιον.
2717 4189 2804 4254 τίς
2832 4189 2899 4244 ἂν
2933 4185 3230 4257 ἀποδοθείη
3270 4186 3430 4255 λόγος
3471 4183 3688 4254 ἀνθρώ-

2105 4304 2286 4352 πινος,
2327 4288 2362 4357 ἢ
2408 4286 2464 4340 τί
2502 4286 2572 4341 ἂν
2621 4284 2842 4347 οἰκείως
2897 4283 2962 4336 ἑκ
2991 4281 3102 4334 τῶν
3156 4279 3406 4350 φυσικῶν
3436 4279 3686 4349 ὲφαρμου

2106 4382 2263 4452 σθείη
2308 4378 2703 4450 παράδειγμα;
2751 4375 2897 4430 Ἀλλ’
2946 4374 3008 4428 οὐ
3056 4372 3320 4443 δύναμαι,
3374 4371 3531 4441 φησὶ,
3562 4370 3687 4423 πεί-

418 4481 698 4542 sumptum
757 4472 934 4527 eidem
984 4465 1826 4526 convenienteraccommodari
1872 4463 1991 4518 ?At

2103 4474 2334 4528 θεσθαι·
2384 4471 2454 4526 τὰ
2513 4470 2614 4542 μὲν
2667 4467 3094 4540 παραδείγματα
3124 4465 3220 4518 καὶ
3271 4464 3322 4516 ol
3371 4462 3523 4532 λόγοι
3581 4462 3686 4533 τὴν

413 4579 540 4635 ego,
613 4563 855 4631 inquies,
907 4562 1232 4633 persuaderi
1281 4578 1394 4617 non
1439 4576 1664 4632 possunt
1703 4558 1991 4628 :exempla

2108 4564 2298 4618 πίστιν
2340 4560 2837 4635 προῦποτιθέασιν,
2878 4557 2992 4628 ἑγὼ
3021 4558 3078 4611 δὲ
3109 4554 3441 4620 ἀποδείξεως
3467 4553 3684 4624 δέομαι,

418 4657 568 4711 enim
624 4667 679 4710 et
729 4656 973 4711 rationes
1025 4655 1186 4711 fidem
1223 4663 1661 4726 pra-supponunt
1694 4671 1710 4722 ;
1741 4667 1844 4723 ego
1900 4666 1991 4706 au-

2109 4658 2395 4713 πιστεύειν
2425 4655 2484 4710 δὲ
2532 4654 2595 4709 οὐ
2625 4653 2888 4724 δύναμαι.
2939 4650 3102 4705 Ἀλλά
3133 4650 3292 4719 δύνῃ,
3347 4648 3440 4701 ἑάν
3471 4647 3685 4719 ἐθέλῃς,

422 4761 531 4803 tem
561 4748 1033 4803 demonstratione
1061 4747 1284 4818 indigeo
1309 4764 1322 4800 :
1355 4747 1580 4802 credere
1605 4760 1715 4800 non
1746 4757 1991 4814 possum.

2110 4751 2394 4806 πιστεύειν
2413 4767 2426 4782 ·
2459 4748 2646 4812 πίστις
2677 4748 2788 4816 γάρ
2811 4747 2963 4799 ἑστιν
2992 4745 3240 4805 ἑκούσιος
3268 4741 3448 4810 ψυχῆς
3475 4755 3688 4807 συγκα-

423 4839 528 4893 Sed
558 4846 736 4910 potes,
771 4840 994 4908 inquam
1018 4853 1142 4908 ego,
1180 4837 1428 4904 credere,
1453 4837 1500 4894 si
1535 4836 1616 4891 vis
1650 4855 1667 4902 ,-
1701 4851 1824 4890 nam
1860 4833 1991 4888 ﬁdes

2106 4845 2352 4908 τάθεσις.
2395 4842 2521 4896 Ἐὰν
2543 4841 2600 4895 δὲ
2635 4839 2710 4910 μὴ
2749 4837 2934 4911 θέλῃς,
2963 4836 3124 4899 ἄλλος
3148 4835 3214 4888 ἂν
3255 4837 3340 4904 εἴη
3380 4833 3557 4901 λόγος,
3592 4831 3688 4885 ἑὰν

420 4933 732 4988 voluntaria
788 4940 873 4986 est
919 4931 1089 4985 animi
1130 4931 1448 4987 consensio.
1511 4929 1666 4994 Quod
1725 4929 1770 4984 si
1826 4927 1992 4990 nolis,

417 5043 507 5083 res
559 5028 719 5082 aliter
780 5041 841 5080 se
901 5025 1143 5091 habebit,
1193 5025 1408 5080 etiamsi
1467 5023 1630 5078 nolis.
1693 5019 1812 5076 Non
1876 5034 1998 5075 crec

419 5124 516 5179 des
565 5122 834 5177 asserenti
869 5119 1016 5190 quod
1066 5134 1131 5173 ex
1193 5128 1334 5173 terra
1395 5116 1600 5172 ferrum
1665 5115 1778 5182 ﬁat,
1837 5115 1997 5182 longe

419 5215 678 5268 fortassis
725 5213 795 5266 ab
849 5211 1122 5281 ejusmodi
1184 5208 1423 5263 artiﬁcio
1456 5215 1718 5270 remotus,
1749 5218 1804 5260 et
1857 5206 1995 5259 illud

421 5311 684 5377 ignorans
733 5323 746 5360 :
801 5320 982 5374 neque
1041 5302 1186 5374 quod
1240 5317 1304 5357 ex
1346 5303 1569 5356 cinerea‘
1609 5301 1845 5367 quadam
1884 5315 1999 5352 ma-

423 5399 557 5450 teria
626 5397 828 5449 vitrum
879 5393 996 5455 ﬁat,
1051 5393 1179 5461 quia
1235 5391 1488 5446 fortassis
1546 5401 1825 5460 nunquam
1866 5391 1996 5444 dum

420 5489 525 5543 ista
582 5486 718 5540 ﬁunt
777 5475 1143 5548 in‘tervenisti,
1211 5497 1390 5552 neque
1433 5481 1690 5536 sensibus
1750 5483 2000 5548 corporis

421 5579 537 5632 haac
601 5576 919 5647 percepisti,
986 5585 1152 5645 atque
1222 5574 1295 5628 ita
1354 5573 1422 5629 de
1477 5570 1644 5629 aliis.'
1699 5575 1813 5644 Ego
1865 5589 1997 5630 vero

427 5671 718 5724 ostendam
768 5669 890 5731 tibi,
962 5669 1105 5738 quod
1151 5668 1321 5722 multa
1356 5667 1592 5726 credasr
1629 5681 1753 5736 qum
1811 5667 1999 5722 videre

425 5778 537 5816 non
591 5772 764 5832 potes.
815 5763 1008 5817 Credis
1041 5777 1106 5816 ex
1136 5770 1378 5829 quatuor
1424 5762 1716 5818 elementis
1743 5770 1997 5836 constare

418 5866 620 5921 corpus
653 5862 804 5909 tuum
835 5871 850 5920 ;
892 5853 987 5911 scd
1022 5869 1131 5909 non
1157 5853 1308 5910 vides
1338 5853 1484 5922 quod
1517 5869 1580 5909 ex
1623 5853 1816 5911 iisdem
1848 5869 1996 5911 com-

2111 4939 2187 5007 μὴ
2221 4936 2405 5008 θέλῃς.
2439 4932 2564 4988 Οὐδ’
2601 4934 2685 4986 ὅτι
2717 4933 2781 4984 ἑκ
2809 4931 2916 5000 γῆς
2944 4928 3157 4997 γίνεται
3189 4925 3433 4996 σίδηρος,
3457 4923 3680 4976 πιστεύ-

2110 5045 2226 5091 σεις
2243 5029 2320 5094 τῷ
2352 5027 2592 5095 λέγοντι,
2619 5025 2758 5087 ῐσως
2785 5023 2979 5093 πόρρω
3007 5020 3108 5088 τῆς
3130 5017 3388 5086 τοιαύτης
3419 5016 3685 5086 ἐργασίας

2108 5121 2422 5191 τυγχάνων,
2455 5121 2552 5171 καὶ
2596 5117 2697 5171 οὐκ
2727 5113 2908 5178 είδὼς,
2937 5111 3048 5166 οὐδ’
3077 5112 3159 5165 ὅτι
3206 5111 3271 5164 ἑκ
3302 5127 3446 5172 τινος
3477 5107 3686 5179 τεφρώ-

2107 5213 2236 5275 δους
2262 5211 2398 5279 ὕλης
2425 5211 2452 5264 ό
2477 5209 2630 5271 ὕελος
2649 5209 2737 5262 διὰ
2761 5207 2821 5260 τὸ
2849 5205 2925 5275 μὴ
2951 5204 3364 5276 παραγενέσθαι
3387 5201 3516 5255 ποτὲ
3539 5217 3689 5268 γινο-

2113 5303 2320 5372 μένοις,
2349 5301 2486 5372 μηδὲ
2523 5301 2864 5371 σωματικαῖς
2892 5297 3180 5366 αἰσθήσεσι
3209 5295 3384 5349 ταῦτα
3413 5294 3561 5360 ίδεῖν,
3587 5295 3685 5348 καὶ

2107 5393 2340 5446 ἐπὶτῶν
2401 5393 2580 5447 ἄλλων
2629 5392 2858 5460 ὁμοίως.
2926 5388 3072 5458 Ἐγὼ
3110 5389 3168 5442 δὲ
3224 5387 3387 5451 δείξω
3439 5404 3544 5449 σοι,
3601 5387 3686 5440 ὃτι

2109 5486 2283 5539 πολλά
2311 5487 2596 5550 πιστεύεις
2638 5486 2674 5541 ἃ,
2707 5485 2930 5556 βλέπειν
2969 5485 3032 5536 ού
3085 5481 3240 5555 δύνῃ.
3299 5478 3586 5542 Πιστεύεις
3616 5480 3682 5533 ἑκ

2106 5575 2217 5629 τῶν
2281 5575 2568 5646 τεσσάρων
2624 5570 2766 5627 εἷναι
2821 5573 3107 5644 στοιχείων
3149 5569 3210 5623 τὸ
3252 5569 3416 5639 σῶμα
3456 5567 3517 5621 τὸ
3568 5569 3681 5630 σὺν,

2107 5669 2224 5723 ἀλλ’
2256 5670 2317 5722 οὐ
2373 5668 2599 5738 βλέπεις
2633 5669 2766 5723 αὐτὸ
2808 5666 3198 5735 συντιθέμενον
3231 5661 3290 5728 ἐξ
3333 5661 3510 5715 αὐτῶν
3538 5675 3553 5691 '
3590 5677 3686 5712 πι-

2111 5760 2327 5824 στεύεις
2356 5760 2449 5813 τὸν
2479 5759 2572 5812 σὸν
2619 5760 2960 5829 πρόπαππον
2989 5759 3084 5809 καὶ
3121 5755 3444 5808 ἑπίπαππον
3472 5750 3690 5804 τοιούσ-

2109 5851 2164 5904 δε
2207 5850 2512 5921 γεγονέναι,
2543 5850 2659 5905 ἀλλ’
2684 5851 2783 5905 οὐκ
2829 5844 2969 5914 εἶδες
2995 5848 3194 5910 αὐτούς
3216 5862 3228 5874 '
3264 5842 3543 5907 πιστεύεις
3581 5842 3678 5897 τὸν
