4038 6422
363 413 468 475 369

1357 421 1546 485 IIOM.
1587 422 1684 482 DE
1728 423 2059 489 SACRAM.
2113 428 2467 492 CORPORE
2505 435 2659 497 J.-C.

3525 440 3642 502 370-

361 532 604 589 ὠκεανὸν
632 535 980 604 περικλύξειν
1014 537 1113 610 τὴν
1151 538 1274 610 γῆν·
1305 541 1584 606 πιστεύεις
1609 542 1688 613 τῷ
1719 543 1931 613 λέγοντι

2044 551 2282 620 positum
2319 555 2389 607 sit
2417 556 2632 618 ;credis
2670 571 2932 625 proavum
2971 566 3022 610 et
3075 566 3295 611 atavum
3337 562 3491 610 tuum
3529 557 3632 610 hos

363 627 452 680 τὸν
487 627 642 696 ἥλιον
671 629 949 699 ἐκλείψειν
979 632 1101 684 ὅλον
1131 632 1164 702 ἢ
1202 634 1297 686 τὸν
1345 634 1522 702 ἡμίση
1566 638 1709 706 μετὰ
1740 641 1940 692 τοσαύ-

365 738 461 784 τας
488 721 706 790 ἡμέρας
734 724 828 775 καὶ
857 723 1029 794 ὥρας,
1061 725 1179 778 ἀλλ’
1212 726 1314 780 οὐκ
1344 722 1486 792 εἶδες
1529 729 1692 796 αὐτὰ,
1723 730 1756 801 ἦ
1781 729 1939 786 οὐπω

366 813 637 885 ἑώρακας.
665 815 726 868 Ei
762 815 818 869 δὲ
848 820 961 880 τοῖς
987 817 1163 871 ταῦτα
1194 819 1505 890 ἱστοροῦσιν
1542 822 1815 886 ἀποδίδως
1838 824 1941 894 τὴν

372 910 574 974 πίστιν,
615 910 767 979 πόσῳ
794 909 930 973 Θεὸς
973 912 1423 982 ἀξιοπιστότερος
1465 913 1776 986 ἀνθρώπων
1825 917 1937 970 τῶν

367 1002 536 1054 ταῦτα
553 1001 925 1070 διηγουμένων
948 1003 1143 1071 λέγων,
1169 1006 1275 1070 ὅτι,
1309 1006 1492 1060 Τοῦτό
1515 1007 1648 1061 ἐστι
1677 1009 1744 1062 τὸ
1770 1007 1944 1078 σῶμά

360 1113 502 1165 μου,
533 1099 649 1161 καί,
691 1095 876 1150 Τοῦτο
910 1095 978 1151 τὸ
1002 1091 1144 1166 αἴμὰ
1171 1114 1333 1167 you;
1379 1098 1543 1154 Ἀλλά
1562 1100 1658 1152 καὶ
1681 1101 1810 1171 περὶ
1841 1099 1942 1169 τῆς

370 1189 623 1258 ἀληθείας
671 1189 766 1242 τοῦ
816 1189 1064 1253 εἰπόντος
1095 1190 1450 1260 ἀμφιϐάλλω,
1499 1192 1658 1263 φησὶ,
1702 1193 1797 1246 καὶ
1839 1193 1940 1264 τῆς

369 1282 576 1333 ἐκείνου
659 1281 940 1351 θεότητος.
1026 1281 1171 1336 Ἀλλ’
1250 1282 1669 1353 ὲκτετύφλωσαι
1743 1284 1940 1350 ὅντως,

367 1373 644 1443 ἄνθρωπε,
702 1375 834 1446 περὶ
897 1374 1008 1429 τῶν
1056 1375 1343 1446 προδήλων
1401 1377 1731 1447 ἀμφιγνοῶν
1785 1380 1942 1448 ἡλίου

367 1465 751 1537 λαμπρότερον
784 1469 1128 1539 μαρτυροῦσι
1165 1469 1264 1540 τὴν
1285 1470 1544 1542 ἀλήθειαν
1564 1470 1658 1526 τοῦ
1690 1473 1940 1537 εἰπόντος

368 1558 459 1610 καὶ
511 1559 611 1627 τὴν
644 1559 897 1629 θεότητα,
932 1559 987 1615 αί
1042 1561 1172 1630 περὶ
1227 1561 1393 1616 αὐτὸν
1443 1565 1779 1635 προφητεῖαι
1828 1565 1939 1619 τῶν

368 1650 529 1719 ιερῶν
562 1651 887 1722 προφητῶν,
917 1653 1027 1705 τῶν
1065 1654 1446 1725 χρηστηρίων,
1479 1655 1590 1709 τῶν
1632 1655 1936 1723 Σιϐυλλῶν,

365 1742 583 1796 πάντων
618 1742 825 1811 σοφῶν,
863 1743 1086 1797 πάντων
1121 1745 1371 1814 μάντεων
1403 1745 1676 1816 εὐφήμως
1707 1746 1805 1817 τὴν
1841 1763 1939 1816 με·

366 1836 558 1904 γίστην
610 1836 831 1906 ἐκείνην
888 1837 984 1890 καὶ
1037 1837 1366 1905 σωτηριώδη
1420 1839 1785 1909 καινοτομίαν
1842 1840 1938 1894 ἐπὶ

364 1928 648 1997 βελτιώσει
693 1927 796 1998 τῆς
838 1929 1056 1998 φύσεως
1104 1930 1393 2002 πόρρωθεν
1433 1931 1936 2004 προαγγέλλουσαι,
1971 1910 2014 1968 Β

361 2025 868 2093 οἰκονομησαμένου
891 2023 1053 2078 τοῦτο
1073 2023 1234 2090 Θεοῦ,
1259 2025 1347 2078 ἴνα
1371 2025 1790 2095 ἀπροφάσιστος
1809 2026 1842 2094 ἠ
1870 2025 1938 2096 σὴ

360 2116 584 2170 ἀπιστία
615 2117 920 2188 κατακριθῇ
948 2133 964 2148 ·
997 2117 1066 2172 τά
1113 2116 1558 2192 προηγησάμενα
1589 2115 1691 2187 τῆς
1738 2117 1940 2186 γεννή-

365 2225 504 2272 σεως
532 2207 724 2272 αὐτοῦ,
759 2209 985 2278 καὶτῆς
1035 2209 1368 2275 ἀναδείξεως
1420 2208 1701 2278 θαύματα·
1737 2211 1766 2265 ὁ
1794 2210 1938 2281 ὑπὲρ

365 2301 705 2374 ἀνθρώπινον
729 2302 897 2356 αὐτοῦ
951 2302 1088 2374 βίος,
1118 2305 1153 2374 ἠ
1195 2302 1508 2374 ὑψηλοτάτη
1541 2305 1637 2359 καὶ
1681 2303 1940 2377 οὐράνιος

363 2396 455 2449 καὶ
487 2395 606 2450 θεία
637 2395 808 2460 ὄντως
843 2395 1162 2464 νομοθεσία,
1197 2397 1254 2450 αί
1287 2397 1631 2468 προρρήσεις
1661 2397 1830 2453 αὐτοῦ
1857 2399 1940 2463 είς

365 2491 527 2560 ἔργον
593 2488 953 2561 ὲκϐεὗηκυῖαι
1009 2490 1210 2557 πᾶσαι,
1264 2490 1320 2542 αἱ
1380 2489 1686 2561 ὑπερφυεῖς
1728 2489 1938 2542 ἐκεῖναι

364 2582 828 2653 θαυματουργίαι,
875 2580 903 2633 ό
956 2580 1208 2645 ἑκούσιος
1245 2581 1502 2644 θάνατος,
1545 2579 1616 2635 τὰ
1668 2578 1757 2633 ἔπ’
1788 2579 1938 2649 αὐτῷ

361 2669 621 2740 θαύματα
643 2685 657 2700 °
691 2669 750 2722 αί
788 2669 929 2739 μετά
956 2670 1153 2723 τούτου
1191 2669 1585 2741 λαμπρότητες
1634 2671 1830 2726 πᾶσαι.
1865 2669 1940 2723 Τὸ

358 2761 468 2814 τῶν
504 2761 767 2832 μαθητῶν
821 2763 1226 2833 ἀμετάπτωτον
1259 2762 1406 2834 μέγα
1439 2763 1540 2834 μὲν
1559 2763 1609 2816 εί
1639 2763 1735 2834 τῆς
1755 2763 1940 2818 αὐτῶν

361 2853 595 2919 πίστεως
626 2849 717 2925 ἦν,
751 2855 848 2909 καὶ
882 2856 1051 2926 πολλὴ
1085 2856 1186 2926 τῆς
1226 2857 1359 2926 περὶ
1385 2854 1478 2908 τοῦ
1536 2853 1776 2925 Χριστοῦ
1812 2872 1940 2908 συν-

362 2946 713 3018 εγνωσμὲνης
766 2947 954 3011 αὐτοῖς
998 2947 1265 3018 ἀληθείας
1315 2945 1619 3012 ἀπόδειξις·
1657 2945 1846 3016 μεῖζον
1878 2947 1937 3002 δὲ

367 3042 418 3093 εἰ
452 3041 549 3111 τῆς
576 3039 787 3094 ἐκείνου
821 3039 1050 3110 χάριτος
1075 3035 1146 3111 ἦν
1164 3041 1226 3094 οὐ
1266 3039 1534 3110 παρόντος
1567 3039 1935 3110 σωματικῶς,

362 3132 440 3197 ὡς
465 3132 756 3204 πρότερον,
801 3131 920 3187 ἀλλ’
953 3131 1208 3202 ἀοράτως
1237 3133 1302 3185 ὲκ
1337 3131 1448 3185 τῶν
1487 3130 1739 3202 οὐρανῶν
1773 3132 1938 3186 αὐτὸν

358 3224 682 3288 ἐντιθέντος.
743 3223 807 3277 Ol
854 3222 963 3277 τῶν
986 3223 1304 3276 ἀποστόλων
1327 3223 1540 3292 ἀγῶνες
1574 3223 1716 3292 ὑπὲρ
1745 3224 1935 3278 αὐτοῦ’

358 3320 387 3372 ὁ
416 3318 530 3387 βίος
551 3317 730 3370 αὐτῶν
761 3316 913 3369 οὐδὲν
960 3316 1171 3388 ἀπᾷδον
1197 3315 1339 3387 ἔχων
1370 3317 1482 3370 τῶν
1512 3317 1694 3371 καλῶν
1728 3317 1937 3388 δογμά-

356 3427 466 3462 των
499 3409 595 3462 καὶ
629 3407 1102 3480 παραδειγμάτων
1135 3407 1231 3461 τοῦ
1266 3407 1616 3463 διδασκάλου·
1659 3409 1712 3462 οἱ
1740 3410 1929 3464 κίνδυο

356 3488 669 3556 νοιίτούτων
717 3501 861 3572 ὑπὲρ
912 3499 1015 3570 τῆς
1066 3499 1326 3572 ἀληθείας
1378 3501 1601 3571 καὶτῆς
1658 3501 1934 3572 σωτηρίας

354 3595 451 3648 τοῦ
483 3596 690 3667 κόσμου
729 3597 868 3668 μετὰ
891 3595 1150 3651 τοσούτου
1177 3597 1343 3668 ζήλου
1362 3610 1377 3624 ⁸
1405 3597 1474 3650 τὰ
1505 3596 1766 3666 θαύματα
1797 3598 1834 3652 ἃ
1861 3598 1930 3652 δι’

290 3729 299 3737 .
354 3688 532 3743 αὐτῶν
583 3689 932 3760 ἐνηργοῦντο,
985 3689 1082 3743 καὶ⁵
1131 3683 1215 3752 οἷς
1271 3689 1662 3758 ἐφυλάττοντο.
1716 3691 1797 3744 Ti
1825 3691 1934 3743 τῶν

354 3779 649 3852 μαρτύρων
686 3781 899 3850 αἵματα
935 3782 1030 3835 καὶ
1059 3783 1131 3834 τά
1158 3781 1417 3851 θαύματα
1439 3797 1455 3813 ·
1488 3783 1520 3851 ή
1550 3782 1780 3854 λαμπρά
1801 3785 1928 3834 πάνυ

351 3890 459 3926 των
492 3873 600 3926 τῶν
625 3873 722 3943 τῆς
757 3873 862 3942 γῆς
893 3872 1178 3942 κλιμάτων
1225 3872 1337 3926 ἀπὸ
1371 3873 1471 3942 τῆς
1522 3873 1734 3944 πλάνης
1793 3874 1930 3944 πρὸς

357 3966 457 4036 τὴν
490 3965 664 4036 ἀληθῆ
723 3967 855 4036 περὶ
913 3963 1049 4018 Θεοῦ
1105 3967 1291 4019 πίστιν
1348 3967 1696 4038 ἐπιστροφή·
1743 3968 1776 4036 ὴ
1817 3966 1920 4033 τῆς

359 4058 709 4128 πολυχρονίου
782 4056 1214 4128 δεισιδαιμονίας
1271 4058 1576 4122 κατάλυσις
1635 4060 1931 4123 τοσούτους

349 4153 649 4222 τυράννους
683 4153 778 4208 καὶ
800 4150 1070 4212 δυνάστας
1104 4153 1551 4220 προϊσταμένους
1577 4152 1809 4223 ἐχούσης
1835 4156 1930 4206 καὶ

353 4242 674 4312 ὐπερδίκους
705 4245 777 4314 σή
816 4243 917 4313 τῆς
961 4243 1114 4315 ἱερᾶς
1186 4243 1514 4316 Ἐκκλησῖας
1558 4247 1701 4316 μετά
1752 4246 1928 4300 ταῦτα

349 4337 708 4399 κατάστασις,
749 4338 953 4399 παντὸς
1003 4337 1206 4406 σεμνοῦ
1257 4339 1353 4392 καὶ
1399 4340 1585 4410 τιμίου
1637 4341 1734 4393 καὶ
1764 4345 1931 4394 πνευ-

351 4431 581 4500 ματικοῦ
613 4431 830 4500 πλήρης
877 4431 1186 4502 χρήματος,
1223 4433 1316 4486 καὶ
1344 4431 1481 4500 πρὸς
1516 4433 1706 4487 εἰκόνα
1739 4435 1840 4503 τῆς
1865 4435 1925 4488 ἐν

347 4523 594 4592 οὐρανοῖς
660 4522 915 4589 εὐταξίας
980 4520 1411 4594 ἑξειργασμένη.
1468 4525 1578 4577 Καὶ
1633 4524 1687 4577 τί
1742 4525 1808 4578 ἀν
1837 4541 1923 4586 τις

351 4617 645 4685 καταλέγοι
701 4617 800 4679 τάς
854 4617 1273 4687 ἐναργεστάτας
1325 4618 1456 4690 περὶ
1515 4618 1616 4688 τῆς
1677 4619 1923 4689 Χριστοῦ

347 4709 596 4780 θεότητος
637 4708 947 4776 ἀποδείξεις
977 4710 1244 4781 ἀπείρους
1269 4709 1439 4774 οὔσας
1464 4711 1543 4780 τῷ
1577 4712 1803 4783 πλήθει,
1828 4711 1922 4765 καὶ

343 4806 410 4873 τῇ
467 4803 693 4873 δυνάμει
749 4803 1054 4872 μεγίστας;
1086 4803 1253 4857 Ὀθεν
1282 4805 1383 4868 τὰς
1425 4805 1527 4873 μὲν
1559 4806 1694 4875 περὶ.
1721 4804 1918 4858 τούτου

346 4893 437 4948 τοῦ
473 4894 776 4966 μυστηρίου
811 4895 908 4948 καὶ
937 4895 1047 4948 τῶν
1076 4895 1257 4949 ἄλλων
1305 4895 1406 4948 σύν
1440 4895 1594 4965 αὐτῷ
1634 4895 1796 4949 θείων
1824 4895 1920 4950 καὶ

342 4988 507 5057 ἱερῶν
539 4986 882 5058 μυστηρίων,
908 4987 1002 5041 καὶ
1031 4987 1160 5058 ὅλης
1188 4988 1289 5058 τῆς
1317 4989 1555 5052 πίστεως
1583 4987 1921 5060 ἀμφιϐολίας,

339 5082 455 5145 τοῖς
483 5081 731 5143 ἀπίστοις
761 5082 860 5135 καὶ
893 5080 1194 5150 αίρετικοῖς
1234 5080 1632 5151 καταλίπωμεν
1657 5097 1671 5112 ⁸
1713 5081 1918 5152 μᾶλλον

335 5171 392 5225 δὲ
442 5173 535 5226 καὶ
584 5171 800 5236 τούτοις
845 5171 1136 5242 εὐξώμεθα
1184 5176 1248 5242 τῇ
1301 5173 1402 5242 τῆς
1461 5172 1722 5244 ἀληθείας
1747 5173 1916 5246 αἴγλῃ

337 5262 818 5332 καταλαμφθῆναι.
879 5263 1069 5333 Ἡμεῖς
1103 5264 1160 5318 δὲ
1188 5263 1268 5335 τῷ
1323 5264 1472 5336 καλῷ
1521 5256 1702 5334 λιμένι
1742 5283 1917 5336 προσ-

331 5353 700 5424 ορμιζόμενοι,
748 5357 816 5426 τῇ
868 5355 1003 5426 ζωῇ,
1053 5355 1130 5426 τῷ
1179 5357 1343 5424 φωτὶ,
1407 5359 1474 5428 τῇ
1524 5357 1778 5428 ἀληθείᾳ,
1843 5359 1910 5428 τῇ

336 5445 472 5515 πρὸς
509 5446 608 5515 τὴν
630 5447 910 5517 σωτηρίαν
955 5448 1080 5518 ὁδῷ,
1130 5449 1210 5518 τῷ
1241 5451 1500 5521 ἡμετέρῳ
1527 5448 1676 5518 λέγω
1705 5454 1913 5504 Δεσπό·

330 5553 421 5611 τῃ,
459 5540 552 5592 καὶ
577 5539 720 5609 ὑπὲρ
759 5541 1019 5595 ἁπάντων
1051 5536 1134 5606 οἷς
1169 5543 1320 5613 ἡμᾶς
1359 5544 1709 5616 εὐηργέτηκε
1745 5543 1910 5615 χάριν

326 5626 719 5698 ὁμολογοῦντες
743 5629 1036 5699 ἀποδῶμεν
1059 5632 1209 5702 αὐτῷ
1228 5634 1323 5687 καὶ
1352 5633 1595 5702 νῦνμκαὶ
1619 5634 1721 5698 τῆς
1743 5652 1910 5688 πνευ-

334 5719 572 5789 ματικῆς
593 5723 801 5792 ταύτης
831 5724 1037 5794 τροφῆς
1071 5725 1174 5796 τὴν
1213 5725 1589 5796 εὐχαριστίαν,
1619 5726 1690 5780 δι’
1713 5722 1782 5800 ἧς
1809 5727 1908 5796 τὴν

330 5815 386 5863 ἐν
418 5814 550 5881 ἡμῖν
595 5815 696 5884 τῆς
717 5816 950 5886 χάριτος
983 5818 1199 5889 θέρμην
1257 5820 1530 5886 μένουσαν
1592 5819 1693 5889 μὲν
1749 5819 1904 5886 αὔξει

337 5905 476 5972 μετά
517 5905 720 5975 πολλῆς
758 5908 854 5980 τῆς
890 5910 1237 5985 προσθήκης,
1270 5912 1376 5967 ὐπὸ
1411 5911 1468 5966 δὲ
1504 5911 1604 5984 τῆς
1638 5911 1904 5984 πονηρίας

2046 641 2130 697 vel
2171 643 2296 698 illos
2357 647 2659 712 exstitisse,
2727 647 2822 702 sed
2885 664 2981 704 eos
3033 664 3140 702 nun
3188 649 3373 704 vidisti
3412 651 3633 717 ;crcdis

2045 747 2311 789 oceanum
2366 736 2742 792 circumfundi
2781 749 3010 804 terram,
3059 739 3242 795 credis
3293 741 3503 796 dicenti
3539 757 3632 798 so-

2047 824 2157 879 lem
2211 827 2442 896 eclipsin
2488 843 2783 898 passurum
2845 839 3017 885 totum
3066 831 3150 886 vel
3193 831 3480 886 dimidium
3511 844 3633 903 post

2049 927 2127 973 tot
2185 920 2306 977 dies
2360 931 2414 977 et
2471 921 2684 988 horas;
2719 924 2816 978 sed
2874 939 2985 978 non
3039 924 3248 990 vidisti,
3301 941 3482 995 neque
3532 943 3631 981 un-

2045 1027 2213 1081 quam
2272 1013 2386 1068 haec
2413 1015 2596 1070 oculis
2634 1017 2943 1086 usurpasti.
2970 1016 3028 1073 Si
3068 1032 3208 1071 vero.
3229 1001 3360 1074 hare
3391 1017 3634 1073 referen-

2048 1105 2195 1160 tibus
2233 1104 2394 1160 ﬁdem
2444 1108 2698 1173 adhibes,
2749 1118 2954 1178 quanto
3008 1111 3186 1180 magis
3229 1125 3358 1180 prae-
3396 1111 3630 1166 homini-

2045 1204 2150 1259 bus
2193 1204 2299 1260 ista
2342 1206 2706 1261 narrantibus
2735 1205 2898 1261 [idem
2937 1217 3181 1261 meretur
3209 1205 3358 1262 Deus
3400 1207 3633 1262 dicens:

2049 1294 2164 1349 Hoc
2188 1306 2265 1350 est
2301 1311 2493 1364 corpus
2527 1311 2732 1364 meum;
2786 1307 2886 1351 et:
2922 1297 3030 1350 Hic
3067 1305 3144 1349 est
3177 1295 3398 1366 sanguis
3440 1299 3636 1348 meus?

2047 1385 2153 1442 Sed
2212 1386 2424 1452 dubito,
2460 1385 2669 1457 inquis,
2700 1385 2768 1441 de
2805 1385 3109 1441 veracitate
3155 1385 3274 1454 ejus
3324 1385 3419 1455 qui
3467 1385 3636 1450 dixit,

2045 1487 2100 1533 et
2139 1479 2207 1535 de
2237 1479 2360 1550 ejus
2406 1479 2718 1534 divinitate.
2760 1479 2833 1533 At
2883 1479 3108 1535 ementis
3163 1494 3330 1540 vere,
3378 1493 3412 1533 ο
3446 1479 3634 1540 homo,

2043 1571 2113 1626 de
2169 1571 2338 1628 rebus
2385 1571 2700 1628 manifestis
2751 1572 3032 1636 hmsitans,
3089 1587 3215 1628 cum
3252 1571 3368 1627 sole
3431 1570 3635 1624 clarius

2045 1663 2423 1718 testimonium
2479 1663 2810 1734 perhibeant
2863 1663 2932 1719 de
2988 1665 3287 1718 veracitate
3332 1672 3389 1718 et
3430 1662 3602 1717 divini

2045 1765 2154 1811 tate
2177 1755 2476 1826 loquentis,
2498 1765 2814 1812 sanctorum
2839 1757 3228 1826 prophetarmn
3260 1755 3327 1810 de
3344 1770 3411 1810 eo
3435 1755 3596 1810 vatiei
3612 1785 3625 1792 -

2042 1849 2154 1913 nia,
2177 1848 2423 1914 oracula,
2451 1846 2687 1918 Sibyllze,
2708 1847 2986 1918 sapientes
3007 1857 3062 1902 et
3083 1857 3473 1909 vatesomnes;
3506 1863 3628 1914 qua.-

2043 1939 2266 2011 quidem
2297 1940 2605 2010 prophetiae
2649 1940 2742 1996 diu
2782 1949 2910 1996 ante
2963 1941 3484 2011 prmnnntiavernut
3519 1956 3627 1992 ma-

2042 2033 2250 2087 ximam
2284 2032 2435 2087 illam
2465 2041 2518 2088 et
2543 2031 2854 2088 salutarem
2881 2047 3067 2088 rerum
3107 2046 3376 2087 novarum
3403 2030 3625 2091 seriem,

2043 2123 2112 2180 ad
2150 2133 2362 2180 natura:
2417 2133 2622 2181 nostra:
2693 2125 3110 2194 provectionem
3157 2123 3211 2177 in
3247 2123 3468 2184 melius,
3518 2120 3628 2176 Deo

2041 2219 2118 2274 ita
2151 2218 2530 2287 dispensante,
2589 2226 2650 2272 ut
2700 2215 3100 2272 inexcusabilis
3140 2213 3501 2270 incredulitas
3532 2221 3625 2266 tua

2041 2311 2529 2366 condemnaretur.
2589 2309 2855 2365 Miracula
2913 2325 3036 2379 ane
3095 2308 3218 2377 ejus
3280 2306 3624 2360 natititatem

2042 2413 2096 2460 et
2143 2402 2647 2459 manifestationem
2704 2411 3145 2470 prmeessernut;
3202 2402 3316 2455 vita
3359 2398 3482 2470 ejus
3527 2400 3622 2451 ho-

2043 2494 2206 2550 minis
2261 2494 2632 2549 conditionem
2689 2511 3002 2564 superans;
3038 2493 3442 2550 sublimissimo
3475 2492 3616 2561 ejus.

2043 2587 2289 2644 caelestis
2332 2596 2388 2642 et
2429 2603 2559 2643 vere
2600 2587 2786 2644 divina
2847 2588 3124 2658 legislatio
3163 2604 3178 2654 ;
3231 2587 3622 2657 praedictiones

2041 2678 2184 2749 ejus,
2243 2694 2366 2750 qua!
2420 2694 2615 2736 omnes
2659 2690 2860 2735 eventu
2924 2680 3300 2750 comprobata:
3349 2678 3619 2743 fuerunt;

2042 2752 2302 2826 miracula
2354 2771 2526 2837 edita,
2581 2787 2706 2842 quae
2763 2771 3072 2826 naturalem
3131 2770 3431 2841 potentiam
3459 2775 3623 2826 exeo:

2041 2863 2177 2917 dunt
2218 2878 2415 2929 ;mors
2475 2864 2818 2931 voluntaria;
2875 2864 3122 2934 prodigia
3169 2880 3292 2935 quae
3352 2878 3472 2917 eam
3526 2878 3618 2915 cn-

2042 2955 2255 3023 mitala,
2306 2963 2362 3012 et
2391 2973 2513 3028 qua:
2551 2973 2674 3012 eam
2724 2965 2916 3014 secuta
2948 2964 3103 3024 sunt,
3132 2956 3319 3010 omnia
3349 2963 3457 3010 tam
3493 2954 3616 3008 illu-

2039 3047 2198 3103 stria.
2239 3047 2646 3118 Discipulorum
2675 3047 3043 3103 immutabilis
3083 3046 3342 3109 ﬁrmitas,
3365 3059 3620 3114 magnum

2043 3140 2303 3211 quiddam
2360 3155 2517 3207 sane,
2549 3141 2594 3195 si
2632 3157 2700 3195 ex
2754 3155 2948 3195 eorum
2993 3137 3101 3194 ﬁde
3154 3145 3276 3192 erat
3307 3154 3322 3203 ;
3352 3137 3626 3206 sintutth

1965 3256 2008 3314 ο
2041 3235 2378 3306 amplissima
2431 3237 2630 3304 agnita:
2671 3235 2740 3289 ab
2775 3233 2911 3304 ipsis
2969 3232 3037 3287 de
3084 3230 3310 3287 Christo
3375 3231 3628 3289 veritatis

2041 3323 2716 3392 demonstratio:majus
2770 3338 2919 3387 vero,
2972 3322 3018 3376 si
3091 3321 3145 3376 id
3199 3321 3374 3390 ipsius
3439 3319 3626 3390 gratiae

2040 3417 2394 3473 tribuendum
2459 3425 2596 3482 erat,
2651 3417 2745 3485 qui
2792 3432 2906 3477 non
2949 3415 3088 3484 jam,
3126 3424 3186 3469 ιιι
3221 3413 3395 3485 prius,
3429 3427 3643 3481 corpus

2038 3510 2226 3565 raliter
2277 3503 2539 3581 praesens,
2593 3510 2689 3565 Sed
2753 3508 3104 3564 invisibiliter
3178 3521 3211 3562 e
3268 3505 3428 3562 caelis
3501 3521 3624 3561 eam

2041 3603 2376 3660 insinuahat.
2404 3603 2794 3673 Apostolorum
2843 3617 2942 3671 pro
2971 3600 3092 3672 ipso
3127 3598 3428 3655 certamina
3464 3615 3480 3663 ;
3515 3597 3623 3652 vita

2036 3711 2229 3752 eorum
2265 3696 2399 3750 nihil
2429 3696 2636 3752 habens
2666 3696 2935 3751 absonum
2964 3709 2994 3749 a
3027 3693 3311 3764 praeclaris
3345 3690 3626 3746 doctrinis

2037 3801 2092 3844 et
2148 3788 2418 3858 exemplis
2487 3787 2790 3860 magistri;
2849 3786 3094 3857 pericula
3155 3787 3224 3840 ab
3290 3783 3429 3855 ipsis
3495 3797 3631 3836 cum

2038 3889 2191 3935 tanto
2258 3879 2478 3936 fervore
2539 3889 2798 3949 suscepta
2874 3894 2976 3950 pro
3031 3878 3264 3933 veritate
3316 3883 3370 3932 et
3442 3874 3622 3930 salute

2038 3971 2230 4026 mundi
2268 3989 2283 4039 ;
2326 3971 2590 4026 miracula
2618 3987 2740 4041 quae
2791 3986 2889 4038 per
2943 3985 3042 4026 eos
3101 3968 3507 4032 eﬂiciehantur,
3568 3977 3622 4020 et

2035 4065 2234 4134 quibus
2294 4064 2676 4119 servabantur.
2702 4062 2999 4134 Martyrum
3060 4061 3287 4130 sanguis
3350 4069 3406 4116 et
3454 4059 3620 4114 mira-

2033 4157 2159 4212 cula
2187 4173 2200 4209 :
2231 4154 2519 4224 splendida
2581 4155 2829 4208 omnium
2888 4153 3041 4208 orbis
3085 4152 3368 4206 climatum
3423 4151 3492 4205 ab
3532 4166 3619 4202 ρι’-

2033 4265 2158 4306 rore
2210 4249 2275 4303 ad
2329 4263 2515 4303 veram
2562 4248 2629 4302 de
2672 4246 2783 4304 Deo
2808 4247 2970 4301 ﬁdem
3011 4244 3306 4300 conversio
3349 4262 3362 4298 :
3398 4242 3618 4297 diutur-

2032 4354 2117 4392 nae
2174 4337 2321 4392 illius
2356 4337 2774 4406 superstitionis
2834 4335 3159 4398 destructio,
3207 4334 3338 4389 licet
3388 4340 3470 4387 tot
3532 4342 3616 4404 ty-

2033 4446 2238 4486 rannos
2264 4439 2318 4486 et
2356 4431 2621 4507 dynastas
2648 4439 2993 4501 protectores
3041 4435 3098 4484 et
3151 4427 3396 4483 vindices
3449 4425 3617 4480 habe-

2033 4535 2151 4579 ret:
2189 4524 2408 4580 demum
2443 4534 2648 4581 sancta:
2702 4522 2963 4578 Ecclesia:
2994 4519 3338 4585 constitutio,
3394 4522 3449 4574 in
3508 4536 3617 4589 qua

2031 4616 2302 4687 quidquid
2352 4625 2675 4687 augustum,
2731 4616 3041 4687 pretiosum
3087 4622 3143 4669 et
3199 4611 3484 4684 spirituale
3509 4623 3616 4674 est,

2031 4707 2252 4762 abunde
2283 4707 2580 4776 reperitur,
2643 4721 2877 4778 quaeque
2920 4706 2989 4760 ad
3031 4705 3329 4774 imaginem
3359 4701 3615 4774 prmelari

2031 4799 2182 4858 illius
2236 4797 2295 4852 in
2354 4798 2496 4854 ctelo
2552 4798 2844 4854 constituti
2919 4795 3134 4852 ordinis
3168 4809 3437 4866 expressa
3504 4803 3614 4848 est.

2029 4888 2167 4956 Quis
2228 4904 2358 4945 vero
2429 4898 2716 4946 enunieret
2774 4889 3220 4950 evidentissimas
3287 4887 3356 4941 de
3409 4886 3614 4940 Christi

2029 4981 2325 5038 divinitate
2375 4981 2906 5044 demonstrationes,
2975 4979 3223 5034 inﬁnitas
3254 4977 3503 5046 quidem,
3565 4977 3612 5028 si

2027 5089 2292 5132 numerus
2333 5082 2648 5145 spectetur,
2693 5073 2740 5131 si
2789 5074 2872 5127 vis
2913 5081 2969 5127 et
3017 5073 3252 5142 pondus.
3305 5068 3614 5123 maximas?

2026 5170 2376 5239 Quapropter
2425 5183 2620 5223 omnes
2689 5176 2803 5225 tam
2859 5168 3011 5220 circa
3075 5169 3181 5219 hoc
3252 5164 3607 5232 mysterium,

2026 5280 2194 5337 quam
2256 5263 2469 5332 reliqua
2532 5277 2688 5318 sacra
2724 5269 2778 5316 et
2828 5260 3012 5316 divina
3081 5256 3364 5328 mysteria,
3439 5261 3605 5321 atque.

2021 5358 2161 5414 adeo
2213 5357 2362 5411 circa
2410 5355 2592 5419 ﬁdem,
2635 5353 3015 5408 dubitationes.
3054 5348 3367 5404 infidelibus
3403 5354 3459 5401 et
3493 5345 3600 5399 bae-

2022 5450 2214 5508 reticis
2269 5449 2689 5520 relinquamus;
2737 5446 2974 5503 maxime
3040 5457 3171 5499 vero
3243 5454 3488 5506 oremus,
3540 5447 3601 5490 ut

2019 5542 2274 5600 veritatis
2335 5540 2630 5610 splendore
2685 5538 3088 5594 illuminentur.
3165 5531 3278 5589 Nos
3337 5545 3468 5587 vero
3531 5529 3600 5581 ad

2022 5642 2198 5688 tntum
2241 5638 2462 5702 portum
2540 5627 2936 5699 appellentes,-
2967 5624 3289 5688 Dominum,
3347 5621 3602 5692 inquam,

2023 5733 2300 5788 nostrum,
2365 5723 2459 5791 qui
2483 5730 2571 5776 cst
2602 5721 2733 5788 vita,
2767 5719 2884 5782 lux,
2915 5718 3119 5772 veritas
3141 5726 3197 5773 et
3223 5715 3313 5771 via
3347 5714 3416 5771 ad
3447 5714 3598 5769 salu-
3643 5708 3646 5712 ’

2018 5827 2154 5881 tem,
2209 5827 2262 5872 ct
2309 5832 2408 5886 pro
2441 5813 2700 5871 omnibus
2749 5812 2950 5882 quaain
2990 5827 3096 5879 nos
3135 5809 3376 5868 contulit
3425 5809 3596 5866 bene-

2020 5912 2160 5970 ticiis
2219 5909 2423 5980 gratias
2483 5907 2806 5975 referentes,
2867 5905 3166 5964 reddamus
3219 5905 3385 5963 etiam
3443 5917 3602 5970 nunc
