4038 6416
401 449 499 511 371

1511 461 1894 524 GENNADII
1919 467 2032 535 Cl‘.
2060 467 2579 528 ΡΑΤίίΙΑΠΟῐΙιΕ

3559 473 3671 538 37Ξ

402 576 501 630 pro
547 559 648 614 hoc
700 561 974 629 spirituali
1029 567 1290 624 alimento
1323 575 1624 641 gratiarum
1680 587 1971 645 acttonem,

2081 581 2443 633 ἐκλείπουσαν
2493 582 2866 650 ἀναζωπυροί,
2923 583 3015 635 καὶ
3074 583 3495 656 ἀμϐλυνομένην
3556 589 3663 640 διεο

404 669 505 724 per
537 655 682 722 quod
711 654 828 720 ejus
867 672 986 724 qua:
1035 661 1088 712 in
1116 662 1277 716 nobis
1333 675 1419 719 est
1467 669 1674 735 gratiae,
1737 670 1977 724 calorem

400 756 810 817 permanentem
883 762 1045 820 auget
1107 757 1356 824 ampliori
1445 761 1782 826 adiectione,
1869 779 1979 833 prae

353 831 358 834 ’
403 840 611 894 malitia
671 842 1016 899 deiicientem
1065 859 1362 914 l'CSlattl'al,
1393 854 1704 908 hebetatam
1774 858 1979 911 excitat

400 937 455 982 et
503 931 752 988 roborat.
821 932 1086 990 Firmiter
1128 955 1350 1010 quoque
1374 953 1426 995 et
1457 944 1834 999 indubitanter
1859 962 1978 1001 cre-

401 1021 597 1077 damus
666 1012 1012 1094 qurecunque
1079 1030 1148 1084 de
1210 1031 1316 1086 hoc
1385 1049 1736 1091 sacramento
1817 1037 1980 1091 docet

399 1112 602 1168 Christi
657 1115 900 1173 Ecclesia
963 1134 1137 1176 mater
1187 1136 1374 1178 nostra
1413 1143 1426 1188 :
1467 1129 1682 1184 scilicet
1754 1130 1807 1184 in
1875 1139 1979 1187 ltoe

401 1205 634 1272 n-ystico
691 1221 922 1272 corpore
963 1211 1138 1280 ipsum
1200 1232 1324 1269 esse
1369 1217 1651 1273 Christum
1700 1221 1805 1276 sub
1829 1223 1978 1276 acci-

400 1295 658 1349 dentibus
699 1292 1184 1372 panis'velatum;
1227 1319 1423 1372 totum,
1466 1311 1711 1378 inquam,
1745 1322 1799 1368 et
1835 1316 1970 1372 inte-

404 1401 562 1453 grum
596 1405 720 1445 esse
773 1392 926 1448 illum
979 1396 1156 1470 ipsum
1203 1399 1296 1468 qui
1342 1411 1506 1455 natus
1551 1412 1634 1456 est
1699 1420 1764 1458 ex
1815 1406 1974 1460 beata

412 1476 648 1545 Virgine,
679 1491 734 1537 et
781 1487 875 1556 qui
922 1488 1050 1542 olim
1080 1491 1134 1544 in
1160 1507 1323 1548 cruce
1353 1494 1472 1558 fuit,
1527 1512 1676 1551 nunc
1728 1499 1782 1552 in
1831 1502 1975 1555 coelo

409 1579 510 1624 est.
563 1572 762 1630 Demus
825 1592 1048 1642 operam
1109 1593 1169 1636 ut
1224 1585 1327 1640 hoc
1381 1604 1508 1642 vere
1559 1591 1769 1645 cmlesti
1837 1609 1978 1662 pane

409 1665 722 1718 nutriamur
771 1670 1060 1738 continuo,
1128 1690 1288 1742 quem
1356 1677 1493 1732 bene
1541 1695 1741 1734 manna
1797 1683 1978 1750 praeli-

407 1758 644 1821 guravit,
680 1760 750 1814 ita
798 1771 979 1817 autem
1032 1775 1089 1820 ut
1157 1769 1385 1834 nutriat,
1444 1786 1553 1824 non
1607 1780 1666 1826 ut
1716 1783 1913 1827 exurat
1959 1792 1975 1840 ;

401 1846 546 1914 ignis
602 1850 748 1904 enim
799 1867 928 1908 vere
986 1864 1070 1910 est
1151 1859 1487 1913 comburens
1557 1876 1683 1932 erga
1751 1863 1977 1933 indigne

2084 674 2258 742 γείρει
2301 681 2391 726 καὶ
2432 674 2722 742 ρώννυσιν.
2753 675 2865 728 Καὶ
2898 673 3131 745 βεϐαίως
3172 677 3266 729 καὶ
3309 677 3667 748 ἀναμφισϐή-

2082 780 2189 824 τως
2235 763 2606 830 πιστεύωμεν,
2645 764 2744 816 ὅσα
2800 764 2931 833 περὶ
2961 763 3157 815 τούτου
3216 761 3312 816 τοῦ
3349 765 3668 832 μυστηρίου

2085 859 2115 926 ἡ
2144 856 2234 909 τοῦ
2264 856 2508 926 Χριστοῦ
2551 857 2852 927 Ἐκκλησία
2883 857 3128 910 διδάσκει
3163 858 3194 926 ἠ
3249 859 3436 927 μήτηρ
3467 857 3626 927 ἡμῶν
3648 875 3662 888 ·

2082 949 2228 1002 τοῦτ’
2248 950 2396 1002 ἔστιν
2421 951 2480 1001 ὲν
2505 949 2582 1018 τῷ
2610 949 2860 1019 μυστικῷ
2888 950 3064 1018 τούτῳ
3091 949 3307 1018 σώματι
3335 948 3498 1002 αὐτὸν
3522 948 3666 1002 εἶναι

2081 1039 2173 1092 τδν
2205 1039 2442 1110 Χριστὸν
2468 1040 2574 1093 ὑπὸ
2596 1040 2710 1101 τοῖς
2733 1037 3113 1108 συμὸεσηκόσι
3139 1037 3234 1091 τοῦ
3265 1039 3432 1109 ἄρτου
3460 1055 3666 1105 συγκα-

2080 1131 2445 1200 λυπτόμενον,
2482 1132 2580 1186 καὶ
2607 1130 2906 1197 ὀλόκληρον
2939 1124 3084 1183 εἶναι
3118 1129 3284 1183 αὑτὸν
3331 1131 3541 1182 ἐκεῖνον
3570 1131 3668 1182 τὸν

2080 1225 2144 1276 ὲκ
2190 1227 2288 1292 τῆς
2323 1224 2606 1293 μακαρίας
2644 1222 2924 1292 Παρθένου
2974 1222 3408 1292 γεγεννημένον.
3443 1223 3536 1276 τδν
3571 1223 3667 1276 ἐπὶ

2083 1317 2321 1385 σταυρὸν
2352 1315 2498 1377 τότε,
2530 1315 2623 1368 τὸν
2657 1316 2713 1368 ἐν
2744 1314 2964 1384 οὐρανῷ
2997 1313 3117 1370 νῦν.
3169 1315 3282 1367 Καὶ
3313 1314 3492 1384 τούτῳ
3535 1315 3666 1383 τρέ-

2083 1407 2283 1474 φεσθαι
2313 1407 2712 1477 σπουδάζωμεν
2735 1405 3002 1476 διηνεκῶς
3033 1407 3110 1476 τῷ
3143 1407 3220 1470 ὡς
3250 1406 3467 1474 ἀληθῶς
3496 1406 3662 1477 ούραο

2080 1501 2178 1568 νίῳ
2210 1501 2380 1570 ἄρτῳ,
2441 1499 2500 1554 δν
2554 1499 2614 1554 τδ
2681 1500 2858 1568 μάννα
2910 1499 3094 1559 καλῶς
3145 1499 3528 1568 προετύπωσε,
3561 1499 3658 1550 καὶ

2079 1591 2378 1660 τρέφεσθαι
2407 1591 2482 1653 ὡς
2508 1591 2574 1644 ἂν
2593 1591 2871 1662 τρέψειεν,
2901 1592 3017 1644 ἀλλ’
3040 1592 3140 1661 ούχ
3164 1592 3239 1654 ὡς
3269 1594 3334 1645 ἂν
3369 1591 3657 1644 καύσειεν’

2082 1683 2194 1752 πῦρ
2225 1683 2334 1752 γάρ
2366 1685 2514 1735 ἐστιν
2549 1683 2622 1745 ὠς
2671 1683 2889 1752 ἀληθῶς
2936 1684 3235 1754 έμπιπρῶν
3271 1686 3383 1746 τοῖς
3422 1684 3660 1750 ἀναξίως

2085 1775 2398 1843 μετέχουσι,
2427 1774 2518 1826 καὶ
2542 1774 2717 1844 τροφὴ
2743 1775 3128 1840 κατακρίσεως
3152 1774 3354 1842 μᾶλλον
3381 1771 3413 1841 ἢ
3439 1773 3661 1825 δικαιὼ-

2084 1883 2221 1927 σεως
2279 1867 2420 1917 κατὰ
2452 1865 2544 1917 τὸν
2577 1864 2720 1916 θεῖον
2785 1863 3136 1918 Ἀπόστολον.
3174 1863 3266 1925 Et;
3319 1865 3410 1916 τὸν
3459 1863 3662 1918 Ἰούδαν

397 1939 817 2010 participantes,
879 1955 934 2000 et
996 1949 1064 2003 iis
1123 1950 1281 2006 cibus
1335 1954 1707 2011 damnationis
1779 1956 1971 2025 petius

2081 1957 2220 2027 μετὰ
2244 1958 2343 2022 τὴν
2375 1955 2580 2025 βρῶσιν
2613 1957 2832 2024 ἐκείνην
2879 1955 3132 2024 εἰσῆλθεν
3160 1958 3188 2009 ό
3235 1957 3483 2017 Σατανᾶς
3515 1972 3528 1987 ο
3565 1957 3662 2009 καὶ

397 2048 560 2101 quam
583 2033 997 2104 justilicationis
1021 2051 1123 2107 est,
1155 2049 1452 2100 secundum
1469 2048 1715 2102 divinum
1735 2049 1972 2117 Apostoo

399 2127 531 2178 lum.
589 2125 644 2180 in
697 2127 895 2184 Judam
938 2141 1059 2201 post
1110 2148 1424 2205 susceptum
1474 2137 1621 2193 hunc
1673 2140 1855 2194 cibum
1889 2141 1972 2195 in-

393 2217 578 2271 troivit
633 2218 886 2278 Satanas.
935 2221 1118 2291 Ozias,
1172 2229 1500 2282 sacriﬁcium
1549 2231 1695 2299 quod
1747 2245 1856 2286 non
1904 2232 1971 2288 ll-

395 2312 554 2364 cebat
577 2311 839 2378 oﬂ‘erens,
885 2317 1136 2384 leprosus
1161 2319 1338 2375 factus
1373 2329 1476 2376 est.
1509 2321 1620 2377 Oza
1667 2338 1969 2392 percussus

396 2414 483 2456 est
542 2406 728 2468 aDeo,
763 2424 828 2463 eo
865 2413 1011 2480 quod
1055 2427 1222 2469 ausus
1279 2424 1426 2468 esset
1461 2429 1646 2468 aream
1699 2424 1968 2485 tangere:

393 2505 457 2551 ct-
502 2498 712 2568 lignum
768 2503 835 2557 de
866 2519 974 2574 quo
1015 2507 1184 2562 edens
1241 2508 1456 2580 primus
1505 2507 1671 2563 homo
1715 2517 1972 2565 mortuus

393 2599 498 2655 est,
551 2593 675 2648 vita:
739 2593 946 2667 lignum
1026 2610 1180 2665 erat;
1218 2600 1312 2656 sed
1367 2610 1586 2672 pr0pter
1648 2601 1973 2657 lnobedien-

392 2683 523 2736 tiam
584 2701 763 2743 causa
811 2688 1003 2744 mortis
1061 2693 1305 2760 gustanti
1365 2691 1488 2747 fuit.
1544 2691 1704 2748 Hiera
1761 2693 1954 2749 Galeni

2094 2049 2278 2113 Ὀζίας
2301 2047 2492 2100 θυσίαν
2523 2045 2910 2116 προσενεγκὼν
2936 2048 3002 2114 ἦν
3025 2046 3124 2099 οὐκ
3149 2044 3294 2114 ἐξῆν,
3326 2043 3618 2115 ἑλεπρώοη
3637 2058 3654 2076 ⁸

2079 2145 2175 2193 καὶ
2222 2139 2386 2202 Ὀζὲιν
2435 2137 2721 2208 ὲπατάχθη
2768 2138 2919 2207 παρά
2963 2136 3122 2203 Θεοῦ,
3153 2137 3276 2189 ἐπεὶ
3321 2137 3664 2206 τετόλμηκεν

2079 2233 2317 2300 ἀναξίως
2347 2231 2586 2302 ἅψασθαι
2642 2234 2742 2301 τῆς
2789 2232 3027 2284 κιϐωτοῦ
3057 2247 3072 2262 ο
3128 2233 3223 2283 καὶ
3265 2231 3327 2284 τὸ
3377 2230 3538 2296 ξύλον
3597 2220 3660 2284 οὗ

2081 2326 2275 2394 φαγὼν
2303 2328 2329 2378 ό
2363 2324 2586 2394 πρῶτος
2611 2323 2900 2394 ἄνθρωπος
2927 2323 3183 2392 τέθνηκε,
3215 2322 3363 2391 ζωῆς
3392 2318 3481 2393 ἦν,
3522 2322 3660 2375 ἀλλὰ

2080 2419 2169 2470 διά
2203 2418 2303 2486 τὴν
2329 2416 2699 2480 ἀνυποταξίαν
2733 2416 2909 2469 αίτιον
2935 2415 3168 2469 θανάτου
3191 2414 3269 2485 τῷ
3308 2414 3663 2485 μετειληφότι

2081 2509 2397 2577 γεγένηται.
2449 2507 2514 2560 Ἦ
2558 2507 2653 2560 τοῦ
2684 2507 2930 2575 Γαληνοῦ
2969 2508 3092 2578 ἱερὰ
3136 2508 3341 2576 ὠφελεῖ
3377 2506 3479 2576 μὲν
3523 2506 3662 2559 διδο-

2084 2601 2220 2670 μένη
2244 2599 2553 2670 χρησίμως,
2591 2598 2772 2669 νεκρῷ
2805 2598 2862 2652 δὲ
2892 2600 2951 2653 οὐ
2988 2599 3263 2653 λυσιτελεῖ
3292 2615 3306 2630 '
3335 2599 3428 2650 τὸν
3467 2597 3526 2650 δὲ
3581 2597 3660 2668 μὴ

2068 2693 2346 2764 χρῄζοντα
2380 2691 2481 2761 τῆς
2513 2691 2576 2757 ἐξ
2605 2691 2777 2761 αὐτῆς
2836 2691 3110 2762 ὠφελείας
3146 2695 3243 2744 καὶ⁸
3274 2691 3532 2762 βλάψειεν
3569 2690 3658 2744 ἄν.

386 2778 546 2846 juvat
611 2775 833 2866 quidem
901 2779 1112 2848 utiliter
1190 2787 1340 2854 data,
1381 2787 1476 2842 sed
1523 2796 1744 2842 mortuo
1802 2788 1942 2842 nihil
2009 2786 2392 2859 proﬁctt;qui
2485 2801 2618 2841 vero
2661 2786 2854 2842 eodem
2935 2786 3184 2841 remedio
3257 2801 3366 2840 non
3424 2785 3652 2857 indiget,

393 2876 441 2929 ei
493 2863 758 2938 fortassis,
775 2863 1012 2956 nocebit.
1029 2880 1032 2884 ’

466 2965 538 3020 De
590 2955 968 3023 sacratissimo
1006 2972 1109 3024 hoc
1162 2974 1424 3042 mysterio
1490 2990 1613 3044 qua:
1679 2976 1970 3046 hucusque

395 3056 538 3110 dicta
596 3067 726 3112 sunt
799 3061 1093 3116 sufﬁciant.
1160 3066 1506 3122 Aceedamus
1558 3078 1738 3122 autem
1782 3076 1837 3122 et
1898 3070 1965 3124 ad

397 3150 722 3205 miraculum
779 3149 995 3216 Lazari,
1046 3153 1360 3230 nonisolum
1406 3169 1666 3229 tanquam
1713 3160 1967 3215 miraculi

2151 2973 2287 3045 Περὶ
2329 2975 2426 3044 μὲν
2466 2967 2560 3027 οῦν
2591 2970 2683 3024 τοῦ
2720 2973 3021 3042 ίερωτάτου
3080 2973 3384 3042 μυστηρίου
3421 2972 3657 3027 τοσαῦτα

2077 3064 2137 3118 τό
2159 3081 2222 3133 γε
2255 3065 2349 3116 νῦν
2377 3063 2497 3134 ἔχον
2519 3065 2782 3133 ἀρκείτω.
2815 3064 3266 3134 Παραγενὼμεθα
3294 3065 3351 3118 δὲ
3381 3069 3476 3120 καὶ
3496 3068 3660 3134 ἡμεῖς

2078 3157 2157 3228 τῷ
2191 3159 2332 3212 κατά
2366 3159 2458 3211 τὸν
2512 3158 2770 3228 Λάζαρον
2805 3157 3070 3226 θαύματι,
3136 3157 3198 3210 οὐ
3246 3159 3441 3212 θεαταὶ
3496 3159 3659 3228 μόνον

397 3240 526 3295 facti
588 3237 1257 3328 comtemplatoresfsed
1322 3258 1579 3321 tanquam
1643 3260 1967 3322 potestatem

2079 3249 2172 3303 τοῦ
2199 3251 2515 3318 γινομένου,
2549 3249 2684 3303 ἀλλὰ
2710 3251 2804 3341 κει).
2835 3248 2936 3318 τῆς
2973 3247 3158 3318 ἰσχύος
3187 3249 3280 3301 τοῦ
3309 3249 3661 3318 θαυματουρ-

399 3334 548 3388 illius
601 3336 693 3403 qui
727 3349 988 3406 operatus
1044 3349 1127 3395 est
1161 3341 1510 3416 miraculum,
1544 3350 1599 3396 et
1626 3343 1968 3398 reconditum

398 3426 546 3480 illius
626 3444 850 3482 sensum
913 3434 1176 3486 attentius
1245 3433 1573 3504 inspectnri.
1658 3435 1972 3492 Videbimus

395 3519 540 3571 enim
569 3517 753 3574 Jesum
779 3521 1070 3576 Dominum
1107 3533 1356 3580 nostrum
1405 3528 1568 3582 amici
1613 3539 1972 3586 monumento

396 3619 696 3675 astantem,
755 3614 848 3682 qui
891 3614 1110 3684 quidem
1151 3619 1265 3686 jam
1298 3628 1426 3674 ante
1473 3619 1831 3690 quatriduum
1879 3621 1974 3678 de-

397 3702 612 3769 positus
671 3703 876 3771 fuerat,
927 3716 981 3761 et
1007 3706 1238 3764 ftetebat
1268 3728 1284 3766 :
1321 3709 1546 3765 Mariam
1582 3727 1612 3766 a
1651 3727 1842 3768 sorore
1875 3727 1968 3767 vo-

397 3799 576 3843 catam
610 3804 667 3846 ut
699 3793 843 3847 irent
883 3793 1126 3862 obviam,
1165 3807 1547 3855 occurrentem
1578 3810 1630 3856 et
1667 3800 1975 3872 lacryman-

396 3888 506 3934 tein
565 3883 974 3953 miserabiliter,
1043 3891 1382 3963 pedibusque
1431 3891 1551 3954 eius
1607 3894 1970 3954 advolutam:

394 3972 580 4028 Iesum
632 3978 850 4035 ﬂentem
906 3985 1188 4041 moderate
1216 3996 1270 4042 et
1301 3989 1646 4054 frementem,
1700 3991 1972 4046 naturali-

395 4082 503 4136 que
536 4071 769 4125 miseriae
814 4073 1046 4144 benigne
1082 4080 1532 4149 contpatientem,
1555 4083 1670 4137 sive
1705 4091 1968 4151 tanquam

394 4159 766 4230 legislatorem
805 4176 1054 4222 nostrum
1094 4183 1386 4239 ponentem
1438 4173 1698 4244 lacrymis
1725 4173 1970 4240 modum,

395 4255 560 4309 etiam
613 4252 669 4312 in
696 4259 846 4312 luctu
875 4260 1289 4330 defunctorum,
1336 4273 1390 4320 et
1447 4268 1614 4336 paulo
1645 4277 1768 4337 post
1793 4269 1972 4323 susei-

396 4355 602 4401 tantem
668 4348 959 4416 Lazarum,
1032 4355 1287 4410 oratione
1335 4365 1390 4411 et
1465 4373 1600 4413 voce
1641 4359 1970 4414 vocantibus

397 4452 523 4491 cum
573 4449 844 4508 pomstate
883 4443 1020 4508 ;illa
1055 4446 1300 4513 quidem,
1369 4459 1430 4503 ut
1477 4451 1795 4506 ostenderet
1821 4453 1970 4506 utili-

399 4537 565 4584 tatem
618 4536 890 4589 orationis
934 4537 1149 4601 ;altera
1179 4555 1332 4604 vero,
1367 4550 1427 4594 ut
1471 4542 1775 4600 divinitatis
1822 4554 1972 4616 pote-

398 4630 594 4678 statem
650 4627 984 4682 ostenderet.
1043 4627 1368 4687 Videbimus
1400 4633 1670 4690 Lazarum
1712 4638 1776 4691 ad
1821 4639 1967 4691 soni-
2003 4624 2048 4679 Ῑ)
2079 4643 2266 4692 ναμιν·

400 4721 516 4765 tum
568 4716 720 4770 vocis
773 4729 1172 4788 resurgentem,
1224 4722 1449 4793 ligatum
1491 4727 1719 4793 institis,
1772 4730 1968 4785 velatis

398 4806 596 4871 oculis,
671 4807 974 4872 fmtentem,
1023 4813 1353 4883 tandemque
1399 4817 1464 4872 iis
1519 4829 1611 4887 qui
1664 4834 1788 4872 cum
1841 4819 1969 4873 Jesu

400 4896 789 4954 rt-cntnbebant
829 4900 1148 4970 adiunctum
1189 4923 1203 4959 :
1238 4903 1459 4963 Judaeos
1507 4909 1762 4962 turbatos
1805 4908 1972 4962 mira-

397 4991 546 5053 culo,
598 4994 905 5065 vulnusque
957 4997 1059 5052 hoc
1115 4998 1220 5054 sibi
1261 4999 1969 5054 lethaleinﬂietumexisti-

398 5091 628 5146 mantes,
679 5083 1172 5145 Demonstrabalur
1197 5091 1343 5145 enim
1396 5093 1779 5160 magnitudine
1807 5094 1970 5146 mira-

396 5173 524 5236 culi,
571 5177 716 5243 quod
783 5178 896 5246 ipse
941 5179 1081 5234 Deus
1121 5191 1272 5236 esset
1303 5197 1573 5253 :cumque
1617 5184 1841 5237 credere
1872 5184 1971 5238 de-

397 5266 666 5333 buissent,
719 5271 838 5324 vitae
909 5271 1217 5340 largitorem
1252 5289 1282 5328 e
1319 5277 1498 5330 medio
1545 5277 1755 5339 tollere,
1820 5285 1873 5328 et
1914 5276 1968 5329 in

397 5359 676 5423 prmmium
713 5365 1131 5420 resurrectionis
1168 5366 1423 5430 aliorum,
1483 5367 1586 5436 ipsi
1625 5383 1731 5420 mou
1749 5377 1855 5421 tem
1889 5369 1971 5422 in-

398 5447 540 5502 ferre
581 5461 912 5507 statuerunt.
974 5455 1029 5509 Id
1076 5471 1207 5510 vero
1251 5474 1376 5512 cum
1432 5458 1642 5527 absque
1692 5461 1968 5515 calumnia

398 5551 657 5608 [παιδιαιέ
685 5561 789 5598 non
824 5556 1074 5615 possent,
1097 5551 1468 5618 suspicionem
1497 5551 1759 5607 affectatae
1785 5561 1970 5623 tyran-

397 5634 540 5686 nidis
614 5637 810 5706 populo
865 5641 1162 5709 inspirant,
1221 5641 1594 5697 Romanorum
1649 5655 1851 5697 metum
1889 5645 1971 5697 in-

400 5723 641 5787 cutiunt,
699 5728 960 5796 urbisque
1031 5729 1433 5785 desolationem
1499 5747 1691 5786 (avere
1755 5733 1968 5799 jubtmt,

325 5870 337 5877 κ
403 5813 665 5884 suffragia
719 5821 904 5888 populi
941 5821 1066 5876 inde
1122 5833 1480 5893 aucupantes.
1542 5823 1862 5878 Vult-bimus
1888 5823 1968 5878 Je-

405 5918 524 5959 stttn
586 5918 838 5965 nostrum
899 5911 1253 5970 festinantem
1319 5916 1386 5970 ad
1454 5915 1545 5970 diu
1643 5917 1968 5972 meditatam

2079 3341 2308 3412 γοῦντος
2364 3343 2622 3405 ἐπόπται,
2651 3342 2743 3394 καὶ
2778 3341 2877 3410 τῆς
2923 3341 3385 3410 ὲγκεκρυμμένης
3415 3341 3659 3405 διανοίας

2079 3436 2158 3507 τῷ
2204 3435 2466 3504 θαύματι.
2532 3434 2806 3504 Ὀψόμεθα
2856 3435 2966 3504 γὰρ
2997 3433 3272 3504 ἡμέτερον
3315 3433 3528 3505 Ἰησοῦν
3564 3435 3660 3487 καὶ

2081 3528 2361 3598 Δεσπότην
2397 3529 2644 3598 μνήματι
2683 3527 2839 3596 φίλου
2877 3527 3344 3596 παραγινόμενον,
3384 3528 3662 3598 τετάρτην

2081 3621 2298 3690 ἡμέραν
2339 3621 2565 3688 ἄγοντος
2615 3621 2672 3672 ὲν
2727 3617 2901 3688 αὐτῷ,
2960 3618 3054 3672 καὶ
3087 3617 3344 3681 όδωδότος
3373 3618 3474 3688 ἠδη
3506 3633 3521 3648 ’
3557 3618 3663 3687 τὴν

2079 3714 2300 3784 Μαρίαν
2352 3712 2700 3781 καλουμένην
2757 3710 2863 3762 ὑπὸ
2914 3710 3012 3777 τῆς
3065 3709 3301 3779 ἀδελφῆς
3363 3709 3502 3779 πρὸς
3558 3707 3661 3779 τὴν

2081 3804 2383 3874 ὑπάντησιν
2406 3803 2501 3855 τοῦ
2527 3802 2822 3864 Δεσπότου,
2847 3802 2942 3854 καὶ
2962 3799 3295 3854 ύπαντῶσαν
3320 3803 3413 3853 καὶ
3441 3799 3662 3852 κλαίου-

2083 3913 2184 3949 σαν
2214 3895 2514 3966 φορτικῶς,
2547 3895 2642 3947 καὶ
2673 3896 2785 3954 τοῖς
2826 3894 2987 3947 ποσὶν
3015 3894 3183 3947 αὐτοῦ
3233 3893 3664 3962 προσκυλινδου·

2084 3987 2256 4058 μένην
2286 4001 2301 4017 °
2335 3987 2430 4040 τὸν
2481 3985 2694 4056 Ἰησοῦν
2721 3984 3028 4057 δακρύοντα
3058 3983 3296 4056 μετρίως
3327 3983 3417 4036 καὶ
3459 3984 3663 4055 ἐμϐρι-

2083 4077 2434 4150 μώμενον,ἢ
2489 4080 2558 4148 τῇ
2609 4077 2967 4147 ταλαιπωρίᾳ
3023 4075 3122 4145 τῆς
3183 4077 3402 4146 φύσεως
3448 4075 3662 4146 ἀνθρω-

2083 4171 2256 4233 πίνως
2287 4169 2735 4240 συμπεπονθότα,
2770 4167 2803 4238 ἦ
2841 4169 2916 4232 ὡς
2943 4169 3250 4237 νομοθέτην
3280 4168 3442 4238 ήμῶν
3481 4168 3660 4238 μέτρα
3738 4202 3744 4207 -

2079 4263 2290 4316 διδόντα
2321 4263 2430 4316 τῶν
2462 4263 2555 4316 ἐπὶ
2596 4264 2708 4324 τοῖς
2765 4263 3040 4328 κειμένοις
3070 4260 3346 4330 δακρύων,
3378 4262 3474 4313 καὶ
3535 4259 3662 4331 μετ’

2080 4353 2264 4421 ὀλίγον
2293 4353 2600 4407 ἀνιστῶντα
2638 4353 2727 4404 τὸν
2764 4353 3016 4420 Λάζαρον
3044 4353 3177 4422 εὐχῇ
3215 4353 3309 4405 καὶ
3357 4353 3510 4421 φωνῇ
3556 4368 3660 4404 κα-

2079 4440 2279 4510 λούσης
2313 4442 2434 4509 μετ⁹
2467 4442 2715 4505 ἐξουσίας
2747 4455 2760 4468 '
2794 4442 2852 4492 τὸ
2878 4441 2974 4510 μὲν
3005 4442 3092 4493 ἵνα
3119 4441 3266 4512 δείξῃ
3303 4441 3363 4494 τὸ
3385 4443 3660 4511 χρήσιμον

2081 4533 2181 4601 τῆς
2218 4533 2406 4603 εὐχῆς,
2443 4533 2504 4584 τὸ
2553 4533 2606 4586 δὲ
2647 4533 2733 4585 ἵνα
2767 4533 2865 4599 τῆς
2903 4532 3158 4603 θεότητος
3190 4535 3405 4604 ὲκφήνῃ
3433 4533 3530 4603 τὴν
3565 4533 3661 4586 δύ-

2345 4624 2621 4692 Ὀψόμεθα
2672 4625 2765 4677 τὸν
2821 4624 3074 4693 Λάζαρον
3132 4625 3271 4692 πρὸς
3320 4629 3421 4692 τὴν
3469 4626 3657 4694 φωνὴν

2078 4716 2464 4783 ἀνιστάμενον,
2491 4716 2776 4784 δεδεμένον
2807 4717 3066 4787 κειρίαις,
3096 4719 3187 4769 καὶ
3210 4718 3307 4786 τὴν
3335 4719 3456 4788 ὄψιν
3487 4737 3656 4772 κεκαο

2077 4805 2385 4876 λυμμένην,
2415 4808 2508 4858 καὶ
2539 4805 2796 4869 ὀδωδότα,
2831 4807 2927 4860 καὶ
2959 4807 3151 4862 λοιπὸν
3174 4811 3288 4872 τοῖς
3324 4827 3648 4863 συνανακειι-

2079 4898 2262 4966 μένοις
2313 4898 2393 4966 τῷ
2435 4898 2613 4969 Ἰησοῦ
2651 4900 3121 4968 προστιθέμενονο
3175 4901 3306 4964 τοὺς
3361 4902 3655 4966 Ἰουδαίους

2073 4991 2520 5058 ταραττομένους
2557 4991 2650 5043 ἐπὶ
2701 4991 2779 5062 τῷ
2809 4991 3076 5060 θαύματι,
3106 4993 3202 5044 καὶ
3231 4994 3448 5064 πληγὴν
3485 4996 3653 5063 ἡγου-

2077 5083 2272 5151 μένους
2299 5083 2460 5136 τοῦτο
2509 5084 2756 5154 καιρίαν.
2793 5085 2931 5155 Ἤδη
2981 5087 3090 5153 γὰρ
3120 5085 3481 5140 ἀπεδείκνυτο
3513 5086 3656 5154 λαμ-

2075 5175 2228 5241 πρῶς
2270 5175 2399 5239 Θεὸς
2430 5177 2506 5230 ὢν
2532 5177 2609 5246 τῷ
2651 5177 2926 5245 μεγαλείςρ
2956 5177 3052 5231 τοῦ
3084 5177 3390 5247 θαύματος,
3415 5177 3509 5230 καὶ
3534 5177 3656 5232 δέον

2076 5268 2380 5333 πιστεύειν,
2410 5269 2624 5322 ἀνελεῖν
2648 5270 2942 5340 ἠπείγοντο
2970 5270 3063 5323 τὸν
3091 5273 3190 5340 τῆς
3218 5269 3367 5339 ζωῆς
3391 5270 3653 5341 χορηγὸν,

2075 5360 2172 5414 καὶ
2206 5361 2304 5429 τῆς
2344 5360 2456 5413 τῶν
2485 5360 2661 5415 ἀλλων
2695 5363 3049 5426 ἀναστάσεως
3112 5363 3352 5432 ἀμοιϐὴν
3387 5363 3534 5434 αὐτῷ
3561 5363 3654 5418 τὸν

2075 5453 2270 5506 ἑαυτοῦ
2323 5454 2508 5508 δοῦναι
2541 5454 2792 5509 θάνατον.
2854 5457 2961 5509 Καὶ
3024 5455 3181 5508 τοῦτο
3247 5457 3320 5525 μὴ
3356 5456 3652 5526 δυνάμενοι

2082 5548 2347 5614 πράττειν
2377 5546 2507 5599 ἄνευ
2545 5547 2802 5614 διαδολῆς
2833 5547 3074 5616 ὑποψίαν
3121 5549 3458 5618 τυραννίδος,
3515 5549 3651 5602 ὑπο-

2074 5639 2335 5691 ϐάλλουσι
2361 5638 2437 5708 τῷ
2473 5640 2606 5706 λαῷ,
2641 5641 2849 5694 καὶτὸν
2877 5641 2986 5694 τῶν
3025 5641 3315 5712 Ῥωμαίων
3349 5642 3651 5696 ἐπισείουσι

2077 5733 2266 5799 φόϐον,
2302 5732 2398 5783 καὶ
2456 5733 2556 5800 τὴν
2591 5736 2693 5801 τῆς
2745 5735 2953 5796 πόλεως
2989 5733 3392 5798 ἀναστάτωσιν,
3427 5734 3526 5802 τὴν
3557 5733 3657 5788 τοῦ

2076 5827 2250 5892 δήμου
2280 5825 2460 5893 ψῆφον
2493 5823 2745 5886 ἐντεῦθεν
2777 5825 2970 5891 κλέψαι
2996 5825 3333 5894 βουλόμενοι.
3379 5823 3653 5894 Ὀψὸμεθα

2077 5918 2166 5971 τὸν
2212 5917 2423 5986 Ἰησοῦν
2463 5917 2618 5988 ἡμῶν
2648 5916 3053 5982 κατεπείξαντα
3091 5919 3192 5988 μὲν
3223 5917 3364 5972 οὕτω
3398 5918 3458 5972 τὸ
3493 5936 3522 5946 ·’
3563 5917 3575 5927 “
3607 5937 3610 5940 ’
