4038 6422
341 365 450 429 373

1364 357 1554 418 ιιυΜ.
1593 354 1692 415 DE
1731 354 2056 416 SACRAM.
2101 351 2453 416 CORPORE
2494 353 2642 414 J.-C.

3513 358 3626 422 3M

345 477 591 548 τὼμενον
654 472 845 540 πάθος,
897 473 989 525 ἐπὶ
1023 470 1444 540 λαμπροτάταις
1477 470 1796 537 ἀποδείξεσι
1827 469 1925 538 τῆς

2042 469 2374 536 passionem.
2441 485 2550 521 11011
2613 468 2732 522 sine
2776 471 3224 536 Iit‘Lcc'eariSSimis
3274 475 3619 528 demonstra-

347 571 624 637 θεότητος,
672 562 1063 636 ἀναχωροῦντα
1094 563 1152 616 δὲ
1183 562 1348 616 πάλιν
1393 562 1579 627 εὐθὺς,
1616 562 1692 633 μὴ
1739 562 1924 632 φθάσῃ

346 667 407 714 τὸ
438 658 609 722 πάθος
659 658 759 728 τήν
817 655 1104 727 βασιλικὴν
1153 656 1374 721 ἐκείνην
1405 657 1657 726 πομπὴν,
1702 657 1798 709 καὶ
1829 655 1928 725 τὴν

353 753 488 824 μετὰ
527 752 636 805 τῶν
670 751 844 821 βαῖων
893 749 1221 824 ὑπάντησιν,
1276 748 1507 811 καὶτὰς
1549 748 1663 802 τῶν
1717 748 1929 801 παίδων

353 847 533 914 φωνάς
561 845 708 912 άπερ
735 843 929 913 ἔμελλε
983 842 1311 911 συμϐαίνειν
1361 843 1585 896 εἰσιόντι
1617 843 1717 912 τήν
1770 841 1928 894 πόλιν

352 940 456 992 τῶν
510 937 812 1008 προφητῶν
854 937 949 990 καὶ
998 937 1171 990 ταῦτα
1221 935 1792 1007 προαναφωνούντων,
1853 938 1928 1007 μή

353 1033 568 1103 κωλυθῇ
601 1032 661 1084 τὸ
689 1032 910 1086 δεῖπνον
941 1032 1120 1084 ἐκεῖνο
1144 1029 1208 1083 τὸ
1231 1029 1378 1102 ίερδν
1409 1031 1538 1099 περὶ
1563 1028 1625 1083 οὗ
1653 1028 1931 1099 νῦνήμεῐς

354 1127 444 1180 τὸν
471 1126 630 1194 λόγον
685 1123 1092 1195 ἐποιησάμεθα,
1129 1123 1226 1177 καὶ
1272 1125 1301 1178 ὁ
1357 1123 1676 1195 θαυμαστὸς
1719 1124 1930 1186 ἐκεῖνος

358 1218 574 1289 νιπτήρ,
607 1219 634 1271 ό
663 1217 766 1288 τῆς
818 1215 1212 1277 ταπεινώσεως
1246 1214 1345 1269 καὶ
1374 1215 1475 1285 τῆς
1525 1215 1753 1284 ἀγάπης
1786 1213 1938 1273 διδάε

360 1312 574 1374 σκαλος,
628 1311 786 1380 κα.ὶή
831 1308 1122 1363 τελευταία
1159 1309 1298 1378 πρὸς
1345 1309 1474 1372 τοὺς
1503 1307 1755 1378 μαθητὰς
1792 1327 1935 1384 συμ-

357 1404 545 1474 ϐουλὴ,
589 1404 684 1457 καὶ
706 1403 807 1457 ὅσα
836 1401 974 1472 πρὸς
1001 1401 1097 1454 τοῦ
1145 1400 1381 1456 θανάτου
1414 1400 1712 1460 τελεῖσθαι,
1740 1403 1936 1476 ἐχρῆν,

364 1497 603 1567 μεγάλην
633 1495 800 1549 αὑτοῦ
833 1497 897 1566 τῇ
929 1494 1082 1567 δόξῃ,
1109 1493 1314 1565 μᾶλλον
1339 1493 1399 1548 δὲ
1429 1496 1496 1566 τῇ
1527 1494 1783 1570 ἡμετέρᾳ
1807 1497 1936 1568 δόξῃ

358 1591 452 1643 καὶ
502 1587 750 1660 σωτηρίᾳ
788 1588 1085 1660 βεϐαίωσιν
1140 1588 1400 1658 φέροντα.
1430 1587 1554 1648 ’ἶνα
1619 1591 1698 1662 μὴ
1753 1592 1937 1644 τοίνυν
1975 1620 1992 1640 ι

353 1684 568 1738 ἅπαντα
593 1682 769 1736 ταῦτα
798 1681 1030 1751 διακοπῇ
1071 1683 1139 1750 τῇ
1173 1685 1552 1757 περιεσοτέρᾳ
1571 1683 1665 1738 τοῦ
1695 1681 1936 1753 Χριστοῦ

360 1774 645 1845 παρρησίᾳ
693 1773 830 1841 trp-5;
885 1771 1150 1841 ὀξυτέραν
1202 1771 1506 1846 θηριωδίαν
1556 1773 1937 1842 ὲρεθισθέντος

352 1867 448 1920 τοῦ
481 1864 722 1936 πονηροῦ
748 1864 1183 1937 συνεδρίου,,καὶ
1214 1865 1802 1940 φορτικώτεροναύτῷ
1834 1866 1936 1937 τήν

355 1957 630 2025 τελευτὴν
665 1955 1026 2030 ἐπιφέροντος
1056 1976 1072 1991 ο
1117 1959 1303 2013 οὐκέτι
1357 1959 1648 2031 παρρησίᾳ
1697 1975 1937 2029 περιπαο

354 2050 548 2106 τοῦντα
575 2049 766 2109 τοῦτον
793 2052 1068 2126 ὀψόμεθα,
1088 2053 1202 2106 ἀλλ’
1232 2055 1400 2126 ἐγγὺς
1424 2054 1523 2124 τῆς
1547 2053 1763 2124 ἐρήμου
1796 2050 1938 2123 μετά

356 2146 469 2199 τῶν
511 2147 774 2218 μαθητῶν
825 2147 1202 2218 διατρίϐοντα.
1241 2146 1360 2212 Τίς,
1387 2141 1432 2201 ὧ
1477 2149 1769 2218 παρόντας,
1802 2147 1939 2200 άπο-

357 2238 629 2306 γνώσεται
653 2240 756 2311 τῆς
780 2240 1056 2310 σωτηρίας
1087 2239 1412 2310 τηλικοῦτον
1448 2239 1590 2310 ἔχων
1617 2239 1934 2310 Δεσπότην;

357 2330 442 2397 τίς
473 2333 662 2404 νεκρὸς
693 2332 791 2396 ὢν,
820 2334 919 2403 οὐχ
943 2332 1015 2395 ὥς
1062 2333 1094 2403 ή
1121 2331 1220 2386 ’τοῦ
1264 2332 1496 2404 Ἰαείρου
1526 2333 1800 2402 θυγάτηρ,
1829 2331 1939 2386 οὐδ’

359 2427 434 2490 ὡς
464 2427 564 2496 τῆς
590 2429 768 2498 χήρας
803 2428 941 2491 υίὸς,
991 2427 1120 2498 ἄρτι
1151 2425 1246 2480 τοῦ
1281 2427 1522 2482 θανάτου
1580 2427 1937 2497 γευσάμενοι,

365 2519 498 2572 ἀλλὰ
525 2521 867 2588 τεταρταῖος,
899 2517 1149 2572 τουτέστι
1171 2520 1409 2590 χρόνιος,
1444 2519 1538 2572 καὶ
1573 2520 1685 2582 τοῖς
1711 2519 1940 2589 τέταρσι

364 2610 458 2663 τοῦ
499 2610 695 2678 χρόνου
746 2613 961 2681 καιροῖς
1004 2613 1602 2682 συμπαρατεινομένην
1652 2612 1791 2682 έχων
1840 2611 1940 2680 τήν

363 2699 630 2769 νέκρωσιν
659 2702 755 2754 καὶ
777 2700 878 2772 τήν
913 2701 1207 2773 πονηρίαν,
1239 2703 1336 2755 καὶ
1363 2701 1652 2769 δεδεμένος
1688 2703 1790 2770 μὲν
1816 2701 1942 2754 πολ-

361 2793 472 2854 λοῖς
507 2794 874 2863 ἁμαρτήμασι
900 2795 1092 2864 χεῖρας
1116 2793 1212 2846 καὶ
1252 2792 1418 2857 πόδας
1443 2791 1544 2856 τάς
1575 2793 1684 2846 τῶν
1713 2793 1941 2860 ἀγαθῶν

365 2885 674 2955 πρακτικάς
697 2885 982 2957 δυνάμεις,
1012 2884 1258 2957 δηλονότι
1287 2885 1671 2954 κεκωλυμένος
1699 2886 1805 2938 ὑπὸ
1835 2885 1943 2939 τῶν

364 2977 621 3048 πονηρῶν
669 2978 964 3049 ἐνεργειῶν
1017 2995 1078 3031 τε
1128 2979 1224 3031 καὶ
1259 2978 1454 3046 ἕξεων,
1499 2978 1599 3047 τὴν
1633 2978 1692 3032 δὲ
1745 2979 1942 3041 νοερὰν

358 3071 483 3140 ὄψιν
524 3071 909 3141 πεπεδημένος
936 3070 1132 3141 ἀγνοίᾳ
1159 3069 1255 3123 τοῦ
1287 3069 1503 3132 δέοντος
1533 3069 1798 3139 ἑκουσίῳ,
1847 3069 1941 3122 καὶ

2032 562 2274 616 tionibus
2332 577 2444 615 ante
2495 561 2809 622 divinitatis
2853 586 2864 620 :
2901 569 3196 639 statimque
3244 566 3618 628 secedentem,

2034 669 2101 707 "0
2156 653 2340 720 Ρθεείο
2391 654 2724 721 antidit-"xei
2778 660 2980 728 regiam
3035 661 3182 714 illam
3241 677 3518 730 pompam,
3567 673 3622 712 rt

2031 745 2248 804 OlH'iam
2281 763 2409 804 Cum
2448 749 2653 816 palmis
2704 755 2953 815 itionem,
2991 771 3401 826 puerorumque
3433 770 3619 814 voces,

2033 854 2154 908 Quae
2208 840 2410 901 omnia.
2428 841 2762 918 ingredienti
2801 847 2991 901 urbem
3046 847 3296 901 accidere
3324 849 3618 912 debebam,

2035 948 2157 984 rum
2209 932 2330 996 hac
2386 943 2671 1010 propheta:
2717 939 3226 1008 praedixissent;ne
3263 941 3624 1008 impediretur

2033 1039 2196 1088 “Eia
2263 1032 2352 1086 illa
2377 1047 2557 1095 sacra,
2589 1034 2659 1088 de
2707 1048 2814 1100 qua
2844 1034 3008 1087 modo
3059 1047 3369 1088 sermonem
3409 1032 3477 1086 ad
3523 1049 3622 1088 ros

2045 1123 2426 1200 habuimnset
2464 1124 2732 1178 mirabilis
2785 1124 2874 1177 illa
2941 1123 3138 1190 pelvis,
3196 1123 3531 1178 humilitatis
3576 1135 3629 1177 et

2042 1213 2334 1267 charitatis
2381 1220 2682 1284 magistra;
2711 1215 2904 1268 ultima
2947 1215 3013 1268 ad
3066 1214 3373 1284 discipulos
3425 1211 3628 1268 exhor-

2041 1307 2198 1372 tatio,
2251 1316 2307 1362 ct
2343 1321 2687 1376 quaecunque
2720 1315 2846 1362 ante
2904 1317 3136 1361 mortem
3169 1306 3434 1376 compleri
3462 1321 3628 1376 opor-

2043 1399 2211 1462 tebat,
2273 1414 2524 1470 magnam
2567 1398 2746 1468 ipsius
2817 1399 3024 1469 gloriae,
3062 1398 3236 1469 magis
3265 1414 3398 1453 vero
3425 1409 3629 1454 nostrae

2039 1503 2096 1548 et
2143 1493 2332 1561 gloria:
2395 1499 2452 1545 et
2499 1492 2669 1545 saluti
2729 1490 3116 1546 certitndinem
3188 1489 3497 1551 affet-entia.
3552 1492 3631 1545 Ne

2041 1584 2208 1655 igitur
2277 1584 2393 1639 hazc
2453 1582 2641 1638 omnia
2707 1584 3270 1654 interrumperentur,
3325 1584 3468 1638 malo
3537 1586 3631 1638 illo

2041 1678 2342 1751 synhedrio
2396 1677 2463 1732 ad
2513 1675 2852 1733 acerbiorem
2927 1674 3198 1730 feritatem
3265 1675 3479 1729 irritata
3536 1692 3633 1744 per

2042 1773 2369 1842 ampliorem
2431 1769 2644 1826 Christi
2707 1769 2992 1833 ﬁduciam,
3016 1777 3070 1823 et
3102 1768 3481 1838 impudentius
3509 1768 3620 1838 jam

2043 1863 2150 1933 ipsi
2230 1877 2421 1918 necem
2489 1859 2695 1916 inferre
2751 1858 3081 1925 cogitante:
3132 1859 3440 1914 videbimus
3496 1874 3624 1912 eum

2041 1972 2150 2010 non
2191 1955 2383 2011 eadem
2417 1953 2617 2008 ﬁducia
2668 1953 3072 2016 ambulantem,
3124 1952 3220 2008 sed
3267 1951 3413 2006 circa
3441 1952 3630 2006 deser-

2043 2057 2160 2104 tum
2212 2063 2339 2103 cum
2397 2047 2692 2117 discipulis
2767 2055 3106 2101 versantem.
3175 2044 3310 2110 Quis
3384 2045 3631 2106 tandem.

2044 2144 2354 2208 auditores,
2427 2143 2593 2197 talem
2644 2141 2858 2197 habens
2923 2139 3240 2203 Dominum.
3318 2139 3384 2193 de
3454 2139 3634 2194 salute

2045 2235 2358 2304 desperabit
2391 2233 2579 2302 ?Quis
2624 2241 2904 2299 mortuus,
2939 2247 3050 2288 non
3101 2231 3246 2315 sicut
3300 2229 3437 2284 .lairi
3493 2230 3628 2296 ﬁlia,

2043 2345 2223 2401 neque
2247 2337 2310 2386 ut
2337 2328 2521 2404 viduae
2575 2327 2740 2392 ﬁlius,
2799 2341 2980 2397 nuper
3042 2335 3274 2381 mortem
3334 2325 3628 2388 obeuntes,

2047 2424 2144 2480 sed
2205 2423 2634 2495 quatriduanus,
2688 2422 2793 2476 hoc
2851 2427 2957 2485 est,
3000 2418 3350 2484 diuturnam,
3391 2427 3444 2472 et
3493 2431 3633 2488 qua-

2047 2530 2175 2573 tuor
2229 2504 2540 2587 temporum
2589 2513 2898 2570 intervallis
2949 2511 3336 2568 conﬁrmatam
3396 2517 3630 2565 mortem

2049 2619 2106 2665 et
2144 2608 2414 2664 malitiam
2464 2608 2706 2673 habens,
2769 2615 2824 2662 et
2869 2606 3060 2660 multis
3118 2605 3362 2676 peccatis
3437 2604 3635 2672 ligatas

2051 2715 2250 2756 manus
2312 2708 2368 2755 et
2431 2699 2620 2770 pedes,
2669 2697 2882 2754 scilicet
2933 2697 3207 2751 bonorum
3241 2710 3469 2763 operum
3500 2691 3636 2748 cﬁ‘e-

2048 2793 2256 2846 ctrices
2297 2791 2574 2860 poxentias
2604 2790 2830 2852 habens,
2885 2790 3254 2856 detentusque
3310 2800 3405 2855 per
3459 2785 3636 2839 malos

2049 2891 2209 2940 actus
2268 2893 2324 2938 et
2373 2883 2616 2947 habitus,
2695 2881 2972 2952 Spirituali
3055 2881 3176 2936 visu
3256 2879 3484 2933 orbatus
3535 2891 3634 2945 per

2049 2979 2419 3034 voluntariam
2483 2975 2648 3031 olficii
2700 2975 2787 3031 sui
2850 2973 3244 3046 ignorantiam,
3304 2983 3357 3026 et
3409 2973 3632 3027 malitia:

2050 3072 2299 3128 fictorem
2325 3068 2588 3140 spirans?
2612 3068 2738 3137 quis
2761 3067 2948 3138 igitur,
2973 3066 3139 3120 etiam
3164 3067 3209 3119 si
3232 3064 3358 3118 talis
3377 3063 3634 3139 exsistat,

360 3161 457 3233 τήν
487 3163 585 3233 τῆς
613 3163 878 3233 πονηρίας
903 3162 1170 3216 δυσωδίαν
1197 3161 1444 3216 ἐκπνέων
1461 3179 1477 3228 ;
1501 3162 1585 3224 τίς
1613 3160 1794 3215 τοίνυν
1845 3160 1936 3214 καὶ

2047 3167 2116 3221 de
2179 3165 2359 3222 salute
2413 3163 2753 3233 deSperabit,
2813 3161 2929 3217 haec
2987 3161 3169 3216 omnia
3229 3158 3634 3215 considerans?

359 3253 596 3320 τοιοῦτος
635 3255 711 3310 ὢν
751 3255 1052 3310 ἀπελπίσει
1087 3254 1186 3325 τὴν
1216 3254 1518 3326 σωτηρίαν,
1551 3253 1725 3308 ταῦτα
1757 3253 1940 3307 πάντα

359 3351 534 3420 ὁρῶν;
573 3351 648 3404 υύ
675 3351 786 3420 γάρ
812 3351 909 3414 τάς
941 3335 1270 3420 σωματικὰξ
1298 3346 1415 3400 λύει
1455 3347 1646 3409 νόσους
1680 3349 1708 3400 ό
1736 3347 1940 3400 Δεσπό-

360 3463 455 3516 της
497 3443 678 3512 ήμῶν,
728 3443 864 3496 ἀλλὰ
909 3443 1006 3502 τὰς
1040 3441 1320 3510 ἁμαρτίας
1352 3441 1548 3510 ἀφίησι
1577 3439 1763 3508 πολλῷ
1810 3456 1940 3510 προ-

364 3539 694 3608 χειρότερον,
719 3536 794 3598 ὠς
817 3535 916 3606 τήν
947 3535 1186 3605 ψυχικὴν
1217 3534 1395 3588 ἀνεῖλε
1436 3534 1595 3587 νόσον
1629 3533 1726 3587 τοῦ
1751 3534 1940 3603 Παρα-

367 3631 528 3682 λύτου
559 3630 688 3699 πρὶν
737 3629 1031 3698 ἐπιστῆσαι
1085 3629 1151 3697 τῇ
1186 3625 1460 3696 θεραπείᾳ
1507 3624 1604 3678 τοῦ
1655 3625 1934 3694 σώματος.

367 3721 636 3792 Πρότερον
664 3719 774 3790 γάρ
802 3714 980 3784 εἶπεν,
1026 3717 1356 3787 Ἀφέωνταί
1383 3730 1501 3769 σου
1533 3717 1594 3770 αι
1629 3715 1930 3784 ἁμαρτίαι·

361 3810 500 3878 εἶτα,
525 3806 711 3879 Ἀρον
741 3811 848 3864 τόν
881 3810 1218 3878 κράόϐατόν
1251 3822 1395 3875 σου,
1434 3807 1534 3861 καὶ
1584 3808 1800 3877 ὕπαγε.
1857 3809 1936 3878 Τῇ

364 3907 641 3976 πρακτικῇ
673 3905 855 3958 τοίνυν
890 3905 1062 3974 ἀρετῇ
1095 3904 1196 3972 τὴν
1235 3902 1472 3973 θεωρίαν
1503 3901 1935 3971 άνακαλεσώμε-

363 3999 434 4053 θα
469 3999 833 4063 σπεύσαντες,
862 3997 938 4061 ὡς
972 3997 1090 4049 ἐκεῖ
1136 3996 1237 4068 τὴν
1272 3996 1562 4066 Μαριάμη
1589 3995 1816 4065 Μάρθα,
1845 3996 1938 4049 καὶ

364 4092 770 4160 ὑπαντήσωμεν
804 4089 881 4160 τῷ
910 4091 1170 4160 ἡμετέρῳ
1209 4088 1459 4158 Δεσπότῃ
1493 4087 1599 4140 ὑπὸ
1630 4085 1936 4157 φιλανθρωο

361 4183 488 4246 πίας
517 4183 614 4237 καὶ
641 4181 794 4250 αὐτῷ
826 4183 964 4252 πρὸς
991 4181 1091 4251 τήν
1116 4181 1275 4251 ήμῶν
1299 4179 1599 4234 ἀνάστασιν
1625 4179 1931 4234 σπεύδοντι·

359 4276 425 4330 ἂν
453 4277 614 4346 μόνον
663 4273 1084 4343 έτοιμασθῶμεν
1114 4274 1204 4326 καὶ
1230 4272 1642 4344 προφθάσωμεν
1669 4273 1838 4328 αὑτοῦ
1869 4274 1931 4326 τὸ

360 4367 652 4439 πρόσωπον
681 4371 738 4420 ὲν
771 4366 1161 4436 ἐξομολογήσει
1207 4367 1303 4419 κα)⁵
1360 4365 1651 4436 κλαυθμῷ,
1687 4368 1780 4421 τὸν
1838 4365 1933 4419 τοῦ

365 4462 634 4514 Δεσπὸτου
687 4461 783 4514 καὶ
844 4460 1034 4529 ἰατροῦ
1087 4454 1270 4514 οἶκτον
1319 4460 1761 4530 ἑπισπασόμεθα.
1815 4461 1932 4512 Κᾶν

363 4540 504 4607 οὕτω
557 4553 1113 4626 ποιήσωμενηαὺτδς
1163 4553 1258 4606 τὸν
1309 4553 1582 4624 ἡμέτερον
1628 4554 1930 4622 ἀναστήσει

362 4647 632 4716 Λάζαρον,
660 4650 909 4701 τουτέστι
955 4647 1049 4699 τὸν
1087 4648 1283 4716 νεκρὸν
1329 4647 1424 4700 καὶ
1470 4646 1743 4700 δυσωδίαν
1792 4649 1931 4700 ἁπο-

364 4739 590 4792 πνέοντα
644 4738 790 4801 νοῦν,
842 4741 938 4792 καὶ
971 4739 1068 4792 ἕνα
1100 4739 1210 4790 τῶν
1245 4740 1730 4806 συνανακειμένων
1783 4740 1934 4810 αύτῷ

360 4833 573 4902 ποιήσει
605 4834 700 4885 καὶ
732 4832 1205 4900 συνεστιωμένων,
1234 4831 1437 4900 μᾶλλον
1470 4831 1526 4883 δὲ
1550 4832 1645 4884 τοῦ
1677 4829 1933 4902 σώματος

358 4924 504 4994 αὐτῷ
540 4924 843 4992 μεταδώσει
900 4925 995 4978 τοῦ
1051 4923 1200 4994 ἱεροῦ
1231 4925 1326 4977 καὶ
1367 4922 1462 4976 τοῦ
1503 4926 1738 4992 αἵματος
1763 4967 1778 4990 ,
1836 4927 1932 4980 καὶ

358 5018 493 5087 πρὸς
539 5016 636 5086 τὴν
672 5016 1056 5088 πνευματικὴν
1083 5015 1383 5069 ἐπιδιδόναι
1413 5017 1628 5084 ποιήσει
1657 5014 1826 5085 ζωὴν,
1860 5016 1927 5068 ού

2047 3259 2163 3315 Non
2222 3262 2368 3314 enim
2407 3257 2730 3329 corporales
2784 3257 3003 3311 morbos
3069 3253 3418 3328 solummodo
3471 3253 3636 3308 solvit

2050 3349 2317 3404 Dominus
2373 3357 2585 3412 noster,
2623 3348 2720 3403 sed
2785 3347 2960 3401 multo
3016 3345 3237 3400 facilius
3286 3354 3515 3414 peccata
3548 3344 3635 3398 di-

2045 3444 2249 3510 mittit;
2285 3444 2430 3498 sicut
2457 3442 2803 3510 spiritualcm
2834 3441 3123 3512 paralytici
3161 3439 3436 3504 morbum,
3476 3439 3632 3508 prius

2043 3551 2209 3606 quam
2261 3535 2518 3606 corporis
2569 3535 2844 3590 curationi
2907 3534 3212 3589 insisteret.
3279 3533 3439 3587 Prius
3481 3531 3631 3586 enim

2044 3629 2204 3695 dixit,
2240 3627 2598 3682 Dimittuntur
2640 3627 2735 3680 tibi
2775 3635 2996 3695 peccata
3028 3644 3042 3680 :
3072 3639 3224 3690 mox,
3249 3622 3398 3677 Tolle
3435 3623 3634 3694 graba-

2046 3731 2156 3775 tum
2185 3732 2354 3786 tuum,
2381 3733 2428 3776 et
2479 3720 2717 3775 ambula.
2744 3719 3098 3775 Festinemus
3147 3718 3312 3788 igitur
3366 3717 3628 3771 virtutem

2041 3830 2207 3884 opere
2250 3821 2598 3875 exercentes,
2655 3813 2776 3880 eius
2806 3809 3334 3880 contemplationem
3372 3809 3438 3862 ad
3487 3823 3628 3878 opus

2043 3921 2326 3972 revocare,
2391 3913 2451 3961 ut
2519 3905 2632 3959 illic
2684 3903 2896 3958 Martha
2931 3903 3162 3958 Mariam
3203 3919 3218 3956 :
3264 3917 3627 3957 occurramus

2041 4001 2277 4056 Domino
2311 4008 2506 4055 nostro
2529 3997 2766 4052 maxima
2800 3997 3139 4068 benignitate
3171 3995 3236 4050 ad
3271 4002 3518 4050 nostram
3543 4010 3628 4051 re-

2041 4090 2437 4147 surrectionem
2471 4069 2796 4156 festinanti;
2829 4089 2874 4145 si
2910 4087 3073 4142 modo
3101 4086 3390 4158 prazparati
3425 4087 3623 4151 simus,

2039 4194 2093 4241 et
2122 4199 2571 4255 praeoccupemus
2621 4182 2814 4237 faciem
2847 4181 2965 4250 ejus
2995 4182 3048 4235 in
3081 4179 3433 4238 confessione
3464 4177 3626 4234 ﬂetu—

2041 4296 2167 4349 que,
2218 4277 2432 4334 Domini
2478 4287 2532 4333 et
2565 4277 2758 4334 Medici
2814 4274 3258 4333 misericordiam
3313 4274 3622 4330 elicicmns.

2041 4371 2106 4426 Et
2143 4372 2190 4426 si
2240 4372 2312 4427 ita
2344 4369 2660 4436 fecerimus,
2708 4369 2826 4440 ipse
2878 4379 3131 4423 nostrum
3169 4365 3462 4422 suscitabit
3525 4364 3626 4420 La-

2040 4479 2250 4529 zarum,
2314 4462 2419 4517 hoc
2469 4470 2575 4529 est,
2610 4469 2850 4516 mentem
2895 4467 3169 4514 mortuam
3199 4465 3256 4512 et
3310 4457 3624 4520 fatentem,

2042 4568 2324 4623 unumque
2359 4569 2428 4609 ex
2461 4552 2950 4609 discumbentlbus
2989 4566 3174 4607 secum
3205 4549 3460 4606 convivis
3504 4549 3626 4606 suis

2040 4648 2203 4702 faciet
2235 4663 2249 4701 :
2285 4647 2593 4716 praesertim
2633 4659 2766 4703 vero
2821 4643 3260 4700 communicabit
3297 4643 3349 4698 ei
3406 4658 3625 4699 sacrum

2041 4755 2202 4794 suum
2261 4754 2461 4808 corpus
2491 4747 2546 4793 et
2573 4739 2895 4808 sanguinem
2922 4754 2938 4804 ;
2971 4737 3036 4793 ad
3080 4735 3426 4806 spiritualem
3457 4738 3624 4791 vitam

2041 4832 2310 4901 proﬁcere
2382 4832 2566 4897 faciet,
2632 4849 2740 4886 non
2801 4831 2982 4887 solum
3049 4840 3206 4885 reatu
3272 4839 3626 4898 peccatorum

2042 4926 2306 4991 liberans,
2350 4925 2444 4981 sed
2497 4934 2553 4980 et
2584 4925 2816 4996 gratiam
2877 4924 3068 4993 gratia:
3105 4922 3396 4994 adjiciens.
3440 4922 3626 4978 Gloria

2041 5019 2114 5074 sit
2158 5018 2550 5078 misericordia:
2581 5017 2701 5088 ejus
2733 5023 2786 5077 in
2807 5019 3007 5076 szecula
3041 5018 3390 5090 smculorum.
3427 5018 3626 5071 Amcn.

357 5111 517 5179 μόνον
547 5111 646 5178 τῆς
677 5111 869 5180 ὲνοχῆς
898 5110 1008 5165 τῶν
1042 5109 1331 5180 ἁμαρτιῶν
1357 5108 1633 5176 ἀπολύων,
1662 5108 1798 5162 ἀλλὰ
1824 5111 1911 5164 καὶ
1948 5111 2112 5183 χάριν
2143 5113 2326 5184 χάριτι
2365 5114 2701 5185 προστιθείς.
2764 5114 2901 5179 Δόξα
2951 5113 3028 5184 τῷ
3111 5113 3250 5168 ἐλέει
3301 5109 3470 5166 αὑτοῦ
3544 5113 3626 5169 είς

351 5205 477 5259 τοὺς
508 5204 728 5257 αίῶναε.
771 5202 819 5253 ’.Α
838 5205 967 5253 μέν.
