4038 6420
485 414 554 475 τε,
1580 399 2019 460 omnem

2158 398 2354 457 PATR
2369 399 2439 456 ῐᾹ
2456 399 2546 457 RC
2557 397 2604 456 [Ι
2619 398 2677 455 ,Ε

454 561 886 585 ,_____________
928 556 1412 574 ______.,__.._.

902 746 1536 871 EJUSDEM
1625 745 1959 862 ALIA
2038 743 2559 859 BREVIS
2641 746 3246 861 HOMILIA

1372 1002 1471 1062 DE
1502 991 1858 1060 CORPOBE
1908 993 2005 1054 ΕΤ
2039 993 2442 1055 SANGUINE
2503 992 2788 1053 DOMINI

547 1189 766 1251 Relata
791 1205 836 1250 ἀ
867 1188 1118 1250 Melrtio
1151 1189 1404 1267 Syrigo,
1446 1186 1926 1248 hieromonacho
1967 1182 2280 1254 Cretensi,
2318 1181 2385 1241 in
2439 1180 2845 1258 Refutatione
2893 1178 3324 1259 Confessionis
3361 1178 3589 1257 Cyrilh’

1563 1311 1825 1371 Lucart’s
1855 1307 2177 1389 Cpolt'tam'
2214 1301 2620 1388 patrtarchw.

518 1636 655 1693 Cum
706 1637 773 1690 de
822 1633 1206 1690 sacramentali
1241 1646 1471 1702 corpore
1505 1641 1564 1688 et
1599 1633 1864 1704 sanguine
1922 1633 2022 1686 Do-
2057 1639 2098 1692 Α

441 1729 575 1784 mini
625 1728 798 1782 nostri
843 1725 971 1782 Jesu
1003 1725 1211 1780 Christi
1246 1741 1420 1794 nuper
1454 1725 1518 1778 ad
1552 1734 1790 1779 vestram
1843 1727 2015 1780 inter-

440 1823 783 1891 rogationem
822 1835 888 1874 ex
929 1829 1174 1889 tempore
1211 1817 1684 1887 responderimus,
1717 1833 1866 1872 nunc
1917 1819 2016 1873 ite—

438 1930 562 1968 rum
600 1911 774 1966 fusius
825 1911 1310 1980 respondebimus,
1363 1925 1590 1966 necesse
1623 1911 1890 1966 habentes
1924 1927 2017 1965 ve-

436 2020 554 2061 ram
601 2004 934 2059 sacramenti
984 2003 1356 2072 cognitionem
1404 2004 1562 2060 vobis
1601 2005 1842 2070 tradere,
1897 2013 2019 2059 tan—
2057 2006 2071 2022 '

438 2112 604 2167 quam
639 2095 1008 2151 Sanctissimis
1043 2095 1332 2150 animabus
1361 2111 1480 2164 quae
1514 2098 1817 2152 secundum
1844 2096 2013 2153 Deum

435 2191 691 2259 diligunt,
729 2204 830 2243 nec
871 2189 1057 2244 minus
1089 2188 1416 2257 diliguntur.
2032 2262 2037 2268 ί

506 2282 754 2336 Primum
803 2282 969 2352 igitur
1003 2282 1148 2336 scire
1174 2281 1582 2352 debetis,quod
1629 2283 1845 2338 Domini
1897 2280 2035 2337 nos-if

435 2377 509 2432 tri
539 2392 745 2447 corpus
771 2375 1214 2438 sanctissimum,
1243 2391 1412 2430 unttm
1448 2391 1669 2445 semper
1716 2377 2015 2442 exsistens,

436 2473 692 2525 diversos
723 2467 1117 2523 considerandi
1150 2467 1343 2522 modos
1373 2468 1640 2523 admittit.
1666 2469 1840 2523 Aliter
1869 2470 2014 2523 enim

437 2579 474 2617 a
507 2562 664 2617 nobis
693 2562 1102 2622 consideratur,
1139 2569 1418 2629 quatenus
1447 2560 1718 2624 naturale,
1752 2561 1868 2615 sive
1895 2570 2014 2614 sta-

437 2659 535 2711 tim
569 2656 637 2710 ab
665 2655 785 2725 ipsa
821 2652 1206 2723 conceptione,
1240 2667 1418 2722 usque
1448 2653 1514 2706 atl
1553 2654 1733 2723 ipsius
1768 2668 1865 2723 per
1916 2655 2018 2707 mi-

438 2750 629 2804 racula
683 2747 1241 2802 manifestationem:
1294 2747 1454 2800 aliter
1487 2754 1762 2816 quatenus
1816 2745 2019 2816 glorio-

437 2859 584 2906 sum,
628 2841 745 2897 sive
797 2855 826 2893 a
866 2837 1322 2894 manifestatione
1372 2853 1546 2908 usque
1589 2838 1654 2893 ad
1702 2838 2015 2908 passionem

440 2944 503 2990 et
534 2934 878 3003 sepulturam
909 2947 930 2990 :
977 2931 1139 2985 aliter
1185 2945 1407 3000 quoque
1445 2939 1713 3000 quatenus
1745 2930 2017 3002 gloriﬁca-

436 3036 579 3091 tum,
605 3025 718 3080 sive
736 3024 805 3077 ab
836 3023 1267 3090 resurrectione,
1297 3031 1352 3076 et
1383 3037 1598 3092 semper
1621 3023 1918 3094 deinceps:
1957 3019 2037 3078 ιιι-⁷

436 3119 576 3172 liter.
600 3115 826 3170 tandem
855 3123 914 3170 ut
957 3116 1250 3185 mysticum
1279 3130 1376 3171 seu
1409 3118 1829 3183 sacramentale,
1863 3131 2016 3171 nem-

435 3225 505 3280 pe
541 3218 814 3279 quatenus
864 3208 920 3263 in
971 3209 1205 3264 diversis
1261 3209 1528 3264 altaribus
1571 3208 2014 3265 Christianorum

437 3301 904 3369 orthodoxorum,
931 3302 1165 3356 nimium
1195 3316 1360 3372 quam
1388 3302 1736 3368 mirabiliter,
1769 3301 2016 3372 quotidie

436 3408 684 3466 praesens
729 3394 1039 3448 exhibetur.
1092 3393 1156 3446 Hi
1202 3407 1369 3464 porro
1421 3393 1813 3449 considerandi
1865 3393 2013 3448 modi

434 3488 688 3557 quamvis
738 3486 968 3554 diversi,
1003 3486 1210 3542 Christi
1245 3503 1466 3557 corpus,
1518 3488 1664 3556 quod
1708 3487 2013 3543 secundum

435 3578 557 3631 illas
580 3593 773 3632 omnes
797 3577 1043 3633 rationes
1066 3593 1236 3631 unum
1260 3585 1364 3644 est,
1391 3577 1706 3632 nullatenus
1738 3577 2013 3632 dividunt.

509 3669 788 3735 Secundo,
826 3671 972 3724 scire
1010 3683 1232 3738 quoque
1267 3683 1366 3723 vos
1413 3677 1650 3737 oportet,
1711 3667 1861 3736 quod
1914 3669 2014 3723 mi-

435 3763 752 3816 raculorum
782 3761 1029 3816 omnium
1054 3777 1176 3832 qua:
1197 3777 1227 3816 a
1254 3760 1364 3817 Deo
1393 3776 1560 3830 supra
1589 3771 1839 3816 naturam
1872 3762 2011 3817 facta

435 3865 591 3916 sunt,
637 3855 812 3924 magis
844 3853 1266 3924 supernaturale
1317 3853 1527 3908 nullum
1563 3863 1645 3908 est
1676 3853 1782 3909 hoc
1825 3869 2012 3910 sacra-

434 3957 618 4002 mento
657 3963 673 4012 ;
712 3947 858 4001 unde
889 3947 1100 4001 nullum
1146 3948 1319 4018 magis
1349 3947 1632 4018 ignoratur
1660 3947 1729 4002 ab
1759 3947 2013 4002 illittera-

433 4038 527 4102 tis,
565 4051 744 4106 neque
776 4038 832 4091 in
875 4036 987 4092 ullo
1020 4037 1129 4092 alio
1164 4039 1340 4108 magis
1370 4047 1666 4093 exercetur
1697 4037 1877 4093 divina
1913 4039 2013 4092 hu-

436 4144 714 4198 manaque
745 4130 1042 4200 sapientia,
1078 4144 1259 4199 neque
1297 4129 1445 4184 aliud
1483 4140 1566 4185 est
1597 4132 1653 4186 in
1689 4145 1847 4187 sacra
1880 4148 2012 4186 nos-

436 4230 519 4273 tra
549 4220 674 4282 ﬁde,
713 4219 805 4274 cui
837 4221 959 4289 plus
1013 4219 1403 4275 contradieant
1463 4221 1710 4277 inlideles
1739 4229 1793 4276 et
1841 4223 2011 4276 luere-

2213 1628 2433 1701 Ἐπειδὴ
2488 1620 2617 1698 περί
2673 1625 2769 1683 τοῦ
2815 1627 3232 1697 μυστηριώδους
3290 1631 3544 1700 σώματος
3607 1636 3699 1688 καὶ

2123 1720 2361 1789 αἵματος
2394 1719 2490 1773 τοῦ
2528 1721 2744 1789 Κυρίου
2777 1718 2934 1789 ἡμῶν
2979 1718 3158 1788 Ἰησοῦ
3195 1721 3437 1790 Χριστοῦ
3484 1727 3697 1794 προχεί-
3727 1777 3736 1783 _

2072 1885 2078 1891 _
2123 1833 2232 1886 ρως
2271 1817 2466 1890 πρώην
2497 1817 2922 1889 ἀπεκρινάμεθα
2952 1817 3092 1888 πρὸς
3122 1818 3224 1886 τὴν
3257 1819 3536 1890 ὑμετέραν
3565 1821 3702 1892 ἐριῖ»

2121 1931 2302 1982 τησιν,
2334 1913 2430 1968 νῦν
2463 1913 2632 1968 πάλιν
2662 1913 3004 1982 πλατύτερον
3030 1912 3469 1985 ἀποκρινόμεθα,
3491 1915 3698 1987 ἔχοντες

2121 1994 2370 2076 ἀνάγκην
2403 2007 2479 2070 ὡς
2512 2006 2745 2060 δυνατὸν
2780 2003 3018 2059 ἐνθεῖναι
3043 2006 3173 2075 ύμῖν
3209 2005 3315 2068 τὴν
3349 2007 3525 2077 ἀληθῆ
3560 2009 3694 2075 γνῶυ
3763 2025 3769 2030 ·

2127 2117 2214 2152 σιν
2246 2099 2340 2154 τοῦ
2381 2099 2710 2170 μυστηρίου,
2748 2099 2824 2162 ὡς
2855 2099 3188 2162 ὁσιωτάταις
3211 2099 3426 2170 ψυχαῖς
3448 2100 3542 2154 καὶ
3561 2100 3696 2168 ἀγα-

2125 2191 2340 2254 πώσαις
2373 2189 2515 2253 κατά
2551 2189 2706 2252 Θεὸν,
2743 2190 2835 2242 καὶ
2864 2189 3288 2258 ἀγαπωμέναις.

2199 2283 2424 2354 Πρῶτον
2467 2281 2567 2351 μὲν
2600 2279 2895 2347 γινώσκειν
2939 2282 3213 2351 ὀφείλετε,
3255 2287 3340 2338 ὅτι
3371 2285 3431 2338 τὸ
3468 2285 3559 2338 τοῦ
3589 2282 3693 2337 Ru-

2127 2375 2246 2444 ρίου
2276 2374 2435 2444 ὑμῶν
2463 2372 2629 2444 σῶμα
2661 2373 2722 2426 τὸ
2755 2373 3047 2442 πανάγιον,
3078 2375 3136 2428 ἓν
3168 2377 3424 2445 ὑπάρχον
3451 2378 3556 2441 ἀεὶ,
3585 2378 3694 2430 δια-

2122 2467 2324 2537 φόρους
2351 2465 2666 2535 ἐπιδέχεται
2695 2465 2957 2536 θεωρίας.
2995 2467 3208 2531 ’Ἄλλως
3237 2470 3348 2540 γὰρ
3381 2471 3694 2542 θεωροῦμεν

2121 2559 2255 2628 περὶ
2287 2557 2452 2612 αὐτοῦ
2477 2558 2613 2612 καθὸ
2641 2559 3094 2630 φυσικοῦ,’ῆγουν
3124 2561 3292 2626 εὐθὺς
3322 2564 3430 2640 ἀπὸ
3457 2566 3555 2636 τῆς
3575 2566 3690 2620 συλ-

2120 2651 2343 2722 λήψεως
2408 2651 2572 2722 μέχρι
2608 2651 2824 2720 καὶτῆς
2871 2652 2958 2706 διὰ
2997 2655 3108 2706 τῶν
3139 2654 3442 2723 θαυμάτων
3489 2660 3692 2714 ἀναδεί-

2122 2742 2298 2808 ξεως·
2341 2741 2436 2794 κα)⁸
2480 2740 2658 2803 ἄλλως
2709 2741 2845 2795 καθὸ
2905 2743 3148 2808 ἐνδόξου,
3204 2746 3382 2817 ἤγουν
3443 2750 3552 2804 ἀπὸ
3594 2751 3690 2820 τῆς

2120 2832 2449 2897 ἀναδείξεως
2521 2833 2686 2903 μέχρι
2730 2831 2826 2885 τοῦ
2861 2833 3071 2898 πάθους
3102 2837 3199 2890 καὶ
3226 2839 3339 2908 τῆς⁴
3357 2841 3536 2911 ταφῆς
3559 2859 3572 2873 ·
3601 2842 3694 2895 καὶ

2120 2926 2302 2988 ἄλλως
2339 2922 2761 2994 δεδοξασμένον,
2804 2927 2976 2996 ἡγουν
3038 2929 3150 2982 ἀπὸ
3193 2929 3299 2998 τῆς
3359 2934 3691 2994 ἀναστάσεως

2122 3019 2216 3072 καὶ
2249 3019 2411 3088 μέχρι
2443 3017 2647 3082 παντὸς
2672 3017 2772 3072 τοῦ
2812 3020 3009 3090 χρόνου
3049 3021 3345 3091 διηνεκῶς·
3399 3027 3492 3080 καὶ
3523 3027 3690 3090 ἄλλως

2119 3110 2196 3173 ὡς
2223 3111 2514 3180 μυστικοῦ,
2538 3113 2708 3183 ἦγουν
2734 3112 2868 3166 καθὸ
2896 3114 2954 3166 ὲν
2981 3113 3261 3184 διαφόροις
3291 3118 3689 3188 θυσιαστηρίοις

2114 3204 2227 3257 τῶν
2287 3204 2585 3275 ὀρθοδόξων
2619 3205 3003 3275 Χριστιανῶν,
3062 3205 3539 3279 ὑπερθαυμάστως
3576 3207 3691 3265 καθ’

2118 3296 2360 3366 ἑκάστην
2390 3295 2849 3366 παρουσιάζεται.
2886 3299 2952 3350 Δί
2998 3297 3249 3352 τοιαῦται
3287 3301 3357 3373 δὴ
3389 3304 3537 3373 ὅμως
3579 3301 3690 3356 διά·

2119 3404 2276 3457 φοροι
2329 3388 2558 3457 θεωρίαι
2593 3388 2656 3441 ού
2697 3387 2974 3459 διαιροῦσι
3008 3391 3071 3444 τὸ
3100 3390 3194 3445 τοῦ
3229 3393 3474 3464 Χριστοῦ
3515 3397 3684 3466 σῶμα,

2117 3478 2254 3533 ἀλλά
2281 3479 2371 3534 διά
2404 3480 2592 3536 πασῶν
2617 3480 2677 3535 ἓν
2709 3482 2848 3534 ἐστι.
2939 3477 2948 3486 “

2190 3653 2457 3725 Δεύτερον
2486 3655 2782 3724 γινώσκειν
2835 3657 3104 3727 ὀφείλετε,
3165 3661 3247 3716 ὅτι
3305 3667 3522 3720 πάντων
3578 3665 3679 3720 τῶν

2120 3747 2263 3817 ὑπὲρ
2298 3747 2456 3816 φύσιν
2487 3749 2786 3818 θαυμάτων
2811 3753 3115 3821 γινομένων
3149 3758 3301 3827 παρά
3342 3761 3499 3824 Θεοῦ,
3538 3761 3685 3815 οὐδέν

2116 3843 2269 3894 ἐστιν
2323 3829 2776 3913 ὑπερφυέστερον
2827 3845 2923 3898 τοῦ
2963 3850 3270 3921 μυστηρίου
3327 3853 3539 3916 τούτου,
3594 3851 3686 3906 καὶ
3768 3855 3770 3858 ’

2115 3931 2206 3984 διὰ
2238 3931 2399 3985 τοῦτο
2431 3933 2587 3988 οὐδὲν
2613 3935 2894 4002 ἀγνοεῖται
2925 3939 3084 4009 παρὰ
3115 3942 3229 4004 τοῖς
3265 3944 3502 4007 ἰδιώταις
3529 3943 3683 3996 πλέον

2115 4021 2330 4087 τούτου,
2357 4023 2450 4076 καὶ
2481 4023 2538 4076 ἐν
2572 4025 2753 4077 οὐδενὶ
2778 4029 3118 4095 γυμνάζεται
3147 4030 3180 4101 ἡ
3204 4031 3330 4087 θεία
3361 4035 3452 4088 καὶ
3483 4035 3684 4105 ἀνθρω-

2115 4118 2248 4183 πίνη
2282 4115 2448 4183 σοφία
2496 4116 2659 4170 πλέον
2686 4122 2900 4181 τούτου,
2943 4124 3040 4176 καὶ⁹
3063 4123 3240 4176 οὐδενὶ
3269 4126 3383 4181 τῶν
3416 4132 3510 4196 τῆς
3541 4129 3683 4195 ἱερὰς

2116 4206 2275 4276 ἡμῶν
2300 4209 2536 4272 πίστεως
2567 4209 2945 4279 ἀντιλέγουσιν
2971 4215 3020 4265 οἱ
3047 4213 3267 4269 ἄπιστοι
3301 4219 3401 4272 καὶ
3422 4216 3685 4290 αίρετικοὶ

432 4312 552 4365 tici.
589 4310 802 4366 Idcirco
831 4326 936 4364 nos
970 4311 1272 4380 aliquando
1305 4312 1360 4366 in
1397 4311 1604 4367 infelici
1638 4313 1867 4381 palatio,
1920 4312 2010 4366 die

2119 4300 2320 4366 μᾶλλον
2354 4301 2568 4354 τούτου.
2601 4302 2694 4356 Διὸ
2728 4308 2825 4356 καὶ
2855 4306 3019 4374 ἡμεῖς
3069 4324 3200 4359 ποτε
3236 4310 3294 4361 ἐν
3327 4311 3406 4380 τῷ
3443 4309 3686 4378 δυστυχεῖ

431 4418 760 4471 parasceves
818 4400 1040 4468 Lazari,
1098 4404 1166 4458 de
1228 4404 1463 4473 mystico
1521 4404 1730 4459 Christi
1793 4404 2006 4458 Domini

432 4508 671 4563 corpore
714 4507 1028 4548 sermonem
1074 4493 1395 4557 habuimus,
1451 4510 1636 4550 coram
1676 4495 2012 4564 imperatore

431 4594 486 4639 et
523 4594 746 4650 scttatu,
781 4585 1044 4654 urbisque
1079 4585 1460 4656 optimatibus,
1509 4586 1603 4655 qui
1642 4593 1776 4642 tunc
1809 4587 2011 4643 multas

431 4676 607 4731 servis
661 4677 867 4746 gratias
907 4678 1235 4732 retulerunt.
1305 4674 1466 4732 Nunc
1503 4676 1748 4733 breviter
1776 4685 1832 4733 et
1882 4692 2009 4750 per-

432 4770 624 4840 spicue
665 4768 733 4823 de
765 4769 956 4824 eodem
997 4769 1162 4825 verba
1195 4767 1484 4827 faciemus.

500 5037 709 5093 Scitote
745 5037 935 5108 igitur,
972 5037 1114 5092 inter
1158 5037 1253 5092 Dei
1291 5037 1557 5092 miracula
1595 5033 1849 5110 primum
1910 5039 2007 5094 illa

426 5134 607 5187 locum
636 5131 860 5195 habere,
898 5133 950 5184 in
998 5131 1204 5200 quibus
1263 5131 1404 5186 ordo
1461 5131 1638 5188 solum
1701 5143 1756 5186 et
1808 5132 2009 5187 modus

427 5233 638 5278 natura:
663 5231 931 5285 mutatur,
965 5221 1334 5294 efﬁciturque,
1365 5225 1460 5277 sed
1494 5224 1601 5278 alia
1635 5224 1744 5288 via,
1781 5223 1835 5277 id
1859 5225 2007 5293 quod

425 5316 674 5382 quotidie
713 5315 829 5368 ﬁeri
867 5325 1072 5385 potest.
1111 5318 1187 5369 lta
1241 5317 1493 5371 inﬁrmos
1531 5319 1735 5372 multos
1790 5317 2009 5371 sanavit

424 5407 697 5480 Dominus
755 5406 959 5474 absque
1016 5407 1310 5472 medicina,
1368 5415 1428 5460 ut
1464 5423 1684 5462 socrum
1734 5407 1907 5472 Petri,
1955 5417 2038 5461 et~

423 5499 763 5554 centurionis
805 5514 1034 5566 puerum
1070 5515 1085 5553 :
1133 5508 1301 5569 atque
1351 5499 1404 5552 in
1449 5501 1620 5553 veteri
1653 5499 2012 5554 Te5tamento

423 5608 522 5660 per
554 5592 867 5646 Samuelem
898 5600 949 5647 ct
978 5591 1150 5645 Eliam
1184 5592 1549 5648 condcnsavit
1581 5606 1762 5647 aerem
1792 5593 1855 5644 ad
1885 5593 2006 5661 plu-

2117 4390 2366 4460 παλατίῳ
2421 4392 2783 4464 ώμιλήσαμεν
2834 4397 2978 4448 κατὰ
3024 4397 3128 4464 τὴν
3183 4401 3550 4473 Παρασκευὴν
3592 4400 3682 4454 τοῦ

2114 4483 2372 4552 Λαζάρου
2408 4486 2541 4553 περὶ
2590 4486 2683 4537 τοῦ
2719 4488 2983 4555 μυστικοῦ
3009 4489 3264 4558 σώματος
3291 4494 3387 4546 τοῦ
3419 4492 3682 4548 Δεσπότου

2116 4577 2356 4647 Χριστοῦ
2391 4579 2625 4632 ἐνώπιον
2660 4582 2752 4635 τοῦ
2789 4583 3058 4652 βασιλέως
3102 4589 3197 4639 καὶ
3228 4588 3329 4656 τῆς
3387 4589 3681 4658 συγκλήτου

2115 4670 2212 4721 καὶ
2244 4668 2354 4721 τῶν
2386 4670 2691 4753 ἐξαιρέτων
2718 4674 2816 4744 τῆς
2845 4675 3078 4740 πόλεως,
3109 4677 3203 4730 καὶ
3229 4679 3435 4741 πολλὰς
3463 4682 3680 4750 χάριτας
3720 4727 3725 4747 π

2114 4761 2428 4831 ἀνήνεγκαν
2455 4763 2532 4832 τῷ
2564 4765 2758 4836 Κυρίῳ
2789 4767 2938 4833 τότε,
2975 4770 3070 4822 καὶ
3093 4770 3230 4840 ἡμῖν
3272 4775 3387 4836 τοῖς
3409 4773 3681 4830 ταπεινοῖς
3716 4763 3728 4835 ,ί

2120 4853 2333 4917 δούλοις
2365 4855 2553 4910 αὐτοῦ.
2610 4855 2725 4910 Νῦν
2781 4858 2837 4912 δὲ
2869 4858 3139 4929 σύντομον
3187 4863 3283 4916 καὶ
3335 4865 3502 4934 σαφὲς
3560 4861 3723 4924 περὶ¹

2111 4943 2307 4996 τούτου
2343 4945 2598 5014 λέγομεν.

2188 5035 2502 5089 Γινώσκετε
2543 5035 2636 5090 οῦν
2689 5038 2774 5091 ὅτι
2831 5041 2932 5111 τὴν
2982 5041 3209 5112 πρώτην
3268 5043 3424 5107 τάξιν
3460 5045 3516 5094 ὲν
3569 5037 3675 5096 τοῖς

2113 5126 2364 5197 θαύμασι
2409 5128 2504 5182 τοῦ
2556 5128 2693 5182 Θεοῦ
2739 5130 2957 5199 ἔχουσιν
2990 5115 3198 5199 ἐκεῖνα,
3237 5135 3295 5188 ὲν
3344 5131 3424 5197 οἷς
3471 5128 3679 5203 ἠτάξὲς

2116 5219 2278 5287 μόνον
2306 5220 2398 5272 καὶ
2415 5221 2442 5272 ὁ
2467 5221 2670 5289 τρόπος
2699 5220 2799 5291 τῆς
2816 5221 3032 5290 φύσεως
3057 5228 3458 5293 μεταποιεῖται,
3477 5226 3676 5292 γίνεται

2111 5312 2168 5364 δὲ
2201 5312 2438 5380 πρᾶγμα
2470 5312 2774 5381 δυνάμενον
2808 5312 3062 5381 γίνεσθαι
3095 5315 3223 5369 καθ’
3255 5317 3511 5384 ἑκάστην,
3547 5309 3678 5376 πλὴν

2109 5405 2180 5458 δι’
2201 5404 2371 5466 άλλης
2401 5405 2524 5458 ὁδοῦ
2549 5425 2561 5438 ·
2599 5405 2789 5478 ὥσπερ
2823 5407 3018 5464 ἰάσατο
3043 5409 3278 5471 πολλοὺς
3309 5407 3619 5482 ἀρρώστους
3647 5401 3672 5450 ὁ

2114 5499 2321 5568 Κύριος
2357 5500 2515 5570 ἡμῶν
2554 5500 2722 5570 χωρὶς
2753 5500 3018 5572 ἰατρείας,
3049 5501 3126 5565 ὡς
3155 5501 3254 5569 τὴν
3281 5501 3542 5566 πενθερὰν
3573 5490 3663 5546 τοῦ

2115 5592 2348 5662 Πέτρου,
2393 5593 2488 5644 καὶ
2533 5593 2624 5644 τὸν
2658 5594 2826 5648 παῖδα
2855 5594 2949 5647 τοῦ
3003 5595 3422 5666 ἑκατοντάρχου.
3489 5590 3590 5645 Καὶ
3621 5587 3680 5636 ἐν

422 5685 569 5737 tiam
610 5685 1028 5749 demittendam,
1082 5685 1289 5754 absque
1335 5685 1444 5741 ulla
1476 5687 1580 5742 alia
1620 5702 1785 5742 causa
1842 5696 2003 5744 uat't-

2116 5688 2179 5754 τῇ
2214 5685 2428 5754 Παλαιᾷ
2451 5686 2538 5740 διὰ
2562 5687 2655 5739 τοῦ
2676 5687 2934 5757 Σαμουὴλ
2961 5687 3169 5739 καὶτοῦ
3203 5687 3385 5741 Ἠλιοῦ
3405 5682 3676 5738 ὲπύκνωτε

425 5777 527 5829 ruit
563 5791 684 5845 quas
715 5778 956 5844 pluviam
991 5779 1346 5848 produceret.

2115 5775 2207 5828 τὸν
2272 5775 2412 5842 ἀέρα
2455 5777 2589 5846 πρὸς
2621 5776 2778 5830 ύετὸν
2833 5778 3002 5848 χωρὶς
3028 5777 3124 5830 τοῦ
3168 5777 3419 5845 γενέσθαι
3451 5768 3677 5844 φυσικήν

2120 5883 2248 5922 τινα
2281 5867 2514 5938 δύναμιν
2544 5871 2637 5924 καὶ
2668 5871 2853 5924 αἰτίαν
2871 5871 2964 5925 τοῦ
2998 5870 3235 5942 ὃμὸρου.
