4038 6428
278 436 377 499 377

1241 434 1427 496 HOM.
1474 435 1533 494 ll
1569 434 1666 495 DE
1699 432 2027 495 SACBAM.
2063 432 2414 495 CORPORE
2455 432 2612 499 J.'C.

3438 435 3549 496 378

340 546 613 616 Δευτέραν
642 543 829 613 ἔχουσι
858 544 1013 608 τάξιν
1047 545 1079 613 ἡ
1112 545 1409 607 ἀνάστασις
1436 544 1529 598 τοῦ
1558 544 1839 613 Λαζάρου,

2024 544 2343 599 Secundum
2381 545 2566 600 locum
2594 544 2799 600 habent
2822 547 3071 616 qumdam
3100 548 3229 613 alia,
3262 558 3321 602 ut
3347 545 3545 601 Lazari

270 640 364 692 καὶ
391 640 425 708 ἡ
457 637 757 706 ἀνάϐλεψις
789 641 883 689 τοῦ
907 636 1114 705 τυφλοῦ
1138 653 1152 669 ο
1176 639 1232 690 ὲν
1267 637 1481 699 τούτοις
1512 638 1623 704 γὰρ
1653 636 1713 688 τὺ
1745 636 1847 706 μὲν

271 730 577 800 γινόμενον,
614 730 756 783 κατὰ
796 729 893 800 τὴν
923 729 1085 797 φύσιν
1134 729 1253 781 ἐστί
1280 745 1295 759 ο
1344 730 1469 782 ὅσον
1516 729 1572 782 δὲ
1600 728 1738 800 πρὸς
1784 728 1849 781 τὸ

271 822 634 891 ὑποκείμενον
670 824 729 875 ὲν
782 816 826 888 ᾧ
870 822 1106 889 γίνεται,
1154 821 1311 891 παρὰ
1357 820 1457 889 τὴν
1491 819 1657 889 φύσιν
1704 819 1845 874 ἐστί.

272 916 421 967 Ποιεί
461 914 572 984 γὰρ
608 913 705 966 καὶ
737 914 769 983 ή
821 912 984 981 φύσις
1017 911 1158 981 αὑτὴ
1200 910 1369 980 ζωὴν,
1413 910 1533 963 ἀλλ’
1555 910 1656 962 οὐκ
1687 911 1744 963 ἐν
1771 910 1849 978 τῷ

272 1008 448 1079 νεκρῷ
472 1026 485 1039 ·
519 1008 615 1061 καὶ
642 1007 858 1060 δίδωσιν
908 1005 1033 1075 ὄψιν
1063 1006 1095 1074 ἡ
1139 1004 1324 1072 φύσις,
1378 1002 1496 1056 ἀλλ’
1529 1002 1630 1056 οὐκ
1676 1004 1736 1056 ἐν
1770 1001 1847 1072 τῷ

276 1102 659 1171 πεπηρωμένῳ
690 1100 817 1164 τοὺς
847 1097 1185 1169 ὀφθαλμούς.

342 1193 544 1264 Τρίτην
571 1192 755 1263 ἔχουσι
790 1191 943 1255 τάξιν
973 1192 1035 1244 τὸ
1064 1192 1259 1256 στῆναι
1284 1187 1376 1242 τοῦ
1400 1188 1605 1242 οίκείου
1637 1187 1843 1257 δρόμου

272 1288 364 1339 τὸν
396 1286 570 1356 ἥλιον,
622 1286 651 1337 δ
699 1285 893 1353 γέγονε
931 1285 1022 1338 διὰ
1084 1282 1262 1354 Ἰησοῦ
1296 1282 1393 1336 τοῦ
1433 1282 1590 1351 Ναυῆ
1613 1297 1628 1312 ⁶
1664 1282 1759 1334 καὶ
1788 1279 1851 1334 τδ

275 1380 433 1449 σῶμα
462 1379 711 1451 χωρῆσαι
750 1379 838 1431 διὰ
890 1378 1172 1447 σώματος,
1205 1378 1282 1440 ὡς
1337 1379 1365 1430 ὁ
1420 1375 1629 1447 Κύριος
1687 1374 1849 1445 ἡμῶν

273 1454 459 1543 διῆλθε
484 1473 590 1526 τῶν
648 1472 832 1543 θυρῶν
876 1472 1283 1542 κεκλεισμένων
1311 1489 1325 1505 ο
1359 1470 1539 1525 ταῦτα
1570 1471 1677 1541 γὰρ
1729 1467 1850 1524 κατ’

273 1566 463 1619 οὐδένα
481 1565 685 1636 τρόπον
720 1564 871 1635 παρᾶ
905 1564 1003 1633 τῆς
1032 1564 1253 1633 φύσεως
1279 1563 1541 1615 δύνανται
1573 1560 1848 1629 γίνεσθαι.

283 1657 568 1711 Ἐπέκεινα
601 1657 658 1710 δὲ
692 1644 913 1710 πάντων
944 1656 1155 1709 τούτων
1191 1655 1301 1708 τῶν
1332 1654 1685 1723 θαυμασίων,
1713 1652 1850 1706 ἀλλὰ

269 1748 364 1802 δύο
394 1751 500 1802 εἰσ)⁵
522 1747 777 1819 θαύματα
801 1748 1059 1819 μέγιστα,
1085 1748 1179 1800 καὶ
1204 1746 1381 1800 πάντα
1405 1745 1564 1813 λόγον
1588 1743 1848 1808 νικῶντα,

269 1842 327 1894 ἒν
368 1841 466 1912 μὲν
522 1839 671 1906 ἆπαξ
721 1840 1115 1909 γεγενημένον,
1168 1839 1258 1891 ὅτε
1333 1837 1432 1908 τὴν
1490 1834 1848 1904 ἀνθρωπίνην

1957 637 2316 703 resurrectio,
2358 646 2413 694 et
2456 638 2611 694 visus
2662 638 2714 693 in
2766 653 2914 693 cmco
2951 642 3270 705 restitutio;
3308 641 3364 695 in
3418 642 3545 694 istis

1953 732 2095 784 enim
2133 731 2278 801 quod
2310 731 2396 796 fit,
2423 732 2728 786 secundum
2757 741 3007 787 naturam
3037 742 3164 799 est;
3199 734 3294 789 sed
3330 735 3544 788 ratione

1952 821 2135 877 habita
2177 823 2245 877 ad
2304 823 2616 893 subjectum
2669 824 2721 877 in
2760 839 2871 893 quo
2918 824 2998 887 fit,
3047 832 3242 892 praeter
3288 835 3551 879 naturam-

1951 926 2055 971 est.
2095 915 2170 970 Ea
2213 917 2415 985 quippe
2467 918 2633 972 vitam
2678 917 2865 982 efIicit,
2908 918 3002 973 sed
3038 934 3145 972 non
3184 918 3239 972 in
3286 928 3540 985 mortuo;

1952 1010 2141 1064 eadem
2185 1009 2361 1065 visum
2405 1009 2521 1077 dat,
2558 1010 2656 1066 sed
2684 1026 2792 1064 non
2826 1011 2880 1065 in
2913 1010 3093 1066 oculis
3125 1010 3347 1066 orbato.

2026 1186 2274 1242 Tertium
2310 1188 2487 1243 locum
2541 1187 2768 1252 habent,
2821 1202 3046 1243 cursum
3077 1187 3365 1257 proprium
3404 1187 3542 1243 solis

1956 1281 2178 1345 sistere,
2217 1282 2361 1350 quod
2389 1296 2485 1351 per
2512 1280 2702 1337 Jesum
2742 1281 2889 1337 Nave
2921 1281 3127 1336 factum
3167 1292 3253 1336 est
3287 1300 3301 1337 :
3336 1296 3545 1350 corpus

1954 1388 2050 1443 per
2081 1372 2237 1429 aliud
2266 1388 2469 1443 corpus
2504 1382 2818 1444 penetrare,
2855 1383 2914 1429 ut
2961 1374 3095 1429 fecit
3137 1372 3396 1429 Christus
3433 1373 3542 1427 Do-

1953 1466 2156 1530 minus,
2209 1480 2334 1520 cum
2378 1482 2477 1537 per
2520 1467 2711 1523 clausa
2762 1470 2904 1523 ostia
2970 1468 3333 1534 pertransivit
3376 1483 3391 1521 :
3429 1469 3545 1524 haec
3636 1504 3643 1509 ι

1952 1558 2100 1612 enim
2130 1558 2286 1613 nullo
2321 1559 2488 1615 modo
2538 1574 2569 1615 a
2606 1572 2806 1615 natura
2851 1560 2996 1615 effici
3046 1569 3298 1629 possunt.
3356 1559 3543 1627 Longe

1951 1669 2086 1709 vero
2136 1669 2305 1725 supra
2369 1655 2557 1710 omnia
2617 1657 2736 1711 haec
2790 1656 3090 1721 mirabilia,
3128 1658 3241 1712 duo
3300 1658 3539 1712 maxima

1953 1748 2225 1803 miracula
2273 1757 2427 1810 sunt,
2478 1764 2601 1818 quae
2659 1749 2930 1804 rationem
2978 1764 3199 1804 omnem
3257 1761 3539 1819 superant,
3638 1780 3644 1787 ~

1956 1858 2125 1897 unum
2164 1842 2311 1912 quod
2348 1843 2518 1898 semel
2557 1842 2764 1897 factum
2822 1850 2927 1905 est,
2981 1841 3203 1910 quando
3242 1840 3538 1896 humanam

269 1933 431 2002 φύσιν
463 1936 489 1986 ὁ
522 1933 657 1997 Θεὸς
690 1932 895 2003 συνῆψε
930 1933 1007 2003 τῷ
1042 1932 1175 2003 θείῳ
1205 1930 1491 2003 προσώπῳ
1520 1946 1533 1960 ·
1563 1929 1757 2000 ἓτερον
1791 1926 1845 1980 δὲ

1954 1940 2208 1988 naturam
2240 1932 2382 1988 Deus
2407 1933 2705 2003 conjunxit
2735 1932 2940 1987 divinre
2971 1948 3226 2002 persona:
3257 1950 3271 1992 :
3302 1933 3537 1988 alterum

270 2025 457 2094 μεῖξον
485 2024 699 2087 τούτου,
741 2024 836 2076 καὶ
874 2023 1000 2078 καθ’
1036 2024 1253 2094 ἡμέραν
1279 2021 1589 2092 γινόμενον,
1629 2020 1713 2073 ὅτι
1736 2017 1836 2073 αύ-

266 2120 394 2172 τίκα
429 2117 759 2188 μεταϐάλλει
787 2116 885 2187 τὴν
919 2116 1110 2169 οὐσίαν
1150 2114 1246 2169 τοῦ
1297 2115 1469 2185 ἄρτου
1519 2114 1600 2175 εἰς
1624 2111 1727 2183 τὴν
1750 2110 1846 2164 ού-

269 2213 392 2265 σίαν
435 2212 528 2264 τοῦ
568 2212 701 2265 ίδίου
738 2209 993 2278 σώματος
1022 2212 1051 2261 ὁ
1102 2208 1359 2280 Χριστὸς,
1392 2207 1491 2261 καὶ
1520 2206 1619 2277 τὴν
1657 2204 1849 2258 οὐσίαν

263 2305 360 2358 τοῦ
393 2306 535 2359 οἴνου
567 2306 648 2366 εἰς
681 2304 780 2375 τὴν
812 2303 1005 2357 οὐσίαν
1029 2302 1127 2356 τοῦ
1164 2302 1298 2355 ἰδίου
1324 2301 1580 2370 αἵματος.
1624 2298 1714 2352 Ἐν
1748 2296 1849 2366 μὲν

266 2398 375 2467 γὰρ
399 2396 475 2466 τῷ
508 2396 709 2464 πρώτῳ
741 2394 1008 2463 θαύματι,
1041 2393 1303 2463 οὐδετέρα
1337 2390 1504 2461 φύσις
1536 2388 1846 2460 μετεϐλήθη

266 2490 405 2559 πρῦς
428 2488 526 2557 τὴν
552 2487 749 2557 ἑτέραν
774 2503 787 2519 ⁶
822 2485 940 2540 ἀλλ’
965 2486 1023 2538 ὲν
1046 2484 1125 2555 τῷ
1150 2484 1245 2538 τοῦ
1275 2482 1517 2555 Χριστοῦ
1541 2479 1846 2554 προσώπῳ,

268 2580 422 2649 καὶὴ
459 2578 652 2649 θεότης
701 2578 796 2630 καὶ
830 2579 863 2648 ὴ
916 2576 1282 2647 ἀνθρωπότης
1320 2576 1652 2645 ἀσυγχύτως
1686 2571 1847 2627 είσίν.

277 2672 370 2723 Ἔν
405 2669 461 2722 δὲ
496 2669 671 2739 τούτῳ
724 2667 801 2737 τῷ
865 2666 1160 2738 μυστηρίῳ
1210 2665 1274 2718 τὸ
1322 2664 1535 2735 κτίσμα
1562 2662 1703 2734 πρὸς
1751 2661 1846 2714 τὸν

269 2761 495 2829 κτίστην
526 2760 901 2831 μεταποιεῖται
941 2758 1030 2811 διὰ
1063 2759 1232 2827 μέσου
1256 2756 1351 2809 τοῦ
1382 2752 1660 2824 σώματος,
1693 2758 1789 2807 καὶ
1811 2752 1845 2821 ἡ

266 2853 669 2924 προῦφεστῶσα
707 2852 801 2904 τοῦ
845 2850 1013 2923 ἄρτου
1042 2851 1202 2904 οὐσία
1238 2850 1399 2920 σῶμα
1429 2845 1670 2918 Χριστοῦ
1696 2846 1846 2916 γίνε-

267 2964 360 3000 ται
386 2962 399 2977 ·
434 2946 527 3001 καὶ
563 2947 596 3017 ἡ
626 2944 725 3015 μὲν
755 2944 920 2998 οὐσία
947 2944 1043 2996 τοῦ
1086 2944 1256 3013 ἄρτου
1298 2941 1724 3013 μεταϐάλλεται,
1757 2939 1847 2992 ἴνα

266 3042 327 3093 ὲν
359 3040 492 3109 ἡμῖν
519 3040 580 3091 τὸ
607 3037 909 3107 μυστήριον
941 3038 1163 3106 ἐνεργῇ,
1193 3038 1291 3088 καὶ
1317 3033 1648 3103 συσσώμους
1692 3033 1843 3103 ἡμᾶς

268 3133 396 3199 ποιῇ
430 3129 524 3183 τοῦ
560 3129 825 3198 Χριστοῦ.
869 3128 937 3181 Ἦ
960 3128 1016 3180 δὲ
1042 3125 1245 3192 ἔξωθεν
1275 3126 1517 3189 διάθεσις
1548 3123 1644 3177 τοῦ
1674 3123 1841 3193 ἄρτου

272 3224 423 3292 μένει
456 3222 617 3275 πάλιν
644 3222 676 3290 ἡ
710 3222 874 3291 αὐτὴ,
906 3220 1371 3289 συγκαλύπτουσα
1394 3219 1494 3289 τὴν
1524 3217 1716 3271 οὐσίαν
1746 3213 1840 3269 τοῦ

268 3281 538 3382 σώματος,
572 3281 676 3367 ἵνα.
704 3281 894 3383 μηδεῖς
926 3281 1139 3379 ίλίγγος
1168 3312 1319 3381 ἡμᾶς
1342 3281 1659 3379 κατασχὼν,
1702 3310 1846 3362 ἀπα-
1871 3281 1916 3343 C

265 3408 412 3479 γάγῃ
465 3407 565 3477 τῆς
610 3406 991 3476 μεταλήψεως.
1044 3404 1320 3471 Μέγιστον
1369 3402 1589 3473 μὲνοῦν
1625 3403 1845 3455 πάντων

267 3501 377 3553 τῶν
413 3500 506 3553 τοῦ
535 3499 671 3553 Θεοῦ
712 3498 1039 3567 θαυμασίων
1073 3496 1236 3550 τοῦτό
1272 3498 1392 3549 ἐστι
1430 3495 1492 3548 τὸ
1518 3496 1843 3565 μυστήριον,

270 3590 476 3644 διὸκαὶ
538 3589 759 3656 πολλὰς,
813 3590 888 3652 ὡς
936 3588 1300 3658 προείπομεν,
1360 3588 1648 3649 ἐνστάσεις
1703 3586 1844 3653 πρὸς

263 3685 423 3737 τοῦτο
452 3683 696 3736 κινοῦσιν
744 3683 895 3735 ἐνθεν
932 3683 1032 3752 μὲν
1083 3682 1329 3745 ἄπιστοι,
1383 3680 1539 3733 ἐνθεν
1587 3680 1644 3732 δὲ
1694 3682 1845 3748 αἱρε-

262 3780 431 3842 τικοὶ,
462 3777 615 3832 ἔνθεν
654 3778 708 3830 δὲ
750 3776 984 3841 ἰδιῶται,
1030 3777 1131 3829 οὐκ
1182 3775 1404 3845 ἔχοντες
1455 3776 1692 3845 συνορᾷν
1753 3774 1845 3828 τὸν

264 3870 429 3939 λόγον
468 3870 579 3924 τοῦν
617 3870 941 3941 μυστηρίου,
977 3868 1045 3933 ἃς
1100 3869 1386 3932 ἐνστάσεις
1438 3870 1496 3921 ὲν
1545 3869 1735 3942 ἐκείνῃ
1777 3872 1843 3941 τῇ

264 3962 452 4032 ὁμιλίᾳ
493 3961 858 4031 διελυσάμεθα
882 3960 1027 4015 τότε.

338 4057 400 4107 Οἱ
439 4055 536 4124 μὲν
567 4054 676 4124 γὰρ
708 4052 889 4105 αὐτῶν
921 4052 1235 4122 ἀποροῦσι,·
1266 4052 1385 4116 πῶς
1436 4053 1493 4105 ὲν
1525 4052 1603 4123 τῷ
1633 4068 1839 4123 παραυ-

265 4147 390 4200 τίκα
427 4147 829 4217 μεταϐἀλλεται
866 4148 897 4214 ἡ
933 4146 1092 4200 οὐσία
1123 4145 1219 4198 τοῦ
1247 4145 1415 4213 ἄρτου
1458 4144 1554 4198 καὶ
1586 4145 1732 4197 οἴνου
1764 4145 1846 4208 είς

266 4238 365 4308 τὴν
389 4239 577 4291 οὐσίαν
609 4237 700 4290 τοῦ
740 4238 1016 4307 σώματος.
1052 4239 1113 4289 Οἱ
1139 4237 1195 4291 δὲ
1227 4236 1500 4308 ἀποροῦσι
1536 4237 1656 4300 πῶς
1684 4237 1847 4290 δυνα-

272 4330 366 4383 τόν
412 4331 529 4381 ὲστι
570 4328 668 4399 τῆς
714 4312 902 4391 οὐσίας
934 4327 1027 4382 τοῦ
1073 4330 1243 4399 ἄρτου
1292 4328 1733 4400 μεταϐληθείσης
1765 4330 1845 4393 είς

264 4422 368 4493 τὴν
426 4424 614 4474 οὐσίαν
642 4421 737 4475 τοῦ
770 4422 1048 4491 σώματος,
1084 4424 1271 4491 μένειν
1331 4423 1401 4476 τὰ
1458 4422 1847 4493 συμϐεϐηκότα

264 4514 362 4567 τοῦ
421 4516 606 4582 ἄρτου,
662 4515 831 4584 ἤγουν
867 4516 928 4567 τὺ
984 4516 1158 4583 μῆκος
1210 4514 1403 4579 αὑτοῦ,
1457 4515 1517 4569 τὸ
1567 4515 1757 4584 βάρος,
1788 4514 1847 4567 τὸ

1952 2041 2085 2081 vero
2106 2024 2284 2093 majus
2312 2024 2434 2091 illo,
2460 2034 2513 2080 et
2537 2024 2687 2093 quod
2737 2024 2989 2095 quotidie
3031 2024 3290 2092 efﬁcitur,
3316 2026 3545 2096 quando

1951 2117 2139 2172 statim
2172 2116 2432 2173 Christus
2469 2124 2812 2173 transmutat
2841 2118 3213 2174 substantiam
3280 2117 3441 2187 panis
3480 2117 3537 2171 in

1949 2208 2160 2280 proprii
2196 2208 2450 2280 corporis
2484 2208 2886 2273 substantiam,
2925 2218 2981 2264 et
3012 2207 3387 2264 substantiam
3425 2208 3539 2261 vini

1954 2302 2009 2357 in
2072 2301 2442 2357 substantiam
2477 2302 2682 2371 proprii
2722 2301 3034 2373 sanguinis.
3077 2299 3135 2354 ln
3159 2301 3339 2371 primo
3391 2300 3539 2355 enim

1952 2394 2245 2460 miraculo,
2284 2403 2483 2448 neutra
2541 2395 2592 2448 in
2651 2394 2879 2449 alteram
2925 2401 3123 2448 natura
3172 2401 3582 2450 transmutata-

1949 2496 2034 2542 est
2059 2502 2074 2551 ;
2098 2486 2193 2541 sed
2227 2487 2280 2540 in
2318 2486 2526 2542 Christi
2561 2502 2822 2556 persona,
2862 2496 2919 2543 ct
2951 2486 3218 2541 divinitas
3251 2495 3304 2541 et
3341 2486 3538 2539 Imma-

1951 2579 2096 2633 nitas
2123 2587 2255 2632 suut
2286 2578 2605 2632 inconfuse.
2632 2578 2703 2632 At
2726 2579 2781 2632 in
2809 2579 2915 2633 huc
2943 2587 3294 2649 sacramento
3320 2584 3540 2631 creatu-

1950 2671 2088 2726 rain
2118 2674 2437 2726 Creatorem
2474 2671 2930 2739 transformatur,
2966 2671 3251 2727 mediante
3279 2683 3541 2737 corpore,

1948 2771 2001 2818 et
2037 2762 2433 2832 praeexsistens
2466 2762 2630 2832 panis
2694 2762 3030 2828 substantia,
3067 2760 3284 2816 Christi
3335 2775 3543 2829 corpus

1948 2854 2206 2910 eﬂicitur.
2246 2854 2314 2909 Et
2356 2855 2676 2910 substantia
2710 2853 2934 2925 quidem
2987 2854 3149 2925 panis
3198 2860 3539 2908 transmuta-

1949 2956 2060 3013 tur,
2100 2947 2245 3001 utin
2286 2947 2465 3010 nobis
2523 2956 2937 3003 sacramentum
2987 2954 3269 3017 operetur,
3326 2959 3542 3015 nosque

1948 3054 2361 3112 concorporeos
2396 3039 2606 3095 Christi
2655 3040 2877 3095 efﬁciat.
2914 3039 3172 3095 Exterior
3219 3053 3349 3093 vero
3382 3038 3544 3107 panis

1953 3131 2225 3187 habitudo
2258 3141 2447 3188 manet
2479 3132 2845 3188 nihilominus
2879 3132 3096 3199 eadem,
3148 3140 3340 3201 tegens
3405 3129 3542 3184 sub-

1952 3224 2226 3278 stantiam
2259 3225 2532 3293 corporis,
2560 3239 2630 3279 ne
2661 3239 2767 3291 qua
2801 3238 2900 3278 nos
2939 3223 3212 3279 hazsitatio
3262 3222 3538 3287 detinens,

1951 3328 1979 3366 a
2016 3314 2413 3369 communione
2441 3314 2716 3369 detrahat.
2764 3312 3063 3368 Maximum
3098 3313 3265 3384 igitur
3289 3313 3536 3367 omnium

1950 3406 2045 3460 Dei
2077 3407 2415 3462 mirabilium
2459 3416 2544 3462 est
2566 3408 2669 3461 hoc
2708 3417 3164 3474 sacramentum;
3216 3409 3359 3461 unde
3400 3409 3539 3462 mul-

1949 3506 2056 3565 tas,
2101 3511 2159 3552 ut
2207 3515 2372 3569 supra
2409 3500 2672 3564 diximus,
2712 3503 2977 3557 adversus
3020 3501 3155 3555 iflttd
3197 3501 3538 3571 objectiones

1950 3600 2170 3646 movent
2199 3592 2328 3647 hinc
2361 3592 2631 3658 infideles,
2659 3594 2814 3647 illinc
2842 3593 3101 3653 hrcretitri.
3143 3611 3209 3648 ex
3243 3594 3349 3647 alia
3383 3594 3541 3648 deni-

1951 3697 2059 3747 que
2088 3691 2244 3750 parte
2276 3682 2771 3746 idiota’illitterati,
2801 3683 2949 3751 quod
2986 3682 3255 3737 rationem
3289 3683 3537 3753 mysterii

1947 3776 2260 3845 perSpicere
2286 3776 2470 3831 minus
2496 3776 2739 3837 valeant,
2778 3790 2918 3844 quas
2941 3775 3167 3843 quidem
3195 3774 3539 3845 objectiones

1950 3884 2096 3923 nunc
2126 3868 2394 3924 diluimus
2428 3868 2484 3922 in
2520 3868 2709 3924 eadem
2738 3866 2987 3921 ltomilia.

2023 4053 2246 4108 Illorum
2307 4053 2530 4120 quidem
2584 4053 2841 4108 nonnulli
2910 4052 3203 4122 objiciunt,
3265 4053 3542 4120 quomodo

1950 4148 2002 4201 in
2041 4155 2322 4200 momento
2368 4154 2775 4200 transmutatur
2818 4144 3127 4200 substantia
3157 4142 3315 4211 panis
3344 4150 3398 4195 et
3428 4141 3539 4193 vini

1950 4240 2007 4293 in
2043 4237 2413 4293 substantiam
2445 4236 2724 4305 corporis.
2775 4235 2911 4299 Alii,
2948 4233 3226 4304 quomodo
3276 4231 3539 4299 ansihilt:

1950 4333 2047 4398 sit,
2105 4332 2417 4386 substantia
2463 4331 2623 4400 panis
2664 4338 2873 4383 mutata
2904 4329 2956 4382 in
2991 4325 3355 4382 substantiam
3407 4340 3537 4377 cor-

1950 4425 2124 4493 poris.
2185 4438 2416 4478 manere
2489 4421 2799 4478 accidentia
2868 4420 3050 4490 panis,
3112 4432 3308 4485 nempe
3360 4414 3539 4480 longi-

1951 4520 2197 4573 tudinem
2236 4517 2376 4585 ejus,
2409 4499 2651 4586 pondus,
2691 4515 3057 4577 latitudinem,
3104 4511 3371 4575 colorem,
3403 4510 3539 4563 odo-

268 4608 489 4670 πλάτος,
522 4609 578 4659 τὸ
614 4609 833 4677 χρῶμα,
856 4608 955 4676 τὴν
984 4607 1181 4676 ὀσμὴν,
1216 4608 1311 4660 καὶ
1341 4607 1441 4677 τὴν
1470 4608 1526 4660 ὲν
1555 4610 1619 4678 τῇ
1648 4607 1840 4676 γεύσει

1955 4628 2091 4673 rem.
2127 4619 2182 4664 et
2220 4611 2273 4663 in
2308 4620 2473 4679 gustu
2533 4608 2881 4680 qualitatem,
2938 4604 3076 4660 adeo
3119 4613 3178 4657 ut
3210 4602 3537 4659 accidentia

270 4701 556 4768 ποιότητα,
602 4699 744 4751 ὥστε
803 4697 942 4751 εἶναι
990 4700 1056 4751 τὰ
1099 4698 1492 4769 συμϐεϐηκότα
1546 4699 1641 4751 τοῦ
1674 4703 1842 4768 ἄρτου

268 4789 435 4856 χωρὶς
462 4788 557 4856 τῆς
583 4788 770 4851 οὐσίας
798 4787 891 4840 τοῦ
912 4788 1103 4857 ἄρτου,
1126 4790 1220 4839 καὶ
1244 4788 1344 4857 τὴν
1367 4789 1631 4858 ἀληθινὴν
1653 4791 1845 4844 οὐσίαν

267 4882 362 4933 τοῦ
422 4881 668 4948 σώματος
726 4880 1074 4951 κρύπτεσθαι
1128 4883 1186 4932 ἐν
1225 4881 1635 4951 συμϐεϐηκόσιν
1677 4882 1843 4951 ἄλλης

266 4974 475 5035 οὐσίας.
512 4974 730 5044 Ἕτεροι
778 4974 1049 5045 ἀποροῦσι
1104 4973 1221 5037 πῶς
1274 4974 1506 5028 δυνατὸν
1537 4974 1657 5029 ὅλον
1698 4971 1840 5029 εἶναι

264 5066 356 5119 τὸν
399 5066 633 5134 Χριστὸν
682 5070 740 5120 ὲν
800 5069 974 5137 μικρᾷ
1016 5067 1111 5122 τοῦ
1168 5066 1500 5138 φαινομένου
1558 5070 1841 5138 ποσότητι.

267 5157 453 5209 ’Λλλοι
500 5158 658 5212 πάλιν
707 5158 1085 5213 διαπιστοῦσιν
1141 5160 1291 5224 ὅπως
1327 5160 1387 5212 τὸ
1442 5159 1539 5214 τοῦ
1599 5159 1841 5231 Χριστοῦ

271 5249 534 5317 μυστικὸν
566 5249 724 5320 σῶμα
755 5252 850 5304 καὶ
892 5252 1233 5323 τεμνόμενον
1263 5252 1528 5324 ἀκέραιον
1570 5251 1840 5322 διαμένει,

265 5338 358 5388 καὶ
408 5339 517 5390 τῶν
571 5342 880 5412 τμημάτων
929 5341 1185 5411 ἕκαστον,
1231 5344 1364 5396 αὐτὸ
1410 5342 1533 5396 ὂλον
1579 5343 1697 5396 ἐστὶ
1746 5342 1840 5397 τοῦ

263 5429 505 5498 Χριστοῦ
536 5433 692 5503 σῶμα
720 5436 813 5487 καὶ
842 5435 1072 5491 τέλειον.
1113 5437 1438 5509 ’Δποροῦσιν
1459 5436 1663 5509 ἕτεροι,
1691 5435 1720 5491 ὃ
1748 5438 1841 5491 καὶ

268 5524 530 5593 μεγίστην
576 5525 690 5596 ἔχει
725 5528 985 5596 ἀπορίαν,
1038 5529 1154 5593 πῶς
1206 5532 1268 5584 τὸ
1308 5531 1443 5585 αὐτὸ
1491 5532 1572 5594 εἰς
1630 5530 1689 5583 ἓν
1744 5531 1840 5585 τοῦ

262 5615 503 5681 Χριστοῦ
538 5618 694 5689 σῶμά
716 5621 855 5686 ἐστι,
889 5624 985 5676 καὶ
1012 5625 1068 5677 ὲν
1093 5623 1333 5695 οὐρανῷ,
1355 5624 1452 5678 καὶ
1476 5626 1533 5678 ὲν
1562 5624 1841 5689 πλείστοις

264 5708 382 5777 ἅμα
414 5709 827 5782 θυσιαστηρίοις
861 5716 918 5767 ἐν
973 5719 1067 5789 γῇ.
1124 5718 1290 5772 Ἀλλὰ
1344 5718 1551 5783 ταύτας
1588 5718 1689 5790 μὲν
1742 5720 1841 5783 τὰς

264 5798 501 5867 ἀπορίας
538 5802 631 5854 καὶ
672 5803 979 5877 λελύκαμεν
1010 5811 1152 5875 τότε,
1198 5812 1294 5865 καὶ
1330 5812 1611 5882 δυνάμεθα
1662 5812 1835 5879 λύειν,

264 5890 606 5962 τηΧριστοῦ
640 5896 975 5967 φωτίσαντος
1014 5904 1157 5975 ἡμᾶς
1185 5906 1370 5975 χάριτι
1398 5919 1412 5933 °
1457 5906 1662 5975 μᾶλλον
1705 5906 1762 5961 δὲ
1792 5908 1839 5961 oi

1951 4706 2112 4776 panis
2136 4706 2249 4760 sint
2284 4704 2491 4773 absque
2522 4702 2835 4758 substantia
2876 4701 3054 4771 panis,
3125 4709 3179 4754 et
3227 4714 3353 4753 vera
3405 4699 3539 4752 sub.

1958 4796 2167 4854 stantia
2231 4795 2481 4865 corporis
2543 4795 2711 4850 lateat
2779 4795 2834 4847 in
2866 4791 3247 4848 accidentibus
3311 4793 3537 4847 alterius

1950 4889 2298 4947 substantia).
2364 4888 2469 4942 Alii
2507 4896 2762 4958 quaerunt
2817 4887 3097 4955 quomodo
3148 4884 3413 4955 possibile
3465 4886 3540 4939 sit

1950 4990 2120 5038 totum
2150 4980 2433 5036 Christum
2467 4994 2591 5033 esse
2625 4980 2678 5031 in
2712 4976 2938 5030 minima
2964 4975 3113 5029 illius
3146 4974 3290 5045 quod
3321 4973 3539 5027 videtur

1948 5075 2277 5146 quantitate.
2301 5072 2434 5138 Alii,
2464 5071 2743 5142 quomodo
2767 5084 2972 5139 corpus
2997 5068 3199 5122 Christi
3236 5067 3527 5137 mysticum

1948 5185 2045 5224 seu
2109 5164 2533 5226 sacramentale,
2591 5163 2919 5225 dissectum,
2978 5166 3198 5212 maneat
3254 5160 3526 5227 integrum

1949 5271 2151 5321 tamen.
2187 5266 2242 5315 et
2273 5272 2616 5327 unaquaque
2677 5253 2939 5324 particula
2977 5250 3049 5305 sit
3075 5264 3279 5318 corpus
3326 5246 3533 5302 ChriSIi

1946 5363 2120 5407 totum
2149 5360 2311 5423 atque
2350 5348 2681 5421 perfectum.
2717 5344 2986 5413 Quarum
3019 5344 3135 5408 alii,
3173 5341 3317 5411 quod
3367 5342 3537 5396 etiam

1949 5445 2248 5499 maximam
2301 5441 2678 5497 dtﬂitzultatem
2715 5438 2903 5501 habet,
2955 5436 3235 5507 quomodo
3285 5434 3427 5489 idem
3478 5444 3535 5489 et

1949 5547 2115 5585 unum
2152 5530 2355 5587 Christi
2387 5545 2594 5599 corpus
2634 5530 2686 5582 in
2720 5527 2863 5584 cmlo
2915 5536 3021 5591 est,
3075 5533 3127 5578 et
3164 5525 3218 5579 in
3278 5524 3547 5593 plurimis

1946 5625 2108 5679 simul
2134 5639 2303 5693 snper
2337 5634 2542 5677 terram
2565 5621 2846 5675 altaribus.
2886 5619 2991 5674 Sed
3026 5618 3381 5674 difﬁcultates
3408 5618 3557 5674 illas.

1949 5728 2002 5771 et
2034 5726 2165 5771 tunc
2186 5716 2477 5781 solvimus,
2524 5723 2576 5767 ct
2604 5713 2817 5767 solvere
2875 5713 3175 5767 etiamnum
3213 5729 3555 5782 possumus,-

1948 5810 2154 5865 Christi
2193 5809 2371 5879 gratia
2402 5823 2504 5861 nos
2552 5806 2937 5875 illuminante;
2968 5806 3051 5860 vel
3086 5807 3269 5877 potius
3298 5821 3393 5860 eas
3422 5807 3543 5862 dis~

1949 5904 2173 5963 solvunt
2235 5900 2630 5971 sapientiSsimi
2678 5899 2935 5955 Ecclx‘siu
3001 5899 3285 5967 doctores,
3344 5901 3555 5971 gratia:
