4038 6426
475 399 582 459 379

1502 399 1881 462 GENNADII
1916 399 2025 460 CP.
2065 395 2581 458 PATBIARCIUE

3615 392 3726 456 380

475 519 529 562 (ιι
562 507 724 561 studii
761 507 805 560 si
841 524 959 576 qua:
1009 507 1060 562 in
1099 507 1258 562 nobis
1310 516 1464 573 sunt,
1511 518 1767 567 auctores
1803 520 1859 566 et
1899 509 2051 581 prin-

2166 510 2427 576 πάνσοφοι
2481 507 2583 578 τῆς
2655 504 2987 574 Ἐκκλησίας
3041 505 3353 561 διδάσκαλοι
3407 505 3628 560 λύουσιν
3674 509 3732 562 οί

475 617 646 670 (Ἆρες.

553 693 657 746 Vos
711 707 876 761 porro
907 692 1117 764 absque
1165 693 1513 751 dubitatione
1551 695 1774 751 credere
1821 695 2049 760 debetis,

476 793 530 837 ct
557 784 855 838 Christiani
875 799 1066 838 omnes
1099 785 1241 840 idem
1267 786 1494 842 credere
1519 786 1808 851 debemus,
1827 787 1975 857 quod
1995 786 2048 841 in

478 875 868 929 sacramentali
890 875 981 927 illo
1012 890 1242 946 corpore
1275 892 1402 932 vere
1429 885 1512 932 est
1555 875 1821 933 Dominus
1868 887 2054 933 noster

477 966 638 1021 .lesus
661 965 932 1033 Christus,
974 967 1064 1036 qui
1090 976 1251 1022 natus
1278 977 1364 1024 est
1396 983 1462 1024 ex
1491 968 1660 1024 Maria
1689 970 1927 1040 Virgine,
1956 970 2052 1039 qui

481 1059 535 1112 in
568 1073 731 1113 cruce
769 1060 899 1112 olim
932 1057 1054 1123 fuit,
1085 1068 1140 1114 et
1171 1075 1316 1114 nunc
1346 1060 1399 1114 in
1435 1062 1574 1114 ccelo
1605 1069 1710 1126 est,
1747 1061 1888 1115 idem
1938 1062 2053 1132 ipse

481 1160 536 1204 et
563 1151 773 1220 integer
803 1150 907 1205 sub
929 1151 1310 1206 accidentibus
1334 1152 1495 1221 panis
1523 1153 1856 1220 occultatus,
1885 1159 1941 1206 et
1968 1168 2054 1213 sc-

481 1245 721 1299 cundum
768 1243 1134 1300 substantiam
1180 1253 1266 1301 est
1299 1245 1354 1300 in
1389 1257 1756 1314 sacramento,
1810 1261 1922 1302 non
1969 1261 2056 1305 se-

480 1333 725 1389 cundum
791 1333 1030 1403 gratiam
1084 1341 1178 1390 aut
1235 1336 1561 1405 potentiam.
1623 1334 1814 1406 Neque
1871 1353 2056 1394 sacra-

484 1422 720 1477 rnentale
754 1423 962 1479 Christi
1014 1439 1219 1493 corpus
1253 1434 1418 1496 typus
1475 1435 1560 1481 est
1612 1428 1725 1482 veri
1779 1429 2052 1501 corporis,

482 1515 576 1568 sed
617 1515 820 1568 veritas
875 1515 991 1584 ipsa
1040 1523 1126 1570 est
1171 1516 1318 1573 illius
1368 1519 1637 1591 corporis.
1699 1519 1854 1576 Nunc
1907 1522 2053 1578 enim

483 1624 590 1662 non
615 1625 710 1678 per
737 1617 896 1680 typos
916 1617 1010 1664 aut
1031 1611 1279 1674 umbras,
1308 1623 1365 1668 ut
1389 1614 1443 1667 in
1481 1616 1650 1670 veteri
1676 1615 2052 1682 Testamento,

484 1698 577 1752 sed
607 1714 811 1768 perrcs
851 1709 904 1755 et
941 1701 1198 1758 veritates
1237 1704 1561 1775 religiosum
1587 1707 1792 1764 cultum
1830 1708 2056 1763 exhibe-

485 1808 632 1898 mus.
680 1793 919 1898 Quod;si.
970 1805 1287 1898 sanctorum
1349 1797 1552 1867 aliquis
1595 1799 1908 1898 antitypum
1963 1815 2056 1869 ap-
2092 1845 2131 1898 Β

485 1884 657 1950 pellat
686 1884 1018 1945 sacriﬁcium
1054 1887 1160 1943 hoc
1190 1902 1360 1944 orente
1389 1890 1549 1944 istius
1591 1889 1912 1953 Dominicaa,
1943 1905 2056 1946 ma-

485 1973 741 2028 nifestum
804 1983 911 2038 est.
965 1977 1296 2033 sacriﬁcium
1343 1979 1564 2052 quidem
1617 1981 1821 2051 ipsum,
1867 1989 2054 2052 typum

483 2079 606 2118 esse
631 2065 889 2122 sacriﬁcii
946 2066 1114 2134 illius,
1151 2078 1210 2123 ut
1245 2071 1336 2140 qui
1375 2086 1522 2128 nunc
1551 2071 1894 2139 sacriﬁcant,
1943 2074 2057 2148 typi

485 2165 616 2210 sunt
644 2156 771 2216 Jcsu
807 2168 940 2214 tunc
970 2161 1360 2220 sacrillcantis.
1397 2163 1633 2220 Ell'ectus
1663 2176 1846 2222 autem
1882 2167 2056 2221 sacri-

487 2251 618 2314 ﬁcii,
652 2251 793 2306 idem
826 2261 911 2308 est
938 2263 995 2308 ut
1022 2254 1153 2309 olim
1186 2261 1241 2310 et
1275 2269 1444 2320 nunc,
1479 2255 2060 2315 Transsubstantiatio

485 2342 718 2408 scilicet,
779 2352 834 2399 et
873 2345 1114 2402 maxime
1175 2348 1620 2417 supernaturalis
1679 2351 2059 2406 transmutatio

487 2436 644 2502 panis
680 2435 735 2489 in
771 2451 992 2494 carnem
1028 2437 1352 2505 animatam,
1382 2447 1436 2495 et
1464 2437 1705 2496 divinam
1741 2439 1964 2505 factam,
2006 2451 2062 2496 et

486 2526 598 2580 vini
653 2528 707 2584 in
764 2530 1223 2598 pretiosissimum
1278 2529 1396 2600 ejus
1422 2532 1771 2603 sanguinem.
1805 2534 2058 2605 Antitypa

487 2623 656 2689 igitur
694 2621 801 2678 dici
844 2633 1075 2692 possunt
1106 2639 1169 2680 ea
1204 2640 1326 2694 quae
1358 2626 1413 2680 in
1462 2625 1740 2682 sacriﬁcio
1779 2627 1940 2692 ﬁunt,
1974 2641 2063 2684 se-

485 2713 725 2770 cundum
778 2715 1118 2786 operationis
1175 2715 1424 2781 modum,
1491 2732 1686 2789 nempe
1746 2718 1872 2787 quia
1932 2728 2063 2775 tunc

484 2802 804 2862 immediate
823 2804 988 2864 Jesus
1009 2807 1337 2866 miraculum
1367 2808 1725 2880 operabatur,
1755 2823 1901 2864 nunc
1930 2823 2062 2868 vero

488 2909 585 2962 per
603 2893 864 2952 Ecclesiae
888 2898 1168 2955 ministros
1193 2898 1247 2956 id
1278 2899 1456 2968 ipsum
1482 2899 1836 2957 invisibiliter
1874 2898 2061 2966 eﬂicit,

487 3003 613 3043 cum
641 2990 826 3044 divina
864 2999 1136 3061 potestate
1167 3006 1408 3062 praesens
1443 2992 1647 3064 ubique
1677 2995 1768 3058 sit,
1795 3002 1850 3051 et
1877 2997 2062 3053 omnia

486 3081 722 3150 repleat.
767 3081 1006 3138 Eﬂ'ectus
1047 3099 1178 3139 vero
1211 3087 1574 3156 operationis,
1629 3088 1836 3145 scilicet
1889 3099 2066 3145 trans-

2153 599 2532 669 καθηγεμόνες
2565 597 2668 668 τῆς
2699 599 2757 652 ὲν
2787 599 2921 668 ἡμῖν
2947 599 3170 670 χάριτος
3201 600 3295 652 καὶ
3325 600 3581 669 σπουδῆς.

2235 693 2426 764 Ὑμεῖς
2469 691 2528 745 δὲ
2567 689 2813 759 ὀφείλετε
2873 690 3156 744 πιστεύειν
3185 691 3595 760 ἀναμφιϐόλως,
3629 694 3730 746 καὶ

2153 786 2352 845 πάντες
2386 783 2703 854 Χριστιανοὶ
2761 781 2905 836 οὕτω
2955 782 3236 836 πιστεύειν
3272 783 3586 852 ὀφείλομεν.
3638 785 3726 837 ὃτι

2153 881 2211 931 ἐν
2248 877 2498 948 μυστικῷ
2545 879 2722 948 τούτῳ
2767 875 3006 944 σώματι,
3040 873 3200 936 αὐτός
3247 875 3394 925 ἔστιν
3431 874 3646 942 ἀληθῶς
3699 877 3727 928 ὁ

2155 969 2359 1039 Κύριος
2407 968 2565 1039 ἡμῶν
2632 967 2842 1036 Ἰησοῦς
2871 965 3132 1034 Χριστὸς,
3189 965 3216 1017 ὁ
3267 966 3330 1018 ὲκ
3376 965 3474 1031 τῆς
3508 963 3728 1034 Μαρίας

2158 1063 2441 1132 Παρθένου
2477 1061 2784 1132 γεννηθεὶς,
2814 1065 2842 1115 ὁ
2889 1061 2981 1116 ἐπὶ
3029 1060 3302 1130 σταυροῦ,
3341 1061 3368 1113 ὁ
3421 1061 3479 1113 ιν
3512 1059 3728 1128 οὐρανῷ

2155 1155 2271 1221 νῦν,
2307 1155 2471 1218 αὐτὸς
2501 1155 2709 1216 ἐκεῖνος
2735 1152 3054 1224 ὁλόκληρος,
3079 1152 3184 1206 ὑπὸ
3204 1154 3317 1218 τοῖς
3351 1152 3728 1222 συμϐεϐηκόσι

2155 1246 2248 1302 τοῦ
2281 1247 2449 1318 ἄρτου
2482 1245 3004 1314 συγκαλυπτόμενος
3033 1261 3046 1276 ⁸
3081 1247 3177 1299 καὶ
3210 1244 3332 1297 κατ’
3355 1244 3544 1297 οὐσίαν
3577 1243 3728 1297 ἐστὶν

2155 1339 2215 1394 ιν
2242 1339 2318 1408 τῷ
2345 1339 2655 1409 μυστηρίῳ,
2707 1338 2770 1394 οὐ
2820 1336 2964 1391 κατά
3001 1337 3162 1408 χάριν
3196 1337 3229 1401 ἢ
3281 1335 3532 1403 δύναμιν.
3589 1335 3729 1388 Οὐδὲ

2155 1427 2330 1489 τύπος
2364 1427 2481 1482 ἐστὶ
2504 1427 2565 1480 τδ
2598 1421 2866 1496 μυστικὸν
2887 1424 2984 1480 τοῦ
3017 1425 3254 1496 Χριστοῦ
3285 1425 3444 1496 σῶμα
3471 1425 3567 1482 τοῦ
3599 1425 3732 1492 ἀλη-

2159 1517 2288 1583 θοῦς
2319 1517 2598 1588 σώματος,
2623 1519 2758 1573 ἀλλά
2793 1519 2826 1589 ἡ
2859 1517 3092 1588 ἀλήθεια
3131 1517 3317 1587 ἐκείνη
3346 1515 3443 1570 τοῦ
3471 1515 3732 1582 σώματός

2157 1608 2330 1661 ἐστιν.
2357 1607 2434 1660 Οὐ
2453 1607 2562 1677 γὰρ
2598 1605 2796 1670 τύποις
2831 1605 2954 1659 οὐδὲ
2989 1607 3176 1669 σκιαῖς
3206 1603 3302 1659 νῦν
3331 1603 3407 1668 ὡς
3434 1607 3492 1658 ὲν
3519 1608 3583 1674 τῇ
3614 1606 3731 1662 Πα-

2157 1702 2308 1773 λαιᾷ,
2343 1701 2479 1759 ἀλλά
2511 1703 2805 1773 πράγμασι
2833 1701 2930 1755 καὶ
2959 1701 3247 1770 ἀληθείαις
3279 1699 3640 1768 λατρεύομεν.
3667 1698 3733 1752 EE

2159 1793 2214 1845 δέ
2243 1811 2324 1858 τις
2355 1793 2464 1848 τῶν
2491 1794 2665 1861 ἁγίων
2702 1793 2998 1846 ἀντίτυπον
3028 1793 3179 1861 λέγει
3230 1792 3330 1864 τὴν
3378 1793 3571 1846 θυσίαν
3602 1791 3733 1845 ταύ-

2160 1898 2258 1950 την
2315 1882 2410 1934 τοῦ
2463 1882 2799 1937 Δεσποτικοῦ
2847 1883 3063 1936 δείπνου
3097 1882 3335 1950 ἐκείνου,
3363 1882 3524 1952 δῆλόν
3574 1883 3732 1934 ἐστιν

2158 1975 2241 2027 ὅτι
2273 1976 2305 2046 ἡ
2333 1975 2494 2030 θυσία
2526 1976 2629 2044 μὲν
2661 1976 2821 2046 αὕτη,
2853 1975 3019 2040 τύπος
3065 1976 3183 2030 ἐστὶ
3233 1977 3332 2045 τῆς
3363 1975 3553 2037 θυσίας
3585 1976 3736 2028 ἐκεί⁴

2160 2083 2279 2137 νης,
2317 2067 2506 2136 ὥσπερ
2534 2069 2629 2120 καὶ
2656 2070 2704 2121 oi
2734 2069 2830 2131 νῦν
2863 2069 3088 2130 θύοντες
3143 2069 3308 2123 τύποι
3339 2070 3448 2122 εἰσὶ
3474 2067 3566 2122 τοῦ
3606 2071 3733 2120 τότε

2161 2162 2427 2222 θύσαντος
2479 2160 2679 2235 Ἰησοῦ.
2713 2161 2784 2213 Τὸ
2814 2160 2870 2212 δὲ
2914 2161 3265 2230 ἀποτέλεσμα
3303 2161 3405 2231 τῆς
3431 2161 3620 2224 θυσίας
3672 2164 3736 2216 τὸ

2162 2253 2295 2312 αὐτό
2321 2253 2555 2309 ἐστικαὶ
2587 2252 2707 2306 τότε
2728 2253 2824 2306 καὶ
2850 2251 2973 2320 νῦν,
2997 2255 3028 2322 ὴ
3072 2253 3435 2322 μετουσίωσις
3463 2250 3734 2322 δηλονότι,
3795 2288 3798 2290 ~

2163 2345 2258 2400 καὶ
2291 2346 2324 2415 ἠ
2374 2345 2802 2414 ὑπερφυεστάτη
2847 2343 3145 2418 μεταϐολὴ,
3182 2343 3319 2414 πρὸς
3353 2343 3453 2411 τὴν
3487 2342 3737 2412 ἔμψυχον

2163 2436 2257 2491 καὶ
2284 2435 2635 2506 τεθεωμένην
2659 2437 2862 2506 σάρκα,
2894 2437 2989 2489 καὶ
3014 2436 3108 2488 τοῦ
3144 2434 3292 2488 οίνου
3317 2437 3451 2506 πρὸς
3481 2435 3541 2487 τὸ
3569 2436 3742 2506 ὑπέρ-

2163 2543 2324 2596 τιμον
2353 2527 2520 2584 αὑτοῦ
2542 2527 2704 2598 αἷμα.
2753 2528 3053 2584 Ἀντίτυπα
3083 2527 3176 2580 οῦν
3204 2527 3458 2581 δύνανται
3482 2528 3739 2596 λέγεσθαι

2163 2621 2231 2676 τὰ
2259 2622 2316 2676 ὲν
2345 2624 2410 2691 τῇ
2444 2621 2608 2692 θυσίᾳ
2639 2622 2912 2689 γενόμενα
2965 2621 3107 2674 κατὰ
3163 2621 3264 2692 τὴν
3313 2621 3616 2690 ἐνέργειαν,
3663 2621 3748 2684 ὡς

2163 2709 2286 2766 τότε
2321 2711 2420 2778 μὲν
2451 2711 2669 2778 ἀμέσως
2691 2710 2857 2766 αὐτοῦ
2877 2710 2971 2763 τοῦ
3013 2707 3194 2778 Ἰησοῦ
3226 2709 3286 2761 τὸ
3315 2708 3499 2779 θαῦμα
3520 2709 3740 2761 ποιοῦν-

2167 2818 2277 2866 τος,
2311 2801 2406 2856 νῦν
2436 2802 2490 2856 δὲ
2514 2802 2602 2854 διὰ.
2635 2802 2746 2856 τῶν
2775 2802 2872 2871 τῆς
2910 2800 3239 2870 Ἐκκλησίας
3273 2800 3585 2871 ὑπηρετῶν,
3617 2798 3746 2852 τοῦ-

2165 2909 2226 2946 το
2255 2893 2387 2946 αὐτὸ
2409 2893 2634 2961 ἀφανῶς
2663 2895 3018 2962 πράττοντος,
3046 2893 3139 2945 καὶ
3165 2889 3444 2960 πανταχοῦ
3474 2889 3745 2958 παρόντος

2168 2984 2286 3054 θεῖᾳ
2315 2981 2568 3054 δυνάμει,
2603 2987 2698 3038 καὶ
2730 2985 2910 3038 πάντα
2957 2981 3312 3052 πληροῦντος.
3351 2981 3425 3032 Τὸ
3456 2981 3512 3032 δὲ
3543 2981 3748 3033 ἀποτέ-

2167 3076 2345 3146 λεσμα
2379 3079 2474 3145 τῆς
2510 3076 2874 3146 ἐνεργείας,ἠ
2902 3073 3172 3144 μεταϐολὴ
3206 3072 3298 3129 τοῦ
3331 3073 3501 3143 ἄρτου
3533 3069 3752 3123 καὶτοῦ

488 3172 718 3226 mutatio
755 3174 915 3242 panis
943 3184 998 3232 et
1028 3175 1138 3232 vini
1171 3176 1224 3231 in
1259 3191 1444 3232 verum
1499 3178 1706 3234 Christi
1763 3195 1965 3251 corpus
2011 3192 2064 3240 et

2170 3169 2314 3222 οἴνου
2353 3170 2489 3238 προς
2518 3169 2578 3220 τὸ
2621 3168 2816 3237 ἀληθὲς
2851 3165 2951 3233 τοῦ,
2982 3162 3223 3233 Χριστοῦ
3256 3162 3416 3234 σῶμα
3454 3161 3552 3216 καὶ
3580 3158 3748 3232 αἷμα,

488 3262 840 3332 sanguinem,
874 3273 928 3319 et
957 3272 1089 3320 tunc
1122 3265 1246 3330 fuit,
1281 3274 1335 3320 et
1361 3282 1506 3322 nunc
1539 3268 1704 3325 etiam
1752 3278 1857 3326 est.

561 3355 678 3411 Hoc
727 3353 978 3414 Ecclesia
1027 3357 1236 3416 Christi
1285 3359 1545 3429 pradicet
1593 3377 1608 3416 :
1651 3361 1753 3416 hoc
1787 3364 2069 3422 miraculis

490 3468 636 3523 smpe
669 3453 1058 3512 conﬁrmatum
1100 3463 1186 3514 est
1223 3472 1350 3526 erga
1386 3457 1724 3523 incredulos,
1761 3465 1819 3514 ttt
1842 3458 1954 3528 jam
1986 3461 2065 3515 di-

488 3548 694 3612 ximus,
727 3561 966 3616 quorum
993 3548 1163 3617 aliqui
1197 3549 1458 3604 viderunt
1489 3550 1542 3605 in
1573 3565 1733 3606 sacro
1770 3566 1895 3608 vase
1927 3551 2072 3609 inte-

490 3653 648 3708 grum
686 3649 738 3692 et
769 3639 1036 3696 viventem
1074 3639 1366 3696 Dominum
1425 3653 1704 3710 nostrum,
1742 3650 1798 3699 et
1850 3645 2070 3702 attoniti

489 3729 865 3790 crediderunt.
903 3732 1010 3787 Alii
1036 3734 1391 3788 temerariam
1420 3725 1754 3791 sacramenti
1784 3737 2074 3806 experien-

493 3823 629 3876 tiam
659 3821 950 3889 facientes,
985 3841 1110 3880 cum
1150 3827 1331 3881 anima
1366 3826 1536 3882 vitam
1583 3843 1806 3898 quoque
1837 3829 2072 3885 violenta

491 3923 670 3970 morte
699 3915 1028 3972 amiserunt.
1073 3916 1325 3972 Etlicacia
1371 3917 1540 3984 igitur
1575 3919 1755 3971 omnis
1785 3918 1949 3986 hujus
1984 3933 2075 3974 sa-

491 4007 787 4070 cramenti,
820 4014 874 4061 et
917 4022 1028 4076 pra:
1055 4008 1286 4079 reliquis
1321 4010 1687 4064 sacramentis
1719 4011 2069 4079 excellentia,

491 4099 656 4154 exiis
689 4113 810 4169 qua:
853 4099 999 4154 dicta
1057 4111 1187 4157 sunt
1241 4100 1476 4158 eﬂicitur
1517 4111 1570 4156 et
1618 4103 2071 4158 demonstratur:

491 4209 616 4261 qitai
650 4208 774 4246 cum
820 4192 978 4248 multi
1034 4192 1290 4264 homines
1337 4193 1615 4262 ignorent,
1661 4194 1932 4249 minorem
1985 4193 2072 4248 id-

493 4289 645 4340 circo
672 4299 833 4354 quinm
869 4299 969 4355 par
996 4294 1144 4342 esset
1177 4285 1223 4340 ei
1251 4286 1616 4342 reverentiam
1655 4287 2002 4355 impendunt,
2021 4294 2075 4341 et

496 4389 621 4432 ante
643 4379 1119 4442 communionem,
1137 4387 1192 4431 et
1216 4379 1267 4431 iu
1297 4379 1414 4447 ipsa
1442 4379 1848 4443 communione,
1873 4388 1922 4432 ct
1951 4385 2074 4448 post

499 4471 968 4534 communionem,
1029 4471 1084 4524 in
1149 4487 1261 4539 quo
1311 4487 1340 4524 a
1404 4471 1787 4528 sacerdotibus
1810 4479 1859 4524 ct
1916 4471 2074 4526 laicis

2172 3267 2265 3320 καὶ
2295 3268 2415 3320 τότε
2453 3261 2542 3336 ἦν,
2577 3266 2671 3321 καὶ
2709 3263 2804 3316 νῦν
2829 3266 2967 3316 ἐστι.

2244 3358 2416 3413 Τοῦτο
2450 3359 2480 3426 ὴ
2511 3356 2603 3411 τοῦ
2643 3355 2879 3428 Χριστοῦ
2925 3354 3226 3424 Ἐκκλησία
3251 3352 3514 3424 κηρύττει
3537 3368 3552 3382 ο
3590 3351 3755 3405 τοῦτο

2181 3451 2508 3511 θαυμασίοις
2542 3448 2805 3507 πολλάκις
2846 3445 3156 3516 ἐϐεϐαιώθη
3192 3445 3328 3515 πρὸς
3387 3445 3514 3507 τοὺς
3562 3443 3748 3495 διαπι-

2175 3543 2456 3602 στοῦντας.
2483 3542 2558 3605 ὡς
2584 3541 2846 3608 πρότερον
2871 3539 3120 3608 εἴπομεν,
3143 3537 3238 3591 καὶ
3266 3533 3405 3588 εῐδον
3433 3537 3490 3588 ὲν
3514 3534 3589 3605 τῷ
3614 3534 3752 3605 ἱερῷ

2175 3634 2359 3688 σκεύει
2410 3633 2705 3703 ὁλόκληρον
2775 3631 2867 3685 τὸν
2918 3629 3124 3702 Κύριον
3193 3627 3354 3698 ἡμῶν
3397 3626 3600 3692 ζῶντα,
3653 3628 3753 3678 καὶ

2173 3723 2612 3778 πεπιστεύκασιν
2643 3721 3036 3789 ἐκπλαγέντες.
3069 3718 3256 3775 Ἀλλοι
3289 3717 3604 3786 πειρασμὸν
3651 3715 3752 3767 τοῦ

2177 3813 2481 3885 μυστηρίου
2521 3812 2851 3882 ποιήσαντες
2908 3808 3207 3880 τολμηρὸν,
3265 3807 3404 3878 μετὰ
3441 3807 3542 3873 τῆς
3572 3807 3757 3875 ψυχῆς

2175 3909 2271 3961 καὶ
2298 3906 2396 3977 τὴν
2428 3905 2576 3974 ζωὴν
2637 3901 2826 3972 βιαίως
2857 3900 3171 3955 ἀπώλεσαν.
3212 3899 3323 3952 Καὶ
3354 3898 3756 3968 δραστηριὸτης

2175 3999 2327 4052 πᾶσα
2350 3997 2442 4056 τοῦ
2481 3995 2786 4066 μυστηρίου
2827 3991 3045 4056 τούτου,
3073 3991 3170 4045 καὶ
3220 3992 3356 4061 πρὸς
3381 3989 3450 4042 τὰ
3483 3989 3619 4043 ἄλλα
3643 3989 3759 4041 τῶν

2182 4089 2498 4162 μυστηρίων
2547 4085 2791 4157 ὑπεροχὴ
2843 4081 3100 4138 ἐντεῦθέν
3151 4083 3268 4135 ἐστι
3300 4081 3396 4134 καὶ
3449 4080 3767 4145 δείκνυται,

2177 4186 2272 4238 καὶ
2315 4181 2368 4236 ol
2395 4179 2583 4235 πολλοὶ
2615 4179 2724 4234 τῶν
2759 4176 3068 4246 ἀνθρώπων
3119 4175 3465 4242 ἀγνοοῦντες,
3503 4171 3759 4224 ἐντεῦθεν

2176 4278 2272 4331 καὶ
2305 4274 2534 4330 ἔλαττον
2579 4272 2681 4341 τῆς
2710 4267 3072 4339 ὀφειλομένης
3101 4265 3386 4328 εὐλαϐείας
3417 4263 3734 4332 ἀπονέμουσ

2175 4369 2271 4425 καὶ
2338 4367 2446 4439 πρὸ
2478 4365 2580 4438 τῆς
2627 4361 3010 4435 μεταλήψεως,
3043 4360 3137 4412 καὶ
3186 4359 3244 4410 ὲν
3291 4357 3428 4426 αὐτῇ
3463 4356 3530 4424 τῇ
3584 4369 3760 4422 μετα-

2174 4464 2356 4535 λήψει,
2387 4461 2483 4517 καὶ
2510 4459 2651 4530 μετὰ
2675 4459 2774 4528 τὴν
2800 4453 3129 4526 μετάληψιν,
3150 4447 3440 4522 ἱερώμενοι
3459 4465 3518 4500 τε
3554 4446 3762 4515 ὁμοὲως

497 4577 654 4632 teque
709 4572 984 4631 peccatur.
1015 4562 1120 4618 Vos
1153 4573 1336 4618 autem
1395 4579 1610 4632 semper
1648 4579 1777 4631 erga
1808 4578 2064 4633 magnum

2179 4559 2275 4610 καὶ
2305 4554 2506 4609 λαῖκοί.
2550 4552 2741 4622 Ὑμεῖς
2771 4549 2828 4602 δὲ
2863 4548 2949 4601 ἀεὶ
2983 4546 3082 4616 μὲν
3109 4543 3355 4604 εὐλαϐεῖς
3387 4538 3675 4633 ἐστε-περὶ

501 4653 646 4708 istud
669 4662 724 4707 ct
753 4655 1082 4722 stupendum
1111 4656 1430 4724 mysterium
1457 4654 1690 4724 religiosi
1727 4663 1933 4708 estote:
1962 4665 2075 4709 tum

503 4761 633 4799 vero
660 4745 919 4814 deinceps
958 4761 1054 4814 pro
1093 4748 1253 4801 nobis
1287 4757 1441 4802 orate
1474 4747 1793 4816 impensius,
1831 4754 1889 4798 ut
1912 4747 2078 4814 pietu-

502 4848 607 4892 tcm
643 4853 762 4907 quin
794 4836 847 4890 in
887 4837 1041 4893 vobis
1095 4852 1448 4909 augmentum
1512 4837 1710 4906 capiet,
1771 4837 2071 4895 imitemur.

2192 4649 2334 4716 μέγα
2366 4644 2525 4701 τοῦτο
2549 4643 2644 4696 καὶ
2677 4640 2882 4708 ξενίζον
2918 4638 3218 4706 μυστήριον
3244 4646 3258 4661 ’
3302 4631 3410 4686 ἀπὸ
3443 4629 3536 4682 τοῦ
3579 4629 3674 4680 νῦν
3704 4627 3763 4679 δὲ

2179 4742 2274 4791 καὶ
2303 4737 2462 4808 ἡμῶν
2489 4731 2862 4804 ὑπερεύχεσθε
2890 4726 3179 4799 μιμεῖσθαι
3206 4724 3306 4795 τὴν
3340 4725 3396 4776 ὲν
3428 4721 3557 4791 ὑμῖν
3600 4736 3762 4789 γενη-

2183 4832 2420 4903 σομένην
2457 4825 2779 4898 προσθήκην
2819 4822 2918 4892 τῆς
2949 4816 3265 4881 εὐλαϐείας.
