4038 6420
458 414 563 472 2δῖ
1560 410 1929 471 GENNADII
1968 408 2074 471 CP.
2120 410 2621 471 PATRIARCIIL

3458 405 3683 475 Ἣ38ι

458 531 820 596 pattocininm
863 539 1052 582 contra
1090 539 1337 583 sanctam
1377 532 1641 600 synodum
1702 529 2012 598 reliquisse.

2133 529 2192 590 ii;
2249 531 2504 601 Γεωργίῳ
2536 528 2642 581 τινὶ
2692 526 2976 596 Σχολαρίιρ
3028 524 3133 579 τῶν
3181 525 3308 596 τῇδε
3365 524 3619 594 ἀπαίρων
3660 526 3692 577 6

454 620 546 676 lzle
580 636 730 682 vero.
769 629 827 675 ut
861 622 1063 675 dictum
1092 630 1196 688 est,
1244 621 1441 675 librum
1473 621 1541 675 de
1581 623 1757 675 sancti
1786 620 2018 690 Sp'ritns

455 713 812 785 processione
847 714 901 766 in
935 712 1104 765 multa
1132 711 1306 781 rapita
1334 709 1569 764 divisum
1594 709 2015 772 consarciuavi',

453 814 599 859 totus
633 804 700 858 ad
735 801 896 856 Marci
929 801 1265 854 voluntatem
1310 810 1363 855 et
1395 808 1618 856 sensum
1655 813 1774 854 sese
1798 798 2018 852 coniur-

454 912 632 950 mans.
662 895 831 949 Porro
854 902 1031 945 autem
1066 892 1205 945 inter
1229 890 1394 945 hosce
1442 887 1581 943 duos
1612 888 1872 957 Georgios
1905 889 2020 956 pht-

458 992 657 1042 rimmn
699 983 914 1038 dill'erre
958 980 1459 1036 manifestissimum
1505 988 1610 1033 est.
1663 978 1812 1031 Alter
1849 977 2017 1039 enim,

456 1082 584 1132 dum
614 1075 924 1130 Florentium
973 1074 1214 1143 synodus
1262 1070 1655 1135 celebraretur,
1703 1079 1757 1123 et
1790 1067 1931 1123 dixit
1967 1078 2020 1120 et

456 1169 677 1236 scripsit
717 1181 821 1218 non
867 1179 1038 1233 pauca
1094 1174 1207 1217 tum
1258 1170 1506 1231 rogatus,
1544 1170 1661 1214 tum
1717 1158 1881 1213 etiam
1912 1172 2018 1210 non

460 1269 705 1328 rogatus.
748 1254 1065 1312 Scholarius
1099 1268 1229 1308 vero
1257 1251 1544 1307 familiaris
1573 1251 1738 1305 Marci
1772 1250 2021 1306 scribens

463 1360 580 1418 pust
630 1352 919 1417 synodum,
949 1346 1002 1401 in
1049 1348 1134 1400 sui
1183 1344 1364 1414 operis
1389 1344 1656 1416 prooemio
1704 1341 1926 1404 fatetur.
1963 1355 2022 1396 se

457 1453 570 1493 tum
602 1440 821 1495 demum
854 1438 1090 1508 abjicere
1117 1438 1416 1501 silentium,
1459 1436 1679 1506 quando
1734 1433 2021 1499 maturior,

455 1531 652 1597 inquit,
703 1536 760 1582 et
810 1527 1138 1582 fructuosior
1167 1528 1348 1581 futura
1391 1533 1540 1581 esset
1589 1524 1708 1595 ejus
1753 1523 2022 1580 sententia

455 1630 645 1673 contra
689 1627 934 1672 sanetam
989 1617 1271 1672 unionem.
1320 1618 1398 1672 Ad
1427 1618 1632 1673 calcem
1677 1631 1899 1688 quoque
1927 1617 2016 1673 sui

456 1712 577 1764 lihri
614 1710 776 1764 verba
802 1709 915 1763 hzec
949 1708 1146 1762 habet:
1209 1706 1472 1776 Meipsum
1498 1724 1609 1778 pra:
1643 1708 1903 1764 omnibus
1928 1723 2023 1764 ac-

456 1817 611 1865 cuso,
633 1811 685 1855 et
718 1801 871 1872 lugeo
899 1807 1160 1870 praeterea
1194 1815 1296 1856 nos
1319 1814 1534 1865 omnes,
1564 1808 1831 1872 quotquot
1856 1800 2023 1856 rebus

457 1896 563 1947 illis
595 1871 791 1962 sponte
822 1900 914 1946 aut
948 1890 1023 1954 vi.
1073 1891 1128 1945 in
1168 1899 1341 1945 tntum
1370 1890 1453 1946 vel
1486 1905 1555 1947 ex
1586 1871 1736 1958 parte
1766 1890 2022 1947 interI'ni-
2049 1871 2097 1933 Β

456 1997 617 2048 Inus;
655 1984 748 2052 qui
779 1997 900 2037 cum
937 1981 1088 2051 loqui
1119 1994 1425 2050 possemus,
1460 1982 1776 2037 tacebamus
1810 1989 2020 2047 tamen,

454 2086 508 2131 et
555 2083 700 2129 metu
733 2087 1043 2128 sermonem
1089 2072 1541 2142 reprimebamus.
1582 2071 1865 2141 Quomodo
1892 2087 2025 2143 ergo

457 2167 525 2227 is,
562 2164 652 2231 qui
683 2165 871 2229 tacuit,
895 2171 949 2217 et
972 2172 1122 2217 metu
1157 2177 1463 2217 sermonem
1500 2164 1789 2235 repressit,
1816 2164 2026 2235 quique

461 2255 626 2307 multa
663 2253 825 2316 dixit,
876 2260 939 2307 οι·
975 2251 1262 2308 liberrime
1283 2252 1500 2309 locutus
1539 2263 1646 2320 est,
1679 2269 1824 2311 unus
1860 2265 2025 2325 atque

459 2347 601 2400 i.lcm
632 2344 777 2400 erit?
809 2343 984 2409 Adde,
1016 2345 1062 2400 si
1094 2359 1236 2400 unus
1259 2343 1348 2399 hic
1368 2352 1450 2400 est
1474 2343 1762 2416 Georgius,
1801 2347 1898 2415 qui
1933 2360 2025 2402 ce-

457 2438 653 2492 cinerit
677 2435 1033 2507 palinodiam,
1074 2452 1176 2492 cur
1207 2451 1277 2493 eo
1317 2436 1373 2492 in
1403 2436 1560 2503 libro,
1592 2453 1756 2507 quem
1797 2453 2024 2509 compo-

461 2532 592 2593 suit,
646 2533 795 2597 prius
839 2543 871 2583 a
927 2545 986 2584 se
1030 2529 1176 2584 dicta
1210 2544 1319 2585 non
1378 2530 1682 2585 retractat?
1725 2544 1824 2585 nec
1853 2530 2022 2584 ullum

462 2624 593 2677 f-u'it
631 2622 851 2676 verbum
884 2622 954 2676 de
991 2622 1265 2691 prioribus
1299 2623 1520 2690 erratis,
1565 2637 1668 2679 nec
1712 2623 1878 2679 solvit
1910 2623 2024 2680 for-

462 2718 705 2771 tissimas
738 2715 860 2769 illas
902 2715 1164 2782 rationes,
1210 2729 1308 2785 per
1351 2728 1491 2785 quas
1534 2715 1601 2770 ad
1639 2717 1895 2772 unionem
1923 2717 2024 2772 ad-

463 2810 712 2863 hortatus
755 2815 844 2862 est
897 2804 1143 2873 Graecos,
1199 2805 1477 2862 laudando
1518 2804 1768 2873 Latinos,
1819 2817 1874 2864 et
1910 2809 2028 2865 cla-

463 2900 683 2964 mando,
715 2898 848 2953 nihil
875 2897 929 2952 in
964 2898 1067 2951 ﬁde
1087 2898 1154 2952 ab
1180 2897 1251 2953 iis
1282 2898 1538 2968 peccari?
1566 2914 1689 2953 nam
1716 2903 1842 2971 Qua!
1867 2908 2027 2956 antea

462 2992 667 3058 scripta
699 2990 969 3056 leguntur,
1008 2997 1064 3043 et
1085 3004 1207 3059 quae
1238 2997 1425 3058 postea
1459 2990 1599 3047 liber
1636 2989 1728 3046 ille
1754 2990 2025 3058 continet,

464 3096 675 3136 summe
703 3082 951 3148 opposita
991 3089 1141 3145 sunt,
1173 3091 1226 3137 et
1255 3084 1491 3139 maxime
1512 3084 1654 3140 inter
1681 3098 1741 3140 se
1762 3094 2027 3156 pugnant.

463 3170 543 3223 Ad
599 3169 713 3223 ba-c
741 3168 1057 3224 Scholarins
1088 3167 1270 3226 Marco
1306 3169 1556 3229 addictus
1585 3174 1653 3228 de
1684 3187 1746 3230 se
1773 3174 1890 3245 ipso
1925 3175 2024 3247 ait,

464 3260 664 3314 multos
711 3260 777 3314 ad
827 3260 978 3314 illum
1014 3261 1156 3316 diem
1204 3262 1518 3333 ignorasse,
1563 3281 1630 3319 an
1683 3268 2025 3323 contrarium

464 3350 579 3417 ipse
624 3351 876 3414 sentiret,
925 3360 1199 3414 errantes,
1238 3352 1438 3423 inquit,
1477 3362 1591 3410 tum
1627 3357 1770 3426 quod
1803 3358 1923 3428 ipse
1952 3358 2031 3416 si-

465 3441 690 3495 lentium
725 3451 1030 3510 opportune
1060 3448 1358 3509 Servasset,
1387 3453 1503 3500 tum
1554 3448 1701 3517 quod
1741 3464 1908 3519 prave
1943 3450 2029 3506 in.-

464 3540 894 3600 terpretarentur
928 3533 1249 3603 prudentem
1275 3537 1392 3607 ejus
1424 3537 1945 3607 dissimulationem,
1975 3554 2034 3598 et

464 3622 712 3677 nonnihil
756 3624 920 3677 etiam
965 3618 1458 3684 calumniarentur.
1510 3629 1901 3698 Quamobrem,
1944 3633 2030 3688 in-

470 3712 609 3780 quit,
650 3727 788 3783 opus
827 3713 929 3766 fuit
966 3714 1167 3768 librum
1199 3718 1346 3771 hunc
1371 3720 1722 3776 conscribere
1751 3722 1818 3776 ad
1852 3723 2033 3778 corri-

468 3802 675 3871 gendos
707 3803 829 3857 illos
855 3819 1087 3871 quorum
1118 3807 1269 3862 salus
1315 3807 1598 3877 desperata
1644 3828 1751 3868 non
1782 3822 1950 3879 esset,
1980 3825 2033 3870 et

467 3894 674 3973 multos
696 3895 1036 3952 dubitatione
1065 3897 1397 3967 liberandos,
1435 3910 1490 3955 et
1519 3905 1916 3973 propulsandas
1942 3922 2034 3962 ca-

464 3984 720 4049 lumnias,
753 3988 798 4041 si
832 4003 985 4043 suam
1030 3988 1147 4059 ipse
1175 3994 1502 4048 sententiam
1543 4004 1728 4050 notam
1779 3999 2034 4055 omnibus

461 4075 681 4132 luceret.
708 4076 831 4132 Haec
857 4079 909 4133 in
944 4089 1190 4135 nostrum
1220 4082 1565 4141 Scholarium
1595 4090 1871 4156 quomodo
1898 4105 2033 4160 qua-

461 4171 621 4224 tlrarc
647 4179 893 4239 possunt,
927 4173 1084 4243 cujus
1115 4176 1384 4230 sententia
1414 4176 1516 4231 fuit
1546 4180 1801 4237 onmibus
1831 4183 1898 4238 ab
1929 4184 2033 4240 iui-

468 4263 542 4314 tio
576 4261 901 4316 notissima?
931 4263 1067 4317 Cum
1099 4264 1245 4319 enim
1285 4276 1506 4334 ro-gatus
1529 4272 1768 4326 essetab
1804 4273 2031 4344 impera-

468 4362 602 4414 lnrt',
640 4353 691 4403 in
731 4356 999 4419 prommio
1033 4356 1119 4409 sui
1174 4358 1472 4424 sermonis,
1529 4359 1916 4431 lnvictissime,
1950 4367 2034 4422 in-

464 4439 582 4508 quit
603 4441 703 4509 (l),
733 4441 1049 4511 imperator,
1081 4444 1133 4497 in
1165 4460 1271 4515 qua
1299 4463 1397 4518 ego
1431 4449 1653 4516 fuerim,
1676 4464 1731 4510 et
1764 4472 1908 4513 nunc
1930 4459 2034 4514 sim

2125 624 2348 689 Μᾶρκος
2370 619 2780 690 παρακατέθετο
2804 621 2898 687 τῆς
2920 618 3125 679 οἰκείας
3146 615 3300 686 δόξης
3328 616 3427 684 τὴν
3452 631 3696 685 προστα-

2127 717 2245 769 σίαν
2271 716 2412 768 κατὰ
2437 716 2534 784 τῆς
2563 714 2713 785 ἱερᾶς
2740 710 2983 764 συνόδου.
3023 709 3086 763 '0
3138 708 3197 763 δὲ
3229 705 3455 777 βιϐλίον,
3509 711 3585 772 ὡς
3612 708 3691 760 εί-

2126 810 2319 873 πόντες
2370 807 2636 877 ἔφθημεν,
2683 804 3010 873 συγγράψας
3061 802 3191 872 περὶ
3240 803 3338 867 τῆς
3394 800 3487 855 τοῦ
3530 800 3693 869 άγίου

2130 897 2441 966 Πνεύματος
2458 894 2857 965 ικπορεύσεως.
2876 888 3093 943 πολλῶν
3110 886 3423 957 κεφαλαίων
3439 886 3696 954 διαστολῇ

2127 989 2354 1042 πλεῖστα
2389 980 2796 1057 ἐρραψῴδησεν,
2821 981 2941 1043 ὅλος
2962 980 3139 1048 δήπου
3179 979 3291 1041 τοῖς
3333 974 3427 1029 τοῦ
3461 975 3694 1043 Μάρκου

2131 1082 2436 1151 βουλήμασι
2490 1075 2874 1147 χαριζόμενος.
2909 1070 3036 1125 Ὀτι
3070 1070 3127 1124 δὲ
3177 1068 3286 1122 τῶν
3343 1068 3437 1121 δύο
3486 1064 3695 1118 τούτων

2126 1171 2417 1242 Γεωργίων
2458 1156 2728 1239 ’πάμπολυ
2756 1164 2817 1217 τὸ
2862 1163 3140 1232 διάφορον,
3183 1158 3410 1213 αὐτόθεν
3435 1156 3594 1225 δῆλον
3619 1172 3632 1187 ο
3665 1156 3696 1207 6

2135 1264 2233 1333 μὲν
2260 1264 2370 1333 γὰρ
2399 1257 2873 1330 συγκροτουμένης
2900 1254 3002 1322 τῆς
3032 1254 3091 1305 ὲν
3122 1249 3435 1321 Φλωρεντίᾳ
3468 1246 3694 1300 συνόδου

2127 1354 2299 1411 πολλὰ
2323 1354 2417 1407 καὶ
2440 1349 2562 1406 εῖπε
2597 1350 2694 1403 καὶ
2739 1346 2951 1418 ἔγραψε
2987 1349 3123 1417 προς
3170 1344 3268 1412 τὴν
3297 1341 3513 1401 ἕνωσιν,
3548 1339 3692 1419 ἐρω-

2127 1447 2312 1517 τηθείς
2336 1463 2397 1501 τε
2427 1445 2522 1501 καὶ
2549 1443 2624 1515 μὴ
2657 1440 2975 1513 ἐρωτηθείςο
2999 1441 3029 1492 6
3055 1438 3112 1490 δὲ
3138 1435 3231 1489 τοῦ
3261 1435 3490 1501 Μάκρου
3531 1427 3689 1495 φίλος

2128 1540 2356 1611 γράφων
2387 1536 2524 1609 μετὰ
2575 1537 2673 1605 τὴν
2703 1533 2919 1587 σύνοδον
2949 1532 3007 1585 ἐν
3035 1528 3110 1599 τῷ
3166 1523 3434 1595 προοιμίῳ
3484 1519 3579 1574 τοῦ
3614 1520 3693 1570 ol-

2130 1633 2281 1687 κείου
2322 1627 2780 1701 συγγράμματος,
2811 1624 2962 1678 λύειν
2992 1620 3128 1691 φησὶ
3159 1617 3281 1671 τότε
3310 1615 3410 1684 τὴν
3458 1611 3694 1701 σιωπὴν,

2128 1724 2218 1779 ὅτε
2241 1721 2467 1792 ἔμελλεν
2490 1716 2823 1789 ώριμωτέρα
2884 1714 2979 1769 καὶ
3007 1708 3404 1780 ὠφελιμωτέρα
3431 1700 3695 1771 γενέσθαι

2128 1820 2161 1889 ἡ
2190 1814 2353 1871 αὐτοῦ
2381 1813 2576 1883 γνώμη
2607 1811 2749 1865 κατὰ
2770 1808 2874 1878 τῆς
2912 1806 3063 1867 θείας
3101 1802 3370 1861 ἑνώσεως.
3405 1797 3513 1851 Καὶ
3557 1793 3696 1889 πρὸς

2123 1884 2199 1979 τῷ
2239 1908 2383 1962 τέλει
2412 1904 2504 1959 τοῦ
2534 1903 2743 1975 βιϐλίου
2771 1901 2961 1961 αὑταῖς
2988 1896 3166 1963 λέξεσι
3195 1890 3378 1963 φησίν·
3424 1884 3698 1979 Ἐμαυτοῦ

2121 1977 2181 2055 δε
2208 1998 2313 2070 πρὸ
2342 1998 2564 2052 πάντων
2611 1991 2930 2065 κατηγορῶ,
2990 1990 3087 2043 καὶ
3131 1986 3274 2055 ὑπὲρ
3312 1982 3471 2055 ἡμῶν
3515 1977 3700 2032 αὐτῶν

2123 2091 2326 2163 θρηνῶ,
2355 2090 2471 2143 ὅσοι
2491 2088 2605 2150 τοῖς
2636 2086 2957 2156 πράγμασιν
2981 2081 3211 2142 ἐκείνοις
3232 2075 3453 2137 ἑκόντες
3477 2073 3510 2143 ἢ
3537 2074 3701 2127 ἄκον-

2120 2201 2235 2247 τες,
2272 2182 2367 2235 καὶ
2397 2180 2430 2253 ἢ
2457 2177 2714 2243 καθάπαξ
2738 2175 2771 2247 ἢ
2807 2178 2871 2230 ὲκ
2906 2173 3107 2245 μέρους
3134 2170 3281 2232 τινὸς
3300 2165 3699 2236 ὲνεσχέθημεν,

2123 2276 2157 2345 ἢ
2186 2273 2474 2342 δυνάμενοι
2493 2271 2701 2336 λαλεῖν,
2722 2270 2873 2337 ὅμως
2904 2265 3183 2333 ὲσιγῶμεν
3213 2259 3698 2326 ύποστελλόμενοι.

2127 2366 2253 2430 Πῶς
2277 2364 2368 2419 οὖν
2385 2365 2414 2419 δ
2431 2379 2492 2417 τε
2513 2362 2743 2432 σιγήσας
2765 2361 2858 2414 καὶ
2881 2355 3360 2424 ὑποστειλάμενος,
3381 2353 3476 2405 καλ⁵
3498 2351 3526 2404 6
3548 2348 3703 2401 πλεῖ-

2133 2475 2233 2511 στα
2257 2457 2428 2511 είπὼν
2475 2455 2574 2510 καὶ⁵
2625 2453 2791 2523 μηδὲν
2848 2446 3335 2518 ὑποστειλάμενος,
3385 2440 3467 2505 είς
3498 2442 3564 2496 ἂν
3610 2441 3700 2509 εἴη

2127 2548 2438 2620 Γεώργιος;
2478 2547 2602 2600 Ἔτι
2629 2543 2787 2613 εἴπερ
2818 2544 2846 2596 6
2873 2540 3036 2604 αὐτός
3059 2539 3177 2591 ἔστι
3204 2537 3481 2605 Γεώργιος
3504 2530 3700 2585 παλιν-

2126 2630 2291 2714 ῳδίαν
2320 2638 2479 2712 ᾅσας,
2506 2638 2623 2699 πῶς
2654 2639 2711 2691 ὲν
2747 2627 2792 2703 ᾧ
2824 2630 3127 2703 συνέγραψε
3164 2627 3359 2697 βιϐλίῳ
3400 2626 3503 2678 οὐκ
3531 2624 3703 2676 ὲπαν-
3730 2704 3741 2709 η

2127 2731 2380 2804 ορθοῦται
2406 2729 2568 2802 δῆθεν
2590 2730 2660 2784 τὰ
2720 2726 2986 2798 πρότερον
3042 2719 3397 2791 ἑσφαλμένας
3442 2715 3704 2785 οὐδεμίαν

2128 2824 2266 2888 δλως
2293 2824 2530 2877 ποιεῖται
2578 2819 2771 2888 μνείαν
2801 2817 2911 2871 τῶν
2940 2813 3138 2885 πρώην
3185 2811 3334 2882 αὐτῷ
3381 2805 3705 2879 γεγραμμέ-

2129 2933 2237 2970 νων
2256 2931 2272 2981 ;
2297 2914 2392 2968 καὶ⁹
2417 2912 2478 2966 οὐ
2496 2910 2616 2965 λύει
2645 2911 2772 2974 τοὺς
2791 2907 2998 2970 δεινοὺς
3026 2903 3275 2967 ἐκείνους
3295 2902 3511 2970 λόγους,
3531 2898 3603 2953 δι’
3623 2891 3709 2951 ὧν

2131 3007 2432 3080 παρεκάλει
2463 3004 2587 3068 τοὺς
2612 3000 2885 3072 Γραικοὺς
2912 2998 3050 3069 πρὸς
3080 2997 3179 3065 τὴν
3212 2994 3432 3059 ἕνωσιν,
3461 2990 3704 3045 ἐπαινῶν

2130 3099 2256 3162 τοὺς
2288 3095 2575 3160 Λατίνους,
2607 3095 2702 3147 καλ⁸
2734 3091 2900 3163 μηδὲν
2938 3088 3136 3151 αὐτοὺς
3167 3083 3506 3156 ἁμαρτάνειν
3534 3084 3592 3136 ἐν
3630 3084 3701 3152 τῇ

2138 3190 2319 3243 πίστει
2344 3187 2521 3258 βοῶν;
2559 3166 2756 3239 Καίτοι
2799 3182 2865 3236 ἑκ
2907 3180 3199 3251 διαμέτρου
3248 3178 3554 3231 ἀντίκειται
3585 3175 3618 3227 ἃ
3641 3190 3703 3226 τε

2136 3280 2404 3351 πρότερον
2426 3277 2761 3347 γέγραπται,
2807 3272 2906 3327 καὶ
2942 3270 2979 3326 ἃ
3011 3271 3152 3342 μετὰ
3179 3266 3351 3323 ταῦτα
3382 3267 3612 3337 φέρεται
3643 3265 3706 3317 ἐν

2130 3372 2208 3441 τῷ
2259 3367 2453 3442 βιϐλίῳ
2492 3365 2637 3420 κατὰ
2670 3366 2768 3434 τῆς
2798 3360 3039 3416 συνόδου.
3099 3359 3245 3430 Πρὸς
3296 3356 3513 3420 τούτοις
3542 3357 3571 3408 6
3597 3352 3698 3407 τοῦ

2131 3462 2360 3534 Μάρκου
2391 3459 2543 3529 φίλος
2567 3455 2694 3527 περὶ
2722 3454 2918 3510 ἑαυτοῦ
2970 3468 3126 3523 φησι,
3150 3452 3277 3513 τοὺς
3325 3448 3559 3510 πολλοὺς
3605 3446 3701 3516 μέ-

2131 3570 2226 3626 χρι
2274 3551 2395 3606 τότε
2449 3546 2844 3618 ἀμφιγνοῆσαι,
2911 3541 2987 3606 ὥς
3048 3541 3310 3596 τάναντία
3362 3536 3707 3604 δοξάζοντος,

2134 3644 2525 3715 πλανωμένους
2552 3640 2682 3694 ποτὲ
2709 3639 2809 3711 μὲν
2836 3637 2941 3692 ύπδ
2974 3635 3073 3705 τῆς
3097 3634 3291 3704 καιρὸν
3320 3632 3553 3703 ἐχούσης
3579 3649 3709 3685 σιω·

2134 3737 2264 3806 πῆς,
2283 3733 2412 3788 ποτὲ
2426 3733 2482 3786 δὲ
2497 3730 2594 3803 τὴν
2615 3732 2673 3784 ἑν
2701 3728 2919 3800 λόγοιςῆ
2939 3727 3258 3797 πράγμασιν
3277 3724 3589 3795 οἰκονομίαν
3612 3724 3707 3777 αἰ-

2132 3827 2227 3883 τοῦ
2278 3822 2814 3899 παρερμηνεύοντας,
2830 3822 2947 3874 ἔστι
2966 3822 3021 3875 δὲ
3036 3817 3074 3875 ἃ.
3102 3820 3198 3874 καὶ
3214 3819 3707 3901 συκοφαντοῦντας.

2139 3920 2289 3973 Ἔδει
2312 3913 2427 3983 οὖν,
2460 3915 2614 3985 φησὶ,
2646 3914 2731 3968 διὰ
2761 3913 2933 3967 ταῦτα
2955 3914 3115 3979 λόγον
3140 3912 3534 3983 συγγράψαντα
3560 3912 3713 3983 διορ-

2135 4010 2414 4066 θώσασθαι
2441 4009 2539 4079 μὲν
2559 4008 2738 4061 αὐτῶν
2759 4008 2888 4071 τοὺς
2917 4004 2993 4077 μὴ
3018 4005 3275 4073 καθάπαξ
3296 4006 3534 4069 ἀνιάτως
3557 4006 3710 4076 ἔχον-

2135 4120 2256 4169 τας,
2286 4100 2429 4155 ὥστε
2473 4096 2806 4170 ἀμφιϐολίας
2844 4098 2973 4168 περὶ
3004 4097 3171 4152 αὐτοῦ
3217 4097 3312 4152 καὶ
3344 4098 3713 4165 συκοφαντίας

2138 4195 2346 4248 παῦσαι
2373 4189 2619 4254 πολλούς.
2650 4189 2790 4244 Οὔτε
2825 4188 2937 4260 γὰρ
2973 4188 3345 4260 άμφιγνοήσει
3379 4204 3464 4247 τις
3496 4187 3710 4250 λοιπον,

2135 4282 2261 4337 οὔτε
2294 4282 2657 4349 συκοφαντεῖν
2675 4277 3112 4349 προαχθήσεται,
3151 4276 3255 4347 τῆς
3287 4274 3455 4331 αὐτοῦ
3485 4277 3714 4348 γνώμης

2139 4374 2363 4445 ἐκδήλου
2402 4372 2801 4443 γεγενημένης.
2828 4369 3016 4425 Ταῦτα
3042 4370 3101 4423 δὲ
3130 4369 3244 4433 πῶς
3268 4368 3335 4422 ἂν
3372 4369 3712 4439 ἐφαρμόσσειε

2135 4469 2215 4539 τῷ
2239 4468 2500 4539 ἡμετέρῳ
2526 4463 2831 4537 Σχολαρίῳ,
2869 4455 2930 4515 οὗ
2959 4464 3127 4516 πᾶσιν
3175 4460 3399 4524 ἔκδηλος
3428 4455 3499 4530 ἢν
3535 4458 3714 4529 ἀρχῆ-

466 4533 734 4585 ει-ιιιοιιιὶο
778 4534 845 4585 de
894 4535 1172 4603 proposita
1222 4539 1444 4595 unionis
1495 4546 1744 4607 materia,
1790 4547 2028 4606 declarat

2142 4533 2301 4629 οένῆ
2332 4533 2654 4628 γνώμηξώς
2686 4533 2850 4619 αὑτός
2879 4572 3048 4625 φησιν
3081 4557 3140 4608 ἐν
3182 4554 3260 4625 τῷ
3305 4552 3442 4622 πρὸς
3484 4550 3715 4621 βασιλέα

468 4622 667 4686 malit),
714 4636 876 4690 quam
929 4632 1209 4695 utcunque
1238 4634 1541 4699 composui,
1580 4638 1887 4708 tradidiqne
1914 4640 2042 4699 huic

471 4728 644 4766 sacra:
667 4712 877 4782 synodo
930 4731 946 4770 :
976 4726 1243 4775 testantur
1278 4723 1443 4778 etiam
1495 4727 1603 4783 duo
1649 4731 1799 4796 libri,
1839 4750 1980 4803 quos
2006 4751 2039 4791 a

471 4822 558 4865 me
582 4815 741 4860 antea
780 4806 1016 4878 scriptos
1038 4826 1183 4866 nunc
1216 4816 1426 4884 synodo
1461 4818 1589 4874 huic
1633 4822 1826 4878 ollero.
1860 4827 2032 4882 Multa

469 4898 594 4963 alia,
627 4897 673 4951 si
722 4901 846 4968 quis
891 4904 1190 4971 perquirat,
1248 4906 1506 4974 inveniet,
1558 4912 1756 4980 quibus
1792 4915 1902 4971 duo
1952 4917 2039 4974 isti

348 5048 358 5060 ι
467 4988 685 5057 Georgii
731 4989 874 5044 inter
901 5007 965 5049 se
1001 4992 1296 5050 dill‘erunt:
1333 5010 1552 5068 propter
1578 5018 1701 5072 qua:
1739 5006 1872 5061 alter
1920 5010 2040 5079 qui—

471 5086 589 5133 dem
625 5081 753 5150 jure
804 5085 1082 5139 vocandus
1113 5094 1198 5141 est
1228 5103 1397 5144 sacra:
1438 5096 1793 5151 mcnmenica:
1843 5102 2037 5169 synodi

474 5184 742 5241 necneque
768 5170 886 5226 lidei
913 5173 1166 5228 defensor
1189 5191 1250 5231 ac
1271 5194 1678 5251 propugnator:
1710 5198 1769 5240 ut
1800 5190 1891 5257 qui
1919 5206 2039 5260 grr-

473 5274 664 5312 manus
698 5258 997 5316 Orientalis
1025 5263 1284 5321 Ecclesia:
1321 5267 1513 5325 Patres
1544 5274 1610 5325 ad
1667 5261 1826 5331 libent
1864 5258 2035 5346 usque

463 5359 683 5403 secutus
712 5360 836 5416 est;
871 5352 1006 5408 alter
1043 5369 1171 5410 vero
1201 5357 1400 5424 studio,
1436 5375 1546 5429 quo
1573 5360 1814 5420 Marcum
1849 5384 2037 5437 prose-

461 5441 752 5507 quebatur,
799 5443 1066 5499 abductus
1100 5447 1364 5504 dicendus
1396 5456 1590 5507 merito
1624 5457 1904 5525 Opininnis
1947 5477 2035 5517 as-

459 5539 657 5597 sertor,
684 5548 846 5601 quam
876 5550 906 5589 a
941 5535 1191 5593 Nestnrio
1222 5545 1458 5610 primum
1493 5545 1764 5604 inductam
1821 5562 1871 5604 et
1902 5570 2028 5608 sau-

533 5791 613 5862 (ι)
643 5795 811 5853 Cum.
850 5799 1087 5859 Flurcnt.
1140 5820 1275 5864 scss.

2146 4650 2333 4721 λόγως
2368 4648 2868 4721 Προοιμιαζόμενος
2906 4647 3016 4716 γὰρ
3060 4644 3261 4716 φάσκει
3293 4660 3309 4675 ⁸
3345 4646 3572 4717 ’Δριστε
3619 4645 3717 4698 καὶ

2146 4742 2408 4813 κράτιστε
2444 4738 2688 4810 βασιλεῦ,
2723 4734 2789 4810 ἧς
2821 4739 2924 4808 μὲν
2965 4738 3195 4807 γνώμης
3221 4737 3420 4806 γέγονα
3471 4737 3567 4791 καί
3594 4738 3715 4805 είμι

2145 4837 2278 4899 περὶ
2318 4829 2417 4899 τὴν
2469 4829 2842 4900 προκειμένην
2895 4825 2998 4897 τῆς
3050 4826 3300 4892 ἑνώσεως
3329 4825 3486 4898 ὕλην,
3517 4828 3546 4879 6
3574 4830 3715 4895 πρὸς

2144 4922 2243 4988 τὴν
2269 4919 2393 4973 καθ’
2414 4919 2561 4990 ἡμᾶς
2583 4918 2732 4989 ἱερὰν
2756 4918 2964 4988 ταύτην
3001 4916 3219 4973 σύνοδον
3246 4916 3584 4990 σχεδιασθείς
3616 4933 3713 4987 μοι

2148 5014 2241 5065 καὶ
2264 5010 2538 5081 πεμφθεὶς
2568 5010 2724 5078 λόγος
2753 5009 2925 5079 δηλοῖ·
2959 5010 3296 5081 μαρτυροῦσι
3322 5010 3378 5064 δὲ
3408 5011 3502 5064 καὶ
3526 5009 3596 5062 τά
3618 5008 3715 5063 δύο

2148 5101 2353 5171 βιϐλία,
2386 5101 2534 5173 ἅπερ
2581 5102 2847 5172 πρότερον
2897 5100 3136 5168 συνθεὶς,
3178 5100 3276 5155 νῦν
3326 5099 3616 5171 ιγχειρίζω
3641 5102 3712 5171 τῇ

2145 5190 2395 5262 παρούσῃ
2423 5190 2647 5261 συνόδῳ.
2678 5191 2789 5245 Καὶ
2815 5192 2951 5254 ὅλως
2984 5191 3161 5261 ζητῶν
3189 5208 3274 5255 τις
3301 5193 3402 5245 ούκ
3432 5192 3619 5260 ὀλίγας
3643 5190 3715 5245 ἂν

2145 5282 2297 5353 εὖροι
2323 5282 2586 5351 διαφορὰς
2609 5282 2720 5337 τῶν
2761 5281 2853 5335 δύο
2879 5286 3084 5337 τούτων
3119 5284 3410 5354 Γεωργίων
3435 5300 3450 5317 ο
3482 5280 3571 5347 αἷς
3612 5283 3713 5336 άλ-

2144 5376 2324 5446 ληλων
2374 5374 2803 5446 διακρινόμενοι,
2838 5378 2866 5428 ὁ
2903 5376 3003 5445 μὲν
3033 5376 3242 5440 δίκαιός
3297 5380 3443 5431 ἐστιν
3492 5377 3716 5430 ἀκούειν

2144 5470 2242 5535 τῆς
2270 5467 2433 5535 ἁγίας
2464 5468 2853 5537 οἰκουμενικῆς
2887 5468 3105 5522 συνόδου
3141 5470 3236 5522 καὶ
3262 5472 3363 5537 τῆς
3401 5467 3715 5541 όρθοδοξίας

2148 5558 2547 5631 προασπιστὴς,
2606 5557 2699 5612 ἅτε
2733 5558 2798 5627 δὴ
2824 5561 2935 5623 τοῖς
2987 5559 3263 5629 ἀληθινοῖς
3313 5558 3561 5631 Πατράσι
3615 5560 3718 5630 τῆς
