4038 6426
271 359 378 424 385

1365 360 1868 424 ADHORTATIO
1909 364 2011 424 AD
2049 364 2445 426 SYNODUM.

3451 369 3558 432 386

270 477 633 552 ’Λνατολικῆς
662 480 992 550 Ἐκκλησίας
1029 480 1161 552 ἄχρι
1190 479 1378 544 τέλους
1401 482 1664 552 ὁμόφρων
1697 499 1860 552 γεγο-

1965 483 2036 538 cti
2070 491 2275 553 patres,
2299 493 2350 538 et
2372 484 2646 554 generalia
2671 485 2902 541 concilia
2922 501 3302 556 saepenunn-ro
3334 487 3559 541 damna-

267 571 374 635 νὼς
403 573 496 626 καὶ
515 574 829 638 ἀκόλουθος·
861 573 1051 644 ἔτερος
1084 576 1142 630 δὲ
1183 574 1261 644 τῷ
1311 575 1450 645 πρὸς
1492 577 1583 632 τὸν
1637 575 1866 648 Μάρκον
1974 581 2190 628 verunt.

213 670 223 679 '
267 668 500 739 φίλτρῳ,
564 670 724 742 δόξης
782 672 1124 744 ὑπέρμαχος,
1177 673 1297 745 ἥτις
1365 673 1542 744 ἀρχὴν
1631 673 1877 726 λαϐοῦσα
1915 672 2070 742 παρὰ
2120 671 2420 742 Νεστορῖου
2475 671 2832 740 εἰσάγεσθαι,
2868 673 2972 724 ὑπό
3024 690 3083 726 τε
3145 675 3318 742 ἁγίων
3385 675 3559 729 Πιτέη

273 778 380 833 ρων
418 768 514 819 καὶ
583 767 823 822 συνόδων
882 768 1287 838 οἰκουμενικῶν
1357 767 1623 832 πολλάκις
1707 755 2098 837 ἀπεκηρῦχοη.

1922 971 2085 982 ———
2121 972 2775 982 —_—_—_

1609 1111 1748 1164 ΤΟΥ
1805 1111 2212 1168 ΣΟΦΩΤΑΤΟΥ

693 1307 1542 1441 ΓΕΩΡΓΙΟΥ
1641 1240 1993 1442 ΤΟΥ
2096 1308 3083 1445 ΣΧΟΑΑΡΙΟΥ
3175 1339 3181 1345 υ

447 1559 630 1618 ΥΠΕΡ
657 1559 989 1632 ΕΙΡΗΝΗΣ,
1021 1559 1146 1616 ΚΑΙ
1173 1559 1515 1616 ΒΟΗΘΕΙΔΣ
1554 1561 1650 1634 TI}
1686 1563 1883 1618 ΠΑΤΡ]

1956 1565 1964 1617 ι
2010 1531 2456 1619 ιιΑιτΑΚΛιιΣιΣ
2511 1567 2690 1620 ures.
2723 1566 2867 1620 THN
2914 1563 3373 1619 ANATOAIKHN

1455 1679 1777 1737 ΣΥΝοΔοΝ
1809 1682 1901 1738 EN
1951 1683 2364 1757 ΦΛΩΡΕΝΤΙᾼ.

1555 2046 2064 2106 SAPIENTISSIMI
2123 2051 2268 2108 VIBI

929 2243 1735 2423 GEORGII
1862 2245 2883 2423 SCHOLARH

655 2549 754 2609 DE
810 2549 1022 2624 PACE,
1093 2549 1352 2623 DEQUE
1429 2546 1797 2610 FERENDO
1871 2545 2179 2606 ΡΑἸἪΗΕ
2255 2545 2588 2605 AUXlLIO
2651 2544 3154 2604 ADHORTATIO

1083 2674 1188 2735 AD
1229 2671 1602 2734 SYNODUM
1683 2669 2190 2733 OBIENTALEM
2235 2667 2719 2731 FLORENTIIE.

346 2987 429 3058 Τῇ
457 2989 583 3057 θείᾳ
612 2987 711 3042 καὶ
743 2985 870 3057 ἱερᾷ
888 2987 1136 3057 συνόδῳ
1168 2986 1280 3058 τῆς
1316 2985 1446 3042 καθ’
1489 2985 1652 3058 ἡμᾶς
1681 2985 1857 3056 ἁγίας

2033 2983 2407 3041 Sacrosanctm
2461 2987 2668 3058 synodo
2721 2990 2981 3044 nostratis
3025 2999 3226 3045 sanctm
3276 2989 3546 3052 Ecclesia’,

275 3082 668 3150 Ἐκκλησίας,
717 3080 989 3148 ἀρίστοις
1025 3081 1126 3136 καὶ
1164 3078 1539 3152 τιμιωτάτοις
1575 3080 1847 3149 Πατράσι

273 3175 566 3246 Γεώργιος
609 3174 640 3228 ό
679 3175 1013 3245 Σχολάριος
1041 3174 1160 3244 τὴν
1209 3169 1618 3243 ὀφειλομένην
1665 3169 1847 3226 εὐλά-

275 3270 460 3322 ϐειαν.

358 3359 421 3412 Ἢ
451 3358 548 3429 μὲν
585 3356 743 3428 κοινὴ
798 3354 910 3410 τῶν
955 3353 1135 3425 σοφῶν
1188 3355 1447 3411 ἁπάντων
1493 3351 1849 3426 παραγγελία

283 3449 482 3520 μηδένα
528 3447 637 3501 δεῖν
680 3464 815 3518 φησι
862 3446 1256 3517 συμϐουλεύειν
1300 3445 1434 3517 πρὶν
1465 3443 1533 3499 ἂν
1575 3443 1846 3514 κληθείηο

276 3539 390 3607 ἐγὼ
413 3536 472 3593 δὲ
504 3539 599 3593 καὶ
649 3538 725 3608 μὴ
756 3536 980 3607 κληθεὶς
1003 3537 1164 3591 τοῦτο
1207 3537 1472 3607 πράττειν
1501 3535 1844 3606 προάγομαι,

275 3632 367 3683 καὶ
395 3631 485 3686 τὸν
544 3632 804 3701 παρόντα,
816 3631 1022 3700 πέμπω
1061 3629 1221 3699 λόγον
1264 3629 1417 3701 ὑμῖν,
1471 3627 1629 3692 εἰδὼς
1658 3628 1851 3683 τοῦτον

275 3723 622 3796 παράκλησιν
641 3727 769 3780 ὄντα
793 3725 994 3796 μᾶλλον
1012 3725 1046 3794 ἢ
1071 3727 1402 3798 συμϐουλήν·
1426 3725 1522 3780 καὶ
1549 3725 1849 3796 κηδόμενος

278 3817 378 3888 μὲν
410 3818 518 3870 τῶν
549 3818 686 3872 ὅλων
720 3821 1084 3890 πραγμάτων,
1121 3819 1421 3889 κηδόμενος
1466 3818 1525 3872 δὲ
1555 3819 1614 3871 ὲν
1643 3817 1721 3888 τῷ
1755 3818 1850 3888 μέ-

275 3927 361 3978 ρει
387 3912 478 3964 xci.
505 3911 748 3980 ἐμαυτοῦ
779 3912 872 3966 καὶ
897 3913 1103 3982 γονέων
1134 3913 1229 3967 καὶ⁵
1254 3911 1536 3981 συγγενῶν
1563 3928 1578 3944 ⁶
1611 3911 1707 3965 καὶ
1731 3909 1850 3980 ἅμα

272 4004 373 4070 τὴν
418 4003 573 4075 ὑμῶν
620 4004 1038 4074 φιλανθρωπίαν
1099 4004 1278 4072 εἰδὼς,
1330 3995 1427 4059 καὶ
1479 4003 1848 4074 πεπεισμένος

272 4096 438 4167 ὑμᾶς,
467 4097 571 4152 κᾶν
591 4100 690 4152 οὐκ
720 4099 1044 4170 ἀρέσκοισοε
1076 4101 1188 4162 τοῖς
1221 4098 1312 4152 ὑπ’
1343 4099 1478 4168 ἐμοῦ
1501 4090 1854 4169 λεγομένοιςζ

273 4191 373 4240 οὐκ
400 4188 706 4258 ὀργιεῖσθαί
733 4207 841 4260 μοι,
871 4189 1007 4243 ἀλλὰ
1037 4191 1130 4244 καὶ
1154 4190 1314 4260 χάριν
1345 4190 1489 4255 ἕξειν
1517 4191 1616 4260 τῆς
1647 4188 1848 4258 προθυ-

275 4279 422 4348 μίας.
449 4282 699 4354 Amatam;
721 4283 830 4352 γάρ
853 4281 997 4351 ὑμᾶς
1033 4282 1130 4335 καὶ
1152 4280 1320 4335 τᾶλλα
1338 4281 1512 4346 εἰδὼς,
1545 4281 1642 4337 νῦν
1663 4281 1845 4353 πολλῷ

276 4340 476 4441 μᾶλλον
498 4340 702 4436 ἐλπίζω
730 4340 1084 4443 διατηρήσει-ν
1110 4372 1210 4446 τὴν
1234 4340 1487 4444 γνώμηνῖ
1501 4340 1512 4346 ⁷
1531 4376 1624 4427 Δεῖ
1655 4375 1709 4430 δὲ
1748 4340 1846 4429 καὶ
1870 4340 1918 4405 C

269 4464 368 4532 τὴν
401 4463 541 4535 ἐμὴν
573 4465 710 4534 πρὸς
732 4464 877 4534 ὑμᾶς
917 4463 1130 4520 εὔνοιαν
1162 4466 1554 4538 ἐνθυμηθῆναι·
1584 4461 1653 4539 ἦς
1685 4467 1848 4539 χάριν

270 4556 384 4610 οὗθ’
417 4557 496 4609 ὲνῖ
523 4575 650 4624 τινι,
692 4554 818 4609 οὔτε
847 4559 1011 4610 πᾶσιν
1043 4557 1179 4627 ὁμοῦ
1224 4558 1689 4632 προσκεκρουκὼς
1725 4561 1852 4630 φαῖ-

271 4663 454 4715 νομαι,
499 4649 625 4716 σιγῇ
663 4647 721 4700 δὲ
766 4646 970 4716 μᾶλλον
1001 4647 1214 4702 πολλῶν
1258 4650 1632 4720 ἀνασχόμενος
1659 4651 1851 4721 δυσχε-

175 4811 180 4814 _
273 4739 404 4810 ρῶν,
431 4731 506 4792 ὧν
533 4735 639 4791 οἶδε
677 4738 831 4806 Θεὸς,
871 4742 964 4794 καὶ
1005 4735 1081 4794 ὧν
1131 4743 1233 4795 οὐκ
1271 4743 1337 4795 ἄν
1371 4759 1455 4805 τις
1494 4743 1694 4816 ῥᾳδίως
1726 4744 1849 4800 ἀνέ-

273 4846 452 4901 σχετο⁶
486 4828 607 4883 οὔτε
635 4832 743 4902 γάρ
779 4848 902 4884 τινα
928 4831 1141 4899 λυπεῖν,
1172 4832 1296 4886 οὔτε
1326 4835 1613 4904 ταράττειν
1642 4835 1751 4890 ἔδει
1781 4836 1850 4891 τά

270 4922 595 4992 πράγματα.
632 4924 774 4992 Πρὸς
804 4925 1008 4996 ταύτην
1030 4927 1211 4980 τοινῠν
1230 4928 1330 4998 τὴν
1361 4927 1576 4983 εὔνοιαν
1611 4929 1849 4984 ἀποϐλέ-

271 5015 474 5084 ψαντες
512 5014 610 5069 καὶ⁵
639 5018 705 5087 τῇ
741 5016 850 5068 τῶν
883 5020 1229 5088 πραγμάτων
1260 5022 1476 5094 ἀνάγκη
1513 5022 1611 5092 τὴν
1642 5023 1848 5094 παροῦο

281 5124 383 5161 σαν
427 5106 783 5178 λογισάμενοι
817 5109 1044 5179 τόλμαν,
1074 5110 1220 5165 οὕτω
1250 5115 1376 5177 τοὺς
1410 5113 1604 5181 λόγους
1639 5117 1851 5185 κρίνειν

273 5200 594 5271 βουλήθητε,
628 5201 883 5256 δεσπόται
922 5221 1022 5273 μου
1055 5206 1151 5258 καὶ
1180 5206 1443 5277 Πατέρες,
1506 5211 1602 5262 καὶ
1642 5209 1848 5279 ἡγεμό-

271 5311 361 5358 νες
391 5295 611 5350 πάντων
635 5295 773 5366 ὁμοῦ
810 5297 920 5353 τῶν
958 5298 1140 5353 καλῶν
1165 5301 1259 5353 καὶ
1294 5300 1390 5354 νῦν
1424 5303 1519 5355 καὶ
1552 5303 1730 5357 πάντα
1755 5302 1848 5356 τὸν

266 5385 456 5458 χρόνον
485 5384 757 5456 ἐσόμενοι.

335 5559 474 5614 Οὔτε
507 5563 720 5633 σιωπᾷν
751 5562 937 5616 λοιπὸν
984 5559 1141 5635 οἶμαι
1177 5565 1324 5633 δεῖν,
1376 5567 1559 5635 κύριοὲ
1601 5588 1706 5639 μου
1742 5573 1844 5626 καὶ

1955 3076 2222 3134 Patribus
2274 3079 2490 3148 optimis
2532 3096 2595 3134 ac
2633 3096 2837 3135 summe
2891 3082 3240 3147 Iwnoranais,
3287 3079 3544 3153 Georgius

1950 3170 2266 3228 Schalarius
2295 3171 2530 3227 debitam
2565 3175 2938 3229 reverentiam.

2021 3350 2332 3407 Commune
2406 3351 2630 3422 quidem
2677 3353 2922 3406 omnium
2986 3354 3296 3424 sapientum
3343 3371 3546 3426 praece-

1951 3451 2127 3513 ptum,
2161 3457 2273 3497 non
2313 3456 2434 3497 esse
2473 3442 2652 3512 inquit
2677 3458 2707 3497 a
2736 3438 3012 3512 quoquam
3079 3445 3320 3501 datultlln
3359 3449 3514 3504 consi

1950 3533 2106 3598 lium,
2148 3543 2443 3607 antequam
2465 3543 2714 3589 vocetur.
2769 3537 2877 3604 Ego
2903 3553 3032 3592 vero
3060 3539 3222 3594 etiam
3259 3541 3542 3598 invocatus

1952 3627 2057 3682 hoc
2087 3642 2251 3699 agere
2307 3630 2618 3699 aggredior.
2673 3629 2942 3700 mittoqne
2992 3631 3138 3686 hunc
3168 3633 3234 3686 ad
3288 3649 3385 3690 vos
3419 3649 3568 3690 ser-.

1951 3735 2219 3788 mouem;
2275 3722 2425 3792 quod
2482 3724 2651 3779 sciam
2702 3723 3144 3779 adhortationem
3192 3741 3312 3782 esse
3354 3729 3541 3798 potius

1949 3829 2116 3885 quam
2151 3816 2447 3870 consilium
2474 3857 2490 3883 ,
2523 3815 2908 3886 sollicitusque
2935 3817 3037 3871 sim
3080 3827 3194 3874 tum
3223 3824 3286 3874 de
3315 3831 3428 3877 toto
3457 3839 3539 3880 re-

1950 3923 2071 3963 rum
2109 3916 2276 3974 statu,
2309 3916 2432 3962 tum
2458 3907 2525 3962 de
2555 3924 2636 3962 me
2661 3907 2780 3977 ipso
2815 3909 3092 3979 privatim,
3116 3920 3170 3966 ct
3195 3915 3538 3982 parentibus,

1951 4008 2005 4056 et
2030 4002 2316 4071 cognatis;
2350 4008 2405 4057 et
2450 4010 2577 4056 nota
2609 4001 2744 4056 milii
2791 4002 2863 4058 sit
2901 4013 3078 4059 vestra
3112 4005 3445 4072 humanitas,
3481 4021 3540 4064 et

1949 4111 2276 4167 persuasum
2310 4097 2542 4152 habeam
2591 4094 2711 4155 fore
2753 4106 2834 4162 ut,
2887 4098 3102 4154 etiamsi
3153 4099 3331 4157 minus
3363 4103 3538 4173 placi-

1955 4198 2074 4243 tura
2141 4189 2252 4242 sint
2285 4203 2408 4256 quae
2457 4203 2484 4241 a
2529 4203 2618 4244 me
2656 4188 2938 4252 dicentur,
2991 4191 3127 4245 mihi
3180 4199 3365 4248 tamen
3425 4211 3535 4252 non

1953 4279 2295 4346 irascamini,
2339 4279 2453 4333 imo
2493 4280 2726 4350 gratiam
2775 4296 2998 4351 quoque
3058 4282 3328 4340 habeatis.
3396 4283 3535 4340 Nam

1954 4389 2080 4430 cum
2105 4389 2202 4428 vos
2237 4373 2510 4444 aequitatis
2532 4374 2812 4429 studiosos
2849 4375 2902 4451 in
2939 4377 3152 4431 caeteris
3183 4393 3305 4432 esse
3339 4379 3536 4442 sciam.

1956 4483 2103 4522 nunc
2140 4467 2311 4522 multo
2351 4469 2522 4538 magis
2554 4483 2716 4539 spero
2745 4468 2892 4523 hunc
2927 4470 3170 4525 animum
3202 4483 3536 4534 retenturos.

1952 4560 2268 4616 Meminisse
2302 4576 2429 4615 vero
2457 4560 2623 4614 etiam
2649 4561 2861 4617 debetis
2891 4577 3068 4617 meam
3094 4578 3220 4633 erga
3249 4580 3348 4623 vos
3373 4568 3541 4628 benc-

1952 4651 2271 4716 voleutiam,
2328 4651 2400 4707 ob
2450 4666 2614 4721 quam
2676 4667 2780 4708 nec
2835 4652 3156 4724 singillatim
3195 4662 3535 4731 quempiam,

1952 4759 2054 4800 nec
2105 4759 2299 4801 omnes
2354 4745 2610 4801 universe
2642 4763 2884 4818 unquam
2941 4748 3141 4805 aliendi
3175 4771 3190 4820 ;
3221 4754 3316 4809 sed
3368 4756 3536 4814 multa

1952 4839 2138 4908 gravia
2175 4840 2396 4894 silentio
2449 4841 2668 4911 pertuli,
2705 4857 2828 4912 quae
2886 4843 3032 4899 Deus
3083 4848 3257 4914 novit,
3320 4859 3377 4905 et
3413 4869 3537 4920 qua:

1953 4948 2064 4989 non
2107 4932 2267 4989 facile
2295 4934 2570 5003 quiSpiam
2599 4937 2928 5005 pertulerit:
2976 4953 3156 5009 neque
3191 4941 3338 4997 enim
3371 4945 3537 5000 dece-

1952 5027 2042 5081 bat
2077 5041 2408 5098 quemquam
2458 5043 2581 5083 esse
2611 5029 2929 5097 molestum,
2974 5040 3070 5086 aut
3103 5049 3284 5088 rerum
3319 5045 3538 5104 pertur-

1952 5119 2222 5176 batorem.
2269 5119 2351 5175 Ad
2385 5120 2524 5176 hanc
2557 5115 2688 5190 ergo
2729 5137 2825 5178 vos
2859 5123 3296 5179 benevolentiam
3355 5129 3535 5196 respi-

1950 5212 2181 5273 cientes.
2241 5221 2296 5267 et
2325 5213 2636 5269 necessitati
2693 5214 2745 5268 in
2773 5230 2879 5284 qua
2907 5231 2992 5270 res
3018 5224 3164 5280 sunt,
3211 5229 3533 5285 praesentem

1951 5301 2236 5356 audaciam
2273 5305 2600 5368 tribuentes.
2630 5306 2699 5360 ita
2737 5309 2802 5360 de
2843 5321 3100 5361 sermone
3137 5322 3253 5361 meo
3286 5308 3536 5376 judicare

1950 5394 2151 5456 velitis,
2208 5393 2418 5450 domini
2461 5397 2589 5463 mei,
2638 5395 2850 5461 Patres,
2906 5413 2971 5452 ac
3012 5399 3180 5452 duces
3222 5399 3288 5454 ad
3348 5403 3533 5458 omnia

1949 5486 2115 5542 simul
2147 5487 2288 5543 bona
2324 5505 2467 5543 nunc
2494 5499 2548 5544 et
2578 5493 2727 5544 omni
2760 5502 3003 5560 tempore
3035 5491 3227 5548 futuri.

2019 5579 2128 5634 Nec
2151 5584 2438 5636 tacendum
2465 5582 2576 5651 jam
2608 5583 2750 5636 ultra
2791 5583 3049 5651 arbitror,
3096 5585 3302 5641 domini
3329 5602 3392 5642 ac
3426 5588 3500 5642 Pa
3523 5617 3535 5630 ο

265 5654 508 5723 πατέρες
535 5655 833 5726 αῖδέσιμοι,
869 5656 976 5710 τῶν
1010 5660 1486 5731 προσδοκωμένων
1514 5664 1708 5716 δεινῶν
1744 5669 1840 5720 καὶ
1874 5690 1883 5746 γ

1956 5679 2059 5726 tres
2093 5674 2405 5736 venerandi,
2457 5690 2578 5727 cum
2617 5674 2986 5742 impendentia
3019 5676 3157 5730 mala
3219 5679 3527 5748 plusculum

263 5745 423 5800 πλέον
456 5763 510 5799 τι
541 5747 731 5801 τούτου
781 5749 987 5820 τολμᾷν
1018 5750 1119 5822 ἥδη
1171 5752 1496 5823 πειθόντων,
1548 5755 1674 5810 οὔτε
1708 5759 1836 5810 πολ-

263 5836 371 5892 λῶν
399 5838 575 5910 λόγων
603 5840 670 5896 τὰ
704 5843 951 5912 παρόντα
983 5843 1290 5915 πράγματα
1320 5845 1550 5920 δεῖσθαι,
1589 5851 1646 5905 ἐν
1676 5851 1831 5925 ἀκμῇ

1945 5766 2107 5821 etiam
2141 5767 2341 5822 audere
2367 5767 2478 5837 jam
2506 5767 2772 5821 suadeant
2805 5783 2819 5832 ;
2847 5784 2948 5825 nec
2985 5781 3307 5839 praesentem
3345 5789 3528 5829 rerum

1947 5866 2149 5914 statum
2184 5860 2367 5916 multis
2399 5859 2641 5930 indigere
2666 5862 3036 5932 sermonibus,
3065 5878 3281 5921 summo
3311 5865 3532 5938 inperi-
