4038 6454
269 399 368 464 389
804 424 807 427 ν
1356 399 1854 460 ΑΒΙῘΟΠΤΛΊΊΟ

1944 402 1988 461 D
2028 403 2419 466 SYNODUM.
3429 410 3531 472 390

270 528 426 578 aeaut;
466 513 735 583 ἀξιώματι
774 514 866 566 καὶ
905 514 1065 585 σοφία
1106 515 1203 568 καὶ
1234 519 1520 587 τοῖςὺπὲρ
1548 516 1644 587 τ’ἧς
1678 519 1837 572 εὐσε-

1943 538 2148 593 eosque
2186 540 2294 580 non
2328 527 2506 582 obiter
2531 535 2586 581 et
2615 528 3002 597 perfunctorie,
3031 533 3129 586 sed
3168 534 3239 587 ita
3275 532 3531 588 distincte

275 608 419 668 ὁείας
444 606 642 673 ἀγῶσι,
677 608 803 669 τοὺς
860 604 968 678 γὰρ
1020 607 1212 672 ἄλλους
1262 609 1523 679 παρίημι.
1560 612 1844 680 μάρτυρας

1956 615 2231 685 planeque
2267 615 2504 679 loculos.
2535 633 2600 671 ac
2642 620 2685 673 si
2719 622 3108 676 controversia!
3136 633 3337 678 nostrae
3362 625 3531 678 sedis-

278 701 368 768 τῆς
400 698 615 751 ἑαυτῶν
655 698 816 764 δόξης
870 700 1201 769 παρήγαγον
1223 717 1238 733 ·
1266 694 1342 755 ὧν
1370 702 1598 755 ἕκαστον
1628 703 1710 757 δεῖ
1738 703 1846 763 τῶν

1952 717 2072 761 sent
2097 707 2313 776 iudices
2349 726 2363 774 ;
2397 718 2451 763 et
2482 708 2686 777 apertis
2716 710 2895 765 verbis
2954 713 3324 781 exprimentes
3386 713 3529 782 quod

276 788 333 843 ίν
358 790 436 860 τῷ
469 790 666 860 κόσμῳ
702 790 922 844 πάντων
965 789 1272 860 ἀνθρώπων
1322 793 1534 861 κρίνειν
1570 793 1844 856 ἀντάξιον,

1951 799 2235 868 queritur,
2261 799 2490 869 adjectis
2521 803 2684 855 etiam
2721 805 2927 868 causis,
2966 805 3042 858 uti
3093 803 3345 865 doctores
3373 805 3531 860 dece—

224 962 231 963 ί
281 882 564 943 κάκείνους
613 881 712 952 οὐχ
754 881 946 945 ἁπλῶς
992 881 1168 945 οὕτως
1217 880 1338 937 οὐδὲ
1380 885 1696 953 παρέργως,
1729 884 1819 938 ἀλ)

1954 890 2044 944 bat
2072 909 2088 957 ;
2119 901 2173 946 et
2199 893 2381 947 citatis
2410 907 2578 947 sacra:
2611 888 2905 961 Scriptura:
2929 892 3082 957 locis,
3106 893 3386 963 exquibus
3410 909 3532 948 sen-

282 973 462 1043 ὥσπερ
504 976 553 1028 εἰ
598 974 851 1030 δικασταί
896 968 1043 1037 τινες
1092 971 1236 1046 ἦσαν
1266 974 1398 1046 ἡμῖν
1434 978 1531 1046 τῆς
1560 977 1848 1048 παρούσης

1953 982 2179 1036 tentiam
2216 981 2358 1037 lianc
2413 984 2726 1037 necessario
2766 991 3140 1053 sumpserunt,
3195 991 3248 1038 et
3287 983 3530 1037 collectis

280 1060 632 1138 ἀμφιϐολίας,
688 1066 838 1123 οὕτω
889 1067 1312 1136 διαλεγομένους
1361 1069 1736 1139 διωρισμένως
1785 1083 1850 1122 τε

1952 1088 2049 1142 per
2081 1073 2170 1128 illa
2198 1073 2365 1129 variis
2399 1073 2722 1129 rationibus.
2761 1073 2911 1139 Quos
2946 1089 3079 1129 sane
3112 1074 3381 1135 doctores.
3410 1089 3530 1128 cum

281 1160 372 1214 καὶ
398 1158 587 1226 σαφῶς
614 1173 628 1188 ·
660 1160 756 1212 καὶ
801 1160 995 1222 αὐταῖς
1032 1158 1131 1228 μὲν
1156 1158 1339 1223 λέξεσι
1372 1158 1631 1227 λέγοντας
1663 1158 1724 1211 τὸ
1753 1154 1850 1227 ζη-

1954 1174 2033 1219 ῑοι
2057 1166 2304 1234 tantique
2329 1167 2459 1227 sint.
2477 1176 2530 1219 et
2557 1167 2691 1221 adeo
2710 1169 2997 1238 perspicue
3017 1169 3348 1222 sententiam
3397 1168 3537 1221 hanc

283 1252 566 1318 τούμενον,
605 1248 1001 1319 προστιθέντας
1048 1250 1105 1303 δὲ
1161 1251 1257 1304 καὶ
1314 1252 1412 1315 τὰς
1471 1250 1670 1314 αἰτίας,
1703 1251 1850 1304 καθὰ

1951 1258 2205 1320 doceant,
2235 1272 2334 1313 nec
2366 1257 2411 1313 si
2447 1257 2700 1323 velimus,
2733 1259 3080 1328 impudenter
3104 1261 3364 1315 adversos
3398 1275 3538 1314 eon-

278 1342 618 1405 διδασκάλοις
667 1343 938 1413 προσῆκε,
970 1343 1069 1396 καὶ
1106 1343 1177 1396 τὰ
1227 1343 1369 1415 μέρη
1400 1343 1501 1413 τῆς
1525 1341 1677 1406 θείας
1705 1344 1850 1415 Γρα-

1950 1346 2096 1400 tueri
2131 1361 2444 1414 possumus.
2476 1346 2625 1400 Alios
2646 1357 2904 1415 prmterea
2933 1362 2999 1403 ex
3029 1349 3417 1403 communibus
3437 1349 3537 1401 do-

168 1426 172 1430 Δ
278 1435 399 1503 φῆς,
446 1435 504 1500 ἐξ
544 1428 620 1488 ὧν
662 1436 761 1502 τὴν
809 1435 968 1501 δόξαν
1015 1434 1229 1506 ταύτην
1284 1437 1599 1502 ἀναγκαίως
1631 1436 1759 1506 ἔλον

1950 1438 2194 1492 ctoribus
2219 1436 2540 1504 produxere,
2565 1434 2893 1505 Orientales,
2924 1440 3169 1508 inquam.
3200 1440 3538 1509 pariductri-

277 1525 704 1596 εἰληφότες,καο’
734 1527 877 1598 ειπερ
907 1526 1073 1591 άλλας
1104 1527 1165 1594 ἐξ
1203 1526 1381 1583 ἄλλων
1412 1526 1598 1600 μερῶν
1627 1529 1849 1582 συνελέ-

1953 1545 2021 1584 na
2045 1530 2382 1600 etdignitate
2415 1531 2674 1601 praeditos
2704 1549 2720 1599 ;
2753 1547 2860 1587 non
2915 1542 2973 1587 ut
3012 1532 3089 1586 illi
3125 1532 3346 1598 quidem
3402 1533 3537 1585 adeo

280 1616 451 1679 ξαντο.
485 1617 629 1686 Πρὸς
671 1616 766 1681 οὓς
828 1616 1184 1680 διδασκάλους
1238 1619 1531 1683 τοσούτους
1584 1638 1643 1673 τε
1688 1620 1849 1682 ὄντας

1951 1620 2116 1685 clare,
2150 1622 2293 1677 idem
2331 1634 2508 1677 tamen
2540 1633 2592 1676 et
2618 1626 2763 1693 ipsos
2803 1623 2947 1693 quod
2981 1633 3032 1678 et
3062 1621 3143 1678 illi
3196 1633 3532 1685 asserentes,

278 1710 369 1761 καὶ
422 1708 800 1776 τηλικούτους,
833 1712 928 1763 καὶ
980 1709 1128 1764 οὕτω
1161 1711 1349 1780 σαφῶς
1382 1711 1481 1781 τὴν
1516 1710 1675 1778 δόξαν
1721 1710 1852 1765 ταύ-

1952 1714 1999 1769 si
2029 1714 2156 1783 quis
2186 1715 2317 1770 velit
2347 1715 2491 1769 dicta
2519 1730 2707 1771 eorum
2764 1731 2889 1770 cum
2958 1714 3188 1769 veritate
3232 1715 3439 1783 pariter
3485 1726 3541 1769 et

275 1804 371 1868 τὴν
404 1803 748 1869 εἰσάγοντας,
784 1802 895 1857 οὐδ’
936 1803 1003 1857 ἂν
1036 1802 1396 1874 βουληθέντες
1427 1805 1648 1876 ἔχοιμεν
1689 1806 1848 1858 άναι-

1953 1806 2186 1861 scientia
2229 1807 2584 1875 perpendere.
2633 1806 2744 1862 Nec
2778 1807 3138 1876 sophisticam
3196 1806 3406 1875 aliquid
3445 1815 3540 1860 aut

279 1897 544 1964 σχυντεῖν.
584 1894 729 1964 Πρὸς
764 1896 979 1961 τούτοις
1002 1896 1198 1961 ἄλλους
1227 1899 1292 1951 ὲκ
1332 1873 1672 1952 τῶνκοινῶν
1700 1897 1848 1953 διδα·

1958 1896 2295 1965 an‘ectatnm,
2330 1899 2422 1955 sed
2456 1900 2616 1970 plana
2650 1873 2858 1964 omnia,
2892 1908 2946 1954 et
2999 1914 3170 1954 sacrae
3221 1873 3539 1968 scripturae,

285 1986 493 2041 σκάλων
524 1989 883 2058 παρήγαγον,
935 1990 1064 2053 τοὺς
1112 1989 1174 2054 ἐξ
1206 1989 1505 2060 ’Δνατολῆς
1556 1990 1721 2058 λέγω,
1759 1989 1850 2062 ῐσῃ

1955 1990 2380 2061 doetoribusque
2402 2006 2643 2046 consona
2681 1992 2747 2046 ad
2789 1990 3271 2046 demonstrandam
3318 1997 3541 2047 senten-

280 2079 439 2150 σοφίᾳ
469 2081 564 2134 καὶ
592 2079 868 2151 ἀξιώματι
899 2082 1380 2152 κεκοσμημένους,
1420 2083 1519 2152 οὐχ
1571 2078 1716 2135 οὕτω
1747 2082 1851 2152 μὲν

1955 2082 2089 2137 tiam
2125 2098 2282 2138 suam
2335 2084 2631 2154 protulere.
2668 2082 2778 2138 Nec
2829 2082 3105 2151 oltjectum
3155 2097 3186 2137 a
3248 2083 3406 2138 nobis
3454 2090 3540 2136 est

282 2170 580 2242 διαρρήδην
616 2171 812 2243 ὥσπερ·
864 2174 1087 2242 ἐκείνοι,
1122 2172 1384 2242 λέγοντας
1440 2172 1487 2226 δ’
1540 2173 1695 2243 ὅμως
1749 2177 1848 2229 καὶ

1954 2172 2277 2243 quidquam,
2333 2174 2400 2227 ad
2437 2174 2587 2242 quod
2624 2172 2702 2227 illi
2753 2172 2967 2228 erudite
2999 2179 3054 2225 et
3104 2171 3353 2224 animose
3410 2182 3535 2221 cum

280 2262 474 2324 αὐτοὺς
506 2263 618 2326 τοῖς
668 2262 850 2324 ἄλλοις
878 2263 1074 2329 ταυτα,
1107 2262 1162 2318 el’
1198 2279 1285 2325 τις
1318 2262 1438 2333 μετ’
1464 2261 1726 2332 ἀληθείας
1754 2261 1853 2316 καὶ

1956 2266 2185 2322 veritate
2214 2281 2320 2320 non
2342 2266 2741 2334 responderint.
2770 2264 2850 2319 Ex
2872 2262 3077 2319 sanctis
3094 2277 3259 2333 porro
3277 2262 3538 2331 aliquem,

282 2354 470 2423 σοφίας
500 2353 638 2425 ὁμοῦ
668 2354 769 2417 τὰς
800 2355 1027 2408 ἐκείνων
1052 2352 1331 2434 ἐξετάζειν
1361 2352 1610 2424 βούλοιτο
1637 2352 1848 2424 ῥήσειςο

1955 2359 2048 2430 qui
2082 2367 2267 2429 aperte
2289 2359 2395 2414 illis
2428 2359 2770 2422 adversetur,
2797 2357 3005 2412 nullum
3033 2356 3303 2412 habemus
3354 2373 3370 2411 :
3399 2354 3540 2425 quod

282 2450 371 2502 καὶ
399 2450 710 2518 σοφιστικὸν
735 2449 887 2502 οὐδὲν
916 2448 1039 2503 οὐδὲ
1074 2447 1254 2518 βίαιον
1277 2486 1293 2512 ,
1324 2445 1463 2501 ἀλλὰ
1492 2445 1674 2500 πάντα
1702 2444 1853 2498 ἁπλᾶ

1956 2449 2003 2507 si
2039 2451 2204 2505 etiam
2228 2460 2397 2514 esset,
2428 2457 2702 2521 oporteret
2737 2452 2880 2503 hunc
2905 2463 3126 2519 quoque
3167 2447 3255 2502 via
3291 2457 3345 2501 et
3371 2446 3544 2500 ratio-

280 2541 372 2593 καὶ
401 2542 465 2610 τῇ
498 2539 620 2610 θείᾳ
663 2539 861 2611 Γραφῇ
921 2540 1018 2593 καὶ
1068 2540 1184 2602 τοῖς
1223 2536 1568 2600 διδασκάλοις
1606 2534 1856 2605 ιπόμενα

1959 2558 2028 2598 ne
2051 2542 2234 2614 aliqua
2271 2542 2458 2599 multis
2480 2544 2802 2612 a'ljungere,
2828 2540 3042 2611 aequius
3066 2555 3200 2595 sane
3220 2549 3274 2593 et
3297 2553 3417 2594 com
3429 2551 3542 2591 mo-

278 2629 413 2697 πρὸς
455 2629 735 2697 ἀπόδειξιν
798 2629 899 2701 τῆς
947 2628 1158 2683 ἑαυτῶν
1206 2625 1613 2699 προσεδάλοντο
1652 2626 1850 2698 δόξηςσ

1961 2632 2104 2698 (lius,
2137 2650 2300 2704 quam
2332 2635 2399 2690 ad
2437 2651 2600 2688 unum
2636 2634 2686 2688 vi
2718 2633 3038 2703 pertrahere
3097 2641 3300 2686 tantam
3358 2630 3544 2684 multi-

281 2725 373 2774 καὶ
410 2723 626 2794 εἴρηται
667 2723 801 2792 παρ’
832 2721 992 2792 ἡμῶν
1023 2720 1179 2774 οὐδέν
1232 2721 1370 2792 πρὸς
1402 2720 1623 2784 αὐτοὺς,
1650 2704 1787 2789 πρὸς
1826 2719 1854 2774 δ

1959 2727 2203 2783 tudinem
2237 2728 2547 2783 doctorum.
2610 2728 2683 2782 Ea
2734 2744 2862 2781 vero
2909 2726 3276 2788 incommoda,
3331 2723 3384 2776 in
3423 2739 3542 2792 qum

284 2819 358 2884 μὴ
389 2815 565 2882 σοφῶς
598 2832 658 2868 τε
709 2815 806 2868 καὶ
839 2813 1102 2882 γενναίως
1134 2813 1230 2866 καὶ
1271 2813 1414 2882 μετὰ
1460 2811 1563 2881 τῆς
1593 2811 1855 2883 ἀληθείας

1960 2818 2084 2875 illos
2115 2820 2222 2874 labi
2256 2820 2611 2884 arbitramur,
2646 2835 2706 2874 se
2736 2833 2836 2873 nec
2865 2818 3091 2879 sentire,
3125 2830 3226 2870 nec
3259 2813 3413 2884 sequi
3446 2828 3543 2866 ne-

281 2907 713 2979 ἁποκρινάμενοι
770 2908 1097 2975 φαίνονται·
1155 2902 1265 2959 οὐδ’
1327 2904 1527 2977 ἔχομέν
1584 2921 1707 2957 τινα
1744 2903 1855 2957 τῶν

1945 2911 2203 2967 .cessario
2225 2926 2291 2965 ex
2320 2926 2419 2965 sua
2446 2911 2717 2965 sententia
2749 2910 2909 2979 plane
2942 2918 3213 2963 testantur
3237 2923 3252 2973 ;
3274 2905 3368 2960 sed
3400 2905 3540 2958 idem

283 3003 453 3071 ἁγίων
482 3001 729 3072 φανερῶς
774 3000 955 3063 αὐτοῖς
1008 3000 1435 3070 ἀντιφάσκσντα·
1472 2999 1522 3052 εἰ
1562 2996 1618 3050 δέ
1651 3009 1734 3061 τις
1763 2992 1855 3068 ἦν,

1960 3018 2026 3059 ac
2054 3016 2155 3057 nos
2173 3002 2320 3058 aiunt
2346 3017 2403 3056 se
2429 3002 2677 3067 credere,
2696 3010 2749 3055 et
2771 3004 2823 3054 in
2857 3001 3109 3054 eumdem
3132 2998 3260 3054 ferri
3291 3012 3539 3060 sensum,

291 3095 386 3148 καὶ
404 3093 591 3148 τοῦτον
614 3094 728 3148 ἔδει
756 3095 866 3159 τοῖς
894 3093 1121 3159 πολλοῖς
1158 3090 1378 3164 μηχανῇ
1425 3107 1535 3145 τινι
1580 3091 1679 3145 καὶ
1709 3089 1857 3161 λόγῳ

1959 3096 2091 3152 licet
2121 3095 2322 3151 additis
2345 3094 2574 3149 vocibus
2605 3095 2805 3149 melius
2836 3090 3109 3162 explicent
3135 3132 3151 3157 ,
3200 3104 3306 3145 nec
3370 3090 3540 3143 ullum

290 3190 584 3244 συνάπτειν
636 3187 826 3259 πολλῷ
876 3184 1081 3258 μᾶλλον
1124 3189 1220 3242 καὶ
1251 3186 1617 3256 δικαιότερον,
1649 3183 1683 3255 ἥ
1717 3185 1856 3254 πρὸς
1883 3245 1885 3258 ι

1961 3198 2277 3247 sanctorum
2319 3187 2663 3254 calumniari,
2685 3188 3179 3242 autaut-turitalem
3201 3184 3316 3255 ejus
3332 3182 3546 3238 elevare

284 3286 375 3338 τὸν
422 3283 519 3337 ἕνα
565 3279 769 3341 πλῆθος
817 3278 1089 3333 τοσούτων
1132 3277 1472 3333 διδασκάλων
1510 3273 1858 3348 παραϐιάζεο

1960 3295 2249 3354 coguntur;
2265 3281 2375 3337 imo
2391 3278 2645 3337 doctores
2663 3281 2804 3336 inter
2820 3296 2940 3336 sese
2952 3279 3268 3340 conciliant,
3287 3284 3341 3333 et
3361 3284 3552 3346 poten-

286 3380 433 3434 σθαι.
486 3379 581 3441 Et;
632 3377 668 3433 δ.
698 3377 762 3431 δὲ
814 3375 1114 3446 νομίζομεν
1166 3372 1370 3435 αὐτοὺς
1416 3373 1489 3425 ’ὲκ
1541 3368 1644 3441 τῆς
1696 3369 1856 3441 δόξης

1960 3373 2176 3431 tissime
2199 3381 2524 3444 argumento
2543 3372 2679 3428 satis
2705 3374 3081 3427 demonstrare
3098 3385 3157 3424 se
3186 3375 3378 3438 putant
3409 3379 3552 3422 recte

282 3470 488 3541 ταύτης
512 3469 829 3534 ἐκπίπτειν,
864 3469 957 3523 καὶ
992 3465 1167 3521 ταῦτα
1204 3466 1351 3537 μήτε
1397 3464 1618 3536 φρονεῖν
1647 3461 1778 3534 μήτ’
1800 3461 1859 3528 ἐξ

1961 3470 2167 3527 sentire
2183 3478 2237 3523 et
2253 3468 2497 3534 credere,
2522 3466 2664 3537 quod
2682 3465 2965 3521 doctorem
3010 3479 3135 3519 cum
3154 3463 3380 3516 doctore
3425 3460 3551 3515 nu'-

281 3567 527 3635 ἀνάγκης
568 3564 798 3618 ἔπεσθαι
849 3563 916 3633 τῇ
968 3560 1120 3633 δόξῃ,
1148 3558 1636 3632 διαμαρτύρονται.
1694 3555 1858 3611 Ἀλλὰ

1964 3563 2075 3619 lum
2096 3569 2457 3633 pugnantem,
2510 3569 2605 3614 aut
2648 3557 2923 3614 contraria
2970 3556 3240 3611 dicentem
3296 3552 3548 3618 faciunt;

281 3656 378 3710 καὶ
414 3657 483 3711 τὰ
530 3656 671 3712 αὐτά
719 3672 855 3726 φασι
889 3653 1013 3726 μεθ’
1045 3654 1206 3727 ἡμῶν
1249 3652 1567 3718 πιστεύειν,
1594 3651 1691 3706 καὶ
1720 3650 1861 3720 πρὸς

1964 3656 2061 3714 sed
2091 3657 2234 3728 apud
2286 3655 2412 3712 illos
2447 3653 2629 3711 omnia
2678 3667 2777 3723 per
2827 3652 2967 3706 hanc
3005 3648 3331 3704 sententiam
3405 3657 3553 3701 tran-

279 3753 373 3805 τδν
407 3748 520 3803 ἴσον
564 3751 700 3819 ἡμῖν
730 3748 997 3821 φέρεσθαι
1035 3746 1186 3816 νοῦν,
1230 3746 1282 3801 εί
1329 3746 1427 3800 καὶ
1455 3743 1745 3818 προσθήκῃ
1772 3743 1862 3798 λέ·-

1966 3745 2135 3818 quilla
2162 3755 2292 3821 sunt
2328 3755 2385 3801 et
2410 3743 2823 3800 convenientia.
2868 3740 2948 3796 Ad
2990 3740 3108 3795 haec
3142 3740 3216 3792 ita
3265 3736 3552 3792 nobiscum

281 3841 421 3907 ξεων
447 3839 672 3909 ἄμεινον
695 3819 1109 3894 ἀναπτύσσουσι
1139 3854 1154 3871 ·
1196 3836 1294 3892 καὶ
1322 3834 1517 3890 οὐδένα
1543 3835 1653 3890 τῶν
1689 3837 1863 3905 ἁγίων

1969 3848 2161 3909 agunt,
2191 3819 2259 3895 ac
2288 3837 2334 3894 si
2362 3885 2365 3888 ε
2396 3836 2648 3909 magistri
2690 3835 2902 3891 illorum
2938 3841 3033 3888 aut
3083 3830 3299 3902 iudices
3332 3828 3556 3884 sedere-

282 3931 685 4002 ἀναγκάζονται
709 3933 1068 4000 συκοφαντεῖν
1096 3932 1130 4002 ἢ
1157 3931 1487 4003 διαγράφειν
1510 3970 1525 3994 ,
1554 3930 1695 3985 ἀλλὰ
1726 3928 1864 4000 μάλ-

1971 3924 2096 3988 mus
2126 3949 2141 3999 ;
2186 3938 2489 4002 rogantque
2526 3939 2585 3984 ut
2620 3943 2680 3984 se
2746 3924 3132 3996 suscipiamus,
3166 3938 3267 3978 nec
3325 3919 3556 3976 velimus

283 4027 377 4079 λόν
415 4027 783 4079 συνάπτουσιν
832 4023 1090 4094 ἀλλήλοις
1130 4024 1262 4087 τοὺς
1313 4021 1714 4086 διδασκάλους·
1768 4020 1864 4074 καλ¹

1971 4024 2190 4081 modica
2215 4023 2287 4078 de
2311 4036 2474 4077 causa
2497 4019 2734 4090 disjengi
2762 4019 2833 4075 ab
2850 4017 3165 4074 hominibus
3195 4015 3331 4070 adeo
3352 4011 3557 4068 nostris

289 4121 421 4190 μίαν
473 4119 680 4190 ταύτην
741 4118 1024 4183 ἀπόδειξιν
1077 4114 1360 4189 ἀρκοῦσαν
1405 4115 1555 4187 ἔχειν
1597 4112 1866 4186 ἡγοῦνται

1975 4115 2310 4183 consimilia,
2374 4113 2514 4168 adeo
2579 4110 2967 4167 communibus
3018 4107 3336 4165 doctoribus
3423 4119 3556 4158 con-

286 4209 415 4278 παρ’
446 4209 662 4273 ἑαυτοῖς
706 4208 807 4263 τοῦ
865 4208 1078 4280 τάληθῆ
1134 4209 1354 4279 φρονεῖν
1400 4208 1498 4261 καὶ¹
1538 4206 1865 4273 πιστεύειν,

1974 4207 2225 4280 grttentia
2308 4204 2693 4262 sentientibus.
2776 4201 2964 4273 Neque
3045 4214 3174 4276 vero
3246 4197 3476 4265 exigunt
3526 4211 3558 4250 a

282 4302 368 4355 ὅτι
406 4302 594 4371 μηδενὶ
623 4302 763 4372 πρὸς
812 4302 1021 4372 μηδένα
1057 4300 1167 4355 τῶν
1200 4299 1543 4366 διδασκάλων
1576 4298 1869 4371 ἀντίφασίν

2079 4301 2140 4357 iis
2172 4297 2568 4371 professionem
2602 4295 2888 4359 veritatis;
2914 4292 3008 4349 sed
3049 4291 3152 4346 hoc
3206 4290 3426 4360 quidem
3457 4304 3563 4342 no-
3669 4319 3674 4327 -

279 4409 406 4445 τινα
436 4393 530 4445 καὶ
567 4393 746 4463 μάχην
784 4392 1137 4465 ἐγείρουσιν·
1191 4394 1330 4449 ἀλλὰ
1377 4395 1654 4450 τάκείνων
1688 4397 1870 4449 πάντα

1977 4395 2062 4450 bis
2092 4393 2429 4462 relinquunt.
2457 4390 2502 4447 si
2539 4388 2776 4460 perfecte
2810 4385 3035 4442 credere
3059 4383 3316 4447 velimus,
3373 4395 3553 4449 neque

280 4486 523 4555 γαλήνης
546 4486 708 4555 γέμει
729 4489 824 4541 καὶ
850 4470 1128 4557 ὁμονοίας,
1160 4486 1261 4559 τῆς
1282 4485 1453 4556 ’δόξης
1482 4487 1689 4557 ταύτης
1730 4504 1869 4560 κρα-

1980 4484 2173 4540 salutis
2210 4482 2363 4554 spem
2388 4481 2720 4537 arbitremur
2744 4478 2902 4534 nobis
2925 4475 3279 4549 ignominiam
3310 4473 3558 4530 inurere:

280 4580 510 4648 τούσης.
554 4580 700 4653 Πρδς
732 4580 790 4635 δὲ
815 4580 1052 4648 τούτοις,
1076 4570 1334 4653 καθάπερ
1355 4580 1702 4644 διδασκάλοις
1738 4582 1872 4653 ἡμῖν

1987 4596 2004 4630 ι
2038 4575 2269 4630 Onnrtct
2296 4575 2471 4638 enim,
2496 4572 2698 4642 inquit,
2750 4570 2816 4625 ad
2878 4569 3109 4625 salutem
3152 4568 3313 4623 labiis
3347 4582 3567 4638 quoque

286 4670 324 4737 ἢ
364 4673 582 4739 κριταῖς
614 4671 795 4727 αὐτῶν
830 4672 1186 4745 καθημένοις,
1233 4673 1382 4728 οὕτω
1422 4674 1871 4747 προσφέρονται)

1982 4670 2141 4727 ﬁdem
2170 4668 2416 4725 coutiteri
2480 4667 2522 4722 ί.
2555 4684 2574 4718 ι
2618 4665 2695 4720 llli
2740 4678 2868 4719 vero
2917 4662 3052 4719 satis
3104 4676 3227 4718 esse
3258 4663 3467 4715 ducunt
3502 4658 3569 4712 ad

286 4766 381 4817 καὶ
412 4766 621 4821 δέονται
657 4769 798 4837 σφᾶς
844 4769 1230 4839 προσήκασθαι
1255 4810 1271 4836 ,
1305 4768 1401 4824 καὶ
1451 4771 1528 4840 μὴ
1565 4767 1745 4823 θέλειν
1776 4768 1876 4822 ἀν-

1985 4777 2201 4833 parem,
2232 4762 2276 4816 si
2332 4759 2493 4815 tinem
2549 4754 2903 4812 insimulandi
2962 4752 3227 4809 iaciamus
3280 4762 3406 4822 post
3458 4759 3567 4804 tam

286 4861 523 4933 θρώπων
549 4862 693 4918 οὕτω
745 4863 844 4935 μὲν
890 4862 1099 4935 ἀδελφὰ
1146 4861 1493 4934 φρονούντων
1527 4862 1664 4933 ἡμῖν
1691 4902 1707 4927 ,
1731 4860 1877 4916 οὕτω

1985 4859 2187 4912 multas
2228 4853 2751 4919 demonstrationes,
2798 4850 2998 4920 quibus
3056 4862 3115 4904 se
3154 4861 3258 4901 nec
3315 4843 3452 4900 falsa
3483 4844 3571 4897 di-

284 4953 346 5007 δδ
407 4954 833 5024 συμϐαινόντων,
864 4956 980 5015 τοῖς
1021 4955 1227 5017 κοινοῖς
1281 4952 1653 5016 διδασκάλοις,
1701 4951 1879 5022 μικρᾷ

1984 4965 2135 5014 cere,
2177 4963 2276 5003 nec
2318 4947 2461 5000 male
2497 4944 2702 5000 sentire
2759 4941 3107 5014 probarunt:
3170 4946 3227 4992 ut
3293 4937 3365 4992 sit
3410 4934 3574 4988 nobis

284 5020 559 5117 προφάσει
589 5047 945 5118 χωρίζεσθαι.
975 5046 1104 5101 Οὐδ’
1134 5045 1467 5101 ἀπαιτοῦσιν
1490 5043 1550 5110 ιξ
1586 5044 1747 5116 ἡμῶν

1982 5043 2259 5114 integrum
2288 5039 2393 5095 alia
2426 5038 2512 5092 via
2534 5048 2583 5092 et
2610 5052 2799 5108 pacem
2835 5020 3119 5100 facerefet
3158 5029 3408 5102 populari
3466 5027 3571 5082 huc

280 5142 579 5210 ὁμολογίαν
628 5143 725 5212 τῆς
778 5142 1044 5213 ἀληθείας
1077 5181 1094 5209 ,
1158 5142 1298 5198 ἀλλά
1360 5140 1524 5209 τοῦτο
1575 5141 1675 5210 μὲν
1744 5141 1875 5209 ἡμῖν

1982 5148 2392 5208 apparenteque
2428 5132 2721 5204 Splendore
2745 5145 2809 5186 ac
2862 5142 3110 5192 rumore,
3172 5138 3275 5179 nec
3309 5121 3570 5192 pertime-

281 5234 732 5302 καταλείπουσιν,
777 5235 827 5289 εί
895 5233 1232 5307 βουλοίμεθα
1278 5234 1506 5297 τελείως
1564 5232 1876 5296 πιστεύειν,

2019 5245 2138 5284 cere
2170 5226 2537 5282 defectionem
2600 5224 2845 5294 gentium
2906 5218 3067 5274 nobis
3123 5214 3614 5285 conjunctarum,-

281 5327 383 5381 καὶ
418 5327 490 5398 μὴ
521 5327 845 5399 νομίζοιμεν
869 5304 1139 5398 αἰσχύνην
1166 5328 1358 5400 φέρειν
1391 5328 1526 5399 ἡμῖν
1557 5328 1657 5393 τὴν
1681 5324 1876 5378 ἐλπίδα

1984 5320 2429 5392 quandoquidem
2471 5318 2595 5399 ﬁdei
2654 5314 2935 5372 confessio
2997 5327 3107 5368 non
3163 5305 3421 5365 aliterab
3467 5304 3577 5360 illis

279 5421 389 5488 τῆς
425 5421 718 5493 σωτηρίας
755 5440 773 5475 ι
810 5424 905 5476 Δεῖ
950 5423 1082 5494 γὰρ,
1117 5423 1276 5493 φησὶ,
1314 5423 1452 5492 πρδς
1481 5420 1543 5474 τὸ
1577 5417 1874 5482 σώζεσθαιι

1314 5423 1452 5492 προς
1481 5420 1543 5474 τὸ
1577 5417 1879 5482 σώζεσθαι,
1981 5422 2038 5470 et
2078 5414 2240 5469 nobis
2268 5414 2379 5475 lict,
2415 5427 2481 5467 ac
2514 5410 2673 5482 prius
2703 5408 2888 5464 tiebat.

168 5530 189 5547 ο
281 5514 385 5567 καί⁵
424 5515 626 5585 χείλεσι
678 5517 780 5588 τὴν
818 5520 1008 5572 πίστιν
1040 5518 1347 5589 ὁμολογεῖν.
1389 5535 1407 5568 ι
1449 5515 1615 5570 Αὐτοὶ
1645 5514 1701 5568 δὲ
1731 5514 1921 5583 ἀρκεῖν
1960 5508 2222 5582 ἡγοῦνται
2263 5508 2398 5580 πρὸς
2447 5507 2546 5578 τὴν
2599 5507 2826 5576 εἰρήνην
2902 5503 2965 5556 τὸ
3023 5497 3346 5555 παύσασθαι
3380 5494 3573 5552 λοιτ-ὶιν
3598 5558 3615 5563 ε

280 5604 540 5671 ἐγκαλεῖν
590 5607 798 5675 αὐτοῖς,
832 5608 979 5662 οὕτω
1030 5610 1233 5672 πολλὰς
1290 5606 1388 5662 τοῦ
1448 5608 1523 5679 μὴ
1570 5604 1867 5676 ψεύδεσθαι
1910 5602 2048 5673 μηδὲ
2081 5599 2273 5664 κακῶς
2304 5601 2528 5670 φρονεῖν
2591 5595 3044 5667 παρασχομένοις
3111 5591 3212 5655 τὰς
3235 5589 3571 5656 ἀποδείξες.

284 5695 444 5749 Ὣστ⁹
469 5698 676 5766 ἐξεῖναι
705 5704 912 5774 τρίπον
946 5704 1079 5775 ἡμῖν
1105 5702 1293 5775 ἕτερον
1334 5703 1474 5773 μετὰ
1513 5701 1608 5754 τοῦ
1643 5699 1744 5768 τὴν
1786 5698 2014 5769 εἰρήνην
2045 5695 2347 5768 πράττειν,
2386 5694 2482 5748 καὶ
2515 5691 2617 5762 τῆς
2689 5689 2795 5757 ἔξω
2866 5688 2960 5741 καὶ
3029 5685 3374 5758 φαινομένης
3440 5683 3573 5738 ταύ-

358 5885 375 5913 ¹
404 5882 561 5936 ιιωιι.
598 5900 648 5946 x,
697 5884 776 5940 10.
