  <div class='ocr_page' id='page_1' title='image "/cluster/home/n/w/nwhite01/storage/ocr_20150623/160/coo.31924054870658/204.png"; bbox 0 0 4038 6486; ppageno 0'>
   <div class='ocr_carea' id='block_1_1' title="bbox 329 485 489 552">
    <p class='ocr_par' dir='ltr' id='par_1_1' title="bbox 329 485 489 552">
     <span class='ocr_line' id='line_1_1' title="bbox 329 485 489 552; baseline -0.025 0"><span class='ocrx_word' id='word_1_1' title='bbox 329 485 434 552; x_wconf 75' lang='lat'><strong>393</strong></span> <span class='ocrx_word' id='word_1_2' title='bbox 488 546 489 549; x_wconf 42' lang='grc' dir='ltr'><strong>η</strong></span> 
     </span>
    </p>
   </div>
   <div class='ocr_carea' id='block_1_2' title="bbox 1416 460 2492 537">
    <p class='ocr_par' dir='ltr' id='par_1_2' title="bbox 1416 460 2492 537">
     <span class='ocr_line' id='line_1_2' title="bbox 1416 460 2492 537; baseline -0.007 -2"><span class='ocrx_word' id='word_1_3' title='bbox 1416 467 1916 537; x_wconf 66' lang='grc' dir='ltr'><strong>ΛΒΠΟΠΤΛΤΞΟ</strong></span> <span class='ocrx_word' id='word_1_4' title='bbox 1962 468 2060 525; x_wconf 70' lang='grc' dir='ltr'><strong>Μ)</strong></span> <span class='ocrx_word' id='word_1_5' title='bbox 2098 460 2492 527; x_wconf 65' lang='lat' dir='ltr'><strong>SYXOLUM.</strong></span> 
     </span>
    </p>
   </div>
   <div class='ocr_carea' id='block_1_3' title="bbox 3473 460 3577 524">
    <p class='ocr_par' dir='ltr' id='par_1_3' title="bbox 3473 460 3577 524">
     <span class='ocr_line' id='line_1_3' title="bbox 3473 460 3577 524; baseline -0.029 -1"><span class='ocrx_word' id='word_1_6' title='bbox 3473 460 3577 524; x_wconf 62' lang='lat'><strong>391</strong></span> 
     </span>
    </p>
   </div>
   <div class='ocr_carea' id='block_1_4' title="bbox 329 565 1918 668">
    <p class='ocr_par' dir='ltr' id='par_1_4' title="bbox 329 565 1893 668">
     <span class='ocr_line' id='line_1_4' title="bbox 329 565 1893 668; baseline -0.011 -14"><span class='ocrx_word' id='word_1_7' title='bbox 329 597 644 668; x_wconf 74' lang='grc' dir='ltr'>σδεσθείσης</span> <span class='ocrx_word' id='word_1_8' title='bbox 674 596 730 651; x_wconf 81' lang='grc' dir='ltr'>δὲ</span> <span class='ocrx_word' id='word_1_9' title='bbox 760 595 855 666; x_wconf 85' lang='grc' dir='ltr'>τῆς</span> <span class='ocrx_word' id='word_1_10' title='bbox 879 596 1007 665; x_wconf 65' lang='grc' dir='ltr'>περὶ</span> <span class='ocrx_word' id='word_1_11' title='bbox 1041 565 1342 664; x_wconf 59' lang='grc' dir='ltr'>μαθήματα</span> <span class='ocrx_word' id='word_1_12' title='bbox 1373 594 1464 645; x_wconf 72' lang='grc' dir='ltr'><strong>καὶ</strong></span> <span class='ocrx_word' id='word_1_13' title='bbox 1496 592 1687 660; x_wconf 85' lang='grc' dir='ltr'>λόγους</span> <span class='ocrx_word' id='word_1_14' title='bbox 1745 585 1893 654; x_wconf 74' lang='grc' dir='ltr'>φιλο-</span> 
     </span>
    </p>
   </div>
   <div class='ocr_carea' id='block_1_5' title="bbox 2023 565 3577 668">
    <p class='ocr_par' dir='ltr' id='par_1_5' title="bbox 2033 576 3577 651">
     <span class='ocr_line' id='line_1_5' title="bbox 2033 576 3577 651; baseline -0.002 -18"><span class='ocrx_word' id='word_1_15' title='bbox 2033 595 2256 643; x_wconf 87' lang='lat' dir='ltr'><strong>ur;uon</strong></span> <span class='ocrx_word' id='word_1_16' title='bbox 2281 581 2497 651; x_wconf 79' lang='lat' dir='ltr'><strong>vigente</strong></span> <span class='ocrx_word' id='word_1_17' title='bbox 2541 580 2652 647; x_wconf 86' lang='lat' dir='ltr'><strong>jam</strong></span> <span class='ocrx_word' id='word_1_18' title='bbox 2708 580 3023 635; x_wconf 74' lang='lat' dir='ltr'><strong>scholarum</strong></span> <span class='ocrx_word' id='word_1_19' title='bbox 3056 589 3158 633; x_wconf 88' lang='lat' dir='ltr'><strong>usu</strong></span> <span class='ocrx_word' id='word_1_20' title='bbox 3214 576 3577 647; x_wconf 76' lang='lat' dir='ltr'><strong>publicarum,</strong></span> 
     </span>
    </p>
   </div>
   <div class='ocr_carea' id='block_1_6' title="bbox 327 679 1896 764">
    <p class='ocr_par' dir='ltr' id='par_1_6' title="bbox 327 679 1896 764">
     <span class='ocr_line' id='line_1_6' title="bbox 327 679 1896 764; baseline -0.01 -16"><span class='ocrx_word' id='word_1_21' title='bbox 327 695 531 764; x_wconf 83' lang='grc' dir='ltr'>τιμίας.</span> <span class='ocrx_word' id='word_1_22' title='bbox 562 693 657 745; x_wconf 74' lang='grc' dir='ltr'><strong>καὶ</strong></span> <span class='ocrx_word' id='word_1_23' title='bbox 688 690 903 745; x_wconf 85' lang='grc' dir='ltr'>πάντων</span> <span class='ocrx_word' id='word_1_24' title='bbox 933 692 1030 758; x_wconf 78' lang='grc' dir='ltr'>τῆς</span> <span class='ocrx_word' id='word_1_25' title='bbox 1056 689 1245 759; x_wconf 97' lang='grc' dir='ltr'>χρείας</span> <span class='ocrx_word' id='word_1_26' title='bbox 1281 688 1447 757; x_wconf 76' lang='grc' dir='ltr'>μόνης</span> <span class='ocrx_word' id='word_1_27' title='bbox 1472 686 1566 738; x_wconf 75' lang='grc' dir='ltr'><strong>καὶ</strong></span> <span class='ocrx_word' id='word_1_28' title='bbox 1596 686 1696 752; x_wconf 79' lang='grc' dir='ltr'>τῆς</span> <span class='ocrx_word' id='word_1_29' title='bbox 1726 679 1896 747; x_wconf 84' lang='grc' dir='ltr'>ἀνάγ-</span> 
     </span>
    </p>
   </div>
   <div class='ocr_carea' id='block_1_7' title="bbox 331 774 1896 856">
    <p class='ocr_par' dir='ltr' id='par_1_7' title="bbox 331 774 1896 856">
     <span class='ocr_line' id='line_1_7' title="bbox 331 774 1896 856; baseline -0.011 -17"><span class='ocrx_word' id='word_1_30' title='bbox 331 803 429 856; x_wconf 89' lang='grc' dir='ltr'><strong>κης</strong></span> <span class='ocrx_word' id='word_1_31' title='bbox 457 782 865 853; x_wconf 82' lang='grc' dir='ltr'>γεγενημένων.</span> <span class='ocrx_word' id='word_1_32' title='bbox 902 782 1216 850; x_wconf 80' lang='grc' dir='ltr'>ἰῐέπεισμαι</span> <span class='ocrx_word' id='word_1_33' title='bbox 1248 780 1302 832; x_wconf 84' lang='grc' dir='ltr'>δὲ</span> <span class='ocrx_word' id='word_1_34' title='bbox 1340 777 1473 848; x_wconf 76' lang='grc' dir='ltr'>μηδὲ</span> <span class='ocrx_word' id='word_1_35' title='bbox 1502 776 1581 846; x_wconf 81' lang='grc' dir='ltr'>τῷ</span> <span class='ocrx_word' id='word_1_36' title='bbox 1612 774 1896 842; x_wconf 81' lang='grc' dir='ltr'>Πνεύματι</span> 
     </span>
    </p>
   </div>
   <div class='ocr_carea' id='block_1_8' title="bbox 333 868 1900 949">
    <p class='ocr_par' dir='ltr' id='par_1_8' title="bbox 333 868 1900 949">
     <span class='ocr_line' id='line_1_8' title="bbox 333 868 1900 949; baseline -0.01 -18"><span class='ocrx_word' id='word_1_37' title='bbox 333 878 534 949; x_wconf 70' lang='grc' dir='ltr'>σφόδρα</span> <span class='ocrx_word' id='word_1_38' title='bbox 560 878 781 944; x_wconf 73' lang='grc' dir='ltr'>άρέσειν</span> <span class='ocrx_word' id='word_1_39' title='bbox 815 876 913 941; x_wconf 79' lang='grc' dir='ltr'><strong>τὴν</strong></span> <span class='ocrx_word' id='word_1_40' title='bbox 943 875 1214 941; x_wconf 76' lang='grc' dir='ltr'><strong>τοσαύτην</strong></span> <span class='ocrx_word' id='word_1_41' title='bbox 1240 870 1579 939; x_wconf 75' lang='grc' dir='ltr'><strong>ἀδολεσχίαν,</strong></span> <span class='ocrx_word' id='word_1_42' title='bbox 1621 868 1757 921; x_wconf 80' lang='grc' dir='ltr'>ἀλλὰ</span> <span class='ocrx_word' id='word_1_43' title='bbox 1783 882 1900 917; x_wconf 80' lang='grc' dir='ltr'>πει-</span> 
     </span>
    </p>
   </div>
   <div class='ocr_carea' id='block_1_9' title="bbox 335 957 1897 1042">
    <p class='ocr_par' dir='ltr' id='par_1_9' title="bbox 335 957 1897 1042">
     <span class='ocr_line' id='line_1_9' title="bbox 335 957 1897 1042; baseline -0.01 -18"><span class='ocrx_word' id='word_1_44' title='bbox 335 971 529 1042; x_wconf 55' lang='lat' dir='ltr'><strong>patara;</strong></span> <span class='ocrx_word' id='word_1_45' title='bbox 557 970 703 1038; x_wconf 73' lang='grc' dir='ltr'>ἡμᾶς</span> <span class='ocrx_word' id='word_1_46' title='bbox 734 967 898 1020; x_wconf 77' lang='grc' dir='ltr'>αὑτοῦ</span> <span class='ocrx_word' id='word_1_47' title='bbox 924 968 1155 1034; x_wconf 81' lang='grc' dir='ltr'><strong>νομιεῖν,</strong></span> <span class='ocrx_word' id='word_1_48' title='bbox 1192 967 1240 1018; x_wconf 83' lang='grc' dir='ltr'>εἰ</span> <span class='ocrx_word' id='word_1_49' title='bbox 1283 962 1529 1017; x_wconf 77' lang='grc' dir='ltr'>τοσαῦτα</span> <span class='ocrx_word' id='word_1_50' title='bbox 1572 960 1671 1030; x_wconf 71' lang='grc' dir='ltr'><strong>μὲν</strong></span> <span class='ocrx_word' id='word_1_51' title='bbox 1701 962 1765 1012; x_wconf 81' lang='grc' dir='ltr'>ἐκ</span> <span class='ocrx_word' id='word_1_52' title='bbox 1797 957 1897 1025; x_wconf 79' lang='grc' dir='ltr'>τῆς</span> 
     </span>
    </p>
   </div>
   <div class='ocr_carea' id='block_1_10' title="bbox 333 1050 1897 1132">
    <p class='ocr_par' dir='ltr' id='par_1_10' title="bbox 333 1050 1897 1132">
     <span class='ocr_line' id='line_1_10' title="bbox 333 1050 1897 1132; baseline -0.011 -15"><span class='ocrx_word' id='word_1_53' title='bbox 333 1065 477 1118; x_wconf 78' lang='grc' dir='ltr'>θείας</span> <span class='ocrx_word' id='word_1_54' title='bbox 509 1061 752 1132; x_wconf 82' lang='grc' dir='ltr'>Γραφῆς,</span> <span class='ocrx_word' id='word_1_55' title='bbox 780 1060 1018 1113; x_wconf 78' lang='grc' dir='ltr'>τοσαῦτα</span> <span class='ocrx_word' id='word_1_56' title='bbox 1062 1059 1161 1125; x_wconf 82' lang='grc' dir='ltr'>μὲν</span> <span class='ocrx_word' id='word_1_57' title='bbox 1194 1059 1257 1110; x_wconf 81' lang='grc' dir='ltr'>ὲκ</span> <span class='ocrx_word' id='word_1_58' title='bbox 1286 1059 1386 1128; x_wconf 81' lang='grc' dir='ltr'><strong>τῆς</strong></span> <span class='ocrx_word' id='word_1_59' title='bbox 1419 1060 1529 1109; x_wconf 80' lang='grc' dir='ltr'><strong>τῶν</strong></span> <span class='ocrx_word' id='word_1_60' title='bbox 1558 1050 1897 1107; x_wconf 65' lang='grc' dir='ltr'>διδασκάλων</span> 
     </span>
    </p>
   </div>
   <div class='ocr_carea' id='block_1_11' title="bbox 334 1142 1896 1224">
    <p class='ocr_par' dir='ltr' id='par_1_11' title="bbox 334 1142 1896 1224">
     <span class='ocr_line' id='line_1_11' title="bbox 334 1142 1896 1224; baseline -0.012 -17"><span class='ocrx_word' id='word_1_61' title='bbox 334 1153 648 1224; x_wconf 73' lang='grc' dir='ltr'>συμφωνίας</span> <span class='ocrx_word' id='word_1_62' title='bbox 674 1151 885 1220; x_wconf 82' lang='grc' dir='ltr'>ἔχοντες</span> <span class='ocrx_word' id='word_1_63' title='bbox 914 1149 1051 1217; x_wconf 74' lang='grc' dir='ltr'>πρὸς</span> <span class='ocrx_word' id='word_1_64' title='bbox 1074 1148 1134 1201; x_wconf 64' lang='grc' dir='ltr'>τὸ</span> <span class='ocrx_word' id='word_1_65' title='bbox 1159 1147 1521 1218; x_wconf 82' lang='grc' dir='ltr'>προκείμενον</span> <span class='ocrx_word' id='word_1_66' title='bbox 1544 1142 1896 1213; x_wconf 78' lang='grc' dir='ltr'><strong>βοηθήματα,</strong></span> 
     </span>
    </p>
   </div>
   <div class='ocr_carea' id='block_1_12' title="bbox 333 1234 1890 1313">
    <p class='ocr_par' dir='ltr' id='par_1_12' title="bbox 333 1234 1890 1313">
     <span class='ocr_line' id='line_1_12' title="bbox 333 1234 1890 1313; baseline -0.01 -14"><span class='ocrx_word' id='word_1_67' title='bbox 333 1240 445 1299; x_wconf 75' lang='grc' dir='ltr'>εἶτα</span> <span class='ocrx_word' id='word_1_68' title='bbox 466 1242 843 1313; x_wconf 76' lang='grc' dir='ltr'>καθεδούμεθα</span> <span class='ocrx_word' id='word_1_69' title='bbox 871 1242 1077 1294; x_wconf 84' lang='grc' dir='ltr'>τούτων</span> <span class='ocrx_word' id='word_1_70' title='bbox 1132 1241 1350 1293; x_wconf 82' lang='grc' dir='ltr'>πάντων</span> <span class='ocrx_word' id='word_1_71' title='bbox 1398 1234 1890 1306; x_wconf 76' lang='grc' dir='ltr'>καταφρονοῦντες,</span> 
     </span>
    </p>
   </div>
   <div class='ocr_carea' id='block_1_13' title="bbox 337 1327 1899 1405">
    <p class='ocr_par' dir='ltr' id='par_1_13' title="bbox 337 1327 1899 1405">
     <span class='ocr_line' id='line_1_13' title="bbox 337 1327 1899 1405; baseline -0.011 -14"><span class='ocrx_word' id='word_1_72' title='bbox 337 1339 424 1391; x_wconf 71' lang='grc' dir='ltr'><strong>καὶ</strong></span> <span class='ocrx_word' id='word_1_73' title='bbox 443 1338 633 1405; x_wconf 78' lang='grc' dir='ltr'><strong>λόγους</strong></span> <span class='ocrx_word' id='word_1_74' title='bbox 661 1335 842 1400; x_wconf 83' lang='grc' dir='ltr'>λόγοις</span> <span class='ocrx_word' id='word_1_75' title='bbox 878 1332 1282 1403; x_wconf 74' lang='grc' dir='ltr'>συμπλέεομεν,</span> <span class='ocrx_word' id='word_1_76' title='bbox 1304 1332 1337 1401; x_wconf 83' lang='grc' dir='ltr'>ἢ</span> <span class='ocrx_word' id='word_1_77' title='bbox 1359 1329 1672 1397; x_wconf 80' lang='grc' dir='ltr'>νομίζοντες</span> <span class='ocrx_word' id='word_1_78' title='bbox 1698 1328 1755 1379; x_wconf 82' lang='grc' dir='ltr'>ὲν</span> <span class='ocrx_word' id='word_1_79' title='bbox 1786 1327 1899 1386; x_wconf 87' lang='grc' dir='ltr'>τοῖς</span> 
     </span>
    </p>
   </div>
   <div class='ocr_carea' id='block_1_14' title="bbox 333 1420 1903 1499">
    <p class='ocr_par' dir='ltr' id='par_1_14' title="bbox 333 1420 1903 1499">
     <span class='ocr_line' id='line_1_14' title="bbox 333 1420 1903 1499; baseline -0.01 -17"><span class='ocrx_word' id='word_1_80' title='bbox 333 1428 616 1499; x_wconf 68' lang='grc' dir='ltr'>ἡμετέροις</span> <span class='ocrx_word' id='word_1_81' title='bbox 648 1428 827 1495; x_wconf 72' lang='grc' dir='ltr'>λόγοις</span> <span class='ocrx_word' id='word_1_82' title='bbox 862 1424 1084 1495; x_wconf 75' lang='grc' dir='ltr'>ἄμεινόν</span> <span class='ocrx_word' id='word_1_83' title='bbox 1115 1443 1167 1477; x_wconf 86' lang='grc' dir='ltr'><strong>τι</strong></span> <span class='ocrx_word' id='word_1_84' title='bbox 1196 1424 1296 1493; x_wconf 77' lang='grc' dir='ltr'>τῆς</span> <span class='ocrx_word' id='word_1_85' title='bbox 1328 1426 1391 1476; x_wconf 81' lang='grc' dir='ltr'>ὲκ</span> <span class='ocrx_word' id='word_1_86' title='bbox 1420 1423 1527 1476; x_wconf 82' lang='grc' dir='ltr'><strong>τῶν</strong></span> <span class='ocrx_word' id='word_1_87' title='bbox 1559 1420 1791 1488; x_wconf 76' lang='grc' dir='ltr'>Γραφῶν</span> <span class='ocrx_word' id='word_1_88' title='bbox 1813 1433 1903 1487; x_wconf 73' lang='grc' dir='ltr'>χο.</span> 
     </span>
    </p>
   </div>
   <div class='ocr_carea' id='block_1_15' title="bbox 338 1510 1902 1592">
    <p class='ocr_par' dir='ltr' id='par_1_15' title="bbox 338 1510 1902 1592">
     <span class='ocr_line' id='line_1_15' title="bbox 338 1510 1902 1592; baseline -0.01 -19"><span class='ocrx_word' id='word_1_89' title='bbox 338 1520 527 1592; x_wconf 87' lang='grc' dir='ltr'>ρηγίας</span> <span class='ocrx_word' id='word_1_90' title='bbox 553 1520 827 1588; x_wconf 66' lang='grc' dir='ltr'>εὑρήσειν,</span> <span class='ocrx_word' id='word_1_91' title='bbox 857 1518 889 1588; x_wconf 82' lang='grc' dir='ltr'>ἢ</span> <span class='ocrx_word' id='word_1_92' title='bbox 935 1514 1226 1587; x_wconf 78' lang='grc' dir='ltr'>ζητοῦντες</span> <span class='ocrx_word' id='word_1_93' title='bbox 1258 1514 1406 1584; x_wconf 75' lang='grc' dir='ltr'>παρὰ</span> <span class='ocrx_word' id='word_1_94' title='bbox 1439 1511 1533 1564; x_wconf 81' lang='grc' dir='ltr'>τοῦ</span> <span class='ocrx_word' id='word_1_95' title='bbox 1584 1510 1902 1578; x_wconf 79' lang='grc' dir='ltr'>Πνεύματος</span> 
     </span>
    </p>
   </div>
   <div class='ocr_carea' id='block_1_16' title="bbox 336 1601 1904 1683">
    <p class='ocr_par' dir='ltr' id='par_1_16' title="bbox 336 1601 1904 1683">
     <span class='ocr_line' id='line_1_16' title="bbox 336 1601 1904 1683; baseline -0.01 -16"><span class='ocrx_word' id='word_1_96' title='bbox 336 1614 663 1683; x_wconf 74' lang='grc' dir='ltr'>σαφέστερόν</span> <span class='ocrx_word' id='word_1_97' title='bbox 690 1628 743 1664; x_wconf 86' lang='grc' dir='ltr'><strong>τι</strong></span> <span class='ocrx_word' id='word_1_98' title='bbox 770 1611 876 1663; x_wconf 90' lang='grc' dir='ltr'><strong>τῶν</strong></span> <span class='ocrx_word' id='word_1_99' title='bbox 907 1611 999 1663; x_wconf 79' lang='grc' dir='ltr'><strong>ὑπ’</strong></span> <span class='ocrx_word' id='word_1_100' title='bbox 1036 1609 1201 1663; x_wconf 76' lang='grc' dir='ltr'>αὐτοῦ</span> <span class='ocrx_word' id='word_1_101' title='bbox 1230 1606 1501 1677; x_wconf 84' lang='grc' dir='ltr'>λαμπρῶς</span> <span class='ocrx_word' id='word_1_102' title='bbox 1535 1605 1736 1657; x_wconf 69' lang='grc' dir='ltr'>οὑτωσὶ</span> <span class='ocrx_word' id='word_1_103' title='bbox 1777 1601 1904 1654; x_wconf 89' lang='grc' dir='ltr'>διω-</span> 
     </span>
    </p>
   </div>
   <div class='ocr_carea' id='block_1_17' title="bbox 337 1693 1904 1774">
    <p class='ocr_par' dir='ltr' id='par_1_17' title="bbox 337 1693 1904 1774">
     <span class='ocr_line' id='line_1_17' title="bbox 337 1693 1904 1774; baseline -0.009 -15"><span class='ocrx_word' id='word_1_104' title='bbox 337 1706 604 1774; x_wconf 81' lang='grc' dir='ltr'>ρισμένων</span> <span class='ocrx_word' id='word_1_105' title='bbox 631 1705 838 1758; x_wconf 80' lang='grc' dir='ltr'>λαϐεῖν.</span> <span class='ocrx_word' id='word_1_106' title='bbox 886 1703 1027 1756; x_wconf 82' lang='grc' dir='ltr'>’Υπδ</span> <span class='ocrx_word' id='word_1_107' title='bbox 1057 1702 1263 1754; x_wconf 87' lang='grc' dir='ltr'>τούτων</span> <span class='ocrx_word' id='word_1_108' title='bbox 1288 1699 1395 1768; x_wconf 77' lang='grc' dir='ltr'>γὰρ</span> <span class='ocrx_word' id='word_1_109' title='bbox 1445 1697 1558 1750; x_wconf 91' lang='grc' dir='ltr'><strong>τῶν</strong></span> <span class='ocrx_word' id='word_1_110' title='bbox 1588 1695 1767 1762; x_wconf 83' lang='grc' dir='ltr'>λόγων</span> <span class='ocrx_word' id='word_1_111' title='bbox 1807 1693 1904 1746; x_wconf 72' lang='grc' dir='ltr'>καὶ</span> 
     </span>
    </p>
   </div>
   <div class='ocr_carea' id='block_1_18' title="bbox 334 1786 1902 1866">
    <p class='ocr_par' dir='ltr' id='par_1_18' title="bbox 334 1786 1902 1866">
     <span class='ocr_line' id='line_1_18' title="bbox 334 1786 1902 1866; baseline -0.011 -13"><span class='ocrx_word' id='word_1_112' title='bbox 334 1799 429 1866; x_wconf 75' lang='grc' dir='ltr'>τῆς</span> <span class='ocrx_word' id='word_1_113' title='bbox 459 1797 714 1863; x_wconf 77' lang='grc' dir='ltr'><strong>τοιαύτης</strong></span> <span class='ocrx_word' id='word_1_114' title='bbox 759 1794 883 1850; x_wconf 81' lang='grc' dir='ltr'>ὁδοῦ</span> <span class='ocrx_word' id='word_1_115' title='bbox 916 1792 1116 1862; x_wconf 83' lang='grc' dir='ltr'>μᾶλλον</span> <span class='ocrx_word' id='word_1_116' title='bbox 1140 1794 1283 1863; x_wconf 78' lang='grc' dir='ltr'>ὑμᾶς</span> <span class='ocrx_word' id='word_1_117' title='bbox 1313 1786 1429 1845; x_wconf 82' lang='grc' dir='ltr'>οἶδα</span> <span class='ocrx_word' id='word_1_118' title='bbox 1463 1791 1601 1859; x_wconf 73' lang='grc' dir='ltr'>πρὸς</span> <span class='ocrx_word' id='word_1_119' title='bbox 1630 1786 1902 1857; x_wconf 82' lang='grc' dir='ltr'>διχόνοιάν</span> 
     </span>
    </p>
   </div>
   <div class='ocr_carea' id='block_1_19' title="bbox 334 1876 1905 1958">
    <p class='ocr_par' dir='ltr' id='par_1_19' title="bbox 334 1876 1905 1958">
     <span class='ocr_line' id='line_1_19' title="bbox 334 1876 1905 1958; baseline -0.008 -17"><span class='ocrx_word' id='word_1_120' title='bbox 334 1906 391 1941; x_wconf 83' lang='grc' dir='ltr'><strong>τε</strong></span> <span class='ocrx_word' id='word_1_121' title='bbox 444 1890 538 1941; x_wconf 70' lang='grc' dir='ltr'><strong>καὶ</strong></span> <span class='ocrx_word' id='word_1_122' title='bbox 569 1889 761 1942; x_wconf 83' lang='grc' dir='ltr'>στάσιν</span> <span class='ocrx_word' id='word_1_123' title='bbox 800 1889 833 1958; x_wconf 83' lang='grc' dir='ltr'><strong>ἢ</strong></span> <span class='ocrx_word' id='word_1_124' title='bbox 882 1886 1017 1956; x_wconf 72' lang='grc' dir='ltr'>πρὸς</span> <span class='ocrx_word' id='word_1_125' title='bbox 1064 1887 1321 1956; x_wconf 73' lang='grc' dir='ltr'>ὁμόνοιαν</span> <span class='ocrx_word' id='word_1_126' title='bbox 1364 1882 1668 1951; x_wconf 75' lang='grc' dir='ltr'>ἀγομένους</span> <span class='ocrx_word' id='word_1_127' title='bbox 1724 1896 1782 1931; x_wconf 87' lang='grc' dir='ltr'><strong>τε</strong></span> <span class='ocrx_word' id='word_1_128' title='bbox 1811 1876 1905 1930; x_wconf 76' lang='grc' dir='ltr'><strong>καὶ</strong></span> 
     </span>
    </p>
   </div>
   <div class='ocr_carea' id='block_1_20' title="bbox 338 1980 1555 2051">
    <p class='ocr_par' dir='ltr' id='par_1_20' title="bbox 338 1980 1555 2051">
     <span class='ocr_line' id='line_1_20' title="bbox 338 1980 1555 2051; baseline 0 -17"><span class='ocrx_word' id='word_1_129' title='bbox 338 1980 534 2048; x_wconf 82' lang='grc' dir='ltr'>μᾶλλον</span> <span class='ocrx_word' id='word_1_130' title='bbox 564 1980 995 2051; x_wconf 82' lang='grc' dir='ltr'>ἀχθησομένους.</span> <span class='ocrx_word' id='word_1_131' title='bbox 1550 1988 1555 1991; x_wconf 86' lang='grc'><em>’</em></span> 
     </span>
    </p>
   </div>
   <div class='ocr_carea' id='block_1_21' title="bbox 405 2128 1907 2206">
    <p class='ocr_par' dir='ltr' id='par_1_21' title="bbox 405 2128 1907 2206">
     <span class='ocr_line' id='line_1_21' title="bbox 405 2128 1907 2206; baseline -0.011 -12"><span class='ocrx_word' id='word_1_132' title='bbox 405 2141 620 2194; x_wconf 79' lang='grc' dir='ltr'>Τούτων</span> <span class='ocrx_word' id='word_1_133' title='bbox 669 2140 851 2193; x_wconf 81' lang='grc' dir='ltr'>τοίνυν</span> <span class='ocrx_word' id='word_1_134' title='bbox 891 2137 1065 2200; x_wconf 74' lang='grc' dir='ltr'>οὕτως</span> <span class='ocrx_word' id='word_1_135' title='bbox 1121 2137 1378 2206; x_wconf 72' lang='grc' dir='ltr'>ἐχόντων.</span> <span class='ocrx_word' id='word_1_136' title='bbox 1433 2133 1525 2186; x_wconf 73' lang='grc' dir='ltr'><strong>καὶ</strong></span> <span class='ocrx_word' id='word_1_137' title='bbox 1556 2130 1676 2201; x_wconf 85' lang='grc' dir='ltr'><strong>Θεῷ</strong></span> <span class='ocrx_word' id='word_1_138' title='bbox 1732 2128 1907 2197; x_wconf 81' lang='grc' dir='ltr'>φίλον,</span> 
     </span>
    </p>
   </div>
   <div class='ocr_carea' id='block_1_22' title="bbox 339 2218 1910 2299">
    <p class='ocr_par' dir='ltr' id='par_1_22' title="bbox 339 2218 1910 2299">
     <span class='ocr_line' id='line_1_22' title="bbox 339 2218 1910 2299; baseline -0.011 -11"><span class='ocrx_word' id='word_1_139' title='bbox 339 2236 430 2288; x_wconf 74' lang='grc' dir='ltr'><strong>καί</strong></span> <span class='ocrx_word' id='word_1_140' title='bbox 459 2236 571 2297; x_wconf 85' lang='grc' dir='ltr'>τοῖς</span> <span class='ocrx_word' id='word_1_141' title='bbox 612 2231 950 2294; x_wconf 80' lang='grc' dir='ltr'>διδασκάλοις</span> <span class='ocrx_word' id='word_1_142' title='bbox 982 2230 1081 2299; x_wconf 85' lang='grc' dir='ltr'>τῆς</span> <span class='ocrx_word' id='word_1_143' title='bbox 1135 2225 1467 2293; x_wconf 84' lang='grc' dir='ltr'>Ἐκκλησίας</span> <span class='ocrx_word' id='word_1_144' title='bbox 1493 2226 1684 2294; x_wconf 83' lang='grc' dir='ltr'>χάριεν</span> <span class='ocrx_word' id='word_1_145' title='bbox 1733 2218 1910 2284; x_wconf 77' lang='grc' dir='ltr'>ἔσται,</span> 
     </span>
    </p>
   </div>
   <div class='ocr_carea' id='block_1_23' title="bbox 340 2314 1913 2399">
    <p class='ocr_par' dir='ltr' id='par_1_23' title="bbox 340 2314 1913 2399">
     <span class='ocr_line' id='line_1_23' title="bbox 340 2314 1913 2399; baseline -0.011 -17"><span class='ocrx_word' id='word_1_146' title='bbox 340 2330 434 2383; x_wconf 73' lang='grc' dir='ltr'>καὶ</span> <span class='ocrx_word' id='word_1_147' title='bbox 460 2330 590 2399; x_wconf 84' lang='grc' dir='ltr'>ἡμῖν</span> <span class='ocrx_word' id='word_1_148' title='bbox 614 2326 912 2397; x_wconf 82' lang='grc' dir='ltr'>εὐπρεπὲς,</span> <span class='ocrx_word' id='word_1_149' title='bbox 952 2325 1047 2378; x_wconf 65' lang='grc' dir='ltr'>καὶ</span> <span class='ocrx_word' id='word_1_150' title='bbox 1078 2323 1214 2393; x_wconf 71' lang='grc' dir='ltr'>πρὸς</span> <span class='ocrx_word' id='word_1_151' title='bbox 1245 2320 1457 2382; x_wconf 85' lang='grc' dir='ltr'>τούτοις</span> <span class='ocrx_word' id='word_1_152' title='bbox 1493 2318 1695 2389; x_wconf 80' lang='grc' dir='ltr'>ρᾲδιον,</span> <span class='ocrx_word' id='word_1_153' title='bbox 1722 2314 1784 2368; x_wconf 77' lang='grc' dir='ltr'><strong>τὸ</strong></span> <span class='ocrx_word' id='word_1_154' title='bbox 1812 2314 1913 2383; x_wconf 81' lang='grc' dir='ltr'>τὴν</span> 
     </span>
    </p>
   </div>
   <div class='ocr_carea' id='block_1_24' title="bbox 340 2404 1915 2491">
    <p class='ocr_par' dir='ltr' id='par_1_24' title="bbox 340 2404 1915 2491">
     <span class='ocr_line' id='line_1_24' title="bbox 340 2404 1915 2491; baseline -0.012 -15"><span class='ocrx_word' id='word_1_155' title='bbox 340 2424 529 2476; x_wconf 77' lang='grc' dir='ltr'>ἕνωσιν</span> <span class='ocrx_word' id='word_1_156' title='bbox 552 2420 672 2491; x_wconf 74' lang='grc' dir='ltr'>ήδη,</span> <span class='ocrx_word' id='word_1_157' title='bbox 701 2417 808 2470; x_wconf 87' lang='grc' dir='ltr'><strong>τῶν</strong></span> <span class='ocrx_word' id='word_1_158' title='bbox 851 2415 1063 2470; x_wconf 80' lang='grc' dir='ltr'>πολλῶν</span> <span class='ocrx_word' id='word_1_159' title='bbox 1095 2412 1407 2483; x_wconf 76' lang='grc' dir='ltr'>ἀφεμένους</span> <span class='ocrx_word' id='word_1_160' title='bbox 1441 2409 1640 2477; x_wconf 84' lang='grc' dir='ltr'>λόγων,</span> <span class='ocrx_word' id='word_1_161' title='bbox 1682 2404 1915 2474; x_wconf 87' lang='grc' dir='ltr'>διαπρά-</span> 
     </span>
    </p>
   </div>
   <div class='ocr_carea' id='block_1_25' title="bbox 347 2492 1914 2583">
    <p class='ocr_par' dir='ltr' id='par_1_25' title="bbox 347 2492 1914 2583">
     <span class='ocr_line' id='line_1_25' title="bbox 347 2492 1914 2583; baseline -0.011 -16"><span class='ocrx_word' id='word_1_162' title='bbox 347 2514 556 2579; x_wconf 81' lang='grc' dir='ltr'>ξασθαι,</span> <span class='ocrx_word' id='word_1_163' title='bbox 592 2512 686 2566; x_wconf 75' lang='grc' dir='ltr'><strong>καὶ</strong></span> <span class='ocrx_word' id='word_1_164' title='bbox 714 2509 853 2583; x_wconf 83' lang='grc' dir='ltr'>μετὰ</span> <span class='ocrx_word' id='word_1_165' title='bbox 882 2509 1090 2583; x_wconf 79' lang='grc' dir='ltr'>ταύτης</span> <span class='ocrx_word' id='word_1_166' title='bbox 1116 2504 1421 2567; x_wconf 72' lang='grc' dir='ltr'>ἐπανιέναι.</span> <span class='ocrx_word' id='word_1_167' title='bbox 1459 2502 1566 2555; x_wconf 77' lang='grc' dir='ltr'>Καὶ</span> <span class='ocrx_word' id='word_1_168' title='bbox 1598 2500 1748 2555; x_wconf 74' lang='grc' dir='ltr'>οὐδὲν</span> <span class='ocrx_word' id='word_1_169' title='bbox 1781 2492 1914 2569; x_wconf 81' lang='grc' dir='ltr'>ἡμῖν</span> 
     </span>
    </p>
   </div>
   <div class='ocr_carea' id='block_1_26' title="bbox 345 2589 1918 2675">
    <p class='ocr_par' dir='ltr' id='par_1_26' title="bbox 345 2589 1918 2675">
     <span class='ocr_line' id='line_1_26' title="bbox 345 2589 1918 2675; baseline -0.011 -16"><span class='ocrx_word' id='word_1_170' title='bbox 345 2608 477 2673; x_wconf 82' lang='grc' dir='ltr'>ὅλως</span> <span class='ocrx_word' id='word_1_171' title='bbox 508 2605 866 2675; x_wconf 80' lang='grc' dir='ltr'>προσίσταται</span> <span class='ocrx_word' id='word_1_172' title='bbox 901 2601 1035 2671; x_wconf 79' lang='grc' dir='ltr'>πρὸς</span> <span class='ocrx_word' id='word_1_173' title='bbox 1060 2602 1121 2652; x_wconf 80' lang='grc' dir='ltr'><strong>τὸ</strong></span> <span class='ocrx_word' id='word_1_174' title='bbox 1142 2599 1406 2670; x_wconf 82' lang='grc' dir='ltr'>πράττειν</span> <span class='ocrx_word' id='word_1_175' title='bbox 1438 2589 1513 2651; x_wconf 83' lang='grc' dir='ltr'>ὧν</span> <span class='ocrx_word' id='word_1_176' title='bbox 1536 2592 1918 2662; x_wconf 69' lang='grc' dir='ltr'>ἐπιθυμήσαν-</span> 
     </span>
    </p>
   </div>
   <div class='ocr_carea' id='block_1_27' title="bbox 342 2682 1916 2771">
    <p class='ocr_par' dir='ltr' id='par_1_27' title="bbox 342 2682 1916 2771">
     <span class='ocr_line' id='line_1_27' title="bbox 342 2682 1916 2771; baseline -0.013 -19"><span class='ocrx_word' id='word_1_177' title='bbox 342 2715 432 2760; x_wconf 78' lang='grc' dir='ltr'><strong>τες</strong></span> <span class='ocrx_word' id='word_1_178' title='bbox 473 2697 713 2767; x_wconf 69' lang='grc' dir='ltr'>ἥκομεν,</span> <span class='ocrx_word' id='word_1_179' title='bbox 770 2694 868 2764; x_wconf 80' lang='grc' dir='ltr'>τῆς</span> <span class='ocrx_word' id='word_1_180' title='bbox 926 2692 1023 2762; x_wconf 79' lang='grc' dir='ltr'>μὲν</span> <span class='ocrx_word' id='word_1_181' title='bbox 1047 2691 1205 2757; x_wconf 79' lang='grc' dir='ltr'>δόξης</span> <span class='ocrx_word' id='word_1_182' title='bbox 1235 2689 1483 2744; x_wconf 78' lang='grc' dir='ltr'>Λατίνων</span> <span class='ocrx_word' id='word_1_183' title='bbox 1517 2684 1623 2739; x_wconf 77' lang='grc' dir='ltr'>ὑπὸ</span> <span class='ocrx_word' id='word_1_184' title='bbox 1643 2682 1916 2771; x_wconf 70' lang='grc' dir='ltr'>τοσούτων</span> 
     </span>
    </p>
   </div>
   <div class='ocr_carea' id='block_1_28' title="bbox 350 2774 1915 2861">
    <p class='ocr_par' dir='ltr' id='par_1_28' title="bbox 350 2774 1915 2861">
     <span class='ocr_line' id='line_1_28' title="bbox 350 2774 1915 2861; baseline -0.011 -18"><span class='ocrx_word' id='word_1_185' title='bbox 350 2788 825 2861; x_wconf 78' lang='grc' dir='ltr'>μαρτυρουμένης,</span> <span class='ocrx_word' id='word_1_186' title='bbox 870 2785 974 2838; x_wconf 63' lang='grc' dir='ltr'><strong>Δκαὶ</strong></span> <span class='ocrx_word' id='word_1_187' title='bbox 1020 2774 1363 2853; x_wconf 79' lang='grc' dir='ltr'>πανταχόθεν</span> <span class='ocrx_word' id='word_1_188' title='bbox 1414 2780 1573 2846; x_wconf 78' lang='grc' dir='ltr'>ἀξίας</span> <span class='ocrx_word' id='word_1_189' title='bbox 1603 2776 1773 2845; x_wconf 76' lang='grc' dir='ltr'>οὔσης</span> <span class='ocrx_word' id='word_1_190' title='bbox 1823 2781 1915 2827; x_wconf 83' lang='grc' dir='ltr'>πι-</span> 
     </span>
    </p>
   </div>
   <div class='ocr_carea' id='block_1_29' title="bbox 346 2867 1918 2950">
    <p class='ocr_par' dir='ltr' id='par_1_29' title="bbox 346 2867 1918 2950">
     <span class='ocr_line' id='line_1_29' title="bbox 346 2867 1918 2950; baseline -0.011 -14"><span class='ocrx_word' id='word_1_191' title='bbox 346 2882 670 2945; x_wconf 85' lang='grc' dir='ltr'>στεύεσθαι,</span> <span class='ocrx_word' id='word_1_192' title='bbox 723 2878 882 2950; x_wconf 89' lang='grc' dir='ltr'>ήμῶν</span> <span class='ocrx_word' id='word_1_193' title='bbox 935 2876 992 2930; x_wconf 79' lang='grc' dir='ltr'>δὲ</span> <span class='ocrx_word' id='word_1_194' title='bbox 1033 2875 1353 2945; x_wconf 84' lang='grc' dir='ltr'>δυναμένων</span> <span class='ocrx_word' id='word_1_195' title='bbox 1407 2873 1592 2934; x_wconf 79' lang='grc' dir='ltr'>αὐτοῖς</span> <span class='ocrx_word' id='word_1_196' title='bbox 1648 2867 1918 2937; x_wconf 81' lang='grc' dir='ltr'>ένωθῆναι</span> 
     </span>
    </p>
   </div>
   <div class='ocr_carea' id='block_1_30' title="bbox 344 2960 1919 3039">
    <p class='ocr_par' dir='ltr' id='par_1_30' title="bbox 344 2960 1919 3039">
     <span class='ocr_line' id='line_1_30' title="bbox 344 2960 1919 3039; baseline -0.01 -10"><span class='ocrx_word' id='word_1_197' title='bbox 344 2975 472 3029; x_wconf 78' lang='grc' dir='ltr'>ἄνευ</span> <span class='ocrx_word' id='word_1_198' title='bbox 502 2974 591 3026; x_wconf 82' lang='grc' dir='ltr'>τοῦ</span> <span class='ocrx_word' id='word_1_199' title='bbox 629 2972 725 3027; x_wconf 73' lang='grc' dir='ltr'><strong>καὶ</strong></span> <span class='ocrx_word' id='word_1_200' title='bbox 751 2972 882 3039; x_wconf 82' lang='grc' dir='ltr'><strong>περὶ</strong></span> <span class='ocrx_word' id='word_1_201' title='bbox 911 2971 969 3023; x_wconf 74' lang='grc' dir='ltr'>τὸ</span> <span class='ocrx_word' id='word_1_202' title='bbox 998 2969 1269 3039; x_wconf 69' lang='grc' dir='ltr'>σύμϐολόν</span> <span class='ocrx_word' id='word_1_203' title='bbox 1304 2985 1357 3021; x_wconf 87' lang='grc' dir='ltr'><strong>τι</strong></span> <span class='ocrx_word' id='word_1_204' title='bbox 1391 2965 1741 3033; x_wconf 83' lang='grc' dir='ltr'>καινοτομεῖν</span> <span class='ocrx_word' id='word_1_205' title='bbox 1762 3002 1777 3016; x_wconf 92' lang='grc'><strong>.</strong></span> <span class='ocrx_word' id='word_1_206' title='bbox 1810 2960 1919 3016; x_wconf 74' lang='grc' dir='ltr'><strong>Καὶ</strong></span> 
     </span>
    </p>
   </div>
   <div class='ocr_carea' id='block_1_31' title="bbox 352 3053 1920 3135">
    <p class='ocr_par' dir='ltr' id='par_1_31' title="bbox 352 3053 1920 3135">
     <span class='ocr_line' id='line_1_31' title="bbox 352 3053 1920 3135; baseline -0.007 -18"><span class='ocrx_word' id='word_1_207' title='bbox 352 3060 456 3135; x_wconf 79' lang='grc' dir='ltr'>μὴν</span> <span class='ocrx_word' id='word_1_208' title='bbox 484 3065 600 3119; x_wconf 71' lang='grc' dir='ltr'>ἴστε</span> <span class='ocrx_word' id='word_1_209' title='bbox 633 3063 832 3125; x_wconf 90' lang='grc' dir='ltr'>πάντες</span> <span class='ocrx_word' id='word_1_210' title='bbox 858 3062 1062 3128; x_wconf 87' lang='grc' dir='ltr'>καλῶς,</span> <span class='ocrx_word' id='word_1_211' title='bbox 1095 3062 1178 3114; x_wconf 83' lang='grc' dir='ltr'><strong>ὅτι</strong></span> <span class='ocrx_word' id='word_1_212' title='bbox 1209 3061 1310 3131; x_wconf 78' lang='grc' dir='ltr'>τὴν</span> <span class='ocrx_word' id='word_1_213' title='bbox 1342 3058 1539 3112; x_wconf 74' lang='grc' dir='ltr'>ἕνωσιν</span> <span class='ocrx_word' id='word_1_214' title='bbox 1562 3056 1659 3125; x_wconf 82' lang='grc' dir='ltr'>τῆς</span> <span class='ocrx_word' id='word_1_215' title='bbox 1685 3053 1920 3124; x_wconf 76' lang='grc' dir='ltr'>Ἑκκληο</span> 
     </span>
    </p>
   </div>
   <div class='ocr_carea' id='block_1_32' title="bbox 351 3146 1923 3227">
    <p class='ocr_par' dir='ltr' id='par_1_32' title="bbox 351 3146 1923 3227">
     <span class='ocr_line' id='line_1_32' title="bbox 351 3146 1923 3227; baseline -0.006 -20"><span class='ocrx_word' id='word_1_216' title='bbox 351 3156 467 3220; x_wconf 72' lang='lat' dir='ltr'><strong>cia;</strong></span> <span class='ocrx_word' id='word_1_217' title='bbox 495 3155 755 3227; x_wconf 83' lang='grc' dir='ltr'>Χριστοῦ,</span> <span class='ocrx_word' id='word_1_218' title='bbox 788 3156 965 3208; x_wconf 88' lang='grc' dir='ltr'>καίτοι</span> <span class='ocrx_word' id='word_1_219' title='bbox 987 3152 1197 3206; x_wconf 85' lang='grc' dir='ltr'>πολλῶν</span> <span class='ocrx_word' id='word_1_220' title='bbox 1214 3151 1389 3206; x_wconf 83' lang='grc' dir='ltr'>ἀλλων</span> <span class='ocrx_word' id='word_1_221' title='bbox 1416 3149 1582 3203; x_wconf 72' lang='grc' dir='ltr'>ἕνεκα</span> <span class='ocrx_word' id='word_1_222' title='bbox 1612 3146 1705 3200; x_wconf 68' lang='grc' dir='ltr'>καὶ</span> <span class='ocrx_word' id='word_1_223' title='bbox 1725 3146 1923 3200; x_wconf 84' lang='grc' dir='ltr'>δικαιο·</span> 
     </span>
    </p>
   </div>
   <div class='ocr_carea' id='block_1_33' title="bbox 350 3240 1919 3325">
    <p class='ocr_par' dir='ltr' id='par_1_33' title="bbox 350 3240 1919 3325">
     <span class='ocr_line' id='line_1_33' title="bbox 350 3240 1919 3325; baseline -0.006 -25"><span class='ocrx_word' id='word_1_224' title='bbox 350 3248 520 3319; x_wconf 86' lang='grc' dir='ltr'>τέρων</span> <span class='ocrx_word' id='word_1_225' title='bbox 555 3249 772 3319; x_wconf 87' lang='grc' dir='ltr'>μάλιστ’</span> <span class='ocrx_word' id='word_1_226' title='bbox 801 3248 869 3302; x_wconf 84' lang='grc' dir='ltr'>ἂν</span> <span class='ocrx_word' id='word_1_227' title='bbox 900 3247 1006 3317; x_wconf 80' lang='grc' dir='ltr'>ὑπὸ</span> <span class='ocrx_word' id='word_1_228' title='bbox 1046 3245 1247 3314; x_wconf 67' lang='grc' dir='ltr'>παντὸς</span> <span class='ocrx_word' id='word_1_229' title='bbox 1282 3240 1637 3315; x_wconf 80' lang='grc' dir='ltr'>ζητηθεῖσαν,</span> <span class='ocrx_word' id='word_1_230' title='bbox 1667 3240 1727 3325; x_wconf 76' lang='grc' dir='ltr'>τὸ</span> <span class='ocrx_word' id='word_1_231' title='bbox 1768 3242 1919 3308; x_wconf 70' lang='grc' dir='ltr'>παρὰ</span> 
     </span>
    </p>
   </div>
   <div class='ocr_carea' id='block_1_34' title="bbox 354 3330 1923 3409">
    <p class='ocr_par' dir='ltr' id='par_1_34' title="bbox 354 3330 1923 3409">
     <span class='ocr_line' id='line_1_34' title="bbox 354 3330 1923 3409; baseline -0.008 -14"><span class='ocrx_word' id='word_1_232' title='bbox 354 3344 460 3395; x_wconf 86' lang='grc' dir='ltr'><strong>τῶν</strong></span> <span class='ocrx_word' id='word_1_233' title='bbox 480 3341 692 3395; x_wconf 76' lang='grc' dir='ltr'>ἀσεϐῶν</span> <span class='ocrx_word' id='word_1_234' title='bbox 711 3342 829 3405; x_wconf 79' lang='grc' dir='ltr'>δέος</span> <span class='ocrx_word' id='word_1_235' title='bbox 861 3342 955 3395; x_wconf 76' lang='grc' dir='ltr'><strong>καὶ</strong></span> <span class='ocrx_word' id='word_1_236' title='bbox 976 3339 1045 3395; x_wconf 86' lang='grc' dir='ltr'>τὰ</span> <span class='ocrx_word' id='word_1_237' title='bbox 1064 3336 1344 3409; x_wconf 78' lang='grc' dir='ltr'>πράγμαθ’</span> <span class='ocrx_word' id='word_1_238' title='bbox 1370 3330 1503 3406; x_wconf 79' lang='grc' dir='ltr'>ἡμῖν</span> <span class='ocrx_word' id='word_1_239' title='bbox 1526 3336 1605 3396; x_wconf 85' lang='grc' dir='ltr'>εἰς</span> <span class='ocrx_word' id='word_1_240' title='bbox 1625 3330 1923 3402; x_wconf 75' lang='grc' dir='ltr'>τοῦσχατον</span> 
     </span>
    </p>
   </div>
   <div class='ocr_carea' id='block_1_35' title="bbox 352 3426 1924 3507">
    <p class='ocr_par' dir='ltr' id='par_1_35' title="bbox 352 3426 1924 3507">
     <span class='ocr_line' id='line_1_35' title="bbox 352 3426 1924 3507; baseline -0.007 -19"><span class='ocrx_word' id='word_1_241' title='bbox 352 3428 551 3505; x_wconf 72' lang='grc' dir='ltr'>ἥκοντα</span> <span class='ocrx_word' id='word_1_242' title='bbox 582 3435 896 3507; x_wconf 79' lang='grc' dir='ltr'>δυστυχίας,</span> <span class='ocrx_word' id='word_1_243' title='bbox 945 3435 1039 3488; x_wconf 75' lang='grc' dir='ltr'>καὶ</span> <span class='ocrx_word' id='word_1_244' title='bbox 1068 3432 1307 3503; x_wconf 82' lang='grc' dir='ltr'>ποθῆσαι</span> <span class='ocrx_word' id='word_1_245' title='bbox 1356 3433 1453 3485; x_wconf 76' lang='grc' dir='ltr'><strong>καὶ</strong></span> <span class='ocrx_word' id='word_1_246' title='bbox 1503 3429 1807 3484; x_wconf 89' lang='grc' dir='ltr'>σπουδάσαι</span> <span class='ocrx_word' id='word_1_247' title='bbox 1837 3426 1924 3479; x_wconf 78' lang='grc' dir='ltr'><strong>διά</strong></span> 
     </span>
    </p>
   </div>
   <div class='ocr_carea' id='block_1_36' title="bbox 355 3518 1923 3599">
    <p class='ocr_par' dir='ltr' id='par_1_36' title="bbox 355 3518 1923 3599">
     <span class='ocr_line' id='line_1_36' title="bbox 355 3518 1923 3599; baseline -0.007 -18"><span class='ocrx_word' id='word_1_248' title='bbox 355 3528 585 3592; x_wconf 85' lang='grc' dir='ltr'>πολλῶν,</span> <span class='ocrx_word' id='word_1_249' title='bbox 628 3529 722 3591; x_wconf 66' lang='grc' dir='ltr'>καὶ</span> <span class='ocrx_word' id='word_1_250' title='bbox 768 3529 850 3582; x_wconf 86' lang='grc' dir='ltr'><strong>ὅτι</strong></span> <span class='ocrx_word' id='word_1_251' title='bbox 885 3527 1122 3599; x_wconf 84' lang='grc' dir='ltr'>μάλιστα</span> <span class='ocrx_word' id='word_1_252' title='bbox 1150 3524 1246 3579; x_wconf 81' lang='grc' dir='ltr'>τοῦ</span> <span class='ocrx_word' id='word_1_253' title='bbox 1303 3524 1494 3586; x_wconf 85' lang='grc' dir='ltr'>τέλους</span> <span class='ocrx_word' id='word_1_254' title='bbox 1538 3522 1708 3590; x_wconf 70' lang='grc' dir='ltr'>ἐγγὺς</span> <span class='ocrx_word' id='word_1_255' title='bbox 1754 3518 1923 3589; x_wconf 78' lang='grc' dir='ltr'>αὐτὴν</span> 
     </span>
    </p>
   </div>
   <div class='ocr_carea' id='block_1_37' title="bbox 355 3608 1925 3692">
    <p class='ocr_par' dir='ltr' id='par_1_37' title="bbox 355 3608 1925 3692">
     <span class='ocr_line' id='line_1_37' title="bbox 355 3608 1925 3692; baseline -0.007 -16"><span class='ocrx_word' id='word_1_256' title='bbox 355 3617 604 3690; x_wconf 80' lang='grc' dir='ltr'>ἀγαγεῖν,</span> <span class='ocrx_word' id='word_1_257' title='bbox 637 3622 704 3675; x_wconf 71' lang='grc' dir='ltr'>τὰ</span> <span class='ocrx_word' id='word_1_258' title='bbox 758 3622 868 3692; x_wconf 81' lang='grc' dir='ltr'>γὰρ</span> <span class='ocrx_word' id='word_1_259' title='bbox 905 3620 1111 3691; x_wconf 78' lang='grc' dir='ltr'>μεταξὺ</span> <span class='ocrx_word' id='word_1_260' title='bbox 1170 3617 1500 3689; x_wconf 82' lang='grc' dir='ltr'>παραλείπω</span> <span class='ocrx_word' id='word_1_261' title='bbox 1535 3608 1738 3680; x_wconf 81' lang='grc' dir='ltr'>πάντα,</span> <span class='ocrx_word' id='word_1_262' title='bbox 1778 3613 1925 3684; x_wconf 74' lang='grc' dir='ltr'>ἡμᾶς</span> 
     </span>
    </p>
   </div>
   <div class='ocr_carea' id='block_1_38' title="bbox 359 3704 1923 3781">
    <p class='ocr_par' dir='ltr' id='par_1_38' title="bbox 359 3704 1923 3781">
     <span class='ocr_line' id='line_1_38' title="bbox 359 3704 1923 3781; baseline -0.007 -16"><span class='ocrx_word' id='word_1_263' title='bbox 359 3708 502 3775; x_wconf 83' lang='grc' dir='ltr'>ίδίως</span> <span class='ocrx_word' id='word_1_264' title='bbox 523 3715 807 3781; x_wconf 76' lang='grc' dir='ltr'>ἐποίησαν.</span> <span class='ocrx_word' id='word_1_265' title='bbox 829 3713 922 3765; x_wconf 89' lang='grc' dir='ltr'>Δεῖ</span> <span class='ocrx_word' id='word_1_266' title='bbox 946 3712 1124 3763; x_wconf 83' lang='grc' dir='ltr'>τοίνυν</span> <span class='ocrx_word' id='word_1_267' title='bbox 1148 3710 1248 3780; x_wconf 77' lang='grc' dir='ltr'>τῆς</span> <span class='ocrx_word' id='word_1_268' title='bbox 1276 3706 1591 3780; x_wconf 84' lang='grc' dir='ltr'>προθέσεως</span> <span class='ocrx_word' id='word_1_269' title='bbox 1612 3704 1923 3777; x_wconf 78' lang='grc' dir='ltr'>ἐχομένους,</span> 
     </span>
    </p>
   </div>
   <div class='ocr_carea' id='block_1_39' title="bbox 355 3792 1927 3870">
    <p class='ocr_par' dir='ltr' id='par_1_39' title="bbox 355 3792 1927 3870">
     <span class='ocr_line' id='line_1_39' title="bbox 355 3792 1927 3870; baseline -0.008 -15"><span class='ocrx_word' id='word_1_270' title='bbox 355 3805 476 3855; x_wconf 76' lang='grc' dir='ltr'>ἐπεὶ</span> <span class='ocrx_word' id='word_1_271' title='bbox 508 3804 731 3857; x_wconf 83' lang='grc' dir='ltr'>δυνατὸν</span> <span class='ocrx_word' id='word_1_272' title='bbox 765 3803 861 3856; x_wconf 71' lang='grc' dir='ltr'>καὶ</span> <span class='ocrx_word' id='word_1_273' title='bbox 906 3802 1183 3870; x_wconf 80' lang='grc' dir='ltr'>εὐπρεπές</span> <span class='ocrx_word' id='word_1_274' title='bbox 1231 3802 1371 3864; x_wconf 80' lang='grc' dir='ltr'>ἐστι,</span> <span class='ocrx_word' id='word_1_275' title='bbox 1400 3797 1608 3866; x_wconf 76' lang='grc' dir='ltr'>ταύτην</span> <span class='ocrx_word' id='word_1_276' title='bbox 1658 3796 1739 3857; x_wconf 87' lang='grc' dir='ltr'>εἰς</span> <span class='ocrx_word' id='word_1_277' title='bbox 1772 3792 1927 3855; x_wconf 81' lang='grc' dir='ltr'>τέλος</span> 
     </span>
    </p>
   </div>
   <div class='ocr_carea' id='block_1_40' title="bbox 356 3888 1925 3964">
    <p class='ocr_par' dir='ltr' id='par_1_40' title="bbox 356 3888 1925 3964">
     <span class='ocr_line' id='line_1_40' title="bbox 356 3888 1925 3964; baseline -0.006 -16"><span class='ocrx_word' id='word_1_278' title='bbox 356 3895 678 3964; x_wconf 72' lang='grc' dir='ltr'>ἐξενεγκεῖν.</span> <span class='ocrx_word' id='word_1_279' title='bbox 716 3896 923 3958; x_wconf 81' lang='grc' dir='ltr'>Ἀλλως</span> <span class='ocrx_word' id='word_1_280' title='bbox 966 3894 1011 3947; x_wconf 82' lang='grc' dir='ltr'>δ’</span> <span class='ocrx_word' id='word_1_281' title='bbox 1060 3893 1127 3948; x_wconf 85' lang='grc' dir='ltr'><strong>ἂν</strong></span> <span class='ocrx_word' id='word_1_282' title='bbox 1185 3891 1542 3963; x_wconf 84' lang='grc' dir='ltr'>ματαιότεροι</span> <span class='ocrx_word' id='word_1_283' title='bbox 1569 3888 1787 3942; x_wconf 85' lang='grc' dir='ltr'>πάντων</span> <span class='ocrx_word' id='word_1_284' title='bbox 1829 3889 1925 3941; x_wconf 88' lang='grc' dir='ltr'>ἀν-</span> 
     </span>
    </p>
   </div>
   <div class='ocr_carea' id='block_1_41' title="bbox 358 3976 1927 4059">
    <p class='ocr_par' dir='ltr' id='par_1_41' title="bbox 358 3976 1927 4059">
     <span class='ocr_line' id='line_1_41' title="bbox 358 3976 1927 4059; baseline -0.006 -18"><span class='ocrx_word' id='word_1_285' title='bbox 358 3988 589 4059; x_wconf 83' lang='grc' dir='ltr'>θρώπων</span> <span class='ocrx_word' id='word_1_286' title='bbox 620 3988 880 4059; x_wconf 78' lang='grc' dir='ltr'>ἐδόξαμεν</span> <span class='ocrx_word' id='word_1_287' title='bbox 918 3984 1081 4052; x_wconf 76' lang='grc' dir='ltr'>εἶναι,</span> <span class='ocrx_word' id='word_1_288' title='bbox 1116 3979 1165 4040; x_wconf 83' lang='grc' dir='ltr'><strong>εί</strong></span> <span class='ocrx_word' id='word_1_289' title='bbox 1215 3976 1387 4039; x_wconf 83' lang='grc' dir='ltr'>πολλά</span> <span class='ocrx_word' id='word_1_290' title='bbox 1426 3984 1530 4054; x_wconf 81' lang='grc' dir='ltr'><strong>μὲν</strong></span> <span class='ocrx_word' id='word_1_291' title='bbox 1580 3982 1721 4051; x_wconf 80' lang='grc' dir='ltr'>ὑπὲρ</span> <span class='ocrx_word' id='word_1_292' title='bbox 1756 3979 1927 4048; x_wconf 77' lang='grc' dir='ltr'>αὐτῆς</span> 
     </span>
    </p>
   </div>
   <div class='ocr_carea' id='block_1_42' title="bbox 356 4072 1925 4147">
    <p class='ocr_par' dir='ltr' id='par_1_42' title="bbox 356 4072 1925 4147">
     <span class='ocr_line' id='line_1_42' title="bbox 356 4072 1925 4147; baseline -0.007 -13"><span class='ocrx_word' id='word_1_293' title='bbox 356 4080 710 4145; x_wconf 69' lang='grc' dir='ltr'>ὑποστάντες,</span> <span class='ocrx_word' id='word_1_294' title='bbox 760 4080 972 4134; x_wconf 88' lang='grc' dir='ltr'>πολλῶν</span> <span class='ocrx_word' id='word_1_295' title='bbox 1001 4080 1058 4133; x_wconf 76' lang='grc' dir='ltr'>δὲ</span> <span class='ocrx_word' id='word_1_296' title='bbox 1089 4078 1309 4147; x_wconf 83' lang='grc' dir='ltr'>ἀγαθῶν</span> <span class='ocrx_word' id='word_1_297' title='bbox 1337 4077 1519 4130; x_wconf 70' lang='grc' dir='ltr'>ἐλπίσι</span> <span class='ocrx_word' id='word_1_298' title='bbox 1548 4072 1925 4144; x_wconf 85' lang='grc' dir='ltr'>κεκινημένοι,</span> 
     </span>
    </p>
   </div>
   <div class='ocr_carea' id='block_1_43' title="bbox 356 4163 1928 4243">
    <p class='ocr_par' dir='ltr' id='par_1_43' title="bbox 356 4163 1928 4243">
     <span class='ocr_line' id='line_1_43' title="bbox 356 4163 1928 4243; baseline -0.007 -17"><span class='ocrx_word' id='word_1_299' title='bbox 356 4173 643 4227; x_wconf 75' lang='grc' dir='ltr'>ἐπιδώσειν</span> <span class='ocrx_word' id='word_1_300' title='bbox 670 4173 725 4226; x_wconf 84' lang='grc' dir='ltr'>δὲ</span> <span class='ocrx_word' id='word_1_301' title='bbox 756 4176 887 4243; x_wconf 75' lang='grc' dir='ltr'>ἡμῖν</span> <span class='ocrx_word' id='word_1_302' title='bbox 913 4171 981 4224; x_wconf 85' lang='grc' dir='ltr'>τὰ</span> <span class='ocrx_word' id='word_1_303' title='bbox 1008 4170 1180 4232; x_wconf 74' lang='grc' dir='ltr'>δεινὰ,</span> <span class='ocrx_word' id='word_1_304' title='bbox 1211 4166 1307 4223; x_wconf 71' lang='grc' dir='ltr'>τοῦ</span> <span class='ocrx_word' id='word_1_305' title='bbox 1352 4168 1654 4238; x_wconf 82' lang='grc' dir='ltr'>σχίσματος</span> <span class='ocrx_word' id='word_1_306' title='bbox 1692 4163 1928 4235; x_wconf 73' lang='grc' dir='ltr'>βεϐαιω-</span> 
     </span>
    </p>
   </div>
   <div class='ocr_carea' id='block_1_44' title="bbox 356 4255 1930 4329">
    <p class='ocr_par' dir='ltr' id='par_1_44' title="bbox 356 4255 1930 4329">
     <span class='ocr_line' id='line_1_44' title="bbox 356 4255 1930 4329; baseline -0.006 -15"><span class='ocrx_word' id='word_1_307' title='bbox 356 4256 559 4329; x_wconf 73' lang='grc' dir='ltr'>θέντος,</span> <span class='ocrx_word' id='word_1_308' title='bbox 588 4263 788 4324; x_wconf 83' lang='grc' dir='ltr'>πάντες</span> <span class='ocrx_word' id='word_1_309' title='bbox 822 4259 1194 4325; x_wconf 81' lang='grc' dir='ltr'>πιστεύοντες,</span> <span class='ocrx_word' id='word_1_310' title='bbox 1225 4255 1325 4312; x_wconf 82' lang='grc' dir='ltr'>εἷθ’</span> <span class='ocrx_word' id='word_1_311' title='bbox 1357 4258 1548 4328; x_wconf 84' lang='grc' dir='ltr'>ὥσπερ</span> <span class='ocrx_word' id='word_1_312' title='bbox 1599 4255 1930 4325; x_wconf 76' lang='grc' dir='ltr'>ἐπιλαθόμε-</span> 
     </span>
    </p>
   </div>
   <div class='ocr_carea' id='block_1_45' title="bbox 356 4348 1928 4420">
    <p class='ocr_par' dir='ltr' id='par_1_45' title="bbox 356 4348 1928 4420">
     <span class='ocr_line' id='line_1_45' title="bbox 356 4348 1928 4420; baseline -0.006 -13"><span class='ocrx_word' id='word_1_313' title='bbox 356 4373 439 4407; x_wconf 89' lang='grc' dir='ltr'><strong>νοι</strong></span> <span class='ocrx_word' id='word_1_314' title='bbox 461 4354 661 4407; x_wconf 85' lang='grc' dir='ltr'>τούτων</span> <span class='ocrx_word' id='word_1_315' title='bbox 689 4355 965 4420; x_wconf 82' lang='grc' dir='ltr'>ἁπάντων,</span> <span class='ocrx_word' id='word_1_316' title='bbox 1004 4355 1209 4417; x_wconf 83' lang='grc' dir='ltr'>κεναῖς,</span> <span class='ocrx_word' id='word_1_317' title='bbox 1232 4350 1308 4416; x_wconf 85' lang='grc' dir='ltr'><strong>ῶς</strong></span> <span class='ocrx_word' id='word_1_318' title='bbox 1340 4368 1494 4419; x_wconf 73' lang='grc' dir='ltr'>φασι,</span> <span class='ocrx_word' id='word_1_319' title='bbox 1525 4348 1682 4420; x_wconf 80' lang='grc' dir='ltr'>χερσὶ</span> <span class='ocrx_word' id='word_1_320' title='bbox 1704 4348 1798 4399; x_wconf 73' lang='grc' dir='ltr'><strong>καὶ</strong></span> <span class='ocrx_word' id='word_1_321' title='bbox 1823 4364 1928 4415; x_wconf 85' lang='grc' dir='ltr'>μη-</span> 
     </span>
    </p>
   </div>
   <div class='ocr_carea' id='block_1_46' title="bbox 354 4438 1927 4516">
    <p class='ocr_par' dir='ltr' id='par_1_46' title="bbox 354 4438 1927 4516">
     <span class='ocr_line' id='line_1_46' title="bbox 354 4438 1927 4516; baseline -0.006 -18"><span class='ocrx_word' id='word_1_322' title='bbox 354 4446 445 4498; x_wconf 81' lang='grc' dir='ltr'><strong>δὲν</strong></span> <span class='ocrx_word' id='word_1_323' title='bbox 476 4446 782 4516; x_wconf 74' lang='grc' dir='ltr'>πράξαντες</span> <span class='ocrx_word' id='word_1_324' title='bbox 836 4445 1256 4515; x_wconf 69' lang='grc' dir='ltr'>ἐπανέλθωμεν,</span> <span class='ocrx_word' id='word_1_325' title='bbox 1317 4444 1414 4497; x_wconf 72' lang='grc' dir='ltr'><strong>καὶ</strong></span> <span class='ocrx_word' id='word_1_326' title='bbox 1442 4441 1597 4496; x_wconf 76' lang='grc' dir='ltr'>ταῦτ’</span> <span class='ocrx_word' id='word_1_327' title='bbox 1652 4438 1927 4509; x_wconf 77' lang='grc' dir='ltr'>εὐπρεπὲς</span> 
     </span>
    </p>
   </div>
   <div class='ocr_carea' id='block_1_47' title="bbox 354 4531 1927 4609">
    <p class='ocr_par' dir='ltr' id='par_1_47' title="bbox 354 4531 1927 4609">
     <span class='ocr_line' id='line_1_47' title="bbox 354 4531 1927 4609; baseline 0.001 -18"><span class='ocrx_word' id='word_1_328' title='bbox 354 4536 500 4591; x_wconf 73' lang='grc' dir='ltr'>οὓτω</span> <span class='ocrx_word' id='word_1_329' title='bbox 530 4539 622 4592; x_wconf 81' lang='grc' dir='ltr'>καὶ</span> <span class='ocrx_word' id='word_1_330' title='bbox 653 4540 839 4609; x_wconf 74' lang='grc' dir='ltr'>ῥᾴδιον</span> <span class='ocrx_word' id='word_1_331' title='bbox 866 4536 948 4601; x_wconf 84' lang='grc' dir='ltr'><strong>δν,</strong></span> <span class='ocrx_word' id='word_1_332' title='bbox 984 4541 1079 4591; x_wconf 66' lang='grc' dir='ltr'>καὶ</span> <span class='ocrx_word' id='word_1_333' title='bbox 1112 4536 1339 4606; x_wconf 78' lang='grc' dir='ltr'>μηδενὸς</span> <span class='ocrx_word' id='word_1_334' title='bbox 1391 4538 1522 4605; x_wconf 80' lang='grc' dir='ltr'>ἡμῖν</span> <span class='ocrx_word' id='word_1_335' title='bbox 1558 4533 1796 4601; x_wconf 82' lang='grc' dir='ltr'>εὐλόγως</span> <span class='ocrx_word' id='word_1_336' title='bbox 1847 4531 1927 4592; x_wconf 82' lang='grc' dir='ltr'><strong>εἰς</strong></span> 
     </span>
    </p>
   </div>
   <div class='ocr_carea' id='block_1_48' title="bbox 2005 668 3583 740">
    <p class='ocr_par' dir='ltr' id='par_1_48' title="bbox 2005 668 3583 740">
     <span class='ocr_line' id='line_1_48' title="bbox 2005 668 3583 740; baseline -0.004 -14"><span class='ocrx_word' id='word_1_337' title='bbox 2005 681 2059 726; x_wconf 91' lang='lat' dir='ltr'><strong>et</strong></span> <span class='ocrx_word' id='word_1_338' title='bbox 2088 672 2356 726; x_wconf 71' lang='lat' dir='ltr'><strong>exstincto</strong></span> <span class='ocrx_word' id='word_1_339' title='bbox 2380 671 2789 740; x_wconf 85' lang='lat' dir='ltr'><strong>disciplinarum</strong></span> <span class='ocrx_word' id='word_1_340' title='bbox 2844 686 2907 723; x_wconf 86' lang='lat' dir='ltr'><strong>ac</strong></span> <span class='ocrx_word' id='word_1_341' title='bbox 2956 670 3030 722; x_wconf 85' lang='lat' dir='ltr'><strong>rei</strong></span> <span class='ocrx_word' id='word_1_342' title='bbox 3090 668 3367 723; x_wconf 60' lang='lat' dir='ltr'><strong>litterariae</strong></span> <span class='ocrx_word' id='word_1_343' title='bbox 3406 669 3583 722; x_wconf 75' lang='lat' dir='ltr'><strong>ambi-</strong></span> 
     </span>
    </p>
   </div>
   <div class='ocr_carea' id='block_1_49' title="bbox 2008 759 3584 827">
    <p class='ocr_par' dir='ltr' id='par_1_49' title="bbox 2008 759 3584 827">
     <span class='ocr_line' id='line_1_49' title="bbox 2008 759 3584 827; baseline -0.003 -13"><span class='ocrx_word' id='word_1_344' title='bbox 2008 762 2149 816; x_wconf 90' lang='lat' dir='ltr'><strong>tioso</strong></span> <span class='ocrx_word' id='word_1_345' title='bbox 2179 762 2617 824; x_wconf 82' lang='lat' dir='ltr'><strong>Studio,cuuctis</strong></span> <span class='ocrx_word' id='word_1_346' title='bbox 2658 759 2966 814; x_wconf 84' lang='lat' dir='ltr'><strong>necessitati</strong></span> <span class='ocrx_word' id='word_1_347' title='bbox 3021 767 3255 822; x_wconf 85' lang='lat' dir='ltr'><strong>tantum,</strong></span> <span class='ocrx_word' id='word_1_348' title='bbox 3309 769 3365 811; x_wconf 88' lang='lat' dir='ltr'><strong>et</strong></span> <span class='ocrx_word' id='word_1_349' title='bbox 3416 774 3584 827; x_wconf 78' lang='lat' dir='ltr'><strong>angu-</strong></span> 
     </span>
    </p>
   </div>
   <div class='ocr_carea' id='block_1_50' title="bbox 2010 850 3585 910">
    <p class='ocr_par' dir='ltr' id='par_1_50' title="bbox 2010 850 3585 910">
     <span class='ocr_line' id='line_1_50' title="bbox 2010 850 3585 910; baseline -0.004 -1"><span class='ocrx_word' id='word_1_350' title='bbox 2010 855 2132 910; x_wconf 90' lang='lat' dir='ltr'><strong>stiis</strong></span> <span class='ocrx_word' id='word_1_351' title='bbox 2167 854 2244 908; x_wconf 85' lang='lat' dir='ltr'><strong>rei</strong></span> <span class='ocrx_word' id='word_1_352' title='bbox 2278 854 2564 909; x_wconf 78' lang='lat' dir='ltr'><strong>familiaris</strong></span> <span class='ocrx_word' id='word_1_353' title='bbox 2602 852 2941 908; x_wconf 84' lang='lat' dir='ltr'><strong>vacantibus.</strong></span> <span class='ocrx_word' id='word_1_354' title='bbox 2992 850 3215 903; x_wconf 80' lang='lat' dir='ltr'><strong>Certum</strong></span> <span class='ocrx_word' id='word_1_355' title='bbox 3269 865 3397 905; x_wconf 81' lang='lat' dir='ltr'><strong>vero</strong></span> <span class='ocrx_word' id='word_1_356' title='bbox 3454 850 3585 904; x_wconf 83' lang='lat' dir='ltr'><strong>mihi</strong></span> 
     </span>
    </p>
   </div>
   <div class='ocr_carea' id='block_1_51' title="bbox 2007 944 3584 1018">
    <p class='ocr_par' dir='ltr' id='par_1_51' title="bbox 2007 944 3584 1018">
     <span class='ocr_line' id='line_1_51' title="bbox 2007 944 3584 1018; baseline -0.004 -17"><span class='ocrx_word' id='word_1_357' title='bbox 2007 959 2110 1012; x_wconf 80' lang='lat' dir='ltr'><strong>est,</strong></span> <span class='ocrx_word' id='word_1_358' title='bbox 2153 948 2255 1018; x_wconf 85' lang='lat' dir='ltr'><strong>ipsi</strong></span> <span class='ocrx_word' id='word_1_359' title='bbox 2314 960 2534 1018; x_wconf 86' lang='lat' dir='ltr'><strong>quoque</strong></span> <span class='ocrx_word' id='word_1_360' title='bbox 2584 946 2811 1018; x_wconf 74' lang='lat' dir='ltr'><strong>Spiritui</strong></span> <span class='ocrx_word' id='word_1_361' title='bbox 2865 961 2971 999; x_wconf 91' lang='lat' dir='ltr'><strong>non</strong></span> <span class='ocrx_word' id='word_1_362' title='bbox 3022 944 3234 1014; x_wconf 81' lang='lat' dir='ltr'><strong>placere</strong></span> <span class='ocrx_word' id='word_1_363' title='bbox 3292 945 3584 998; x_wconf 79' lang='lat' dir='ltr'><strong>admodum</strong></span> 
     </span>
    </p>
   </div>
   <div class='ocr_carea' id='block_1_52' title="bbox 2010 1037 3591 1111">
    <p class='ocr_par' dir='ltr' id='par_1_52' title="bbox 2010 1037 3591 1111">
     <span class='ocr_line' id='line_1_52' title="bbox 2010 1037 3591 1111; baseline -0.003 -16"><span class='ocrx_word' id='word_1_364' title='bbox 2010 1052 2215 1095; x_wconf 88' lang='lat' dir='ltr'><strong>tantam</strong></span> <span class='ocrx_word' id='word_1_365' title='bbox 2244 1041 2651 1111; x_wconf 72' lang='lat' dir='ltr'><strong>loquacitatem,</strong></span> <span class='ocrx_word' id='word_1_366' title='bbox 2678 1040 2769 1095; x_wconf 90' lang='lat' dir='ltr'><strong>sed</strong></span> <span class='ocrx_word' id='word_1_367' title='bbox 2796 1038 2880 1094; x_wconf 89' lang='lat' dir='ltr'><strong>sui</strong></span> <span class='ocrx_word' id='word_1_368' title='bbox 2929 1052 3028 1091; x_wconf 91' lang='lat' dir='ltr'><strong>nos</strong></span> <span class='ocrx_word' id='word_1_369' title='bbox 3062 1045 3359 1092; x_wconf 87' lang='lat' dir='ltr'><strong>tentatores</strong></span> <span class='ocrx_word' id='word_1_370' title='bbox 3400 1037 3591 1091; x_wconf 80' lang='lat' dir='ltr'><strong>existi-</strong></span> 
     </span>
    </p>
   </div>
   <div class='ocr_carea' id='block_1_53' title="bbox 2014 1118 3588 1198">
    <p class='ocr_par' dir='ltr' id='par_1_53' title="bbox 2014 1118 3588 1198">
     <span class='ocr_line' id='line_1_53' title="bbox 2014 1118 3588 1198; baseline -0.002 -11"><span class='ocrx_word' id='word_1_371' title='bbox 2014 1146 2312 1191; x_wconf 85' lang='lat' dir='ltr'><strong>maturum.</strong></span> <span class='ocrx_word' id='word_1_372' title='bbox 2346 1135 2391 1188; x_wconf 91' lang='lat' dir='ltr'><strong>si</strong></span> <span class='ocrx_word' id='word_1_373' title='bbox 2412 1148 2535 1188; x_wconf 91' lang='lat' dir='ltr'><strong>cum</strong></span> <span class='ocrx_word' id='word_1_374' title='bbox 2560 1141 2640 1187; x_wconf 91' lang='lat' dir='ltr'><strong>tot</strong></span> <span class='ocrx_word' id='word_1_375' title='bbox 2664 1147 2727 1185; x_wconf 78' lang='lat' dir='ltr'><strong>ex</strong></span> <span class='ocrx_word' id='word_1_376' title='bbox 2755 1130 2939 1184; x_wconf 88' lang='lat' dir='ltr'><strong>divina</strong></span> <span class='ocrx_word' id='word_1_377' title='bbox 2972 1129 3279 1198; x_wconf 86' lang='lat' dir='ltr'><strong>Scriptura,</strong></span> <span class='ocrx_word' id='word_1_378' title='bbox 3313 1118 3401 1184; x_wconf 70' lang='grc' dir='ltr'>ἰοί</span> <span class='ocrx_word' id='word_1_379' title='bbox 3423 1129 3588 1184; x_wconf 85' lang='lat' dir='ltr'><strong>etiam</strong></span> 
     </span>
    </p>
   </div>
   <div class='ocr_carea' id='block_1_54' title="bbox 2013 1223 3593 1292">
    <p class='ocr_par' dir='ltr' id='par_1_54' title="bbox 2013 1223 3593 1292">
     <span class='ocr_line' id='line_1_54' title="bbox 2013 1223 3593 1292; baseline 0 -15"><span class='ocrx_word' id='word_1_380' title='bbox 2013 1242 2077 1280; x_wconf 80' lang='lat' dir='ltr'><strong>ex</strong></span> <span class='ocrx_word' id='word_1_381' title='bbox 2112 1225 2396 1279; x_wconf 89' lang='lat' dir='ltr'><strong>doctorum</strong></span> <span class='ocrx_word' id='word_1_382' title='bbox 2425 1240 2698 1279; x_wconf 82' lang='lat' dir='ltr'><strong>consensu</strong></span> <span class='ocrx_word' id='word_1_383' title='bbox 2737 1225 2892 1279; x_wconf 86' lang='lat' dir='ltr'><strong>nobis</strong></span> <span class='ocrx_word' id='word_1_384' title='bbox 2932 1230 3224 1292; x_wconf 86' lang='lat' dir='ltr'><strong>suppetant</strong></span> <span class='ocrx_word' id='word_1_385' title='bbox 3280 1223 3345 1275; x_wconf 87' lang='lat' dir='ltr'><strong>ad</strong></span> <span class='ocrx_word' id='word_1_386' title='bbox 3396 1239 3593 1291; x_wconf 83' lang='lat' dir='ltr'><strong>propo-</strong></span> 
     </span>
    </p>
   </div>
   <div class='ocr_carea' id='block_1_55' title="bbox 2010 1316 3594 1386">
    <p class='ocr_par' dir='ltr' id='par_1_55' title="bbox 2010 1316 3594 1386">
     <span class='ocr_line' id='line_1_55' title="bbox 2010 1316 3594 1386; baseline -0.001 -14"><span class='ocrx_word' id='word_1_387' title='bbox 2010 1321 2174 1373; x_wconf 85' lang='lat' dir='ltr'><strong>situm</strong></span> <span class='ocrx_word' id='word_1_388' title='bbox 2201 1320 2427 1383; x_wconf 82' lang='lat' dir='ltr'><strong>auxilia,</strong></span> <span class='ocrx_word' id='word_1_389' title='bbox 2455 1321 2741 1373; x_wconf 78' lang='lat' dir='ltr'><strong>sedeamus</strong></span> <span class='ocrx_word' id='word_1_390' title='bbox 2768 1331 2948 1372; x_wconf 85' lang='lat' dir='ltr'><strong>tamen</strong></span> <span class='ocrx_word' id='word_1_391' title='bbox 2988 1317 3090 1386; x_wconf 89' lang='lat' dir='ltr'><strong>ipsi</strong></span> <span class='ocrx_word' id='word_1_392' title='bbox 3121 1316 3443 1385; x_wconf 76' lang='lat' dir='ltr'><strong>posthabitis</strong></span> <span class='ocrx_word' id='word_1_393' title='bbox 3487 1317 3594 1371; x_wconf 87' lang='lat' dir='ltr'><strong>illis</strong></span> 
     </span>
    </p>
   </div>
   <div class='ocr_carea' id='block_1_56' title="bbox 2010 1409 3594 1487">
    <p class='ocr_par' dir='ltr' id='par_1_56' title="bbox 2010 1409 3594 1487">
     <span class='ocr_line' id='line_1_56' title="bbox 2010 1409 3594 1487; baseline -0.003 -22"><span class='ocrx_word' id='word_1_394' title='bbox 2010 1411 2300 1487; x_wconf 84' lang='lat' dir='ltr'><strong>omnibus,</strong></span> <span class='ocrx_word' id='word_1_395' title='bbox 2329 1418 2614 1464; x_wconf 89' lang='lat' dir='ltr'><strong>nectentes</strong></span> <span class='ocrx_word' id='word_1_396' title='bbox 2655 1410 2895 1463; x_wconf 84' lang='lat' dir='ltr'><strong>sermoni</strong></span> <span class='ocrx_word' id='word_1_397' title='bbox 2939 1423 3291 1473; x_wconf 86' lang='lat' dir='ltr'><strong>sermonem;</strong></span> <span class='ocrx_word' id='word_1_398' title='bbox 3324 1409 3467 1475; x_wconf 86' lang='lat' dir='ltr'><strong>quod</strong></span> <span class='ocrx_word' id='word_1_399' title='bbox 3512 1409 3594 1463; x_wconf 88' lang='lat' dir='ltr'><strong>vel</strong></span> 
     </span>
    </p>
   </div>
   <div class='ocr_carea' id='block_1_57' title="bbox 2012 1502 3597 1573">
    <p class='ocr_par' dir='ltr' id='par_1_57' title="bbox 2012 1502 3597 1573">
     <span class='ocr_line' id='line_1_57' title="bbox 2012 1502 3597 1573; baseline 0 -18"><span class='ocrx_word' id='word_1_400' title='bbox 2012 1513 2269 1573; x_wconf 86' lang='lat' dir='ltr'><strong>putemus</strong></span> <span class='ocrx_word' id='word_1_401' title='bbox 2294 1502 2735 1557; x_wconf 87' lang='lat' dir='ltr'><strong>nosinventuros</strong></span> <span class='ocrx_word' id='word_1_402' title='bbox 2759 1502 3041 1570; x_wconf 80' lang='lat' dir='ltr'><strong>quidpiam</strong></span> <span class='ocrx_word' id='word_1_403' title='bbox 3076 1516 3174 1570; x_wconf 89' lang='lat' dir='ltr'><strong>per</strong></span> <span class='ocrx_word' id='word_1_404' title='bbox 3202 1506 3426 1557; x_wconf 84' lang='lat' dir='ltr'><strong>nostros</strong></span> <span class='ocrx_word' id='word_1_405' title='bbox 3480 1518 3597 1557; x_wconf 87' lang='lat' dir='ltr'><strong>ser-</strong></span> 
     </span>
    </p>
   </div>
   <div class='ocr_carea' id='block_1_58' title="bbox 2010 1594 3591 1663">
    <p class='ocr_par' dir='ltr' id='par_1_58' title="bbox 2010 1594 3591 1663">
     <span class='ocr_line' id='line_1_58' title="bbox 2010 1594 3591 1663; baseline -0.001 -16"><span class='ocrx_word' id='word_1_406' title='bbox 2010 1608 2199 1648; x_wconf 89' lang='lat' dir='ltr'><strong>mones</strong></span> <span class='ocrx_word' id='word_1_407' title='bbox 2222 1608 2288 1647; x_wconf 90' lang='lat' dir='ltr'><strong>eo</strong></span> <span class='ocrx_word' id='word_1_408' title='bbox 2313 1594 2679 1663; x_wconf 62' lang='lat' dir='ltr'><strong>praestantius.</strong></span> <span class='ocrx_word' id='word_1_409' title='bbox 2715 1596 2859 1663; x_wconf 87' lang='lat' dir='ltr'><strong>quod</strong></span> <span class='ocrx_word' id='word_1_410' title='bbox 2898 1594 3195 1663; x_wconf 66' lang='lat' dir='ltr'><strong>Ser-ipturaa</strong></span> <span class='ocrx_word' id='word_1_411' title='bbox 3217 1595 3591 1663; x_wconf 88' lang='lat' dir='ltr'><strong>suppeditant;</strong></span> 
     </span>
    </p>
   </div>
   <div class='ocr_carea' id='block_1_59' title="bbox 2010 1678 3598 1757">
    <p class='ocr_par' dir='ltr' id='par_1_59' title="bbox 2010 1678 3598 1757">
     <span class='ocr_line' id='line_1_59' title="bbox 2010 1678 3598 1757; baseline 0.002 -20"><span class='ocrx_word' id='word_1_412' title='bbox 2010 1685 2094 1739; x_wconf 85' lang='lat' dir='ltr'><strong>vel</strong></span> <span class='ocrx_word' id='word_1_413' title='bbox 2125 1684 2385 1754; x_wconf 80' lang='lat' dir='ltr'><strong>aliquida</strong></span> <span class='ocrx_word' id='word_1_414' title='bbox 2439 1682 2645 1752; x_wconf 88' lang='lat' dir='ltr'><strong>Spiritu</strong></span> <span class='ocrx_word' id='word_1_415' title='bbox 2680 1701 2991 1756; x_wconf 61' lang='lat' dir='ltr'><strong>quaeramus</strong></span> <span class='ocrx_word' id='word_1_416' title='bbox 3050 1678 3291 1754; x_wconf 83' lang='lat' dir='ltr'><strong>apertius</strong></span> <span class='ocrx_word' id='word_1_417' title='bbox 3351 1686 3417 1740; x_wconf 89' lang='lat' dir='ltr'><strong>iis</strong></span> <span class='ocrx_word' id='word_1_418' title='bbox 3474 1702 3598 1757; x_wconf 69' lang='lat' dir='ltr'><strong>quae</strong></span> 
     </span>
    </p>
   </div>
   <div class='ocr_carea' id='block_1_60' title="bbox 2010 1776 3595 1832">
    <p class='ocr_par' dir='ltr' id='par_1_60' title="bbox 2010 1776 3595 1832">
     <span class='ocr_line' id='line_1_60' title="bbox 2010 1776 3595 1832; baseline 0.001 -3"><span class='ocrx_word' id='word_1_419' title='bbox 2010 1776 2146 1829; x_wconf 69' lang='lat' dir='ltr'><strong>adeo</strong></span> <span class='ocrx_word' id='word_1_420' title='bbox 2176 1777 2321 1830; x_wconf 87' lang='lat' dir='ltr'><strong>clare</strong></span> <span class='ocrx_word' id='word_1_421' title='bbox 2355 1785 2485 1831; x_wconf 90' lang='lat' dir='ltr'><strong>sunt</strong></span> <span class='ocrx_word' id='word_1_422' title='bbox 2510 1777 2579 1830; x_wconf 89' lang='lat' dir='ltr'><strong>ab</strong></span> <span class='ocrx_word' id='word_1_423' title='bbox 2610 1792 2675 1830; x_wconf 90' lang='lat' dir='ltr'><strong>eo</strong></span> <span class='ocrx_word' id='word_1_424' title='bbox 2728 1777 2973 1831; x_wconf 87' lang='lat' dir='ltr'><strong>delinita.</strong></span> <span class='ocrx_word' id='word_1_425' title='bbox 3035 1776 3132 1832; x_wconf 84' lang='lat' dir='ltr'><strong>llis</strong></span> <span class='ocrx_word' id='word_1_426' title='bbox 3191 1778 3337 1831; x_wconf 87' lang='lat' dir='ltr'><strong>enirn</strong></span> <span class='ocrx_word' id='word_1_427' title='bbox 3377 1793 3595 1831; x_wconf 88' lang='lat' dir='ltr'><strong>sermo-</strong></span> 
     </span>
    </p>
   </div>
   <div class='ocr_carea' id='block_1_61' title="bbox 2012 1866 3588 1934">
    <p class='ocr_par' dir='ltr' id='par_1_61' title="bbox 2012 1866 3588 1934">
     <span class='ocr_line' id='line_1_61' title="bbox 2012 1866 3588 1934; baseline 0.003 -14"><span class='ocrx_word' id='word_1_428' title='bbox 2012 1866 2173 1921; x_wconf 88' lang='lat' dir='ltr'><strong>nibus</strong></span> <span class='ocrx_word' id='word_1_429' title='bbox 2209 1877 2262 1921; x_wconf 92' lang='lat' dir='ltr'><strong>ct</strong></span> <span class='ocrx_word' id='word_1_430' title='bbox 2285 1866 2387 1922; x_wconf 90' lang='lat' dir='ltr'><strong>hac</strong></span> <span class='ocrx_word' id='word_1_431' title='bbox 2408 1868 2511 1920; x_wconf 28' lang='lat' dir='ltr'><strong>Ivia</strong></span> <span class='ocrx_word' id='word_1_432' title='bbox 2545 1882 2641 1922; x_wconf 83' lang='lat' dir='ltr'><strong>vos</strong></span> <span class='ocrx_word' id='word_1_433' title='bbox 2662 1879 2894 1932; x_wconf 84' lang='lat' dir='ltr'><strong>utentes,</strong></span> <span class='ocrx_word' id='word_1_434' title='bbox 2925 1868 3063 1934; x_wconf 87' lang='lat' dir='ltr'><strong>scio,</strong></span> <span class='ocrx_word' id='word_1_435' title='bbox 3101 1869 3154 1922; x_wconf 90' lang='lat' dir='ltr'><strong>in</strong></span> <span class='ocrx_word' id='word_1_436' title='bbox 3185 1870 3588 1924; x_wconf 86' lang='lat' dir='ltr'><strong>dissensionem</strong></span> 
     </span>
    </p>
   </div>
   <div class='ocr_carea' id='block_1_62' title="bbox 2013 1957 3596 2030">
    <p class='ocr_par' dir='ltr' id='par_1_62' title="bbox 2013 1957 3596 2030">
     <span class='ocr_line' id='line_1_62' title="bbox 2013 1957 3596 2030; baseline 0 -19"><span class='ocrx_word' id='word_1_437' title='bbox 2013 1957 2195 2028; x_wconf 84' lang='lat' dir='ltr'><strong>pOtius</strong></span> <span class='ocrx_word' id='word_1_438' title='bbox 2221 1970 2273 2012; x_wconf 92' lang='lat' dir='ltr'><strong>et</strong></span> <span class='ocrx_word' id='word_1_439' title='bbox 2302 1958 2782 2013; x_wconf 86' lang='lat' dir='ltr'><strong>concertationem</strong></span> <span class='ocrx_word' id='word_1_440' title='bbox 2823 1958 3077 2029; x_wconf 87' lang='lat' dir='ltr'><strong>agimiui,</strong></span> <span class='ocrx_word' id='word_1_441' title='bbox 3111 1958 3394 2030; x_wconf 79' lang='lat' dir='ltr'><strong>magisque</strong></span> <span class='ocrx_word' id='word_1_442' title='bbox 3432 1960 3596 2014; x_wconf 88' lang='lat' dir='ltr'><strong>etiam</strong></span> 
     </span>
    </p>
   </div>
   <div class='ocr_carea' id='block_1_63' title="bbox 2012 2051 3016 2118">
    <p class='ocr_par' dir='ltr' id='par_1_63' title="bbox 2012 2051 3016 2118">
     <span class='ocr_line' id='line_1_63' title="bbox 2012 2051 3016 2118; baseline 0.003 -16"><span class='ocrx_word' id='word_1_443' title='bbox 2012 2051 2249 2118; x_wconf 82' lang='lat' dir='ltr'><strong>agemini</strong></span> <span class='ocrx_word' id='word_1_444' title='bbox 2307 2065 2469 2116; x_wconf 85' lang='lat' dir='ltr'><strong>quam</strong></span> <span class='ocrx_word' id='word_1_445' title='bbox 2494 2051 2547 2103; x_wconf 92' lang='lat' dir='ltr'><strong>in</strong></span> <span class='ocrx_word' id='word_1_446' title='bbox 2577 2051 3016 2105; x_wconf 82' lang='lat' dir='ltr'><strong>consensionem.</strong></span> 
     </span>
    </p>
   </div>
   <div class='ocr_carea' id='block_1_64' title="bbox 2081 2140 3601 2213">
    <p class='ocr_par' dir='ltr' id='par_1_64' title="bbox 2081 2140 3601 2213">
     <span class='ocr_line' id='line_1_64' title="bbox 2081 2140 3601 2213; baseline 0.003 -18"><span class='ocrx_word' id='word_1_447' title='bbox 2081 2140 2218 2195; x_wconf 81' lang='lat' dir='ltr'><strong>Cum</strong></span> <span class='ocrx_word' id='word_1_448' title='bbox 2243 2141 2408 2211; x_wconf 83' lang='lat' dir='ltr'><strong>igitur</strong></span> <span class='ocrx_word' id='word_1_449' title='bbox 2438 2142 2552 2195; x_wconf 68' lang='lat' dir='ltr'><strong>haec</strong></span> <span class='ocrx_word' id='word_1_450' title='bbox 2588 2144 2658 2195; x_wconf 87' lang='lat' dir='ltr'><strong>ita</strong></span> <span class='ocrx_word' id='word_1_451' title='bbox 2694 2159 2753 2197; x_wconf 90' lang='lat' dir='ltr'><strong>se</strong></span> <span class='ocrx_word' id='word_1_452' title='bbox 2799 2145 3054 2205; x_wconf 85' lang='lat' dir='ltr'><strong>habeant,</strong></span> <span class='ocrx_word' id='word_1_453' title='bbox 3093 2144 3203 2200; x_wconf 87' lang='lat' dir='ltr'><strong>Deo</strong></span> <span class='ocrx_word' id='word_1_454' title='bbox 3239 2155 3481 2213; x_wconf 76' lang='lat' dir='ltr'><strong>gratum,</strong></span> <span class='ocrx_word' id='word_1_455' title='bbox 3542 2154 3601 2199; x_wconf 90' lang='lat' dir='ltr'><strong>et</strong></span> 
     </span>
    </p>
   </div>
   <div class='ocr_carea' id='block_1_65' title="bbox 2013 2234 3601 2306">
    <p class='ocr_par' dir='ltr' id='par_1_65' title="bbox 2013 2234 3601 2306">
     <span class='ocr_line' id='line_1_65' title="bbox 2013 2234 3601 2306; baseline 0.003 -18"><span class='ocrx_word' id='word_1_456' title='bbox 2013 2234 2274 2289; x_wconf 70' lang='lat' dir='ltr'><strong>Ecclesia:</strong></span> <span class='ocrx_word' id='word_1_457' title='bbox 2301 2234 2622 2289; x_wconf 78' lang='lat' dir='ltr'><strong>doctoribus</strong></span> <span class='ocrx_word' id='word_1_458' title='bbox 2667 2235 2975 2305; x_wconf 88' lang='lat' dir='ltr'><strong>jucundum</strong></span> <span class='ocrx_word' id='word_1_459' title='bbox 3004 2238 3130 2303; x_wconf 88' lang='lat' dir='ltr'><strong>erit,</strong></span> <span class='ocrx_word' id='word_1_460' title='bbox 3169 2238 3441 2306; x_wconf 79' lang='lat' dir='ltr'><strong>nobisque</strong></span> <span class='ocrx_word' id='word_1_461' title='bbox 3506 2239 3601 2292; x_wconf 88' lang='lat' dir='ltr'><strong>de-</strong></span> 
     </span>
    </p>
   </div>
   <div class='ocr_carea' id='block_1_66' title="bbox 2015 2328 3601 2394">
    <p class='ocr_par' dir='ltr' id='par_1_66' title="bbox 2015 2328 3601 2394">
     <span class='ocr_line' id='line_1_66' title="bbox 2015 2328 3601 2394; baseline 0.003 -15"><span class='ocrx_word' id='word_1_462' title='bbox 2015 2341 2232 2392; x_wconf 89' lang='lat' dir='ltr'><strong>corum,</strong></span> <span class='ocrx_word' id='word_1_463' title='bbox 2256 2334 2309 2381; x_wconf 90' lang='lat' dir='ltr'><strong>et</strong></span> <span class='ocrx_word' id='word_1_464' title='bbox 2331 2337 2587 2394; x_wconf 63' lang='lat' dir='ltr'><strong>praeterea</strong></span> <span class='ocrx_word' id='word_1_465' title='bbox 2618 2328 2795 2393; x_wconf 70' lang='lat' dir='ltr'><strong>facile,</strong></span> <span class='ocrx_word' id='word_1_466' title='bbox 2830 2329 3015 2385; x_wconf 91' lang='lat' dir='ltr'><strong>multis</strong></span> <span class='ocrx_word' id='word_1_467' title='bbox 3043 2330 3273 2385; x_wconf 87' lang='lat' dir='ltr'><strong>omissis</strong></span> <span class='ocrx_word' id='word_1_468' title='bbox 3324 2330 3601 2384; x_wconf 84' lang='lat' dir='ltr'><strong>sermoni-</strong></span> 
     </span>
    </p>
   </div>
   <div class='ocr_carea' id='block_1_67' title="bbox 2015 2420 3602 2489">
    <p class='ocr_par' dir='ltr' id='par_1_67' title="bbox 2015 2420 3602 2489">
     <span class='ocr_line' id='line_1_67' title="bbox 2015 2420 3602 2489; baseline 0.001 -16"><span class='ocrx_word' id='word_1_469' title='bbox 2015 2420 2140 2482; x_wconf 87' lang='lat' dir='ltr'><strong>bus,</strong></span> <span class='ocrx_word' id='word_1_470' title='bbox 2172 2420 2429 2473; x_wconf 76' lang='lat' dir='ltr'><strong>unionem</strong></span> <span class='ocrx_word' id='word_1_471' title='bbox 2454 2420 2983 2489; x_wconf 82' lang='lat' dir='ltr'><strong>amplecti,curnque</strong></span> <span class='ocrx_word' id='word_1_472' title='bbox 3014 2422 3103 2475; x_wconf 86' lang='lat' dir='ltr'><strong>illa</strong></span> <span class='ocrx_word' id='word_1_473' title='bbox 3131 2423 3354 2476; x_wconf 90' lang='lat' dir='ltr'><strong>domum</strong></span> <span class='ocrx_word' id='word_1_474' title='bbox 3381 2423 3602 2476; x_wconf 71' lang='lat' dir='ltr'><strong>reverti.</strong></span> 
     </span>
    </p>
   </div>
   <div class='ocr_carea' id='block_1_68' title="bbox 2017 2504 3604 2585">
    <p class='ocr_par' dir='ltr' id='par_1_68' title="bbox 2017 2504 3604 2585">
     <span class='ocr_line' id='line_1_68' title="bbox 2017 2504 3604 2585; baseline 0.002 -19"><span class='ocrx_word' id='word_1_475' title='bbox 2017 2514 2136 2567; x_wconf 87' lang='lat' dir='ltr'><strong>Nec</strong></span> <span class='ocrx_word' id='word_1_476' title='bbox 2190 2512 2293 2566; x_wconf 81' lang='lat' dir='ltr'><strong>erit</strong></span> <span class='ocrx_word' id='word_1_477' title='bbox 2321 2527 2547 2583; x_wconf 89' lang='lat' dir='ltr'><strong>prorsus</strong></span> <span class='ocrx_word' id='word_1_478' title='bbox 2574 2512 2778 2582; x_wconf 88' lang='lat' dir='ltr'><strong>aliquid</strong></span> <span class='ocrx_word' id='word_1_479' title='bbox 2822 2514 2979 2568; x_wconf 87' lang='lat' dir='ltr'><strong>nobis</strong></span> <span class='ocrx_word' id='word_1_480' title='bbox 3030 2504 3416 2581; x_wconf 74' lang='lat' dir='ltr'><strong>impedimento</strong></span> <span class='ocrx_word' id='word_1_481' title='bbox 3466 2531 3604 2585; x_wconf 83' lang='lat' dir='ltr'><strong>quo-</strong></span> 
     </span>
    </p>
   </div>
   <div class='ocr_carea' id='block_1_69' title="bbox 2020 2603 3604 2672">
    <p class='ocr_par' dir='ltr' id='par_1_69' title="bbox 2020 2603 3604 2672">
     <span class='ocr_line' id='line_1_69' title="bbox 2020 2603 3604 2672; baseline 0.001 -14"><span class='ocrx_word' id='word_1_482' title='bbox 2020 2603 2204 2659; x_wconf 65' lang='lat' dir='ltr'><strong>minus</strong></span> <span class='ocrx_word' id='word_1_483' title='bbox 2256 2619 2484 2670; x_wconf 75' lang='lat' dir='ltr'><strong>agamus</strong></span> <span class='ocrx_word' id='word_1_484' title='bbox 2511 2619 2573 2657; x_wconf 83' lang='lat' dir='ltr'><strong>ea</strong></span> <span class='ocrx_word' id='word_1_485' title='bbox 2601 2620 2836 2672; x_wconf 88' lang='lat' dir='ltr'><strong>quorum</strong></span> <span class='ocrx_word' id='word_1_486' title='bbox 2890 2604 3039 2659; x_wconf 89' lang='lat' dir='ltr'><strong>ducti</strong></span> <span class='ocrx_word' id='word_1_487' title='bbox 3093 2605 3367 2660; x_wconf 91' lang='lat' dir='ltr'><strong>desiderio</strong></span> <span class='ocrx_word' id='word_1_488' title='bbox 3411 2621 3604 2660; x_wconf 87' lang='lat' dir='ltr'><strong>sumus</strong></span> 
     </span>
    </p>
   </div>
   <div class='ocr_carea' id='block_1_70' title="bbox 2020 2693 3603 2765">
    <p class='ocr_par' dir='ltr' id='par_1_70' title="bbox 2020 2693 3603 2765">
     <span class='ocr_line' id='line_1_70' title="bbox 2020 2693 3603 2765; baseline 0 -16"><span class='ocrx_word' id='word_1_489' title='bbox 2020 2696 2127 2749; x_wconf 86' lang='lat' dir='ltr'><strong>huc</strong></span> <span class='ocrx_word' id='word_1_490' title='bbox 2182 2693 2464 2764; x_wconf 80' lang='lat' dir='ltr'><strong>profecti:</strong></span> <span class='ocrx_word' id='word_1_491' title='bbox 2511 2709 2633 2747; x_wconf 91' lang='lat' dir='ltr'><strong>cum</strong></span> <span class='ocrx_word' id='word_1_492' title='bbox 2688 2695 3007 2749; x_wconf 86' lang='lat' dir='ltr'><strong>Latinorum</strong></span> <span class='ocrx_word' id='word_1_493' title='bbox 3057 2698 3275 2765; x_wconf 90' lang='lat' dir='ltr'><strong>quidem</strong></span> <span class='ocrx_word' id='word_1_494' title='bbox 3334 2698 3603 2751; x_wconf 62' lang='lat' dir='ltr'><strong>sententia</strong></span> 
     </span>
    </p>
   </div>
   <div class='ocr_carea' id='block_1_71' title="bbox 2020 2787 3603 2858">
    <p class='ocr_par' dir='ltr' id='par_1_71' title="bbox 2020 2787 3603 2858">
     <span class='ocr_line' id='line_1_71' title="bbox 2020 2787 3603 2858; baseline 0 -17"><span class='ocrx_word' id='word_1_495' title='bbox 2020 2787 2283 2842; x_wconf 77' lang='lat' dir='ltr'><strong>fulciatur</strong></span> <span class='ocrx_word' id='word_1_496' title='bbox 2346 2795 2424 2841; x_wconf 90' lang='lat' dir='ltr'><strong>tot</strong></span> <span class='ocrx_word' id='word_1_497' title='bbox 2455 2787 2701 2851; x_wconf 85' lang='lat' dir='ltr'><strong>testibus,</strong></span> <span class='ocrx_word' id='word_1_498' title='bbox 2762 2798 2816 2841; x_wconf 91' lang='lat' dir='ltr'><strong>et</strong></span> <span class='ocrx_word' id='word_1_499' title='bbox 2874 2803 3273 2858; x_wconf 79' lang='lat' dir='ltr'><strong>usquequaque</strong></span> <span class='ocrx_word' id='word_1_500' title='bbox 3322 2789 3487 2858; x_wconf 76' lang='lat' dir='ltr'><strong>digna</strong></span> <span class='ocrx_word' id='word_1_501' title='bbox 3535 2792 3603 2843; x_wconf 88' lang='lat' dir='ltr'><strong>sit</strong></span> 
     </span>
    </p>
   </div>
   <div class='ocr_carea' id='block_1_72' title="bbox 2019 2880 3605 2950">
    <p class='ocr_par' dir='ltr' id='par_1_72' title="bbox 2019 2880 3605 2950">
     <span class='ocr_line' id='line_1_72' title="bbox 2019 2880 3605 2950; baseline 0 -16"><span class='ocrx_word' id='word_1_502' title='bbox 2019 2896 2141 2949; x_wconf 79' lang='lat' dir='ltr'><strong>qna:</strong></span> <span class='ocrx_word' id='word_1_503' title='bbox 2160 2880 2450 2945; x_wconf 86' lang='lat' dir='ltr'><strong>credatur;</strong></span> <span class='ocrx_word' id='word_1_504' title='bbox 2483 2880 2643 2934; x_wconf 87' lang='lat' dir='ltr'><strong>nobis</strong></span> <span class='ocrx_word' id='word_1_505' title='bbox 2688 2894 2817 2934; x_wconf 88' lang='lat' dir='ltr'><strong>vero</strong></span> <span class='ocrx_word' id='word_1_506' title='bbox 2864 2881 3018 2935; x_wconf 89' lang='lat' dir='ltr'><strong>liceat</strong></span> <span class='ocrx_word' id='word_1_507' title='bbox 3053 2896 3176 2934; x_wconf 74' lang='lat' dir='ltr'><strong>cum</strong></span> <span class='ocrx_word' id='word_1_508' title='bbox 3219 2881 3301 2935; x_wconf 90' lang='lat' dir='ltr'><strong>eis</strong></span> <span class='ocrx_word' id='word_1_509' title='bbox 3345 2882 3605 2950; x_wconf 77' lang='lat' dir='ltr'><strong>conjungi</strong></span> 
     </span>
    </p>
   </div>
   <div class='ocr_carea' id='block_1_73' title="bbox 2023 2968 3604 3040">
    <p class='ocr_par' dir='ltr' id='par_1_73' title="bbox 2023 2968 3604 3040">
     <span class='ocr_line' id='line_1_73' title="bbox 2023 2968 3604 3040; baseline 0 -16"><span class='ocrx_word' id='word_1_510' title='bbox 2023 2970 2173 3024; x_wconf 88' lang='lat' dir='ltr'><strong>nulla</strong></span> <span class='ocrx_word' id='word_1_511' title='bbox 2204 2970 2257 3024; x_wconf 93' lang='lat' dir='ltr'><strong>in</strong></span> <span class='ocrx_word' id='word_1_512' title='bbox 2313 2969 2576 3040; x_wconf 86' lang='lat' dir='ltr'><strong>Symbolo</strong></span> <span class='ocrx_word' id='word_1_513' title='bbox 2626 2968 2767 3024; x_wconf 80' lang='lat' dir='ltr'><strong>facta</strong></span> <span class='ocrx_word' id='word_1_514' title='bbox 2825 2971 3208 3026; x_wconf 83' lang='lat' dir='ltr'><strong>innovatione.</strong></span> <span class='ocrx_word' id='word_1_515' title='bbox 3266 2970 3332 3026; x_wconf 87' lang='lat' dir='ltr'><strong>Et</strong></span> <span class='ocrx_word' id='word_1_516' title='bbox 3386 2973 3604 3040; x_wconf 80' lang='lat' dir='ltr'><strong>quidem</strong></span> 
     </span>
    </p>
   </div>
   <div class='ocr_carea' id='block_1_74' title="bbox 2022 3060 3609 3131">
    <p class='ocr_par' dir='ltr' id='par_1_74' title="bbox 2022 3060 3609 3131">
     <span class='ocr_line' id='line_1_74' title="bbox 2022 3060 3609 3131; baseline 0.001 -16"><span class='ocrx_word' id='word_1_517' title='bbox 2022 3060 2162 3115; x_wconf 85' lang='lat' dir='ltr'><strong>bene</strong></span> <span class='ocrx_word' id='word_1_518' title='bbox 2193 3064 2368 3117; x_wconf 86' lang='lat' dir='ltr'><strong>nostis</strong></span> <span class='ocrx_word' id='word_1_519' title='bbox 2406 3078 2600 3117; x_wconf 90' lang='lat' dir='ltr'><strong>omnes</strong></span> <span class='ocrx_word' id='word_1_520' title='bbox 2650 3061 2980 3129; x_wconf 88' lang='lat' dir='ltr'><strong>peculiarem</strong></span> <span class='ocrx_word' id='word_1_521' title='bbox 3015 3077 3236 3118; x_wconf 83' lang='lat' dir='ltr'><strong>causam</strong></span> <span class='ocrx_word' id='word_1_522' title='bbox 3299 3077 3400 3116; x_wconf 87' lang='lat' dir='ltr'><strong>cur</strong></span> <span class='ocrx_word' id='word_1_523' title='bbox 3457 3072 3609 3131; x_wconf 83' lang='lat' dir='ltr'><strong>Opta-</strong></span> 
     </span>
    </p>
   </div>
   <div class='ocr_carea' id='block_1_75' title="bbox 2023 3153 3611 3225">
    <p class='ocr_par' dir='ltr' id='par_1_75' title="bbox 2023 3153 3611 3225">
     <span class='ocr_line' id='line_1_75' title="bbox 2023 3153 3611 3225; baseline 0.004 -18"><span class='ocrx_word' id='word_1_524' title='bbox 2023 3157 2286 3220; x_wconf 85' lang='lat' dir='ltr'><strong>verimus,</strong></span> <span class='ocrx_word' id='word_1_525' title='bbox 2312 3155 2609 3225; x_wconf 89' lang='lat' dir='ltr'><strong>multisque</strong></span> <span class='ocrx_word' id='word_1_526' title='bbox 2628 3156 2729 3210; x_wconf 91' lang='lat' dir='ltr'><strong>viis</strong></span> <span class='ocrx_word' id='word_1_527' title='bbox 2761 3153 3105 3209; x_wconf 82' lang='lat' dir='ltr'><strong>ellieiendum</strong></span> <span class='ocrx_word' id='word_1_528' title='bbox 3131 3158 3292 3211; x_wconf 76' lang='lat' dir='ltr'><strong>enixe</strong></span> <span class='ocrx_word' id='word_1_529' title='bbox 3326 3158 3611 3213; x_wconf 84' lang='lat' dir='ltr'><strong>curaveri-</strong></span> 
     </span>
    </p>
   </div>
   <div class='ocr_carea' id='block_1_76' title="bbox 1950 3250 3609 3343">
    <p class='ocr_par' dir='ltr' id='par_1_76' title="bbox 1950 3250 3609 3343">
     <span class='ocr_line' id='line_1_76' title="bbox 1950 3250 3609 3343; baseline 0.007 -44"><span class='ocrx_word' id='word_1_530' title='bbox 1950 3286 1993 3343; x_wconf 63' lang='grc' dir='ltr'>Ο</span> <span class='ocrx_word' id='word_1_531' title='bbox 2028 3263 2170 3313; x_wconf 76' lang='lat' dir='ltr'><strong>ntus,</strong></span> <span class='ocrx_word' id='word_1_532' title='bbox 2216 3250 2677 3343; x_wconf 84' lang='lat' dir='ltr'><strong>potissimumque</strong></span> <span class='ocrx_word' id='word_1_533' title='bbox 2728 3265 2899 3320; x_wconf 87' lang='lat' dir='ltr'><strong>prope</strong></span> <span class='ocrx_word' id='word_1_534' title='bbox 2954 3250 3113 3305; x_wconf 84' lang='lat' dir='ltr'><strong>linem</strong></span> <span class='ocrx_word' id='word_1_535' title='bbox 3166 3251 3609 3321; x_wconf 79' lang='lat' dir='ltr'><strong>perduxerimus.</strong></span> 
     </span>
    </p>
   </div>
   <div class='ocr_carea' id='block_1_77' title="bbox 2028 3337 3611 3407">
    <p class='ocr_par' dir='ltr' id='par_1_77' title="bbox 2028 3337 3611 3407">
     <span class='ocr_line' id='line_1_77' title="bbox 2028 3337 3611 3407; baseline 0.002 -16"><span class='ocrx_word' id='word_1_536' title='bbox 2028 3347 2087 3391; x_wconf 92' lang='lat' dir='ltr'><strong>ut</strong></span> <span class='ocrx_word' id='word_1_537' title='bbox 2114 3337 2292 3393; x_wconf 88' lang='lat' dir='ltr'><strong>media</strong></span> <span class='ocrx_word' id='word_1_538' title='bbox 2327 3349 2639 3407; x_wconf 83' lang='lat' dir='ltr'><strong>praeteream</strong></span> <span class='ocrx_word' id='word_1_539' title='bbox 2690 3340 2897 3404; x_wconf 87' lang='lat' dir='ltr'><strong>omnia,</strong></span> <span class='ocrx_word' id='word_1_540' title='bbox 2934 3339 3191 3395; x_wconf 76' lang='lat' dir='ltr'><strong>Ecclesiae</strong></span> <span class='ocrx_word' id='word_1_541' title='bbox 3237 3340 3438 3395; x_wconf 73' lang='lat' dir='ltr'><strong>Christi</strong></span> <span class='ocrx_word' id='word_1_542' title='bbox 3490 3341 3611 3394; x_wconf 37' lang='lat' dir='ltr'><strong>unis</strong></span> 
     </span>
    </p>
   </div>
   <div class='ocr_carea' id='block_1_78' title="bbox 2028 3430 3611 3502">
    <p class='ocr_par' dir='ltr' id='par_1_78' title="bbox 2028 3430 3611 3502">
     <span class='ocr_line' id='line_1_78' title="bbox 2028 3430 3611 3502; baseline 0.003 -19"><span class='ocrx_word' id='word_1_543' title='bbox 2028 3438 2215 3494; x_wconf 88' lang='lat' dir='ltr'><strong>tatem,</strong></span> <span class='ocrx_word' id='word_1_544' title='bbox 2242 3430 2516 3485; x_wconf 75' lang='lat' dir='ltr'><strong>exstitisse</strong></span> <span class='ocrx_word' id='word_1_545' title='bbox 2537 3431 2700 3495; x_wconf 87' lang='lat' dir='ltr'><strong>mala,</strong></span> <span class='ocrx_word' id='word_1_546' title='bbox 2733 3447 2855 3502; x_wconf 57' lang='lat' dir='ltr'><strong>qua}</strong></span> <span class='ocrx_word' id='word_1_547' title='bbox 2916 3431 3276 3487; x_wconf 79' lang='lat' dir='ltr'><strong>formidamus</strong></span> <span class='ocrx_word' id='word_1_548' title='bbox 3311 3433 3377 3487; x_wconf 86' lang='lat' dir='ltr'><strong>ab</strong></span> <span class='ocrx_word' id='word_1_549' title='bbox 3407 3433 3611 3502; x_wconf 80' lang='lat' dir='ltr'><strong>impiis.</strong></span> 
     </span>
    </p>
   </div>
   <div class='ocr_carea' id='block_1_79' title="bbox 2026 3523 3609 3592">
    <p class='ocr_par' dir='ltr' id='par_1_79' title="bbox 2026 3523 3609 3592">
     <span class='ocr_line' id='line_1_79' title="bbox 2026 3523 3609 3592; baseline 0 -13"><span class='ocrx_word' id='word_1_550' title='bbox 2026 3538 2223 3592; x_wconf 82' lang='lat' dir='ltr'><strong>resque</strong></span> <span class='ocrx_word' id='word_1_551' title='bbox 2259 3534 2476 3579; x_wconf 87' lang='lat' dir='ltr'><strong>nostras</strong></span> <span class='ocrx_word' id='word_1_552' title='bbox 2507 3523 2573 3579; x_wconf 85' lang='lat' dir='ltr'><strong>ad</strong></span> <span class='ocrx_word' id='word_1_553' title='bbox 2627 3533 2932 3579; x_wconf 67' lang='lat' dir='ltr'><strong>extremam</strong></span> <span class='ocrx_word' id='word_1_554' title='bbox 2998 3525 3248 3580; x_wconf 88' lang='lat' dir='ltr'><strong>redactas</strong></span> <span class='ocrx_word' id='word_1_555' title='bbox 3295 3525 3609 3591; x_wconf 80' lang='lat' dir='ltr'><strong>miseriam;</strong></span> 
     </span>
    </p>
   </div>
   <div class='ocr_carea' id='block_1_80' title="bbox 2028 3613 3613 3684">
    <p class='ocr_par' dir='ltr' id='par_1_80' title="bbox 2028 3613 3613 3684">
     <span class='ocr_line' id='line_1_80' title="bbox 2028 3613 3613 3684; baseline 0.002 -19"><span class='ocrx_word' id='word_1_556' title='bbox 2028 3613 2281 3681; x_wconf 76' lang='lat' dir='ltr'><strong>quamvis</strong></span> <span class='ocrx_word' id='word_1_557' title='bbox 2336 3614 2536 3667; x_wconf 87' lang='lat' dir='ltr'><strong>multas</strong></span> <span class='ocrx_word' id='word_1_558' title='bbox 2587 3613 2722 3669; x_wconf 84' lang='lat' dir='ltr'><strong>alias</strong></span> <span class='ocrx_word' id='word_1_559' title='bbox 2768 3616 2838 3668; x_wconf 89' lang='lat' dir='ltr'><strong>ob</strong></span> <span class='ocrx_word' id='word_1_560' title='bbox 2885 3630 3083 3670; x_wconf 88' lang='lat' dir='ltr'><strong>causas</strong></span> <span class='ocrx_word' id='word_1_561' title='bbox 3113 3627 3165 3669; x_wconf 93' lang='lat' dir='ltr'><strong>et</strong></span> <span class='ocrx_word' id='word_1_562' title='bbox 3195 3615 3468 3684; x_wconf 82' lang='lat' dir='ltr'><strong>aequiores</strong></span> <span class='ocrx_word' id='word_1_563' title='bbox 3529 3616 3613 3669; x_wconf 53' lang='lat' dir='ltr'><strong>di.</strong></span> 
     </span>
    </p>
   </div>
   <div class='ocr_carea' id='block_1_81' title="bbox 2030 3707 3612 3780">
    <p class='ocr_par' dir='ltr' id='par_1_81' title="bbox 2030 3707 3612 3780">
     <span class='ocr_line' id='line_1_81' title="bbox 2030 3707 3612 3780; baseline 0.001 -22"><span class='ocrx_word' id='word_1_564' title='bbox 2030 3722 2212 3775; x_wconf 75' lang='lat' dir='ltr'><strong>gnam,</strong></span> <span class='ocrx_word' id='word_1_565' title='bbox 2248 3722 2370 3775; x_wconf 79' lang='lat' dir='ltr'><strong>qua:</strong></span> <span class='ocrx_word' id='word_1_566' title='bbox 2395 3707 2463 3759; x_wconf 88' lang='lat' dir='ltr'><strong>ab</strong></span> <span class='ocrx_word' id='word_1_567' title='bbox 2521 3708 2778 3761; x_wconf 81' lang='lat' dir='ltr'><strong>omnibus</strong></span> <span class='ocrx_word' id='word_1_568' title='bbox 2830 3718 3147 3776; x_wconf 78' lang='lat' dir='ltr'><strong>expetatur.</strong></span> <span class='ocrx_word' id='word_1_569' title='bbox 3199 3707 3426 3779; x_wconf 85' lang='lat' dir='ltr'><strong>Oportet</strong></span> <span class='ocrx_word' id='word_1_570' title='bbox 3482 3726 3612 3780; x_wconf 74' lang='lat' dir='ltr'><strong>ergo</strong></span> 
     </span>
    </p>
   </div>
   <div class='ocr_carea' id='block_1_82' title="bbox 2029 3796 3618 3869">
    <p class='ocr_par' dir='ltr' id='par_1_82' title="bbox 2029 3796 3618 3869">
     <span class='ocr_line' id='line_1_82' title="bbox 2029 3796 3618 3869; baseline 0.005 -18"><span class='ocrx_word' id='word_1_571' title='bbox 2029 3796 2366 3869; x_wconf 84' lang='lat' dir='ltr'><strong>propositum</strong></span> <span class='ocrx_word' id='word_1_572' title='bbox 2421 3799 2708 3852; x_wconf 83' lang='lat' dir='ltr'><strong>consilium</strong></span> <span class='ocrx_word' id='word_1_573' title='bbox 2752 3814 3067 3869; x_wconf 87' lang='lat' dir='ltr'><strong>sequentes,</strong></span> <span class='ocrx_word' id='word_1_574' title='bbox 3101 3817 3223 3855; x_wconf 88' lang='lat' dir='ltr'><strong>cum</strong></span> <span class='ocrx_word' id='word_1_575' title='bbox 3278 3812 3335 3855; x_wconf 91' lang='lat' dir='ltr'><strong>et</strong></span> <span class='ocrx_word' id='word_1_576' title='bbox 3381 3801 3518 3867; x_wconf 81' lang='lat' dir='ltr'><strong>ﬁeri,</strong></span> <span class='ocrx_word' id='word_1_577' title='bbox 3558 3817 3618 3858; x_wconf 80' lang='lat' dir='ltr'><strong>et</strong></span> 
     </span>
    </p>
   </div>
   <div class='ocr_carea' id='block_1_83' title="bbox 2031 3888 3609 3963">
    <p class='ocr_par' dir='ltr' id='par_1_83' title="bbox 2031 3888 3609 3963">
     <span class='ocr_line' id='line_1_83' title="bbox 2031 3888 3609 3963; baseline 0.003 -21"><span class='ocrx_word' id='word_1_578' title='bbox 2031 3889 2263 3943; x_wconf 89' lang='lat' dir='ltr'><strong>honeste</strong></span> <span class='ocrx_word' id='word_1_579' title='bbox 2292 3888 2409 3943; x_wconf 80' lang='lat' dir='ltr'><strong>ﬁeri</strong></span> <span class='ocrx_word' id='word_1_580' title='bbox 2463 3890 2658 3958; x_wconf 87' lang='lat' dir='ltr'><strong>possit,</strong></span> <span class='ocrx_word' id='word_1_581' title='bbox 2709 3889 2776 3945; x_wconf 89' lang='lat' dir='ltr'><strong>ad</strong></span> <span class='ocrx_word' id='word_1_582' title='bbox 2817 3891 3024 3945; x_wconf 83' lang='lat' dir='ltr'><strong>exitum</strong></span> <span class='ocrx_word' id='word_1_583' title='bbox 3079 3891 3207 3946; x_wconf 88' lang='lat' dir='ltr'><strong>illud</strong></span> <span class='ocrx_word' id='word_1_584' title='bbox 3267 3895 3609 3963; x_wconf 86' lang='lat' dir='ltr'><strong>perducere:</strong></span> 
     </span>
    </p>
   </div>
   <div class='ocr_carea' id='block_1_84' title="bbox 2030 3980 3608 4051">
    <p class='ocr_par' dir='ltr' id='par_1_84' title="bbox 2030 3980 3608 4051">
     <span class='ocr_line' id='line_1_84' title="bbox 2030 3980 3608 4051; baseline 0.004 -18"><span class='ocrx_word' id='word_1_585' title='bbox 2030 3980 2272 4048; x_wconf 84' lang='lat' dir='ltr'><strong>alioquin</strong></span> <span class='ocrx_word' id='word_1_586' title='bbox 2323 3980 2567 4033; x_wconf 88' lang='lat' dir='ltr'><strong>omnium</strong></span> <span class='ocrx_word' id='word_1_587' title='bbox 2629 3981 2914 4035; x_wconf 87' lang='lat' dir='ltr'><strong>hominum</strong></span> <span class='ocrx_word' id='word_1_588' title='bbox 2969 3982 3235 4037; x_wconf 83' lang='lat' dir='ltr'><strong>levissimi</strong></span> <span class='ocrx_word' id='word_1_589' title='bbox 3274 3984 3608 4051; x_wconf 85' lang='lat' dir='ltr'><strong>videremur,</strong></span> 
     </span>
    </p>
   </div>
   <div class='ocr_carea' id='block_1_85' title="bbox 2030 4070 3609 4147">
    <p class='ocr_par' dir='ltr' id='par_1_85' title="bbox 2030 4070 3609 4147">
     <span class='ocr_line' id='line_1_85' title="bbox 2030 4070 3609 4147; baseline 0.004 -20"><span class='ocrx_word' id='word_1_590' title='bbox 2030 4070 2075 4127; x_wconf 84' lang='lat' dir='ltr'><strong>si</strong></span> <span class='ocrx_word' id='word_1_591' title='bbox 2111 4082 2330 4141; x_wconf 86' lang='lat' dir='ltr'><strong>propter</strong></span> <span class='ocrx_word' id='word_1_592' title='bbox 2354 4072 2486 4126; x_wconf 89' lang='lat' dir='ltr'><strong>illud</strong></span> <span class='ocrx_word' id='word_1_593' title='bbox 2517 4074 2687 4127; x_wconf 90' lang='lat' dir='ltr'><strong>multa</strong></span> <span class='ocrx_word' id='word_1_594' title='bbox 2735 4074 2997 4143; x_wconf 81' lang='lat' dir='ltr'><strong>perpessi,</strong></span> <span class='ocrx_word' id='word_1_595' title='bbox 3049 4076 3455 4147; x_wconf 89' lang='lat' dir='ltr'><strong>multorumque</strong></span> <span class='ocrx_word' id='word_1_596' title='bbox 3509 4080 3609 4133; x_wconf 85' lang='lat' dir='ltr'><strong>bo-</strong></span> 
     </span>
    </p>
   </div>
   <div class='ocr_carea' id='block_1_86' title="bbox 2030 4163 3610 4235">
    <p class='ocr_par' dir='ltr' id='par_1_86' title="bbox 2030 4163 3610 4235">
     <span class='ocr_line' id='line_1_86' title="bbox 2030 4163 3610 4235; baseline 0.004 -17"><span class='ocrx_word' id='word_1_597' title='bbox 2030 4180 2227 4219; x_wconf 89' lang='lat' dir='ltr'><strong>norum</strong></span> <span class='ocrx_word' id='word_1_598' title='bbox 2256 4178 2352 4233; x_wconf 90' lang='lat' dir='ltr'><strong>spe</strong></span> <span class='ocrx_word' id='word_1_599' title='bbox 2372 4163 2518 4219; x_wconf 89' lang='lat' dir='ltr'><strong>ducti</strong></span> <span class='ocrx_word' id='word_1_600' title='bbox 2542 4181 2555 4229; x_wconf 94' lang='lat'>;</span> <span class='ocrx_word' id='word_1_601' title='bbox 2580 4172 2633 4220; x_wconf 90' lang='lat' dir='ltr'><strong>et</strong></span> <span class='ocrx_word' id='word_1_602' title='bbox 2657 4179 2848 4220; x_wconf 89' lang='lat' dir='ltr'><strong>omnes</strong></span> <span class='ocrx_word' id='word_1_603' title='bbox 2872 4181 2971 4235; x_wconf 89' lang='lat' dir='ltr'><strong>pro</strong></span> <span class='ocrx_word' id='word_1_604' title='bbox 2995 4175 3145 4221; x_wconf 88' lang='lat' dir='ltr'><strong>certo</strong></span> <span class='ocrx_word' id='word_1_605' title='bbox 3183 4168 3438 4224; x_wconf 80' lang='lat' dir='ltr'><strong>habentes</strong></span> <span class='ocrx_word' id='word_1_606' title='bbox 3469 4169 3610 4235; x_wconf 80' lang='lat' dir='ltr'><strong>fore,</strong></span> 
     </span>
    </p>
   </div>
   <div class='ocr_carea' id='block_1_87' title="bbox 2031 4257 3671 4329">
    <p class='ocr_par' dir='ltr' id='par_1_87' title="bbox 2031 4257 3671 4329">
     <span class='ocr_line' id='line_1_87' title="bbox 2031 4257 3671 4329; baseline 0.001 -17"><span class='ocrx_word' id='word_1_607' title='bbox 2031 4267 2091 4312; x_wconf 92' lang='lat' dir='ltr'><strong>ut</strong></span> <span class='ocrx_word' id='word_1_608' title='bbox 2117 4257 2438 4312; x_wconf 81' lang='lat' dir='ltr'><strong>conﬁrmato</strong></span> <span class='ocrx_word' id='word_1_609' title='bbox 2488 4257 2783 4312; x_wconf 88' lang='lat' dir='ltr'><strong>schismate</strong></span> <span class='ocrx_word' id='word_1_610' title='bbox 2822 4258 2999 4327; x_wconf 86' lang='lat' dir='ltr'><strong>major</strong></span> <span class='ocrx_word' id='word_1_611' title='bbox 3035 4260 3290 4314; x_wconf 88' lang='lat' dir='ltr'><strong>cumulus</strong></span> <span class='ocrx_word' id='word_1_612' title='bbox 3337 4262 3606 4317; x_wconf 88' lang='lat' dir='ltr'><strong>malorum</strong></span> <span class='ocrx_word' id='word_1_613' title='bbox 3662 4310 3671 4329; x_wconf 62' lang='lat'><strong>,</strong></span> 
     </span>
    </p>
   </div>
   <div class='ocr_carea' id='block_1_88' title="bbox 2030 4349 3605 4421">
    <p class='ocr_par' dir='ltr' id='par_1_88' title="bbox 2030 4349 3605 4421">
     <span class='ocr_line' id='line_1_88' title="bbox 2030 4349 3605 4421; baseline 0.003 -18"><span class='ocrx_word' id='word_1_614' title='bbox 2030 4350 2289 4415; x_wconf 88' lang='lat' dir='ltr'><strong>accedat;</strong></span> <span class='ocrx_word' id='word_1_615' title='bbox 2333 4349 2475 4404; x_wconf 89' lang='lat' dir='ltr'><strong>velut</strong></span> <span class='ocrx_word' id='word_1_616' title='bbox 2510 4349 2627 4403; x_wconf 76' lang='lat' dir='ltr'><strong>haec</strong></span> <span class='ocrx_word' id='word_1_617' title='bbox 2659 4352 2842 4404; x_wconf 79' lang='lat' dir='ltr'><strong>omnia</strong></span> <span class='ocrx_word' id='word_1_618' title='bbox 2872 4352 3051 4416; x_wconf 86' lang='lat' dir='ltr'><strong>obliti,</strong></span> <span class='ocrx_word' id='word_1_619' title='bbox 3085 4353 3291 4416; x_wconf 68' lang='lat' dir='ltr'><strong>vacuis.</strong></span> <span class='ocrx_word' id='word_1_620' title='bbox 3334 4363 3393 4407; x_wconf 90' lang='lat' dir='ltr'><strong>ut</strong></span> <span class='ocrx_word' id='word_1_621' title='bbox 3429 4355 3605 4421; x_wconf 88' lang='lat' dir='ltr'><strong>aiunt,</strong></span> 
     </span>
    </p>
   </div>
   <div class='ocr_carea' id='block_1_89' title="bbox 2032 4440 3609 4513">
    <p class='ocr_par' dir='ltr' id='par_1_89' title="bbox 2032 4440 3609 4513">
     <span class='ocr_line' id='line_1_89' title="bbox 2032 4440 3609 4513; baseline 0.003 -17"><span class='ocrx_word' id='word_1_622' title='bbox 2032 4440 2306 4508; x_wconf 88' lang='lat' dir='ltr'><strong>manibus,</strong></span> <span class='ocrx_word' id='word_1_623' title='bbox 2329 4456 2388 4497; x_wconf 88' lang='lat' dir='ltr'><strong>re</strong></span> <span class='ocrx_word' id='word_1_624' title='bbox 2410 4441 2609 4496; x_wconf 85' lang='lat' dir='ltr'><strong>inlecta</strong></span> <span class='ocrx_word' id='word_1_625' title='bbox 2634 4441 2979 4498; x_wconf 86' lang='lat' dir='ltr'><strong>rediremus:</strong></span> <span class='ocrx_word' id='word_1_626' title='bbox 3017 4443 3178 4513; x_wconf 82' lang='lat' dir='ltr'><strong>idque</strong></span> <span class='ocrx_word' id='word_1_627' title='bbox 3207 4460 3331 4500; x_wconf 89' lang='lat' dir='ltr'><strong>cum</strong></span> <span class='ocrx_word' id='word_1_628' title='bbox 3391 4463 3478 4502; x_wconf 86' lang='lat' dir='ltr'><strong>res</strong></span> <span class='ocrx_word' id='word_1_629' title='bbox 3538 4451 3609 4503; x_wconf 83' lang='lat' dir='ltr'><strong>sit</strong></span> 
     </span>
    </p>
   </div>
   <div class='ocr_carea' id='block_1_90' title="bbox 2033 4534 3613 4607">
    <p class='ocr_par' dir='ltr' id='par_1_90' title="bbox 2033 4534 3613 4607">
     <span class='ocr_line' id='line_1_90' title="bbox 2033 4534 3613 4607; baseline 0.006 -19"><span class='ocrx_word' id='word_1_630' title='bbox 2033 4535 2170 4590; x_wconf 90' lang='lat' dir='ltr'><strong>adeo</strong></span> <span class='ocrx_word' id='word_1_631' title='bbox 2195 4534 2395 4589; x_wconf 88' lang='lat' dir='ltr'><strong>decora</strong></span> <span class='ocrx_word' id='word_1_632' title='bbox 2426 4541 2480 4589; x_wconf 89' lang='lat' dir='ltr'><strong>et</strong></span> <span class='ocrx_word' id='word_1_633' title='bbox 2544 4534 2742 4599; x_wconf 81' lang='lat' dir='ltr'><strong>facilis,</strong></span> <span class='ocrx_word' id='word_1_634' title='bbox 2783 4535 3031 4605; x_wconf 83' lang='lat' dir='ltr'><strong>nihilque</strong></span> <span class='ocrx_word' id='word_1_635' title='bbox 3101 4538 3171 4605; x_wconf 85' lang='lat' dir='ltr'><strong>sit</strong></span> <span class='ocrx_word' id='word_1_636' title='bbox 3197 4538 3367 4607; x_wconf 86' lang='lat' dir='ltr'><strong>quod,</strong></span> <span class='ocrx_word' id='word_1_637' title='bbox 3404 4556 3471 4595; x_wconf 88' lang='lat' dir='ltr'><strong>ne</strong></span> <span class='ocrx_word' id='word_1_638' title='bbox 3524 4544 3613 4597; x_wconf 83' lang='lat' dir='ltr'><strong>illa</strong></span> 
     </span>
    </p>
   </div>
   <div class='ocr_carea' id='block_1_91' title="bbox 356 4623 1918 4701">
    <p class='ocr_par' dir='ltr' id='par_1_91' title="bbox 356 4626 1918 4701">
     <span class='ocr_line' id='line_1_91' title="bbox 356 4626 1918 4701; baseline -0.004 -18"><span class='ocrx_word' id='word_1_639' title='bbox 356 4630 516 4684; x_wconf 77' lang='grc' dir='ltr'>τοῦτο</span> <span class='ocrx_word' id='word_1_640' title='bbox 548 4631 1008 4701; x_wconf 78' lang='grc' dir='ltr'>προσισταμένου.</span> <span class='ocrx_word' id='word_1_641' title='bbox 1060 4629 1193 4684; x_wconf 78' lang='grc' dir='ltr'><strong>Οὐδὲ</strong></span> <span class='ocrx_word' id='word_1_642' title='bbox 1225 4627 1515 4698; x_wconf 83' lang='grc' dir='ltr'>προσέχειν</span> <span class='ocrx_word' id='word_1_643' title='bbox 1560 4627 1641 4679; x_wconf 84' lang='grc' dir='ltr'><strong>δεῖ</strong></span> <span class='ocrx_word' id='word_1_644' title='bbox 1670 4626 1783 4686; x_wconf 82' lang='grc' dir='ltr'>τοῖς</span> <span class='ocrx_word' id='word_1_645' title='bbox 1818 4640 1918 4692; x_wconf 87' lang='grc' dir='ltr'>μη-</span> 
     </span>
    </p>
   </div>
   <div class='ocr_carea' id='block_1_92' title="bbox 2023 4623 3611 4701">
    <p class='ocr_par' dir='ltr' id='par_1_92' title="bbox 2038 4628 3611 4699">
     <span class='ocr_line' id='line_1_92' title="bbox 2038 4628 3611 4699; baseline 0.004 -17"><span class='ocrx_word' id='word_1_646' title='bbox 2038 4637 2348 4699; x_wconf 83' lang='lat' dir='ltr'><strong>peragatur,</strong></span> <span class='ocrx_word' id='word_1_647' title='bbox 2387 4628 2545 4683; x_wconf 89' lang='lat' dir='ltr'><strong>nobis</strong></span> <span class='ocrx_word' id='word_1_648' title='bbox 2579 4629 2774 4682; x_wconf 89' lang='lat' dir='ltr'><strong>merito</strong></span> <span class='ocrx_word' id='word_1_649' title='bbox 2799 4629 3000 4683; x_wconf 89' lang='lat' dir='ltr'><strong>obstet.</strong></span> <span class='ocrx_word' id='word_1_650' title='bbox 3034 4629 3145 4686; x_wconf 88' lang='lat' dir='ltr'><strong>Nec</strong></span> <span class='ocrx_word' id='word_1_651' title='bbox 3199 4647 3329 4687; x_wconf 74' lang='lat' dir='ltr'><strong>vero</strong></span> <span class='ocrx_word' id='word_1_652' title='bbox 3354 4634 3611 4690; x_wconf 79' lang='lat' dir='ltr'><strong>audiendi</strong></span> 
     </span>
    </p>
   </div>
   <div class='ocr_carea' id='block_1_93' title="bbox 356 4714 1927 4796">
    <p class='ocr_par' dir='ltr' id='par_1_93' title="bbox 356 4714 1927 4796">
     <span class='ocr_line' id='line_1_93' title="bbox 356 4714 1927 4796; baseline -0.006 -20"><span class='ocrx_word' id='word_1_653' title='bbox 356 4724 446 4776; x_wconf 69' lang='grc' dir='ltr'><strong>δέν</strong></span> <span class='ocrx_word' id='word_1_654' title='bbox 470 4724 670 4791; x_wconf 83' lang='grc' dir='ltr'>ἀγαθὸν</span> <span class='ocrx_word' id='word_1_655' title='bbox 700 4727 829 4796; x_wconf 73' lang='grc' dir='ltr'>ἡμῖν</span> <span class='ocrx_word' id='word_1_656' title='bbox 859 4724 923 4776; x_wconf 83' lang='grc' dir='ltr'>ἐκ</span> <span class='ocrx_word' id='word_1_657' title='bbox 944 4725 1043 4790; x_wconf 80' lang='grc' dir='ltr'>τῆς</span> <span class='ocrx_word' id='word_1_658' title='bbox 1066 4721 1313 4783; x_wconf 71' lang='grc' dir='ltr'>ὲνώσεως</span> <span class='ocrx_word' id='word_1_659' title='bbox 1342 4721 1595 4787; x_wconf 88' lang='grc' dir='ltr'>λέγουσιν</span> <span class='ocrx_word' id='word_1_660' title='bbox 1620 4715 1796 4788; x_wconf 75' lang='grc' dir='ltr'>ἥξειν’</span> <span class='ocrx_word' id='word_1_661' title='bbox 1831 4714 1927 4767; x_wconf 74' lang='grc' dir='ltr'><strong>καὶ</strong></span> 
     </span>
    </p>
   </div>
   <div class='ocr_carea' id='block_1_94' title="bbox 356 4804 1929 4885">
    <p class='ocr_par' dir='ltr' id='par_1_94' title="bbox 356 4804 1929 4885">
     <span class='ocr_line' id='line_1_94' title="bbox 356 4804 1929 4885; baseline -0.006 -18"><span class='ocrx_word' id='word_1_662' title='bbox 356 4815 545 4867; x_wconf 82' lang='grc' dir='ltr'>τούτου</span> <span class='ocrx_word' id='word_1_663' title='bbox 572 4816 843 4885; x_wconf 78' lang='grc' dir='ltr'>πρόφασιν</span> <span class='ocrx_word' id='word_1_664' title='bbox 864 4815 1129 4882; x_wconf 78' lang='grc' dir='ltr'>οἰομένοις</span> <span class='ocrx_word' id='word_1_665' title='bbox 1149 4814 1292 4881; x_wconf 78' lang='grc' dir='ltr'>ἔχειν</span> <span class='ocrx_word' id='word_1_666' title='bbox 1324 4809 1621 4881; x_wconf 63' lang='grc' dir='ltr'>ἀρκοῦσαν,</span> <span class='ocrx_word' id='word_1_667' title='bbox 1652 4809 1718 4861; x_wconf 75' lang='grc' dir='ltr'><strong>τά</strong></span> <span class='ocrx_word' id='word_1_668' title='bbox 1740 4823 1797 4858; x_wconf 87' lang='grc' dir='ltr'><strong>τε</strong></span> <span class='ocrx_word' id='word_1_669' title='bbox 1819 4804 1929 4857; x_wconf 87' lang='grc' dir='ltr'><strong>τῶν</strong></span> 
     </span>
    </p>
   </div>
   <div class='ocr_carea' id='block_1_95' title="bbox 359 4894 1929 4973">
    <p class='ocr_par' dir='ltr' id='par_1_95' title="bbox 359 4894 1929 4973">
     <span class='ocr_line' id='line_1_95' title="bbox 359 4894 1929 4973; baseline -0.006 -18"><span class='ocrx_word' id='word_1_670' title='bbox 359 4902 603 4956; x_wconf 81' lang='grc' dir='ltr'>Λατίνων</span> <span class='ocrx_word' id='word_1_671' title='bbox 633 4905 763 4973; x_wconf 75' lang='grc' dir='ltr'>γένη</span> <span class='ocrx_word' id='word_1_672' title='bbox 783 4906 849 4972; x_wconf 80' lang='grc' dir='ltr'>τῇ</span> <span class='ocrx_word' id='word_1_673' title='bbox 877 4902 996 4957; x_wconf 77' lang='grc' dir='ltr'>κατ’</span> <span class='ocrx_word' id='word_1_674' title='bbox 1028 4901 1274 4971; x_wconf 78' lang='grc' dir='ltr'>ἀλλήλων</span> <span class='ocrx_word' id='word_1_675' title='bbox 1303 4901 1451 4970; x_wconf 82' lang='grc' dir='ltr'>μάχῃ</span> <span class='ocrx_word' id='word_1_676' title='bbox 1475 4897 1810 4968; x_wconf 80' lang='grc' dir='ltr'>φθειρόμενα</span> <span class='ocrx_word' id='word_1_677' title='bbox 1832 4894 1929 4948; x_wconf 66' lang='grc' dir='ltr'>καὶ</span> 
     </span>
    </p>
   </div>
   <div class='ocr_carea' id='block_1_96' title="bbox 360 4984 1928 5064">
    <p class='ocr_par' dir='ltr' id='par_1_96' title="bbox 360 4984 1928 5064">
     <span class='ocr_line' id='line_1_96' title="bbox 360 4984 1928 5064; baseline -0.006 -16"><span class='ocrx_word' id='word_1_678' title='bbox 360 4999 475 5058; x_wconf 87' lang='grc' dir='ltr'>ταῖς</span> <span class='ocrx_word' id='word_1_679' title='bbox 520 4995 747 5058; x_wconf 72' lang='grc' dir='ltr'>οἰκείαις</span> <span class='ocrx_word' id='word_1_680' title='bbox 809 4996 1150 5064; x_wconf 77' lang='grc' dir='ltr'>προσέχοντα</span> <span class='ocrx_word' id='word_1_681' title='bbox 1202 4995 1538 5063; x_wconf 73' lang='grc' dir='ltr'>συμφοραῖς,</span> <span class='ocrx_word' id='word_1_682' title='bbox 1594 4991 1688 5043; x_wconf 74' lang='grc' dir='ltr'><strong>καὶ</strong></span> <span class='ocrx_word' id='word_1_683' title='bbox 1718 4988 1787 5041; x_wconf 82' lang='grc' dir='ltr'><strong>τά</strong></span> <span class='ocrx_word' id='word_1_684' title='bbox 1833 4984 1928 5040; x_wconf 79' lang='grc' dir='ltr'>τοῦ</span> 
     </span>
    </p>
   </div>
   <div class='ocr_carea' id='block_1_97' title="bbox 359 5074 1928 5158">
    <p class='ocr_par' dir='ltr' id='par_1_97' title="bbox 359 5074 1928 5158">
     <span class='ocr_line' id='line_1_97' title="bbox 359 5074 1928 5158; baseline -0.006 -17"><span class='ocrx_word' id='word_1_685' title='bbox 359 5093 559 5141; x_wconf 73' lang='grc' dir='ltr'>πάππα</span> <span class='ocrx_word' id='word_1_686' title='bbox 594 5088 894 5158; x_wconf 82' lang='grc' dir='ltr'>πράγματα</span> <span class='ocrx_word' id='word_1_687' title='bbox 920 5086 1073 5150; x_wconf 75' lang='grc' dir='ltr'>τάξιν</span> <span class='ocrx_word' id='word_1_688' title='bbox 1104 5074 1257 5138; x_wconf 74' lang='grc' dir='ltr'>οὔπω</span> <span class='ocrx_word' id='word_1_689' title='bbox 1280 5083 1513 5137; x_wconf 73' lang='grc' dir='ltr'>λαϐόντα</span> <span class='ocrx_word' id='word_1_690' title='bbox 1553 5076 1646 5135; x_wconf 74' lang='grc' dir='ltr'>καὶ</span> <span class='ocrx_word' id='word_1_691' title='bbox 1676 5080 1928 5149; x_wconf 86' lang='grc' dir='ltr'>δύναμιν,</span> 
     </span>
    </p>
   </div>
   <div class='ocr_carea' id='block_1_98' title="bbox 361 5172 1930 5245">
    <p class='ocr_par' dir='ltr' id='par_1_98' title="bbox 361 5172 1930 5245">
     <span class='ocr_line' id='line_1_98' title="bbox 361 5172 1930 5245; baseline -0.006 -12"><span class='ocrx_word' id='word_1_692' title='bbox 361 5181 473 5233; x_wconf 84' lang='grc' dir='ltr'>ἀλλ’</span> <span class='ocrx_word' id='word_1_693' title='bbox 504 5178 832 5232; x_wconf 66' lang='grc' dir='ltr'>ἀσθενοῦντα</span> <span class='ocrx_word' id='word_1_694' title='bbox 865 5177 960 5230; x_wconf 77' lang='grc' dir='ltr'>καὶ</span> <span class='ocrx_word' id='word_1_695' title='bbox 989 5175 1325 5245; x_wconf 79' lang='grc' dir='ltr'>πολλαχόθεν</span> <span class='ocrx_word' id='word_1_696' title='bbox 1357 5172 1540 5244; x_wconf 60' lang='grc' dir='ltr'>ἀκμὴν</span> <span class='ocrx_word' id='word_1_697' title='bbox 1573 5172 1930 5225; x_wconf 74' lang='grc' dir='ltr'>ἐπιϐουλευόο</span> 
     </span>
    </p>
   </div>
   <div class='ocr_carea' id='block_1_99' title="bbox 364 5264 1930 5341">
    <p class='ocr_par' dir='ltr' id='par_1_99' title="bbox 364 5264 1930 5341">
     <span class='ocr_line' id='line_1_99' title="bbox 364 5264 1930 5341; baseline -0.007 -17"><span class='ocrx_word' id='word_1_698' title='bbox 364 5290 521 5341; x_wconf 86' lang='grc' dir='ltr'>μενα.</span> <span class='ocrx_word' id='word_1_699' title='bbox 556 5272 720 5324; x_wconf 78' lang='grc' dir='ltr'>’Λνευ</span> <span class='ocrx_word' id='word_1_700' title='bbox 752 5272 859 5340; x_wconf 76' lang='grc' dir='ltr'><strong>γὰρ</strong></span> <span class='ocrx_word' id='word_1_701' title='bbox 913 5271 1010 5335; x_wconf 84' lang='grc' dir='ltr'>τῆς</span> <span class='ocrx_word' id='word_1_702' title='bbox 1041 5268 1207 5338; x_wconf 80' lang='grc' dir='ltr'>ἄλλης</span> <span class='ocrx_word' id='word_1_703' title='bbox 1261 5266 1528 5334; x_wconf 69' lang='grc' dir='ltr'>ὠφελείας</span> <span class='ocrx_word' id='word_1_704' title='bbox 1587 5265 1828 5335; x_wconf 83' lang='grc' dir='ltr'>ἀπάσης,</span> <span class='ocrx_word' id='word_1_705' title='bbox 1864 5264 1930 5333; x_wconf 81' lang='grc' dir='ltr'>ἦν</span> 
     </span>
    </p>
   </div>
   <div class='ocr_carea' id='block_1_100' title="bbox 359 5357 1931 5434">
    <p class='ocr_par' dir='ltr' id='par_1_100' title="bbox 359 5357 1931 5434">
     <span class='ocr_line' id='line_1_100' title="bbox 359 5357 1931 5434; baseline -0.006 -16"><span class='ocrx_word' id='word_1_706' title='bbox 359 5367 386 5418; x_wconf 89' lang='grc' dir='ltr'>ὅ</span> <span class='ocrx_word' id='word_1_707' title='bbox 409 5381 466 5418; x_wconf 89' lang='grc' dir='ltr'><strong>τε</strong></span> <span class='ocrx_word' id='word_1_708' title='bbox 499 5365 726 5427; x_wconf 81' lang='grc' dir='ltr'>πάππας</span> <span class='ocrx_word' id='word_1_709' title='bbox 760 5365 893 5434; x_wconf 80' lang='grc' dir='ltr'>ἡμῖν</span> <span class='ocrx_word' id='word_1_710' title='bbox 927 5362 1023 5416; x_wconf 78' lang='grc' dir='ltr'>καὶ</span> <span class='ocrx_word' id='word_1_711' title='bbox 1056 5363 1123 5415; x_wconf 70' lang='grc' dir='ltr'><strong>τὰ</strong></span> <span class='ocrx_word' id='word_1_712' title='bbox 1151 5361 1317 5413; x_wconf 82' lang='grc' dir='ltr'>λοιπά</span> <span class='ocrx_word' id='word_1_713' title='bbox 1358 5360 1468 5413; x_wconf 85' lang='grc' dir='ltr'><strong>τῶν</strong></span> <span class='ocrx_word' id='word_1_714' title='bbox 1493 5358 1741 5413; x_wconf 85' lang='grc' dir='ltr'>Λατίνων</span> <span class='ocrx_word' id='word_1_715' title='bbox 1777 5357 1931 5426; x_wconf 83' lang='grc' dir='ltr'>έθνη,</span> 
     </span>
    </p>
   </div>
   <div class='ocr_carea' id='block_1_101' title="bbox 360 5448 1931 5527">
    <p class='ocr_par' dir='ltr' id='par_1_101' title="bbox 360 5448 1931 5527">
     <span class='ocr_line' id='line_1_101' title="bbox 360 5448 1931 5527; baseline -0.004 -18"><span class='ocrx_word' id='word_1_716' title='bbox 360 5456 451 5509; x_wconf 74' lang='grc' dir='ltr'><strong>καὶ</strong></span> <span class='ocrx_word' id='word_1_717' title='bbox 481 5456 588 5509; x_wconf 89' lang='grc' dir='ltr'><strong>τῶν</strong></span> <span class='ocrx_word' id='word_1_718' title='bbox 616 5457 957 5527; x_wconf 84' lang='grc' dir='ltr'>πραγμάτων</span> <span class='ocrx_word' id='word_1_719' title='bbox 981 5450 1123 5508; x_wconf 78' lang='grc' dir='ltr'>οὕτω</span> <span class='ocrx_word' id='word_1_720' title='bbox 1154 5455 1339 5523; x_wconf 65' lang='grc' dir='ltr'>σφίσιν</span> <span class='ocrx_word' id='word_1_721' title='bbox 1382 5452 1640 5523; x_wconf 79' lang='grc' dir='ltr'>ἐχόντων,</span> <span class='ocrx_word' id='word_1_722' title='bbox 1668 5448 1931 5521; x_wconf 79' lang='grc' dir='ltr'>παρέξον-</span> 
     </span>
    </p>
   </div>
   <div class='ocr_carea' id='block_1_102' title="bbox 358 5545 1932 5621">
    <p class='ocr_par' dir='ltr' id='par_1_102' title="bbox 358 5545 1932 5621">
     <span class='ocr_line' id='line_1_102' title="bbox 358 5545 1932 5621; baseline 0 -17"><span class='ocrx_word' id='word_1_723' title='bbox 358 5568 469 5604; x_wconf 82' lang='grc' dir='ltr'>ται·</span> <span class='ocrx_word' id='word_1_724' title='bbox 501 5551 561 5603; x_wconf 80' lang='grc' dir='ltr'><strong>τὸ</strong></span> <span class='ocrx_word' id='word_1_725' title='bbox 591 5555 699 5621; x_wconf 66' lang='grc' dir='ltr'><strong>γὰρ</strong></span> <span class='ocrx_word' id='word_1_726' title='bbox 724 5552 997 5620; x_wconf 73' lang='grc' dir='ltr'>ἡμέτερον</span> <span class='ocrx_word' id='word_1_727' title='bbox 1026 5549 1207 5618; x_wconf 82' lang='grc' dir='ltr'>ὀλίγον</span> <span class='ocrx_word' id='word_1_728' title='bbox 1237 5547 1318 5611; x_wconf 81' lang='grc' dir='ltr'>ὃν,</span> <span class='ocrx_word' id='word_1_729' title='bbox 1349 5548 1424 5611; x_wconf 85' lang='grc' dir='ltr'>ὠς</span> <span class='ocrx_word' id='word_1_730' title='bbox 1462 5547 1555 5601; x_wconf 78' lang='grc' dir='ltr'><strong>καὶ</strong></span> <span class='ocrx_word' id='word_1_731' title='bbox 1602 5545 1759 5615; x_wconf 78' lang='grc' dir='ltr'>ὑμεῖς</span> <span class='ocrx_word' id='word_1_732' title='bbox 1795 5545 1932 5604; x_wconf 77' lang='grc' dir='ltr'>ἴστε.</span> 
     </span>
    </p>
   </div>
   <div class='ocr_carea' id='block_1_103' title="bbox 358 5635 1931 5715">
    <p class='ocr_par' dir='ltr' id='par_1_103' title="bbox 358 5635 1931 5715">
     <span class='ocr_line' id='line_1_103' title="bbox 358 5635 1931 5715; baseline -0.007 -18"><span class='ocrx_word' id='word_1_733' title='bbox 358 5644 681 5715; x_wconf 74' lang='grc' dir='ltr'>δυσχέρειαν</span> <span class='ocrx_word' id='word_1_734' title='bbox 729 5644 914 5705; x_wconf 71' lang='grc' dir='ltr'>αὐτοῖς</span> <span class='ocrx_word' id='word_1_735' title='bbox 968 5643 1031 5695; x_wconf 85' lang='grc' dir='ltr'><strong>ού</strong></span> <span class='ocrx_word' id='word_1_736' title='bbox 1089 5641 1335 5712; x_wconf 87' lang='grc' dir='ltr'>μεγάλην</span> <span class='ocrx_word' id='word_1_737' title='bbox 1394 5635 1578 5710; x_wconf 85' lang='grc' dir='ltr'>μέλλει</span> <span class='ocrx_word' id='word_1_738' title='bbox 1625 5636 1887 5707; x_wconf 79' lang='grc' dir='ltr'>παρέχειν</span> <span class='ocrx_word' id='word_1_739' title='bbox 1917 5642 1931 5664; x_wconf 68' lang='grc' dir='ltr'><em>δ</em></span> 
     </span>
    </p>
   </div>
   <div class='ocr_carea' id='block_1_104' title="bbox 359 5727 1934 5806">
    <p class='ocr_par' dir='ltr' id='par_1_104' title="bbox 359 5727 1934 5806">
     <span class='ocr_line' id='line_1_104' title="bbox 359 5727 1934 5806; baseline -0.006 -18"><span class='ocrx_word' id='word_1_740' title='bbox 359 5736 496 5797; x_wconf 88' lang='grc' dir='ltr'>τέως</span> <span class='ocrx_word' id='word_1_741' title='bbox 525 5736 631 5806; x_wconf 85' lang='grc' dir='ltr'>γὰρ</span> <span class='ocrx_word' id='word_1_742' title='bbox 661 5732 961 5801; x_wconf 67' lang='grc' dir='ltr'>ἀσφαλείας</span> <span class='ocrx_word' id='word_1_743' title='bbox 995 5733 1162 5804; x_wconf 69' lang='grc' dir='ltr'>μόνης</span> <span class='ocrx_word' id='word_1_744' title='bbox 1185 5733 1278 5784; x_wconf 70' lang='grc' dir='ltr'><strong>καὶ</strong></span> <span class='ocrx_word' id='word_1_745' title='bbox 1311 5727 1406 5783; x_wconf 72' lang='grc' dir='ltr'>τοῦ</span> <span class='ocrx_word' id='word_1_746' title='bbox 1443 5728 1518 5800; x_wconf 81' lang='grc' dir='ltr'>μὴ</span> <span class='ocrx_word' id='word_1_747' title='bbox 1549 5728 1779 5783; x_wconf 86' lang='grc' dir='ltr'>δεδιέναι</span> <span class='ocrx_word' id='word_1_748' title='bbox 1807 5728 1934 5789; x_wconf 67' lang='grc' dir='ltr'>τοὺς</span> 
     </span>
    </p>
   </div>
   <div class='ocr_carea' id='block_1_105' title="bbox 361 5818 1935 5898">
    <p class='ocr_par' dir='ltr' id='par_1_105' title="bbox 361 5818 1935 5898">
     <span class='ocr_line' id='line_1_105' title="bbox 361 5818 1935 5898; baseline -0.004 -18"><span class='ocrx_word' id='word_1_749' title='bbox 361 5827 852 5898; x_wconf 79' lang='grc' dir='ltr'>πολεμίους,ήμᾶς</span> <span class='ocrx_word' id='word_1_750' title='bbox 893 5826 1068 5879; x_wconf 73' lang='grc' dir='ltr'>οἴδασι</span> <span class='ocrx_word' id='word_1_751' title='bbox 1103 5818 1407 5896; x_wconf 75' lang='grc' dir='ltr'>χρῄζοντας</span> <span class='ocrx_word' id='word_1_752' title='bbox 1430 5840 1443 5851; x_wconf 84' lang='grc'><strong>’</strong></span> <span class='ocrx_word' id='word_1_753' title='bbox 1480 5824 1506 5876; x_wconf 85' lang='grc' dir='ltr'>ὃ</span> <span class='ocrx_word' id='word_1_754' title='bbox 1535 5825 1784 5894; x_wconf 84' lang='grc' dir='ltr'>χρήμασι</span> <span class='ocrx_word' id='word_1_755' title='bbox 1834 5823 1935 5893; x_wconf 78' lang='grc' dir='ltr'>μὲν</span> 
     </span>
    </p>
   </div>
   <div class='ocr_carea' id='block_1_106' title="bbox 361 5915 1934 5987">
    <p class='ocr_par' dir='ltr' id='par_1_106' title="bbox 361 5915 1934 5987">
     <span class='ocr_line' id='line_1_106' title="bbox 361 5915 1934 5987; baseline -0.004 -14"><span class='ocrx_word' id='word_1_756' title='bbox 361 5921 422 5973; x_wconf 80' lang='grc' dir='ltr'>οὐ</span> <span class='ocrx_word' id='word_1_757' title='bbox 446 5918 681 5984; x_wconf 70' lang='grc' dir='ltr'>πολλοῖς,</span> <span class='ocrx_word' id='word_1_758' title='bbox 712 5919 872 5971; x_wconf 70' lang='grc' dir='ltr'>ναυσὶ</span> <span class='ocrx_word' id='word_1_759' title='bbox 904 5918 960 5971; x_wconf 82' lang='grc' dir='ltr'>δὲ</span> <span class='ocrx_word' id='word_1_760' title='bbox 991 5918 1199 5986; x_wconf 75' lang='grc' dir='ltr'>ὀλίγαις</span> <span class='ocrx_word' id='word_1_761' title='bbox 1226 5917 1478 5969; x_wconf 81' lang='grc' dir='ltr'>δύνανται</span> <span class='ocrx_word' id='word_1_762' title='bbox 1510 5917 1787 5987; x_wconf 75' lang='grc' dir='ltr'>πράττειν’</span> <span class='ocrx_word' id='word_1_763' title='bbox 1824 5915 1934 5983; x_wconf 72' lang='grc' dir='ltr'><strong>ἐγώ</strong></span> 
     </span>
    </p>
   </div>
   <div class='ocr_carea' id='block_1_107' title="bbox 692 6014 1351 6077">
    <p class='ocr_par' dir='ltr' id='par_1_107' title="bbox 692 6014 1351 6077">
     <span class='ocr_line' id='line_1_107' title="bbox 692 6014 1351 6077; baseline -0.003 -2"><span class='ocrx_word' id='word_1_764' title='bbox 692 6017 957 6075; x_wconf 66' lang='lat' dir='ltr'><strong>Parnm.</strong></span> <span class='ocrx_word' id='word_1_765' title='bbox 1000 6018 1115 6077; x_wconf 81' lang='lat' dir='ltr'><strong>Gn.</strong></span> <span class='ocrx_word' id='word_1_766' title='bbox 1173 6015 1214 6074; x_wconf 71' lang='grc' dir='ltr'><strong>(ἶ</strong></span> <span class='ocrx_word' id='word_1_767' title='bbox 1229 6014 1351 6075; x_wconf 64' lang='grc' dir='ltr'><strong>[Χ.</strong></span> 
     </span>
    </p>
   </div>
   <div class='ocr_carea' id='block_1_108' title="bbox 2035 4723 3611 4793">
    <p class='ocr_par' dir='ltr' id='par_1_108' title="bbox 2035 4723 3611 4793">
     <span class='ocr_line' id='line_1_108' title="bbox 2035 4723 3611 4793; baseline 0.003 -14"><span class='ocrx_word' id='word_1_768' title='bbox 2035 4724 2300 4793; x_wconf 89' lang='lat' dir='ltr'><strong>sunt,qui</strong></span> <span class='ocrx_word' id='word_1_769' title='bbox 2332 4724 2467 4778; x_wconf 84' lang='lat' dir='ltr'><strong>nihil</strong></span> <span class='ocrx_word' id='word_1_770' title='bbox 2496 4724 2621 4779; x_wconf 92' lang='lat' dir='ltr'><strong>boni</strong></span> <span class='ocrx_word' id='word_1_771' title='bbox 2657 4723 2814 4779; x_wconf 89' lang='lat' dir='ltr'><strong>nobis</strong></span> <span class='ocrx_word' id='word_1_772' title='bbox 2860 4740 2926 4779; x_wconf 75' lang='lat' dir='ltr'><strong>ex</strong></span> <span class='ocrx_word' id='word_1_773' title='bbox 2971 4728 3073 4781; x_wconf 87' lang='lat' dir='ltr'><strong>hac</strong></span> <span class='ocrx_word' id='word_1_774' title='bbox 3122 4728 3330 4784; x_wconf 87' lang='lat' dir='ltr'><strong>unione</strong></span> <span class='ocrx_word' id='word_1_775' title='bbox 3369 4729 3611 4785; x_wconf 83' lang='lat' dir='ltr'><strong>futurum</strong></span> 
     </span>
    </p>
   </div>
   <div class='ocr_carea' id='block_1_109' title="bbox 2038 4817 3611 4892">
    <p class='ocr_par' dir='ltr' id='par_1_109' title="bbox 2038 4817 3611 4892">
     <span class='ocr_line' id='line_1_109' title="bbox 2038 4817 3611 4892; baseline 0.005 -23"><span class='ocrx_word' id='word_1_776' title='bbox 2038 4818 2233 4871; x_wconf 85' lang='lat' dir='ltr'><strong>aiunt:</strong></span> <span class='ocrx_word' id='word_1_777' title='bbox 2265 4817 2410 4886; x_wconf 89' lang='lat' dir='ltr'><strong>quod</strong></span> <span class='ocrx_word' id='word_1_778' title='bbox 2454 4817 2589 4872; x_wconf 76' lang='lat' dir='ltr'><strong>satis</strong></span> <span class='ocrx_word' id='word_1_779' title='bbox 2648 4829 2842 4887; x_wconf 88' lang='lat' dir='ltr'><strong>putant</strong></span> <span class='ocrx_word' id='word_1_780' title='bbox 2880 4835 2909 4873; x_wconf 87' lang='lat' dir='ltr'><strong>a</strong></span> <span class='ocrx_word' id='word_1_781' title='bbox 2943 4834 3001 4872; x_wconf 87' lang='lat' dir='ltr'><strong>se</strong></span> <span class='ocrx_word' id='word_1_782' title='bbox 3028 4820 3268 4888; x_wconf 86' lang='lat' dir='ltr'><strong>probari,</strong></span> <span class='ocrx_word' id='word_1_783' title='bbox 3326 4832 3611 4892; x_wconf 84' lang='lat' dir='ltr'><strong>propterea</strong></span> 
     </span>
    </p>
   </div>
   <div class='ocr_carea' id='block_1_110' title="bbox 2035 4908 3609 4979">
    <p class='ocr_par' dir='ltr' id='par_1_110' title="bbox 2035 4908 3609 4979">
     <span class='ocr_line' id='line_1_110' title="bbox 2035 4908 3609 4979; baseline 0.004 -14"><span class='ocrx_word' id='word_1_784' title='bbox 2035 4910 2180 4979; x_wconf 88' lang='lat' dir='ltr'><strong>quod</strong></span> <span class='ocrx_word' id='word_1_785' title='bbox 2222 4908 2542 4964; x_wconf 87' lang='lat' dir='ltr'><strong>Latinorum</strong></span> <span class='ocrx_word' id='word_1_786' title='bbox 2566 4911 2817 4966; x_wconf 82' lang='lat' dir='ltr'><strong>nationes</strong></span> <span class='ocrx_word' id='word_1_787' title='bbox 2854 4913 3062 4968; x_wconf 86' lang='lat' dir='ltr'><strong>mutuis</strong></span> <span class='ocrx_word' id='word_1_788' title='bbox 3122 4914 3265 4968; x_wconf 87' lang='lat' dir='ltr'><strong>inter</strong></span> <span class='ocrx_word' id='word_1_789' title='bbox 3309 4931 3368 4970; x_wconf 90' lang='lat' dir='ltr'><strong>se</strong></span> <span class='ocrx_word' id='word_1_790' title='bbox 3419 4928 3609 4971; x_wconf 89' lang='lat' dir='ltr'><strong>conte-</strong></span> 
     </span>
    </p>
   </div>
   <div class='ocr_carea' id='block_1_111' title="bbox 2035 5002 3616 5073">
    <p class='ocr_par' dir='ltr' id='par_1_111' title="bbox 2035 5002 3616 5073">
     <span class='ocr_line' id='line_1_111' title="bbox 2035 5002 3616 5073; baseline 0.006 -18"><span class='ocrx_word' id='word_1_791' title='bbox 2035 5011 2226 5056; x_wconf 86' lang='lat' dir='ltr'><strong>rantur</strong></span> <span class='ocrx_word' id='word_1_792' title='bbox 2257 5002 2434 5067; x_wconf 89' lang='lat' dir='ltr'><strong>bellis,</strong></span> <span class='ocrx_word' id='word_1_793' title='bbox 2454 5010 2509 5057; x_wconf 90' lang='lat' dir='ltr'><strong>et</strong></span> <span class='ocrx_word' id='word_1_794' title='bbox 2544 5003 2784 5073; x_wconf 86' lang='lat' dir='ltr'><strong>prOpriis</strong></span> <span class='ocrx_word' id='word_1_795' title='bbox 2819 5014 3019 5059; x_wconf 85' lang='lat' dir='ltr'><strong>vacent</strong></span> <span class='ocrx_word' id='word_1_796' title='bbox 3050 5007 3462 5063; x_wconf 78' lang='lat' dir='ltr'><strong>calamitatibus</strong></span> <span class='ocrx_word' id='word_1_797' title='bbox 3489 5023 3503 5060; x_wconf 89' lang='lat'><strong>:</strong></span> <span class='ocrx_word' id='word_1_798' title='bbox 3555 5020 3616 5063; x_wconf 88' lang='lat' dir='ltr'><strong>.et</strong></span> 
     </span>
    </p>
   </div>
   <div class='ocr_carea' id='block_1_112' title="bbox 2035 5097 3610 5169">
    <p class='ocr_par' dir='ltr' id='par_1_112' title="bbox 2035 5097 3610 5169">
     <span class='ocr_line' id='line_1_112' title="bbox 2035 5097 3610 5169; baseline 0.004 -20"><span class='ocrx_word' id='word_1_799' title='bbox 2035 5111 2188 5165; x_wconf 74' lang='lat' dir='ltr'><strong>papae</strong></span> <span class='ocrx_word' id='word_1_800' title='bbox 2211 5110 2296 5150; x_wconf 87' lang='lat' dir='ltr'><strong>res</strong></span> <span class='ocrx_word' id='word_1_801' title='bbox 2325 5097 2563 5151; x_wconf 90' lang='lat' dir='ltr'><strong>nondum</strong></span> <span class='ocrx_word' id='word_1_802' title='bbox 2598 5106 2800 5152; x_wconf 89' lang='lat' dir='ltr'><strong>statum</strong></span> <span class='ocrx_word' id='word_1_803' title='bbox 2830 5109 2884 5153; x_wconf 90' lang='lat' dir='ltr'><strong>et</strong></span> <span class='ocrx_word' id='word_1_804' title='bbox 2913 5102 3221 5155; x_wconf 77' lang='lat' dir='ltr'><strong>ﬁrmitatem</strong></span> <span class='ocrx_word' id='word_1_805' title='bbox 3262 5103 3610 5169; x_wconf 82' lang='lat' dir='ltr'><strong>acceperint;</strong></span> 
     </span>
    </p>
   </div>
   <div class='ocr_carea' id='block_1_113' title="bbox 2037 5185 3614 5261">
    <p class='ocr_par' dir='ltr' id='par_1_113' title="bbox 2037 5185 3614 5261">
     <span class='ocr_line' id='line_1_113' title="bbox 2037 5185 3614 5261; baseline 0 -20"><span class='ocrx_word' id='word_1_806' title='bbox 2037 5185 2384 5241; x_wconf 78' lang='lat' dir='ltr'><strong>sedinlirrme</strong></span> <span class='ocrx_word' id='word_1_807' title='bbox 2424 5188 2635 5249; x_wconf 71' lang='lat' dir='ltr'><strong>sint,et</strong></span> <span class='ocrx_word' id='word_1_808' title='bbox 2676 5190 2971 5242; x_wconf 90' lang='lat' dir='ltr'><strong>multorum</strong></span> <span class='ocrx_word' id='word_1_809' title='bbox 3009 5190 3187 5244; x_wconf 87' lang='lat' dir='ltr'><strong>adhuc</strong></span> <span class='ocrx_word' id='word_1_810' title='bbox 3255 5190 3470 5246; x_wconf 89' lang='lat' dir='ltr'><strong>insidiis</strong></span> <span class='ocrx_word' id='word_1_811' title='bbox 3521 5207 3614 5261; x_wconf 86' lang='lat' dir='ltr'><strong>pa-</strong></span> 
     </span>
    </p>
   </div>
   <div class='ocr_carea' id='block_1_114' title="bbox 2039 5264 3616 5352">
    <p class='ocr_par' dir='ltr' id='par_1_114' title="bbox 2039 5264 3616 5352">
     <span class='ocr_line' id='line_1_114' title="bbox 2039 5264 3616 5352; baseline 0.004 -22"><span class='ocrx_word' id='word_1_812' title='bbox 2039 5285 2208 5330; x_wconf 86' lang='lat' dir='ltr'><strong>teant.</strong></span> <span class='ocrx_word' id='word_1_813' title='bbox 2234 5273 2368 5329; x_wconf 80' lang='lat' dir='ltr'><strong>Nam</strong></span> <span class='ocrx_word' id='word_1_814' title='bbox 2398 5283 2668 5332; x_wconf 89' lang='lat' dir='ltr'><strong>utomnes</strong></span> <span class='ocrx_word' id='word_1_815' title='bbox 2717 5264 2862 5334; x_wconf 75' lang='lat' dir='ltr'><strong>alias</strong></span> <span class='ocrx_word' id='word_1_816' title='bbox 2885 5279 3147 5334; x_wconf 89' lang='lat' dir='ltr'><strong>utilitates</strong></span> <span class='ocrx_word' id='word_1_817' title='bbox 3204 5290 3432 5343; x_wconf 82' lang='lat' dir='ltr'><strong>taceam,</strong></span> <span class='ocrx_word' id='word_1_818' title='bbox 3480 5298 3616 5352; x_wconf 81' lang='lat' dir='ltr'><strong>quas</strong></span> 
     </span>
    </p>
   </div>
   <div class='ocr_carea' id='block_1_115' title="bbox 2036 5362 3612 5443">
    <p class='ocr_par' dir='ltr' id='par_1_115' title="bbox 2036 5362 3612 5443">
     <span class='ocr_line' id='line_1_115' title="bbox 2036 5362 3612 5443; baseline 0.001 -19"><span class='ocrx_word' id='word_1_819' title='bbox 2036 5362 2264 5424; x_wconf 76' lang='lat' dir='ltr'><strong>aﬂereut</strong></span> <span class='ocrx_word' id='word_1_820' title='bbox 2292 5368 2448 5423; x_wconf 85' lang='lat' dir='ltr'><strong>nobis</strong></span> <span class='ocrx_word' id='word_1_821' title='bbox 2473 5378 2589 5423; x_wconf 92' lang='lat' dir='ltr'><strong>tum</strong></span> <span class='ocrx_word' id='word_1_822' title='bbox 2617 5384 2754 5439; x_wconf 80' lang='lat' dir='ltr'><strong>papa</strong></span> <span class='ocrx_word' id='word_1_823' title='bbox 2797 5372 2930 5441; x_wconf 89' lang='lat' dir='ltr'><strong>ipse,</strong></span> <span class='ocrx_word' id='word_1_824' title='bbox 2972 5382 3086 5426; x_wconf 90' lang='lat' dir='ltr'><strong>tum</strong></span> <span class='ocrx_word' id='word_1_825' title='bbox 3137 5374 3361 5443; x_wconf 63' lang='lat' dir='ltr'><strong>reliquae</strong></span> <span class='ocrx_word' id='word_1_826' title='bbox 3399 5374 3612 5430; x_wconf 74' lang='lat' dir='ltr'><strong>Latinu-</strong></span> 
     </span>
    </p>
   </div>
   <div class='ocr_carea' id='block_1_116' title="bbox 2040 5460 3614 5534">
    <p class='ocr_par' dir='ltr' id='par_1_116' title="bbox 2040 5460 3614 5534">
     <span class='ocr_line' id='line_1_116' title="bbox 2040 5460 3614 5534; baseline 0.003 -18"><span class='ocrx_word' id='word_1_827' title='bbox 2040 5478 2160 5516; x_wconf 86' lang='lat' dir='ltr'><strong>rum</strong></span> <span class='ocrx_word' id='word_1_828' title='bbox 2193 5460 2444 5517; x_wconf 74' lang='lat' dir='ltr'><strong>nationes</strong></span> <span class='ocrx_word' id='word_1_829' title='bbox 2478 5462 2558 5516; x_wconf 89' lang='lat' dir='ltr'><strong>vel</strong></span> <span class='ocrx_word' id='word_1_830' title='bbox 2592 5464 2642 5515; x_wconf 90' lang='lat' dir='ltr'><strong>in</strong></span> <span class='ocrx_word' id='word_1_831' title='bbox 2675 5462 2767 5516; x_wconf 90' lang='lat' dir='ltr'><strong>tali</strong></span> <span class='ocrx_word' id='word_1_832' title='bbox 2800 5479 2980 5517; x_wconf 89' lang='lat' dir='ltr'><strong>rerum</strong></span> <span class='ocrx_word' id='word_1_833' title='bbox 3024 5476 3166 5520; x_wconf 85' lang='lat' dir='ltr'><strong>statu</strong></span> <span class='ocrx_word' id='word_1_834' title='bbox 3224 5468 3431 5534; x_wconf 87' lang='lat' dir='ltr'><strong>(nostra</strong></span> <span class='ocrx_word' id='word_1_835' title='bbox 3468 5470 3614 5524; x_wconf 88' lang='lat' dir='ltr'><strong>enim</strong></span> 
     </span>
    </p>
   </div>
   <div class='ocr_carea' id='block_1_117' title="bbox 2039 5556 3617 5626">
    <p class='ocr_par' dir='ltr' id='par_1_117' title="bbox 2039 5556 3617 5626">
     <span class='ocr_line' id='line_1_117' title="bbox 2039 5556 3617 5626; baseline 0.003 -16"><span class='ocrx_word' id='word_1_836' title='bbox 2039 5571 2162 5610; x_wconf 90' lang='lat' dir='ltr'><strong>cum</strong></span> <span class='ocrx_word' id='word_1_837' title='bbox 2197 5570 2305 5607; x_wconf 89' lang='lat' dir='ltr'><strong>non</strong></span> <span class='ocrx_word' id='word_1_838' title='bbox 2346 5568 2539 5621; x_wconf 76' lang='lat' dir='ltr'><strong>magna</strong></span> <span class='ocrx_word' id='word_1_839' title='bbox 2589 5556 2680 5620; x_wconf 90' lang='lat' dir='ltr'><strong>sit,</strong></span> <span class='ocrx_word' id='word_1_840' title='bbox 2707 5567 2764 5609; x_wconf 92' lang='lat' dir='ltr'><strong>ut</strong></span> <span class='ocrx_word' id='word_1_841' title='bbox 2816 5567 2870 5611; x_wconf 91' lang='lat' dir='ltr'><strong>ct</strong></span> <span class='ocrx_word' id='word_1_842' title='bbox 2894 5556 2993 5626; x_wconf 87' lang='lat' dir='ltr'><strong>ipsi</strong></span> <span class='ocrx_word' id='word_1_843' title='bbox 3036 5560 3209 5624; x_wconf 85' lang='lat' dir='ltr'><strong>scitis,</strong></span> <span class='ocrx_word' id='word_1_844' title='bbox 3249 5575 3356 5614; x_wconf 89' lang='lat' dir='ltr'><strong>non</strong></span> <span class='ocrx_word' id='word_1_845' title='bbox 3390 5563 3617 5617; x_wconf 90' lang='lat' dir='ltr'><strong>multam</strong></span> 
     </span>
    </p>
   </div>
   <div class='ocr_carea' id='block_1_118' title="bbox 2040 5636 3618 5725">
    <p class='ocr_par' dir='ltr' id='par_1_118' title="bbox 2040 5636 3618 5725">
     <span class='ocr_line' id='line_1_118' title="bbox 2040 5636 3618 5725; baseline 0.004 -27"><span class='ocrx_word' id='word_1_846' title='bbox 2040 5636 2148 5698; x_wconf 86' lang='lat' dir='ltr'><strong>illis</strong></span> <span class='ocrx_word' id='word_1_847' title='bbox 2170 5643 2449 5725; x_wconf 79' lang='lat' dir='ltr'><strong>exhibebit</strong></span> <span class='ocrx_word' id='word_1_848' title='bbox 2476 5646 2824 5711; x_wconf 85' lang='lat' dir='ltr'><strong>molestiam;</strong></span> <span class='ocrx_word' id='word_1_849' title='bbox 2874 5659 3072 5702; x_wconf 89' lang='lat' dir='ltr'><strong>norunt</strong></span> <span class='ocrx_word' id='word_1_850' title='bbox 3108 5652 3307 5719; x_wconf 85' lang='lat' dir='ltr'><strong>quippe</strong></span> <span class='ocrx_word' id='word_1_851' title='bbox 3360 5652 3462 5707; x_wconf 90' lang='lat' dir='ltr'><strong>hoc</strong></span> <span class='ocrx_word' id='word_1_852' title='bbox 3508 5671 3618 5708; x_wconf 89' lang='lat' dir='ltr'><strong>uno</strong></span> 
     </span>
    </p>
   </div>
   <div class='ocr_carea' id='block_1_119' title="bbox 2040 5732 3705 5804">
    <p class='ocr_par' dir='ltr' id='par_1_119' title="bbox 2040 5732 3705 5804">
     <span class='ocr_line' id='line_1_119' title="bbox 2040 5732 3705 5804; baseline 0.008 -17"><span class='ocrx_word' id='word_1_853' title='bbox 2040 5734 2092 5787; x_wconf 87' lang='lat' dir='ltr'><strong>iu</strong></span> <span class='ocrx_word' id='word_1_854' title='bbox 2132 5732 2384 5803; x_wconf 64' lang='lat' dir='ltr'><strong>praesenti</strong></span> <span class='ocrx_word' id='word_1_855' title='bbox 2419 5747 2519 5787; x_wconf 81' lang='lat' dir='ltr'><strong>nos</strong></span> <span class='ocrx_word' id='word_1_856' title='bbox 2571 5735 2835 5804; x_wconf 80' lang='lat' dir='ltr'><strong>indigere,</strong></span> <span class='ocrx_word' id='word_1_857' title='bbox 2892 5746 2951 5790; x_wconf 92' lang='lat' dir='ltr'><strong>ut</strong></span> <span class='ocrx_word' id='word_1_858' title='bbox 3006 5754 3094 5794; x_wconf 87' lang='lat' dir='ltr'><strong>res</strong></span> <span class='ocrx_word' id='word_1_859' title='bbox 3138 5748 3342 5796; x_wconf 66' lang='lat' dir='ltr'><strong>nostra:</strong></span> <span class='ocrx_word' id='word_1_860' title='bbox 3400 5743 3453 5798; x_wconf 92' lang='lat' dir='ltr'><strong>in</strong></span> <span class='ocrx_word' id='word_1_861' title='bbox 3502 5753 3620 5800; x_wconf 86' lang='lat' dir='ltr'><strong>tuto</strong></span> <span class='ocrx_word' id='word_1_862' title='bbox 3700 5776 3705 5783; x_wconf 94' lang='lat'><strong>-</strong></span> 
     </span>
    </p>
   </div>
   <div class='ocr_carea' id='block_1_120' title="bbox 2039 5824 3619 5903">
    <p class='ocr_par' dir='ltr' id='par_1_120' title="bbox 2039 5824 3619 5903">
     <span class='ocr_line' id='line_1_120' title="bbox 2039 5824 3619 5903; baseline 0.006 -26"><span class='ocrx_word' id='word_1_863' title='bbox 2039 5827 2169 5889; x_wconf 86' lang='lat' dir='ltr'><strong>sint,</strong></span> <span class='ocrx_word' id='word_1_864' title='bbox 2203 5835 2259 5878; x_wconf 88' lang='lat' dir='ltr'><strong>et</strong></span> <span class='ocrx_word' id='word_1_865' title='bbox 2305 5840 2372 5878; x_wconf 82' lang='lat' dir='ltr'><strong>ne</strong></span> <span class='ocrx_word' id='word_1_866' title='bbox 2417 5824 2603 5879; x_wconf 86' lang='lat' dir='ltr'><strong>hostes</strong></span> <span class='ocrx_word' id='word_1_867' title='bbox 2653 5827 3147 5894; x_wconf 84' lang='lat' dir='ltr'><strong>pertimescamus;</strong></span> <span class='ocrx_word' id='word_1_868' title='bbox 3204 5832 3254 5885; x_wconf 90' lang='lat' dir='ltr'><strong>id</strong></span> <span class='ocrx_word' id='word_1_869' title='bbox 3305 5834 3453 5903; x_wconf 92' lang='lat' dir='ltr'><strong>quod</strong></span> <span class='ocrx_word' id='word_1_870' title='bbox 3509 5852 3619 5890; x_wconf 87' lang='lat' dir='ltr'><strong>nou</strong></span> 
     </span>
    </p>
   </div>
   <div class='ocr_carea' id='block_1_121' title="bbox 2042 5918 3626 5999">
    <p class='ocr_par' dir='ltr' id='par_1_121' title="bbox 2042 5918 3626 5999">
     <span class='ocr_line' id='line_1_121' title="bbox 2042 5918 3626 5999; baseline 0.006 -28"><span class='ocrx_word' id='word_1_871' title='bbox 2042 5918 2230 5988; x_wconf 72' lang='lat' dir='ltr'><strong>grandi</strong></span> <span class='ocrx_word' id='word_1_872' title='bbox 2263 5919 2492 5985; x_wconf 85' lang='lat' dir='ltr'><strong>pecunia</strong></span> <span class='ocrx_word' id='word_1_873' title='bbox 2522 5927 2574 5972; x_wconf 91' lang='lat' dir='ltr'><strong>et</strong></span> <span class='ocrx_word' id='word_1_874' title='bbox 2592 5919 2782 5988; x_wconf 87' lang='lat' dir='ltr'><strong>paucis</strong></span> <span class='ocrx_word' id='word_1_875' title='bbox 2806 5920 3037 5977; x_wconf 78' lang='lat' dir='ltr'><strong>navibus</strong></span> <span class='ocrx_word' id='word_1_876' title='bbox 3058 5934 3317 5993; x_wconf 81' lang='lat' dir='ltr'><strong>praestare</strong></span> <span class='ocrx_word' id='word_1_877' title='bbox 3349 5931 3626 5999; x_wconf 80' lang='lat' dir='ltr'><strong>possunt),</strong></span> 
     </span>
    </p>
   </div>
   <div class='ocr_carea' id='block_1_122' title="bbox 3114 6021 3183 6082">
    <p class='ocr_par' dir='ltr' id='par_1_122' title="bbox 3114 6021 3183 6082">
     <span class='ocr_line' id='line_1_122' title="bbox 3114 6021 3183 6082; baseline 0.014 -1"><span class='ocrx_word' id='word_1_878' title='bbox 3114 6021 3183 6082; x_wconf 83' lang='lat'><strong>13</strong></span> 
     </span>
    </p>
   </div>
  </div>
