4038 6448
310 508 420 580 397

1414 518 1919 580 ADIiOllT.\TiO
1962 518 2063 578 ΔΙ)
2094 510 2395 578 SYNODU
2410 516 2483 574 ii.

3494 513 3601 575 393

310 628 517 700 mxin
577 628 838 700 ἀγγελίαν
895 629 1131 702 ἐκείνην,
1175 632 1353 687 πάντα
1404 634 1675 705 ῥίψαντας
1731 635 1798 688 τά
1844 637 1890 688 ἐι.

2011 644 2115 699 tas,
2151 649 2330 703 neque
2362 634 2501 686 hanc
2535 646 2631 685 nos
2660 629 3013 699 potiSSimum
3056 641 3376 702 oplarcmus
3406 635 3470 689 ad
3505 654 3603 696 ne-

309 719 493 791 χερσὶ,
526 720 622 775 καὶ
648 722 832 776 πᾶσαν
855 723 1240 794 πραγματείαν
1275 726 1356 788 εἰς
1402 727 1567 798 χάριν
1596 726 1900 798 ἀφίγμεθα,

312 813 667 885 παριδόντας,
716 813 958 886 ζητῆσαι
1013 817 1137 887 μὲν,
1194 818 1245 870 εἰ
1294 818 1578 889 δυνάμεθα
1632 821 1902 885 Λατίνους

309 907 735 977 προσδέξασθαι,
767 910 861 963 καὶ
913 910 1248 980 κοινωνῆσαι
1298 914 1452 980 σφίσι
1494 913 1676 974 καλῶς
1699 930 1712 945 ο
1744 913 1903 969 τοῦτο

307 1001 351 1055 δ’
373 1002 513 1068 ἐστὶ,
543 1004 610 1072 τῇ
643 1020 701 1055 τε
734 1002 853 1072 θεία
882 1003 1077 1074 Γραφῇ
1118 1003 1217 1059 καὶ
1252 1006 1366 1070 τοῖς
1411 1006 1762 1070 διδασκάλοις
1801 1009 1902 1078 τῆς

320 1095 647 1163 Ἐκκλησίας
680 1096 1015 1167 συμφώνως.
1060 1099 1234 1153 Τοῦτο
1284 1099 1329 1152 δ’
1384 1100 1673 1169 εὑρόντας,
1700 1099 1901 1153 αὐτίκα

306 1189 403 1262 τὴν
437 1192 577 1262 πρὸς
625 1191 826 1255 αὐτοὺς
871 1192 1057 1261 φιλίαν
1088 1192 1516 1247 ἀνανεώσασθαι
1546 1210 1559 1225 ο
1597 1188 1719 1246 εἶτα
1768 1194 1900 1257 ναῦς

306 1287 731 1355 ἑτοιμάσαντας,
764 1286 863 1351 τάς
899 1288 1001 1356 μὲν
1047 1287 1299 1342 διδᾶντων
1338 1287 1542 1350 αὐτῶν,
1585 1288 1685 1352 τάς
1717 1287 1774 1341 δὲ
1805 1288 1901 1341 καὶ

302 1378 461 1449 ἡμῶν
534 1378 884 1448 ὠνουμένων,
932 1382 982 1433 εί
1037 1375 1151 1434 οἷόν
1200 1398 1260 1434 τε
1317 1380 1415 1434 καὶ
1470 1380 1704 1450 σώματα
1760 1379 1900 1433 αὐτά

304 1470 768 1541 πιπρασκόντων,
831 1472 972 1543 μήτε
1040 1472 1249 1543 τροφὴν
1304 1472 1711 1542 αἱρουμένους,
1769 1470 1900 1544 μήθ’

304 1562 471 1617 ὕπνον
520 1562 941 1632 λαμϐάνοντας,
1002 1565 1120 1618 ἀλλ’
1173 1566 1233 1617 ἐν
1281 1564 1359 1635 τῷ
1415 1566 1689 1633 πράττειν
1737 1564 1899 1629 ὂντας

301 1655 520 1726 νύκτωρ
554 1674 615 1710 τε
649 1660 744 1710 καὶ
772 1658 896 1711 καθ’
935 1658 1173 1728 ἡμέραν,
1211 1658 1350 1726 πρὸς
1375 1659 1473 1728 τὴν
1503 1659 1761 1729 βοήθειαν
1792 1659 1896 1728 τῆς

301 1751 579 1823 ἡμετέρας
607 1752 928 1821 ἐπείγεσθαι
962 1752 1195 1815 πόλεως.
1251 1751 1535 1823 ’Λρκοῦντι
1574 1752 1684 1824 γὰρ
1716 1771 1897 1823 παραυ

302 1846 584 1915 γενόμενοι
639 1845 902 1917 ναυτικῷ,
940 1845 1033 1899 καὶ
1071 1844 1331 1915 φυλάξειν
1384 1846 1578 1916 αὐτὴν,
1631 1848 1725 1901 καὶ
1770 1847 1897 1911 τοὺς

303 1941 593 2011 πολεμίους
642 1942 963 2013 ἀπράκτους
1031 1941 1286 2012 ποιήσειν
1345 1943 1440 1996 καὶ
1493 1941 1889 2011 ἀποσοϐήσειν,

301 2034 394 2087 καὶ
445 2034 746 2106 συμϐαλεῖν
797 2036 983 2097 αὐτοῖς
1045 2036 1092 2087 εί
1163 2036 1371 2105 δεήσει,
1439 2036 1535 2089 καὶ
1589 2036 1770 2089 πάντα
1824 2037 1892 2089 τά

298 2126 525 2181 τοιαῦτα
571 2126 922 2197 ἠδυνήθημεν
971 2126 1057 2181 ἄν.
1102 2124 1290 2197 Πολλῷ
1339 2128 1397 2180 δὲ
1456 2122 1662 2195 μᾶλλον
1715 2126 1891 2181 ταῦτα

301 2219 565 2289 πράττειν
599 2220 837 2291 ἀνάγκη,
877 2218 1042 2273 ὁπότε
1073 2218 1168 2273 καὶ
1196 2219 1366 2289 μηδὲν
1398 2220 1530 2274 ἀλλο
1562 2219 1892 2290 ζητήσοντες

301 2309 333 2379 ἢ
385 2308 485 2380 τὴν
539 2309 758 2375 ἕνωσιν,
818 2310 929 2363 οὐδ’
980 2310 1172 2378 ἑτέρου
1223 2311 1386 2382 χάριν
1435 2313 1583 2377 τινὸς
1637 2313 1891 2384 ἀφῖχθαι,

304 2402 502 2468 πάντες
541 2402 794 2475 εἴποιμεν
821 2404 906 2458 ἄν.

2010 727 2180 783 rivulo
2213 727 2553 794 titnoresque
2586 724 2961 793 depellendus,
2996 726 3091 780 sed
3127 726 3331 797 aliquid
3358 730 3508 786 aliud
3545 741 3602 786 et

2013 821 2174 874 aliam
2213 820 2282 873 ob
2312 835 2535 875 causam
2570 829 2795 889 agentes
2815 819 3239 876 consideremus
3267 839 3280 887 ;
3321 835 3609 889 oporteret

2009 926 2190 971 tamen
2226 924 2351 985 post
2376 917 2635 968 acerbum
2671 914 2825 969 illum
2858 917 3142 978 nuntium,
3179 916 3445 985 proiectis
3473 933 3601 972 om-

2008 1007 2174 1062 nibus
2206 1021 2327 1077 qua:
2378 1017 2509 1061 sunt
2570 1020 2683 1075 prte
2741 1004 3019 1068 manibus,
3065 1005 3328 1077 omnique
3382 1018 3606 1079 propter

2007 1100 2157 1169 quod
2191 1098 2444 1153 venimus
2480 1097 2792 1168 postposito
2839 1097 3088 1167 negotio,
3121 1099 3445 1167 perquirere
3480 1101 3606 1168 qui-

2009 1195 2132 1247 dem
2163 1234 2177 1257 ,
2206 1207 2273 1245 an
2303 1192 2581 1260 possimus
2614 1189 2843 1245 Latinos
2873 1189 3180 1260 suscipere,
3215 1201 3269 1244 et
3306 1190 3446 1245 bene
3476 1207 3605 1245 cum

2007 1286 2115 1341 illis
2143 1285 2425 1355 conjungi,
2452 1285 2553 1339 hoc
2572 1294 2654 1339 est
2674 1284 3087 1355 justameutem
3115 1298 3285 1339 saera:
3302 1282 3606 1352 Scriptura».

2006 1390 2061 1435 et
2095 1378 2383 1433 doctorum
2426 1376 2687 1431 Ecclesia:
2716 1394 2729 1430 :
2764 1381 2868 1429 hoc
2898 1384 3083 1430 autem
3123 1375 3349 1429 invento
3371 1415 3387 1438 ,
3416 1374 3607 1429 statim

2003 1487 2128 1527 cum
2162 1471 2243 1526 eis
2280 1483 2548 1524 renovare
2588 1468 2891 1521 amicitiam
2925 1484 2940 1519 :
3004 1481 3244 1536 moxque
3294 1480 3463 1519 naves
3510 1481 3608 1532 pa-

2006 1579 2150 1625 rare.
2182 1562 2382 1632 partim
2412 1560 2633 1631 quidem
2666 1560 2735 1614 ab
2778 1559 2885 1612 illis
2914 1570 3191 1629 acceptas,
3231 1558 3432 1626 partim
3464 1573 3600 1611 vero

2004 1675 2032 1712 a
2059 1658 2217 1713 nobis
2247 1667 2527 1726 coemptas
2551 1694 2568 1721 ,
2621 1654 2705 1708 vel
2735 1654 2892 1723 ipsis,
2928 1654 2974 1707 si
3015 1653 3131 1707 lieri
3166 1660 3376 1722 posset,
3396 1666 3599 1721 corpo-

2004 1750 2157 1805 ribus
2204 1747 2501 1804 divenditis
2533 1765 2547 1811 ;
2609 1756 2665 1800 et
2713 1762 2892 1815 neque
2922 1746 3109 1801 cibum
3140 1759 3384 1810 sumere,
3415 1760 3597 1815 nequ

2002 1858 2259 1899 somnum
2293 1857 2514 1911 capere,
2543 1840 2639 1897 sed
2675 1841 2766 1894 diu
2798 1849 3079 1910 noctuque
3110 1854 3252 1909 opus
3286 1855 3394 1895 non
3433 1839 3599 1893 inter-

2003 1938 2219 1992 mittere
2250 1935 2317 1989 οι]
2353 1933 2642 1989 ferendum
2663 1934 2786 1988 urbi
2820 1943 3025 1989 nostra:
3068 1931 3266 1988 festine
3296 1933 3593 1987 auxilium.

2001 2027 2139 2085 Nam
2192 2028 2393 2084 idonea
2441 2027 2622 2084 classe
2681 2026 2914 2096 profecti
2963 2037 3017 2081 et
3067 2040 3292 2081 servare
3324 2026 3502 2088 illam,
3535 2034 3593 2079 et

2004 2122 2189 2179 hostes
2241 2121 2416 2176 fracto
2472 2135 2667 2176 eorum
2717 2127 2916 2175 conatu
2948 2120 3263 2190 repellere;
3298 2128 3352 2172 et
3379 2120 3424 2172 si
3449 2132 3594 2187 opus

2001 2222 2171 2279 essm,
2203 2228 2329 2270 cum
2371 2214 2452 2269 eis
2482 2215 2768 2285 congredi,
2804 2222 2859 2269 et
2885 2213 3160 2282 ejusmodi
3191 2212 3375 2268 omnia
3407 2212 3593 2267 facere

2002 2323 2314 2379 possemus.
2333 2307 2507 2363 Multo
2532 2310 2701 2379 igitur
2726 2310 2901 2378 magis
2924 2323 3154 2365 necesse
3173 2316 3259 2362 est
3299 2307 3418 2362 haec
3451 2307 3592 2369 fieri,

2002 2399 2227 2472 quando
2286 2400 2423 2455 nihil
2478 2402 2626 2455 aliud
2681 2402 2967 2472 quaesituri
3017 2400 3355 2457 accessimus
3424 2413 3589 2470 quam

304 2497 565 2554 unitatem
598 2517 612 2563 ;
644 2514 745 2554 nec
778 2500 923 2553 enim
954 2498 1182 2554 alterius
1214 2496 1289 2551 rei
1316 2496 1494 2569 gratia
1529 2498 1714 2554 itineri
1766 2514 1872 2555 nos
1906 2494 2257 2551 commisisse
2292 2508 2485 2551 omnes
2514 2495 2835 2551 fatebimur.

373 2594 483 2661 Τὴν
530 2593 576 2645 δ’
621 2592 840 2655 ἕνωσιν,
874 2589 1020 2644 οὕτω
1077 2592 1285 2662 ῥᾴστην
1342 2594 1438 2645 καὶ
1485 2592 1741 2664 εὐπρεπῆ
1792 2593 1893 2647 καὶ

300 2686 423 2757 Θεῷ
451 2686 544 2739 καὶ
571 2687 742 2739 πᾶσιν
772 2682 1088 2756 ἀνθρώποις
1122 2684 1385 2753 ἀρέσκειν
1421 2683 1748 2755 μέλλουσαν,
1787 2683 1887 2756 ήδη

301 2779 561 2850 πράττειν
618 2779 922 2849 δυνάμεθα.
958 2777 1034 2832 Οὐ
1098 2776 1182 2830 δεῖ
1240 2773 1426 2830 τοίνυν
1495 2777 1716 2848 μέλλειν
1778 2778 1890 2830 οὐδ’

299 2870 725 2936 ἀναϐάλλεσθαι,
752 2870 888 2924 ἀλλά
942 2871 1039 2924 καὶ
1088 2869 1188 2940 τὴν
1242 2867 1442 2923 ἕνωσιν
1476 2869 1760 2939 πράττειν,
1792 2870 1889 2924 καὶ

298 2967 384 3021 ὅτι
428 2966 663 3037 τάχιστα
718 2964 959 3036 βοηθεῖν.
1005 2961 1419 3034 Ἐνθυμηθῆναι
1462 2962 1572 3032 γὰρ
1621 2964 1889 3028 ἑκάστους

299 3060 445 3130 ἡμᾶς
492 3059 573 3113 δεῖ
607 3058 701 3113 κοιλ⁵
767 3046 1035 3127 γυναῖκας
1093 3058 1189 3111 καὶ
1248 3056 1451 3121 παῖδας
1507 3057 1740 3122 ἑαυτῶν,
1792 3058 1888 3112 καὶ

297 3153 483 3215 ἁπλῶς
530 3153 816 3221 συγγενεῖς
847 3151 942 3205 καὶ
975 3149 1220 3215 πολίτας,
1269 3149 1505 3221 οἰκτρῶς
1555 3149 1887 3221 πολιορκουι

302 3245 496 3314 μένους
550 3244 646 3297 καὶ
705 3240 1135 3313 ἀμηχανοῦντας
1192 3244 1288 3297 καὶ
1354 3240 1735 3311 θρηνοῦντας’
1788 3244 1887 3297 καὶ

2070 2588 2255 2656 Quare
2279 2591 2465 2645 unitas
2487 2605 2609 2646 cum
2647 2598 2701 2649 et
2723 2603 2941 2644 summe
2973 2588 3172 2653 facilis,
3201 2597 3257 2644 et
3293 2603 3401 2643 non
3436 2586 3595 2642 inde-

1995 2690 2123 2737 cora
2146 2682 2242 2748 sit,
2266 2681 2485 2753 Deoque
2507 2682 2792 2737 eteunetis
2815 2681 3134 2737 hominibus
3155 2681 3442 2752 placitura,
3462 2697 3591 2735 eon-

1994 2776 2350 2847 flciendajam
2382 2783 2498 2837 est;
2523 2790 2623 2831 nec
2645 2775 3044 2846 interponenda
3096 2789 3272 2844 mora,
3298 2790 3400 2830 nec
3426 2774 3591 2829 diffu-

1996 2872 2163 2925 renda
2191 2885 2301 2934 res,
2328 2869 2498 2924 sedet
2523 2869 2654 2924 unio
2674 2869 3004 2938 paragenda,
3029 2879 3084 2923 et
3112 2867 3397 2923 ferendum
3424 2884 3587 2939 quam

1994 2964 2261 3020 citissime
2308 2962 2600 3018 auxilium.
2624 2962 2934 3032 liepetenda
2960 2963 3161 3033 quippe
3188 2972 3273 3017 est
3293 2962 3591 3030 unicuique.

1992 3066 2243 3114 nostrum
2266 3059 2534 3112 memoria
2548 3063 2601 3111 et
2625 3072 2861 3112 uxorum
2887 3066 2942 3110 et
2985 3056 3223 3111 filiorum
3250 3064 3590 3119 nostrorum,

1990 3161 2045 3207 et
2087 3152 2407 3207 summatim
2449 3150 2990 3222 consanguineorum
3038 3160 3093 3205 et
3118 3149 3348 3215 civium,
3390 3151 3592 3207 misere

1990 3245 2375 3309 obsessorum,
2417 3243 2588 3298 animi
2621 3243 2977 3314 pendentium
3025 3258 3090 3300 ac
3115 3244 3419 3314 lugentium
3448 3263 3462 3300 :
3488 3262 3592 3316 po-

297 3334 491 3404 φόνους
526 3335 623 3387 καὶ
650 3333 828 3405 δεσμά
858 3335 953 3389 καὶ
996 3334 1215 3404 πληγὰς
1244 3334 1337 3389 καὶ
1371 3335 1561 3408 ὕϐρεις
1588 3338 1682 3389 καὶ
1727 3336 1889 3407 λιμὸν

1998 3339 2193 3395 nenda:
2221 3348 2351 3395 ante
2378 3316 2571 3393 o’rulos
2602 3339 2780 3394 caedes
2805 3348 2861 3395 et
2883 3339 3123 3405 vincula,
3151 3348 3206 3396 et
3242 3341 3491 3407 verbera,
3534 3350 3591 3394 et

296 3432 391 3484 καὶ
417 3430 599 3502 δίψαν,
636 3431 734 3486 καὶ
775 3431 1144 3503 οἰκτροτάτην
1192 3434 1579 3504 περιαγωγὴν,
1618 3432 1718 3489 καὶ
1769 3436 1889 3487 δου-

295 3522 447 3576 λείαν
497 3522 966 3594 ἀπαραμύθητον,
1009 3523 1107 3577 καὶ
1167 3524 1383 3595 νηπίων
1431 3524 1735 3595 έλκυσμδν,
1794 3524 1890 3578 καὶ

294 3618 566 3689 γερόντων
614 3619 857 3690 σφαγὴν,
904 3618 1001 3673 καὶ
1033 3620 1323 3690 χωρισμὸν
1369 3617 1624 3689 ἀλλήλων
1654 3618 1888 3671 ἐλεεινό-

291 3729 477 3777 τατον,
507 3715 603 3768 καὶ
630 3712 798 3784 ἱερῶν
827 3712 1080 3783 ἀτιμίαν,
1107 3712 1205 3764 καὶ
1246 3711 1609 3782 βλασφημίαν
1639 3714 1721 3776 εἰς
1755 3711 1888 3781 ὕψος

291 3808 593 3880 αίρομένην
637 3808 787 3862 κατά
816 3808 953 3862 Θεοῦ
975 3826 992 3841 ο
1023 3810 1125 3862 καὶ
1168 3809 1299 3871 τοὺς
1344 3809 1447 3877 μὲν
1475 3808 1727 3876 ἑκόντας,
1762 3811 1890 3873 τοὺς

291 3900 351 3954 δὲ
403 3901 636 3965 ἄκοντας
684 3902 776 3955 τδν
830 3900 931 3971 μὲν
967 3901 1180 3971 Ἰησοῦν
1252 3901 1703 3972 ἀποϐαλλομένου
1719 3921 1736 3964 _:
1795 3902 1889 3955 τὸν

293 3993 470 4064 ἀληθῆ
501 3993 636 4048 Θεὸν
666 3995 762 4049 καὶ
791 3996 952 4065 μόνον
982 3994 1305 4049 διδάσκαλόν
1338 4012 1399 4048 τε
1427 3995 1524 4048 καὶ
1559 3995 1885 4067 νομοθέτην,

293 4087 362 4155 τῇ
389 4084 445 4138 δὲ
478 4084 723 4157 Μωάμεθ
750 4084 993 4158 φλυαρίᾳ
1021 4087 1115 4140 καὶ
1152 4087 1365 4156 ὀργίοις
1402 4087 1620 4142 ἐκείνου
1656 4103 1887 4159 προστι-

293 4176 580 4246 θεμένους,
630 4179 725 4232 acati
778 4180 879 4251 τὴν
931 4178 1193 4233 ἀσέϐειαν
1250 4179 1619 4246 ὲπιδιδοῦσαν,
1670 4182 1771 4253 τὴν
1826 4180 1885 4235 δὲ

292 4270 475 4324 πίστιν
502 4271 877 4341 διωκομένην⁹
908 4272 1005 4325 καὶ
1052 4271 1123 4325 τὰ
1168 4273 1399 4326 τοιαῦτα
1452 4274 1633 4327 πάντα
1681 4290 1884 4342 φαντα-

291 4363 577 4433 ζομένους,
606 4364 701 4417 καὶ
731 4362 826 4417 ἐπὶ
855 4364 1025 4418 πᾶσιν
1055 4364 1207 4435 ἡμᾶς
1234 4365 1749 4436 ἀνακαλουμένους,
1789 4370 1885 4422 καὶ

288 4456 391 4525 τὴν
434 4458 592 4527 ἡμῶν
630 4456 896 4527 ἀμέλειαν
933 4457 1299 4523 ὀνειδίζοντας
1326 4473 1342 4490 ⁶
1374 4459 1468 4530 ὑφ’
1520 4454 1598 4516 ὧν
1627 4461 1883 4515 οὐδέποτε

290 4551 704 4622 προσεδόκησαν
753 4550 960 4604 οὑτωσὶ
1012 4552 1650 4623 καταφρονηθήσεσθαι·
1683 4554 1779 4618 οὒς
1820 4558 1879 4609 ὲν

288 4642 443 4706 τάξει
470 4641 750 4695 δεσποτῶν
786 4644 882 4695 καὶ
920 4644 1181 4715 πατέρων
1217 4643 1314 4698 καὶ
1365 4645 1708 4701 διδασκάλων
1735 4641 1883 4717 εἶχόν
1920 4678 1963 4733 D

288 4744 351 4780 τε
384 4728 479 4785 καὶ
506 4728 709 4799 ἐτίμων
737 4745 752 4761 ⁸
786 4730 882 4784 καὶ
913 4730 1011 4794 οὓς
1041 4733 1333 4814 ἐπίστευον
1360 4735 1462 4806 τῆς
1489 4737 1672 4791 αὐτῶν
1700 4738 1881 4807 ἀσφα-

290 4817 443 4881 λείας
475 4822 570 4873 καὶ
606 4820 884 4892 σωτηρίας
920 4822 1101 4877 πάντα
1133 4824 1402 4894 Θήσεσθαι
1427 4825 1664 4897 δεύτερα
1692 4843 1707 4859 ο
1739 4828 1883 4898 ὑπὲρ

290 4903 369 4964 ὧν
398 4910 700 4982 ἀποδημεῖν
724 4914 878 4967 αὐτοί
920 4931 982 4967 τε
1026 4915 1307 4987 ἐνόμιζον,
1341 4919 1436 4972 καὶ
1469 4918 1631 4991 ὑμεῖς
1659 4920 1880 4989 ἐλέγετε

288 5006 561 5077 φανερῶς.
603 5007 835 5062 Ἐκεῖνοι
869 5009 970 5078 μὲν
1018 5005 1111 5063 οὖν
1148 5011 1217 5064 τὰ
1274 5012 1490 5066 ἑαυτῶν
1526 5013 1692 5084 μόνον
1729 5000 1917 5069 δεινάὶ

286 5092 687 5164 φανταζόμενοι
710 5096 1073 5170 θρηνήσουσι,
1107 5102 1203 5154 καὶ
1249 5103 1402 5173 ἡμᾶς
1435 5104 1880 5161 ἀνακαλέσονται

286 5185 497 5257 γοερῶς
520 5203 534 5216 ο
571 5188 664 5241 καὶ
697 5192 819 5252 ταῖς
848 5191 1034 5245 ἐλπίσι
1065 5192 1160 5246 τοῦ
1193 5193 1462 5265 σήμερον,
1491 5194 1882 5270 αὔριον,ἠμᾶς

284 5277 439 5347 ἥξειν
494 5280 689 5350 μόναις
736 5282 1249 5356 ψυχαγωγήσουσιν
1312 5288 1587 5353 ἑαυτούς’
1646 5289 1684 5344 ἀ
1747 5293 1882 5363 πρὶν

288 5370 533 5437 ἐκείνους
602 5375 844 5441 παθεῖν,
904 5377 1062 5446 ἡμᾶς
1128 5379 1345 5447 γένοιτο
1400 5382 1612 5445 πάντας
1670 5380 1882 5437 ἀποθασ

288 5462 420 5516 νεῖν.
490 5463 658 5518 Οὐδὲν
694 5467 808 5535 γὰρ
840 5466 1228 5537 ἐλεεινότερον,
1277 5471 1431 5524 οὐδὲν
1456 5471 1593 5537 ὅλως
1639 5474 1876 5543 αῖσχιεν,

244 5558 247 5561 ’
285 5554 442 5607 οὐδὲν
484 5555 915 5629 βδελυκτότερον
955 5563 1050 5615 καὶ
1087 5562 1210 5633 Θεῷ
1249 5566 1345 5618 καὶ
1374 5565 1690 5638 ἀνθρώποις
1720 5568 1880 5639 ἡμῶν

286 5643 464 5711 ἔσται,
495 5645 563 5700 ἂν
602 5649 851 5714 ἐκείνους
902 5652 1154 5725 συμϐαίη
1203 5655 1381 5708 ταῦτα
1432 5658 1655 5713 παθεῖν.
1696 5658 1879 5730 Ἠμᾶς

286 5738 345 5792 δὲ
400 5743 493 5793 καὶ
557 5742 722 5815 μέχρι
768 5744 880 5799 τῶν
948 5746 1128 5800 ἀλλων
1180 5750 1531 5821 Χριστιανῶν
1580 5754 1881 5823 ἀφικέεθαι

284 5832 493 5901 πρέπει
522 5833 602 5904 τῷ
629 5835 903 5909 λογισμῷ,
941 5842 1037 5893 καὶ
1073 5840 1224 5913 ἅπερ
1251 5843 1394 5913 ὑπὲρ
1425 5844 1640 5899 ἑαυτῶν
1672 5850 1876 5901 ἐκεῖνοι

286 5923 523 6001 δεδίασι,
545 5931 704 5985 ταῦθ’
736 5932 886 6005 ἡμᾶς
914 5934 1057 6007 ὑπέρ
1086 5952 1144 5989 τε
1169 5938 1399 5992 ὲκείνων
1430 5942 1527 5995 καὶ
1568 5943 1677 5996 τῶν
1700 5944 1879 5998 ἄλλων

288 6015 631 6089 Χριστιανῶν
677 6024 772 6079 καὶ
824 6027 980 6098 ἡμῶν
1034 6031 1216 6085 αὐτῶν
1263 6033 1578 6103 λογίζεσθαι
1634 6042 1760 6110 χρὴ.
1794 6039 1875 6093 Τὰ

1993 3435 2365 3500 contumeliae,
2394 3442 2449 3490 et
2473 3431 2670 3498 fames.
2702 3442 2756 3489 et
2781 3434 2923 3500 sitis,
2956 3446 3011 3489 et
3037 3434 3457 3491 luctuosissima
3480 3437 3589 3490 cir-

1993 3530 2337 3595 cumvectio,
2367 3536 2417 3585 et
2450 3528 2694 3584 servitus
2727 3527 3168 3594 ineonsolabilis,
3203 3535 3259 3583 et
3292 3528 3587 3583 infantium

1992 3625 2314 3691 abstractio,
2334 3632 2391 3678 et
2415 3621 2913 3692 senumjugulatio,
2935 3631 2983 3676 et
3008 3629 3197 3676 mutua
3219 3622 3479 3690 dirulsio,
3500 3638 3588 3677 res

1994 3720 2242 3774 omnium
2270 3718 2676 3781 miserrima,et
2705 3716 3036 3785 templorum
3078 3717 3414 3786 profanatio,
3439 3717 3589 3771 blas-

1992 3812 2320 3881 pltemiaque
2341 3811 2393 3864 in
2410 3811 2629 3865 excelso
2651 3821 2840 3865 contra
2863 3810 3031 3865 Deum
3048 3808 3322 3865 efferenda
3348 3828 3362 3865 :
3387 3827 3509 3865 cum
3533 3811 3586 3864 hi

1991 3903 2214 3974 quidem
2240 3910 2456 3972 sponte,
2487 3902 2561 3955 illi
2596 3912 2777 3957 autem
2817 3903 2865 3956 vi
2888 3900 3074 3958 Jesum
3118 3903 3376 3973 abjietent
3415 3905 3584 3959 Deum

1992 4012 2209 4060 verum.
2261 3996 2551 4061 solumque
2592 3997 2915 4065 magistrum
2966 4012 3030 4050 ac
3082 3979 3493 4067 legislaturemi,
3534 4011 3589 4052 rt

1998 4090 2319 4144 transibunt
2344 4090 2410 4143 ad
2432 4088 2769 4143 Maltomethi
2795 4104 2967 4157 nugas
3000 4104 3064 4143 ac
3089 4092 3452 4151 caeremonias
3484 4110 3497 4145 :
3534 4102 3589 4145 et

1991 4184 2243 4255 impietas
2259 4182 2479 4253 quidem
2505 4182 2840 4238 incrementa
2868 4183 3048 4248 faciet,
3072 4182 3209 4239 ﬁdes
3239 4199 3370 4239 vero
3406 4200 3588 4251 persc-

1991 4278 2306 4333 eutionihus
2332 4284 2612 4344 premetur
2637 4285 2830 4346 :atque
2848 4276 3117 4345 ejusmodi
3137 4279 3320 4333 omn’a
3346 4288 3587 4334 statuant

1990 4373 2043 4425 in
2069 4381 2371 4440 conspectu
2405 4370 2598 4436 animi,
2628 4379 2683 4424 et
2712 4370 2844 4424 illud
2870 4370 2924 4424 in
2955 4371 3333 4442 pritnis,quod
3367 4387 3465 4425 nos
3502 4373 3589 4427 in-

1990 4476 2209 4527 vocent,
2240 4464 2688 4534 exprobrentque
2716 4465 2876 4520 nobis
2908 4465 3177 4521 desidiam
3214 4481 3243 4521 a
3297 4466 3499 4536 quibus
3524 4485 3587 4522 su

1990 4573 2270 4628 nunquam
2316 4558 2391 4613 ita
2447 4566 2825 4626 contemptum
2878 4558 2945 4612 iri
2975 4559 3315 4628 sperabant:
3351 4574 3491 4625 quos
3525 4568 3585 4611 ιιι

1988 4650 2265 4723 dominos,
2302 4661 2360 4704 ut
2392 4657 2576 4721 patres
2605 4658 2659 4705 et
2686 4650 2981 4720 magistros
3008 4650 3287 4705 habebant
3316 4660 3370 4707 et.
3403 4653 3581 4707 Itono-

1991 4744 2188 4800 rabant
2213 4783 2228 4810 ,
2254 4753 2308 4799 et
2338 4760 2369 4799 a
2419 4744 2622 4813 quibus
2654 4743 2955 4799 credebant
2980 4744 3163 4798 omnia
3201 4745 3580 4816 posthabitum

1990 4839 2057 4895 iri
2109 4838 2272 4895 saluti
2334 4847 2390 4895 et
2432 4836 2799 4893 incolumitati
2836 4854 3052 4902 eorum,
3081 4854 3180 4910 pro
3215 4840 3418 4909 quibus
3456 4859 3583 4895 sns-

1988 4930 2201 5002 ceptam
2248 4932 2388 4985 hanc
2428 4930 2933 5001 peregrinationem
2978 4940 3027 4985 et
3058 4932 3159 5002 ipsi
3189 4935 3497 5004 putabant,
3530 4947 3583 4989 et

1987 5036 2087 5076 vos
2147 5028 2334 5090 aperte
2401 5012 2697 5077 dicebatis.
2738 5020 2925 5091 Itaque
2959 5020 3295 5079 ἱΙΙίευοιῚιιιι
3359 5036 3572 5081 tantum

1988 5113 2383 5184 imaginatione
2433 5113 2701 5169 malorum
2752 5113 3053 5185 lugebunt,
3086 5131 3297 5185 uosque
3322 5117 3581 5185 cjulando

1987 5204 2349 5271 invocabunt,
2402 5216 2800 5278 speranteSque
2849 5224 2948 5262 nos
2982 5208 3170 5276 hodie,
3215 5226 3362 5274 eras,
3389 5220 3580 5265 ventu-

1986 5314 2099 5367 ros,
2152 5300 2483 5354 recreabunt
2534 5301 2755 5356 animos
2806 5316 2960 5357 suos.
2997 5299 3216 5356 Utinam
3252 5318 3383 5357 vero
3410 5311 3564 5356 antc-

1984 5408 2149 5464 quant
2213 5394 2319 5449 illis
2369 5395 2485 5449 haec
2536 5393 2834 5459 eveniant,
2872 5394 3179 5448 moriamur
3212 5412 3310 5449 nus
3337 5411 3531 5451 omnes
3563 5414 3575 5449 :

1986 5486 2359 5543 miserabilius
2386 5487 2534 5543 enim
2562 5528 2578 5553 ,
2613 5496 2709 5541 attt
2748 5488 2976 5541 omnino
3003 5488 3241 5557 turpius,
3281 5486 3501 5558 Dcoque
3525 5501 3576 5543 et

1985 5580 2306 5635 hominibus
2367 5582 2748 5635 detestabilius
2810 5580 2947 5634 nihil
3002 5582 3104 5634 erit
3151 5583 3332 5647 nobis,
3371 5582 3415 5638 si
3460 5584 3576 5636 hzrc

1985 5670 2106 5726 illos
2158 5673 2270 5742 pati
2323 5672 2628 5741 contingat.
2718 5673 2988 5726 Caeterum
3064 5690 3163 5727 nus
3212 5684 3265 5728 et
3306 5691 3405 5744 pro
3454 5677 3580 5731 aliis

1983 5764 2314 5821 Christianis
2362 5779 2551 5820 curam
2599 5767 2883 5836 suscipere
2918 5782 2932 5820 :
3001 5775 3057 5820 et
3106 5784 3228 5835 qua:
3264 5768 3339 5823 illi
3374 5769 3477 5824 sibi
3511 5774 3578 5824 ti-

1986 5866 2174 5921 ment,
2211 5872 2310 5911 nos
2368 5866 2423 5910 et
2477 5872 2578 5925 pro
2622 5856 2762 5921 illis,
2800 5867 2855 5913 et
2887 5858 3114 5928 reliquis
3138 5860 3494 5928 Christianis,
3523 5870 3578 5917 et

1983 5952 2148 6005 nobis
2204 5951 2341 6021 ipsis
2402 5952 2646 6023 cogitare
2698 5963 2939 6022 oportet.
2970 5953 3207 6013 Necesse
3241 5956 3389 6011 enim
3418 5956 3581 6024 plane

1984 6057 2068 6103 est
2110 6044 2224 6099 hare
2262 6044 2451 6100 eadem
2489 6044 2745 6099 eveniant
2801 6042 2982 6103 ubivis
3007 6046 3385 6103 habitantibus
3416 6048 3579 6105 Citrio
