4038 6438
409 409 524 480 ’399

1507 404 1896 468 (ΞΕΝΝΑΟΗ
1938 402 2046 466 CP.
2093 401 2233 460 PAT
2248 396 2534 458 RIARCH
2551 393 2610 452 ,Ε

3585 379 3686 444 ίίῖθ

416 531 632 593 slianis.
661 543 759 586 nec
792 543 897 584 non
929 527 1190 599 subjeCtis
1227 525 1472 580 dominio
1501 523 1868 578 Barbarorum
1897 561 1912 586 ,
1943 525 1996 573 et
2026 574 2028 579 ,

2143 517 2242 570 ὖτά
2275 516 2386 586 γὰρ
2429 513 2598 566 ταῦτα
2647 512 2757 573 τοῖς
2792 506 2995 576 ὁποαὸή
3013 522 3135 559 τότε
3175 501 3276 573 γῆς
3309 499 3525 556 οἰκοῦσι
3555 500 3694 572 Χρι-

422 625 626 680 (diri-ti
653 624 832 678 cultus
860 621 1062 690 ubique
1096 629 1367 673 terrarum
1399 616 1682 671 aboleatur
1704 654 1718 668 .
1743 613 1855 682 Ego
1880 626 2007 666 vero

415 717 725 774 eluvionem
776 716 924 770 illam
979 713 1124 766 intra
1182 724 1385 780 pain-os
1451 722 1625 762 anitos
1677 705 2001 760 obruturant

417 823 548 881 pato
585 824 778 863 omnes
823 804 1202 864 Christianos,
1240 811 1293 855 et
1319 801 1654 870 impietatem
1687 797 1871 852 omnia
1898 797 2006 863 .de-

417 904 824 974 populaturum,
848 909 901 974 et
924 897 1190 950 Barbaros
1214 895 1267 947 in
1287 908 1443 949 suam
1468 891 1651 946 munia
1675 897 2002 960 potestatem

417 998 763 1050 redacturos.
793 991 1021 1060 Oportet
1050 1000 1257 1049 autem,
1289 986 1333 1040 si
1373 984 1507 1038 nihil
1537 983 1706 1048 aliud,
1743 994 1800 1036 at
1857 991 2007 1036 certe

418 1089 629 1142 Latinis
649 1101 867 1157 quoque
886 1084 1035 1137 hisce
1055 1097 1153 1136 nos
1175 1079 1575 1142 incusantibus,
1601 1074 1808 1145 pudore
1837 1073 1972 1128 aliiei
1994 1089 2012 1124 ι

423 1182 517 1252 qui
548 1196 647 1235 nos
673 1179 758 1232 vel
779 1177 945 1232 etiam
973 1184 1098 1244 post
1119 1173 1346 1228 acerbus
1369 1169 1614 1231 nuntius.
1645 1169 2012 1234 timoremque

420 1273 582 1328 nobis
631 1270 936 1338 injectum,
973 1280 1099 1320 cum
1149 1263 1330 1318 adhuc
1371 1259 1709 1314 contideutes
1761 1257 2005 1321 rideant,

423 1378 750 1433 tempusque
811 1359 1015 1414 frustra
1060 1365 1432 1416 conterentes,
1465 1361 1520 1408 et
1550 1351 1718 1406 veluti
1755 1351 2012 1406 ludentes

426 1458 518 1512 ubi
553 1455 848 1509 ludendum
875 1458 1108 1515 nonest,
1132 1449 1308 1517 deque
1330 1446 1490 1500 malis
1514 1443 2014 1515 propinquantibus

427 1549 564 1604 nihil
599 1555 878 1611 curantes,
912 1557 1129 1609 saxeos,
1163 1551 1216 1595 et
1248 1549 1430 1594 mente
1467 1547 1682 1606 captos,
1715 1548 2012 1603 rerumque

429 1653 742 1700 nostrarum
784 1639 1094 1709 pzoditores
1138 1642 1335 1689 vocant
1365 1649 1379 1685 :
1411 1641 1464 1686 et
1498 1630 1724 1686 omnino
1755 1635 2012 1684 asserunt

431 1738 563 1790 nihil
585 1749 708 1788 esse
736 1734 789 1784 in
817 1731 975 1784 nobis
999 1727 1221 1783 humani
1248 1740 1466 1791 sensus,
1495 1722 1641 1792 quod
1667 1736 1769 1776 nos
1803 1721 1870 1774 de
1922 1735 2018 1774 no-

431 1829 558 1882 suis
583 1825 715 1879 nihil
756 1822 1020 1876 sollicitos
1061 1820 1300 1884 videant,
1329 1830 1427 1870 nec
1463 1815 1631 1868 ullum
1657 1813 1836 1866 inesse
1859 1809 2016 1864 nobis

429 1920 667 1976 stu-tium
696 1918 1018 1971 humanum.
1041 1911 1244 1978 Quales
1262 1924 1392 1962 vero
1414 1906 1638 1977 putatis,
1659 1919 1718 1960 se
1739 1903 1898 1958 nobis
1924 1901 2014 1957 isti
2050 1881 2093 1938 Β

430 2011 777 2080 praebebunt,
825 2020 950 2059 cum
999 2019 1101 2058 nos
1144 2002 1312 2056 hosce
1357 2000 1579 2068 quidem
1604 2004 1828 2050 sanctos
1870 1993 2017 2049 nullo

431 2104 552 2156 loco
577 2099 895 2158 habeamus,
920 2093 1042 2148 illus
1064 2106 1192 2148 vero
1219 2090 1534 2160 rejiciamus
1559 2105 1573 2141 :
1600 2095 1653 2142 et
1679 2089 1777 2140 has
1797 2084 2017 2155 quidem

432 2194 731 2248 sententias
773 2191 1024 2244 dicamus
1056 2186 1416 2248 adulter-itas,
1455 2181 1582 2236 illas
1626 2194 1753 2233 vero
1783 2178 1856 2232 ita
1885 2176 2020 2230 sim-

433 2288 642 2358 pliciter
698 2301 808 2338 non
855 2281 1256 2335 admittamus:
1304 2287 1629 2344 semperque
1679 2271 2018 2341 sophismata

431 2374 810 2440 excogitemus
834 2411 849 2434 ,
883 2380 939 2424 et
978 2370 1120 2422 inter
1148 2379 1246 2420 nos
1273 2363 1665 2419 dissentiamus
1699 2379 1712 2416 :
1756 2370 1810 2414 et
1835 2359 1900 2412 ad
1935 2358 2019 2411 di-

429 2463 1027 2536 judieandadogmata
1072 2457 1456 2513 existimemus
1506 2454 1645 2509 satis
1698 2468 1823 2507 esse
1869 2451 2022 2520 igno-

434 2558 693 2619 rantiam,
725 2565 821 2608 aut
850 2555 894 2608 si
924 2553 1207 2609 dicamus.
1245 2556 1498 2625 negatum
1532 2544 1634 2600 hoc
1665 2558 1790 2599 esse
1821 2558 1849 2595 a
1878 2541 2024 2595 mul-

434 2653 525 2717 tis,
553 2652 668 2706 sive
707 2665 736 2704 a
780 2647 896 2702 viro
935 2644 1026 2700 tali
1058 2662 1073 2701 :
1111 2641 1398 2698 scientiam
1445 2654 1570 2695 vero
1613 2647 1669 2692 et
1717 2635 2027 2706 inte‘ligen-

434 2748 572 2799 tiam
607 2751 662 2798 et
711 2740 1086 2795 eruditionem
1121 2735 1507 2798 excludamus,
1540 2729 1754 2787 Latinis
1788 2730 1904 2785 haec
1940 2738 2027 2783 to-

434 2834 792 2890 let-antibus?
839 2846 1018 2901 neque
1068 2831 1216 2883 enim
1261 2834 1439 2881 status
1491 2824 1705 2878 illorum
1754 2821 2028 2890 periclta-

436 2930 607 2992 bitur,
636 2926 835 2982 sidunt
885 2927 999 2978 haec
1041 2937 1068 2974 a
1103 2920 1262 2975 nobis
1297 2927 1587 2987 geruntur,
1624 2914 1800 2969 malus
1832 2914 2029 2980 aliquis

439 3019 662 3073 nuntius
704 3016 995 3071 aﬂeratur:
1020 3011 1165 3082 quod
1193 3019 1273 3075 tu,
1292 3009 1601 3064 dominator
1635 3007 1800 3072 ltens,
1827 3017 2029 3069 averte,

438 3124 492 3165 et
511 3108 738 3164 ostende
761 3119 809 3163 ιι·
829 3107 990 3160 nobis
1019 3122 1122 3156 non
1147 3104 1357 3173 justum
1381 3101 1560 3169 potius
1582 3099 1822 3168 judieem
1867 3113 2030 3167 quam

2112 611 2351 670 στιανοῖς
2379 649 2394 672 ,
2434 607 2530 660 καὶ
2580 603 2684 656 ὑπὸ
2723 602 2822 672 τὴν
2879 599 3164 672 Βὲρὸαρον
3202 595 3449 649 τελοῦσιν
3489 595 3694 662 ἀρχὴν,

2111 701 2330 768 ἀνάγκη
2371 699 2524 752 πᾶσα
2560 696 2860 766 συμδῆναι,
2892 695 2986 746 καὶ
3022 691 3086 744 τὸ
3119 687 3216 743 τοῦ
3254 685 3493 759 Χριστοῦ
3530 684 3696 747 σέϐας

2113 795 2456 865 πανταχόθεν
2484 791 2998 861 ἐξαλειφθήσεσθαι.
3047 787 3192 856 Ἐγὼ
3216 785 3270 838 δὲ
3309 785 3403 838 καὶ
3441 783 3531 834 διὰ
3557 783 3694 835 πάν·

2111 907 2223 943 των
2248 887 2598 958 Χριστιανῶν
2649 884 2801 947 ἐντὸς
2844 883 3046 950 ὀλίγων
3095 880 3235 933 ἐτῶν
3287 877 3582 945 ἀφίξεσθαι
3609 875 3698 928 τὶν

2112 980 2502 1050 κατακλυσμὸν
2534 981 2745 1031 ἐκεῖνον
2785 973 3052 1046 ἠγοῦμαι,
3103 973 3200 1026 καὶ
3232 971 3410 1024 πάντα
3451 967 3701 1038 νεμηθή-

2115 1077 2305 1128 σεσθαι
2357 1076 2459 1142 τὴν
2496 1071 2755 1124 ἀσέϐειαν
2783 1111 2798 1134 ,
2851 1069 2946 1122 καὶ
2997 1069 3108 1129 τοῖς
3139 1066 3476 1135 Βαρϐάροις
3520 1064 3702 1118 πάντα

2114 1163 2412 1219 δουλςύειν.
2446 1165 2538 1219 Δεῖ
2583 1161 2640 1214 δέ
2696 1161 2744 1213 εί
2793 1160 2962 1230 μηδὲν
2993 1159 3144 1222 ἄλλο,
3181 1157 3277 1208 καὶ
3320 1157 3418 1218 τὰς
3457 1153 3702 1223 μέμψεις

2115 1256 2438 1326 αἰδεσθῆναι
2471 1254 2706 1307 τουτωνὶ
2741 1253 2851 1305 τῶν
2884 1252 3159 1306 Λατίνων,
3198 1247 3247 1300 (οἳ
3284 1247 3378 1299 καὶ
3423 1245 3561 1314 μετά
3599 1245 3703 1305 τὰς

2118 1349 2363 1419 πονηρὰς
2394 1345 2660 1414 ἀγγελίας
2690 1344 2785 1397 καὶ
2816 1343 2908 1395 τὸν
2939 1339 3324 1395 ἐπισεισθέντα
3354 1335 3517 1404 ςόόον
3544 1335 3704 1404 ἡμῖν,

2118 1441 2212 1494 ’ἔτι
2248 1440 2592 1510 καθημένους
2630 1437 2896 1510 ὁρῶντες,
2932 1437 3026 1488 καὶ
3073 1435 3251 1502 μάτην
3293 1428 3583 1501 τρίϐοντας
3607 1428 3704 1479 τὸν

2118 1536 2335 1606 καιρὸν,
2383 1533 2480 1586 καὶ
2533 1531 2726 1600 ὥσπερ
2761 1529 3058 1593 παίζοντας
3094 1527 3154 1576 ἐν
3189 1523 3250 1576 ού
3298 1523 3574 1585 παικτοῖς,
3604 1519 3707 1570 καὶ

2117 1629 2228 1682 τῶν
2254 1626 2447 1680 δεινῶν
2480 1623 2813 1692 ἐγγιζόντων
2852 1619 2963 1673 οὐδ’
2992 1616 3510 1688 ἐπιστρεφομένους,
3537 1611 3705 1665 λιθὼ-

2118 1724 2230 1786 δεις
2261 1721 2357 1774 καὶ
2384 1721 2671 1790 ἀνοήτους,
2703 1718 2798 1769 καὶ
2831 1715 3099 1786 προδότας
3148 1713 3256 1766 τῶν
3305 1709 3455 1763 ίδίων
3487 1709 3704 1768 ἀποκα-

2119 1814 2307 1867 λοῦσιο
2342 1803 2439 1866 κάὶ
2490 1812 2627 1874 ὅλως
2672 1809 2768 1880 τῆς
2823 1806 3176 1878 ἀνθρωπίνης
3218 1802 3438 1874 φύσεως
3489 1799 3596 1866 ἔξω
3647 1798 3710 1850 τὸ

2123 1907 2398 1978 ἡμέτερον
2426 1904 2692 1968 τίθενται,
2727 1900 2852 1956 οὕτε
2886 1901 3146 1970 πρόνοιαν
3167 1895 3276 1950 τῶν
3302 1893 3540 1958 οἰκείων,
3577 1890 3706 1945 οὔτε

2124 2001 2363 2070 σπουδὴν
2400 1997 2715 2070 ἀνθρώποις
2749 1997 3138 2066 προσήκουσαν
3189 1995 3322 2063 ἡμῖν
3373 1991 3700 2060 ἐνορῶντες.

2123 2089 2248 2151 Πῶς
2281 2086 2338 2140 δέ
2367 2087 2619 2156 νομίζετε
2651 2084 2881 2148 τούτους
2916 2081 3399 2154 ἡμῖν’)(ρήσασθαι
3438 2081 3506 2134 ἂν
3540 2082 3706 2151 ἡμῶν

2122 2182 2252 2242 τοὺς
2302 2181 2407 2250 μὲν
2460 2180 2571 2234 τῶν
2621 2181 2794 2249 ἁγίων
2843 2179 3230 2250 ἀτιμαζόντων
3274 2179 3399 2242 τοὺς
3435 2178 3492 2230 δὲ
3525 2179 3712 2246 ἐκκρι-

2123 2275 2347 2328 νόντων·
2389 2273 2487 2326 καὶ
2520 2275 2590 2326 τὰ
2642 2271 2743 2342 μὲν
2803 2271 2916 2325 τῶν
2945 2270 3308 2340 ,ἀξιωμάτων
3355 2267 3712 2323 νενοθεῦσθαι

2125 2370 2416 2436 λεγόντων,
2449 2368 2518 2420 τὰ
2545 2367 2591 2419 δ’
2615 2366 2802 2426 ἁπλῶς
2841 2366 3046 2419 οὑτωσὶ
3085 2365 3160 2436 μὴ
3190 2364 3592 2434 προσιεμένων,
3616 2365 3716 2417 καὶ

2125 2461 2215 2513 ἀεὶ
2252 2458 2607 2530 μελετώντων
2638 2459 2665 2512 ὃ
2712 2458 2766 2512 τί
2814 2475 2877 2526 γε
2926 2457 3287 2527 σοφιούμεθα·
3317 2461 3413 2511 καὶ
3449 2456 3586 2526 πρὸς
3616 2456 3716 2508 ἀλ-

2125 2553 2324 2623 λήλους
2353 2552 2782 2616 στασιαζόντων,
2819 2550 2913 2604 καὶ
2963 2550 3102 2618 πρὸς
3134 2550 3232 2620 τὴν
3281 2549 3392 2603 τῶν
3419 2549 3718 2620 δογμάτων

2128 2646 2315 2715 κρίσιν
2346 2644 2669 2715 ἡγουμένων
2725 2645 2919 2713 ἀρκεῖν
2967 2643 3213 2713 ἀμαθίαν
3263 2659 3324 2696 τε
3372 2644 3466 2696 καὶ
3498 2645 3560 2696 τ’)
3589 2644 3716 2706 τοὺς

2129 2739 2360 2801 πολλοὺς
2391 2738 2580 2806 φάναι,
2617 2736 2651 2808 ἢ
2681 2737 2775 2789 τὸν
2807 2735 2957 2789 δεῖνα
2987 2735 3362 2806 ἀρνήσασθαι,
3393 2737 3717 2808 ἐπιστήμην

2129 2833 2186 2886 δὲ
2218 2831 2313 2886 καὶ
2344 2828 2472 2883 νοῦν
2517 2829 2615 2882 καὶ
2650 2828 2846 2897 σοφίαν
2879 2828 3316 2897 ἀποκλειόντων,
3345 2831 3441 2884 καὶ
3469 2831 3720 2884 Λατίνων

2129 2923 2304 2976 ταῦτα
2351 2919 2742 2990 ἀνεχομένων;
2791 2919 2852 2971 ού
2905 2919 3016 2987 γὰρ
3067 2921 3244 2990 δήπου
3311 2919 3466 2990 σφίσι
3526 2923 3721 2976 κινδυ-

2131 3015 2278 3068 νεύει
2335 3015 2402 3066 τὰ
2459 3013 2804 3082 πράγματα,
2861 3013 2927 3065 ἀν
2966 3010 3142 3066 ταῦτα
3202 3003 3510 3068 ποιούντων
3557 3017 3720 3086 ἡμῶν

2133 3106 2374 3176 ἀγγελθῇ
2405 3124 2455 3158 τι
2488 3105 2682 3158 δεινόν·
2715 3103 2743 3157 ὃ
2781 3104 2856 3176 μὴ
2887 3105 3123 3172 γένοιτο,
3147 3106 3250 3158 Θεέ
3291 3105 3540 3175 βασιλεῦ,
3578 3110 3717 3180 μηδὲ

440 3203 738 3270 benignum
780 3211 992 3268 patrem
1041 3210 1104 3248 ac
1145 3194 1458 3248 dominum.
1484 3192 1676 3246 Nullus
1731 3205 1912 3245 Sermo
1939 3204 2028 3258 po-

2135 3201 2338 3268 φάνηθι
2377 3196 2578 3266 μᾶλλον
2626 3197 2760 3264 ἡμῖν
2786 3197 2998 3258 δίκαιος
3029 3195 3294 3266 δικαστὴς
3325 3197 3358 3269 ἢ
3395 3199 3710 3271 φιλάνθρω-

441 3295 566 3348 terit
592 3292 900 3363 exprimere
937 3298 1142 3358 quanta
1187 3303 1331 3341 nunc
1357 3285 1667 3341 uotabimur
1691 3283 1987 3353 ignominia
2014 3297 2025 3335 :

441 3390 554 3442 imo
581 3403 708 3440 vero
750 3400 819 3439 ne
849 3394 1178 3453 praesentem
1216 3379 1440 3450 quidem
1476 3378 1762 3433 declarare
1799 3383 2025 3446 potest:

443 3493 579 3536 tunc
607 3492 736 3532 vero
765 3477 920 3532 nobis
947 3477 1066 3546 plus
1095 3477 1225 3546 quid
1261 3476 1424 3530 etiam
1456 3473 1887 3529 concedentibus
1921 3486 2026 3525 non

443 3573 768 3640 pracl.el.unt
818 3585 1000 3635 aures,
1035 3567 1126 3622 sed
1165 3581 1387 3638 propter
1413 3571 1514 3621 huc
1541 3576 1810 3636 perpetuo
1836 3565 1892 3618 in
1927 3579 2026 3617 nos

442 3667 570 3718 odio
596 3663 921 3733 ﬂagrabunt,
955 3663 1632 3731 nostrorumquetut'piter
1689 3658 2028 3729 proditores,

443 3773 491 3811 ct
519 3756 723 3812 Christi
757 3757 942 3812 hostes
974 3755 1346 3825 appellabunt.

518 3937 575 3992 Si
627 3937 753 4008 quis
803 3953 931 3993 vero
965 3937 1130 4001 dicat,
1188 3937 1345 3992 nobis
1381 3938 1602 4008 quidem
1659 3935 1745 3989 hic
1785 3936 1855 3988 it!
1915 3950 2037 3988 esse

443 4033 864 4096 caunsidendum,
913 4031 1240 4100 sperandum
1275 4046 1402 4085 vero
1449 4034 1633 4082 hostes
1666 4043 1694 4080 a
1741 4025 1848 4080 Deo
1910 4025 2040 4079 ulei-

442 4125 702 4191 scendos,
733 4125 824 4193 qui
854 4135 1092 4177 nostram
1131 4123 1319 4178 urbem
1352 4123 1510 4176 nobis
1539 4119 1887 4174 conservabit
1912 4136 1926 4175 ;
1952 4118 2039 4171 ille

445 4231 496 4270 et
527 4219 766 4288 seipsum
796 4215 1018 4286 decipit,
1057 4227 1112 4271 et
1139 4216 1367 4270 omnino
1395 4217 1459 4270 de
1495 4214 1602 4269 Deo
1628 4214 1760 4268 falsa
1786 4213 2038 4267 allirmal.

445 4305 589 4364 Nulli
625 4310 772 4363 enim
813 4310 954 4363 solet
996 4307 1042 4362 is
1078 4307 1332 4378 opitulari
1363 4308 1605 4378 segniter
1637 4309 1842 4378 agenti,
1868 4306 1960 4360 sed
1994 4307 2039 4361 si

449 4417 548 4473 pro
581 4402 718 4454 \il‘iii
750 4400 972 4469 quidem
1016 4409 1167 4469 parte
1225 4399 1456 4465 laboret,
1507 4399 1679 4467 ipsius
1727 4415 1854 4453 Vero
1879 4399 2040 4452 etiam

2135 3307 2235 3353 πος
2266 3289 2450 3359 πατὴρ
2499 3289 2596 3341 καὶ
2645 3287 2940 3358 δεσπότης.
2990 3288 3185 3351 Οὐδεὶς
3231 3289 3392 3357 λόγος
3426 3291 3725 3362 ἐξαρκέσαι

2131 3383 2230 3452 τὴν
2263 3382 2373 3435 τόθ’
2426 3383 2581 3451 ἡμᾶς
2629 3380 3092 3451 καταληψσμένην
3142 3381 3412 3452 αἰσχύνην
3453 3384 3720 3456 δηλῶσαι·

2135 3475 2341 3546 μᾶλλον
2367 3473 2424 3527 δέ
2458 3475 2578 3527 οὐδὲ
2614 3476 2709 3543 τὴν
2752 3473 2848 3527 νῦν
2885 3473 3052 3528 οὖσαν
3098 3474 3274 3539 οὐδεὶς
3318 3477 3483 3542 ἀρκεῖ
3533 3495 3717 3550 παρα-

2135 3570 2354 3636 στῆσαι.
2384 3565 2518 3618 Τότε
2549 3565 2605 3618 δὲ
2638 3566 2733 3618 καὶ
2765 3565 2932 3619 πλέον
2962 3583 3016 3619 τι
3067 3568 3454 3638 συγχωροῦσιν
3485 3571 3618 3641 ἡμῖν
3655 3574 3720 3625 03

2135 3658 2516 3731 προσέξνιυσιν,
2571 3660 2692 3712 οὐδὲ
2752 3658 3056 3714 παύσονται
3109 3662 3197 3715 διὰ
3226 3661 3382 3716 τοῦτο
3429 3665 3721 3733 μισοῦντές

2134 3771 2192 3804 τε
2227 3754 2318 3804 καὶ
2347 3753 2612 3822 προδότις
2642 3753 2750 3806 τῶν
2779 3753 3002 3807 οἰκείων
3044 3756 3288 3826 αἰσχρῶς
3324 3759 3419 3811 καὶ
3449 3760 3544 3812 τοῦ
3580 3761 3726 3831 Χρι-

2139 3846 2266 3917 στοῦ
2301 3846 2594 3915 πολεμίους
2621 3847 3048 3909 ἀποκαλοῦντες.

2212 3939 2272 3993 Ei
2296 3938 2352 3992 δὲ
2389 3939 2537 4005 λέγει
2576 3957 2684 4002 τις,
2714 3941 2862 4010 ἡμᾶς
2900 3941 2998 4009 μὲν
3030 3940 3176 3994 οὕτω
3209 3941 3320 3995 δεῖν
3357 3941 3592 3997 ἐνταῦθα
3624 3963 3732 3998 και

2141 4032 2361 4102 θῆσθαι,
2386 4032 2632 4098 ἐλπίζειν
2659 4033 2714 4087 δὲ
2743 4035 2834 4086 τὸν
2865 4035 3001 4088 Θεὸν
3033 4035 3364 4105 ἀμυνεῖσθαι
3399 4038 3528 4102 τοὺς
3555 4040 3726 4094 πολε-

2144 4127 2322 4195 μους,
2372 4126 2466 4179 καὶ
2497 4127 2597 4197 τὴν
2647 4129 2930 4196 ἡμετέραν
2977 4127 3328 4196 διαφυλάξειν
3381 4129 3538 4184 πόλιν
3565 4133 3734 4201 ἡμῖν.

2141 4214 2294 4279 οὗτος
2327 4219 2420 4270 καὶ
2452 4219 2646 4271 tam»
2679 4220 2890 4290 ἀπατᾷ,
2917 4220 3012 4272 καὶ
3041 4220 3136 4273 τοῦ
3162 4219 3300 4274 Θεοῦ
3325 4222 3736 4290 καταψεύδεται

2145 4311 2396 4372 πάντως’
2429 4309 2606 4362 οὐδενὶ
2631 4311 2749 4378 ,γὰρ
2808 4311 2970 4364 εἴωθε
3020 4312 3239 4383 βοηθεῖν
3270 4313 3585 4382 ἀμελοῦντι,
3613 4317 3739 4372 ἀλλ’

2144 4399 2348 4452 όπόταν
2396 4402 2466 4452 τά
2516 4399 2661 4452 κατά
2699 4400 2934 4470 δύναμιν
2981 4403 3239 4472 πράττων
3270 4420 3370 4472 τις,
3399 4404 3479 4460 ἔτι
3507 4408 3603 4460 καὶ
3635 4413 3741 4479 τῆς

447 4495 692 4564 indigeat
717 4493 942 4556 auxilio,
977 4495 1097 4547 sine
1123 4508 1233 4563 quo
1261 4491 1393 4545 nihil
1419 4493 1680 4561 perlicere
1711 4508 2028 4560 possumus.

2142 4487 2272 4556 παρ’
2300 4490 2516 4542 ἐκείνου
2546 4489 2739 4560 δὲηται
2767 4490 3049 4560 βοηθείας,
3080 4486 3149 4565 ἦς
3191 4493 3322 4548 ἀνευ
3361 4495 3514 4549 οὐδὲν
3543 4499 3738 4553 ἀνύειν

450 4585 563 4655 Ego
591 4585 737 4640 enim
786 4601 884 4640 nec
912 4586 955 4639 si
982 4599 1173 4639 omnes
1213 4584 1434 4653 quidem
1469 4585 1614 4639 vires
1652 4593 1870 4639 nostras
1900 4601 2034 4638 con-

451 4677 718 4741 feramus,
785 4674 1023 4730 dixerim
1091 4675 1194 4730 hoc
1253 4675 1502 4731 sullicere
1565 4676 1630 4730 ad
1696 4678 2040 4732 ult-istendos

453 4769 677 4831 hostes;
708 4767 803 4821 sed
853 4765 897 4820 si
929 4774 982 4819 ct
1013 4767 1297 4835 pecuniam
1331 4781 1576 4830 Omnem,
1624 4777 1680 4822 et
1713 4782 1881 4826 nares
1915 4767 2042 4821 hinc

453 4875 648 4912 omnes
667 4865 948 4914 sumentes
969 4857 1255 4926 abeamus,
1290 4859 1421 4911 nihil
1454 4859 1558 4912 hoc
1596 4859 1759 4914 nobis
1792 4857 2042 4928 profutu-

453 4965 598 5016 rutu,
659 4949 763 5004 nisi
811 4948 976 5003 etiam
1045 4949 1193 5004 adsit
1250 4950 1486 5020 desuper
1532 4951 1841 5016 auxilium;
1898 4949 2039 5019 quod

452 5040 589 5095 bene
621 5039 971 5110 sperantibus
1006 5050 1059 5095 ct
1090 5042 1443 5097 credentibus
1491 5042 1748 5109 adveniet
1793 5057 2043 5096 necessa-

454 5132 538 5184 rio
569 5147 584 5185 :
619 5132 670 5185 in
717 5133 830 5186 otio
882 5147 1012 5186 vero
1064 5145 1116 5185 et
1154 5134 1404 5187 socordia
1448 5133 1631 5198 nobis,
1679 5133 1822 5186 unde
1856 5135 2038 5187 omnia

452 5223 563 5276 illic
597 5224 852 5290 pendent,
897 5222 1438 5278 contabeseentibus.
1495 5223 1701 5276 nullum
1741 5237 1961 5292 quoque
2009 5235 2040 5277 a

453 5314 564 5367 Deo
607 5329 704 5383 par
757 5325 844 5368 est
872 5331 1094 5382 sperare
1146 5314 1475 5370 subsidium.
1516 5313 1702 5367 Palam
1738 5315 1902 5384 igitur
1934 5328 2040 5383 est,

457 5421 651 5478 praeter
692 5409 793 5462 alia
853 5411 1059 5472 omnia,
1122 5400 1193 5462 ob
1249 5425 1372 5484 quae
1430 5424 1531 5462 nos
1581 5418 1797 5478 oportet
1835 5387 2042 5479 aliquid

453 5505 736 5570 perlicere,
778 5516 1133 5572 praesensque
1164 5503 1439 5572 negotium
1497 5501 1564 5556 ad
1607 5501 2045 5570 qualemcunque

455 5600 616 5649 tinem
673 5597 997 5666 perducere,
1055 5594 1195 5650 satis
1249 5610 1370 5650 esse
1428 5595 1829 5666 impendentem
1897 5611 2044 5650 nunc

454 5687 696 5742 hostium
763 5700 1074 5752 terrorem;
1132 5687 1291 5741 habet
1347 5687 1493 5742 enim
1545 5688 1589 5741 is
1635 5687 1939 5740 evidentem
1992 5698 2046 5741 et

457 5779 822 5833 inevitabilem
891 5779 1293 5835 necessitatem.
1361 5778 1542 5845 Quare
1603 5781 1669 5833 de
1710 5780 1926 5835 damnis
1992 5789 2047 5834 et

459 5868 805 5940 utilitatibus,
839 5888 958 5942 quae
1011 5871 1440 5939 subsequuntur,
1507 5871 1551 5928 si
1589 5871 1914 5930 conﬁciatur
1946 5888 2044 5928 ne-

2143 4578 2442 4648 δυνάμεθα.
2482 4579 2628 4648 Ἐγὼ
2680 4581 2813 4651 γὰρ,
2845 4581 2954 4635 οὐδ’
3018 4581 3085 4635 ἂν
3139 4586 3320 4638 πάντα
3365 4590 3738 4656 πεποιηκότες

2148 4666 2298 4742 ὦμεν
2335 4675 2402 4726 τά
2434 4672 2655 4738 δηλνειτά,
2687 4675 2895 4742 simul}
2933 4675 3000 4729 ἂν
3036 4676 3174 4745 πρὸς
3221 4677 3324 4747 τὴν
3373 4679 3588 4748 ἄμυναν
3621 4686 3736 4735 τῶν

2150 4765 2423 4832 π’,λεμίων
2451 4764 2596 4817 τοῦτ’
2639 4765 2896 4836 ἐξαρκεῖν
2927 4783 2942 4798 ⁶
2970 4768 3087 4820 ἀλλ’
3115 4769 3183 4822 ἃν
3222 4771 3400 4824 πάντα
3442 4772 3542 4841 μὲν
3593 4777 3739 4843 χρή-

2153 4874 2322 4927 ματα,
2347 4856 2476 4920 ναῦς,
2512 4858 2569 4912 δέ
2603 4858 2827 4923 ἁπάσας
2859 4859 3116 4913 ἐντεῦθεν
3144 4861 3429 4931 εἰληφότες
3455 4865 3738 4935 ἀπίωμεν,

2149 4950 2302 5004 οὐδὲν
2341 4949 2563 5006 ἔσεσθαι
2589 4952 2753 5006 πλέον
2785 4955 2940 5024 ἡμῖν,
2971 4955 3046 5025 μὴ
3077 4957 3172 5009 καὶ
3219 4957 3314 5025 τῆς
3351 4957 3561 5012 ἀνωθεν
3606 4958 3745 5028 βοη-

2152 5042 2300 5107 θείας
2330 5047 2772 5117 πρνισ-,ιινομὲνης
2793 5062 2806 5075 ·
2834 5046 2903 5117 ῆν
2936 5048 3119 5112 καλῶς
3145 5049 3476 5114 ἐλπίσαντας
3506 5057 3602 5105 καὶ
3637 5070 3741 5106 πε-

2151 5136 2538 5201 πιστευκότας,
2586 5138 2801 5208 ἀνάγκη
2854 5139 3007 5194 πᾶσα
3043 5140 3250 5194 λαϐεῖν.
3281 5141 3655 5212 Ἀμελυύντων
3687 5145 3738 5198 δ’

2152 5225 2312 5296 ἡμῶν
2345 5228 2439 5279 καὶ
2496 5229 3032 5298 ἀφροντιστούντων,
3075 5226 3150 5286 ὧν
3204 5231 3500 5305 ἐξήρτηται
3555 5237 3736 5290 πάντα

2151 5319 2334 5386 τάκεῖ,
2359 5321 2482 5375 οὐδὲ
2508 5323 2660 5393 παρὰ
2685 5324 2823 5378 Θεοῦ
2867 5311 2985 5379 τινα
3025 5328 3347 5398 συμμαχίαν
3372 5328 3614 5393 ἐλπίζειν
3644 5329 3741 5382 εὕ-

2151 5411 2310 5479 λογόν
2353 5413 2493 5468 ἐστι.
2525 5415 2697 5482 Δῆλον
2747 5416 2930 5471 τοίνυν
2959 5419 3136 5482 ἐστὶν,
3183 5421 3265 5473 ὅτι
3295 5420 3392 5474 καὶ
3427 5421 3596 5490 χωρὶς
3626 5422 3744 5477 τῶν

2152 5503 2327 5558 ἄλλων
2359 5506 2641 5576 ἁπάντων,
2686 5500 2764 5562 ὧν
2799 5511 2964 5565 ἕνεκα
3010 5510 3094 5563 δεῖ
3141 5527 3195 5564 τι
3245 5512 3528 5582 περαίνειν
3561 5515 3737 5583 ἡμᾶς,

2152 5597 2248 5651 καὶ
2273 5598 2425 5663 τέλος
2455 5604 2568 5666 τοῖς
2597 5597 2832 5674 παροῦσι
2861 5605 3189 5674 πράγμασιν
3219 5603 3399 5660 ὁτιοῦν
3438 5607 3732 5677 ἐπιθεῖναι,

2153 5693 2318 5761 ἀρκεῖ
2336 5693 2396 5745 τὸ
2432 5691 2526 5747 νῦν
2556 5695 2923 5766 ἐφιστάμενον
2950 5697 3068 5760 δέος
3101 5698 3210 5752 τῶν
3233 5698 3510 5766 πολεμίων
3531 5716 3546 5731 ·
3571 5700 3731 5754 τοῦτο

2154 5785 2262 5854 γὰρ
2301 5785 2571 5856 πρόδηλον
2621 5790 2736 5859 ἔχει
2773 5793 2865 5843 καὶ
2900 5791 3279 5862 ἀπαραίτητον
3325 5795 3426 5864 τὴν
3463 5795 3736 5865 ἀνάγκην.

2157 5879 2255 5932 Διά
2286 5877 2449 5932 τοῦτο
2505 5880 2710 5951 βλάϐας
2740 5899 2797 5936 τε
2853 5886 2946 5936 καὶ
2997 5883 3269 5953 ὠφελείας
3319 5886 3418 5952 τὰς
3454 5888 3519 5942 εκ
3547 5904 3603 5940 τε
3642 5887 3740 5940 τοῦ
