4038 6426
390 276 561 365 tos

1547 301 1889 363 ΟΠΑἸΊΟΙ
1932 301 2027 360 AD
2051 299 2416 359 SYNODUM
2459 348 2472 361 .

3539 291 3645 352 476

385 410 537 471 θείας
576 408 671 463 καὶ
702 408 794 462 τοῦ
833 407 1001 463 καλοῦ
1032 411 1128 464 καὶ
1159 411 1326 466 πᾶσιν
1376 410 1506 480 ὑμῖν
1559 410 1953 482 συμφέροντος,
1982 422 2017 483 Α

2097 407 2242 460 mnia
2310 422 2408 475 pro
2439 405 2663 459 veritate
2696 416 2747 459 rt
2785 408 3041 472 homs‘o,
3077 418 3252 469 eoque
3307 402 3449 473 quod
3490 403 3645 457 vobis

378 501 412 552 ὃ
439 499 536 553 καὶ
563 500 687 568 ἐμοὶ
722 498 816 553 καὶ
838 502 950 563 τοῖς
976 500 1203 564 οἰκείοις
1240 501 1395 554 ἔσται
1438 503 1740 572 συμφέρον,
1779 505 1959 558 πάντα

2100 499 2315 553 mnibus
2359 498 2488 551 utile
2540 500 2782 551 Iulurum
2843 498 2942 563 sit,
2987 506 3041 551 et
3076 495 3207 550 mihi
3265 492 3332 552 ac~
3373 496 3555 548 meis:
3593 505 3646 548 et

380 594 452 647 ἂν
495 592 841 662 ﬁmo-cipiat“
873 594 965 645 καὶ
1024 594 1106 648 ἔτι
1176 593 1315 665 πρὸς
1370 598 1552 650 πᾶσαν
1613 597 1784 667 τύχην
1838 598 1969 664 ἐμοὶ

2102 599 2323 644 rzeterea
2372 589 2715 655 exiStimans,
2770 589 2903 645 satis
2954 588 3084 643 mihi
3138 600 3261 643 esse
3300 586 3366 642 ad
3398 588 3651 656 quamvis

390 682 626 748 νομίζων
676 684 869 756 ἀρκεῖν
927 684 989 738 τὸ
1048 686 1125 757 μὴ
1166 686 1374 757 κρύψαι
1422 688 1503 744 τὰ·
1549 691 1963 761 παριστάμενα.

2067 679 2365 744 fortunam,
2414 679 2573 748 quod
2613 695 2737 748 qum
2773 680 2901 734 mihi
2944 679 3289 745 videbantur,
3325 695 3434 733 non
3475 680 3651 733 subti-

402 776 590 845 Ὑμεῖς
633 775 689 829 δὲ
735 775 951 835 ἕλοισθε
973 777 1044 832 τὰ
1074 779 1639 849 συνοίσοντα,ηπὰντες
1684 781 1785 851 μὲν
1829 782 1967 835 Θεὸν

2102 771 2297 827 uerim.
2324 769 2434 825 Vos
2458 781 2643 826 autem
2691 772 2873 840 eligite
2903 784 3025 841 quae
3060 771 3116 825 in
3147 785 3263 825 rem
3294 779 3441 830 sunt,
3466 769 3648 823 omni-

391 869 757 938 ήγεμόνακαὶ
789 870 987 940 βουλῆς
1025 873 1124 925 καὶ
1159 872 1320 940 λόγου
1363 874 1471 928 καὶ.
1502 874 1666 947 ἔργου
1709 876 1961 948 παραλαο

393 959 578 1025 εόντες
598 977 613 993 ο
645 962 694 1014 εἰ
731 962 791 1015 δέ
823 963 908 1027 τίς
952 964 1102 1019 ἐστιν
1126 965 1155 1018 δ
1190 966 1262 1020 τὰ
1303 967 1473 1037 χείρω
1505 967 1677 1023 θέλων
1715 973 1962 1037 κρατεῖν,

392 1052 443 1105 οἰ
496 1052 720 1118 πλείους
770 1071 829 1107 τε
893 1055 989 1108 καὶ
1046 1054 1347 1127 σοφώτεροι
1404 1063 1500 1113 καὶ
1551 1060 1676 1114 νοῦν
1724 1062 1966 1139 μάλιστα

396 1141 632 1212 ἔχοντες,
665 1146 996 1212 πράττοντες
1043 1149 1113 1202 τὰ
1155 1147 1371 1217 βελτίω.
1406 1146 1577 1217 Οὗτος
1604 1154 1979 1226 γὰρνσυνόδουη

398 1234 492 1288 καὶ
516 1236 792 1301 πολιτείας
823 1240 1040 1311 ἀπάτης
1065 1243 1160 1297 καὶ
1182 1244 1446 1313 συλλόγου
1474 1246 1677 1311 παντὸς
1704 1251 1799 1303 καὶ
1828 1249 1983 1313 ὄλωςς

396 1326 495 1381 ἀνθ
500 1326 703 1397 ρώπων
736 1330 946 1400 πέφυκε
971 1334 1157 1405 νόμος.

2070 861 2440 932 bus,quidem
2492 860 2602 916 Deo
2635 872 2687 917 et
2724 861 2938 917 consilii
2984 871 3039 917 et
3073 862 3341 917 sermonis
3371 870 3424 916 et
3470 860 3657 930 operis

2072 955 2211 1009 duce
2235 953 2538 1022 proposito.
2577 951 2633 1007 Si
2666 946 2791 1024 quis
2814 968 2945 1008 vero
2975 961 3079 1017 est,
3111 950 3205 1022 qui
3232 951 3361 1006 velit
3380 952 3650 1006 deteriora

2074 1044 2391 1115 praevalere,
2424 1046 2608 1115 plures
2638 1055 2692 1100 et
2725 1045 2999 1100 doctiores
3029 1052 3084 1099 et
3109 1043 3392 1114 prudentia
3419 1044 3656 1096 maxime

2074 1146 2397 1205 praestantes
2459 1145 2626 1208 agant
2665 1137 2934 1192 meliora:
2972 1137 3087 1190 haec
3137 1134 3283 1189 enim
3332 1142 3423 1188 est
3462 1134 3653 1204 synodi

2071 1231 2184 1295 lex,
2245 1239 2300 1286 et
2354 1229 2597 1301 cujusvis
2654 1231 2985 1299 reipuhEil-aa,
3016 1238 3081 1284 et
3117 1235 3422 1283 conventus
3451 1226 3651 1293 omnis,

2076 1331 2237 1393 atque
2263 1331 2322 1377 ut
2364 1320 2475 1378 uno
2502 1325 2670 1379 verbo
2698 1323 2899 1385 dicam,
2930 1320 3237 1377 hominum.

418 1476 3593 1516 ,Μ

1191 1585 1421 1674 ΤΟΥ
1504 1586 1886 1681 ΑΥΤΟΥ
1969 1590 2355 1682 ΛΟΓΟΣ
2412 1595 2858 1683 ΠΡΩΤΟΣ

992 1736 1137 1807 Πρὸς
1175 1738 1274 1808 τὴν
1324 1740 1384 1794 έν
1429 1740 1743 1813 Φλωρεντία
1812 1743 2204 1816 οἰκουμενικὴν
2277 1746 2498 1799 σύνοδον
2560 1744 2704 1814 ὑπὲρ
2760 1744 3010 1816 εἰρήνης.

598 1844 727 1901 ὀτι
759 1847 1128 1923 dor/tamam
1155 1853 1383 1911 ἕνωσιν
1408 1855 1507 1912 δεῖ
1536 1859 1755 1924 ποιεῖν,
1789 1862 1903 1915 οὐκ
1938 1862 2027 1929 sip

2032 1862 2191 1931 ήνην
2215 1864 2659 1932 οἰκουμενικὴν,
2692 1859 2775 1931 ὥς
2814 1876 2976 1929 τινες
3032 1861 3370 1928 ,ϐούλονται
3398 1875 3414 1893 ·

1678 1931 1777 1986 καί
1815 1930 1909 1999 τίς
1959 1930 2155 1987 ἐστινί
2193 1932 2347 2001 αὕτη

1330 2116 1337 2123 ’
1390 2159 1939 2249 nauseam.
2010 2155 2471 2251 ORATIO
2552 2161 2580 2247 ι

1110 2310 1203 2374 Ad
1257 2310 1570 2390 synodum
1638 2309 2096 2374 mcumenicam
2152 2309 2576 2374 Florentinam
2635 2312 2713 2373 de
2759 2327 2937 2392 pace.

703 2430 855 2498 Quod
887 2433 1136 2503 facienda
1159 2436 1232 2492 sit
1255 2438 1381 2493 unio
1402 2439 1729 2513 dogmatigo.
1763 2446 1813 2492 et
1850 2454 1954 2513 non
1979 2452 2109 2506 pax,
2137 2455 2253 2508 quae
2274 2443 2523 2510 presenti
2551 2455 2725 2496 rerum
2763 2441 2929 2496 statui
2959 2441 3029 2496 sit
3066 2445 3370 2513 profutura,

1483 2508 1538 2561 ut
1572 2508 1792 2579 quidam
1826 2508 2028 2574 volunt,
2061 2518 2110 2564 et
2140 2508 2383 2580 quanam
2405 2526 2468 2566 ea
2488 2512 2579 2565 sit.

482 2732 824 2802 Παρακαλεω
862 2734 960 2803 μὲν
989 2735 1082 2788 ἐπὶ
1106 2735 1208 2806 τὴν
1238 2736 1466 2807 εἰρήνην
1496 2737 1663 2806 ὑμᾶς,
1689 2739 1792 2793 οὐκ
1813 2734 1915 2793 οἷδ’
1948 2738 1977 2793 ὃ
2012 2747 2017 2801 1

2152 2735 2271 2792 Non
2300 2736 2462 2791 video
2508 2750 2607 2792 cur
2632 2749 2774 2807 opus
2797 2736 2869 2792 sit
2899 2751 2996 2793 vos
3021 2736 3300 2792 adhortari
3351 2737 3417 2791 ad
3452 2753 3665 2806 pacem.

410 2841 462 2875 τι
492 2825 614 2894 χρὴ,
648 2823 861 2877 οἰκοθεν
908 2825 995 2879 ἐπ’
1041 2826 1213 2897 αὐτὴν
1255 2831 1352 2881 καὶ
1406 2830 1513 2899 πρὸ
1553 2829 1750 2884 πολλοῦ
1806 2846 1988 2900 παρα-

412 2914 801 2982 κεκλημένους,
848 2916 941 2968 καὶ
982 2917 1051 2969 δι’
1088 2918 1223 2987 ὅσης
1271 2918 1437 2986 ἄγετε
1483 2919 1690 2989 ταύτην
1747 2921 1987 2989 σπουδῆς

412 3005 594 3071 ἔργοις
626 3005 811 3067 αὐτοῖς
838 3005 1264 3077 ἐπιδεδειχότας,
1294 3008 1471 3073 ἄλλως
1524 3026 1583 3062 τε
1630 3010 1726 3064 καὶ
1774 3010 1988 3065 πολλῶν

413 3096 552 3167 ὑπὲρ
603 3097 773 3169 αὐτῆς
830 3099 1134 3170 εἰρηκότων
1189 3102 1290 3155 ὅσα
1348 3102 1452 3171 μὲν
1488 3102 1627 3173 αὐτῇ
1681 3103 1991 3158 συνοίδασιν

413 3190 612 3256 ἀγαθὰ,
642 3194 845 3256 ὁπόσας
873 3193 930 3248 δὲ
953 3195 1069 3258 τοῖς
1101 3194 1454 3265 αἱρουμένοις
1486 3193 1597 3250 οἶδε
1643 3195 1853 3250 τίκτειν
1889 3196 1989 3261 τὰς

414 3283 716 3352 ὠφελείας
746 3286 811 3339 ἂν
840 3285 897 3340 δὲ
936 3286 1003 3340 δι’
1035 3282 1109 3341 ὧν
1152 3286 1219 3341 ἂν
1269 3288 1478 3355 γένοιτο
1530 3287 1737 3358 ταύτης
1782 3291 1986 3359 τυχεῖν,

417 3378 510 3430 καὶ
548 3379 800 3449 ποταπήν
832 3396 957 3433 τινα
1000 3382 1235 3435 συνοίσει
1273 3381 1479 3452 ταύτην
1531 3382 1988 3448 κατασκευάζειν,

418 3472 511 3525 καὶ
540 3472 606 3525 τὰ
638 3472 867 3525 τοιαῦτα
892 3472 995 3543 ήδη
1042 3473 1177 3546 λέγῃ
1201 3491 1285 3539 τις
1314 3474 1579 3541 ἀναστὰς,
1608 3474 1687 3545 τῷ
1717 3474 1897 3546 καιρῷ
1929 3491 1991 3527 τε

423 3562 806 3632 ⁴προσήκοντα,
874 3565 969 3617 καὶ
1020 3564 1152 3632 ὑμῖν
1202 3564 1508 3635 ἀρέσκοντα
1572 3563 1774 3634 λέγειν,
1835 3564 1993 3625 οὗτος

420 3652 644 3718 εἰκότως
689 3655 877 3724 έμίιγε
912 3655 1076 3722 δόξει.
1107 3656 1280 3709 Τοῦτο
1302 3657 1503 3723 τοίνυν,
1533 3656 1600 3711 ἂν
1634 3657 1767 3727 ὑμῖν
1796 3652 1831 3729 ᾗ
1865 3657 1990 3728 βουο

422 3746 695 3816 λομένοις,
726 3747 837 3818 ἐγὼ
862 3750 1101 3821 ποιήσω.
1137 3750 1254 3805 Ούκ
1281 3751 1461 3818 ἀγνοῶ
1492 3750 1594 3834 μὲν
1635 3746 1751 3816 οὗν,
1783 3752 1865 3805 ὅτι
1897 3751 1993 3805 καὶ

423 3843 626 3911 ταύτης
658 3844 757 3912 τῆς
801 3842 1117 3903 ὑποθέσεως
1147 3843 1401 3912 ποικίλης
1433 3860 1491 3896 τε
1535 3842 1700 3915 οὔσης
1730 3844 1828 3897 καὶ
1857 3844 1995 3898 πολὺ

424 3935 485 3986 τὺ
516 3936 813 4006 πρόσαντες
842 3936 1207 4006 κεκτημένης,
1234 3934 1450 4006 ἀνάγκη
1483 3936 1577 3990 καὶ
1627 3937 1817 4003 λόγους
1854 3936 1995 4007 ύπδρ

425 4024 591 4095 αὐτῆς
626 4024 1032 4094 καταδληθῇναι
1072 4025 1339 4089 πολλούς’
1379 4025 1473 4079 καί
1526 4042 1677 4089 ⁵ἰνιις
1731 4026 1998 4082 ἀναστάν-

2087 2845 2212 2886 cum
2254 2844 2349 2901 per
2378 2844 2477 2884 vos
2513 2830 2673 2899 ipsos
2717 2828 3047 2900 jampridem
3095 2828 3216 2885 sitis
3258 2827 3325 2883 ad
3373 2844 3494 2884 eam
3541 2845 3667 2898 pro-

2089 2923 2269 2994 pensi,
2302 2931 2358 2977 et
2406 2922 2587 2992 reipsa
2642 2921 2998 2977 ostenderitis
3050 2930 3260 2991 quanto
3314 2920 3435 2991 ejus
3483 2921 3666 2977 studio

2092 3013 2386 3070 teneamini
2415 3032 2429 3068 :
2454 3012 2598 3082 quod
2630 3014 2937 3084 prtrsertim
2976 3013 3128 3068 multi
3161 3013 3228 3068 de
3257 3029 3319 3068 ea
3351 3029 3663 3069 sermonem

2092 3107 2412 3174 habuerint,
2441 3105 2781 3163 declat-antes
2816 3106 3013 3177 quibus
3041 3110 3159 3161 eam
3190 3105 3347 3161 bonis
3378 3106 3555 3160 sciant
3589 3105 3670 3157 af-

2089 3201 2281 3268 fluere,
2324 3209 2391 3256 et
2417 3216 2478 3258 se
2513 3200 2975 3271 amplectentibus
3014 3207 3251 3269 quantas
3285 3195 3479 3252 afferat
3509 3196 3659 3251 utili-

2094 3303 2253 3350 tates.
2305 3292 2463 3360 Quod
2511 3291 2557 3348 si
2608 3305 2914 3362 exsurgens
2957 3290 3234 3361 quispiam
3290 3303 3351 3343 ea
3404 3298 3672 3358 proponat

2094 3405 2190 3457 per
2216 3405 2339 3459 qua:
2362 3388 2513 3442 illam
2544 3387 2822 3457 possimus
2842 3384 3088 3450 assequi,
3120 3392 3176 3437 et
3201 3381 3509 3453 cujusmodi
3536 3396 3671 3451 pra:-

2093 3488 2199 3536 stet
2232 3482 2402 3549 ipsam
2428 3479 2570 3544 fieri,
2603 3487 2658 3533 et
2690 3479 2742 3533 id
2772 3492 2943 3548 genus
2974 3476 3105 3540 alia,
3140 3475 3186 3531 is
3218 3474 3350 3530 mihi
3378 3475 3502 3545 jure
3527 3473 3671 3526 vide-

2094 3569 2245 3626 bitur
2284 3577 2337 3624 et
2370 3568 2602 3640 tempori
2632 3567 2992 3639 congruentia
3028 3567 3232 3630 dicere,
3265 3574 3321 3619 et
3355 3564 3512 3620 vobis
3540 3580 3673 3620 sane

2097 3662 2389 3733 placitura.
2422 3659 2540 3717 lloc
2594 3661 2785 3730 igitur,
2841 3660 2886 3716 si
2940 3659 3098 3714 vobis
3156 3657 3368 3713 libitum
3413 3657 3541 3719 erit,
3573 3672 3675 3726 ego

2097 3755 2389 3825 praestabo.
2441 3751 2557 3807 Non
2605 3753 2798 3823 ignoro
2847 3760 3052 3815 autem,
3097 3764 3222 3804 eum
3261 3749 3520 3804 materies
3568 3748 3675 3803 ista

2097 3847 2171 3903 sit
2214 3845 2526 3914 multiplex,
2573 3855 2627 3898 et
2674 3843 3033 3912 quamplures
3069 3841 3269 3897 habeat
3307 3840 3673 3905 difﬁcultates,

2097 3952 2327 3993 necesse
2364 3952 2485 3991 esse
2532 3937 2599 3989 dc
2644 3949 2709 3987 ea
2756 3943 2812 3988 et
2862 3932 3069 3988 multos
3114 3947 3398 3987 sermones
3436 3932 3673 3995 institui,

2098 4040 2151 4083 et
2182 4028 2411 4097 proferri
2444 4027 2747 4083 sententias
2780 4025 2849 4080 ab
2879 4025 3003 4080 aliis
3038 4025 3093 4079 in
3123 4026 3363 4079 medium
3399 4025 3675 4094 prodeun-

425 4134 522 4179 τας
552 4117 776 4187 γνώμας
804 4118 871 4171 ἂν
906 4118 1327 4187 εἰσενέγκασθαι
1357 4119 1454 4172 καὶ
1481 4118 1609 4181 ἴσως
1635 4118 1866 4186 ταυτησὶ
1894 4117 1996 4186 τῆς

2102 4121 2250 4178 tibus
2283 4131 2469 4178 nostra
2518 4123 2619 4175 hac
2665 4120 2904 4175 fortasse
2938 4118 3223 4174 meliores.
3270 4116 3378 4171 Sed
3412 4117 3674 4185 quoniam

428 4212 700 4280 ἡμετέρας
757 4211 1039 4279 ἀμείνους.
1085 4210 1226 4264 Ἀλλ’
1268 4212 1395 4264 ἐπεὶ
1446 4212 1576 4282 περὶ
1629 4211 1729 4281 μὲν
1773 4211 1998 4282 εἰρήνης

428 4301 682 4355 ἁπάντων
721 4300 906 4354 ἀκούω
950 4301 1240 4369 λεγόντων,
1292 4303 1385 4355 καὶ
1431 4300 1558 4365 τοὺς
1592 4302 2000 4373 πεπεισμένους

430 4393 661 4459 πείθειν,
718 4395 795 4459 ὡς
838 4395 1007 4461 ἔοικε,
1052 4395 1451 4466 πειρωμένων*
1505 4395 1707 4459 πάντες
1762 4395 1873 4466 γὰρ
1923 4394 2000 4459 ὡς

429 4488 568 4559 ὑπὲρ
595 4489 800 4556 ἀγαθοῦ
840 4489 937 4559 τῆς
967 4490 1197 4560 εἰρήνης
1229 4489 1403 4559 δήπου
1443 4489 1733 4559 συνῆλθον,
1776 4492 1870 4545 καὶ
1910 4491 2003 4543 ού-

429 4580 538 4641 δεὶς
574 4575 705 4649 ἦ).οε
738 4579 1217 4650 διδαχθησόμενος,
1246 4582 1297 4634 εἰ
1320 4579 1430 4633 τῶν
1459 4580 1643 4635 καλῶν
1674 4583 1824 4635 ἐστιν
1862 4580 2002 4653 αῦτη

432 4671 526 4723 καὶ
580 4670 814 4741 τιμίωνυ
873 4669 1063 4725 οὐδένα
1117 4670 1175 4724 δὲ
1234 4672 1549 4743 περαιτέρω
1618 4690 1721 4726 που
1783 4688 2001 4743 προχω-

436 4764 631 4831 ροῦντα
655 4762 768 4827 ὁρῶ
791 4780 806 4794 ο
829 4762 980 4837 ,ἀλλὰ
1021 4762 1133 4817 τῶν
1187 4763 1398 4832 καιρῶν
1436 4763 1799 4836 τριϐομένων,
1827 4765 1887 4819 έν
1922 4757 2005 4827 οἷς

436 4860 579 4920 εἰκός
612 4875 666 4910 τι
696 4858 788 4910 καί
816 4855 926 4909 τῶν
971 4855 1270 4925 ἀξιολόγων
1301 4857 1527 4924 ἁνύσαι,
1556 4860 1768 4921 πάντας
1816 4862 2007 4931 ἀνεχοο

438 4952 655 5017 μένους,
686 4950 999 5016 ἀπαγαγεῖν
1053 4949 1175 5020 μὲν.
1207 4948 1436 5003 εκείνων
1494 4950 1587 5004 τὸν
1619 4949 1796 5019 λόγον,
1826 4953 1922 5006 ἰπὶ
1960 4952 2006 5006 δ’

436 5044 629 5112 ἑτέραν
670 5042 931 5096 ὑπόθεσιν
966 5028 1313 5111 μεταστῆσαι
1370 5038 1638 5111 βούλομαι
1660 5057 1676 5073 θ
1709 5044 1803 5095 καὶ
1835 5043 2009 5097 καθά-

437 5152 540 5205 περ
574 5136 748 5210 ἀρχήν
800 5150 922 5188 τινα
975 5134 1069 5188 καὶ
1103 5134 1457 5205 παράκλησιν
1511 5137 1852 5204 εἰσενεγκεῖν
1892 5137 2010 5200 τοῖς

438 5224 779 5293 βουλομένοις
835 5222 1109 5277 ἅπτεσθαι
1143 5223 1367 5294 ταύτης.
1413 5223 1627 5290 Ἀξιοῦν
1670 5224 1714 5277 δ’
1756 5225 1902 5293 ὑμᾶς
1933 5225 2010 5288 ὼς

439 5314 556 5377 ἔθος
588 5314 728 5383 ὑπὲρ
786 5313 895 5366 τῶν
943 5313 1117 5383 λόγων
1171 5314 1268 5367 καὶ
1315 5298 1551 5368 ἀκοῦσαι
1585 5316 1680 5369 καὶ
1711 5315 1810 5369 σὺν
1840 5315 2008 5384 εὐμεο

2100 4228 2294 4269 omnes
2346 4212 2568 4282 quidem
2628 4211 2796 4267 audio
2850 4210 2917 4267 de
2957 4225 3096 4282 pace
3149 4209 3460 4279 loquentes,
3511 4216 3679 4275 utque

2100 4304 2285 4360 videre
2313 4311 2418 4370 est,
2458 4305 2511 4359 in
2539 4320 2607 4360 eo
2664 4313 2928 4374 ponentes
2961 4318 3179 4374 operam
3217 4310 3274 4356 nt
3310 4302 3678 4372 persuadeant

2101 4396 2380 4467 persuasis
2421 4412 2439 4450 :
2488 4410 2683 4450 omnes
2726 4398 2873 4451 enim
2908 4410 3094 4465 pacem
3131 4394 3335 4448 bonum
3383 4392 3515 4461 quid
3557 4407 3680 4446 esse

2104 4490 2347 4546 scientes
2378 4498 2777 4553 convenerunt,
2807 4497 2863 4543 et
2889 4503 3049 4543 nemo
3080 4497 3140 4543 ut
3193 4487 3457 4542 doceatur
3481 4501 3547 4539 an
3576 4501 3681 4553 pax

2104 4585 2246 4640 bona
2291 4584 2365 4639 sit
2404 4599 2494 4639 res
2526 4592 2581 4638 et
2620 4582 2961 4637 honorabilis
2999 4599 3016 4637 :
3051 4580 3326 4635 nemiuem
3362 4594 3498 4633 vero
3527 4577 3684 4631 video

2106 4675 2336 4731 ulterius
2382 4675 2679 4747 progredi;
2729 4684 2789 4731 et
2830 4689 3026 4730 omnes
3078 4684 3386 4744 opportuna
3440 4681 3683 4737 tempora

2106 4766 2213 4822 labi
2264 4766 2541 4837 patimini,
2584 4765 2789 4838 quibus
2841 4780 2937 4836 par
2988 4773 3075 4820 est
3116 4760 3475 4818 memorabile
3527 4758 3689 4830 quid-

2109 4859 2254 4928 piam
2306 4858 2513 4928 perﬁci,
2568 4857 2696 4912 volo
2751 4857 3053 4913 abductum
3107 4855 3236 4911 inde
3276 4866 3586 4911 sermonem
3629 4851 3686 4906 in

2108 4950 2257 5007 aliud
2288 4961 2676 5021 argumentum
2726 4959 3048 5007 convertere
3093 4967 3109 5005 :
3144 4957 3199 5005 et
3245 4963 3436 5018 pacem
3473 4954 3687 5001 tentare

2108 5045 2439 5109 valentibus,
2472 5045 2636 5100 veluti
2663 5044 2940 5114 quoddam
2976 5041 3305 5114 principiqu
3338 5049 3394 5095 et
3422 5040 3685 5093 adhorta-

2113 5134 2315 5190 tionem
2347 5136 2540 5190 ordiri.
2592 5134 2766 5190 Porro
2808 5143 2992 5189 autem
3027 5146 3221 5202 rogare
3257 5146 3376 5195 vos,
3422 5128 3689 5198 quemad-

2113 5227 2335 5280 modum
2392 5225 2577 5281 moris.
2616 5234 2725 5291 est,
2771 5235 2834 5280 ut
2874 5224 3181 5279 orationem
3232 5232 3286 5277 et
3340 5219 3599 5277 audiatis.
3636 5227 3691 5271 et

2114 5318 2374 5373 benevole
2405 5319 2717 5388 excipiatis,
2754 5318 2800 5372 si
2832 5316 3054 5387 quando
3085 5315 3225 5369 alias
3254 5322 3309 5368 et
3348 5324 3499 5366 nunc
3545 5308 3690 5363 arbi-

439 5408 554 5478 νείᾳ
606 5406 831 5469 τούτους
892 5406 1314 5477 προσδέξασθαι,
1347 5404 1505 5475 εἴπερ
1562 5406 1695 5458 ποτε
1748 5408 1842 5460 καὶ
1888 5405 2007 5472 νῦν,

2117 5422 2235 5466 tror
2284 5426 2685 5481 supervacuum
2733 5425 2890 5466 :non
2940 5409 3087 5463 enim
3141 5421 3238 5476 pro
3287 5406 3434 5460 bono
3467 5402 3690 5473 proprio

440 5499 714 5570 παρέλκον
763 5496 917 5570 οῐμαι
968 5500 1276 5571 τυγχάνειν.
1312 5500 1387 5552 Οὐ
1438 5501 1545 5569 γὰρ
1598 5498 1740 5569 ὑπὲρ
1798 5499 2006 5568 ἀγασοῦ

2123 5503 2415 5574 quisquam
2455 5515 2705 5558 nostrum
2736 5504 3017 5565 convenit,
3052 5507 3111 5554 ut
3139 5497 3368 5554 consilia
3398 5505 3451 5552 et
3474 5509 3688 5551 sermo-

441 5609 582 5655 τινος
620 5592 751 5646 ἰδίου
788 5594 1125 5663 συνήλθομεν
1171 5594 1429 5657 ἕκαστος,
1463 5591 1797 5663 σκεψόμενοι
1833 5609 1891 5645 τε
1919 5595 2015 5647 καὶ

2125 5609 2223 5648 nes
2254 5594 2629 5658 muleramus,
2680 5607 2928 5663 opusque
2978 5592 3049 5648 sit
3108 5602 3321 5645 mentes
3374 5588 3690 5644 auditorum

442 5684 598 5752 λόγον
640 5686 919 5757 ἐροῦντες,
958 5685 1101 5739 ὥστε
1142 5686 1234 5740 καὶ
1264 5686 1375 5739 δεῖν
1414 5686 1513 5750 τὰς
1556 5685 1670 5740 τῶν
1706 5687 2015 5740 ἀκουόντων

447 5775 669 5855 γνώμας
721 5780 1301 5852 προκαταστήσασθαι,
1336 5778 1430 5831 καὶ
1462 5779 1573 5844 τοῖς
1618 5777 1797 5849 λόγοις
1829 5779 2012 5844 αὐτοῖς

2126 5701 2459 5757 prmparare,
2494 5687 2849 5756 sermonique
2880 5694 2940 5740 ut
2971 5694 3177 5740 attente
3206 5681 3463 5737 audiatur
3486 5689 3540 5735 et
3574 5693 3694 5733 crc-

2126 5781 2308 5848 datur,
2335 5779 2623 5835 consulere
2652 5794 2666 5833 :
2697 5777 2791 5836 sed
2821 5778 3035 5849 linguas
3067 5777 3307 5833 omnium
3334 5783 3514 5831 movet
3543 5789 3692 5828 eom-
