4038 6458
387 289 492 358 407

1478 313 1868 377 GENNADII
1909 315 2022 376 CP.
2074 314 2302 375 PATRI
2327 315 2592 376 \RCH/E

3543 309 3651 374 408

392 406 641 459 muniunt
674 406 943 465 bonorum
979 412 1335 485 desiderium,
1371 423 1516 489 quod
1549 436 1708 481 antea
1739 426 1958 483 illorum

2072 427 2161 497 τὴν
2206 426 2511 494 ἀσφάλειαν
2544 423 2679 495 ὁμοῦ
2751 424 2846 478 καὶ
2911 423 3008 493 τὴν
3065 423 3239 478 πειθὼ
3295 424 3646 494 προνοῆσαι·
3730 417 3742 429 ’

391 497 608 552 animos
642 499 845 569 pariter
863 504 1121 563 excitavit
1151 527 1164 563 :
1193 525 1372 578 neque
1397 513 1523 569 hinc
1553 528 1750 583 pr-tetcr
1774 536 1978 589 pacem‘

389 598 631 654 cptatam
660 594 943 659 omnibus,
977 598 1193 655 lucrum
1231 605 1376 660 aliud
1403 609 1698 679 quisquam
1724 613 1828 668 sibi
1859 614 1964 669 do-

383 690 532 739 mum
577 683 893 749 reportabit.
932 685 1129 744 Dicant
1159 693 1322 763 igitur
1365 712 1555 755 omnes
1588 717 1816 758 necesse
1851 716 1960 768 est,

399 777 453 826 et
487 785 581 824 vos
619 780 825 835 attente
863 778 1122 846 audiatis,
1172 793 1224 837 et
1263 789 1666 857 amplcclamini
1708 809 1828 869 quae
1869 811 1964 867 ap-

383 861 557 927 posite
585 863 868 932 dicuntur,
910 879 970 924 ut
1003 872 1272 932 divinitus
1302 881 1571 937 venientia
1611 901 1626 938 :
1659 861 1960 956 eorumque

383 951 636 1007 donatori
677 971 774 1023 pro
818 958 928 1014 illis
966 962 1128 1016 etiam
1161 969 1367 1035 gratias
1419 975 1613 1042 agatis.
1661 975 1778 1041 Qua
1811 951 1956 1032 enim

388 1045 570 1111 potius
607 1049 710 1102 alia
763 1050 815 1104 in
859 1069 917 1106 re
949 1069 1048 1123 par
1085 1069 1168 1112 est
1205 1075 1414 1119 mentes
1467 1062 1748 1124 hominum
1781 1087 1810 1125 a
1847 1074 1957 1128 Deo

386 1130 582 1198 alllari,
625 1150 787 1229 quam
825 1141 919 1195 tthi
965 1143 1032 1198 de
1064 1161 1127 1200 eo
1156 1151 1440 1219 quaeritur,
1477 1157 1828 1229 studiumque
1863 1176 1962 1215 na-

384 1224 600 1288 vatur?
639 1223 770 1291 Quae
805 1244 934 1285 vero
969 1246 1128 1290 secus
1171 1256 1228 1290 sc
1269 1241 1578 1312 habuerint,
1611 1263 1710 1302 nec
1756 1249 1963 1305 fuerint

381 1331 553 1384 pravo
587 1320 824 1388 quodam
863 1327 1048 1382 animo
1103 1333 1350 1402 prolata,
1401 1354 1525 1392 cum
1575 1343 1796 1409 mentis,
1847 1358 1956 1398 non

382 1410 684 1469 voluntatis
717 1425 942 1482 peccata
993 1419 1123 1487 siut,
1161 1439 1268 1478 non
1301 1438 1461 1482 erunt
1508 1448 1533 1481 a
1571 1434 1724 1486 vobis
1773 1450 1961 1504 repre-

385 1500 696 1560 hendenda.
758 1505 867 1564 Nec
922 1523 1184 1580 praeterea
1237 1518 1305 1584 si,
1359 1522 1451 1589 qui
1499 1527 1957 1595 sermocinamur,

383 1608 604 1660 pravam
657 1599 797 1667 apud
833 1615 930 1657 vos
962 1603 1282 1675 opinionem
1321 1612 1580 1679 habeant,
1623 1617 1832 1676 debetis
1863 1636 1959 1676 eo-

2064 516 2202 570 ἀλλά
2250 517 2349 580 τάς
2393 517 2656 570 ἁπάντων
2691 513 2946 583 γλώττας
2985 515 3019 584 ἡ
3075 514 3184 568 τῶν
3225 515 3430 568 κοινῶν
3467 514 3650 568 καλῶν

2065 606 2326 675 ἐπιθυμία
2375 607 2538 672 κινεῖ,
2569 606 2603 676 ή
2659 605 2756 658 καὶ
2803 606 3075 676 πρότερον
3126 603 3279 658 οὐδὲν
3331 599 3504 677 ἦττον
3553 605 3653 667 τὰς

2062 697 2242 767 ψυχὰς
2292 699 2475 760 αὐτοῖς
2511 678 2871 768 διεγείρασαο
2926 697 3022 750 καὶ
3071 696 3264 766 κέρδος
3317 689 3490 751 οὐδέν’
3522 696 3653 750 ἴδιον

2061 789 2245 844 οἴκαδε
2277 789 2420 858 πλὴν
2463 790 2562 857 τῆς
2599 788 2949 860 ποθουμένης
2989 791 3158 844 πᾶσιν
3203 789 3440 860 είρήνης
3479 789 3656 852 οὐδεὶς

2061 881 2309 935 ἐντεῦθεν
2345 881 2526 952 φέρων
2557 880 2832 950 ἀφίξεται.
2877 881 3120 952 Ἀνάγκη
3167 882 3360 934 τοίνυν
3392 879 3652 941 ἅπαντας

2059 975 2242 1042 λέγειν
2266 989 2282 1004 ο
2320 974 2416 1026 καὶ
2475 976 2591 1037 τοῖς
2625 974 2725 1044 μὲν
2771 974 2991 1043 εὐφυῶς
3037 974 3361 1042 λεγομένοις
3401 974 3481 1038 ὡς
3516 973 3657 1026 ἄνω-

2059 1065 2150 1119 θεν
2198 1066 2394 1136 ἥκουσι
2447 1067 2738 1136 προσέχειν
2779 1067 2872 1119 τὸν
2943 1066 3074 1120 νοῦν
3133 1067 3301 1136 ὑμᾶς,
3338 1065 3443 1120 καὶ
3477 1065 3654 1120 ταῦτα

2062 1157 2360 1228 αἱρεῖσθαι,
2385 1159 2481 1211 καὶ
2515 1157 2589 1228 τῷ
2624 1158 2885 1212 δεδωκότι
2933 1160 3028 1213 atati.
3061 1158 3201 1228 ὑπὲρ
3242 1157 3460 1212 τούτων
3492 1156 3656 1228 χάριν

2059 1250 2370 1318 ὁμολογεῖν.
2397 1248 2509 1303 Ποῦ
2545 1249 2656 1320 γὰρ
2699 1249 2890 1308 ἄλλοθι
2919 1250 3013 1303 τὸν
3051 1249 3188 1303 Θεὸν
3224 1248 3491 1319 μᾶλλονῆ
3526 1250 3658 1318 περὶ
3699 1253 3706 1258 ”

2061 1343 2228 1397 αὐτοῦ
2259 1345 2354 1414 τῆς
2380 1342 2628 1412 σκέψεως
2657 1341 2822 1414 οὔσης
2853 1342 2946 1397 καὶ
2978 1342 3080 1410 τῆς
3103 1341 3370 1410 σπουδῆς,
3407 1341 3512 1405 τὰς
3544 1341 3656 1396 τῶν

2060 1437 2365 1506 ἀνθρώπων
2398 1437 2544 1498 εἰκός
2579 1437 2732 1490 ἐστιν
2758 1437 2990 1505 ἐμπνεῖν
3020 1435 3304 1499 διανοίας;
3338 1433 3467 1486 Τῶν
3507 1435 3554 1487 δ’
3581 1433 3656 1497 ὡς

2061 1529 2266 1598 ἑτέρως
2298 1529 2555 1597 ἑχόντων,
2589 1527 2682 1581 καὶ
2715 1527 2776 1582 οὗ
2801 1528 2943 1598 μετά
2968 1528 3216 1597 πονηράς
3236 1543 3390 1588 τινος
3423 1525 3656 1594 γνώμης

2061 1617 2494 1686 προτιθεμένων,
2523 1618 2599 1680 ὡς
2629 1617 2908 1685 γνώσεως,
2934 1617 2994 1670 οὒ
3043 1617 3432 1688 προαιρέσεως
3484 1617 3656 1670 ὄντων

388 1701 508 1739 rum
540 1687 706 1755 dicta,
735 1691 779 1744 si
809 1691 954 1748 forte
979 1695 1087 1768 sint
1118 1701 1362 1776 meliora,
1392 1718 1745 1778 contemnere
1771 1727 1787 1778 ;
1810 1712 1955 1782 quod

2072 1708 2485 1778 ἐλαττωμάτων,
2530 1709 2721 1778 μηδενὶ
2752 1707 2852 1778 τὴν
2889 1708 3098 1777 μέμψιν
3123 1687 3383 1776 ἐπάγειν.
3425 1708 3571 1777 Πρὸς
3601 1706 3656 1760 δὲ

385 1777 439 1830 in
473 1777 732 1836 humanis
763 1799 980 1854 quoque
1031 1791 1268 1858 negotiis
1302 1797 1606 1852 carendum
1635 1777 1714 1855 est
1760 1777 1954 1874 iis—qui

385 1872 530 1938 quod
586 1875 715 1929 utile
781 1887 900 1944 est,
929 1880 1290 1953 undecunque
1341 1900 1608 1946 venantur
1651 1908 1667 1946 ε
1714 1872 1958 1964 quando-

384 1963 603 2030 quidem
657 1966 880 2025 humilis
915 1969 1150 2028 fortuna:
1191 1976 1504 2036 hominibus
1557 1963 1741 2040 multo
1785 1991 1958 2058 magis

385 2059 642 2113 com-cuit
674 2060 725 2114 in
765 2077 824 2117 re
873 2069 1152 2133 proposita
1191 2070 1418 2140 gloriam
1453 2092 1674 2146 sperare
1708 2095 1772 2134 ex
1816 2084 1958 2138 bono

388 2149 654 2216 consilio;
710 2170 834 2208 nam
882 2155 952 2212 ab
984 2158 1068 2213 his
1120 2163 1289 2217 etiam
1340 2166 1638 2233 alislmndo
1685 2172 1956 2242 proﬁcisci

384 2253 560 2309 potest
597 2245 819 2316 aliquod
867 2249 1088 2333 virtutis
1144 2269 1303 2330 opus,
1354 2258 1425 2322 ita
1480 2261 1570 2314 Dei
1622 2263 1958 2331 providentia

388 2333 738 2403 disponente,
770 2356 836 2396 ne
866 2344 990 2412 quis
1029 2346 1210 2401 minus
1241 2351 1584 2406 considerate
1611 2355 1818 2410 tribuat
1855 2356 1963 2410 hu-

391 2441 569 2484 mante
593 2431 697 2484 arti
729 2439 779 2486 et
804 2435 984 2502 sagaci
1013 2438 1263 2501 COIBSlliO,
1292 2442 1514 2495 maximi
1546 2454 1593 2496 et
1628 2454 1753 2513 post
1788 2447 1963 2500 homi-

395 2538 524 2575 num
554 2525 875 2578 memoriam
902 2535 1142 2583 omnium
1172 2532 1474 2588 dil'licillimi
1507 2538 1707 2605 negotii
1732 2539 1961 2595 exitum.

391 2610 688 2678 Propterta
731 2616 900 2685 igitur
941 2629 994 2674 et
1045 2621 1192 2676 illam
1244 2626 1507 2682 orationis
1553 2639 1760 2697 partem
1793 2632 1961 2688 decli-

387 2704 536 2768 navi,
570 2717 622 2757 ct
653 2722 744 2762 vos
782 2718 987 2767 attente
1021 2715 1211 2769 audire
1243 2716 1364 2771 volo
1393 2734 1511 2788 quae
1531 2720 1642 2791 jam
1674 2723 1957 2781 dicentur.

2065 1801 2299 1866 τοὺτοις,
2336 1799 2462 1870 μηδ’
2497 1801 2550 1854 εί
2576 1818 2660 1862 τις
2688 1803 2822 1871 ἡμῖν
2863 1800 3042 1870 φαὺ).η
3069 1801 3202 1871 περὶ
3236 1800 3352 1854 τῶν
3383 1799 3658 1869 λεγόντων

2067 1895 2246 1947 ἔνεστι
2287 1893 2437 1959 δόξα,
2478 1895 2573 1946 καὶ
2600 1893 2710 1947 τῶν
2761 1893 2959 1960 λόγων,
2991 1893 3058 1946 ἂν
3099 1893 3366 1960 ἀμείνους
3415 1891 3658 1962 τῦχωσιν

2066 1989 2241 2050 ὄντες,
2278 1987 2688 2055 καταφρονεῐνο
2741 1985 2769 2037 ὃ
2821 1971 3050 2054 μηδ”ὲν
3098 1986 3219 2047 ταῖς
3273 1984 3660 2055 ἀνθρωπικαῖς

2068 2077 2476 2148 πραγματείαις
2505 2076 2730 2144 εὔλογόν
2769 2077 2887 2129 ἐστι
2917 2077 3151 2146 πάσχειν
3181 2075 3312 2139 τοὺς
3349 2075 3415 2128 τὸ
3448 2071 3658 2144 συμφέ-

2071 2190 2163 2244 ρον
2212 2172 2272 2236 ὶξ
2322 2171 2558 2234 ἅπαντος
2606 2169 2982 2240 Θηρωμένους.
3053 2169 3202 2222 Ἐπεὶ
3251 2167 3388 2238 περί
3435 2183 3503 2237 γε
3547 2164 3655 2219 τῶν

2063 2263 2446 2336 προκειμένων
2534 2264 2650 2326 τοῖς
2705 2261 2914 2326 ἀδόξοις
2969 2261 3064 2314 καὶ
3124 2262 3409 2324 ταπεινοῖς
3476 2257 3654 2329 πολλῷ

2069 2357 2270 2430 μᾶλλον
2324 2355 2588 2427 ἁρμόττει
2633 2354 2730 2424 τὴν
2792 2353 3019 2407 ἀπὸτοῦ
3081 2351 3447 2423 κατορθῶσαι
3501 2350 3660 2415 δόξαν

2066 2446 2342 2514 ἐλπίζεινο
2376 2447 2471 2511 καὶ
2507 2448 2660 2518 παρά
2690 2446 2897 2500 τοΰτων
2930 2448 3040 2517 γὰρ
3091 2446 3298 2514 γένοιτ’
3344 2445 3413 2500 ἄν
3445 2443 3499 2498 τί
3532 2459 3659 2497 ποτε

2071 2541 2402 2594 σπουδαῖονο
2436 2539 2581 2594 οὕτω
2630 2541 2730 2610 τῆς
2781 2539 3043 2608 προνοίας
3095 2539 3529 2608 οίκονομοὺσης.
3587 2534 3660 2605 μὴ

2068 2633 2160 2686 καὶ
2198 2631 2337 2703 λάθῃ
2379 2649 2461 2691 τις
2505 2633 2572 2701 τῇ
2613 2631 2724 2683 τῶν
2771 2629 3079 2700 ἀνθρώπων
3109 2629 3390 2698 δεινότητι
3433 2628 3528 2683 καὶ
3557 2642 3660 2697 μη-

2066 2726 2206 2796 χανῇ
2255 2725 2354 2793 τὴν
2401 2722 2497 2776 τοῦ
2533 2723 2797 2792 μεγίστου
2845 2740 2902 2775 τε
2941 2723 3038 2777 κακν
3077 2721 3524 2792 δυσχερεστάτου
3554 2717 3660 2770 τῶν

387 2794 453 2853 ὲκ
484 2794 581 2847 τοῦ
623 2799 825 2866 παντὶς
859 2802 1054 2865 αἰῶνος
1106 2807 1527 2880 ἐγχειρημάτων
1578 2813 1806 2869 ἔκϐασιν
1837 2794 2182 2888 ἐπιγράφων.
2232 2815 2332 2868 Διά
2374 2815 2545 2868 ταῦτα
2594 2814 2774 2868 τοίνυν
2842 2814 3022 2867 ἐκεῖνό
3065 2830 3123 2866 τε
3193 2813 3289 2866 τοῦ
3368 2813 3528 2880 λόγου
3602 2811 3661 2862 τὺ

393 2890 560 2982 μέρος
596 2891 880 2963 ἐξέφυγον,
912 2899 1005 2957 καὶ
1045 2907 1338 2974 προσέχειν
1371 2905 1515 2976 ὑμᾶς
1546 2909 1812 2980 βούλομαι
1851 2913 1963 2974 τοῖς
2003 2911 2319 2981 λεγομένοις
2351 2910 2598 2965 ἐντεῦθεν
2630 2911 2752 2982 ἤδη·

463 2981 616 3048 Quod
653 2986 816 3054 igitur
853 3004 1066 3046 sacram
1103 2996 1243 3050 hanc
1283 3001 1554 3070 synodum
1607 3018 1671 3058 ex
1707 3003 1966 3058 universo

2142 3003 2216 3056 Τδ
2250 3003 2350 3072 μὲν
2372 3002 2438 3073 δὴ
2462 3003 2560 3072 τὴν
2610 2981 2764 3070 ἱερὰν
2796 3001 3008 3070 ταύτην
3048 3001 3268 3054 σύνοδον
3318 3000 3378 3067 ἐξ
3437 2999 3656 3066 ἀπάσης

395 3071 511 3127 fere
546 3083 816 3132 terrarum
866 3082 998 3138 orbe
1031 3089 1408 3160 congregavit,
1440 3094 1822 3164 persuasitque
1852 3110 1969 3150 om-

393 3170 558 3224 nibus
609 3181 668 3225 ut
723 3171 979 3232 alacriter
1033 3178 1140 3235 huc
1217 3187 1597 3251 convenirent,
1644 3189 1969 3258 postpositis

391 3262 514 3320 aliis
545 3265 805 3321 omnibus
836 3285 850 3331 ;
888 3268 1331 3330 Christianorum
1367 3279 1616 3334 omnium
1651 3281 1970 3348 concordia,

390 3365 445 3408 ct
480 3357 722 3422 cognitio
766 3369 848 3413 est
877 3362 1128 3419 veritatis
1162 3383 1174 3418 :
1208 3368 1408 3436 quibus
1451 3371 1586 3426 nihil
1624 3382 1802 3443 potest
1843 3389 1970 3429 esse

387 3449 692 3518 jucundius
747 3452 1098 3518 hominibus,
1151 3460 1244 3526 qui
1299 3473 1502 3517 norunt
1553 3474 1608 3518 et
1658 3481 1862 3530 amare,
1915 3474 1972 3521 et.

392 3557 726 3612 concupere,
759 3555 806 3605 et
847 3546 1165 3603 incumbere
1199 3551 1266 3604 ad
1301 3553 1552 3609 honesti.
1583 3554 1716 3609 Nam
1743 3567 1796 3610 et
1827 3557 1970 3611 veri-

391 3647 476 3705 tas
518 3637 605 3690 lux
645 3640 802 3708 plane
831 3651 914 3697 est
947 3651 1158 3701 natura:
1202 3643 1413 3700 ratione
1445 3647 1672 3708 utentis.
1715 3663 1821 3716 qua
1851 3650 1972 3703 sine

392 3743 620 3786 necesse
665 3741 743 3786 est
786 3748 846 3786 ea
901 3737 1175 3792 volutetur
1225 3737 1276 3790 in
1331 3739 1603 3804 tenebris,
1656 3743 1972 3808 nullamque

395 3838 459 3891 ex
498 3823 765 3890 dignitate
801 3827 1056 3896 donoque
1089 3829 1192 3882 sibi
1230 3829 1432 3884 tradito
1464 3831 1730 3901 percipiat
1763 3834 1971 3888 utilita-

396 3927 502 3967 tem
532 3930 546 3988 ς
585 3932 858 3986 quamque
885 3920 1103 3976 assidue
1138 3921 1226 3974 illa
1257 3922 1617 3989 prehendens,
1655 3924 1782 3976 dttm
1820 3941 1972 3993 qua:-

398 4007 472 4061 rit
511 4009 717 4074 ignota,
756 4018 807 4062 et
837 4011 1013 4080 seipsa
1049 4011 1106 4065 lit
1134 4012 1492 4080 splendidior,
1524 4024 1687 4083 atque
1713 4016 1776 4069 ad
1805 4015 1990 4073 Deum-

399 4102 628 4169 primam
668 4102 945 4156 veritatem
967 4143 980 4166 ,
1008 4114 1268 4173 quantum
1295 4105 1379 4159 l'as
1410 4115 1514 4168 est,
1549 4109 1792 4176 proxime
1821 4123 1975 4161 acce-

395 4194 498 4246 dit.
537 4193 676 4250 l’acc
719 4205 902 4249 autem
953 4197 1360 4264 concordiaque
1410 4198 1462 4252 in
1512 4199 1679 4253 rebus
1732 4199 1975 4255 honestis

396 4300 585 4352 rerum
633 4297 827 4342 natura
865 4286 997 4352 nihil
1045 4288 1204 4340 hal'et
1236 4287 1450 4356 majus;
1488 4304 1609 4358 qute
1640 4291 1816 4359 primo
1849 4293 1974 4360 qui-

395 4377 518 4436 dem
571 4378 623 4427 in
671 4381 851 4440 anima
899 4384 952 4430 et
993 4377 1349 4444 entrceptibus
1378 4378 1537 4447 ejus;
1581 4381 1753 4432 utitur
1790 4389 1973 4434 autem

395 4467 766 4528 exterioribus
805 4468 971 4522 veluti
1005 4469 1177 4537 signis
1203 4469 1551 4536 quibusdam,
1585 4485 1680 4538 per
1707 4487 1828 4540 quae
1858 4486 1978 4525 om-

322 4587 330 4593 ο
397 4560 561 4622 nitus
610 4563 666 4617 tit
715 4560 1022 4623 nianilesta.
1058 4561 1120 4612 Et
1179 4562 1438 4623 credibile
1481 4563 1698 4631 quidem
1739 4573 1974 4619 estesse

394 4653 688 4716 quosdam,
725 4652 842 4720 qui,
894 4651 1016 4712 aliis
1063 4651 1212 4708 ducti
1242 4651 1688 4719 cogitationibus,
1732 4664 1785 4708 ct
1833 4655 1971 4708 bona

399 4744 646 4807 qutcdam
686 4744 998 4813 corporalia
1032 4753 1216 4799 mente
1253 4744 1556 4807 volventes,
1589 4760 1709 4814 quze
1744 4761 1868 4815 spes
1893 4755 1979 4801 est

402 4836 546 4905 fore,
601 4846 660 4894 ut
695 4846 1002 4895 nascantur
1050 4850 1112 4893 ex
1166 4835 1483 4898 concordia,
1533 4835 1826 4892 alacriores
1872 4835 1974 4890 visi

397 4929 508 4984 sint
547 4927 611 4991 ad
651 4943 888 4997 praet-ns
920 4928 1220 4998 negotium.
1253 4925 1380 4982 Mihi
1412 4940 1590 4983 autem
1617 4929 1661 4982 si
1690 4928 1778 4983 cui
1807 4927 1970 4982 etiam

402 5021 499 5078 alii
542 5021 761 5078 videtur
791 5022 1032 5091 quidem,
1068 5022 1363 5076 multorum
1399 5038 1831 5093 magnorumque
1871 5024 1972 5079 ho-

402 5131 598 5169 norum
640 5131 860 5170 causam
905 5114 1019 5170 fore
1052 5115 1195 5168 illam
1230 5115 1578 5179 Christianis,
1612 5118 1654 5171 si
1689 5116 1756 5170 de
1794 5108 1861 5170 iis
1890 5133 1976 5170 rc-

401 5208 508 5261 bus
543 5207 790 5268 eamdem
827 5206 1229 5274 amplectantur
1255 5207 1771 5276 sententiam.'quas
1813 5218 1972 5260 antea

405 5303 462 5353 in
512 5299 948 5360 controversiam
993 5298 1266 5354 vocabant
1301 5316 1314 5350 :
1353 5310 1610 5357 ert-terum
1648 5314 1834 5351 eorum
1881 5301 1976 5352 de-

403 5389 607 5444 sidvrio
641 5389 854 5442 nullum
901 5388 1200 5456 sapientem
1249 5389 1489 5444 arbitror
1523 5389 1725 5446 moveri
1759 5388 1978 5450 dclwre,

404 5497 504 5538 nec
540 5481 830 5533 Statueuda
862 5492 983 5535 esse
1022 5478 1184 5541 bona,
1220 5495 1339 5546 qua
1388 5480 1747 5538 ultimo-loco
1780 5492 1978 5530 nurne-

405 5580 619 5638 rantur,
676 5579 730 5624 et
786 5584 906 5636 quae
954 5569 1211 5624 facillime
1249 5569 1370 5638 quis
1414 5581 1754 5631 contemnat,
1809 5569 1973 5622 linem

406 5663 630 5717 maximi
683 5678 745 5716 ac
796 5661 1120 5717 dhinissitni
1168 5665 1398 5730 operis:
1435 5663 1528 5717 sed
1575 5661 1692 5715 loco
1727 5659 1972 5729 omnium

414 5755 552 5826 satis
598 5769 718 5820 esse
755 5752 972 5833 quidem
1004 5755 1249 5829 veritatis
1282 5754 1676 5824 cognitionem,
1711 5767 1808 5840 pro
1845 5767 1978 5828 pace

2074 3095 2259 3165 σχεδὸν
2291 3095 2389 3164 τῆς
2413 3094 2743 3165 οἰκουμένης
2770 3093 3075 3164 πεποιηκὸς
3106 3094 3201 3145 καὶ
3253 3095 3458 3146 πεῖσαν
3489 3089 3660 3144 ᾶπαν-

2070 3207 2171 3254 τας
2209 3189 2347 3260 μετὰ
2381 3187 2688 3259 προθυμίας
2713 3185 2948 3240 ἐνταῦθα
2980 3186 3325 3256 συντρέχειν,
3355 3185 3465 3238 τῶν
3488 3183 3658 3236 ἄλλων

2072 3280 2330 3335 ἁπάντων
2363 3280 2567 3350 ἣκιστα
2620 3279 2780 3344 λόγον
2830 3277 3258 3348 πεποιημένους,
3291 3275 3486 3346 ή,τῶν
3526 3274 3656 3341 Χρι-

2077 3372 2311 3426 στιανῶν
2350 3372 2610 3426 ἁπάντων
2645 3371 2870 3440 ὁμόνοια
2903 3373 3000 3424 καὶ
3031 3370 3064 3440 ἡ
3103 3368 3202 3436 τῆς
3232 3367 3498 3440 ἀληθείας
3530 3361 3660 3432 γνῶο

2075 3467 2158 3529 σίς
2201 3467 2368 3518 ἐστιν·
2401 3457 2477 3518 ὧν
2512 3463 2666 3516 οὐδὲν
2692 3463 2844 3532 ἥδιον
2899 3463 3118 3529 γένοιτο
3148 3463 3257 3523 τοῖς
3289 3460 3364 3512 τά
3404 3457 3542 3512 καλὰ
3568 3457 3659 3508 καὶ

2073 3558 2247 3625 φιλεῖν
2286 3557 2382 3610 καὶ
2443 3555 2701 3624 εὔχεσθαι
2737 3555 2833 3608 καὶ
2869 3553 3194 3616 σπουδάζειν
3249 3548 3656 3618 ἐπισταμένοις.

2076 3649 2151 3700 ’Ἠ
2183 3665 2239 3700 τε
2265 3649 2376 3717 γὰρ
2413 3645 2641 3717 ἀλήθεια
2667 3647 2782 3713 φῶς
2807 3646 3070 3713 ἄντικρυς
3101 3644 3205 3712 τῆς
3249 3641 3489 3710 λογικῆς
3527 3634 3656 3690 καθ⁴

2081 3737 2277 3806 έστηκε
2315 3734 2553 3804 φύσεως,
2592 3733 2654 3787 οἶ)
2696 3736 2866 3804 χωρϊς
2897 3734 3114 3801 ἀνάγκη
3146 3732 3361 3800 ταύτην
3393 3732 3450 3782 ἰν
3487 3725 3657 3792 σκότῳ

2075 3826 2505 3897 κυλινδουμένην
2559 3826 2726 3896 μηδὲν
2762 3824 3068 3878 ἀπόνασθαι
3123 3823 3224 3891 τῆς
3255 3822 3418 3888 ἀξίας
3451 3811 3656 3873 καὶτοῦ

2074 3919 2362 3989 δεδομένου
2419 3917 2558 3988 αὐτῇ
2623 3921 3004 3987 χαρίσματος·
3058 3916 3156 3968 καὶ
3207 3908 3276 3984 ἧς
3321 3909 3655 3984 δραττομένη

2081 4011 2322 4079 συνεχῶς
2354 4011 2412 4064 έν
2441 4012 2510 4080 τῇ
2555 4009 2686 4080 περὶ
2717 4008 2825 4062 τῶν
2858 4006 3250 4076 ἀγνοουμένων
3277 4005 3507 4076 ζητήσει
3540 4001 3657 4052 ἐαυ-

2080 4105 2180 4174 τῆς
2211 4121 2270 4155 τε
2306 4103 2525 4171 γίνεται
2557 4098 2936 4170 λαμπροτέρα,
2973 4099 3068 4151 καὶ
3119 4095 3253 4149 Θεοῦ
3306 4098 3410 4164 τῆς
3439 4091 3657 4160 πρώτης

2079 4195 2337 4266 ἀληθείας
2365 4195 2487 4246 ὅσον
2516 4193 2727 4259 ἔξεστιν
2753 4191 3065 4260 ἐγγυτάτω.
3093 4187 3336 4259 Εἰρήνης
3361 4187 3417 4241 δὲ
3441 4185 3534 4238 καὶ
3560 4179 3656 4247 τῆς

2081 4289 2137 4341 ὲν
2167 4287 2242 4356 τῷ
2269 4286 2420 4354 καλῷ
2457 4284 2781 4353 συμφωνίας
2842 4283 2952 4336 τῶν
2971 4283 3026 4336 ὲν
3061 4281 3138 4350 τῷ
3174 4281 3370 4350 κόσμῳ
3398 4273 3654 4349 πραγμά·

2083 4396 2192 4432 των
2229 4375 2413 4447 μεῖζον
2465 4375 2639 4437 οὐδὲν,
2695 4374 3010 4445 ἀρχομένης
3046 4374 3145 4443 μὲν
3192 4373 3298 4425 ἀπὺ
3354 4372 3531 4441 ψυχῆς
3567 4365 3654 4419 καὶ

2085 4470 2196 4522 τῶν
2226 4469 2396 4536 αὐτῆς
2451 4467 2761 4536 νοημάτων,
2799 4465 3054 4533 καθάπερ
3090 4463 3148 4516 δέ
3184 4479 3296 4516 τισι
3345 4458 3656 4529 τεκμηρίοις

2081 4564 2191 4624 τοῖς
2221 4561 2323 4625 ἔξω
2350 4558 2663 4628 χρωμένης,
2714 4557 2808 4610 καὶ
2845 4556 2931 4609 διὰ
2952 4555 3158 4608 τούτων
3219 4555 3356 4607 πᾶσι
3399 4563 3654 4617 φανεροψ

2088 4655 2278 4724 μένης.
2314 4653 2472 4714 Εἰκὸς
2537 4651 2634 4721 μὲν
2663 4646 2759 4704 οὖν
2823 4651 2939 4702 ἐστι
2993 4648 3090 4700 καὶ
3142 4647 3234 4699 ὑπ’
3265 4646 3443 4700 ἄλλων
3491 4639 3653 4696 ἐνίους

2083 4747 2318 4814 ἄγεσθαι
2349 4745 2659 4814 λογισμῶν,
2689 4741 2787 4796 καὶ
2819 4739 3109 4810 σωματικά
3139 4756 3259 4792 τινα
3313 4725 3649 4806 φανταζομέ·

2085 4855 2209 4899 νους
2240 4837 2400 4900 καὶὰ,
2429 4836 2466 4890 ἀ
2509 4837 2609 4904 τὴν
2643 4833 2898 4904 ὁμόνοιαν
2956 4831 3114 4894 ἐλπίς
3167 4832 3318 4883 ἔστιν
3349 4821 3647 4894 ἀποτέξειν.

2086 4930 2532 5000 προθυμοτέρους
2564 4930 2653 4980 ἐπὶ
2684 4928 2890 4995 ταύτην
2920 4919 3099 4993 ὦφθαι
3129 4924 3226 4994 τὴν
3265 4923 3476 4994 χρείαν.
3517 4908 3650 4966 Ἀλλἲ

2084 5023 2276 5088 ἔμοιγε
2317 5021 2378 5072 τὸ
2417 5021 2516 5087 μὲν
2559 5019 2685 5081 τοὺς
2749 5019 3112 5087 Χριστιανοὺς
3165 5014 3317 5086 κοινῇ
3359 5007 3648 5079 εἰληφέναι,

2089 5116 2218 5184 περὶ
2261 5108 2337 5166 ὧν
2383 5113 2766 5182 ἠμφισϐήτουν
2813 5111 3094 5180 πρότερον,
3147 5108 3389 5177 γνώμας,
3452 5097 3650 5154 πολλων

2032 5248 2036 5253 .
2089 5207 2314 5275 ἀγαθῶν
2345 5208 2440 5258 καὶ
2471 5205 2726 5274 μεγάλων
2761 5206 2936 5257 αἴτιον
2973 5204 3122 5271 σφίσι
3156 5204 3463 5270 γενήσεται,
3499 5192 3650 5252 εἴπερ

2091 5301 2182 5351 καὶ
2214 5295 2358 5366 ἄλλῳ
2383 5314 2459 5365 τῳ
2487 5295 2593 5347 τῶν
2633 5295 2889 5348 ἁπάντων
2912 5292 3090 5345 δοκεῖ·
3112 5292 3216 5343 ὑπὸ
3256 5290 3311 5342 δὲ
3342 5287 3438 5355 τῆς
3455 5279 3646 5375 τῆύξυξν

2088 5389 2384 5456 ὲπιθυμιίιπις
2434 5389 2624 5440 οὐδένα
2680 5387 2788 5439 τῶν
2847 5385 3279 5453 σπουδαιοτέρων
3338 5375 3488 5447 οἶμαι
3545 5368 3645 5421 δεῖν

2090 5480 2431 5549 κεκινῆσθαι,
2465 5479 2598 5548 μηδὲ
2624 5480 2825 5530 σκοπὸν
2872 5477 2966 5530 τοῦ
3002 5477 3264 5545 μεγίστου
3321 5472 3413 5526 καὶ
3443 5469 3640 5563 estote.-

2089 5591 2182 5626 του
2209 5571 2317 5624 τῶν
2351 5571 2532 5638 ἔργων
2559 5571 2623 5622 τά
2648 5569 2960 5637 φαυλότερα
2994 5567 3101 5620 τῶν
3140 5567 3363 5631 ἀγαθῶν
3407 5551 3641 5650 προτιθε-

2085 5679 2196 5723 ναι,
2231 5660 2326 5712 καὶ
2356 5654 2431 5711 ὧν
2457 5660 2521 5711 ἄν
2551 5677 2633 5722 τις
2665 5660 2836 5729 ῥᾷστα
2867 5659 3332 5726 καταφρονήσειεν
3353 5668 3367 5683 ⁶
3392 5646 3526 5722 ἀλλὰ
3553 5654 3641 5744 την

2089 5756 2186 5826 μὲν
2228 5753 2429 5821 γνῶσιν
2465 5754 2559 5823 τῆς
2593 5751 2849 5820 ἀλῃθεέας
2879 5751 2999 5804 ἀντὶ
3035 5751 3247 5810 πάιιτωπ
3275 5743 3482 5818 ἀςκεῖν,
3508 5737 3649 5796 Omp-
