4038 6452
297 353 394 416 409

1472 361 1757 424 ORATIO
1790 362 1818 422 Ι
1862 363 1962 423 AI)
1997 366 2381 432 SYNODUM.

3429 326 3543 430 ιτο⁷

297 470 342 521 δὲ
376 469 476 536 τῆς
511 468 618 520 τῶν
654 468 790 523 ὅλων
823 472 1050 542 εἰρήνης
1077 473 1170 525 καὶ
1203 474 1270 528 τὰ
1297 475 1530 530 πλεῖστα
1551 477 1660 531 τῶν
1687 479 1860 546 ὑπαρ-

1965 485 2150 532 autem
2179 479 2462 533 communi
2492 468 2888 550 projic‘iendam
2918 492 3037 533 esse
3063 477 3376 550 facultatum
3412 491 3534 544 par-

297 562 487 629 χὸντων
517 561 712 629 χρῆναι
741 563 1026 631 προέσθαι.
1067 567 1225 618 Δυοῖν
1278 569 1462 622 τοίνυν
1506 569 1735 634 τούτων,
1783 566 1859 625 ὧν

292 653 443 706 ’ἑνεκα
475 656 567 706 καὶ
601 654 728 716 τοὺς
755 656 984 718 πολλοὺς
1035 658 1352 728 ὑπέστημεν
1379 662 1598 724 πόνους,
1629 663 1860 732 θάτερον

299 745 385 811 μὲν
424 746 848 816 κατῖορθωκόσιν
882 749 1037 818 ἡμῖν,
1066 749 1166 820 τὴν
1197 751 1400 816 γνῶσιν
1427 752 1572 818 λέγω
1599 753 1698 824 τῆς
1723 756 1858 826 ἀλη-

293 837 456 902 θείας,
508 838 721 908 ἀνάγκη
781 841 933 893 πᾶσα
989 841 1084 893 καὶ
1135 842 1197 894 τὸ
1230 842 1414 896 λοιπὸν
1446 845 1855 903 ἐπακολουθεῖν.

296 930 451 983 Οὑῗὲν
471 930 580 1001 γὰρ
621 931 796 998 ἔσται,
833 933 934 1000 τῆς
964 934 1225 1005 ἀληθείας
1258 937 1388 1006 περὶ
1420 937 1530 991 τῶν
1576 939 1858 1010 ἀμφισϐη-

293 1023 564 1090 τουμένων
602 1025 1052 1095 ἐπιγνωσθείσης,
1085 1026 1114 1080 ὃ
1160 1029 1253 1080 καὶ
1304 1029 1467 1083 πάλιν
1499 1031 1629 1100 ἡμῖν
1682 1031 1857 1100 σχίσει

296 1114 388 1177 τὰς
421 1115 665 1183 γνώμας,
719 1117 814 1168 καὶ
848 1119 946 1185 τὴν
997 1120 1329 1191 οἰκουμένην
1383 1122 1586 1190 ὁμοίως
1639 1122 1858 1176 ἃπασαν

292 1205 567 1258 διελεῖται.
596 1205 736 1258 Οὔτε
769 1208 876 1274 γάρ
918 1210 1046 1280 περὶ
1105 1210 1211 1280 γῆς
1239 1213 1381 1282 ὅρων
1411 1214 1442 1285 ἢ
1475 1214 1774 1283 χρημάτων
1819 1215 1853 1284 ἢ

293 1300 468 1366 νήσων
503 1299 596 1352 καὶ
639 1301 846 1354 πόλεων
903 1302 1058 1365 δίκας
1093 1305 1425 1374 πράττοντες
1453 1306 1852 1376 καθεδούμεθα,

293 1388 399 1442 οἱδ⁹
430 1390 637 1460 ἥκομεν
669 1389 874 1446 τούτων
906 1392 1072 1446 ἕνεκα
1104 1394 1203 1462 τὴν
1235 1396 1451 1466 ἀρχὴν,
1475 1395 1602 1451 οὔτε
1631 1398 1856 1452 δυνατόν

290 1482 402 1544 ἔστι
434 1480 790 1549 περὶτούτων
828 1483 1038 1548 πάντας
1092 1488 1262 1539 πᾶσιν
1326 1488 1720 1558 ἀμφισϐητεῖν.
1764 1489 1856 1544 Ei-

297 1574 652 1640 ρηνεύσαντες
681 1572 734 1625 δὲ
766 1572 900 1641 πρὸς
933 1573 1197 1643 ἀλλήλους
1221 1575 1351 1628 ἄνευ
1378 1576 1474 1630 τοῦ
1497 1579 1590 1630 καὶ
1625 1579 1753 1649 περὶ
1787 1577 1856 1631 τὰ

289 1663 531 1733 δόγματα
566 1665 880 1718 παντάπασι
903 1668 1238 1736 συμφωνεῖν.
1264 1667 1359 1721 καὶ
1379 1667 1482 1737 τὴν
1509 1668 1679 1739 αὐτὴν
1705 1669 1856 1739 παρά

291 1757 423 1818 πᾶσι
454 1756 726 1824 κρατῆσαι
752 1756 934 1824 δόξαν,
963 1759 1095 1828 περὶ
1133 1752 1208 1812 ὧν
1263 1764 1487 1813 σκοπεῖν
1539 1761 1851 1830 πρόκειται,

289 1845 424 1914 πρδς
457 1844 535 1913 τῷ
575 1847 710 1918 μηδὲ
738 1848 837 1916 τὴν
865 1848 1094 1919 εῖρήνην
1118 1847 1185 1903 ἄν
1223 1848 1522 1918 δυνηθῆναι
1558 1850 1729 1902 σῶσαι
1759 1849 1855 1917 μέ-

286 1955 378 2006 χρι
413 1938 635 2002 πολλοῦ,
674 1940 765 1992 ἐπὶ
806 1939 1004 2008 σαθροῦ
1037 1957 1180 2005 τινος
1229 1941 1586 2012 ἱδρυνθεῖσαν,
1622 1943 1718 1996 καὶ
1753 1943 1853 2006 τῆς

285 2027 542 2096 ἀληθείας
595 2028 722 2082 ἄλλο
760 2046 815 2084 τι
867 2029 1096 2098 δόξομεν
1148 2033 1445 2102 προτιμᾷν,
1487 2033 1524 2104 ἢ
1559 2033 1697 2104 μόνη
1741 2032 1853 2086 τῶν

288 2118 500 2171 πολλῶν
550 2120 926 2190 ἀναλωμάτων
993 2123 1088 2176 καὶ
1135 2123 1314 2176 πόνων
1371 2124 1524 2186 τέλος
1555 2123 1754 2189 γένοιτ’
1785 2124 1854 2178 ἃν

286 2209 434 2275 ἄξιον
455 2227 470 2244 ο
513 2213 608 2266 καὶ
631 2211 909 2282 πρόφασιν
935 2213 1033 2283 μὲν
1058 2214 1154 2268 τοῦ
1187 2215 1465 2269 συνελθεῖν
1491 2216 1730 2271 ἐνταῦθα
1752 2217 1854 2287 τὴν

281 2304 414 2367 περὶ
467 2304 577 2356 τῶν
634 2303 921 2373 δογμάτων
974 2306 1205 2376 ἔρευναν
1258 2304 1421 2373 εῖναι,
1464 2309 1526 2362 τὸ
1575 2310 1622 2361 δ’
1650 2309 1854 2379 ἀληθὲς

279 2395 439 2464 ἥκειν
491 2396 760 2461 ἑκάστους
811 2397 1028 2461 ἑαυτοῖς
1087 2400 1296 2468 ἀγαθόν
1345 2419 1396 2455 τι
1423 2401 1855 2472 περιποιησομέ-

291 2505 436 2551 νους,
471 2491 564 2540 καὶ
594 2489 690 2540 τὸν
727 2489 869 2543 κατὰ
900 2487 1074 2568 ταῦτα
1105 2490 1220 2559 βίον
1246 2492 1457 2562 ἀμείνω
1513 2494 1853 2547 κατασκευά-

284 2597 496 2643 σοντας.
532 2580 722 2635 Ταῦτα
762 2579 807 2634 δ’
859 2581 1005 2648 ὑμᾶς
1059 2583 1302 2652 ἡγοῦμαι
1360 2585 1578 2648 πάντως
1625 2586 1855 2653 φυλάξε-

283 2672 429 2735 σθαι,
477 2672 552 2736 ὡς
602 2675 735 2725 πᾶσι
786 2673 1040 2745 μᾶλλονῆ
1069 2675 1376 2744 ἀνθρώποις
1402 2677 1508 2730 ὑπὸ
1532 2677 1629 2730 τοῦ
1684 2676 1856 2732 Πνεῦ-

287 2784 453 2836 ματος
480 2761 775 2834 ἀγομένοις
807 2771 903 2822 καὶ
933 2771 1031 2838 τὴν
1063 2770 1327 2840 ἀλήθειαν
1362 2771 1678 2840 προτιμῶσι
1716 2773 1853 2826 πάνά

281 2878 391 2914 των
421 2862 788 2930 ἁρμόττοντα.

354 2954 564 3006 Οὐκοῦν
586 2954 797 3005 ἐκείνου
822 2953 915 3007 καὶ
962 2953 1179 3021 πρώτου
1240 2953 1336 3008 καὶ
1390 2954 1594 3022 μᾶλλον
1648 2955 1852 3027 πρέπει

284 3047 588 3114 φροντίσαι,
618 3040 678 3098 οὒ
699 3047 760 3098 τὸ
790 3045 1070 3115 προσῆκον
1119 3047 1292 3116 πέρας
1336 3048 1722 3116 ἀπειληφότος.
1756 3049 1854 3102 αὖ·
1880 3053 1884 3080 ⁵

1963 577 2067 623 tem
2100 571 2181 622 vel
2218 571 2536 626 maximam.
2568 569 2704 624 Cum
2734 571 2896 639 igitur
2924 569 3118 622 horum
3145 568 3402 632 duorum,
3437 584 3537 635 pm
3574 622 3584 634 ,

1959 659 2161 727 quibus
2213 671 2321 713 tam
2363 659 2567 714 multos
2621 659 2836 714 labores
2889 659 3252 725 suscepimus.
3299 658 3530 710 alterum

1958 751 2174 819 egregie
2232 751 2674 819 prastiterimus,
2729 749 2988 803 nimirum
3031 750 3280 804 veritatis
3337 748 3528 813 cogni-

1959 841 2198 908 tionem;
2239 858 2460 898 necesse
2492 843 2717 898 omnino
2748 853 2832 898 est
2865 841 3096 895 alterum
3133 856 3348 907 quoque
3389 856 3524 895 con-

1959 942 2247 1001 sequatur.
2287 934 2522 988 Veritate
2551 933 2694 989 enim
2738 933 2924 1002 agnita
2962 947 3143 987 rerum
3173 947 3293 1000 quae
3333 948 3521 983 versa-

1958 1025 2157 1079 bantur
2211 1025 2264 1080 in
2302 1027 2702 1091 controversia,
2753 1025 2891 1078 nihil
2949 1025 3054 1078 erit
3106 1023 3340 1091 amplius
3381 1025 3526 1092 quod

1959 1125 2177 1170 nostros
2215 1117 2428 1171 animos
2474 1115 2777 1187 disjungat,
2814 1125 3099 1183 totumque
3143 1124 3411 1166 terrarum
3441 1128 3534 1165 or-

1912 1241 1924 1253 -
1959 1210 2080 1264 bem
2143 1210 2399 1263 similiter
2451 1210 2725 1265 distrahat
2771 1222 3001 1276 :neque
3052 1207 3199 1260 enim
3253 1205 3321 1260 de
3373 1214 3533 1259 terra:

1958 1301 2233 1364 confiniis,
2264 1311 2358 1356 aut
2391 1302 2645 1371 pecunia,
2677 1310 2771 1356 aut
2803 1301 3000 1354 insulis
3025 1311 3077 1353 et
3107 1299 3340 1353 urbibus
3375 1313 3535 1353 recu-

1957 1394 2213 1464 perandis
2239 1395 2396 1447 otiosi
2422 1394 2760 1460 litigahimus
2786 1409 2800 1458 ;
2836 1407 3010 1460 neque
3038 1406 3260 1460 prorsus
3292 1391 3429 1444 hanc
3459 1391 3530 1445 ob

1956 1501 2178 1540 causam
2212 1485 2438 1556 profecti
2469 1501 2682 1547 sumus,
2715 1500 2891 1552 neque
2926 1485 3037 1538 fieri
3073 1493 3249 1552 potest
3311 1493 3363 1535 ut
3401 1497 3530 1551 pro-

1955 1589 2076 1649 pter
2108 1579 2223 1633 hmc
2252 1579 2509 1633 omnibus
2538 1586 2727 1632 contra
2761 1593 2953 1631 omnes
2983 1577 3048 1629 lis
3085 1575 3316 1629 oriatur.
3348 1573 3453 1628 Sed
3484 1575 3529 1628 si

1955 1687 2146 1741 pacem
2206 1670 2562 1726 conficiantus
2618 1669 2754 1724 citra
2802 1668 3012 1722 firmam
3067 1669 3134 1723 de
3178 1665 3529 1736 dogmatibus
3598 1679 3604 1684 ·

1958 1765 2401 1829 consensionem,
2436 1779 2710 1834 unamque
2754 1779 2783 1817 a
2824 1763 3041 1819 cunctis
3087 1769 3360 1830 receptam
3404 1775 3529 1813 sen-

1961 1857 2184 1911 tentiam
2219 1859 2286 1910 de
2331 1857 2399 1912 iis
2431 1871 2556 1926 quae
2591 1857 2751 1910 modo
2785 1863 3091 1910 tractantur
3119 1871 3133 1920 ;
3166 1862 3526 1923 praeterquam

1961 1949 2104 2018 quod
2147 1963 2332 2018 pacem
2376 1948 2467 2002 diu
2503 1962 2831 2002 conservare
2875 1963 2979 2002 n0n
3017 1947 3340 2016 poterimus.
3367 1943 3530 1996 debili

1962 2041 2314 2096 fundamento
2347 2041 2620 2108 innixam,
2654 2041 2961 2095 videbimur
2982 2041 3146 2095 etiam
3179 2037 3390 2092 veritati
3426 2036 3530 2104 ipsi

1960 2134 2162 2204 aliquid
2222 2135 2366 2189 aliud
2428 2149 2781 2205 praeponere,
2836 2149 2957 2201 qtue
2993 2147 3098 2186 una
3155 2131 3354 2198 dignus
3402 2128 3526 2183 fluis

1960 2227 2234 2283 exstiterit
2279 2228 2574 2281 multorum
2636 2235 2950 2294 sumptuum
3011 2235 3174 2295 atque
3232 2222 3528 2276 labarum:

1961 2319 2234 2374 videbitur
2271 2333 2494 2388 quoque
2544 2317 2905 2387 profectionis
2939 2327 3140 2371 nostra:
3190 2330 3311 2368 vera
3364 2327 3531 2368 causa

1960 2429 2068 2469 non
2104 2414 2275 2468 fuisse
2308 2412 2589 2480 inquisitio
2621 2411 2962 2478 dogmatum,
3020 2409 3112 2464 sed
3148 2417 3206 2461 ut
3235 2405 3534 2474 unusquis-

1959 2520 2067 2576 que
2091 2505 2218 2559 boni
2252 2505 2456 2574 aliquid
2505 2505 2765 2566 lucretur,
2802 2512 2856 2556 et
2905 2503 3028 2555 vita!
3068 2501 3212 2570 quod
3261 2507 3529 2564 superest.

1960 2599 2212 2651 traducat
2255 2595 2578 2665 jucundius.
2615 2596 2736 2650 Παίς
2769 2605 2954 2649 autem
2999 2609 3096 2648 vos
3133 2595 3288 2661 plane
3327 2591 3534 2643 devita-

1960 2702 2110 2744 tnros
2133 2689 2411 2753 existimo,
2447 2699 2505 2743 ut
2535 2688 2711 2742 cuivis
2735 2687 2915 2757 potius
2945 2684 3299 2754 congruentia
3367 2697 3530 2752 quam

1963 2781 2324 2845 hominibus,
2374 2781 2467 2851 qui
2517 2781 2726 2852 Spiritu
2777 2781 3081 2845 ducuntur,
3135 2777 3534 2844 veritatemque

1959 2878 2215 2935 erunibus
2247 2877 2567 2948 praeferunt.
2591 2863 2593 2866 ί
3002 2869 3026 2874 Ἀ

2033 2971 2108 3026 De
2131 2971 2223 3025 illo
2247 2971 2410 3041 igitur
2435 2980 2488 3023 et
2517 2970 2694 3038 primo
2715 2967 2838 3022 loco
2879 2979 2930 3019 et
2957 2965 3130 3035 magis
3161 2974 3242 3020 est
3275 2964 3416 3032 cogit
3437 2978 3490 3015 in
3513 2991 3529 3004 -

1961 3063 2088 3116 dum
2119 3081 2133 3128 ;
2172 3062 2316 3132 quod
2355 3061 2400 3117 si
2436 3061 2503 3116 ad
2539 3059 2779 3115 debitum
2816 3059 3146 3128 perducatur
3181 3058 3367 3121 linem,
3404 3070 3532 3105 eon-

281 3139 409 3192 τίκα
446 3139 512 3192 τά
547 3140 782 3208 κρείττω
811 3139 907 3192 καὶ
960 3139 1089 3210 περὶ
1133 3142 1242 3194 τῶν
1312 3141 1621 3195 ὑπολοίπων
1674 3142 1850 3206 ἔξεστι

1961 3156 2116 3209 tinuo
2153 3153 2366 3220 reliqua
2397 3153 2561 3207 etiam
2597 3166 2862 3220 prospera
2895 3157 3023 3204 sunt
3053 3147 3436 3217 exspectanda.
3469 3145 3526 3198 Si

282 3233 607 3303 προσδοκᾷν.
646 3234 746 3285 Ἀν
779 3235 888 3301 γὰρ
920 3232 1022 3302 τὴν
1073 3233 1334 3301 ἀλήθειαν
1374 3238 1512 3288 πᾶσι
1556 3238 1656 3306 μὶν
1686 3236 1857 3307 ζητῆσ-

287 3345 378 3378 σαι
407 3327 629 3395 τρόποις
654 3325 1000 3392 θελήσωμεν,
1037 3330 1306 3396 φανεῖσαν
1339 3329 1395 3380 δὲ
1461 3329 1711 3399 ἁρπάσαι
1761 3331 1885 3384 καὶ⁴

285 3423 601 3489 κατασχεῖν,
659 3419 971 3488 ἀναλάμψει
1010 3420 1108 3488 μὲν
1149 3420 1210 3473 τὺ
1249 3421 1348 3489 τῆς
1380 3423 1632 3490 ὁμονοίας
1667 3423 1853 3485 καλὸν,

285 3513 344 3566 τὸ
371 3511 427 3564 δὲ
457 3511 551 3564 τοῦ
617 3511 917 3580 σχίσματος
970 3511 1265 3582 λυθήσεται
1311 3514 1490 3579 νέφος·
1528 3514 1624 3566 καὶ
1671 3514 1856 3566 οὐκέτι

289 3606 675 3675 προστιθέντες
697 3605 884 3667 κακῶς
913 3606 946 3675 ἦ
1001 3605 1434 3673 φιλονεικοῦντες
1463 3606 1695 3674 ἀλόγως,
1748 3607 1857 3662 τῶν

289 3697 536 3764 ὰέελφῶν
587 3697 1113 3767 ἁποῤῥαγησόμεθα.
1145 3695 1253 3751 Τοῦ
1283 3699 1339 3750 δὲ
1374 3699 1563 3768 μίσους
1613 3700 1706 3751 καὶ
1757 3702 1888 3766 τῆς·

289 3791 479 3857 ἀηδίας
510 3788 652 3842 οἰτω
679 3789 972 3854 λυθέντων,
1025 3791 1415 3860 μεταδώσομεν
1447 3791 1700 3860 ἀλλήλοις
1745 3794 1856 3845 τῶν

289 3882 422 3949 παρ’
450 3884 580 3952 ἡμῖν
619 3883 860 3946 ἀγαθῶν,
896 3884 987 3933 καὶ
1016 3882 1270 3950 καθάπερ
1317 3883 1536 3946 οἰκείοις
1568 3885 1662 3937 καὶ
1719 3901 1854 3952 συγ-
1883 3895 1887 3899 ’

287 3977 478 4043 γενὲσι
509 3973 846 4043 χρησόμεθαο
884 3976 978 4027 καὶ
1007 3975 1143 4037 ὅλως
1171 3975 1270 4028 οὐκ
1300 3975 1412 4027 ἔσθ’
1434 3977 1461 4028 δ
1497 3993 1546 4028 τι
1581 3977 1690 4029 τῶν
1724 3979 1859 4045 ἀγα-ο

287 4068 396 4120 θῶν
425 4068 518 4135 οὐχ
547 4066 737 4134 ἕψεται
770 4065 1136 4134 παραχρῆμα.
1173 4067 1332 4134 ’Ἐγὼ
1356 4067 1400 4119 δ’
1429 4068 1635 4136 εἴποιμ’
1663 4069 1749 4133 ἂν,
1783 4069 1858 4130 ὡς

289 4161 336 4211 εἰ
373 4161 466 4212 καὶ
494 4160 599 4210 τῶν
625 4159 984 4228 ὑπαρχόντων
1017 4159 1317 4228 ἐμέλλομεν
1353 4159 1647 4211 ἐκπίπτειν
1680 4160 1857 4213 anew.

287 4269 418 4310 των,
448 4253 537 4304 καὶ
579 4251 814 4320 πένητες
841 4250 936 4302 καὶ
963 4249 1140 4314 ἄδοξοι
1188 4251 1289 4320 τὴν
1337 4252 1670 4321 οἰκουμένην
1702 4269 1858 4320 περι-

289 4342 496 4393 νοστεῖν
517 4339 688 4392 ὲκτοῦ
712 4339 976 4406 πλείστην
999 4339 1260 4405 φροντίδα
1277 4340 1467 4394 θέσθαι
1484 4342 1583 4412 τῆς
1598 4341 1856 4412 ἀληθείας
1894 4351 1898 4354 ’

288 4428 540 4496 καὶπερὶ
573 4427 776 4498 ταύτης
828 4428 1135 4498 σκέψασθαι
1199 4427 1499 4498 προῦργου,
1561 4431 1683 4502 μηδ’
1711 4429 1858 4484 οὕτω

1957 3245 2102 3298 enim
2139 3243 2317 3298 modis
2345 3234 2601 3297 omnibus
2631 3241 2915 3295 veritatem
2953 3253 3220 3308 qurerere,
3259 3245 3314 3288 et
3353 3234 3527 3288 visam

1955 3336 2198 3403 arripere
2225 3349 2292 3388 ac
2323 3332 2556 3388 retinere
2587 3333 2840 3394 velimus,
2867 3330 3138 3385 elnceseet
3157 3327 3374 3396 quidem
3399 3340 3533 3376 eon-

1956 3426 2158 3481 cordiae
2202 3425 2430 3486 bonum,
2467 3422 2796 3478 discutietur
2830 3433 3010 3474 autem
3062 3414 3383 3472 sebismatis
3430 3429 3536 3466 nn-

1959 3518 2052 3572 bes
2089 3533 2105 3570 :
2148 3530 2326 3583 neque
2377 3515 2516 3568 ultra
2561 3524 2656 3568 aut
2691 3513 2892 3582 iniquis
2936 3508 3404 3580 aggressionibus,
3439 3514 3534 3559 aut

1959 3609 2114 3663 vanis
2147 3594 2652 3663 concertationibus
2680 3605 3037 3673 sejungcmur
3067 3616 3095 3654 a
3136 3597 3420 3675 fratribus.
3453 3597 3527 3650 Ita

1957 3717 2123 3771 porro
2173 3700 2387 3755 sublato
2444 3699 2595 3760 odio,
2659 3696 2998 3767 placatisque
3043 3694 3255 3748 aversis
3308 3690 3532 3764 animis,

1960 3793 2120 3848 alteri
2165 3809 2290 3848 cum
2339 3793 2525 3846 alteris
2574 3790 2712 3844 bona
2759 3797 2943 3843 nostra
2979 3783 3531 3846 communicabimus,

1960 3885 2319 3954 amniumque
2370 3892 2424 3938 et
2455 3890 2818 3950 cognatorum
2871 3881 2992 3934 loco
3036 3878 3399 3932 habebimus:
3435 3889 3535 3928 nec

1958 3980 2065 4033 erit
2093 3979 2260 4031 ullum
2294 3980 2520 4030 omnino
2548 3977 2776 4036 bonum.
2809 3972 2954 4043 quod
2995 3987 3103 4024 non
3146 3970 3272 4024 site
3303 3967 3532 4036 vestigio

1959 4078 2302 4124 secuturum.
2348 4069 2459 4135 Ego
2490 4081 2618 4120 vero
2650 4065 2813 4120 etiam
2844 4061 3098 4125 dixerim,
3132 4058 3233 4112 etsi
3265 4059 3530 4110 bonorum

1957 4162 2206 4216 omnium
2239 4159 2511 4228 jactur-am
2545 4173 2794 4212 essemus
2826 4153 3047 4215 facturi,
3076 4160 3131 4205 et
3166 4147 3410 4216 ragaturi
3439 4161 3535 4216 per

1959 4255 2140 4307 urbem
2173 4253 2362 4320 inopes
2392 4260 2445 4305 et
2487 4248 2701 4320 inglorii
2744 4255 2960 4317 propter
3009 4242 3304 4297 maximam
3335 4241 3401 4293 de
3445 4253 3537 4292 ve-

1959 4348 2120 4400 ritate
2166 4344 2612 4407 sollicitudinem,
2660 4348 2714 4396 et
2746 4340 2944 4394 seriam
2982 4337 3102 4405 ejus
3130 4334 3536 4392 tractationem,

1961 4439 2096 4493 nihil
2141 4447 2320 4492 tamen
2353 4437 2421 4491 de
2467 4435 2652 4488 studio
2697 4445 2807 4502 quo
2845 4432 2992 4485 illam
3032 4426 3381 4497 inquirimus,
3414 4437 3539 4478 esse

285 4525 396 4574 δετν
425 4524 521 4591 τῆς
569 4521 699 4591 περὶ
725 4522 930 4590 ταύτην
974 4522 1211 4591 σπουδῆς
1254 4523 1435 4576 ὁτιοῦν
1489 4525 1856 4594 καθυφεῖναι·

1965 4532 2194 4590 Omnino
2253 4527 2685 4590 remittendum;
2745 4540 2845 4579 nec
2901 4523 3046 4577 aliud
3107 4518 3535 4574 existimandum

294 4614 428 4684 μηδὲ
450 4612 693 4681 νομίζειν
726 4611 856 4665 ἄλλο
917 4630 969 4665 τι
1031 4613 1090 4664 to
1141 4614 1410 4682 ἡμέτερον
1453 4617 1658 4682 ἀγαθὸν
1716 4617 1855 4684 πλὴν

288 4706 514 4774 ταύτης,
545 4709 636 4759 καὶ
678 4705 778 4774 τὴν
809 4705 1164 4775 ἀνθρωπίνην
1193 4705 1564 4774 εὐδαιμονίανδ
1603 4707 1782 4763 ’Ὀπου
1804 4707 1862 4761 δὲ
1894 4728 1899 4733 ·

289 4800 384 4851 καὶ
410 4798 578 4853 τάλλα
611 4798 700 4852 διὰ
726 4797 935 4868 ταύτην
971 4798 1102 4867 ἡμῖν
1133 4799 1442 4868 περιέσται,
1475 4800 1622 4853 οὕτω
1667 4817 1728 4854 τε
1757 4800 1858 4869 τῆς
1899 4837 1903 4841 -

289 4890 397 4942 τῶν
430 4891 774 4961 πραγμάτων
799 4889 1018 4958 φύσεως
1065 4891 1434 4962 ἀπαιτούσης,
1468 4893 1564 4962 καὶ
1593 4891 1688 4945 τοῦ
1721 4891 1860 4945 Θεοῦ
1895 4911 1900 4917 ·

289 4983 447 5055 χάριν
483 4973 612 5053 ἡμῖν
641 4984 739 5052 τῆς
772 4986 902 5054 περὶ
937 4985 998 5036 τὸ
1035 4985 1327 5038 κάλλιστόν
1369 5001 1431 5038 τε
1461 4961 1557 5040 καὶ
1586 4985 1862 5040 θειότατον
1899 5011 1902 5014 ’

289 5077 673 5146 πραγματείας
707 5079 945 5130 ἐκτίνειν
968 5077 1274 5142 ἐθέλοντος,
1310 5079 1429 5142 πῶς
1465 5079 1526 5132 οὐ
1563 5083 1659 5132 καὶ
1687 5079 1860 5150 ταύτῃ

289 5170 525 5239 μάλιστα
553 5170 645 5222 τοῦ
702 5171 988 5240 χρήματος
1038 5173 1410 5236 φροντιστέον,
1473 5175 1568 5225 καὶ
1605 5172 1862 5224 ’σπουδαο

288 5261 445 5313 στέον
468 5261 598 5314 αὐτὸ
655 5261 840 5313 λαὸεῖν
893 5261 990 5332 ὅση
1046 5261 1276 5329 δύναμις
1312 5278 1328 5327 ;
1359 5263 1480 5315 "Ott
1517 5263 1575 5316 δὲ
1612 5265 1732 5316 οὐδὲ
1762 5265 1864 5330 τῆς

288 5355 514 5422 εἰρήνης
542 5353 700 5405 ἄλλον
738 5356 860 5404 τινὰ
900 5353 1108 5422 τρόπον
1146 5355 1571 5425 καθισταμένης,
1603 5356 1862 5424 ἀσφαλῶς

285 5445 427 5511 ⁴Ιξμῖν
477 5442 769 5495 ἀπολαύειν
821 5440 1058 5507 ἐξέσται,
1107 5441 1225 5494 ἀλλ’
1288 5441 1408 5504 ἑνός
1467 5459 1613 5505 τινος
1665 5442 1862 5510 ἀηδοῦς

245 5532 649 5600 ’ὁποτέρωθεῃ
699 5531 788 5585 οἶα
841 5531 993 5600 φιλεῖ
1043 5531 1316 5600 γίνεσθαι,
1367 5533 1861 5600 συμπεπτωκότος,

293 5626 566 5694 πρόφασιν
610 5625 949 5693 ποιησόμεθα
979 5626 1214 5695 πολέμου
1245 5626 1340 5678 καὶ
1398 5625 1582 5696 μάχης
1629 5627 1731 5696 τὴν
1764 5626 1865 5679 ἐπὶ

288 5717 400 5769 τῶν
439 5715 725 5784 δογμάτων
781 5717 1152 5785 ἁσυμϐασίαν,
1188 5718 1283 5770 καὶ
1334 5717 1497 5771 πάλιν
1553 5719 1729 5790 ὀνείδη
1769 5720 1861 5772 καὶ

290 5815 604 5884 συγγραφαὶ
635 5809 753 5861 κατ’
796 5807 1039 5881 αλλήλων
1072 5810 1254 5879 ἕξουσι
1287 5810 1518 5889 χώραν,
1551 5814 1643 5866 καὶ
1675 5813 1730 5865 τὸ
1761 5814 1862 5884 μᾴ·

1966 4627 2162 4679 bonum
2200 4632 2466 4682 nostrum.
2504 4618 2620 4674 sive
2652 4617 2966 4672 felicitatem
2999 4615 3317 4674 humanam,
3343 4619 3541 4678 prtelt'l‘

1964 4721 2102 4771 hanc
2148 4717 2346 4784 ipsam.
2393 4713 2527 4766 Cum
2584 4711 2750 4781 igitur
2795 4717 2850 4763 et
2910 4709 3117 4774 reliqua
3169 4716 3388 4774 prepter
3417 4717 3534 4756 eam

1964 4823 2251 4864 accessura
2282 4807 2413 4864 sint.
2444 4806 2515 4858 ita
2548 4819 2733 4858 rerum
2777 4811 2971 4856 natura
3009 4801 3278 4867 exigente,
3315 4796 3539 4865 Deoque

1965 4913 2064 4952 nos
2114 4907 2332 4968 propter
2380 4912 2518 4965 opus
2568 4893 2994 4964 pulcherrimum
3028 4907 3092 4946 ac
3135 4889 3536 4944 divinissimnm

1965 5003 2324 5042 reiuuuerare
2377 4987 2612 5051 volente,
2662 5001 2765 5040 cur
2808 4985 2952 5039 hanc
2986 4985 3162 5040 etiam‘
3195 4981 3266 5036 ob
3317 4996 3537 5036 causam

1965 5096 2069 5132 non
2119 5081 2188 5133 sit
2219 5080 2290 5133 de
2339 5081 2440 5134 hac
2485 5094 2542 5132 re
2587 5079 2828 5132 maxime
2873 5077 3249 5145 cogitandum,
3303 5075 3541 5141 totisque

1964 5173 2170 5226 viribus
2204 5173 2269 5226 ad
2326 5174 2721 5244 assequendam
2773 5187 2890 5224 eam
2943 5168 3348 5223 laborandum?
3382 5166 3537 5231 Quod

1965 5275 2094 5314 vero
2134 5260 2179 5313 si
2210 5276 2309 5330 pax
2343 5261 2447 5315 alia
2489 5263 2685 5331 quavis
2729 5262 2938 5314 ratione
2988 5261 3098 5321 lial,
3137 5259 3292 5312 nobis
3328 5273 3387 5311 ea
3423 5266 3541 5308 tuto

1965 5355 2066 5408 frui
2105 5369 2211 5407 non
2247 5353 2450 5420 licebit,
2485 5359 2578 5409 sed
2627 5369 2690 5409 ex
2723 5354 2929 5406 utravis
2963 5362 3139 5421 parte,
3188 5365 3246 5403 re
3281 5349 3536 5418 quapiam

1939 5445 2169 5509 minus
2194 5446 2433 5517 jucunda
2466 5446 2837 5515 contingente,
2873 5445 2996 5498 belli
3048 5459 3110 5496 ac
3143 5456 3335 5510 pugnae
3375 5456 3536 5494 ocra-

1965 5542 2048 5595 sio
2079 5543 2169 5595 lict
2200 5541 2573 5607 discrepantia
2621 5541 2956 5608 dogmalum,
2990 5549 3042 5592 et
3093 5553 3286 5590 rursus
3327 5535 3542 5602 probris
3615 5551 3618 5554 ’

1967 5641 2020 5683 et
2074 5632 2465 5700 scriptionibus
2517 5629 2909 5685 couﬂietationi
2964 5640 3163 5682 mutua:
3217 5629 3368 5680 locus
3413 5627 3536 5688 erit,

1964 5733 2019 5776 rt
2048 5723 2225 5776 inanis
2259 5723 2531 5776 videbitur
2565 5732 2676 5776 tota
2713 5721 2824 5776 hate
2853 5719 3034 5774 rerum
3068 5721 3345 5772 innovatio
3383 5737 3396 5773 :
3434 5733 3535 5782 ego

1965 5807 2184 5885 quidem
2228 5813 2544 5880 ostendere,
2575 5813 2828 5893 quamvis
2869 5813 3020 5870 nullo
3053 5810 3268 5882 negotio
3297 5810 3530 5881 possim,
3588 5835 3592 5840 ι
