4038 6478
395 454 510 522 Ηθ

1510 452 1892 515 GENNADH
1935 452 2041 516 ΕΡ.
2090 451 2616 516 ιἈΤιιιΑΙιριιΕ

3605 445 3713 511 ιὲθ

397 588 538 638 opus
557 571 659 626 erit
685 573 790 626 alio
812 585 1060 626 seorsum
1090 578 1354 632 tractatu.
1380 579 1475 624 aut
1513 570 1639 625 aliis
1672 569 1976 634 laboribus,

2109 569 2188 638 τὴν
2220 569 2575 640 ὀφειλομένην
2621 568 3025 634 ἀντιτάξαντας
3061 569 3360 638 πρόνοιαν,
3396 567 3496 638 τὴν
3538 570 3714 639 μόνην

399 674 494 718 aut
524 664 787 732 temporis
831 677 1151 718 mora:uec
1187 661 1230 716 si
1291 675 1379 714 res
1429 661 1482 714 in
1525 663 1778 730 praesenti
1841 667 1979 715 bene

398 766 822 825 componantur.
885 771 1024 825 opus
1056 754 1166 810 erit
1221 753 1289 808 de
1348 752 1433 809 bis
1471 754 1669 806 iterum
1729 753 1980 808 sedentes

403 847 665 920 cogitare,
703 848 796 902 sed
823 847 970 918 quod
991 853 1213 917 oportet
1242 845 1507 900 adbibere
1545 844 1612 898 ad
1669 845 1978 913 praesentia.

404 941 508 995 hoc
540 940 692 995 vobis
722 943 827 995 erit
865 939 1224 1010 pltarmaeum
1263 938 1428 992 etiam
1485 936 1552 990 ad
1587 937 1794 991 futura.
1848 934 1981 988 Nam

406 1032 451 1087 si
508 1031 803 1086 effeceritis
859 1039 915 1084 ut
971 1043 1158 1084 revera
1212 1027 1456 1098 synodus
1505 1025 1842 1082 teeumeuica
1889 1025 1988 1078 ba-

406 1127 620 1186 beatur.
653 1139 716 1177 ex
748 1137 860 1193 quo
914 1125 1077 1177 etiam
1121 1123 1206 1177 fiet
1239 1131 1296 1175 ut
1329 1121 1486 1176 ﬁrma
1518 1120 1632 1175 sint
1674 1135 1797 1189 quae
1825 1133 1855 1172 a
1889 1133 1988 1172 vo-

407 1218 494 1273 bis
521 1217 723 1272 fuerint
772 1217 1012 1281 decreta,
1061 1232 1242 1278 nemo.
1271 1214 1570 1286 quidquam
1601 1211 1989 1283 derebusjam

406 1308 646 1364 definitis
675 1308 725 1362 iu
755 1307 981 1387 dubium
1017 1322 1238 1372 vocans,
1270 1307 1380 1360 fieri
1409 1320 1648 1374 unquam
1680 1304 1996 1360 schismatis

408 1409 599 1457 auctor
628 1400 880 1466 voluerit,
910 1409 966 1456 et
1011 1399 1313 1455 Eccle'siam
1369 1398 1552 1453 sciens
1586 1399 1690 1452 hoc
1743 1396 1990 1451 animad-

408 1509 716 1558 versurum,
765 1503 818 1546 et
849 1506 1042 1564 poenas
1090 1489 1160 1546 ab
1213 1488 1550 1544 terumenica
1598 1486 1811 1558 synodo
1858 1503 1990 1542 cuu-

409 1587 632 1643 stitutas
689 1583 1089 1648 reformidans;
1129 1581 1275 1652 quod
1341 1598 1440 1652 par
1487 1589 1582 1662 est.
1607 1589 1738 1635 tunc
1782 1579 1988 1650 potius,

411 1687 596 1748 utpote
623 1688 737 1732 toto
793 1687 1066 1731 terrarum
1099 1678 1233 1731 orbe
1289 1675 1431 1731 idem
1492 1677 1786 1740 sentiente,
1824 1687 1988 1743 quam

410 1786 558 1826 nunc
590 1782 932 1839 exspectare.

2083 659 2339 714 ἁπάντων
2383 661 2566 714 αἰτίαν
2631 662 2932 732 περιελεῖν.
2973 661 3099 715 Ἐπὶ
3152 662 3273 732 γὰρ
3333 660 3564 731 ταύτην
3613 662 3716 714 οὑκ

2086 739 2225 816 ἰδίας
2281 753 2362 806 δεῖ
2415 754 2830 824 πραγματείας,
2886 754 3010 808 οὑδὲ
3069 755 3258 808 πόνων
3320 753 3519 809 ἄλλων
3589 755 3716 807 οὑδὲ

2085 844 2279 916 χρόνου
2347 846 2582 917 τριϐῆς*
2635 845 2760 902 οὑδὲ
2816 847 2886 902 τὰ
2947 847 3194 918 παρόντα
3275 847 3717 917 διοικουμένους

2085 937 2267 1000 καλῶς
2307 927 2494 1008 δεήσει
2526 940 2656 1008 περὶ
2690 938 2898 994 τούτων
2942 940 3310 1010 καθημένους
3353 939 3714 995 σκέπτεσθαι

2087 1029 2250 1082 πάλιν
2281 1045 2296 1058 ·
2335 1029 2450 1083 ἀλλ’
2495 1029 2524 1082 ὂ
2591 1031 2726 1100 πρὸς
2767 1030 2840 1084 τὰ
2887 1032 3134 1102 παρόντα
3191 1031 3287 1085 δεῖ
3335 1030 3714 1100 προελέσθαι,

2086 1121 2235 1176 τοῦθ’
2259 1123 2390 1191 ὑμῖν
2415 1123 2511 1175 και
2545 1122 2653 1176 τῶν
2689 1123 3002 1192 μελλόντων
3031 1122 3354 1193 φάρμακον
3408 1121 3577 1176 ἔσται
3596 1137 3613 1153 ο
3649 1121 3716 1175 ἂν

2087 1217 2198 1285 γὰρ
2219 1215 2368 1277 ὅπως
2395 1215 2615 1282 ἀληθῶς
2640 1216 2997 1285 οίκουμενικὴ
3027 1215 3453 1287 νομισθήσεται
3484 1215 3716 1278 σύνοδος

2092 1307 2489 1378 διαπράξησθε,
2520 1307 2580 1371 ἐξ
2609 1300 2671 1361 οὗ
2703 1312 2801 1363 καὶ
2843 1308 2915 1362 τὰ
2970 1310 3100 1380 περὶ
3131 1310 3248 1362 τῶν
3300 1309 3715 1377 προκειμένων

2093 1400 2322 1467 δόξαντα
2356 1402 2579 1470 κρατεῖν
2608 1400 2741 1470 ὑμῖν
2771 1401 3088 1470 περιέσται,
3113 1400 3299 1462 οὐδείς
3350 1417 3524 1466 ποτε,
3544 1401 3718 1455 κινῶν

2095 1508 2149 1547 τι
2237 1491 2346 1548 τῶν
2421 1491 2808 1558 καθεστώτων,
2853 1493 3155 1562 σχίσματος
3212 1491 3376 1564 ἀρχὴ
3446 1494 3715 1560 γενισθαι

2097 1582 2455 1656 βουλήσεται·
2507 1583 2634 1640 οὔτε
2691 1583 3097 1655 περιοψομένην
3165 1588 3276 1654 τὴν
3363 1585 3716 1655 Ἐκκλησίαν

2095 1677 2272 1740 εἰδὼς,
2309 1677 2526 1740 καὶτὰς
2562 1676 2628 1730 ex
2653 1679 2753 1747 τῆς
2780 1678 3168 1747 οῖκουμενικῆς
3203 1677 3452 1748 συνόδου
3501 1679 3711 1745 φυλατ-

2094 1771 2319 1838 τόμενος
2348 1769 2524 1837 δίκας,
2557 1771 2623 1841 ἢν
2648 1769 2772 1823 τότε
2811 1772 3013 1841 μᾶλλον
3043 1770 3076 1842 ἢ
3101 1770 3217 1836 νῦν,
3253 1771 3364 1824 an
3390 1770 3501 1837 τῆς
3530 1771 3714 1822 οἰκον-

2103 1867 2270 1934 μένης
2295 1862 2516 1934 ἀπάσης
2545 1861 2884 1934 ὁμονοούσης
2917 1863 3228 1934 προσὼκᾷν
3255 1855 3422 1916 ἔστιν
3457 1861 3710 1928 εὔλογον.

485 1955 551 2008 Et
583 1953 722 2007 hanc
755 1950 976 2020 quidem
1005 1947 1275 2021 synodum
1331 1961 1437 2001 nou
1489 1945 1672 2001 minus
1697 1961 1724 2001 a
1760 1943 1994 2016 Spiritu,

2173 1957 2286 2010 Καὶ
2315 1955 2420 2026 μὴν
2469 1954 2568 2025 τὴν
2616 1955 2722 2024 μὲν
2766 1955 2984 2010 σύνοδον
3013 1955 3221 2024 ταύτην
3249 1956 3366 2008 ὑπὸ
3401 1955 3501 2008 τοῦ
3544 1953 3714 2007 Ilva-5-

410 2060 574 2116 quam
605 2041 673 2098 de
700 2040 904 2112 Spiritu
928 2039 1166 2096 dicimus
1200 2045 1612 2108 congregatam,
1646 2049 1766 2104 quae
1809 2034 1884 2089 illi
1915 2037 1995 2087 v1-

409 2135 980 2193 denturdeﬁnituram
1006 2147 1025 2186 :
1049 2129 1103 2188 id
1133 2146 1261 2185 vero
1290 2145 1529 2200 quanam
1561 2129 1666 2184 alia
1701 2131 1912 2184 ratione
1935 2142 1996 2183 re

411 2230 529 2300 ipsa
582 2227 928 2291 ostendatur,
994 2234 1362 2296 praeterquam
1405 2223 1454 2277 si
1507 2230 1720 2284 caetera,
1771 2219 1994 2290 quidem

410 2319 948 2394 parvipenderimus,
978 2316 1263 2372 veritatem
1299 2324 1479 2371 autem
1533 2314 1601 2370 de
1627 2314 1748 2383 ejus
1772 2328 1998 2384 procos-

413 2417 568 2470 sione
588 2413 766 2470 modis
807 2410 1062 2466 omnibus
1092 2406 1619 2470 examinaverimus.
1652 2415 1706 2461 et
1744 2405 1866 2460 sine
1896 2405 2000 2462 hoc

414 2508 565 2562 nulla
601 2506 813 2562 ratione
837 2503 962 2559 hinc
989 2503 1244 2559 recedere
1296 2499 1442 2571 passi
1477 2499 1722 2555 erimus?
1746 2508 1837 2554 aut
1867 2514 2001 2570 quo-

418 2599 579 2656 modo
611 2599 684 2655 illi
709 2613 820 2655 rem
849 2597 1019 2666 magis
1043 2605 1254 2665 gratam
1297 2592 1478 2648 facere
1513 2577 1817 2665 possimus,
1837 2609 1866 2646 a
1891 2606 2003 2660 quo

415 2692 555 2758 solo,
583 2691 674 2761 qui
716 2705 872 2745 amor
897 2698 1055 2746 estet
1093 2688 1319 2746 dicitur.
1355 2700 1579 2756 sperare
1607 2684 1860 2740 convenit
1902 2684 2001 2740 bo-

418 2801 546 2842 num
575 2783 901 2848 concordiae,
925 2797 1088 2852 quam
1121 2781 1167 2834 si
1198 2794 1363 2834 sanas
1392 2792 1455 2832 ae
1485 2777 1603 2848 pias
1634 2777 1701 2832 de
1731 2777 1851 2847 ipso
1878 2789 2005 2830 seu-

419 2879 619 2933 tentias
659 2876 1197 2946 investigaverimus,
1253 2885 1558 2942 puramque
1613 2884 1677 2924 ac
1728 2868 1998 2926 sinceram

421 2971 480 3025 in
516 2985 641 3024 cum
677 2970 838 3024 fidem
860 2954 1117 3036 reperire
1145 2973 1200 3018 et
1235 2976 1567 3018 conservare
1629 2957 2009 3016 voluerimus?

419 3063 558 3116 Cum
589 3060 734 3115 enim
769 3059 861 3113 ille
905 3058 976 3113 sit
1021 3055 1259 3126 Spiritus
1309 3054 1582 3120 veritatis,
1611 3053 1728 3107 vult
1785 3052 2002 3123 quidem

425 3167 529 3209 nos
559 3151 851 3222 cujuSlibet
882 3147 1131 3203 veritatis
1162 3161 1284 3202 esse
1313 3145 1614 3210 studiosos,
1646 3145 1910 3215 nobisque
1934 3143 2002 3199 ad

419 3262 545 3301 eam
578 3250 680 3298 via:
702 3243 899 3298 ducem
931 3255 992 3297 se
1044 3240 1268 3311 prabet,
1300 3247 1360 3295 ut
1392 3239 1485 3310 qui
1511 3239 1631 3294 sine
1663 3238 1783 3308 ipso
1819 3254 1915 3308 per
1939 3237 2002 3291 il-

2099 2065 2272 2117 ματος
2305 2047 2461 2101 οὑδὲν
2507 2042 2674 2119 ἦττον
2723 2046 2756 2118 ἢ
2807 2051 2939 2118 περὶ
2984 2047 3078 2101 τοῦ
3134 2046 3480 2116 Πνεύματός
3527 2063 3710 2115 φαμεν

2098 2139 2511 2211 συνηθροῖσθαι,
2566 2140 2634 2194 τὰ
2688 2140 2886 2210 ἐκείνῳ
2938 2139 3208 2194 δοκοῦντα
3254 2140 3706 2210 ψηφιουμένην·

2097 2233 2218 2296 πῶς
2245 2231 2291 2284 δ’
2346 2232 2412 2286 ἂν
2463 2231 2641 2294 ἄλλως
2671 2229 2759 2284 ἐπ’
2784 2229 2972 2284 αὑτῶν
3000 2230 3114 2283 τῶν
3152 2229 3526 2300 πραγμάτων
3553 2226 3709 2281 τοῦτο

2097 2324 2364 2396 δειχθείη,
2419 2323 2453 2392 ἦ
2485 2323 2554 2377 τὰ
2585 2323 2685 2394 μὲν
2716 2323 2854 2377 ἄλλα
2891 2321 3256 2392 περιιδόντων
3290 2321 3487 2392 ἡμῶν,
3522 2321 3622 2389 τὴν
3655 2321 3709 2373 ὁὶ

2101 2418 2236 2486 περὶ
2278 2417 2384 2487 τῆς
2420 2416 2589 2471 αὑτοῦ
2621 2406 2854 2487 προόδου
2889 2416 3028 2470 πᾶσι
3058 2415 3295 2486 τρόποις
3351 2414 3708 2484 ἐξητακότων

2101 2505 2388 2576 ἀλήθειαν,
2424 2507 2518 2559 καὶ
2547 2505 2751 2559 τούτου
2787 2505 2960 2576 χωρὶς
2985 2504 3111 2575 μηδ’
3149 2505 3430 2573 ἀπελθεῖν
3459 2504 3709 2558 ιντεῦθεν

2103 2596 2532 2666 ἀνασχομένωνς
2564 2595 2634 2648 ’Ἡ
2681 2594 2799 2658 πῶς
2837 2593 2904 2648 ἂν
2933 2595 3311 2665 δυνηθείημεν
3348 2597 3509 2666 αὑτῷ
3556 2595 3707 2665 χαρὶο

2107 2689 2307 2744 σασθαι
2344 2687 2576 2756 μᾶλλον,
2609 2689 2739 2760 παρ’
2771 2681 2834 2742 οὗ
2871 2689 3034 2758 μόνου
3088 2689 3184 2742 καὶ
3218 2689 3284 2744 τὸ
3318 2694 3424 2760 τῆς
3453 2689 3706 2760 ὁμονοίας

2105 2783 2254 2845 εἰκός
2285 2783 2435 2835 ἐστιν
2467 2781 2689 2836 ἐλπίσαι
2734 2782 2924 2849 καλὸν,
2958 2783 3186 2854 ἀγάπης
3213 2783 3382 2847 ὄντος
3422 2788 3518 2837 καὶ
3548 2784 3701 2849 λεγο-

2110 2875 2296 2946 μένου,
2331 2871 2365 2942 ἢ
2403 2874 2498 2936 τὰς
2541 2873 2901 2941 ὑγιαινούσας
2961 2873 3104 2945 ὑπὲρ
3155 2873 3332 2928 αὑτοῦ
3380 2874 3702 2945 θηρώμενοι

2107 2964 2291 3032 δόξας,
2328 2967 2426 3018 καὶ
2460 2967 2561 3036 τὴν
2592 2967 2674 3030 είς
2716 2966 2848 3020 αὑτδ
2876 2965 3062 3019 πίστιν
3105 2966 3390 3038 εἱλικρινῆ
3442 2969 3540 3020 καὶ
3585 2965 3708 3019 ἀκί-

2111 3053 2312 3127 ϐδηλον
2375 3057 2559 3126 εὑρεῖν
2589 3058 2684 3111 καὶ
2713 3057 2912 3121 σώζειν
2961 3057 3317 3126 βουλόμενοις
3359 3059 3577 3114 Ἐκεῖνο
3601 3060 3704 3128 γὰρ

2107 3149 2369 3219 ἀληθείας
2425 3147 2667 3219 ἐραστὰς
2722 3149 2873 3218 ἡμᾶς
2928 3145 3071 3202 εἶναι
3129 3147 3421 3218 βούλεται,
3462 3150 3558 3202 καὶ
3607 3147 3704 3215 τὴν

2110 3241 2250 3311 πρὸς
2290 3239 2461 3310 αὑτὴν
2481 3240 2599 3294 ὁδὸν
2637 3241 2775 3310 ἡμῖν
2809 3241 3126 3310 ὑφηγεῖται,
3157 3240 3236 3304 ὡς
3266 3242 3406 3297 ἄνευ
3439 3238 3606 3295 αὑτοῦ
3633 3238 3700 3307 μὴ

424 3339 529 3392 lam
565 3335 828 3420 ire‘citra
880 3332 1184 3404 periculum
1237 3347 1349 3387 non
1391 3332 1710 3403 possimus:
1773 3331 1865 3385 sed
1922 3330 2004 3387 eis

2109 3331 2437 3402 δυναμένοις
2468 3329 2770 3393 ἀκινδύνως
2807 3329 3016 3401 ταύτην
3061 3330 3276 3384 ὁδεύειν
3300 3347 3314 3362 ·
3355 3333 3474 3393 τοῖς
3525 3330 3574 3383 δ’
3597 3330 3626 3382 ὃ
3653 3344 3701 3380 τι

423 3426 768 3500 potissimum
798 3425 1124 3491 oblectatur,
1144 3421 1239 3495 qui
1267 3423 1460 3478 volunt
1487 3422 1764 3494 inquirere
1781 3423 1909 3494 quid
1943 3423 2010 3479 de

424 3524 546 3592 ipso
575 3520 932 3594 personisque
962 3519 1067 3590 ipsi
1089 3517 1654 3574 consubstantialibus
1682 3517 1755 3574 sit
1774 3517 2018 3574 sentien-

422 3619 578 3678 dum.
617 3615 763 3686 quod
792 3615 830 3669 ii
859 3613 1156 3668 maximam
1181 3613 1524 3685 primamque
1542 3612 1825 3668 veritatem
1860 3627 2011 3668 asse-

426 3709 522 3779 qui
559 3707 782 3778 eupiaut
810 3724 824 3762 :
852 3721 954 3761 nec
984 3721 1080 3762 eos
1124 3705 1331 3777 patitur
1361 3706 1414 3760 iu
1450 3704 1771 3774 huiusmodi
1803 3704 2010 3774 cogita-

427 3803 675 3856 tionibus
708 3801 986 3855 mendacii
1015 3801 1250 3857 nexibus
1283 3799 1579 3869 implicari.
1604 3797 1762 3864 Quod
1797 3797 1843 3853 si
1899 3813 2008 3866 qua

425 3891 501 3944 sit
531 3890 823 3951 dubitatio,
860 3901 1157 3961 congregat
1197 3906 1293 3946 eos
1321 3889 1588 3960 undique,
1624 3890 1719 3960 qui
1747 3897 1861 3943 toto
1887 3889 2010 3942 ani-

428 3998 519 4036 mo
553 3998 733 4035 veram
763 3973 1046 4051 inquirant
1069 3983 1422 4046 sententiam,
1473 3997 1707 4052 eamque
1731 3981 1852 4036 sine
1881 3996 2013 4036 cou-

439 4076 684 4130 tentioue
705 4075 1128 4144 amplectantur,
1161 4061 1434 4143 efﬁcitque
1463 4082 1523 4128 ut
1550 4073 1835 4128 veritatem
1865 4087 2012 4142 quae-

426 4167 594 4222 sitam
631 4165 932 4232 iuventaut,
963 4166 1264 4220 oututnodo
1320 4181 1429 4221 non
1464 4165 1576 4221 sint
1612 4163 1833 4234 superbi
1894 4164 2012 4234 ejus

430 4258 872 4327 investigatores,
905 4272 1131 4328 sureque
1159 4259 1349 4312 virtuti
1398 4274 1512 4312 rem
1553 4265 1724 4312 totam
1752 4257 2011 4312 commit-

431 4361 578 4405 tant.
637 4350 912 4416 Ουοιειιιιι
945 4350 1090 4404 enim
1115 4364 1211 4403 vos
1244 4348 1600 4420 congregavit
1625 4347 1883 4419 Spiritus,
1909 4345 2014 4400 nisi

431 4452 491 4495 ut
548 4456 737 4495 verum
795 4439 1016 4509 aliquod
1067 4439 1395 4495 beneficium
1457 4441 1508 4494 in
1543 4449 1716 4496 totum
1769 4438 2017 4495 conferat

428 4536 645 4597 orbem,
679 4535 820 4586 unde
857 4548 951 4585 vos
979 4531 1194 4586 collecti
1224 4532 1400 4587 estis?
1430 4543 1578 4587 certe
1606 4532 1752 4586 enim
1785 4547 1894 4588 non
1955 4540 2017 4587 ut

429 4627 643 4681 divitiis
675 4633 889 4695 augeat.
920 4618 974 4678 et
995 4631 1314 4694 potentatus
1359 4625 1516 4681 vobis
1568 4626 1836 4695 acquirat,
1888 4641 2013 4680 cum

432 4721 605 4790 possit
654 4719 721 4772 de
751 4716 1078 4796 quibusdam
1126 4715 1358 4772 fortasse
1385 4718 1634 4772 nonuiltil
1661 4717 1925 4787 conqueri
1948 4718 2019 4773 ob

435 4827 814 4884 passessarum
864 4813 1026 4863 etiam
1089 4809 1555 4882 diSpeusatiouem
1658 4810 2017 4866 facultatum:

436 4920 618 4974 neque
649 4913 709 4958 ut
742 4903 1036 4974 prmelaros
1056 4904 1181 4960 illos
1211 4905 1467 4960 restituat
1499 4904 1708 4970 titulos,
1740 4912 1796 4959 et
1827 4905 2022 4960 verbo-

435 5015 530 5053 sas
566 4997 950 5064 inscriptiones
975 5013 1002 5048 a
1028 4997 1329 5050 schismate
1361 4997 1461 5050 rite
1482 4997 1726 5050 sublatas
1750 5011 1766 5050 :
1790 5011 1913 5064 qua:
1935 5005 2021 5048 tu-

439 5091 612 5146 moris
676 5089 859 5160 potius
896 5087 1279 5158 Sttperbimque
1329 5087 1754 5142 ostentationem
1817 5072 2021 5142 habent

443 5183 722 5238 hominum
753 5180 974 5252 Spiritui
1035 5179 1446 5235 obsistentium.
1512 5179 1620 5234 Sed
1653 5180 1771 5234 ιιωο
1799 5179 2021 5248 quidem

441 5275 508 5326 ad
541 5287 666 5325 vera
696 5274 836 5325 bona
869 5278 999 5324 sunt
1021 5269 1186 5324 voluti
1220 5269 1529 5324 adventitia?
1553 5277 1753 5339 partes,
1785 5284 2024 5340 quatuo-

445 5370 529 5420 bts
552 5381 582 5418 ιι
607 5363 812 5434 Spiritu
845 5363 1089 5425 venient,
1123 5371 1178 5414 et
1207 5361 1428 5430 pra-mia
1461 5363 1712 5430 quaedam
1735 5372 2025 5431 suscepto-

444 5467 567 5507 rum
594 5468 690 5523 pro
713 5461 938 5506 veritate
971 5452 1246 5514 laborum,
1279 5452 1346 5504 ad
1407 5453 1755 5522 praebendum
1788 5464 2027 5524 augusto

446 5560 724 5616 parvoque
747 5544 930 5598 animo
953 5550 1143 5596 nostro
1179 5545 1474 5596 solatium:
1525 5561 1645 5614 qua:
1678 5561 1785 5600 uou
1838 5549 2029 5616 paucis

447 5637 685 5690 arbitror
715 5635 1050 5704 sapientibus
1079 5643 1243 5687 erunt
1297 5636 1656 5706 contemptui,
1693 5653 1760 5692 nc
1807 5639 1851 5692 si
1893 5637 2029 5692 deu-

452 5738 538 5781 tur
563 5727 781 5797 quidem
807 5726 1120 5796 recipienda
1147 5743 1164 5792 ;
1197 5727 1340 5794 quod
1373 5728 1445 5781 illi
1507 5729 1621 5782 sola
1659 5730 1903 5784 veritatis
1928 5746 2030 5784 uo.

451 5821 572 5873 titia
619 5818 731 5872 sint
758 5815 1026 5884 contenti,
1076 5819 1472 5888 prmmiutuque
1537 5820 1704 5877 rebus
1764 5823 2025 5878 omnibus

453 5905 786 5973 tequivalcus
817 5905 868 5958 id
896 5913 1084 5973 putent
1112 5905 1445 5975 hominibus,
1469 5911 1559 5980 qui
1592 5925 1692 5980 pro
1725 5911 1814 5965 illa
1839 5913 2026 5968 decer—

2111 3424 2192 3478 δεῖ
2231 3427 2453 3494 φρονεῖν
2499 3425 2642 3496 ὑπὲρ
2687 3423 2859 3479 αὑτοῦ
2895 3424 2992 3478 καὶ
3030 3425 3138 3478 τῶν
3173 3425 3500 3495 ὀμοουσίων
3529 3422 3701 3490 τούτῳ

2092 3516 2426 3588 προσώπων
2475 3517 2756 3583 ἐξετάζειν
2789 3517 3062 3584 ιθιίλουσι,
3094 3518 3324 3582 τούτοις
3357 3517 3437 3582 ὡς
3473 3517 3572 3588 τῆς
3606 3532 3701 3586 με·

2113 3611 2312 3679 γίστης
2364 3609 2464 3663 καὶ
2506 3607 2730 3678 πρώτης
2789 3607 3050 3677 ἀληθείας
3117 3611 3438 3679 ἐφιεμένοις
3491 3609 3701 3661 πάντων

2111 3699 2354 3771 Δμάλιστα
2403 3701 2631 3772 χαίρει·
2686 3701 2790 3754 κάν
2842 3701 2962 3764 ταῖς
3017 3700 3306 3765 τοιαύταις
3367 3701 3601 3762 ἐννοίαις
3641 3698 3698 3750 οὔ

2115 3794 2396 3863 συγχωρεῖ
2434 3792 2664 3856 τούτους
2744 3795 2868 3855 ταῖς
2916 3792 3145 3857 πλοκαῖς
3186 3793 3286 3847 τοῦ
3329 3795 3561 3863 ψεύδους
3591 3790 3698 3846 ἁλί-

2117 3880 2364 3937 σκεσθαι.
2405 3883 2503 3934 Ἂν
2531 3880 2588 3935 δέ
2621 3899 2704 3944 τις
2746 3881 3166 3954 ἀμφισϐήτησις
3223 3878 3284 3957 ᾗ,
3323 3884 3571 3952 συλλέγει
3606 3881 3700 3950 μὲν

2115 3974 2456 4046 πανταχόθεν
2483 3974 2611 4039 τοὺς
2649 3974 2935 4045 ὁλοψύχως
2979 3975 3076 4047 τὴν
3106 3977 3285 4049 ἀληθῆ
3320 3978 3698 4047 γυμνάσοντας

2113 4069 2297 4135 δόξαν,
2321 4068 2418 4122 καὶ
2451 4066 2624 4138 ταύτῃ
2652 4067 3148 4140 προσθησομένους
3181 4071 3316 4124 ἀνευ
3349 4071 3696 4140 φιλονεικίας.

2117 4160 2310 4224 Ὅπως
2344 4159 2391 4212 δ’
2431 4158 2498 4212 ἂν
2545 4163 2645 4231 τῆς
2687 4159 2949 4230 ἀληθείας
3017 4161 3249 4230 τύχωσι,
3307 4164 3579 4234 πράττει,
3635 4159 3696 4209 ἀν

2119 4255 2282 4326 μόνον
2316 4254 2417 4308 οὑκ
2445 4252 2718 4317 ἀλαζόνες
2763 4253 2907 4317 τινὲς
2935 4249 3071 4313 ᾧσιν
3099 4255 3272 4326 αὑτῆς
3308 4252 3571 4326 θηραταὶ,
3609 4248 3697 4303 καὶ

2116 4349 2183 4419 τῇ
2227 4347 2380 4416 σφῶν
2422 4346 2654 4416 δυνάμει
2687 4345 2750 4399 τὸ
2784 4347 2892 4400 πᾶν
2937 4347 3359 4416 ἐπιτρέποντες.
3408 4347 3476 4399 Ἦ
3504 4345 3554 4398 τί
3582 4343 3697 4412 βου-

2117 4441 2346 4510 λόμενον
2379 4441 2528 4510 ἡμᾶς
2557 4439 2754 4509 συνῆξε
2794 4439 2855 4491 τὸ
2886 4439 3135 4509 Πνεῦμα,
3173 4439 3206 4509 ἢ
3249 4441 3305 4493 τί
3346 4439 3456 4492 τῶν
3488 4433 3695 4505 ἀληθῶς

2119 4535 2345 4605 ἀγαθῶν
2391 4535 2490 4603 τὴν
2537 4533 2869 4603 οἰκουμένην
2917 4535 3102 4586 πᾶσαν
3156 4527 3694 4606 εὑεργετῆσο·ι,εθεν

2119 4629 2276 4698 ὑμεῖς
2320 4626 2650 4697 συνελέγητε
2685 4642 2700 4691 ;
2739 4626 2814 4678 Οὑ
2845 4625 2952 4697 γὰρ
2991 4625 3055 4697 δὴ
3087 4627 3352 4696 χρήματα
3396 4621 3694 4695 προσθῆσον

2123 4721 2276 4790 ὑμῖν,
2333 4720 2431 4771 καὶ
2463 4717 2791 4781 δυναστείας
2844 4717 3373 4788 κατακτησόμενον,
3423 4714 3499 4770 ὧν
3540 4712 3691 4770 ἐνίοις

2123 4813 2221 4867 καὶ
2266 4813 2367 4882 τῆς
2415 4811 2528 4865 τῶν
2580 4811 2944 4881 ὑπαρχόντων
2995 4813 3316 4882 οἰκονομίας
3353 4814 3480 4871 ἴσως
3510 4808 3620 4876 ἐχῑι
3647 4817 3691 4851 τι

2127 4904 2465 4975 μέμφεσθαιο
2497 4903 2618 4956 οὑδὲ
2642 4904 2742 4966 τὰς
2774 4903 2988 4971 σεμνὰς
3014 4903 3222 4965 ταύτας
3249 4888 3528 4959 ἀποδὼσον
3557 4901 3689 4950 ἐπω·

2124 4997 2350 5067 νυμίας,
2382 4997 2602 5059 καὶτὰς
2626 4993 3073 5060 πολυσυλλάδους
3113 4997 3430 5066 ἐπιγραφὰς
3459 4991 3561 5047 ὑπὸ
3603 4984 3690 5040 τοῦ

2129 5089 2428 5159 σχίσματος
2463 5089 2648 5153 καλῶς
2682 5090 3165 5160 περιαιρεθείσας·
3211 5092 3270 5145 αἳ
3298 5090 3465 5160 τύφου
3499 5080 3688 5156 μᾶλλον

2127 5183 2225 5235 καὶ
2259 5183 2639 5252 ὑπερηφανξας
2689 5181 2973 5248 ἀπόδειξιν
3018 5183 3207 5252 ἔχουσι
3262 5186 3369 5236 τῶι
3421 5171 3690 5234 ammt-

2130 5275 2419 5342 ποιμένων
2448 5274 2526 5346 τῷ
2588 5273 2893 5346 Πνεύματι.
2931 5275 3100 5330 Ἀλλά
3144 5276 3471 5345 ταῦταμὲν
3514 5269 3686 5328 ὥσπερ

2125 5364 2411 5418 ’ἐπεισόδια
2437 5365 2546 5417 τῶν
2575 5363 2652 5428 ὡς
2686 5365 2903 5435 ἀληθῶς
2952 5367 3092 5419 εἰσιν
3123 5367 3367 5434 ἀγαθῶν,
3402 5363 3538 5428 ειπερ
3569 5354 3687 5424 ἡμῖν

2131 5458 2288 5528 παρὰ
2341 5457 2434 5510 τοῦ
2474 5456 2796 5526 Πνεύματος
2846 5457 2968 5526 ἣξει
3003 5476 3019 5491 ·
3083 5461 3180 5512 καὶ
3237 5456 3377 5514 ἆθλᾶ
3428 5467 3544 5507 τινα
3588 5444 3684 5497 τῶν

2136 5546 2280 5616 ὑπὲρ
2330 5547 2427 5616 τῆς
2456 5547 2714 5616 ἀληθείας
2742 5553 3035 5617 καμάτων,
3072 5552 3170 5617 τὴν
3198 5536 3472 5621 ἡμετέραν
3508 5542 3686 5609 μικρο⁹

2134 5639 2340 5708 φυλίαν
2377 5639 2857 5710 παραμυθούμενοι
2886 5659 2902 5676 ο
2944 5635 3020 5695 ὧν
3045 5645 3146 5695 οἰκ
3168 5645 3381 5712 ὀλίγους
3411 5625 3558 5705 οἶμαι
3584 5624 3682 5680 τῶν

2138 5728 2263 5781 νοῦν
2288 5727 2524 5798 ἑχόντων
2549 5731 3012 5801 καταφρονήσειν,
3045 5732 3138 5785 καὶ
3158 5733 3405 5802 διδόμενα
3429 5725 3501 5799 μὴ
3532 5730 3680 5787 πρωί

2137 5821 2395 5890 ήσεσθαι,
2419 5822 2486 5892 τῇ
2510 5819 2712 5887 γνώσει
2745 5823 2847 5892 τῆς
2881 5823 3142 5894 ἀληθείας
3181 5824 3563 5894 ἀγαπήσαντας
3590 5803 3678 5879 μό·

2139 5927 2228 5985 νῃ,
2259 5915 2355 5966 καὶ
2403 5914 2611 5984 ταύτην
2637 5912 2730 5968 τοῦ
2759 5918 2958 5980 trav-ri;
2990 5915 3142 5981 ἄξιον
3182 5919 3349 5993 γέρας
3385 5908 3676 5985 κομίζοντας
