  <div class='ocr_page' id='page_1' title='image "/cluster/home/n/w/nwhite01/storage/ocr_20150623/160/coo.31924054870658/220.png"; bbox 0 0 4038 6422; ppageno 0'>
   <div class='ocr_carea' id='block_1_1' title="bbox 386 400 496 463">
    <p class='ocr_par' dir='ltr' id='par_1_1' title="bbox 386 400 496 463">
     <span class='ocr_line' id='line_1_1' title="bbox 386 400 496 463; baseline 0.009 -1"><span class='ocrx_word' id='word_1_1' title='bbox 386 400 496 463; x_wconf 62' lang='grc'><strong>425</strong></span> 
     </span>
    </p>
   </div>
   <div class='ocr_carea' id='block_1_2' title="bbox 1540 391 2472 456">
    <p class='ocr_par' dir='ltr' id='par_1_2' title="bbox 1540 391 2472 456">
     <span class='ocr_line' id='line_1_2' title="bbox 1540 391 2472 456; baseline 0.006 -8"><span class='ocrx_word' id='word_1_2' title='bbox 1540 391 1832 451; x_wconf 69' lang='lat' dir='ltr'><strong>ORATIO</strong></span> <span class='ocrx_word' id='word_1_3' title='bbox 1878 393 1901 451; x_wconf 89' lang='grc' dir='ltr'>Ι</span> <span class='ocrx_word' id='word_1_4' title='bbox 1946 394 2045 452; x_wconf 83' lang='lat' dir='ltr'><strong>AD</strong></span> <span class='ocrx_word' id='word_1_5' title='bbox 2089 396 2472 456; x_wconf 57' lang='lat' dir='ltr'><strong>bYNODval.</strong></span> 
     </span>
    </p>
   </div>
   <div class='ocr_carea' id='block_1_3' title="bbox 2104 307 2129 337">
    <p class='ocr_par' dir='ltr' id='par_1_3' title="bbox 2104 307 2129 337">
     <span class='ocr_line' id='line_1_3' title="bbox 2104 307 2129 337; baseline 0 0"><span class='ocrx_word' id='word_1_6' title='bbox 2104 307 2129 337; x_wconf 75' lang='grc' dir='ltr'><strong>ο</strong></span> 
     </span>
    </p>
   </div>
   <div class='ocr_carea' id='block_1_4' title="bbox 3538 393 3653 463">
    <p class='ocr_par' dir='ltr' id='par_1_4' title="bbox 3538 393 3653 463">
     <span class='ocr_line' id='line_1_4' title="bbox 3538 393 3653 463; baseline 0.035 -4"><span class='ocrx_word' id='word_1_7' title='bbox 3538 393 3653 463; x_wconf 60' lang='grc'><strong>128</strong></span> 
     </span>
    </p>
   </div>
   <div class='ocr_carea' id='block_1_5' title="bbox 398 490 1979 586">
    <p class='ocr_par' dir='ltr' id='par_1_5' title="bbox 398 490 1964 586">
     <span class='ocr_line' id='line_1_5' title="bbox 398 490 1964 586; baseline -0.015 -14"><span class='ocrx_word' id='word_1_8' title='bbox 398 520 575 586; x_wconf 74' lang='grc' dir='ltr'>μένων</span> <span class='ocrx_word' id='word_1_9' title='bbox 595 515 843 584; x_wconf 87' lang='grc' dir='ltr'>είρὴνην,</span> <span class='ocrx_word' id='word_1_10' title='bbox 874 510 951 581; x_wconf 80' lang='grc' dir='ltr'>τῷ</span> <span class='ocrx_word' id='word_1_11' title='bbox 984 510 1124 578; x_wconf 84' lang='grc' dir='ltr'><strong>μετὰ</strong></span> <span class='ocrx_word' id='word_1_12' title='bbox 1154 508 1294 563; x_wconf 78' lang='grc' dir='ltr'>Θεοῦ</span> <span class='ocrx_word' id='word_1_13' title='bbox 1326 508 1579 577; x_wconf 79' lang='grc' dir='ltr'>γενέσθαι</span> <span class='ocrx_word' id='word_1_14' title='bbox 1610 511 1677 580; x_wconf 81' lang='grc' dir='ltr'>τῇ</span> <span class='ocrx_word' id='word_1_15' title='bbox 1707 490 1964 576; x_wconf 63' lang='grc' dir='ltr'>τῆςάλη.</span> 
     </span>
    </p>
   </div>
   <div class='ocr_carea' id='block_1_6' title="bbox 2083 490 3652 586">
    <p class='ocr_par' dir='ltr' id='par_1_6' title="bbox 2083 511 3652 582">
     <span class='ocr_line' id='line_1_6' title="bbox 2083 511 3652 582; baseline 0.004 -19"><span class='ocrx_word' id='word_1_16' title='bbox 2083 513 2370 581; x_wconf 68' lang='lat' dir='ltr'><strong>quirnntur</strong></span> <span class='ocrx_word' id='word_1_17' title='bbox 2400 527 2609 581; x_wconf 87' lang='lat' dir='ltr'><strong>pacem,</strong></span> <span class='ocrx_word' id='word_1_18' title='bbox 2646 511 2691 567; x_wconf 91' lang='lat' dir='ltr'><strong>si</strong></span> <span class='ocrx_word' id='word_1_19' title='bbox 2743 526 2808 568; x_wconf 90' lang='lat' dir='ltr'><strong>ea</strong></span> <span class='ocrx_word' id='word_1_20' title='bbox 2864 511 2975 569; x_wconf 89' lang='lat' dir='ltr'><strong>Deo</strong></span> <span class='ocrx_word' id='word_1_21' title='bbox 3000 512 3225 582; x_wconf 71' lang='lat' dir='ltr'><strong>jut‘aule</strong></span> <span class='ocrx_word' id='word_1_22' title='bbox 3255 514 3346 570; x_wconf 79' lang='lat' dir='ltr'><strong>fiat</strong></span> <span class='ocrx_word' id='word_1_23' title='bbox 3380 530 3511 572; x_wconf 91' lang='lat' dir='ltr'><strong>cum</strong></span> <span class='ocrx_word' id='word_1_24' title='bbox 3564 515 3652 570; x_wconf 90' lang='lat' dir='ltr'><strong>in-</strong></span> 
     </span>
    </p>
   </div>
   <div class='ocr_carea' id='block_1_7' title="bbox 299 600 1970 678">
    <p class='ocr_par' dir='ltr' id='par_1_7' title="bbox 299 600 1970 678">
     <span class='ocr_line' id='line_1_7' title="bbox 299 600 1970 678; baseline -0.007 -14"><span class='ocrx_word' id='word_1_25' title='bbox 299 624 307 629; x_wconf 86' lang='lat'><em>‘</em></span> <span class='ocrx_word' id='word_1_26' title='bbox 396 610 546 671; x_wconf 81' lang='grc' dir='ltr'>θείας</span> <span class='ocrx_word' id='word_1_27' title='bbox 569 607 809 678; x_wconf 76' lang='grc' dir='ltr'><strong>εὑρέσει,</strong></span> <span class='ocrx_word' id='word_1_28' title='bbox 836 606 932 658; x_wconf 74' lang='grc' dir='ltr'>καὶ</span> <span class='ocrx_word' id='word_1_29' title='bbox 957 603 1096 674; x_wconf 78' lang='grc' dir='ltr'>πρὸς</span> <span class='ocrx_word' id='word_1_30' title='bbox 1136 604 1342 667; x_wconf 76' lang='grc' dir='ltr'>ἐκεῖνον</span> <span class='ocrx_word' id='word_1_31' title='bbox 1373 600 1612 671; x_wconf 80' lang='grc' dir='ltr'>ἡνῶσθαι</span> <span class='ocrx_word' id='word_1_32' title='bbox 1637 600 1837 665; x_wconf 71' lang='grc' dir='ltr'>καλῶς,</span> <span class='ocrx_word' id='word_1_33' title='bbox 1874 601 1970 653; x_wconf 72' lang='grc' dir='ltr'><strong>καὶ</strong></span> 
     </span>
    </p>
   </div>
   <div class='ocr_carea' id='block_1_8' title="bbox 395 692 1970 758">
    <p class='ocr_par' dir='ltr' id='par_1_8' title="bbox 395 692 1970 758">
     <span class='ocr_line' id='line_1_8' title="bbox 395 692 1970 758; baseline -0.007 0"><span class='ocrx_word' id='word_1_34' title='bbox 395 704 465 758; x_wconf 73' lang='grc' dir='ltr'>τὰ</span> <span class='ocrx_word' id='word_1_35' title='bbox 485 702 652 754; x_wconf 85' lang='grc' dir='ltr'>λοιπὰ</span> <span class='ocrx_word' id='word_1_36' title='bbox 683 699 777 754; x_wconf 86' lang='grc' dir='ltr'><strong>δύο</strong></span> <span class='ocrx_word' id='word_1_37' title='bbox 813 697 1085 750; x_wconf 79' lang='grc' dir='ltr'><strong>σύνεστιν.</strong></span> <span class='ocrx_word' id='word_1_38' title='bbox 1142 695 1353 747; x_wconf 80' lang='grc' dir='ltr'>Ἐκεῖνο</span> <span class='ocrx_word' id='word_1_39' title='bbox 1386 693 1571 746; x_wconf 79' lang='grc' dir='ltr'>τοίνυν</span> <span class='ocrx_word' id='word_1_40' title='bbox 1603 692 1970 747; x_wconf 82' lang='grc' dir='ltr'>σπουδαστέον</span> 
     </span>
    </p>
   </div>
   <div class='ocr_carea' id='block_1_9' title="bbox 396 783 1972 858">
    <p class='ocr_par' dir='ltr' id='par_1_9' title="bbox 396 783 1972 858">
     <span class='ocr_line' id='line_1_9' title="bbox 396 783 1972 858; baseline -0.004 -13"><span class='ocrx_word' id='word_1_41' title='bbox 396 793 582 847; x_wconf 79' lang='grc' dir='ltr'>λαϐεῖν</span> <span class='ocrx_word' id='word_1_42' title='bbox 610 793 737 852; x_wconf 80' lang='grc' dir='ltr'>τοὺς</span> <span class='ocrx_word' id='word_1_43' title='bbox 756 789 856 858; x_wconf 87' lang='grc' dir='ltr'>τῆς</span> <span class='ocrx_word' id='word_1_44' title='bbox 884 785 1122 858; x_wconf 79' lang='grc' dir='ltr'><strong>ἀληθοῦς</strong></span> <span class='ocrx_word' id='word_1_45' title='bbox 1146 783 1815 857; x_wconf 23' lang='grc' dir='ltr'>εἰρήνης-ἐπιθυμοῦντας*</span> <span class='ocrx_word' id='word_1_46' title='bbox 1839 784 1972 839; x_wconf 88' lang='grc' dir='ltr'>ταύ-</span> 
     </span>
    </p>
   </div>
   <div class='ocr_carea' id='block_1_10' title="bbox 398 875 1972 955">
    <p class='ocr_par' dir='ltr' id='par_1_10' title="bbox 398 875 1972 955">
     <span class='ocr_line' id='line_1_10' title="bbox 398 875 1972 955; baseline -0.006 -16"><span class='ocrx_word' id='word_1_47' title='bbox 398 903 494 955; x_wconf 83' lang='grc' dir='ltr'><strong>της</strong></span> <span class='ocrx_word' id='word_1_48' title='bbox 542 884 586 937; x_wconf 81' lang='grc' dir='ltr'>δ’</span> <span class='ocrx_word' id='word_1_49' title='bbox 638 881 930 950; x_wconf 69' lang='grc' dir='ltr'>ἐπιθυμεῖν</span> <span class='ocrx_word' id='word_1_50' title='bbox 978 879 1217 948; x_wconf 81' lang='grc' dir='ltr'><strong>ἀνάγκη,</strong></span> <span class='ocrx_word' id='word_1_51' title='bbox 1271 878 1367 931; x_wconf 74' lang='grc' dir='ltr'>καὶ</span> <span class='ocrx_word' id='word_1_52' title='bbox 1408 876 1586 930; x_wconf 84' lang='grc' dir='ltr'>πάντα</span> <span class='ocrx_word' id='word_1_53' title='bbox 1620 876 1829 930; x_wconf 78' lang='grc' dir='ltr'><strong>ἐλάττω</strong></span> <span class='ocrx_word' id='word_1_54' title='bbox 1875 875 1972 930; x_wconf 91' lang='grc' dir='ltr'><strong>τοῦ</strong></span> 
     </span>
    </p>
   </div>
   <div class='ocr_carea' id='block_1_11' title="bbox 397 967 1975 1043">
    <p class='ocr_par' dir='ltr' id='par_1_11' title="bbox 397 967 1975 1043">
     <span class='ocr_line' id='line_1_11' title="bbox 397 967 1975 1043; baseline -0.004 -14"><span class='ocrx_word' id='word_1_55' title='bbox 397 975 655 1029; x_wconf 76' lang='grc' dir='ltr'>τοσούτου</span> <span class='ocrx_word' id='word_1_56' title='bbox 678 974 927 1043; x_wconf 75' lang='grc' dir='ltr'>νομίζειν</span> <span class='ocrx_word' id='word_1_57' title='bbox 955 970 1123 1024; x_wconf 87' lang='grc' dir='ltr'>καλοῦ</span> <span class='ocrx_word' id='word_1_58' title='bbox 1151 969 1281 1033; x_wconf 83' lang='grc' dir='ltr'>τοὺς</span> <span class='ocrx_word' id='word_1_59' title='bbox 1313 969 1484 1041; x_wconf 73' lang='grc' dir='ltr'>ἀρετῇ</span> <span class='ocrx_word' id='word_1_60' title='bbox 1512 967 1607 1022; x_wconf 75' lang='grc' dir='ltr'>καὶ</span> <span class='ocrx_word' id='word_1_61' title='bbox 1626 967 1786 1036; x_wconf 72' lang='grc' dir='ltr'>λόγου</span> <span class='ocrx_word' id='word_1_62' title='bbox 1811 968 1975 1023; x_wconf 60' lang='grc' dir='ltr'>δυνά.</span> 
     </span>
    </p>
   </div>
   <div class='ocr_carea' id='block_1_12' title="bbox 404 1061 1974 1141">
    <p class='ocr_par' dir='ltr' id='par_1_12' title="bbox 404 1061 1974 1141">
     <span class='ocr_line' id='line_1_12' title="bbox 404 1061 1974 1141; baseline -0.004 -18"><span class='ocrx_word' id='word_1_63' title='bbox 404 1087 494 1141; x_wconf 88' lang='grc' dir='ltr'><strong>μει</strong></span> <span class='ocrx_word' id='word_1_64' title='bbox 524 1069 634 1121; x_wconf 80' lang='grc' dir='ltr'><strong>τῶν</strong></span> <span class='ocrx_word' id='word_1_65' title='bbox 666 1062 988 1137; x_wconf 74' lang='grc' dir='ltr'>ἁπανταχοῦ</span> <span class='ocrx_word' id='word_1_66' title='bbox 1036 1064 1417 1135; x_wconf 79' lang='grc' dir='ltr'>διαφέροντας,</span> <span class='ocrx_word' id='word_1_67' title='bbox 1460 1063 1557 1117; x_wconf 80' lang='grc' dir='ltr'>καὶ</span> <span class='ocrx_word' id='word_1_68' title='bbox 1584 1061 1851 1115; x_wconf 83' lang='grc' dir='ltr'>κινδύνων</span> <span class='ocrx_word' id='word_1_69' title='bbox 1879 1062 1974 1116; x_wconf 83' lang='grc' dir='ltr'><strong>καὶ</strong></span> 
     </span>
    </p>
   </div>
   <div class='ocr_carea' id='block_1_13' title="bbox 406 1152 1975 1231">
    <p class='ocr_par' dir='ltr' id='par_1_13' title="bbox 406 1152 1975 1231">
     <span class='ocr_line' id='line_1_13' title="bbox 406 1152 1975 1231; baseline -0.005 -13"><span class='ocrx_word' id='word_1_70' title='bbox 406 1166 581 1219; x_wconf 79' lang='grc' dir='ltr'>πόνων</span> <span class='ocrx_word' id='word_1_71' title='bbox 604 1160 1040 1231; x_wconf 74' lang='grc' dir='ltr'>ἀνασχομένους,</span> <span class='ocrx_word' id='word_1_72' title='bbox 1065 1152 1140 1213; x_wconf 81' lang='grc' dir='ltr'>ὧν</span> <span class='ocrx_word' id='word_1_73' title='bbox 1162 1157 1227 1212; x_wconf 75' lang='grc' dir='ltr'>ἄν</span> <span class='ocrx_word' id='word_1_74' title='bbox 1251 1175 1336 1221; x_wconf 90' lang='grc' dir='ltr'><strong>τις</strong></span> <span class='ocrx_word' id='word_1_75' title='bbox 1351 1155 1592 1220; x_wconf 84' lang='grc' dir='ltr'>τοιοῦτος</span> <span class='ocrx_word' id='word_1_76' title='bbox 1605 1155 1683 1209; x_wconf 76' lang='grc' dir='ltr'>ὢν</span> <span class='ocrx_word' id='word_1_77' title='bbox 1701 1156 1841 1227; x_wconf 80' lang='grc' dir='ltr'>ὑπὲρ</span> <span class='ocrx_word' id='word_1_78' title='bbox 1862 1156 1975 1211; x_wconf 81' lang='grc' dir='ltr'><strong>τῶν</strong></span> 
     </span>
    </p>
   </div>
   <div class='ocr_carea' id='block_1_14' title="bbox 404 1248 1993 1329">
    <p class='ocr_par' dir='ltr' id='par_1_14' title="bbox 404 1248 1993 1329">
     <span class='ocr_line' id='line_1_14' title="bbox 404 1248 1993 1329; baseline -0.006 -20"><span class='ocrx_word' id='word_1_79' title='bbox 404 1256 677 1324; x_wconf 81' lang='grc' dir='ltr'>μεγίστων</span> <span class='ocrx_word' id='word_1_80' title='bbox 706 1253 882 1323; x_wconf 87' lang='grc' dir='ltr'>μόνων</span> <span class='ocrx_word' id='word_1_81' title='bbox 910 1251 1241 1319; x_wconf 72' lang='grc' dir='ltr'>ὑφίστασθαι</span> <span class='ocrx_word' id='word_1_82' title='bbox 1278 1249 1589 1319; x_wconf 74' lang='grc' dir='ltr'><strong>βουληθείη.</strong></span> <span class='ocrx_word' id='word_1_83' title='bbox 1643 1249 1751 1303; x_wconf 76' lang='grc' dir='ltr'><strong>Καὶ</strong></span> <span class='ocrx_word' id='word_1_84' title='bbox 1799 1248 1993 1329; x_wconf 79' lang='grc' dir='ltr'><strong>ζηλω-¹</strong></span> 
     </span>
    </p>
   </div>
   <div class='ocr_carea' id='block_1_15' title="bbox 398 1341 1975 1416">
    <p class='ocr_par' dir='ltr' id='par_1_15' title="bbox 398 1341 1975 1416">
     <span class='ocr_line' id='line_1_15' title="bbox 398 1341 1975 1416; baseline -0.006 -14"><span class='ocrx_word' id='word_1_85' title='bbox 398 1352 519 1402; x_wconf 79' lang='grc' dir='ltr'>τέον</span> <span class='ocrx_word' id='word_1_86' title='bbox 551 1347 651 1416; x_wconf 74' lang='grc' dir='ltr'>μὲν</span> <span class='ocrx_word' id='word_1_87' title='bbox 692 1345 823 1408; x_wconf 77' lang='grc' dir='ltr'>τοὺς</span> <span class='ocrx_word' id='word_1_88' title='bbox 871 1343 963 1397; x_wconf 71' lang='grc' dir='ltr'>ἐπὶ</span> <span class='ocrx_word' id='word_1_89' title='bbox 994 1342 1103 1395; x_wconf 88' lang='grc' dir='ltr'><strong>τῶν</strong></span> <span class='ocrx_word' id='word_1_90' title='bbox 1129 1343 1422 1411; x_wconf 81' lang='grc' dir='ltr'>’προτέρων</span> <span class='ocrx_word' id='word_1_91' title='bbox 1465 1341 1672 1411; x_wconf 78' lang='grc' dir='ltr'>χρόνων</span> <span class='ocrx_word' id='word_1_92' title='bbox 1723 1341 1975 1408; x_wconf 85' lang='grc' dir='ltr'>Πατέρας</span> 
     </span>
    </p>
   </div>
   <div class='ocr_carea' id='block_1_16' title="bbox 399 1431 1978 1503">
    <p class='ocr_par' dir='ltr' id='par_1_16' title="bbox 399 1431 1978 1503">
     <span class='ocr_line' id='line_1_16' title="bbox 399 1431 1978 1503; baseline -0.007 -10"><span class='ocrx_word' id='word_1_93' title='bbox 399 1443 493 1493; x_wconf 77' lang='grc' dir='ltr'><strong>καὶ</strong></span> <span class='ocrx_word' id='word_1_94' title='bbox 521 1437 896 1498; x_wconf 76' lang='grc' dir='ltr'><strong>διδασκάλους,</strong></span> <span class='ocrx_word' id='word_1_95' title='bbox 930 1435 981 1489; x_wconf 80' lang='grc' dir='ltr'>οἳ</span> <span class='ocrx_word' id='word_1_96' title='bbox 1006 1432 1235 1486; x_wconf 68' lang='grc' dir='ltr'>πλεῖσταί</span> <span class='ocrx_word' id='word_1_97' title='bbox 1266 1432 1364 1501; x_wconf 75' lang='grc' dir='ltr'>μὲν</span> <span class='ocrx_word' id='word_1_98' title='bbox 1392 1432 1533 1501; x_wconf 82' lang='grc' dir='ltr'>ὑπὲρ</span> <span class='ocrx_word' id='word_1_99' title='bbox 1557 1431 1657 1503; x_wconf 82' lang='grc' dir='ltr'>τῆς</span> <span class='ocrx_word' id='word_1_100' title='bbox 1690 1432 1800 1485; x_wconf 86' lang='grc' dir='ltr'><strong>τῶν</strong></span> <span class='ocrx_word' id='word_1_101' title='bbox 1824 1431 1978 1484; x_wconf 86' lang='grc' dir='ltr'>ἀδελ-</span> 
     </span>
    </p>
   </div>
   <div class='ocr_carea' id='block_1_17' title="bbox 406 1521 1977 1603">
    <p class='ocr_par' dir='ltr' id='par_1_17' title="bbox 406 1521 1977 1603">
     <span class='ocr_line' id='line_1_17' title="bbox 406 1521 1977 1603; baseline -0.008 -17"><span class='ocrx_word' id='word_1_102' title='bbox 406 1534 521 1603; x_wconf 81' lang='grc' dir='ltr'>φῶν</span> <span class='ocrx_word' id='word_1_103' title='bbox 546 1528 882 1600; x_wconf 73' lang='grc' dir='ltr'>ἠγωνίσαντο</span> <span class='ocrx_word' id='word_1_104' title='bbox 903 1526 1194 1597; x_wconf 74' lang='grc' dir='ltr'>σωτηρίας,</span> <span class='ocrx_word' id='word_1_105' title='bbox 1215 1524 1277 1578; x_wconf 83' lang='grc' dir='ltr'>τὸ</span> <span class='ocrx_word' id='word_1_106' title='bbox 1298 1523 1420 1578; x_wconf 83' lang='grc' dir='ltr'>καθ’</span> <span class='ocrx_word' id='word_1_107' title='bbox 1451 1523 1614 1577; x_wconf 78' lang='grc' dir='ltr'>αὑτὸν</span> <span class='ocrx_word' id='word_1_108' title='bbox 1636 1522 1825 1594; x_wconf 78' lang='grc' dir='ltr'>ζητεῖν</span> <span class='ocrx_word' id='word_1_109' title='bbox 1843 1521 1977 1575; x_wconf 74' lang='grc' dir='ltr'>ἕκα-</span> 
     </span>
    </p>
   </div>
   <div class='ocr_carea' id='block_1_18' title="bbox 404 1613 1975 1691">
    <p class='ocr_par' dir='ltr' id='par_1_18' title="bbox 404 1613 1975 1691">
     <span class='ocr_line' id='line_1_18' title="bbox 404 1613 1975 1691; baseline -0.011 -9"><span class='ocrx_word' id='word_1_110' title='bbox 404 1645 527 1691; x_wconf 83' lang='grc' dir='ltr'>στος</span> <span class='ocrx_word' id='word_1_111' title='bbox 557 1625 653 1681; x_wconf 78' lang='grc' dir='ltr'>καὶ</span> <span class='ocrx_word' id='word_1_112' title='bbox 681 1623 861 1678; x_wconf 79' lang='grc' dir='ltr'>πόνων</span> <span class='ocrx_word' id='word_1_113' title='bbox 906 1617 1255 1690; x_wconf 76' lang='grc' dir='ltr'><strong>ἀπηλλάχθαι</strong></span> <span class='ocrx_word' id='word_1_114' title='bbox 1308 1614 1600 1686; x_wconf 80' lang='grc' dir='ltr'>δυνάμενοι</span> <span class='ocrx_word' id='word_1_115' title='bbox 1622 1654 1637 1678; x_wconf 93' lang='grc'><strong>,</strong></span> <span class='ocrx_word' id='word_1_116' title='bbox 1672 1615 1741 1667; x_wconf 80' lang='grc' dir='ltr'><strong>τὰ</strong></span> <span class='ocrx_word' id='word_1_117' title='bbox 1769 1613 1824 1667; x_wconf 81' lang='grc' dir='ltr'><strong>δὲ</strong></span> <span class='ocrx_word' id='word_1_118' title='bbox 1852 1613 1975 1666; x_wconf 78' lang='grc' dir='ltr'>τότε</span> 
     </span>
    </p>
   </div>
   <div class='ocr_carea' id='block_1_19' title="bbox 396 1708 1978 1786">
    <p class='ocr_par' dir='ltr' id='par_1_19' title="bbox 396 1708 1978 1786">
     <span class='ocr_line' id='line_1_19' title="bbox 396 1708 1978 1786; baseline -0.009 -14"><span class='ocrx_word' id='word_1_119' title='bbox 396 1720 494 1782; x_wconf 77' lang='grc' dir='ltr'>τὰς</span> <span class='ocrx_word' id='word_1_120' title='bbox 519 1719 628 1770; x_wconf 87' lang='grc' dir='ltr'><strong>τῶν</strong></span> <span class='ocrx_word' id='word_1_121' title='bbox 661 1713 967 1784; x_wconf 73' lang='grc' dir='ltr'>ἀνθρώπων</span> <span class='ocrx_word' id='word_1_122' title='bbox 998 1709 1337 1786; x_wconf 69' lang='grc' dir='ltr'>θορυβοῦντα</span> <span class='ocrx_word' id='word_1_123' title='bbox 1358 1708 1539 1779; x_wconf 79' lang='grc' dir='ltr'>ψυχὰς</span> <span class='ocrx_word' id='word_1_124' title='bbox 1572 1709 1638 1762; x_wconf 77' lang='grc' dir='ltr'>ἐκ</span> <span class='ocrx_word' id='word_1_125' title='bbox 1676 1709 1842 1778; x_wconf 79' lang='grc' dir='ltr'>μέσου</span> <span class='ocrx_word' id='word_1_126' title='bbox 1880 1715 1978 1759; x_wconf 84' lang='grc' dir='ltr'>πε-</span> 
     </span>
    </p>
   </div>
   <div class='ocr_carea' id='block_1_20' title="bbox 399 1797 1975 1882">
    <p class='ocr_par' dir='ltr' id='par_1_20' title="bbox 399 1797 1975 1882">
     <span class='ocr_line' id='line_1_20' title="bbox 399 1797 1975 1882; baseline -0.008 -19"><span class='ocrx_word' id='word_1_127' title='bbox 399 1810 688 1882; x_wconf 75' lang='grc' dir='ltr'>ριελόντες,</span> <span class='ocrx_word' id='word_1_128' title='bbox 725 1808 817 1860; x_wconf 79' lang='grc' dir='ltr'><strong>καὶ</strong></span> <span class='ocrx_word' id='word_1_129' title='bbox 842 1807 909 1875; x_wconf 79' lang='grc' dir='ltr'>τῇ</span> <span class='ocrx_word' id='word_1_130' title='bbox 946 1802 1194 1874; x_wconf 72' lang='grc' dir='ltr'>μαχαίρᾳ</span> <span class='ocrx_word' id='word_1_131' title='bbox 1213 1802 1308 1856; x_wconf 91' lang='grc' dir='ltr'><strong>τοῦ</strong></span> <span class='ocrx_word' id='word_1_132' title='bbox 1345 1801 1660 1871; x_wconf 86' lang='grc' dir='ltr'>Πνεύματος</span> <span class='ocrx_word' id='word_1_133' title='bbox 1689 1799 1751 1853; x_wconf 78' lang='grc' dir='ltr'>τὸ</span> <span class='ocrx_word' id='word_1_134' title='bbox 1774 1797 1975 1871; x_wconf 80' lang='grc' dir='ltr'>ψεῦδος</span> 
     </span>
    </p>
   </div>
   <div class='ocr_carea' id='block_1_21' title="bbox 2081 605 3653 678">
    <p class='ocr_par' dir='ltr' id='par_1_21' title="bbox 2081 605 3653 678">
     <span class='ocr_line' id='line_1_21' title="bbox 2081 605 3653 678; baseline 0.003 -20"><span class='ocrx_word' id='word_1_135' title='bbox 2081 606 2337 660; x_wconf 87' lang='lat' dir='ltr'><strong>vcntione</strong></span> <span class='ocrx_word' id='word_1_136' title='bbox 2370 605 2633 669; x_wconf 80' lang='lat' dir='ltr'><strong>veritatis,</strong></span> <span class='ocrx_word' id='word_1_137' title='bbox 2690 615 2746 659; x_wconf 90' lang='lat' dir='ltr'><strong>et</strong></span> <span class='ocrx_word' id='word_1_138' title='bbox 2786 619 2883 673; x_wconf 88' lang='lat' dir='ltr'><strong>per</strong></span> <span class='ocrx_word' id='word_1_139' title='bbox 2936 620 3055 661; x_wconf 88' lang='lat' dir='ltr'><strong>eam</strong></span> <span class='ocrx_word' id='word_1_140' title='bbox 3103 607 3204 676; x_wconf 85' lang='lat' dir='ltr'><strong>ipsi</strong></span> <span class='ocrx_word' id='word_1_141' title='bbox 3255 608 3362 663; x_wconf 90' lang='lat' dir='ltr'><strong>Deo</strong></span> <span class='ocrx_word' id='word_1_142' title='bbox 3409 607 3653 678; x_wconf 78' lang='lat' dir='ltr'><strong>perfecte</strong></span> 
     </span>
    </p>
   </div>
   <div class='ocr_carea' id='block_1_22' title="bbox 2077 696 3651 769">
    <p class='ocr_par' dir='ltr' id='par_1_22' title="bbox 2077 696 3651 769">
     <span class='ocr_line' id='line_1_22' title="bbox 2077 696 3651 769; baseline -0.002 -17"><span class='ocrx_word' id='word_1_143' title='bbox 2077 697 2444 761; x_wconf 67' lang='lat' dir='ltr'><strong>adhaeremus,</strong></span> <span class='ocrx_word' id='word_1_144' title='bbox 2484 696 2689 766; x_wconf 88' lang='lat' dir='ltr'><strong>reliqua</strong></span> <span class='ocrx_word' id='word_1_145' title='bbox 2752 698 2915 752; x_wconf 86' lang='lat' dir='ltr'><strong>etiam</strong></span> <span class='ocrx_word' id='word_1_146' title='bbox 2977 699 3088 754; x_wconf 89' lang='lat' dir='ltr'><strong>duo</strong></span> <span class='ocrx_word' id='word_1_147' title='bbox 3150 709 3470 769; x_wconf 77' lang='lat' dir='ltr'><strong>sequentur.</strong></span> <span class='ocrx_word' id='word_1_148' title='bbox 3514 699 3651 756; x_wconf 68' lang='lat' dir='ltr'><strong>lllutt</strong></span> 
     </span>
    </p>
   </div>
   <div class='ocr_carea' id='block_1_23' title="bbox 2077 789 3655 862">
    <p class='ocr_par' dir='ltr' id='par_1_23' title="bbox 2077 789 3655 862">
     <span class='ocr_line' id='line_1_23' title="bbox 2077 789 3655 862; baseline 0.001 -19"><span class='ocrx_word' id='word_1_149' title='bbox 2077 791 2240 859; x_wconf 78' lang='lat' dir='ltr'><strong>igitur</strong></span> <span class='ocrx_word' id='word_1_150' title='bbox 2262 789 2419 844; x_wconf 89' lang='lat' dir='ltr'><strong>avide</strong></span> <span class='ocrx_word' id='word_1_151' title='bbox 2441 789 2773 859; x_wconf 86' lang='lat' dir='ltr'><strong>captandum</strong></span> <span class='ocrx_word' id='word_1_152' title='bbox 2838 798 2923 845; x_wconf 91' lang='lat' dir='ltr'><strong>est</strong></span> <span class='ocrx_word' id='word_1_153' title='bbox 2961 790 3026 844; x_wconf 84' lang='lat' dir='ltr'><strong>iis</strong></span> <span class='ocrx_word' id='word_1_154' title='bbox 3053 790 3148 860; x_wconf 86' lang='lat' dir='ltr'><strong>qui</strong></span> <span class='ocrx_word' id='word_1_155' title='bbox 3186 805 3369 855; x_wconf 81' lang='lat' dir='ltr'><strong>veram</strong></span> <span class='ocrx_word' id='word_1_156' title='bbox 3425 793 3655 862; x_wconf 89' lang='lat' dir='ltr'><strong>cupiunt</strong></span> 
     </span>
    </p>
   </div>
   <div class='ocr_carea' id='block_1_24' title="bbox 2078 881 3657 953">
    <p class='ocr_par' dir='ltr' id='par_1_24' title="bbox 2078 881 3657 953">
     <span class='ocr_line' id='line_1_24' title="bbox 2078 881 3657 953; baseline 0.001 -16"><span class='ocrx_word' id='word_1_157' title='bbox 2078 896 2266 952; x_wconf 74' lang='lat' dir='ltr'><strong>pacem</strong></span> <span class='ocrx_word' id='word_1_158' title='bbox 2298 897 2314 934; x_wconf 87' lang='lat'><strong>:</strong></span> <span class='ocrx_word' id='word_1_159' title='bbox 2341 881 2482 937; x_wconf 89' lang='lat' dir='ltr'><strong>hanc</strong></span> <span class='ocrx_word' id='word_1_160' title='bbox 2512 896 2640 936; x_wconf 87' lang='lat' dir='ltr'><strong>vero</strong></span> <span class='ocrx_word' id='word_1_161' title='bbox 2699 881 2926 952; x_wconf 85' lang='lat' dir='ltr'><strong>cupiant</strong></span> <span class='ocrx_word' id='word_1_162' title='bbox 2964 895 3190 937; x_wconf 86' lang='lat' dir='ltr'><strong>necesse</strong></span> <span class='ocrx_word' id='word_1_163' title='bbox 3232 893 3338 947; x_wconf 86' lang='lat' dir='ltr'><strong>est,</strong></span> <span class='ocrx_word' id='word_1_164' title='bbox 3390 891 3657 953; x_wconf 89' lang='lat' dir='ltr'><strong>tantoque</strong></span> 
     </span>
    </p>
   </div>
   <div class='ocr_carea' id='block_1_25' title="bbox 2078 969 3658 1041">
    <p class='ocr_par' dir='ltr' id='par_1_25' title="bbox 2078 969 3658 1041">
     <span class='ocr_line' id='line_1_25' title="bbox 2078 969 3658 1041; baseline 0 -14"><span class='ocrx_word' id='word_1_165' title='bbox 2078 972 2219 1027; x_wconf 85' lang='lat' dir='ltr'><strong>bono</strong></span> <span class='ocrx_word' id='word_1_166' title='bbox 2235 970 2414 1026; x_wconf 85' lang='lat' dir='ltr'><strong>omnia</strong></span> <span class='ocrx_word' id='word_1_167' title='bbox 2430 970 2632 1026; x_wconf 88' lang='lat' dir='ltr'><strong>ducant</strong></span> <span class='ocrx_word' id='word_1_168' title='bbox 2652 969 2930 1034; x_wconf 80' lang='lat' dir='ltr'><strong>inferiora,</strong></span> <span class='ocrx_word' id='word_1_169' title='bbox 2970 971 3065 1040; x_wconf 87' lang='lat' dir='ltr'><strong>qui</strong></span> <span class='ocrx_word' id='word_1_170' title='bbox 3099 971 3297 1028; x_wconf 87' lang='lat' dir='ltr'><strong>virtute</strong></span> <span class='ocrx_word' id='word_1_171' title='bbox 3322 974 3658 1041; x_wconf 74' lang='lat' dir='ltr'><strong>rationisque</strong></span> 
     </span>
    </p>
   </div>
   <div class='ocr_carea' id='block_1_26' title="bbox 2078 1061 3656 1134">
    <p class='ocr_par' dir='ltr' id='par_1_26' title="bbox 2078 1061 3656 1134">
     <span class='ocr_line' id='line_1_26' title="bbox 2078 1061 3656 1134; baseline 0.003 -19"><span class='ocrx_word' id='word_1_172' title='bbox 2078 1063 2392 1133; x_wconf 79' lang='lat' dir='ltr'><strong>praestantia</strong></span> <span class='ocrx_word' id='word_1_173' title='bbox 2424 1061 2681 1118; x_wconf 88' lang='lat' dir='ltr'><strong>omnibus</strong></span> <span class='ocrx_word' id='word_1_174' title='bbox 2706 1062 3060 1126; x_wconf 85' lang='lat' dir='ltr'><strong>antecellunt,</strong></span> <span class='ocrx_word' id='word_1_175' title='bbox 3116 1071 3172 1120; x_wconf 88' lang='lat' dir='ltr'><strong>et</strong></span> <span class='ocrx_word' id='word_1_176' title='bbox 3204 1063 3446 1134; x_wconf 82' lang='lat' dir='ltr'><strong>pericula</strong></span> <span class='ocrx_word' id='word_1_177' title='bbox 3501 1063 3656 1120; x_wconf 90' lang='lat' dir='ltr'><strong>labo-</strong></span> 
     </span>
    </p>
   </div>
   <div class='ocr_carea' id='block_1_27' title="bbox 2079 1153 3650 1227">
    <p class='ocr_par' dir='ltr' id='par_1_27' title="bbox 2079 1153 3650 1227">
     <span class='ocr_line' id='line_1_27' title="bbox 2079 1153 3650 1227; baseline 0.001 -17"><span class='ocrx_word' id='word_1_178' title='bbox 2079 1170 2277 1224; x_wconf 80' lang='lat' dir='ltr'><strong>resque</strong></span> <span class='ocrx_word' id='word_1_179' title='bbox 2301 1163 2688 1225; x_wconf 80' lang='lat' dir='ltr'><strong>susceperunt,</strong></span> <span class='ocrx_word' id='word_1_180' title='bbox 2723 1169 2848 1225; x_wconf 62' lang='lat' dir='ltr'><strong>quae</strong></span> <span class='ocrx_word' id='word_1_181' title='bbox 2874 1153 3002 1227; x_wconf 83' lang='lat' dir='ltr'><strong>quis</strong></span> <span class='ocrx_word' id='word_1_182' title='bbox 3030 1154 3170 1211; x_wconf 90' lang='lat' dir='ltr'><strong>adeo</strong></span> <span class='ocrx_word' id='word_1_183' title='bbox 3197 1155 3516 1224; x_wconf 80' lang='lat' dir='ltr'><strong>praecellens</strong></span> <span class='ocrx_word' id='word_1_184' title='bbox 3551 1171 3650 1226; x_wconf 91' lang='lat' dir='ltr'><strong>pro</strong></span> 
     </span>
    </p>
   </div>
   <div class='ocr_carea' id='block_1_28' title="bbox 2079 1247 3657 1306">
    <p class='ocr_par' dir='ltr' id='par_1_28' title="bbox 2079 1247 3657 1306">
     <span class='ocr_line' id='line_1_28' title="bbox 2079 1247 3657 1306; baseline 0.001 -4"><span class='ocrx_word' id='word_1_185' title='bbox 2079 1248 2250 1304; x_wconf 84' lang='lat' dir='ltr'><strong>rebus</strong></span> <span class='ocrx_word' id='word_1_186' title='bbox 2279 1259 2491 1303; x_wconf 90' lang='lat' dir='ltr'><strong>tantum</strong></span> <span class='ocrx_word' id='word_1_187' title='bbox 2530 1248 2787 1305; x_wconf 78' lang='lat' dir='ltr'><strong>maximis</strong></span> <span class='ocrx_word' id='word_1_188' title='bbox 2820 1248 3012 1305; x_wconf 87' lang='lat' dir='ltr'><strong>subire</strong></span> <span class='ocrx_word' id='word_1_189' title='bbox 3039 1247 3295 1305; x_wconf 78' lang='lat' dir='ltr'><strong>voluerit.</strong></span> <span class='ocrx_word' id='word_1_190' title='bbox 3351 1250 3419 1306; x_wconf 87' lang='lat' dir='ltr'><strong>Et</strong></span> <span class='ocrx_word' id='word_1_191' title='bbox 3457 1248 3657 1305; x_wconf 79' lang='lat' dir='ltr'><strong>imitati</strong></span> 
     </span>
    </p>
   </div>
   <div class='ocr_carea' id='block_1_29' title="bbox 2079 1339 3654 1411">
    <p class='ocr_par' dir='ltr' id='par_1_29' title="bbox 2079 1339 3654 1411">
     <span class='ocr_line' id='line_1_29' title="bbox 2079 1339 3654 1411; baseline 0.003 -19"><span class='ocrx_word' id='word_1_192' title='bbox 2079 1351 2212 1393; x_wconf 84' lang='lat' dir='ltr'><strong>sane</strong></span> <span class='ocrx_word' id='word_1_193' title='bbox 2236 1346 2453 1409; x_wconf 84' lang='lat' dir='ltr'><strong>oportet</strong></span> <span class='ocrx_word' id='word_1_194' title='bbox 2484 1339 2729 1409; x_wconf 86' lang='lat' dir='ltr'><strong>priorum</strong></span> <span class='ocrx_word' id='word_1_195' title='bbox 2753 1349 3059 1411; x_wconf 79' lang='lat' dir='ltr'><strong>temporum</strong></span> <span class='ocrx_word' id='word_1_196' title='bbox 3081 1339 3270 1397; x_wconf 84' lang='lat' dir='ltr'><strong>Patres</strong></span> <span class='ocrx_word' id='word_1_197' title='bbox 3299 1355 3362 1397; x_wconf 90' lang='lat' dir='ltr'><strong>ac</strong></span> <span class='ocrx_word' id='word_1_198' title='bbox 3380 1342 3654 1407; x_wconf 89' lang='lat' dir='ltr'><strong>doctores,</strong></span> 
     </span>
    </p>
   </div>
   <div class='ocr_carea' id='block_1_30' title="bbox 2080 1429 3654 1500">
    <p class='ocr_par' dir='ltr' id='par_1_30' title="bbox 2080 1429 3654 1500">
     <span class='ocr_line' id='line_1_30' title="bbox 2080 1429 3654 1500; baseline 0.002 -17"><span class='ocrx_word' id='word_1_199' title='bbox 2080 1431 2173 1497; x_wconf 92' lang='lat' dir='ltr'><strong>qui</strong></span> <span class='ocrx_word' id='word_1_200' title='bbox 2208 1429 2504 1499; x_wconf 86' lang='lat' dir='ltr'><strong>plurimum</strong></span> <span class='ocrx_word' id='word_1_201' title='bbox 2535 1445 2634 1500; x_wconf 90' lang='lat' dir='ltr'><strong>pro</strong></span> <span class='ocrx_word' id='word_1_202' title='bbox 2669 1430 2847 1486; x_wconf 84' lang='lat' dir='ltr'><strong>salute</strong></span> <span class='ocrx_word' id='word_1_203' title='bbox 2873 1429 3106 1486; x_wconf 82' lang='lat' dir='ltr'><strong>fratrum</strong></span> <span class='ocrx_word' id='word_1_204' title='bbox 3130 1431 3490 1498; x_wconf 81' lang='lat' dir='ltr'><strong>desudamnt,</strong></span> <span class='ocrx_word' id='word_1_205' title='bbox 3530 1448 3654 1488; x_wconf 90' lang='lat' dir='ltr'><strong>cum</strong></span> 
     </span>
    </p>
   </div>
   <div class='ocr_carea' id='block_1_31' title="bbox 2079 1522 3660 1595">
    <p class='ocr_par' dir='ltr' id='par_1_31' title="bbox 2079 1522 3660 1595">
     <span class='ocr_line' id='line_1_31' title="bbox 2079 1522 3660 1595; baseline -0.001 -16"><span class='ocrx_word' id='word_1_206' title='bbox 2079 1530 2306 1593; x_wconf 78' lang='lat' dir='ltr'><strong>possent</strong></span> <span class='ocrx_word' id='word_1_207' title='bbox 2332 1522 2571 1593; x_wconf 87' lang='lat' dir='ltr'><strong>quisque</strong></span> <span class='ocrx_word' id='word_1_208' title='bbox 2602 1537 2701 1578; x_wconf 85' lang='lat' dir='ltr'><strong>sua</strong></span> <span class='ocrx_word' id='word_1_209' title='bbox 2731 1537 2992 1595; x_wconf 69' lang='lat' dir='ltr'><strong>quaerere,</strong></span> <span class='ocrx_word' id='word_1_210' title='bbox 3024 1530 3080 1578; x_wconf 89' lang='lat' dir='ltr'><strong>et</strong></span> <span class='ocrx_word' id='word_1_211' title='bbox 3117 1523 3334 1580; x_wconf 85' lang='lat' dir='ltr'><strong>labores</strong></span> <span class='ocrx_word' id='word_1_212' title='bbox 3372 1525 3615 1581; x_wconf 83' lang='lat' dir='ltr'><strong>devitarc</strong></span> <span class='ocrx_word' id='word_1_213' title='bbox 3645 1543 3660 1578; x_wconf 90' lang='lat'><strong>:</strong></span> 
     </span>
    </p>
   </div>
   <div class='ocr_carea' id='block_1_32' title="bbox 2078 1615 3660 1690">
    <p class='ocr_par' dir='ltr' id='par_1_32' title="bbox 2078 1615 3660 1690">
     <span class='ocr_line' id='line_1_32' title="bbox 2078 1615 3660 1690; baseline 0.003 -22"><span class='ocrx_word' id='word_1_214' title='bbox 2078 1617 2175 1687; x_wconf 88' lang='lat' dir='ltr'><strong>qui</strong></span> <span class='ocrx_word' id='word_1_215' title='bbox 2228 1615 2461 1672; x_wconf 79' lang='lat' dir='ltr'><strong>sublatis</strong></span> <span class='ocrx_word' id='word_1_216' title='bbox 2514 1631 2545 1671; x_wconf 90' lang='lat' dir='ltr'><strong>e</strong></span> <span class='ocrx_word' id='word_1_217' title='bbox 2580 1617 2758 1673; x_wconf 86' lang='lat' dir='ltr'><strong>medio</strong></span> <span class='ocrx_word' id='word_1_218' title='bbox 2809 1616 2997 1683; x_wconf 86' lang='lat' dir='ltr'><strong>rebus,</strong></span> <span class='ocrx_word' id='word_1_219' title='bbox 3054 1632 3176 1689; x_wconf 67' lang='lat' dir='ltr'><strong>quae</strong></span> <span class='ocrx_word' id='word_1_220' title='bbox 3217 1627 3352 1674; x_wconf 82' lang='lat' dir='ltr'><strong>tunc</strong></span> <span class='ocrx_word' id='word_1_221' title='bbox 3392 1621 3660 1690; x_wconf 86' lang='lat' dir='ltr'><strong>temporis</strong></span> 
     </span>
    </p>
   </div>
   <div class='ocr_carea' id='block_1_33' title="bbox 2080 1709 3663 1774">
    <p class='ocr_par' dir='ltr' id='par_1_33' title="bbox 2080 1709 3663 1774">
     <span class='ocr_line' id='line_1_33' title="bbox 2080 1709 3663 1774; baseline 0 -11"><span class='ocrx_word' id='word_1_222' title='bbox 2080 1709 2297 1765; x_wconf 88' lang='lat' dir='ltr'><strong>animos</strong></span> <span class='ocrx_word' id='word_1_223' title='bbox 2334 1710 2615 1764; x_wconf 83' lang='lat' dir='ltr'><strong>hominum</strong></span> <span class='ocrx_word' id='word_1_224' title='bbox 2648 1709 2967 1774; x_wconf 85' lang='lat' dir='ltr'><strong>turbabant,</strong></span> <span class='ocrx_word' id='word_1_225' title='bbox 3002 1726 3129 1766; x_wconf 88' lang='lat' dir='ltr'><strong>cum</strong></span> <span class='ocrx_word' id='word_1_226' title='bbox 3175 1726 3362 1766; x_wconf 88' lang='lat' dir='ltr'><strong>verum</strong></span> <span class='ocrx_word' id='word_1_227' title='bbox 3422 1726 3452 1766; x_wconf 92' lang='lat' dir='ltr'><strong>a</strong></span> <span class='ocrx_word' id='word_1_228' title='bbox 3505 1727 3663 1767; x_wconf 86' lang='lat' dir='ltr'><strong>mcu-</strong></span> 
     </span>
    </p>
   </div>
   <div class='ocr_carea' id='block_1_34' title="bbox 2081 1799 3664 1873">
    <p class='ocr_par' dir='ltr' id='par_1_34' title="bbox 2081 1799 3664 1873">
     <span class='ocr_line' id='line_1_34' title="bbox 2081 1799 3664 1873; baseline 0 -18"><span class='ocrx_word' id='word_1_229' title='bbox 2081 1799 2241 1856; x_wconf 88' lang='lat' dir='ltr'><strong>dacio</strong></span> <span class='ocrx_word' id='word_1_230' title='bbox 2278 1799 2518 1870; x_wconf 88' lang='lat' dir='ltr'><strong>Spiritus</strong></span> <span class='ocrx_word' id='word_1_231' title='bbox 2557 1801 2738 1871; x_wconf 78' lang='lat' dir='ltr'><strong>gladio</strong></span> <span class='ocrx_word' id='word_1_232' title='bbox 2783 1803 3147 1857; x_wconf 76' lang='lat' dir='ltr'><strong>secrevissent</strong></span> <span class='ocrx_word' id='word_1_233' title='bbox 3207 1817 3396 1872; x_wconf 80' lang='lat' dir='ltr'><strong>pacem</strong></span> <span class='ocrx_word' id='word_1_234' title='bbox 3424 1804 3664 1873; x_wconf 80' lang='lat' dir='ltr'><strong>posteris</strong></span> 
     </span>
    </p>
   </div>
   <div class='ocr_carea' id='block_1_35' title="bbox 396 1869 1979 1972">
    <p class='ocr_par' dir='ltr' id='par_1_35' title="bbox 396 1869 1972 1972">
     <span class='ocr_line' id='line_1_35' title="bbox 396 1869 1972 1972; baseline -0.008 -16"><span class='ocrx_word' id='word_1_235' title='bbox 396 1869 489 1956; x_wconf 72' lang='grc' dir='ltr'><strong>τοῦ</strong></span> <span class='ocrx_word' id='word_1_236' title='bbox 530 1899 763 1972; x_wconf 82' lang='grc' dir='ltr'>ἀληθοῦς</span> <span class='ocrx_word' id='word_1_237' title='bbox 807 1869 1213 1967; x_wconf 71' lang='grc' dir='ltr'>διακρίναντες,</span> <span class='ocrx_word' id='word_1_238' title='bbox 1260 1869 1505 1965; x_wconf 15' lang='grc' dir='ltr'>είρήνηνή</span> <span class='ocrx_word' id='word_1_239' title='bbox 1534 1869 1802 1962; x_wconf 76' lang='grc' dir='ltr'>εἱλικρινῆ</span> <span class='ocrx_word' id='word_1_240' title='bbox 1859 1893 1972 1954; x_wconf 90' lang='grc' dir='ltr'>τοῖς</span> 
     </span>
    </p>
   </div>
   <div class='ocr_carea' id='block_1_36' title="bbox 2083 1869 3658 1972">
    <p class='ocr_par' dir='ltr' id='par_1_36' title="bbox 2083 1892 3658 1965">
     <span class='ocr_line' id='line_1_36' title="bbox 2083 1892 3658 1965; baseline 0.001 -19"><span class='ocrx_word' id='word_1_241' title='bbox 2083 1892 2284 1963; x_wconf 88' lang='lat' dir='ltr'><strong>liquere</strong></span> <span class='ocrx_word' id='word_1_242' title='bbox 2305 1892 2603 1960; x_wconf 88' lang='lat' dir='ltr'><strong>sinceram,</strong></span> <span class='ocrx_word' id='word_1_243' title='bbox 2629 1909 2792 1963; x_wconf 88' lang='lat' dir='ltr'><strong>quam</strong></span> <span class='ocrx_word' id='word_1_244' title='bbox 2826 1895 2985 1965; x_wconf 75' lang='lat' dir='ltr'><strong>longa</strong></span> <span class='ocrx_word' id='word_1_245' title='bbox 3038 1910 3146 1949; x_wconf 88' lang='lat' dir='ltr'><strong>non</strong></span> <span class='ocrx_word' id='word_1_246' title='bbox 3214 1894 3454 1950; x_wconf 83' lang='lat' dir='ltr'><strong>turbavit</strong></span> <span class='ocrx_word' id='word_1_247' title='bbox 3504 1904 3658 1955; x_wconf 64' lang='lat' dir='ltr'><strong>aetas.</strong></span> 
     </span>
    </p>
   </div>
   <div class='ocr_carea' id='block_1_37' title="bbox 404 1982 1971 2062">
    <p class='ocr_par' dir='ltr' id='par_1_37' title="bbox 404 1982 1971 2062">
     <span class='ocr_line' id='line_1_37' title="bbox 404 1982 1971 2062; baseline -0.008 -17"><span class='ocrx_word' id='word_1_248' title='bbox 404 1996 536 2062; x_wconf 77' lang='grc' dir='ltr'><strong>μετᾶ</strong></span> <span class='ocrx_word' id='word_1_249' title='bbox 565 1991 741 2045; x_wconf 80' lang='grc' dir='ltr'>ταῦτα</span> <span class='ocrx_word' id='word_1_250' title='bbox 771 1988 1088 2044; x_wconf 79' lang='grc' dir='ltr'>κατέλιπονο</span> <span class='ocrx_word' id='word_1_251' title='bbox 1114 1987 1181 2056; x_wconf 83' lang='grc' dir='ltr'>ἢν</span> <span class='ocrx_word' id='word_1_252' title='bbox 1211 1987 1239 2038; x_wconf 85' lang='grc' dir='ltr'>ὁ</span> <span class='ocrx_word' id='word_1_253' title='bbox 1269 1983 1477 2055; x_wconf 79' lang='grc' dir='ltr'>μακρὸς</span> <span class='ocrx_word' id='word_1_254' title='bbox 1497 1985 1557 2036; x_wconf 87' lang='grc' dir='ltr'><strong>οὑ</strong></span> <span class='ocrx_word' id='word_1_255' title='bbox 1586 1982 1808 2051; x_wconf 79' lang='grc' dir='ltr'>συνέχεε</span> <span class='ocrx_word' id='word_1_256' title='bbox 1839 1982 1971 2051; x_wconf 86' lang='grc' dir='ltr'>χρό-</span> 
     </span>
    </p>
   </div>
   <div class='ocr_carea' id='block_1_38' title="bbox 397 2074 1970 2151">
    <p class='ocr_par' dir='ltr' id='par_1_38' title="bbox 397 2074 1970 2151">
     <span class='ocr_line' id='line_1_38' title="bbox 397 2074 1970 2151; baseline -0.007 -12"><span class='ocrx_word' id='word_1_257' title='bbox 397 2106 507 2151; x_wconf 81' lang='grc' dir='ltr'>νος,</span> <span class='ocrx_word' id='word_1_258' title='bbox 542 2086 653 2140; x_wconf 76' lang='grc' dir='ltr'>οὐδ’</span> <span class='ocrx_word' id='word_1_259' title='bbox 703 2086 760 2139; x_wconf 82' lang='grc' dir='ltr'><strong>αῖ</strong></span> <span class='ocrx_word' id='word_1_260' title='bbox 808 2083 918 2137; x_wconf 91' lang='grc' dir='ltr'><strong>τῶν</strong></span> <span class='ocrx_word' id='word_1_261' title='bbox 951 2079 1207 2150; x_wconf 86' lang='grc' dir='ltr'>πονηρῶν</span> <span class='ocrx_word' id='word_1_262' title='bbox 1260 2079 1568 2147; x_wconf 81' lang='grc' dir='ltr'>ἀνθρώπων</span> <span class='ocrx_word' id='word_1_263' title='bbox 1617 2074 1970 2145; x_wconf 69' lang='grc' dir='ltr'>φιλονεικίαι.</span> 
     </span>
    </p>
   </div>
   <div class='ocr_carea' id='block_1_39' title="bbox 402 2165 1976 2249">
    <p class='ocr_par' dir='ltr' id='par_1_39' title="bbox 402 2165 1976 2249">
     <span class='ocr_line' id='line_1_39' title="bbox 402 2165 1976 2249; baseline -0.01 -15"><span class='ocrx_word' id='word_1_264' title='bbox 402 2181 509 2234; x_wconf 71' lang='grc' dir='ltr'><strong>Καὶ</strong></span> <span class='ocrx_word' id='word_1_265' title='bbox 543 2180 641 2249; x_wconf 82' lang='grc' dir='ltr'>τὴν</span> <span class='ocrx_word' id='word_1_266' title='bbox 673 2178 900 2249; x_wconf 71' lang='grc' dir='ltr'>εἰρήνην</span> <span class='ocrx_word' id='word_1_267' title='bbox 922 2175 1082 2230; x_wconf 82' lang='grc' dir='ltr'>ἄλλον</span> <span class='ocrx_word' id='word_1_268' title='bbox 1110 2174 1314 2243; x_wconf 84' lang='grc' dir='ltr'>τρόπον</span> <span class='ocrx_word' id='word_1_269' title='bbox 1354 2169 1665 2240; x_wconf 76' lang='grc' dir='ltr'>οἰκονομεῖν</span> <span class='ocrx_word' id='word_1_270' title='bbox 1707 2165 1848 2234; x_wconf 72' lang='grc' dir='ltr'>ἐξὸν,</span> <span class='ocrx_word' id='word_1_271' title='bbox 1874 2166 1976 2219; x_wconf 82' lang='grc' dir='ltr'><strong>οὐκ</strong></span> 
     </span>
    </p>
   </div>
   <div class='ocr_carea' id='block_1_40' title="bbox 398 2256 1977 2338">
    <p class='ocr_par' dir='ltr' id='par_1_40' title="bbox 398 2256 1977 2338">
     <span class='ocr_line' id='line_1_40' title="bbox 398 2256 1977 2338; baseline -0.007 -17"><span class='ocrx_word' id='word_1_272' title='bbox 398 2271 709 2338; x_wconf 62' lang='grc' dir='ltr'>ἠνέσχοντοδ</span> <span class='ocrx_word' id='word_1_273' title='bbox 740 2267 801 2320; x_wconf 90' lang='grc' dir='ltr'><strong>οὑ</strong></span> <span class='ocrx_word' id='word_1_274' title='bbox 830 2265 937 2336; x_wconf 84' lang='grc' dir='ltr'>γὰρ</span> <span class='ocrx_word' id='word_1_275' title='bbox 967 2264 1169 2336; x_wconf 77' lang='grc' dir='ltr'>ᾔδεσαν</span> <span class='ocrx_word' id='word_1_276' title='bbox 1200 2261 1388 2324; x_wconf 84' lang='grc' dir='ltr'>αὐτοῖς</span> <span class='ocrx_word' id='word_1_277' title='bbox 1433 2277 1493 2315; x_wconf 82' lang='grc' dir='ltr'><strong>τε</strong></span> <span class='ocrx_word' id='word_1_278' title='bbox 1540 2260 1845 2329; x_wconf 79' lang='grc' dir='ltr'>προσῆκον.</span> <span class='ocrx_word' id='word_1_279' title='bbox 1879 2256 1977 2311; x_wconf 78' lang='grc' dir='ltr'>καὶ</span> 
     </span>
    </p>
   </div>
   <div class='ocr_carea' id='block_1_41' title="bbox 399 2351 1978 2424">
    <p class='ocr_par' dir='ltr' id='par_1_41' title="bbox 399 2351 1978 2424">
     <span class='ocr_line' id='line_1_41' title="bbox 399 2351 1978 2424; baseline -0.009 -8"><span class='ocrx_word' id='word_1_280' title='bbox 399 2363 490 2416; x_wconf 69' lang='grc' dir='ltr'><strong>τοῦ</strong></span> <span class='ocrx_word' id='word_1_281' title='bbox 518 2361 801 2423; x_wconf 83' lang='grc' dir='ltr'>κινοῦντος</span> <span class='ocrx_word' id='word_1_282' title='bbox 833 2359 926 2411; x_wconf 74' lang='grc' dir='ltr'><strong>ἐπὶ</strong></span> <span class='ocrx_word' id='word_1_283' title='bbox 951 2356 1124 2412; x_wconf 84' lang='grc' dir='ltr'>ταῦτα</span> <span class='ocrx_word' id='word_1_284' title='bbox 1157 2354 1474 2424; x_wconf 84' lang='grc' dir='ltr'>Πνεύματος</span> <span class='ocrx_word' id='word_1_285' title='bbox 1504 2352 1675 2418; x_wconf 67' lang='grc' dir='ltr'>ἄξιον*</span> <span class='ocrx_word' id='word_1_286' title='bbox 1710 2351 1805 2405; x_wconf 87' lang='grc' dir='ltr'><strong>καὶ</strong></span> <span class='ocrx_word' id='word_1_287' title='bbox 1843 2351 1978 2420; x_wconf 81' lang='grc' dir='ltr'><strong>μᾶλ-</strong></span> 
     </span>
    </p>
   </div>
   <div class='ocr_carea' id='block_1_42' title="bbox 402 2440 1976 2523">
    <p class='ocr_par' dir='ltr' id='par_1_42' title="bbox 402 2440 1976 2523">
     <span class='ocr_line' id='line_1_42' title="bbox 402 2440 1976 2523; baseline -0.008 -18"><span class='ocrx_word' id='word_1_288' title='bbox 402 2456 489 2506; x_wconf 76' lang='grc' dir='ltr'><strong>λον</strong></span> <span class='ocrx_word' id='word_1_289' title='bbox 533 2451 707 2523; x_wconf 66' lang='grc' dir='ltr'>ᾠεντο</span> <span class='ocrx_word' id='word_1_290' title='bbox 753 2450 904 2512; x_wconf 80' lang='grc' dir='ltr'>δίκας</span> <span class='ocrx_word' id='word_1_291' title='bbox 954 2447 1177 2517; x_wconf 79' lang='grc' dir='ltr'>ὑφέξειν</span> <span class='ocrx_word' id='word_1_292' title='bbox 1231 2440 1307 2501; x_wconf 84' lang='grc' dir='ltr'>ὧν</span> <span class='ocrx_word' id='word_1_293' title='bbox 1340 2446 1629 2514; x_wconf 82' lang='grc' dir='ltr'>δυνάμενοι</span> <span class='ocrx_word' id='word_1_294' title='bbox 1681 2444 1782 2498; x_wconf 77' lang='grc' dir='ltr'><strong>σὺν</strong></span> <span class='ocrx_word' id='word_1_295' title='bbox 1827 2443 1976 2513; x_wconf 76' lang='grc' dir='ltr'>πόνῳ</span> 
     </span>
    </p>
   </div>
   <div class='ocr_carea' id='block_1_43' title="bbox 404 2535 1979 2614">
    <p class='ocr_par' dir='ltr' id='par_1_43' title="bbox 404 2535 1979 2614">
     <span class='ocr_line' id='line_1_43' title="bbox 404 2535 1979 2614; baseline -0.006 -18"><span class='ocrx_word' id='word_1_296' title='bbox 404 2547 666 2614; x_wconf 46' lang='grc' dir='ltr'>πράττειν</span> <span class='ocrx_word' id='word_1_297' title='bbox 701 2541 985 2612; x_wconf 68' lang='grc' dir='ltr'>ἠμέλησαν</span> <span class='ocrx_word' id='word_1_298' title='bbox 1017 2539 1104 2605; x_wconf 83' lang='grc' dir='ltr'>ἂν,</span> <span class='ocrx_word' id='word_1_299' title='bbox 1140 2540 1173 2611; x_wconf 80' lang='grc' dir='ltr'>ἦ</span> <span class='ocrx_word' id='word_1_300' title='bbox 1200 2538 1309 2594; x_wconf 86' lang='grc' dir='ltr'><strong>τῶν</strong></span> <span class='ocrx_word' id='word_1_301' title='bbox 1333 2537 1549 2608; x_wconf 82' lang='grc' dir='ltr'>ἀφελῶς</span> <span class='ocrx_word' id='word_1_302' title='bbox 1573 2535 1777 2592; x_wconf 75' lang='grc' dir='ltr'><strong>οὑτωσ1⁹</strong></span> <span class='ocrx_word' id='word_1_303' title='bbox 1805 2552 1979 2608; x_wconf 84' lang='grc' dir='ltr'>πρατ-</span> 
     </span>
    </p>
   </div>
   <div class='ocr_carea' id='block_1_44' title="bbox 403 2628 1979 2709">
    <p class='ocr_par' dir='ltr' id='par_1_44' title="bbox 403 2628 1979 2709">
     <span class='ocr_line' id='line_1_44' title="bbox 403 2628 1979 2709; baseline -0.007 -17"><span class='ocrx_word' id='word_1_304' title='bbox 403 2640 648 2707; x_wconf 74' lang='grc' dir='ltr'>τομένων</span> <span class='ocrx_word' id='word_1_305' title='bbox 677 2637 838 2691; x_wconf 81' lang='grc' dir='ltr'>ἕνεκα</span> <span class='ocrx_word' id='word_1_306' title='bbox 866 2634 1091 2709; x_wconf 84' lang='grc' dir='ltr'>μισθούς</span> <span class='ocrx_word' id='word_1_307' title='bbox 1137 2650 1289 2697; x_wconf 88' lang='grc' dir='ltr'>τινας</span> <span class='ocrx_word' id='word_1_308' title='bbox 1315 2630 1584 2702; x_wconf 79' lang='grc' dir='ltr'>λήψεσθαι</span> <span class='ocrx_word' id='word_1_309' title='bbox 1611 2672 1624 2686; x_wconf 94' lang='grc'><strong><em>.</em></strong></span> <span class='ocrx_word' id='word_1_310' title='bbox 1666 2630 1827 2700; x_wconf 76' lang='grc' dir='ltr'>Ὑμῖν</span> <span class='ocrx_word' id='word_1_311' title='bbox 1854 2629 1901 2683; x_wconf 75' lang='grc' dir='ltr'>δ’</span> <span class='ocrx_word' id='word_1_312' title='bbox 1931 2628 1979 2681; x_wconf 79' lang='grc' dir='ltr'><strong>εί</strong></span> 
     </span>
    </p>
   </div>
   <div class='ocr_carea' id='block_1_45' title="bbox 405 2719 1981 2802">
    <p class='ocr_par' dir='ltr' id='par_1_45' title="bbox 405 2719 1981 2802">
     <span class='ocr_line' id='line_1_45' title="bbox 405 2719 1981 2802; baseline -0.01 -16"><span class='ocrx_word' id='word_1_313' title='bbox 405 2734 495 2786; x_wconf 72' lang='grc' dir='ltr'><strong>καὶ</strong></span> <span class='ocrx_word' id='word_1_314' title='bbox 530 2730 773 2802; x_wconf 77' lang='grc' dir='ltr'>μηδεμία</span> <span class='ocrx_word' id='word_1_315' title='bbox 818 2727 1041 2798; x_wconf 81' lang='grc' dir='ltr'>τοιαύτη</span> <span class='ocrx_word' id='word_1_316' title='bbox 1063 2725 1279 2788; x_wconf 80' lang='grc' dir='ltr'>σύνοδος</span> <span class='ocrx_word' id='word_1_317' title='bbox 1327 2720 1417 2795; x_wconf 81' lang='grc' dir='ltr'>ἦν,</span> <span class='ocrx_word' id='word_1_318' title='bbox 1451 2722 1589 2791; x_wconf 76' lang='grc' dir='ltr'>πρὸς</span> <span class='ocrx_word' id='word_1_319' title='bbox 1626 2722 1691 2792; x_wconf 68' lang='grc' dir='ltr'>ἣν</span> <span class='ocrx_word' id='word_1_320' title='bbox 1721 2722 1830 2774; x_wconf 83' lang='grc' dir='ltr'>ἔδει</span> <span class='ocrx_word' id='word_1_321' title='bbox 1860 2719 1981 2790; x_wconf 64' lang='lat' dir='ltr'><strong>pte.</strong></span> 
     </span>
    </p>
   </div>
   <div class='ocr_carea' id='block_1_46' title="bbox 405 2812 1981 2889">
    <p class='ocr_par' dir='ltr' id='par_1_46' title="bbox 405 2812 1981 2889">
     <span class='ocr_line' id='line_1_46' title="bbox 405 2812 1981 2889; baseline -0.007 -14"><span class='ocrx_word' id='word_1_322' title='bbox 405 2838 602 2884; x_wconf 82' lang='grc' dir='ltr'>ποντας</span> <span class='ocrx_word' id='word_1_323' title='bbox 634 2816 958 2889; x_wconf 71' lang='grc' dir='ltr'>κατορθοῦν,</span> <span class='ocrx_word' id='word_1_324' title='bbox 1014 2816 1226 2870; x_wconf 76' lang='grc' dir='ltr'>οἴκοθεν</span> <span class='ocrx_word' id='word_1_325' title='bbox 1255 2815 1438 2886; x_wconf 81' lang='grc' dir='ltr'>εὑρεῖν</span> <span class='ocrx_word' id='word_1_326' title='bbox 1465 2814 1527 2867; x_wconf 84' lang='grc' dir='ltr'><strong>τὸ</strong></span> <span class='ocrx_word' id='word_1_327' title='bbox 1557 2814 1770 2883; x_wconf 77' lang='grc' dir='ltr'>πρέπον</span> <span class='ocrx_word' id='word_1_328' title='bbox 1803 2812 1981 2883; x_wconf 69' lang='grc' dir='ltr'>ῆρμου</span> 
     </span>
    </p>
   </div>
   <div class='ocr_carea' id='block_1_47' title="bbox 405 2905 1980 2981">
    <p class='ocr_par' dir='ltr' id='par_1_47' title="bbox 405 2905 1980 2981">
     <span class='ocr_line' id='line_1_47' title="bbox 405 2905 1980 2981; baseline -0.006 -14"><span class='ocrx_word' id='word_1_329' title='bbox 405 2933 496 2967; x_wconf 76' lang='grc' dir='ltr'><strong>σεν</strong></span> <span class='ocrx_word' id='word_1_330' title='bbox 527 2916 612 2977; x_wconf 84' lang='grc' dir='ltr'>ἂν,</span> <span class='ocrx_word' id='word_1_331' title='bbox 644 2913 736 2967; x_wconf 70' lang='grc' dir='ltr'><strong>καὶ</strong></span> <span class='ocrx_word' id='word_1_332' title='bbox 789 2912 1137 2981; x_wconf 81' lang='grc' dir='ltr'>παράδειγμα</span> <span class='ocrx_word' id='word_1_333' title='bbox 1178 2911 1272 2963; x_wconf 56' lang='grc' dir='ltr'><strong>καὶ⁸</strong></span> <span class='ocrx_word' id='word_1_334' title='bbox 1317 2907 1491 2962; x_wconf 86' lang='grc' dir='ltr'>τύπον</span> <span class='ocrx_word' id='word_1_335' title='bbox 1543 2907 1732 2969; x_wconf 76' lang='grc' dir='ltr'>ἄλλαις</span> <span class='ocrx_word' id='word_1_336' title='bbox 1763 2905 1980 2960; x_wconf 70' lang='grc' dir='ltr'>ἱστάναι</span> 
     </span>
    </p>
   </div>
   <div class='ocr_carea' id='block_1_48' title="bbox 403 2998 1981 3072">
    <p class='ocr_par' dir='ltr' id='par_1_48' title="bbox 403 2998 1981 3072">
     <span class='ocr_line' id='line_1_48' title="bbox 403 2998 1981 3072; baseline -0.003 -17"><span class='ocrx_word' id='word_1_337' title='bbox 403 3009 519 3067; x_wconf 68' lang='grc' dir='ltr'>ταῖς</span> <span class='ocrx_word' id='word_1_338' title='bbox 547 3007 677 3067; x_wconf 80' lang='grc' dir='ltr'>ἴσως</span> <span class='ocrx_word' id='word_1_339' title='bbox 710 3002 849 3072; x_wconf 80' lang='grc' dir='ltr'>μετὰ</span> <span class='ocrx_word' id='word_1_340' title='bbox 874 3000 1047 3055; x_wconf 80' lang='grc' dir='ltr'>ταῦτα</span> <span class='ocrx_word' id='word_1_341' title='bbox 1072 3000 1506 3072; x_wconf 76' lang='grc' dir='ltr'>γενησομέναις,</span> <span class='ocrx_word' id='word_1_342' title='bbox 1541 2999 1706 3070; x_wconf 79' lang='grc' dir='ltr'>σοφίᾳ</span> <span class='ocrx_word' id='word_1_343' title='bbox 1746 2998 1847 3064; x_wconf 74' lang='grc' dir='ltr'>μὲν</span> <span class='ocrx_word' id='word_1_344' title='bbox 1882 2998 1981 3050; x_wconf 87' lang='grc' dir='ltr'>οὑ-</span> 
     </span>
    </p>
   </div>
   <div class='ocr_carea' id='block_1_49' title="bbox 402 3088 1985 3165">
    <p class='ocr_par' dir='ltr' id='par_1_49' title="bbox 402 3088 1985 3165">
     <span class='ocr_line' id='line_1_49' title="bbox 402 3088 1985 3165; baseline -0.004 -16"><span class='ocrx_word' id='word_1_345' title='bbox 402 3101 593 3165; x_wconf 68' lang='grc' dir='ltr'>δεμιας</span> <span class='ocrx_word' id='word_1_346' title='bbox 618 3096 840 3149; x_wconf 78' lang='grc' dir='ltr'>ἐκείνων</span> <span class='ocrx_word' id='word_1_347' title='bbox 869 3093 1088 3149; x_wconf 80' lang='grc' dir='ltr'>ἔλαττον</span> <span class='ocrx_word' id='word_1_348' title='bbox 1115 3091 1358 3163; x_wconf 77' lang='grc' dir='ltr'>ἔχουσιν,</span> <span class='ocrx_word' id='word_1_349' title='bbox 1387 3091 1558 3163; x_wconf 80' lang='grc' dir='ltr'>ἀρετῇ</span> <span class='ocrx_word' id='word_1_350' title='bbox 1592 3090 1652 3144; x_wconf 85' lang='grc' dir='ltr'>δὲ</span> <span class='ocrx_word' id='word_1_351' title='bbox 1689 3091 1850 3160; x_wconf 78' lang='grc' dir='ltr'>ὀλίγα</span> <span class='ocrx_word' id='word_1_352' title='bbox 1871 3088 1985 3143; x_wconf 81' lang='grc' dir='ltr'>λει-</span> 
     </span>
    </p>
   </div>
   <div class='ocr_carea' id='block_1_50' title="bbox 2077 1988 3662 2056">
    <p class='ocr_par' dir='ltr' id='par_1_50' title="bbox 2077 1988 3662 2056">
     <span class='ocr_line' id='line_1_50' title="bbox 2077 1988 3662 2056; baseline 0 -17"><span class='ocrx_word' id='word_1_353' title='bbox 2077 2001 2175 2040; x_wconf 88' lang='lat' dir='ltr'><strong>nec</strong></span> <span class='ocrx_word' id='word_1_354' title='bbox 2207 2001 2503 2056; x_wconf 87' lang='lat' dir='ltr'><strong>pravorum</strong></span> <span class='ocrx_word' id='word_1_355' title='bbox 2551 1988 2836 2042; x_wconf 87' lang='lat' dir='ltr'><strong>hominum</strong></span> <span class='ocrx_word' id='word_1_356' title='bbox 2893 1989 3307 2053; x_wconf 82' lang='lat' dir='ltr'><strong>contentiones;</strong></span> <span class='ocrx_word' id='word_1_357' title='bbox 3372 2002 3482 2042; x_wconf 89' lang='lat' dir='ltr'><strong>non</strong></span> <span class='ocrx_word' id='word_1_358' title='bbox 3533 1998 3662 2043; x_wconf 88' lang='lat' dir='ltr'><strong>sunt</strong></span> 
     </span>
    </p>
   </div>
   <div class='ocr_carea' id='block_1_51' title="bbox 2075 2077 3659 2149">
    <p class='ocr_par' dir='ltr' id='par_1_51' title="bbox 2075 2077 3659 2149">
     <span class='ocr_line' id='line_1_51' title="bbox 2075 2077 3659 2149; baseline -0.002 -18"><span class='ocrx_word' id='word_1_359' title='bbox 2075 2093 2208 2133; x_wconf 90' lang='lat' dir='ltr'><strong>vero</strong></span> <span class='ocrx_word' id='word_1_360' title='bbox 2231 2081 2377 2148; x_wconf 84' lang='lat' dir='ltr'><strong>passi</strong></span> <span class='ocrx_word' id='word_1_361' title='bbox 2413 2077 2519 2134; x_wconf 86' lang='lat' dir='ltr'><strong>alia</strong></span> <span class='ocrx_word' id='word_1_362' title='bbox 2560 2079 2670 2136; x_wconf 85' lang='lat' dir='ltr'><strong>via.</strong></span> <span class='ocrx_word' id='word_1_363' title='bbox 2701 2093 2826 2134; x_wconf 89' lang='lat' dir='ltr'><strong>cum</strong></span> <span class='ocrx_word' id='word_1_364' title='bbox 2884 2087 3135 2148; x_wconf 81' lang='lat' dir='ltr'><strong>possent,</strong></span> <span class='ocrx_word' id='word_1_365' title='bbox 3168 2093 3352 2147; x_wconf 82' lang='lat' dir='ltr'><strong>pacem</strong></span> <span class='ocrx_word' id='word_1_366' title='bbox 3379 2088 3659 2149; x_wconf 73' lang='lat' dir='ltr'><strong>utcunque</strong></span> 
     </span>
    </p>
   </div>
   <div class='ocr_carea' id='block_1_52' title="bbox 2076 2170 3653 2240">
    <p class='ocr_par' dir='ltr' id='par_1_52' title="bbox 2076 2170 3653 2240">
     <span class='ocr_line' id='line_1_52' title="bbox 2076 2170 3653 2240; baseline 0.003 -18"><span class='ocrx_word' id='word_1_367' title='bbox 2076 2170 2327 2240; x_wconf 78' lang='lat' dir='ltr'><strong>componi</strong></span> <span class='ocrx_word' id='word_1_368' title='bbox 2352 2186 2369 2237; x_wconf 88' lang='lat'><strong>;</strong></span> <span class='ocrx_word' id='word_1_369' title='bbox 2402 2171 2648 2227; x_wconf 83' lang='lat' dir='ltr'><strong>sciebant</strong></span> <span class='ocrx_word' id='word_1_370' title='bbox 2678 2172 2823 2226; x_wconf 83' lang='lat' dir='ltr'><strong>enim</strong></span> <span class='ocrx_word' id='word_1_371' title='bbox 2843 2170 2894 2227; x_wconf 88' lang='lat' dir='ltr'><strong>id</strong></span> <span class='ocrx_word' id='word_1_372' title='bbox 2924 2187 3028 2227; x_wconf 89' lang='lat' dir='ltr'><strong>nec</strong></span> <span class='ocrx_word' id='word_1_373' title='bbox 3058 2172 3503 2238; x_wconf 79' lang='lat' dir='ltr'><strong>sibiconvenire,</strong></span> <span class='ocrx_word' id='word_1_374' title='bbox 3551 2190 3653 2228; x_wconf 80' lang='lat' dir='ltr'><strong>nec</strong></span> 
     </span>
    </p>
   </div>
   <div class='ocr_carea' id='block_1_53' title="bbox 2079 2262 3658 2337">
    <p class='ocr_par' dir='ltr' id='par_1_53' title="bbox 2079 2262 3658 2337">
     <span class='ocr_line' id='line_1_53' title="bbox 2079 2262 3658 2337; baseline 0.003 -22"><span class='ocrx_word' id='word_1_375' title='bbox 2079 2262 2328 2332; x_wconf 83' lang='lat' dir='ltr'><strong>Spiritui,</strong></span> <span class='ocrx_word' id='word_1_376' title='bbox 2366 2278 2476 2334; x_wconf 82' lang='lat' dir='ltr'><strong>quo</strong></span> <span class='ocrx_word' id='word_1_377' title='bbox 2501 2267 2566 2317; x_wconf 85' lang='lat' dir='ltr'><strong>ad</strong></span> <span class='ocrx_word' id='word_1_378' title='bbox 2603 2264 2692 2318; x_wconf 86' lang='lat' dir='ltr'><strong>illa</strong></span> <span class='ocrx_word' id='word_1_379' title='bbox 2724 2264 3105 2330; x_wconf 81' lang='lat' dir='ltr'><strong>movebantur,</strong></span> <span class='ocrx_word' id='word_1_380' title='bbox 3164 2273 3218 2320; x_wconf 87' lang='lat' dir='ltr'><strong>et</strong></span> <span class='ocrx_word' id='word_1_381' title='bbox 3245 2280 3406 2337; x_wconf 73' lang='lat' dir='ltr'><strong>paena</strong></span> <span class='ocrx_word' id='word_1_382' title='bbox 3451 2281 3511 2323; x_wconf 87' lang='lat' dir='ltr'><strong>se</strong></span> <span class='ocrx_word' id='word_1_383' title='bbox 3553 2282 3658 2337; x_wconf 83' lang='lat' dir='ltr'><strong>pu-</strong></span> 
     </span>
    </p>
   </div>
   <div class='ocr_carea' id='block_1_54' title="bbox 2081 2357 3654 2430">
    <p class='ocr_par' dir='ltr' id='par_1_54' title="bbox 2081 2357 3654 2430">
     <span class='ocr_line' id='line_1_54' title="bbox 2081 2357 3654 2430; baseline 0.004 -20"><span class='ocrx_word' id='word_1_384' title='bbox 2081 2357 2191 2411; x_wconf 90' lang='lat' dir='ltr'><strong>tins</strong></span> <span class='ocrx_word' id='word_1_385' title='bbox 2238 2358 2554 2413; x_wconf 82' lang='lat' dir='ltr'><strong>multandos</strong></span> <span class='ocrx_word' id='word_1_386' title='bbox 2613 2357 2955 2429; x_wconf 79' lang='lat' dir='ltr'><strong>judicabant,</strong></span> <span class='ocrx_word' id='word_1_387' title='bbox 3003 2359 3046 2415; x_wconf 92' lang='lat' dir='ltr'><strong>si</strong></span> <span class='ocrx_word' id='word_1_388' title='bbox 3090 2374 3218 2430; x_wconf 79' lang='lat' dir='ltr'><strong>qtne</strong></span> <span class='ocrx_word' id='word_1_389' title='bbox 3272 2369 3496 2430; x_wconf 88' lang='lat' dir='ltr'><strong>possent</strong></span> <span class='ocrx_word' id='word_1_390' title='bbox 3530 2376 3654 2416; x_wconf 81' lang='lat' dir='ltr'><strong>cum</strong></span> 
     </span>
    </p>
   </div>
   <div class='ocr_carea' id='block_1_55' title="bbox 2079 2448 3664 2523">
    <p class='ocr_par' dir='ltr' id='par_1_55' title="bbox 2079 2448 3664 2523">
     <span class='ocr_line' id='line_1_55' title="bbox 2079 2448 3664 2523; baseline 0.004 -22"><span class='ocrx_word' id='word_1_391' title='bbox 2079 2448 2274 2505; x_wconf 70' lang='lat' dir='ltr'><strong>labore.</strong></span> <span class='ocrx_word' id='word_1_392' title='bbox 2302 2448 2596 2515; x_wconf 81' lang='lat' dir='ltr'><strong>perﬁcere,</strong></span> <span class='ocrx_word' id='word_1_393' title='bbox 2648 2449 3038 2520; x_wconf 75' lang='lat' dir='ltr'><strong>neglexissent,</strong></span> <span class='ocrx_word' id='word_1_394' title='bbox 3089 2466 3253 2522; x_wconf 87' lang='lat' dir='ltr'><strong>quam</strong></span> <span class='ocrx_word' id='word_1_395' title='bbox 3319 2452 3503 2523; x_wconf 67' lang='lat' dir='ltr'><strong>aliquo</strong></span> <span class='ocrx_word' id='word_1_396' title='bbox 3549 2452 3664 2507; x_wconf 80' lang='lat' dir='ltr'><strong>alli-</strong></span> 
     </span>
    </p>
   </div>
   <div class='ocr_carea' id='block_1_56' title="bbox 2078 2542 3662 2617">
    <p class='ocr_par' dir='ltr' id='par_1_56' title="bbox 2078 2542 3662 2617">
     <span class='ocr_line' id='line_1_56' title="bbox 2078 2542 3662 2617; baseline 0.003 -20"><span class='ocrx_word' id='word_1_397' title='bbox 2078 2542 2303 2598; x_wconf 73' lang='lat' dir='ltr'><strong>ciendos</strong></span> <span class='ocrx_word' id='word_1_398' title='bbox 2329 2543 2573 2613; x_wconf 85' lang='lat' dir='ltr'><strong>praemio.</strong></span> <span class='ocrx_word' id='word_1_399' title='bbox 2600 2546 2648 2598; x_wconf 87' lang='lat' dir='ltr'><strong>si</strong></span> <span class='ocrx_word' id='word_1_400' title='bbox 2682 2559 2770 2599; x_wconf 85' lang='lat' dir='ltr'><strong>res</strong></span> <span class='ocrx_word' id='word_1_401' title='bbox 2818 2544 3008 2600; x_wconf 84' lang='lat' dir='ltr'><strong>leviter</strong></span> <span class='ocrx_word' id='word_1_402' title='bbox 3033 2554 3085 2599; x_wconf 89' lang='lat' dir='ltr'><strong>et</strong></span> <span class='ocrx_word' id='word_1_403' title='bbox 3117 2544 3491 2616; x_wconf 81' lang='lat' dir='ltr'><strong>perfunctorie</strong></span> <span class='ocrx_word' id='word_1_404' title='bbox 3537 2548 3662 2617; x_wconf 78' lang='lat' dir='ltr'><strong>ges‘-</strong></span> 
     </span>
    </p>
   </div>
   <div class='ocr_carea' id='block_1_57' title="bbox 2080 2635 3658 2710">
    <p class='ocr_par' dir='ltr' id='par_1_57' title="bbox 2080 2635 3658 2710">
     <span class='ocr_line' id='line_1_57' title="bbox 2080 2635 3658 2710; baseline 0.001 -19"><span class='ocrx_word' id='word_1_405' title='bbox 2080 2636 2303 2691; x_wconf 82' lang='lat' dir='ltr'><strong>sissent.</strong></span> <span class='ocrx_word' id='word_1_406' title='bbox 2331 2635 2600 2691; x_wconf 62' lang='lat' dir='ltr'><strong>Creterum</strong></span> <span class='ocrx_word' id='word_1_407' title='bbox 2635 2637 2813 2699; x_wconf 87' lang='lat' dir='ltr'><strong>vobis,</strong></span> <span class='ocrx_word' id='word_1_408' title='bbox 2846 2636 2973 2693; x_wconf 84' lang='lat' dir='ltr'><strong>licet</strong></span> <span class='ocrx_word' id='word_1_409' title='bbox 3032 2638 3180 2694; x_wconf 86' lang='lat' dir='ltr'><strong>nulla</strong></span> <span class='ocrx_word' id='word_1_410' title='bbox 3227 2638 3357 2695; x_wconf 83' lang='lat' dir='ltr'><strong>talis</strong></span> <span class='ocrx_word' id='word_1_411' title='bbox 3418 2654 3658 2710; x_wconf 68' lang='lat' dir='ltr'><strong>prmces-</strong></span> 
     </span>
    </p>
   </div>
   <div class='ocr_carea' id='block_1_58' title="bbox 2078 2727 3661 2802">
    <p class='ocr_par' dir='ltr' id='par_1_58' title="bbox 2078 2727 3661 2802">
     <span class='ocr_line' id='line_1_58' title="bbox 2078 2727 3661 2802; baseline 0.001 -19"><span class='ocrx_word' id='word_1_412' title='bbox 2078 2727 2248 2783; x_wconf 89' lang='lat' dir='ltr'><strong>sisset</strong></span> <span class='ocrx_word' id='word_1_413' title='bbox 2269 2729 2536 2798; x_wconf 77' lang='lat' dir='ltr'><strong>synodus,</strong></span> <span class='ocrx_word' id='word_1_414' title='bbox 2572 2728 2647 2784; x_wconf 83' lang='lat' dir='ltr'><strong>ad</strong></span> <span class='ocrx_word' id='word_1_415' title='bbox 2678 2728 2838 2800; x_wconf 78' lang='lat' dir='ltr'><strong>cujus</strong></span> <span class='ocrx_word' id='word_1_416' title='bbox 2863 2730 3173 2802; x_wconf 83' lang='lat' dir='ltr'><strong>exemplum</strong></span> <span class='ocrx_word' id='word_1_417' title='bbox 3218 2747 3311 2789; x_wconf 88' lang='lat' dir='ltr'><strong>res</strong></span> <span class='ocrx_word' id='word_1_418' title='bbox 3368 2741 3495 2802; x_wconf 89' lang='lat' dir='ltr'><strong>apte</strong></span> <span class='ocrx_word' id='word_1_419' title='bbox 3547 2732 3661 2787; x_wconf 83' lang='lat' dir='ltr'><strong>ﬁeri</strong></span> 
     </span>
    </p>
   </div>
   <div class='ocr_carea' id='block_1_59' title="bbox 2079 2820 3665 2895">
    <p class='ocr_par' dir='ltr' id='par_1_59' title="bbox 2079 2820 3665 2895">
     <span class='ocr_line' id='line_1_59' title="bbox 2079 2820 3665 2895; baseline 0.001 -18"><span class='ocrx_word' id='word_1_420' title='bbox 2079 2820 2368 2889; x_wconf 74' lang='lat' dir='ltr'><strong>deberent,</strong></span> <span class='ocrx_word' id='word_1_421' title='bbox 2436 2836 2501 2877; x_wconf 80' lang='lat' dir='ltr'><strong>ex</strong></span> <span class='ocrx_word' id='word_1_422' title='bbox 2569 2821 2724 2879; x_wconf 87' lang='lat' dir='ltr'><strong>vobis</strong></span> <span class='ocrx_word' id='word_1_423' title='bbox 2762 2823 2897 2893; x_wconf 87' lang='lat' dir='ltr'><strong>ipsis</strong></span> <span class='ocrx_word' id='word_1_424' title='bbox 2970 2834 3301 2895; x_wconf 77' lang='lat' dir='ltr'><strong>congrueret</strong></span> <span class='ocrx_word' id='word_1_425' title='bbox 3344 2825 3665 2882; x_wconf 71' lang='lat' dir='ltr'><strong>adinvcnire</strong></span> 
     </span>
    </p>
   </div>
   <div class='ocr_carea' id='block_1_60' title="bbox 2081 2913 3662 2984">
    <p class='ocr_par' dir='ltr' id='par_1_60' title="bbox 2081 2913 3662 2984">
     <span class='ocr_line' id='line_1_60' title="bbox 2081 2913 3662 2984; baseline 0.002 -16"><span class='ocrx_word' id='word_1_426' title='bbox 2081 2914 2228 2984; x_wconf 83' lang='lat' dir='ltr'><strong>quod</strong></span> <span class='ocrx_word' id='word_1_427' title='bbox 2254 2913 2497 2979; x_wconf 83' lang='lat' dir='ltr'><strong>deceret,</strong></span> <span class='ocrx_word' id='word_1_428' title='bbox 2529 2921 2591 2968; x_wconf 90' lang='lat' dir='ltr'><strong>ut</strong></span> <span class='ocrx_word' id='word_1_429' title='bbox 2617 2914 2900 2984; x_wconf 81' lang='lat' dir='ltr'><strong>exemplar</strong></span> <span class='ocrx_word' id='word_1_430' title='bbox 2945 2923 3002 2970; x_wconf 88' lang='lat' dir='ltr'><strong>et</strong></span> <span class='ocrx_word' id='word_1_431' title='bbox 3050 2930 3244 2972; x_wconf 82' lang='lat' dir='ltr'><strong>norma</strong></span> <span class='ocrx_word' id='word_1_432' title='bbox 3276 2916 3476 2973; x_wconf 85' lang='lat' dir='ltr'><strong>essetis</strong></span> <span class='ocrx_word' id='word_1_433' title='bbox 3518 2916 3662 2977; x_wconf 79' lang='lat' dir='ltr'><strong>aliis.</strong></span> 
     </span>
    </p>
   </div>
   <div class='ocr_carea' id='block_1_61' title="bbox 2081 3006 3666 3077">
    <p class='ocr_par' dir='ltr' id='par_1_61' title="bbox 2081 3006 3666 3077">
     <span class='ocr_line' id='line_1_61' title="bbox 2081 3006 3666 3077; baseline 0.001 -15"><span class='ocrx_word' id='word_1_434' title='bbox 2081 3021 2204 3077; x_wconf 67' lang='lat' dir='ltr'><strong>quae</strong></span> <span class='ocrx_word' id='word_1_435' title='bbox 2234 3016 2425 3076; x_wconf 87' lang='lat' dir='ltr'><strong>postea</strong></span> <span class='ocrx_word' id='word_1_436' title='bbox 2455 3006 2686 3063; x_wconf 76' lang='lat' dir='ltr'><strong>fortasse</strong></span> <span class='ocrx_word' id='word_1_437' title='bbox 2720 3007 2872 3074; x_wconf 81' lang='lat' dir='ltr'><strong>ﬂent,</strong></span> <span class='ocrx_word' id='word_1_438' title='bbox 2900 3023 3024 3063; x_wconf 90' lang='lat' dir='ltr'><strong>cum</strong></span> <span class='ocrx_word' id='word_1_439' title='bbox 3066 3009 3123 3065; x_wconf 85' lang='lat' dir='ltr'><strong>in</strong></span> <span class='ocrx_word' id='word_1_440' title='bbox 3156 3011 3310 3065; x_wconf 90' lang='lat' dir='ltr'><strong>vobis</strong></span> <span class='ocrx_word' id='word_1_441' title='bbox 3360 3010 3506 3067; x_wconf 89' lang='lat' dir='ltr'><strong>haud</strong></span> <span class='ocrx_word' id='word_1_442' title='bbox 3561 3013 3666 3066; x_wconf 34' lang='lat' dir='ltr'><strong>mi,</strong></span> 
     </span>
    </p>
   </div>
   <div class='ocr_carea' id='block_1_62' title="bbox 2079 3086 3668 3172">
    <p class='ocr_par' dir='ltr' id='par_1_62' title="bbox 2079 3086 3668 3172">
     <span class='ocr_line' id='line_1_62' title="bbox 2079 3086 3668 3172; baseline 0.002 -17"><span class='ocrx_word' id='word_1_443' title='bbox 2079 3086 2187 3155; x_wconf 80' lang='lat' dir='ltr'><strong>nor</strong></span> <span class='ocrx_word' id='word_1_444' title='bbox 2209 3100 2340 3155; x_wconf 87' lang='lat' dir='ltr'><strong>insit</strong></span> <span class='ocrx_word' id='word_1_445' title='bbox 2366 3115 2532 3170; x_wconf 86' lang='lat' dir='ltr'><strong>quam</strong></span> <span class='ocrx_word' id='word_1_446' title='bbox 2575 3100 2749 3156; x_wconf 78' lang='lat' dir='ltr'><strong>cuivis</strong></span> <span class='ocrx_word' id='word_1_447' title='bbox 2775 3100 2991 3156; x_wconf 89' lang='lat' dir='ltr'><strong>illarum</strong></span> <span class='ocrx_word' id='word_1_448' title='bbox 3021 3103 3246 3158; x_wconf 79' lang='lat' dir='ltr'><strong>scientia</strong></span> <span class='ocrx_word' id='word_1_449' title='bbox 3274 3121 3288 3172; x_wconf 88' lang='lat'><strong>;</strong></span> <span class='ocrx_word' id='word_1_450' title='bbox 3322 3105 3521 3160; x_wconf 89' lang='lat' dir='ltr'><strong>virtute</strong></span> <span class='ocrx_word' id='word_1_451' title='bbox 3568 3121 3668 3160; x_wconf 85' lang='lat' dir='ltr'><strong>au-</strong></span> 
     </span>
    </p>
   </div>
   <div class='ocr_carea' id='block_1_63' title="bbox 407 3184 1979 3290">
    <p class='ocr_par' dir='ltr' id='par_1_63' title="bbox 407 3184 1979 3260">
     <span class='ocr_line' id='line_1_63' title="bbox 407 3184 1979 3260; baseline -0.004 -15"><span class='ocrx_word' id='word_1_452' title='bbox 407 3192 662 3260; x_wconf 68' lang='lat' dir='ltr'><strong>uopéwt:</strong></span> <span class='ocrx_word' id='word_1_453' title='bbox 692 3188 952 3256; x_wconf 79' lang='grc' dir='ltr'>ἑκάστης,</span> <span class='ocrx_word' id='word_1_454' title='bbox 992 3185 1070 3255; x_wconf 82' lang='grc' dir='ltr'><strong>τῷ</strong></span> <span class='ocrx_word' id='word_1_455' title='bbox 1098 3185 1155 3238; x_wconf 73' lang='grc' dir='ltr'>δὲ</span> <span class='ocrx_word' id='word_1_456' title='bbox 1201 3185 1400 3255; x_wconf 73' lang='grc' dir='ltr'>πλήθει</span> <span class='ocrx_word' id='word_1_457' title='bbox 1429 3185 1523 3237; x_wconf 76' lang='grc' dir='ltr'><strong>καὶ</strong></span> <span class='ocrx_word' id='word_1_458' title='bbox 1553 3184 1760 3255; x_wconf 59' lang='grc' dir='ltr'>σφόδρα</span> <span class='ocrx_word' id='word_1_459' title='bbox 1789 3184 1979 3238; x_wconf 82' lang='grc' dir='ltr'>πασῶν</span> 
     </span>
    </p>
   </div>
   <div class='ocr_carea' id='block_1_64' title="bbox 2083 3184 3664 3290">
    <p class='ocr_par' dir='ltr' id='par_1_64' title="bbox 2084 3191 3664 3265">
     <span class='ocr_line' id='line_1_64' title="bbox 2084 3191 3664 3265; baseline 0.003 -19"><span class='ocrx_word' id='word_1_460' title='bbox 2084 3201 2194 3247; x_wconf 89' lang='lat' dir='ltr'><strong>tem</strong></span> <span class='ocrx_word' id='word_1_461' title='bbox 2224 3206 2336 3246; x_wconf 88' lang='lat' dir='ltr'><strong>non</strong></span> <span class='ocrx_word' id='word_1_462' title='bbox 2364 3191 2538 3247; x_wconf 91' lang='lat' dir='ltr'><strong>multo</strong></span> <span class='ocrx_word' id='word_1_463' title='bbox 2569 3193 2813 3248; x_wconf 87' lang='lat' dir='ltr'><strong>minores</strong></span> <span class='ocrx_word' id='word_1_464' title='bbox 2852 3208 3185 3265; x_wconf 86' lang='lat' dir='ltr'><strong>unaquaque</strong></span> <span class='ocrx_word' id='word_1_465' title='bbox 3234 3195 3379 3260; x_wconf 91' lang='lat' dir='ltr'><strong>sitis,</strong></span> <span class='ocrx_word' id='word_1_466' title='bbox 3416 3197 3664 3252; x_wconf 88' lang='lat' dir='ltr'><strong>multitu-</strong></span> 
     </span>
    </p>
   </div>
   <div class='ocr_carea' id='block_1_65' title="bbox 402 3276 1977 3352">
    <p class='ocr_par' dir='ltr' id='par_1_65' title="bbox 402 3276 1977 3352">
     <span class='ocr_line' id='line_1_65' title="bbox 402 3276 1977 3352; baseline -0.005 -14"><span class='ocrx_word' id='word_1_467' title='bbox 402 3284 537 3351; x_wconf 80' lang='grc' dir='ltr'>ὁμοῦ</span> <span class='ocrx_word' id='word_1_468' title='bbox 566 3282 934 3352; x_wconf 79' lang='grc' dir='ltr'>διαφέρουσιν.</span> <span class='ocrx_word' id='word_1_469' title='bbox 970 3279 1147 3333; x_wconf 82' lang='grc' dir='ltr'>Ὅπου</span> <span class='ocrx_word' id='word_1_470' title='bbox 1177 3277 1233 3330; x_wconf 76' lang='grc' dir='ltr'>δὲ</span> <span class='ocrx_word' id='word_1_471' title='bbox 1273 3277 1550 3340; x_wconf 81' lang='grc' dir='ltr'>τοσούτοις</span> <span class='ocrx_word' id='word_1_472' title='bbox 1595 3276 1977 3348; x_wconf 81' lang='grc' dir='ltr'>παραδείγμα-</span> 
     </span>
    </p>
   </div>
   <div class='ocr_carea' id='block_1_66' title="bbox 405 3369 1978 3446">
    <p class='ocr_par' dir='ltr' id='par_1_66' title="bbox 405 3369 1978 3446">
     <span class='ocr_line' id='line_1_66' title="bbox 405 3369 1978 3446; baseline -0.004 -17"><span class='ocrx_word' id='word_1_473' title='bbox 405 3397 487 3429; x_wconf 82' lang='grc' dir='ltr'><strong>σιν</strong></span> <span class='ocrx_word' id='word_1_474' title='bbox 521 3377 716 3446; x_wconf 48' lang='grc' dir='ltr'>ἔχομεν</span> <span class='ocrx_word' id='word_1_475' title='bbox 737 3372 973 3445; x_wconf 83' lang='grc' dir='ltr'>χρῆσθαι</span> <span class='ocrx_word' id='word_1_476' title='bbox 999 3373 1097 3424; x_wconf 74' lang='grc' dir='ltr'><strong>καὶ</strong></span> <span class='ocrx_word' id='word_1_477' title='bbox 1124 3369 1269 3424; x_wconf 73' lang='grc' dir='ltr'>οὕτω</span> <span class='ocrx_word' id='word_1_478' title='bbox 1309 3369 1518 3437; x_wconf 82' lang='grc' dir='ltr'>καλοῖς,</span> <span class='ocrx_word' id='word_1_479' title='bbox 1553 3370 1678 3423; x_wconf 78' lang='grc' dir='ltr'>οὐδὲ</span> <span class='ocrx_word' id='word_1_480' title='bbox 1713 3369 1978 3439; x_wconf 70' lang='grc' dir='ltr'>βουλομέ-</span> 
     </span>
    </p>
   </div>
   <div class='ocr_carea' id='block_1_67' title="bbox 402 3460 1978 3535">
    <p class='ocr_par' dir='ltr' id='par_1_67' title="bbox 402 3460 1978 3535">
     <span class='ocr_line' id='line_1_67' title="bbox 402 3460 1978 3535; baseline -0.011 -12"><span class='ocrx_word' id='word_1_481' title='bbox 402 3487 513 3531; x_wconf 86' lang='grc' dir='ltr'>νοις</span> <span class='ocrx_word' id='word_1_482' title='bbox 534 3468 710 3533; x_wconf 67' lang='grc' dir='ltr'>ἔξεστι</span> <span class='ocrx_word' id='word_1_483' title='bbox 752 3466 1036 3535; x_wconf 75' lang='grc' dir='ltr'>ῥᾳθυμεῖν,</span> <span class='ocrx_word' id='word_1_484' title='bbox 1073 3462 1179 3524; x_wconf 77' lang='grc' dir='ltr'><strong>ἕως</strong></span> <span class='ocrx_word' id='word_1_485' title='bbox 1214 3461 1280 3516; x_wconf 81' lang='grc' dir='ltr'><strong>ἂν</strong></span> <span class='ocrx_word' id='word_1_486' title='bbox 1315 3463 1451 3530; x_wconf 82' lang='grc' dir='ltr'>ἡμῖν</span> <span class='ocrx_word' id='word_1_487' title='bbox 1502 3460 1801 3533; x_wconf 77' lang='grc' dir='ltr'>προσήκειν</span> <span class='ocrx_word' id='word_1_488' title='bbox 1830 3463 1978 3533; x_wconf 53' lang='lat' dir='ltr'><strong>ind)-</strong></span> 
     </span>
    </p>
   </div>
   <div class='ocr_carea' id='block_1_68' title="bbox 407 3553 1979 3632">
    <p class='ocr_par' dir='ltr' id='par_1_68' title="bbox 407 3553 1979 3632">
     <span class='ocr_line' id='line_1_68' title="bbox 407 3553 1979 3632; baseline -0.006 -18"><span class='ocrx_word' id='word_1_489' title='bbox 407 3566 543 3632; x_wconf 80' lang='grc' dir='ltr'>μεθα</span> <span class='ocrx_word' id='word_1_490' title='bbox 564 3559 661 3622; x_wconf 77' lang='grc' dir='ltr'><strong>τὰς</strong></span> <span class='ocrx_word' id='word_1_491' title='bbox 691 3559 843 3629; x_wconf 77' lang='grc' dir='ltr'>παρὰ</span> <span class='ocrx_word' id='word_1_492' title='bbox 868 3554 963 3609; x_wconf 90' lang='grc' dir='ltr'><strong>τοῦ</strong></span> <span class='ocrx_word' id='word_1_493' title='bbox 988 3553 1125 3609; x_wconf 85' lang='grc' dir='ltr'>Θεοῦ</span> <span class='ocrx_word' id='word_1_494' title='bbox 1150 3554 1246 3608; x_wconf 77' lang='grc' dir='ltr'>καὶ</span> <span class='ocrx_word' id='word_1_495' title='bbox 1272 3554 1383 3606; x_wconf 80' lang='grc' dir='ltr'><strong>τῶν</strong></span> <span class='ocrx_word' id='word_1_496' title='bbox 1402 3553 1706 3622; x_wconf 79' lang='grc' dir='ltr'>ἀνθρώπων</span> <span class='ocrx_word' id='word_1_497' title='bbox 1735 3553 1979 3623; x_wconf 71' lang='grc' dir='ltr'>μέμψεις</span> 
     </span>
    </p>
   </div>
   <div class='ocr_carea' id='block_1_69' title="bbox 403 3643 1980 3726">
    <p class='ocr_par' dir='ltr' id='par_1_69' title="bbox 403 3643 1980 3726">
     <span class='ocr_line' id='line_1_69' title="bbox 403 3643 1980 3726; baseline -0.007 -17"><span class='ocrx_word' id='word_1_498' title='bbox 403 3653 792 3726; x_wconf 76' lang='grc' dir='ltr'>φυλάττεσθαι.</span> <span class='ocrx_word' id='word_1_499' title='bbox 824 3652 897 3706; x_wconf 81' lang='grc' dir='ltr'><strong>Οὑ</strong></span> <span class='ocrx_word' id='word_1_500' title='bbox 926 3651 1036 3720; x_wconf 79' lang='grc' dir='ltr'>γὰρ</span> <span class='ocrx_word' id='word_1_501' title='bbox 1063 3649 1237 3722; x_wconf 75' lang='grc' dir='ltr'>δήπου</span> <span class='ocrx_word' id='word_1_502' title='bbox 1267 3648 1392 3711; x_wconf 74' lang='grc' dir='ltr'>τοῦς</span> <span class='ocrx_word' id='word_1_503' title='bbox 1432 3647 1533 3717; x_wconf 85' lang='grc' dir='ltr'>μὲν</span> <span class='ocrx_word' id='word_1_504' title='bbox 1562 3645 1754 3709; x_wconf 79' lang='grc' dir='ltr'>ἄλλους</span> <span class='ocrx_word' id='word_1_505' title='bbox 1796 3643 1980 3699; x_wconf 76' lang='grc' dir='ltr'>ἃπαν-</span> 
     </span>
    </p>
   </div>
   <div class='ocr_carea' id='block_1_70' title="bbox 400 3738 1981 3815">
    <p class='ocr_par' dir='ltr' id='par_1_70' title="bbox 400 3738 1981 3815">
     <span class='ocr_line' id='line_1_70' title="bbox 400 3738 1981 3815; baseline -0.008 -13"><span class='ocrx_word' id='word_1_506' title='bbox 400 3765 497 3811; x_wconf 86' lang='grc' dir='ltr'><strong>τας</strong></span> <span class='ocrx_word' id='word_1_507' title='bbox 530 3751 587 3801; x_wconf 74' lang='grc' dir='ltr'>ὲν</span> <span class='ocrx_word' id='word_1_508' title='bbox 614 3741 696 3809; x_wconf 80' lang='grc' dir='ltr'>οἷς</span> <span class='ocrx_word' id='word_1_509' title='bbox 741 3745 1073 3815; x_wconf 75' lang='grc' dir='ltr'>πράττουσιν</span> <span class='ocrx_word' id='word_1_510' title='bbox 1129 3739 1439 3809; x_wconf 80' lang='grc' dir='ltr'>ἀξιώσομεν</span> <span class='ocrx_word' id='word_1_511' title='bbox 1471 3740 1599 3801; x_wconf 85' lang='grc' dir='ltr'>τοὺς</span> <span class='ocrx_word' id='word_1_512' title='bbox 1636 3740 1699 3792; x_wconf 77' lang='grc' dir='ltr'>ὲν</span> <span class='ocrx_word' id='word_1_513' title='bbox 1749 3738 1981 3801; x_wconf 74' lang='grc' dir='ltr'>ἐκείνοις</span> 
     </span>
    </p>
   </div>
   <div class='ocr_carea' id='block_1_71' title="bbox 400 3817 1981 3906">
    <p class='ocr_par' dir='ltr' id='par_1_71' title="bbox 400 3817 1981 3906">
     <span class='ocr_line' id='line_1_71' title="bbox 400 3817 1981 3906; baseline -0.008 -13"><span class='ocrx_word' id='word_1_514' title='bbox 400 3839 779 3906; x_wconf 77' lang='grc' dir='ltr'>διενεγκόντας</span> <span class='ocrx_word' id='word_1_515' title='bbox 824 3833 1043 3904; x_wconf 81' lang='grc' dir='ltr'>ζηλοῦν,</span> <span class='ocrx_word' id='word_1_516' title='bbox 1083 3831 1185 3887; x_wconf 80' lang='grc' dir='ltr'>κᾶν</span> <span class='ocrx_word' id='word_1_517' title='bbox 1214 3831 1288 3896; x_wconf 88' lang='grc' dir='ltr'>ὠς</span> <span class='ocrx_word' id='word_1_518' title='bbox 1320 3830 1532 3896; x_wconf 72' lang='grc' dir='ltr'>ἔξεστιν</span> <span class='ocrx_word' id='word_1_519' title='bbox 1551 3817 1765 3898; x_wconf 77' lang='grc' dir='ltr'>’ἄριστα</span> <span class='ocrx_word' id='word_1_520' title='bbox 1818 3828 1981 3882; x_wconf 85' lang='grc' dir='ltr'>τοῦτο</span> 
     </span>
    </p>
   </div>
   <div class='ocr_carea' id='block_1_72' title="bbox 407 3923 1984 3997">
    <p class='ocr_par' dir='ltr' id='par_1_72' title="bbox 407 3923 1984 3997">
     <span class='ocr_line' id='line_1_72' title="bbox 407 3923 1984 3997; baseline -0.009 -11"><span class='ocrx_word' id='word_1_521' title='bbox 407 3933 637 3986; x_wconf 85' lang='grc' dir='ltr'>ποιῶσιν</span> <span class='ocrx_word' id='word_1_522' title='bbox 671 3927 1282 3997; x_wconf 34' lang='grc' dir='ltr'>ἐπαινεσόμεθαίήέιεῖς</span> <span class='ocrx_word' id='word_1_523' title='bbox 1312 3924 1369 3977; x_wconf 82' lang='grc' dir='ltr'>δὲ</span> <span class='ocrx_word' id='word_1_524' title='bbox 1395 3923 1729 3993; x_wconf 80' lang='grc' dir='ltr'>τηλικούτων</span> <span class='ocrx_word' id='word_1_525' title='bbox 1778 3923 1984 3993; x_wconf 76' lang='grc' dir='ltr'>ἠμελη-</span> 
     </span>
    </p>
   </div>
   <div class='ocr_carea' id='block_1_73' title="bbox 409 4016 1982 4095">
    <p class='ocr_par' dir='ltr' id='par_1_73' title="bbox 409 4016 1982 4095">
     <span class='ocr_line' id='line_1_73' title="bbox 409 4016 1982 4095; baseline -0.008 -15"><span class='ocrx_word' id='word_1_526' title='bbox 409 4029 562 4088; x_wconf 73' lang='grc' dir='ltr'>κότες</span> <span class='ocrx_word' id='word_1_527' title='bbox 591 4022 956 4095; x_wconf 83' lang='grc' dir='ltr'>πραγμάτων,</span> <span class='ocrx_word' id='word_1_528' title='bbox 987 4021 1092 4087; x_wconf 66' lang='grc' dir='ltr'><strong>ἕξω</strong></span> <span class='ocrx_word' id='word_1_529' title='bbox 1121 4020 1305 4088; x_wconf 74' lang='grc' dir='ltr'>ψόγων</span> <span class='ocrx_word' id='word_1_530' title='bbox 1336 4016 1577 4086; x_wconf 72' lang='grc' dir='ltr'>ἐσόμεθα</span> <span class='ocrx_word' id='word_1_531' title='bbox 1600 4034 1614 4049; x_wconf 76' lang='grc' dir='ltr'><strong><em>ο</em></strong></span> <span class='ocrx_word' id='word_1_532' title='bbox 1640 4018 1700 4069; x_wconf 76' lang='grc' dir='ltr'>τὸ</span> <span class='ocrx_word' id='word_1_533' title='bbox 1734 4017 1841 4085; x_wconf 82' lang='grc' dir='ltr'><strong>γὰρ</strong></span> <span class='ocrx_word' id='word_1_534' title='bbox 1879 4016 1982 4083; x_wconf 75' lang='grc' dir='ltr'>τῆς</span> 
     </span>
    </p>
   </div>
   <div class='ocr_carea' id='block_1_74' title="bbox 409 4110 1981 4191">
    <p class='ocr_par' dir='ltr' id='par_1_74' title="bbox 409 4110 1981 4191">
     <span class='ocr_line' id='line_1_74' title="bbox 409 4110 1981 4191; baseline -0.004 -20"><span class='ocrx_word' id='word_1_535' title='bbox 409 4122 693 4191; x_wconf 84' lang='grc' dir='ltr'>μιμήσεως</span> <span class='ocrx_word' id='word_1_536' title='bbox 729 4119 784 4170; x_wconf 84' lang='grc' dir='ltr'>ὲν</span> <span class='ocrx_word' id='word_1_537' title='bbox 837 4115 1010 4170; x_wconf 76' lang='grc' dir='ltr'>ἅπασι</span> <span class='ocrx_word' id='word_1_538' title='bbox 1055 4116 1167 4179; x_wconf 79' lang='grc' dir='ltr'>τοῖς</span> <span class='ocrx_word' id='word_1_539' title='bbox 1217 4113 1402 4173; x_wconf 84' lang='grc' dir='ltr'>καλοῖς</span> <span class='ocrx_word' id='word_1_540' title='bbox 1445 4110 1543 4181; x_wconf 79' lang='grc' dir='ltr'><strong>τὴν</strong></span> <span class='ocrx_word' id='word_1_541' title='bbox 1599 4111 1723 4181; x_wconf 78' lang='grc' dir='ltr'>ἴσην</span> <span class='ocrx_word' id='word_1_542' title='bbox 1748 4110 1981 4181; x_wconf 83' lang='grc' dir='ltr'>δύναμιν</span> 
     </span>
    </p>
   </div>
   <div class='ocr_carea' id='block_1_75' title="bbox 365 4201 1983 4283">
    <p class='ocr_par' dir='ltr' id='par_1_75' title="bbox 365 4201 1983 4283">
     <span class='ocr_line' id='line_1_75' title="bbox 365 4201 1983 4283; baseline -0.009 -17"><span class='ocrx_word' id='word_1_543' title='bbox 365 4218 373 4226; x_wconf 89' lang='grc'><em>’</em></span> <span class='ocrx_word' id='word_1_544' title='bbox 408 4213 539 4283; x_wconf 76' lang='grc' dir='ltr'>ἔχει’</span> <span class='ocrx_word' id='word_1_545' title='bbox 575 4211 669 4263; x_wconf 75' lang='grc' dir='ltr'>καὶ</span> <span class='ocrx_word' id='word_1_546' title='bbox 691 4209 814 4270; x_wconf 83' lang='grc' dir='ltr'>τοὺς</span> <span class='ocrx_word' id='word_1_547' title='bbox 838 4204 896 4259; x_wconf 81' lang='grc' dir='ltr'>ἐν</span> <span class='ocrx_word' id='word_1_548' title='bbox 925 4209 1039 4268; x_wconf 87' lang='grc' dir='ltr'>τοῖς</span> <span class='ocrx_word' id='word_1_549' title='bbox 1065 4203 1343 4275; x_wconf 81' lang='grc' dir='ltr'>μεγίστοις</span> <span class='ocrx_word' id='word_1_550' title='bbox 1370 4201 1578 4272; x_wconf 85' lang='grc' dir='ltr'>ταύτην</span> <span class='ocrx_word' id='word_1_551' title='bbox 1609 4201 1983 4270; x_wconf 70' lang='grc' dir='ltr'>παραιτουμέ-</span> 
     </span>
    </p>
   </div>
   <div class='ocr_carea' id='block_1_76' title="bbox 408 4293 1983 4379">
    <p class='ocr_par' dir='ltr' id='par_1_76' title="bbox 408 4293 1983 4379">
     <span class='ocr_line' id='line_1_76' title="bbox 408 4293 1983 4379; baseline -0.006 -22"><span class='ocrx_word' id='word_1_552' title='bbox 408 4322 551 4371; x_wconf 87' lang='grc' dir='ltr'>νους,</span> <span class='ocrx_word' id='word_1_553' title='bbox 582 4306 639 4358; x_wconf 80' lang='grc' dir='ltr'>ὲν</span> <span class='ocrx_word' id='word_1_554' title='bbox 693 4297 771 4365; x_wconf 78' lang='grc' dir='ltr'>οἷς</span> <span class='ocrx_word' id='word_1_555' title='bbox 804 4298 897 4354; x_wconf 82' lang='grc' dir='ltr'><strong>καὶ</strong></span> <span class='ocrx_word' id='word_1_556' title='bbox 950 4299 1150 4369; x_wconf 77' lang='grc' dir='ltr'>μείζων</span> <span class='ocrx_word' id='word_1_557' title='bbox 1181 4297 1211 4350; x_wconf 82' lang='grc' dir='ltr'><strong>δ</strong></span> <span class='ocrx_word' id='word_1_558' title='bbox 1243 4296 1345 4367; x_wconf 84' lang='grc' dir='ltr'>τῆς</span> <span class='ocrx_word' id='word_1_559' title='bbox 1387 4295 1720 4368; x_wconf 86' lang='grc' dir='ltr'>διαμαρτίας</span> <span class='ocrx_word' id='word_1_560' title='bbox 1779 4293 1983 4379; x_wconf 70' lang='grc' dir='ltr'>ὕπεστι</span> 
     </span>
    </p>
   </div>
   <div class='ocr_carea' id='block_1_77' title="bbox 409 4385 1982 4462">
    <p class='ocr_par' dir='ltr' id='par_1_77' title="bbox 409 4385 1982 4462">
     <span class='ocr_line' id='line_1_77' title="bbox 409 4385 1982 4462; baseline -0.006 -12"><span class='ocrx_word' id='word_1_561' title='bbox 409 4397 670 4461; x_wconf 79' lang='grc' dir='ltr'>κίνδυνος,</span> <span class='ocrx_word' id='word_1_562' title='bbox 726 4394 877 4448; x_wconf 72' lang='grc' dir='ltr'>οὐδὲν</span> <span class='ocrx_word' id='word_1_563' title='bbox 911 4390 1247 4462; x_wconf 75' lang='grc' dir='ltr'>ἐξαιρεῖσθαι</span> <span class='ocrx_word' id='word_1_564' title='bbox 1298 4388 1398 4459; x_wconf 83' lang='grc' dir='ltr'>τῆς</span> <span class='ocrx_word' id='word_1_565' title='bbox 1443 4386 1672 4456; x_wconf 70' lang='grc' dir='ltr'>εὐλόγου</span> <span class='ocrx_word' id='word_1_566' title='bbox 1718 4385 1982 4456; x_wconf 82' lang='grc' dir='ltr'>μέμψεως</span> 
     </span>
    </p>
   </div>
   <div class='ocr_carea' id='block_1_78' title="bbox 406 4475 1982 4552">
    <p class='ocr_par' dir='ltr' id='par_1_78' title="bbox 406 4475 1982 4552">
     <span class='ocr_line' id='line_1_78' title="bbox 406 4475 1982 4552; baseline -0.009 -9"><span class='ocrx_word' id='word_1_567' title='bbox 406 4488 645 4543; x_wconf 68' lang='grc' dir='ltr'>δύναται.</span> <span class='ocrx_word' id='word_1_568' title='bbox 707 4484 870 4537; x_wconf 74' lang='grc' dir='ltr'>’Δλλὲι</span> <span class='ocrx_word' id='word_1_569' title='bbox 907 4483 1013 4552; x_wconf 71' lang='grc' dir='ltr'>μὴν</span> <span class='ocrx_word' id='word_1_570' title='bbox 1055 4480 1168 4534; x_wconf 77' lang='grc' dir='ltr'>οὐδ’</span> <span class='ocrx_word' id='word_1_571' title='bbox 1198 4479 1349 4533; x_wconf 79' lang='grc' dir='ltr'>ἐστιν</span> <span class='ocrx_word' id='word_1_572' title='bbox 1384 4479 1581 4545; x_wconf 76' lang='grc' dir='ltr'>εἰπεῖν,</span> <span class='ocrx_word' id='word_1_573' title='bbox 1641 4475 1715 4539; x_wconf 82' lang='grc' dir='ltr'>ὡς</span> <span class='ocrx_word' id='word_1_574' title='bbox 1745 4476 1875 4530; x_wconf 78' lang='grc' dir='ltr'>ἄλλο</span> <span class='ocrx_word' id='word_1_575' title='bbox 1928 4494 1982 4529; x_wconf 90' lang='grc' dir='ltr'><strong>τι</strong></span> 
     </span>
    </p>
   </div>
   <div class='ocr_carea' id='block_1_79' title="bbox 2084 3280 3664 3360">
    <p class='ocr_par' dir='ltr' id='par_1_79' title="bbox 2084 3280 3664 3360">
     <span class='ocr_line' id='line_1_79' title="bbox 2084 3280 3664 3360; baseline 0.001 -19"><span class='ocrx_word' id='word_1_576' title='bbox 2084 3285 2214 3341; x_wconf 84' lang='lat' dir='ltr'><strong>diue</strong></span> <span class='ocrx_word' id='word_1_577' title='bbox 2267 3300 2402 3342; x_wconf 85' lang='lat' dir='ltr'><strong>vero</strong></span> <span class='ocrx_word' id='word_1_578' title='bbox 2454 3284 2620 3340; x_wconf 88' lang='lat' dir='ltr'><strong>simul</strong></span> <span class='ocrx_word' id='word_1_579' title='bbox 2671 3280 2899 3341; x_wconf 82' lang='lat' dir='ltr'><strong>cunctas</strong></span> <span class='ocrx_word' id='word_1_580' title='bbox 2948 3286 3108 3357; x_wconf 66' lang='lat' dir='ltr'><strong>longe</strong></span> <span class='ocrx_word' id='word_1_581' title='bbox 3151 3288 3316 3342; x_wconf 89' lang='lat' dir='ltr'><strong>etiam</strong></span> <span class='ocrx_word' id='word_1_582' title='bbox 3370 3291 3664 3360; x_wconf 84' lang='lat' dir='ltr'><strong>superetis.</strong></span> 
     </span>
    </p>
   </div>
   <div class='ocr_carea' id='block_1_80' title="bbox 2087 3372 3767 3454">
    <p class='ocr_par' dir='ltr' id='par_1_80' title="bbox 2087 3372 3767 3454">
     <span class='ocr_line' id='line_1_80' title="bbox 2087 3372 3767 3454; baseline 0.004 -21"><span class='ocrx_word' id='word_1_583' title='bbox 2087 3378 2244 3435; x_wconf 82' lang='lat' dir='ltr'><strong>Nunc</strong></span> <span class='ocrx_word' id='word_1_584' title='bbox 2306 3390 2491 3435; x_wconf 81' lang='lat' dir='ltr'><strong>autem</strong></span> <span class='ocrx_word' id='word_1_585' title='bbox 2526 3394 2649 3434; x_wconf 90' lang='lat' dir='ltr'><strong>cum</strong></span> <span class='ocrx_word' id='word_1_586' title='bbox 2704 3387 2783 3435; x_wconf 90' lang='lat' dir='ltr'><strong>tot</strong></span> <span class='ocrx_word' id='word_1_587' title='bbox 2811 3389 2865 3435; x_wconf 89' lang='lat' dir='ltr'><strong>et</strong></span> <span class='ocrx_word' id='word_1_588' title='bbox 2911 3390 3021 3436; x_wconf 87' lang='lat' dir='ltr'><strong>tam</strong></span> <span class='ocrx_word' id='word_1_589' title='bbox 3070 3381 3332 3453; x_wconf 63' lang='lat' dir='ltr'><strong>praeclara</strong></span> <span class='ocrx_word' id='word_1_590' title='bbox 3377 3391 3671 3454; x_wconf 82' lang='lat' dir='ltr'><strong>suppetant</strong></span> <span class='ocrx_word' id='word_1_591' title='bbox 3764 3372 3767 3375; x_wconf 24' lang='grc' dir='ltr'><strong>λ</strong></span> 
     </span>
    </p>
   </div>
   <div class='ocr_carea' id='block_1_81' title="bbox 2086 3470 3677 3545">
    <p class='ocr_par' dir='ltr' id='par_1_81' title="bbox 2086 3470 3677 3545">
     <span class='ocr_line' id='line_1_81' title="bbox 2086 3470 3677 3545; baseline 0.003 -20"><span class='ocrx_word' id='word_1_592' title='bbox 2086 3471 2248 3526; x_wconf 88' lang='lat' dir='ltr'><strong>nobis</strong></span> <span class='ocrx_word' id='word_1_593' title='bbox 2274 3470 2544 3540; x_wconf 77' lang='lat' dir='ltr'><strong>exempla,</strong></span> <span class='ocrx_word' id='word_1_594' title='bbox 2582 3485 2682 3526; x_wconf 89' lang='lat' dir='ltr'><strong>uec</strong></span> <span class='ocrx_word' id='word_1_595' title='bbox 2716 3470 2762 3526; x_wconf 89' lang='lat' dir='ltr'><strong>si</strong></span> <span class='ocrx_word' id='word_1_596' title='bbox 2793 3471 3027 3527; x_wconf 87' lang='lat' dir='ltr'><strong>velimus</strong></span> <span class='ocrx_word' id='word_1_597' title='bbox 3084 3473 3328 3544; x_wconf 88' lang='lat' dir='ltr'><strong>quidem,</strong></span> <span class='ocrx_word' id='word_1_598' title='bbox 3374 3482 3677 3545; x_wconf 77' lang='lat' dir='ltr'><strong>possumus</strong></span> 
     </span>
    </p>
   </div>
   <div class='ocr_carea' id='block_1_82' title="bbox 2085 3563 3669 3634">
    <p class='ocr_par' dir='ltr' id='par_1_82' title="bbox 2085 3563 3669 3634">
     <span class='ocr_line' id='line_1_82' title="bbox 2085 3563 3669 3634; baseline 0.004 -16"><span class='ocrx_word' id='word_1_599' title='bbox 2085 3563 2391 3619; x_wconf 87' lang='lat' dir='ltr'><strong>oscitanter</strong></span> <span class='ocrx_word' id='word_1_600' title='bbox 2418 3577 2601 3634; x_wconf 78' lang='lat' dir='ltr'><strong>agere,</strong></span> <span class='ocrx_word' id='word_1_601' title='bbox 2628 3563 2758 3618; x_wconf 90' lang='lat' dir='ltr'><strong>dum</strong></span> <span class='ocrx_word' id='word_1_602' title='bbox 2786 3564 3096 3621; x_wconf 80' lang='lat' dir='ltr'><strong>convenire</strong></span> <span class='ocrx_word' id='word_1_603' title='bbox 3126 3567 3286 3623; x_wconf 89' lang='lat' dir='ltr'><strong>nobis</strong></span> <span class='ocrx_word' id='word_1_604' title='bbox 3339 3582 3669 3625; x_wconf 85' lang='lat' dir='ltr'><strong>censeamus</strong></span> 
     </span>
    </p>
   </div>
   <div class='ocr_carea' id='block_1_83' title="bbox 2087 3656 3669 3730">
    <p class='ocr_par' dir='ltr' id='par_1_83' title="bbox 2087 3656 3669 3730">
     <span class='ocr_line' id='line_1_83' title="bbox 2087 3656 3669 3730; baseline 0.003 -18"><span class='ocrx_word' id='word_1_605' title='bbox 2087 3657 2222 3712; x_wconf 91' lang='lat' dir='ltr'><strong>illud</strong></span> <span class='ocrx_word' id='word_1_606' title='bbox 2252 3671 2466 3723; x_wconf 85' lang='lat' dir='ltr'><strong>cavere,</strong></span> <span class='ocrx_word' id='word_1_607' title='bbox 2489 3672 2560 3711; x_wconf 89' lang='lat' dir='ltr'><strong>ne</strong></span> <span class='ocrx_word' id='word_1_608' title='bbox 2592 3656 2646 3712; x_wconf 91' lang='lat' dir='ltr'><strong>in</strong></span> <span class='ocrx_word' id='word_1_609' title='bbox 2680 3657 2773 3713; x_wconf 82' lang='lat' dir='ltr'><strong>Dei</strong></span> <span class='ocrx_word' id='word_1_610' title='bbox 2800 3667 2855 3714; x_wconf 89' lang='lat' dir='ltr'><strong>et</strong></span> <span class='ocrx_word' id='word_1_611' title='bbox 2893 3658 3170 3714; x_wconf 83' lang='lat' dir='ltr'><strong>hominum</strong></span> <span class='ocrx_word' id='word_1_612' title='bbox 3212 3662 3669 3730; x_wconf 69' lang='lat' dir='ltr'><strong>reprehensiones</strong></span> 
     </span>
    </p>
   </div>
   <div class='ocr_carea' id='block_1_84' title="bbox 2093 3746 3670 3822">
    <p class='ocr_par' dir='ltr' id='par_1_84' title="bbox 2093 3746 3670 3822">
     <span class='ocr_line' id='line_1_84' title="bbox 2093 3746 3670 3822; baseline 0.003 -19"><span class='ocrx_word' id='word_1_613' title='bbox 2093 3747 2470 3816; x_wconf 71' lang='lat' dir='ltr'><strong>incurramus.</strong></span> <span class='ocrx_word' id='word_1_614' title='bbox 2498 3746 2681 3819; x_wconf 84' lang='lat' dir='ltr'><strong>Neque</strong></span> <span class='ocrx_word' id='word_1_615' title='bbox 2707 3750 2851 3804; x_wconf 92' lang='lat' dir='ltr'><strong>enim</strong></span> <span class='ocrx_word' id='word_1_616' title='bbox 2877 3750 3033 3819; x_wconf 86' lang='lat' dir='ltr'><strong>plane</strong></span> <span class='ocrx_word' id='word_1_617' title='bbox 3054 3750 3275 3822; x_wconf 68' lang='lat' dir='ltr'><strong>dignum</strong></span> <span class='ocrx_word' id='word_1_618' title='bbox 3301 3746 3670 3822; x_wconf 75' lang='lat' dir='ltr'><strong>iudicabimus</strong></span> 
     </span>
    </p>
   </div>
   <div class='ocr_carea' id='block_1_85' title="bbox 2089 3842 3670 3915">
    <p class='ocr_par' dir='ltr' id='par_1_85' title="bbox 2089 3842 3670 3915">
     <span class='ocr_line' id='line_1_85' title="bbox 2089 3842 3670 3915; baseline 0.003 -18"><span class='ocrx_word' id='word_1_619' title='bbox 2089 3843 2227 3900; x_wconf 89' lang='lat' dir='ltr'><strong>alios</strong></span> <span class='ocrx_word' id='word_1_620' title='bbox 2253 3844 2474 3914; x_wconf 78' lang='lat' dir='ltr'><strong>quidem</strong></span> <span class='ocrx_word' id='word_1_621' title='bbox 2518 3858 2716 3899; x_wconf 85' lang='lat' dir='ltr'><strong>omnes</strong></span> <span class='ocrx_word' id='word_1_622' title='bbox 2765 3842 2818 3898; x_wconf 88' lang='lat' dir='ltr'><strong>in</strong></span> <span class='ocrx_word' id='word_1_623' title='bbox 2862 3842 2932 3899; x_wconf 90' lang='lat' dir='ltr'><strong>iis</strong></span> <span class='ocrx_word' id='word_1_624' title='bbox 2958 3859 3081 3914; x_wconf 84' lang='lat' dir='ltr'><strong>quae</strong></span> <span class='ocrx_word' id='word_1_625' title='bbox 3126 3854 3318 3915; x_wconf 81' lang='lat' dir='ltr'><strong>agunt,</strong></span> <span class='ocrx_word' id='word_1_626' title='bbox 3374 3847 3670 3903; x_wconf 65' lang='lat' dir='ltr'><strong>imitandos</strong></span> 
     </span>
    </p>
   </div>
   <div class='ocr_carea' id='block_1_86' title="bbox 2089 3935 3669 4009">
    <p class='ocr_par' dir='ltr' id='par_1_86' title="bbox 2089 3935 3669 4009">
     <span class='ocr_line' id='line_1_86' title="bbox 2089 3935 3669 4009; baseline -0.001 -15"><span class='ocrx_word' id='word_1_627' title='bbox 2089 3937 2195 3994; x_wconf 86' lang='lat' dir='ltr'><strong>sibi</strong></span> <span class='ocrx_word' id='word_1_628' title='bbox 2228 3951 2323 3993; x_wconf 84' lang='lat' dir='ltr'><strong>eos</strong></span> <span class='ocrx_word' id='word_1_629' title='bbox 2353 3950 2678 4007; x_wconf 90' lang='lat' dir='ltr'><strong>proponere,</strong></span> <span class='ocrx_word' id='word_1_630' title='bbox 2700 3936 2793 4007; x_wconf 87' lang='lat' dir='ltr'><strong>qui</strong></span> <span class='ocrx_word' id='word_1_631' title='bbox 2817 3935 2886 3993; x_wconf 91' lang='lat' dir='ltr'><strong>ad</strong></span> <span class='ocrx_word' id='word_1_632' title='bbox 2926 3937 3135 4006; x_wconf 80' lang='lat' dir='ltr'><strong>agenda</strong></span> <span class='ocrx_word' id='word_1_633' title='bbox 3172 3937 3262 3995; x_wconf 83' lang='lat' dir='ltr'><strong>illa</strong></span> <span class='ocrx_word' id='word_1_634' title='bbox 3307 3941 3669 4009; x_wconf 47' lang='lat' dir='ltr'><strong>praestiterint</strong></span> 
     </span>
    </p>
   </div>
   <div class='ocr_carea' id='block_1_87' title="bbox 2087 4024 3663 4102">
    <p class='ocr_par' dir='ltr' id='par_1_87' title="bbox 2087 4024 3663 4102">
     <span class='ocr_line' id='line_1_87' title="bbox 2087 4024 3663 4102; baseline 0.001 -20"><span class='ocrx_word' id='word_1_635' title='bbox 2087 4027 2323 4091; x_wconf 64' lang='lat' dir='ltr'><strong>creteris,</strong></span> <span class='ocrx_word' id='word_1_636' title='bbox 2354 4033 2413 4081; x_wconf 85' lang='lat' dir='ltr'><strong>et</strong></span> <span class='ocrx_word' id='word_1_637' title='bbox 2438 4024 2804 4091; x_wconf 82' lang='lat' dir='ltr'><strong>laudabimus,</strong></span> <span class='ocrx_word' id='word_1_638' title='bbox 2823 4025 2868 4082; x_wconf 88' lang='lat' dir='ltr'><strong>si</strong></span> <span class='ocrx_word' id='word_1_639' title='bbox 2894 4041 3054 4096; x_wconf 89' lang='lat' dir='ltr'><strong>quam</strong></span> <span class='ocrx_word' id='word_1_640' title='bbox 3076 4027 3191 4082; x_wconf 78' lang='lat' dir='ltr'><strong>fleri</strong></span> <span class='ocrx_word' id='word_1_641' title='bbox 3216 4030 3422 4099; x_wconf 87' lang='lat' dir='ltr'><strong>optime</strong></span> <span class='ocrx_word' id='word_1_642' title='bbox 3447 4034 3663 4102; x_wconf 77' lang='lat' dir='ltr'><strong>poterit,</strong></span> 
     </span>
    </p>
   </div>
   <div class='ocr_carea' id='block_1_88' title="bbox 2089 4118 3667 4194">
    <p class='ocr_par' dir='ltr' id='par_1_88' title="bbox 2089 4118 3667 4194">
     <span class='ocr_line' id='line_1_88' title="bbox 2089 4118 3667 4194; baseline 0.003 -18"><span class='ocrx_word' id='word_1_643' title='bbox 2089 4135 2186 4176; x_wconf 79' lang='lat' dir='ltr'><strong>ens</strong></span> <span class='ocrx_word' id='word_1_644' title='bbox 2244 4118 2595 4184; x_wconf 79' lang='lat' dir='ltr'><strong>armulentur,</strong></span> <span class='ocrx_word' id='word_1_645' title='bbox 2655 4134 2758 4175; x_wconf 88' lang='lat' dir='ltr'><strong>nos</strong></span> <span class='ocrx_word' id='word_1_646' title='bbox 2797 4134 2930 4174; x_wconf 92' lang='lat' dir='ltr'><strong>vero</strong></span> <span class='ocrx_word' id='word_1_647' title='bbox 2980 4121 3144 4176; x_wconf 88' lang='lat' dir='ltr'><strong>tantis</strong></span> <span class='ocrx_word' id='word_1_648' title='bbox 3195 4123 3358 4178; x_wconf 87' lang='lat' dir='ltr'><strong>rebus</strong></span> <span class='ocrx_word' id='word_1_649' title='bbox 3404 4124 3667 4194; x_wconf 77' lang='lat' dir='ltr'><strong>neglectis</strong></span> 
     </span>
    </p>
   </div>
   <div class='ocr_carea' id='block_1_89' title="bbox 2089 4198 3671 4281">
    <p class='ocr_par' dir='ltr' id='par_1_89' title="bbox 2089 4198 3671 4281">
     <span class='ocr_line' id='line_1_89' title="bbox 2089 4198 3671 4281; baseline 0.003 -15"><span class='ocrx_word' id='word_1_650' title='bbox 2089 4211 2250 4281; x_wconf 85' lang='lat' dir='ltr'><strong>culpa</strong></span> <span class='ocrx_word' id='word_1_651' title='bbox 2280 4209 2620 4266; x_wconf 85' lang='lat' dir='ltr'><strong>vacabimus.</strong></span> <span class='ocrx_word' id='word_1_652' title='bbox 2666 4209 2839 4266; x_wconf 82' lang='lat' dir='ltr'><strong>Habet</strong></span> <span class='ocrx_word' id='word_1_653' title='bbox 2875 4212 3020 4266; x_wconf 87' lang='lat' dir='ltr'><strong>enim</strong></span> <span class='ocrx_word' id='word_1_654' title='bbox 3073 4211 3308 4268; x_wconf 78' lang='lat' dir='ltr'><strong>imitatio</strong></span> <span class='ocrx_word' id='word_1_655' title='bbox 3348 4214 3400 4269; x_wconf 91' lang='lat' dir='ltr'><strong>in</strong></span> <span class='ocrx_word' id='word_1_656' title='bbox 3425 4216 3574 4270; x_wconf 88' lang='lat' dir='ltr'><strong>omni</strong></span> <span class='ocrx_word' id='word_1_657' title='bbox 3609 4198 3671 4271; x_wconf 83' lang='lat' dir='ltr'><strong>re</strong></span> 
     </span>
    </p>
   </div>
   <div class='ocr_carea' id='block_1_90' title="bbox 2090 4302 3666 4377">
    <p class='ocr_par' dir='ltr' id='par_1_90' title="bbox 2090 4302 3666 4377">
     <span class='ocr_line' id='line_1_90' title="bbox 2090 4302 3666 4377; baseline 0.003 -19"><span class='ocrx_word' id='word_1_658' title='bbox 2090 4303 2320 4359; x_wconf 86' lang='lat' dir='ltr'><strong>honesta</strong></span> <span class='ocrx_word' id='word_1_659' title='bbox 2372 4302 2594 4358; x_wconf 83' lang='lat' dir='ltr'><strong>easdem</strong></span> <span class='ocrx_word' id='word_1_660' title='bbox 2657 4304 2824 4369; x_wconf 86' lang='lat' dir='ltr'><strong>vires,</strong></span> <span class='ocrx_word' id='word_1_661' title='bbox 2869 4318 2967 4358; x_wconf 88' lang='lat' dir='ltr'><strong>nec</strong></span> <span class='ocrx_word' id='word_1_662' title='bbox 3016 4313 3098 4359; x_wconf 89' lang='lat' dir='ltr'><strong>est</strong></span> <span class='ocrx_word' id='word_1_663' title='bbox 3129 4307 3274 4375; x_wconf 82' lang='lat' dir='ltr'><strong>quod</strong></span> <span class='ocrx_word' id='word_1_664' title='bbox 3322 4320 3418 4362; x_wconf 86' lang='lat' dir='ltr'><strong>eos</strong></span> <span class='ocrx_word' id='word_1_665' title='bbox 3462 4308 3666 4377; x_wconf 84' lang='lat' dir='ltr'><strong>ajusta</strong></span> 
     </span>
    </p>
   </div>
   <div class='ocr_carea' id='block_1_91' title="bbox 2091 4380 3665 4462">
    <p class='ocr_par' dir='ltr' id='par_1_91' title="bbox 2091 4380 3665 4462">
     <span class='ocr_line' id='line_1_91' title="bbox 2091 4380 3665 4462; baseline 0.003 -14"><span class='ocrx_word' id='word_1_666' title='bbox 2091 4380 2435 4448; x_wconf 85' lang='lat' dir='ltr'><strong>ineusatione</strong></span> <span class='ocrx_word' id='word_1_667' title='bbox 2457 4392 2635 4462; x_wconf 89' lang='lat' dir='ltr'><strong>possit</strong></span> <span class='ocrx_word' id='word_1_668' title='bbox 2659 4392 2916 4457; x_wconf 80' lang='lat' dir='ltr'><strong>liberare,</strong></span> <span class='ocrx_word' id='word_1_669' title='bbox 2946 4393 3038 4462; x_wconf 87' lang='lat' dir='ltr'><strong>qui</strong></span> <span class='ocrx_word' id='word_1_670' title='bbox 3073 4409 3181 4448; x_wconf 90' lang='lat' dir='ltr'><strong>non</strong></span> <span class='ocrx_word' id='word_1_671' title='bbox 3211 4394 3472 4451; x_wconf 84' lang='lat' dir='ltr'><strong>adhibent</strong></span> <span class='ocrx_word' id='word_1_672' title='bbox 3522 4397 3665 4452; x_wconf 85' lang='lat' dir='ltr'><strong>illam</strong></span> 
     </span>
    </p>
   </div>
   <div class='ocr_carea' id='block_1_92' title="bbox 2091 4484 3670 4559">
    <p class='ocr_par' dir='ltr' id='par_1_92' title="bbox 2091 4484 3670 4559">
     <span class='ocr_line' id='line_1_92' title="bbox 2091 4484 3670 4559; baseline 0.001 -16"><span class='ocrx_word' id='word_1_673' title='bbox 2091 4488 2145 4543; x_wconf 91' lang='lat' dir='ltr'><strong>in</strong></span> <span class='ocrx_word' id='word_1_674' title='bbox 2174 4486 2342 4542; x_wconf 89' lang='lat' dir='ltr'><strong>rebus</strong></span> <span class='ocrx_word' id='word_1_675' title='bbox 2373 4484 2745 4556; x_wconf 80' lang='lat' dir='ltr'><strong>gravissimis,</strong></span> <span class='ocrx_word' id='word_1_676' title='bbox 2797 4486 2850 4540; x_wconf 94' lang='lat' dir='ltr'><strong>in</strong></span> <span class='ocrx_word' id='word_1_677' title='bbox 2892 4488 3093 4556; x_wconf 86' lang='lat' dir='ltr'><strong>quibus</strong></span> <span class='ocrx_word' id='word_1_678' title='bbox 3138 4487 3305 4542; x_wconf 88' lang='lat' dir='ltr'><strong>etiam</strong></span> <span class='ocrx_word' id='word_1_679' title='bbox 3353 4492 3534 4559; x_wconf 74' lang='lat' dir='ltr'><strong>majus</strong></span> <span class='ocrx_word' id='word_1_680' title='bbox 3586 4505 3670 4546; x_wconf 59' lang='lat' dir='ltr'><strong>est</strong></span> 
     </span>
    </p>
   </div>
   <div class='ocr_carea' id='block_1_93' title="bbox 408 4570 1979 4651">
    <p class='ocr_par' dir='ltr' id='par_1_93' title="bbox 408 4570 1979 4651">
     <span class='ocr_line' id='line_1_93' title="bbox 408 4570 1979 4651; baseline -0.007 -17"><span class='ocrx_word' id='word_1_681' title='bbox 408 4581 514 4651; x_wconf 76' lang='grc' dir='ltr'><strong>πρδ</strong></span> <span class='ocrx_word' id='word_1_682' title='bbox 538 4581 638 4649; x_wconf 78' lang='grc' dir='ltr'>τῆς</span> <span class='ocrx_word' id='word_1_683' title='bbox 684 4578 945 4646; x_wconf 81' lang='grc' dir='ltr'>ἀληθείας</span> <span class='ocrx_word' id='word_1_684' title='bbox 989 4576 1018 4628; x_wconf 83' lang='grc' dir='ltr'>ὁ</span> <span class='ocrx_word' id='word_1_685' title='bbox 1065 4576 1175 4629; x_wconf 89' lang='grc' dir='ltr'><strong>τῶν</strong></span> <span class='ocrx_word' id='word_1_686' title='bbox 1224 4572 1513 4644; x_wconf 86' lang='grc' dir='ltr'>μακαρίων</span> <span class='ocrx_word' id='word_1_687' title='bbox 1564 4572 1729 4643; x_wconf 84' lang='grc' dir='ltr'>χορὸς</span> <span class='ocrx_word' id='word_1_688' title='bbox 1773 4570 1979 4633; x_wconf 73' lang='grc' dir='ltr'>ἐκεῖνος</span> 
     </span>
    </p>
   </div>
   <div class='ocr_carea' id='block_1_94' title="bbox 2083 4570 3673 4651">
    <p class='ocr_par' dir='ltr' id='par_1_94' title="bbox 2092 4576 3673 4651">
     <span class='ocr_line' id='line_1_94' title="bbox 2092 4576 3673 4651; baseline 0.002 -15"><span class='ocrx_word' id='word_1_689' title='bbox 2092 4581 2394 4651; x_wconf 88' lang='lat' dir='ltr'><strong>periculum</strong></span> <span class='ocrx_word' id='word_1_690' title='bbox 2428 4580 2713 4650; x_wconf 80' lang='lat' dir='ltr'><strong>peccandi.</strong></span> <span class='ocrx_word' id='word_1_691' title='bbox 2744 4576 2856 4635; x_wconf 89' lang='lat' dir='ltr'><strong>Nec</strong></span> <span class='ocrx_word' id='word_1_692' title='bbox 2907 4581 3015 4635; x_wconf 87' lang='lat' dir='ltr'><strong>dici</strong></span> <span class='ocrx_word' id='word_1_693' title='bbox 3067 4589 3245 4651; x_wconf 74' lang='lat' dir='ltr'><strong>porest</strong></span> <span class='ocrx_word' id='word_1_694' title='bbox 3291 4599 3323 4638; x_wconf 91' lang='lat' dir='ltr'><strong>a</strong></span> <span class='ocrx_word' id='word_1_695' title='bbox 3384 4585 3543 4641; x_wconf 88' lang='lat' dir='ltr'><strong>beato</strong></span> <span class='ocrx_word' id='word_1_696' title='bbox 3580 4586 3673 4640; x_wconf 76' lang='lat' dir='ltr'><strong>illo</strong></span> 
     </span>
    </p>
   </div>
   <div class='ocr_carea' id='block_1_95' title="bbox 408 4662 1985 4744">
    <p class='ocr_par' dir='ltr' id='par_1_95' title="bbox 408 4662 1985 4744">
     <span class='ocr_line' id='line_1_95' title="bbox 408 4662 1985 4744; baseline -0.008 -18"><span class='ocrx_word' id='word_1_697' title='bbox 408 4673 695 4744; x_wconf 77' lang='grc' dir='ltr'>ἐσκέψατο,</span> <span class='ocrx_word' id='word_1_698' title='bbox 731 4670 766 4742; x_wconf 80' lang='grc' dir='ltr'>ἢ</span> <span class='ocrx_word' id='word_1_699' title='bbox 811 4667 943 4739; x_wconf 79' lang='grc' dir='ltr'>περὶ</span> <span class='ocrx_word' id='word_1_700' title='bbox 970 4667 1078 4722; x_wconf 89' lang='grc' dir='ltr'><strong>τῶν</strong></span> <span class='ocrx_word' id='word_1_701' title='bbox 1127 4666 1390 4720; x_wconf 74' lang='grc' dir='ltr'>ἑκάστοτε</span> <span class='ocrx_word' id='word_1_702' title='bbox 1424 4663 1774 4736; x_wconf 78' lang='grc' dir='ltr'>ζητηθέντων</span> <span class='ocrx_word' id='word_1_703' title='bbox 1833 4662 1985 4733; x_wconf 80' lang='grc' dir='ltr'>ῖχνος</span> 
     </span>
    </p>
   </div>
   <div class='ocr_carea' id='block_1_96' title="bbox 408 4756 1987 4836">
    <p class='ocr_par' dir='ltr' id='par_1_96' title="bbox 408 4756 1987 4836">
     <span class='ocr_line' id='line_1_96' title="bbox 408 4756 1987 4836; baseline -0.008 -16"><span class='ocrx_word' id='word_1_704' title='bbox 408 4767 537 4836; x_wconf 79' lang='grc' dir='ltr'>γοῦν</span> <span class='ocrx_word' id='word_1_705' title='bbox 563 4761 894 4836; x_wconf 74' lang='grc' dir='ltr'>ἀμφιϐολίας</span> <span class='ocrx_word' id='word_1_706' title='bbox 911 4763 1023 4824; x_wconf 89' lang='grc' dir='ltr'>τοῖς</span> <span class='ocrx_word' id='word_1_707' title='bbox 1040 4763 1190 4831; x_wconf 54' lang='lat' dir='ltr'><strong>pars</strong></span> <span class='ocrx_word' id='word_1_708' title='bbox 1210 4756 1387 4812; x_wconf 85' lang='grc' dir='ltr'>ταῦτα</span> <span class='ocrx_word' id='word_1_709' title='bbox 1415 4759 1734 4811; x_wconf 73' lang='grc' dir='ltr'>κατέλιπον·</span> <span class='ocrx_word' id='word_1_710' title='bbox 1774 4756 1987 4825; x_wconf 81' lang='grc' dir='ltr'>φανερὰ</span> 
     </span>
    </p>
   </div>
   <div class='ocr_carea' id='block_1_97' title="bbox 407 4848 1990 4929">
    <p class='ocr_par' dir='ltr' id='par_1_97' title="bbox 407 4848 1990 4929">
     <span class='ocr_line' id='line_1_97' title="bbox 407 4848 1990 4929; baseline -0.008 -16"><span class='ocrx_word' id='word_1_711' title='bbox 407 4864 512 4929; x_wconf 82' lang='grc' dir='ltr'><strong>γὰρ</strong></span> <span class='ocrx_word' id='word_1_712' title='bbox 542 4861 606 4912; x_wconf 82' lang='grc' dir='ltr'>ὲκ</span> <span class='ocrx_word' id='word_1_713' title='bbox 633 4858 741 4912; x_wconf 90' lang='grc' dir='ltr'><strong>τῶν</strong></span> <span class='ocrx_word' id='word_1_714' title='bbox 774 4854 1187 4924; x_wconf 80' lang='grc' dir='ltr'>ὑπομνημάτων</span> <span class='ocrx_word' id='word_1_715' title='bbox 1207 4853 1241 4921; x_wconf 79' lang='grc' dir='ltr'>ἡ</span> <span class='ocrx_word' id='word_1_716' title='bbox 1283 4852 1412 4921; x_wconf 71' lang='grc' dir='ltr'>περὶ</span> <span class='ocrx_word' id='word_1_717' title='bbox 1431 4850 1529 4922; x_wconf 79' lang='grc' dir='ltr'>τὴν</span> <span class='ocrx_word' id='word_1_718' title='bbox 1552 4848 1816 4921; x_wconf 80' lang='grc' dir='ltr'>ἀλήθειαν</span> <span class='ocrx_word' id='word_1_719' title='bbox 1848 4849 1990 4902; x_wconf 82' lang='grc' dir='ltr'>ὲκεί-</span> 
     </span>
    </p>
   </div>
   <div class='ocr_carea' id='block_1_98' title="bbox 407 4941 1985 5020">
    <p class='ocr_par' dir='ltr' id='par_1_98' title="bbox 407 4941 1985 5020">
     <span class='ocr_line' id='line_1_98' title="bbox 407 4941 1985 5020; baseline -0.004 -19"><span class='ocrx_word' id='word_1_720' title='bbox 407 4971 511 5004; x_wconf 82' lang='grc' dir='ltr'><strong>νων</strong></span> <span class='ocrx_word' id='word_1_721' title='bbox 537 4950 765 5020; x_wconf 78' lang='grc' dir='ltr'>σπουδή·</span> <span class='ocrx_word' id='word_1_722' title='bbox 797 4952 892 5001; x_wconf 79' lang='grc' dir='ltr'>καὶ</span> <span class='ocrx_word' id='word_1_723' title='bbox 918 4947 1017 5011; x_wconf 84' lang='grc' dir='ltr'>τὰς</span> <span class='ocrx_word' id='word_1_724' title='bbox 1044 4946 1166 5000; x_wconf 85' lang='grc' dir='ltr'>τότε</span> <span class='ocrx_word' id='word_1_725' title='bbox 1199 4943 1514 5015; x_wconf 85' lang='grc' dir='ltr'>κινηθείσας</span> <span class='ocrx_word' id='word_1_726' title='bbox 1545 4942 1787 5011; x_wconf 76' lang='grc' dir='ltr'>αἱρέσεις</span> <span class='ocrx_word' id='word_1_727' title='bbox 1810 4941 1985 5005; x_wconf 83' lang='grc' dir='ltr'>οὑτως</span> 
     </span>
    </p>
   </div>
   <div class='ocr_carea' id='block_1_99' title="bbox 407 5036 1986 5114">
    <p class='ocr_par' dir='ltr' id='par_1_99' title="bbox 407 5036 1986 5114">
     <span class='ocr_line' id='line_1_99' title="bbox 407 5036 1986 5114; baseline -0.006 -17"><span class='ocrx_word' id='word_1_728' title='bbox 407 5044 841 5114; x_wconf 66' lang='grc' dir='ltr'>ἀπεστράςρησαν</span> <span class='ocrx_word' id='word_1_729' title='bbox 869 5041 1167 5111; x_wconf 84' lang='grc' dir='ltr'>ἄνθρωποι,</span> <span class='ocrx_word' id='word_1_730' title='bbox 1208 5037 1342 5092; x_wconf 79' lang='grc' dir='ltr'>ὥσθ’</span> <span class='ocrx_word' id='word_1_731' title='bbox 1375 5039 1427 5092; x_wconf 75' lang='grc' dir='ltr'><strong>οῖ</strong></span> <span class='ocrx_word' id='word_1_732' title='bbox 1478 5039 1576 5109; x_wconf 78' lang='grc' dir='ltr'><strong>μὲν</strong></span> <span class='ocrx_word' id='word_1_733' title='bbox 1617 5037 1804 5092; x_wconf 76' lang='grc' dir='ltr'>πολλοὶ</span> <span class='ocrx_word' id='word_1_734' title='bbox 1859 5036 1986 5108; x_wconf 80' lang='grc' dir='ltr'>μήτ’</span> 
     </span>
    </p>
   </div>
   <div class='ocr_carea' id='block_1_100' title="bbox 407 5129 1984 5207">
    <p class='ocr_par' dir='ltr' id='par_1_100' title="bbox 407 5129 1984 5207">
     <span class='ocr_line' id='line_1_100' title="bbox 407 5129 1984 5207; baseline -0.004 -18"><span class='ocrx_word' id='word_1_735' title='bbox 407 5137 603 5201; x_wconf 72' lang='grc' dir='ltr'>εἰδότες</span> <span class='ocrx_word' id='word_1_736' title='bbox 634 5136 761 5207; x_wconf 79' lang='grc' dir='ltr'>μήτ’</span> <span class='ocrx_word' id='word_1_737' title='bbox 785 5135 1001 5205; x_wconf 82' lang='grc' dir='ltr'>ἔχοντες</span> <span class='ocrx_word' id='word_1_738' title='bbox 1027 5130 1307 5201; x_wconf 78' lang='grc' dir='ltr'>ἐγκαλεῖν,</span> <span class='ocrx_word' id='word_1_739' title='bbox 1339 5130 1413 5194; x_wconf 84' lang='grc' dir='ltr'>ὡς</span> <span class='ocrx_word' id='word_1_740' title='bbox 1432 5132 1531 5201; x_wconf 81' lang='grc' dir='ltr'>τῆς</span> <span class='ocrx_word' id='word_1_741' title='bbox 1561 5129 1821 5201; x_wconf 77' lang='grc' dir='ltr'>ἀληθείας</span> <span class='ocrx_word' id='word_1_742' title='bbox 1851 5145 1984 5200; x_wconf 80' lang='grc' dir='ltr'>προ-</span> 
     </span>
    </p>
   </div>
   <div class='ocr_carea' id='block_1_101' title="bbox 411 5214 1984 5302">
    <p class='ocr_par' dir='ltr' id='par_1_101' title="bbox 411 5214 1984 5302">
     <span class='ocr_line' id='line_1_101' title="bbox 411 5214 1984 5302; baseline -0.003 -21"><span class='ocrx_word' id='word_1_743' title='bbox 411 5236 610 5302; x_wconf 63' lang='grc' dir='ltr'>ε,».ὰχους</span> <span class='ocrx_word' id='word_1_744' title='bbox 643 5229 857 5293; x_wconf 76' lang='grc' dir='ltr'>ἀξιοῦσι</span> <span class='ocrx_word' id='word_1_745' title='bbox 883 5228 1050 5298; x_wconf 75' lang='grc' dir='ltr'>τιμᾷν</span> <span class='ocrx_word' id='word_1_746' title='bbox 1083 5227 1210 5289; x_wconf 84' lang='grc' dir='ltr'>τοὺς</span> <span class='ocrx_word' id='word_1_747' title='bbox 1253 5214 1375 5279; x_wconf 68' lang='grc' dir='ltr'>κατ⁴</span> <span class='ocrx_word' id='word_1_748' title='bbox 1405 5224 1628 5279; x_wconf 78' lang='grc' dir='ltr'>ἐκείνων</span> <span class='ocrx_word' id='word_1_749' title='bbox 1672 5223 1984 5294; x_wconf 78' lang='grc' dir='ltr'>ἡγωνισμέ-</span> 
     </span>
    </p>
   </div>
   <div class='ocr_carea' id='block_1_102' title="bbox 407 5314 1985 5391">
    <p class='ocr_par' dir='ltr' id='par_1_102' title="bbox 407 5314 1985 5391">
     <span class='ocr_line' id='line_1_102' title="bbox 407 5314 1985 5391; baseline -0.004 -16"><span class='ocrx_word' id='word_1_750' title='bbox 407 5340 544 5385; x_wconf 46' lang='lat' dir='ltr'><strong>vo»;</strong></span> <span class='ocrx_word' id='word_1_751' title='bbox 577 5323 625 5375; x_wconf 86' lang='grc' dir='ltr'>οἱ</span> <span class='ocrx_word' id='word_1_752' title='bbox 649 5321 695 5374; x_wconf 74' lang='grc' dir='ltr'>δ’</span> <span class='ocrx_word' id='word_1_753' title='bbox 726 5318 972 5391; x_wconf 79' lang='grc' dir='ltr'>ἁκρίὅῶς</span> <span class='ocrx_word' id='word_1_754' title='bbox 996 5319 1196 5383; x_wconf 73' lang='grc' dir='ltr'>εἰδότες</span> <span class='ocrx_word' id='word_1_755' title='bbox 1226 5319 1322 5372; x_wconf 76' lang='grc' dir='ltr'><strong>καὶ</strong></span> <span class='ocrx_word' id='word_1_756' title='bbox 1349 5316 1457 5370; x_wconf 85' lang='grc' dir='ltr'><strong>τῶν</strong></span> <span class='ocrx_word' id='word_1_757' title='bbox 1490 5315 1738 5372; x_wconf 76' lang='grc' dir='ltr'>ἀπίστων</span> <span class='ocrx_word' id='word_1_758' title='bbox 1788 5314 1985 5385; x_wconf 66' lang='lat' dir='ltr'><strong>inon-</strong></span> 
     </span>
    </p>
   </div>
   <div class='ocr_carea' id='block_1_103' title="bbox 405 5406 1987 5484">
    <p class='ocr_par' dir='ltr' id='par_1_103' title="bbox 405 5406 1987 5484">
     <span class='ocr_line' id='line_1_103' title="bbox 405 5406 1987 5484; baseline -0.003 -18"><span class='ocrx_word' id='word_1_759' title='bbox 405 5431 489 5468; x_wconf 76' lang='grc' dir='ltr'><strong>ται</strong></span> <span class='ocrx_word' id='word_1_760' title='bbox 543 5416 757 5484; x_wconf 77' lang='grc' dir='ltr'>χείρους</span> <span class='ocrx_word' id='word_1_761' title='bbox 802 5412 930 5475; x_wconf 81' lang='grc' dir='ltr'>τοὺς</span> <span class='ocrx_word' id='word_1_762' title='bbox 984 5412 1210 5466; x_wconf 73' lang='grc' dir='ltr'>ἐκείνων</span> <span class='ocrx_word' id='word_1_763' title='bbox 1268 5408 1780 5481; x_wconf 81' lang='grc' dir='ltr'>προστησαμένους.</span> <span class='ocrx_word' id='word_1_764' title='bbox 1825 5406 1987 5461; x_wconf 82' lang='grc' dir='ltr'>Οῦτω</span> 
     </span>
    </p>
   </div>
   <div class='ocr_carea' id='block_1_104' title="bbox 407 5501 1986 5578">
    <p class='ocr_par' dir='ltr' id='par_1_104' title="bbox 407 5501 1986 5578">
     <span class='ocr_line' id='line_1_104' title="bbox 407 5501 1986 5578; baseline -0.003 -20"><span class='ocrx_word' id='word_1_765' title='bbox 407 5509 557 5578; x_wconf 80' lang='grc' dir='ltr'>παρᾶ</span> <span class='ocrx_word' id='word_1_766' title='bbox 582 5508 745 5560; x_wconf 78' lang='grc' dir='ltr'>πᾶσιν</span> <span class='ocrx_word' id='word_1_767' title='bbox 766 5503 1075 5574; x_wconf 81' lang='grc' dir='ltr'>ἀνθρώποις</span> <span class='ocrx_word' id='word_1_768' title='bbox 1091 5503 1278 5558; x_wconf 77' lang='grc' dir='ltr'>αἰτῶν</span> <span class='ocrx_word' id='word_1_769' title='bbox 1301 5501 1510 5573; x_wconf 84' lang='grc' dir='ltr'>ἀνδρῶν</span> <span class='ocrx_word' id='word_1_770' title='bbox 1525 5501 1751 5554; x_wconf 77' lang='grc' dir='ltr'>ἐκείνων</span> <span class='ocrx_word' id='word_1_771' title='bbox 1774 5501 1986 5571; x_wconf 80' lang='grc' dir='ltr'>κρίσεις</span> 
     </span>
    </p>
   </div>
   <div class='ocr_carea' id='block_1_105' title="bbox 408 5588 1983 5670">
    <p class='ocr_par' dir='ltr' id='par_1_105' title="bbox 408 5588 1983 5670">
     <span class='ocr_line' id='line_1_105' title="bbox 408 5588 1983 5670; baseline -0.001 -20"><span class='ocrx_word' id='word_1_772' title='bbox 408 5602 738 5670; x_wconf 72' lang='grc' dir='ltr'>ἐκράτησαν.</span> <span class='ocrx_word' id='word_1_773' title='bbox 780 5599 1057 5660; x_wconf 78' lang='grc' dir='ltr'>Ἐκείνους</span> <span class='ocrx_word' id='word_1_774' title='bbox 1084 5598 1264 5650; x_wconf 82' lang='grc' dir='ltr'>τοίνυν</span> <span class='ocrx_word' id='word_1_775' title='bbox 1310 5597 1448 5663; x_wconf 84' lang='grc' dir='ltr'>ὅπερ</span> <span class='ocrx_word' id='word_1_776' title='bbox 1482 5588 1645 5649; x_wconf 74' lang='grc' dir='ltr'>,εἷπον</span> <span class='ocrx_word' id='word_1_777' title='bbox 1685 5593 1983 5664; x_wconf 68' lang='grc' dir='ltr'>ζηλωτέον·</span> 
     </span>
    </p>
   </div>
   <div class='ocr_carea' id='block_1_106' title="bbox 410 5687 1983 5761">
    <p class='ocr_par' dir='ltr' id='par_1_106' title="bbox 410 5687 1983 5761">
     <span class='ocr_line' id='line_1_106' title="bbox 410 5687 1983 5761; baseline -0.004 -16"><span class='ocrx_word' id='word_1_778' title='bbox 410 5693 503 5745; x_wconf 71' lang='grc' dir='ltr'><strong>καὶ</strong></span> <span class='ocrx_word' id='word_1_779' title='bbox 529 5693 602 5761; x_wconf 80' lang='grc' dir='ltr'>μὴ</span> <span class='ocrx_word' id='word_1_780' title='bbox 632 5694 751 5755; x_wconf 77' lang='grc' dir='ltr'>ταῖς</span> <span class='ocrx_word' id='word_1_781' title='bbox 790 5692 977 5755; x_wconf 72' lang='grc' dir='ltr'>ἄλλαις</span> <span class='ocrx_word' id='word_1_782' title='bbox 1024 5691 1186 5761; x_wconf 84' lang='grc' dir='ltr'>μόνον</span> <span class='ocrx_word' id='word_1_783' title='bbox 1215 5691 1427 5760; x_wconf 83' lang='grc' dir='ltr'>τιμαῖς,</span> <span class='ocrx_word' id='word_1_784' title='bbox 1476 5688 1613 5742; x_wconf 80' lang='grc' dir='ltr'>ἀλλὰ</span> <span class='ocrx_word' id='word_1_785' title='bbox 1643 5688 1738 5741; x_wconf 73' lang='grc' dir='ltr'><strong>καὶ</strong></span> <span class='ocrx_word' id='word_1_786' title='bbox 1771 5687 1848 5757; x_wconf 81' lang='grc' dir='ltr'><strong>τῷ</strong></span> <span class='ocrx_word' id='word_1_787' title='bbox 1891 5705 1983 5758; x_wconf 80' lang='grc' dir='ltr'>μι-</span> 
     </span>
    </p>
   </div>
   <div class='ocr_carea' id='block_1_107' title="bbox 414 5776 1985 5857">
    <p class='ocr_par' dir='ltr' id='par_1_107' title="bbox 414 5776 1985 5857">
     <span class='ocr_line' id='line_1_107' title="bbox 414 5776 1985 5857; baseline -0.004 -19"><span class='ocrx_word' id='word_1_788' title='bbox 414 5786 627 5857; x_wconf 79' lang='grc' dir='ltr'>μεῖσθαι</span> <span class='ocrx_word' id='word_1_789' title='bbox 655 5786 884 5839; x_wconf 60' lang='grc' dir='ltr'>καθᾶσον</span> <span class='ocrx_word' id='word_1_790' title='bbox 924 5785 1122 5855; x_wconf 74' lang='grc' dir='ltr'>ἔξεστι,</span> <span class='ocrx_word' id='word_1_791' title='bbox 1176 5788 1270 5836; x_wconf 76' lang='grc' dir='ltr'>καὶ</span> <span class='ocrx_word' id='word_1_792' title='bbox 1303 5780 1547 5854; x_wconf 77' lang='grc' dir='ltr'>νομίζειν</span> <span class='ocrx_word' id='word_1_793' title='bbox 1609 5783 1868 5852; x_wconf 81' lang='grc' dir='ltr'>ἀρίστους</span> <span class='ocrx_word' id='word_1_794' title='bbox 1902 5776 1985 5833; x_wconf 85' lang='grc' dir='ltr'><strong>εἷ-</strong></span> 
     </span>
    </p>
   </div>
   <div class='ocr_carea' id='block_1_108' title="bbox 415 5876 1984 5949">
    <p class='ocr_par' dir='ltr' id='par_1_108' title="bbox 415 5876 1984 5949">
     <span class='ocr_line' id='line_1_108' title="bbox 415 5876 1984 5949; baseline -0.004 -15"><span class='ocrx_word' id='word_1_795' title='bbox 415 5898 500 5934; x_wconf 82' lang='grc' dir='ltr'><strong>ναι</strong></span> <span class='ocrx_word' id='word_1_796' title='bbox 534 5880 870 5949; x_wconf 71' lang='grc' dir='ltr'>συμϐούλους</span> <span class='ocrx_word' id='word_1_797' title='bbox 903 5881 961 5930; x_wconf 80' lang='grc' dir='ltr'>ἐν</span> <span class='ocrx_word' id='word_1_798' title='bbox 996 5880 1109 5941; x_wconf 80' lang='grc' dir='ltr'>τοῖς</span> <span class='ocrx_word' id='word_1_799' title='bbox 1145 5877 1409 5939; x_wconf 74' lang='grc' dir='ltr'>τοιούτοις</span> <span class='ocrx_word' id='word_1_800' title='bbox 1452 5877 1546 5930; x_wconf 69' lang='grc' dir='ltr'><strong>καὶ</strong></span> <span class='ocrx_word' id='word_1_801' title='bbox 1599 5876 1848 5947; x_wconf 66' lang='grc' dir='ltr'>ὁδηγοὺς,</span> <span class='ocrx_word' id='word_1_802' title='bbox 1882 5876 1984 5946; x_wconf 70' lang='grc' dir='ltr'>τὴν</span> 
     </span>
    </p>
   </div>
   <div class='ocr_carea' id='block_1_109' title="bbox 662 5969 1291 6037">
    <p class='ocr_par' dir='ltr' id='par_1_109' title="bbox 662 5969 1291 6037">
     <span class='ocr_line' id='line_1_109' title="bbox 662 5969 1291 6037; baseline -0.013 0"><span class='ocrx_word' id='word_1_803' title='bbox 662 5978 930 6037; x_wconf 54' lang='lat' dir='ltr'><strong>Petunt.</strong></span> <span class='ocrx_word' id='word_1_804' title='bbox 970 5972 1088 6032; x_wconf 78' lang='lat' dir='ltr'><strong>Gtt.</strong></span> <span class='ocrx_word' id='word_1_805' title='bbox 1121 5969 1291 6030; x_wconf 70' lang='lat' dir='ltr'><strong>CLX.</strong></span> 
     </span>
    </p>
   </div>
   <div class='ocr_carea' id='block_1_110' title="bbox 2090 4674 3669 4751">
    <p class='ocr_par' dir='ltr' id='par_1_110' title="bbox 2090 4674 3669 4751">
     <span class='ocr_line' id='line_1_110' title="bbox 2090 4674 3669 4751; baseline 0.004 -22"><span class='ocrx_word' id='word_1_806' title='bbox 2090 4675 2313 4731; x_wconf 86' lang='lat' dir='ltr'><strong>Patrum</strong></span> <span class='ocrx_word' id='word_1_807' title='bbox 2336 4683 2481 4732; x_wconf 70' lang='lat' dir='ltr'><strong>coetu</strong></span> <span class='ocrx_word' id='word_1_808' title='bbox 2512 4674 2681 4743; x_wconf 88' lang='lat' dir='ltr'><strong>aliud,</strong></span> <span class='ocrx_word' id='word_1_809' title='bbox 2712 4690 2875 4746; x_wconf 87' lang='lat' dir='ltr'><strong>quam</strong></span> <span class='ocrx_word' id='word_1_810' title='bbox 2908 4678 3210 4747; x_wconf 87' lang='lat' dir='ltr'><strong>veritatem,</strong></span> <span class='ocrx_word' id='word_1_811' title='bbox 3236 4694 3359 4735; x_wconf 89' lang='lat' dir='ltr'><strong>esse</strong></span> <span class='ocrx_word' id='word_1_812' title='bbox 3384 4682 3669 4751; x_wconf 82' lang='lat' dir='ltr'><strong>agitatum,</strong></span> 
     </span>
    </p>
   </div>
   <div class='ocr_carea' id='block_1_111' title="bbox 2091 4768 3671 4839">
    <p class='ocr_par' dir='ltr' id='par_1_111' title="bbox 2091 4768 3671 4839">
     <span class='ocr_line' id='line_1_111' title="bbox 2091 4768 3671 4839; baseline 0.002 -14"><span class='ocrx_word' id='word_1_813' title='bbox 2091 4779 2188 4825; x_wconf 84' lang='lat' dir='ltr'><strong>aut</strong></span> <span class='ocrx_word' id='word_1_814' title='bbox 2217 4770 2285 4825; x_wconf 89' lang='lat' dir='ltr'><strong>de</strong></span> <span class='ocrx_word' id='word_1_815' title='bbox 2311 4769 2479 4825; x_wconf 87' lang='lat' dir='ltr'><strong>rebus</strong></span> <span class='ocrx_word' id='word_1_816' title='bbox 2507 4768 2823 4839; x_wconf 86' lang='lat' dir='ltr'><strong>quibusque</strong></span> <span class='ocrx_word' id='word_1_817' title='bbox 2859 4769 2912 4823; x_wconf 92' lang='lat' dir='ltr'><strong>in</strong></span> <span class='ocrx_word' id='word_1_818' title='bbox 2964 4772 3400 4827; x_wconf 90' lang='lat' dir='ltr'><strong>controversiam</strong></span> <span class='ocrx_word' id='word_1_819' title='bbox 3459 4776 3671 4828; x_wconf 71' lang='lat' dir='ltr'><strong>vocatis</strong></span> 
     </span>
    </p>
   </div>
   <div class='ocr_carea' id='block_1_112' title="bbox 2091 4853 3670 4932">
    <p class='ocr_par' dir='ltr' id='par_1_112' title="bbox 2091 4853 3670 4932">
     <span class='ocr_line' id='line_1_112' title="bbox 2091 4853 3670 4932; baseline 0.003 -17"><span class='ocrx_word' id='word_1_820' title='bbox 2091 4862 2174 4916; x_wconf 84' lang='lat' dir='ltr'><strong>vel</strong></span> <span class='ocrx_word' id='word_1_821' title='bbox 2234 4858 2595 4915; x_wconf 83' lang='lat' dir='ltr'><strong>dubitationis</strong></span> <span class='ocrx_word' id='word_1_822' title='bbox 2655 4859 2948 4928; x_wconf 77' lang='lat' dir='ltr'><strong>veStigium</strong></span> <span class='ocrx_word' id='word_1_823' title='bbox 3002 4853 3242 4932; x_wconf 71' lang='lat' dir='ltr'><strong>posteris</strong></span> <span class='ocrx_word' id='word_1_824' title='bbox 3278 4864 3529 4920; x_wconf 89' lang='lat' dir='ltr'><strong>relictum</strong></span> <span class='ocrx_word' id='word_1_825' title='bbox 3562 4883 3575 4919; x_wconf 90' lang='lat'><strong>:</strong></span> <span class='ocrx_word' id='word_1_826' title='bbox 3604 4882 3670 4919; x_wconf 70' lang='lat' dir='ltr'><strong>es</strong></span> 
     </span>
    </p>
   </div>
   <div class='ocr_carea' id='block_1_113' title="bbox 2093 4953 3672 5026">
    <p class='ocr_par' dir='ltr' id='par_1_113' title="bbox 2093 4953 3672 5026">
     <span class='ocr_line' id='line_1_113' title="bbox 2093 4953 3672 5026; baseline 0 -18"><span class='ocrx_word' id='word_1_827' title='bbox 2093 4954 2445 5021; x_wconf 80' lang='lat' dir='ltr'><strong>monimentis</strong></span> <span class='ocrx_word' id='word_1_828' title='bbox 2488 4953 2634 5009; x_wconf 90' lang='lat' dir='ltr'><strong>enim</strong></span> <span class='ocrx_word' id='word_1_829' title='bbox 2680 4960 2736 5007; x_wconf 87' lang='lat' dir='ltr'><strong>et</strong></span> <span class='ocrx_word' id='word_1_830' title='bbox 2788 4967 2970 5007; x_wconf 88' lang='lat' dir='ltr'><strong>rerum</strong></span> <span class='ocrx_word' id='word_1_831' title='bbox 3027 4956 3444 5011; x_wconf 85' lang='lat' dir='ltr'><strong>commentariis</strong></span> <span class='ocrx_word' id='word_1_832' title='bbox 3475 4957 3672 5026; x_wconf 85' lang='lat' dir='ltr'><strong>liquet,</strong></span> 
     </span>
    </p>
   </div>
   <div class='ocr_carea' id='block_1_114' title="bbox 2090 5045 3672 5115">
    <p class='ocr_par' dir='ltr' id='par_1_114' title="bbox 2090 5045 3672 5115">
     <span class='ocr_line' id='line_1_114' title="bbox 2090 5045 3672 5115; baseline 0 -16"><span class='ocrx_word' id='word_1_833' title='bbox 2090 5056 2354 5115; x_wconf 86' lang='lat' dir='ltr'><strong>quantum</strong></span> <span class='ocrx_word' id='word_1_834' title='bbox 2386 5047 2463 5102; x_wconf 91' lang='lat' dir='ltr'><strong>illi</strong></span> <span class='ocrx_word' id='word_1_835' title='bbox 2492 5047 2732 5103; x_wconf 87' lang='lat' dir='ltr'><strong>studium</strong></span> <span class='ocrx_word' id='word_1_836' title='bbox 2761 5045 2816 5099; x_wconf 88' lang='lat' dir='ltr'><strong>in</strong></span> <span class='ocrx_word' id='word_1_837' title='bbox 2851 5048 3134 5101; x_wconf 84' lang='lat' dir='ltr'><strong>veritatem</strong></span> <span class='ocrx_word' id='word_1_838' title='bbox 3181 5047 3545 5105; x_wconf 82' lang='lat' dir='ltr'><strong>contulerint.</strong></span> <span class='ocrx_word' id='word_1_839' title='bbox 3605 5048 3672 5101; x_wconf 80' lang='lat' dir='ltr'><strong>Et</strong></span> 
     </span>
    </p>
   </div>
   <div class='ocr_carea' id='block_1_115' title="bbox 2091 5139 3667 5209">
    <p class='ocr_par' dir='ltr' id='par_1_115' title="bbox 2091 5139 3667 5209">
     <span class='ocr_line' id='line_1_115' title="bbox 2091 5139 3667 5209; baseline -0.001 -16"><span class='ocrx_word' id='word_1_840' title='bbox 2091 5140 2310 5209; x_wconf 87' lang='lat' dir='ltr'><strong>quidem</strong></span> <span class='ocrx_word' id='word_1_841' title='bbox 2350 5149 2569 5196; x_wconf 79' lang='lat' dir='ltr'><strong>exortas</strong></span> <span class='ocrx_word' id='word_1_842' title='bbox 2592 5148 2708 5195; x_wconf 90' lang='lat' dir='ltr'><strong>tum</strong></span> <span class='ocrx_word' id='word_1_843' title='bbox 2745 5139 2980 5195; x_wconf 77' lang='lat' dir='ltr'><strong>hzercses</strong></span> <span class='ocrx_word' id='word_1_844' title='bbox 3015 5141 3088 5194; x_wconf 93' lang='lat' dir='ltr'><strong>ita</strong></span> <span class='ocrx_word' id='word_1_845' title='bbox 3119 5141 3369 5195; x_wconf 74' lang='lat' dir='ltr'><strong>homines</strong></span> <span class='ocrx_word' id='word_1_846' title='bbox 3429 5140 3667 5195; x_wconf 87' lang='lat' dir='ltr'><strong>aversati</strong></span> 
     </span>
    </p>
   </div>
   <div class='ocr_carea' id='block_1_116' title="bbox 2090 5228 3672 5304">
    <p class='ocr_par' dir='ltr' id='par_1_116' title="bbox 2090 5228 3672 5304">
     <span class='ocr_line' id='line_1_116' title="bbox 2090 5228 3672 5304; baseline -0.003 -16"><span class='ocrx_word' id='word_1_847' title='bbox 2090 5241 2241 5297; x_wconf 86' lang='lat' dir='ltr'><strong>sunt,</strong></span> <span class='ocrx_word' id='word_1_848' title='bbox 2266 5233 2564 5303; x_wconf 90' lang='lat' dir='ltr'><strong>utplurimi</strong></span> <span class='ocrx_word' id='word_1_849' title='bbox 2597 5232 2850 5304; x_wconf 83' lang='lat' dir='ltr'><strong>quamvis</strong></span> <span class='ocrx_word' id='word_1_850' title='bbox 2877 5246 2979 5288; x_wconf 88' lang='lat' dir='ltr'><strong>nee</strong></span> <span class='ocrx_word' id='word_1_851' title='bbox 3032 5231 3238 5297; x_wconf 88' lang='lat' dir='ltr'><strong>sciant,</strong></span> <span class='ocrx_word' id='word_1_852' title='bbox 3281 5245 3381 5287; x_wconf 90' lang='lat' dir='ltr'><strong>nec</strong></span> <span class='ocrx_word' id='word_1_853' title='bbox 3432 5228 3672 5285; x_wconf 84' lang='lat' dir='ltr'><strong>habeant</strong></span> 
     </span>
    </p>
   </div>
   <div class='ocr_carea' id='block_1_117' title="bbox 2089 5323 3669 5396">
    <p class='ocr_par' dir='ltr' id='par_1_117' title="bbox 2089 5323 3669 5396">
     <span class='ocr_line' id='line_1_117' title="bbox 2089 5323 3669 5396; baseline -0.003 -14"><span class='ocrx_word' id='word_1_854' title='bbox 2089 5326 2158 5383; x_wconf 86' lang='lat' dir='ltr'><strong>de</strong></span> <span class='ocrx_word' id='word_1_855' title='bbox 2197 5340 2314 5396; x_wconf 90' lang='lat' dir='ltr'><strong>quo</strong></span> <span class='ocrx_word' id='word_1_856' title='bbox 2368 5333 2803 5396; x_wconf 90' lang='lat' dir='ltr'><strong>conquerantur,</strong></span> <span class='ocrx_word' id='word_1_857' title='bbox 2841 5323 3032 5378; x_wconf 87' lang='lat' dir='ltr'><strong>Patres</strong></span> <span class='ocrx_word' id='word_1_858' title='bbox 3082 5333 3286 5391; x_wconf 88' lang='lat' dir='ltr'><strong>tamen,</strong></span> <span class='ocrx_word' id='word_1_859' title='bbox 3338 5323 3432 5394; x_wconf 91' lang='lat' dir='ltr'><strong>qui</strong></span> <span class='ocrx_word' id='word_1_860' title='bbox 3479 5332 3669 5379; x_wconf 78' lang='lat' dir='ltr'><strong>centra</strong></span> 
     </span>
    </p>
   </div>
   <div class='ocr_carea' id='block_1_118' title="bbox 2091 5413 3670 5484">
    <p class='ocr_par' dir='ltr' id='par_1_118' title="bbox 2091 5413 3670 5484">
     <span class='ocr_line' id='line_1_118' title="bbox 2091 5413 3670 5484; baseline -0.004 -10"><span class='ocrx_word' id='word_1_861' title='bbox 2091 5419 2217 5474; x_wconf 89' lang='lat' dir='ltr'><strong>illos</strong></span> <span class='ocrx_word' id='word_1_862' title='bbox 2249 5418 2628 5481; x_wconf 72' lang='lat' dir='ltr'><strong>decertat-unt,</strong></span> <span class='ocrx_word' id='word_1_863' title='bbox 2661 5417 2872 5473; x_wconf 87' lang='lat' dir='ltr'><strong>honore</strong></span> <span class='ocrx_word' id='word_1_864' title='bbox 2902 5413 3141 5470; x_wconf 81' lang='lat' dir='ltr'><strong>alliciant</strong></span> <span class='ocrx_word' id='word_1_865' title='bbox 3165 5425 3224 5470; x_wconf 92' lang='lat' dir='ltr'><strong>ut</strong></span> <span class='ocrx_word' id='word_1_866' title='bbox 3256 5415 3506 5470; x_wconf 87' lang='lat' dir='ltr'><strong>veritatis</strong></span> <span class='ocrx_word' id='word_1_867' title='bbox 3537 5430 3670 5484; x_wconf 84' lang='lat' dir='ltr'><strong>prn-</strong></span> 
     </span>
    </p>
   </div>
   <div class='ocr_carea' id='block_1_119' title="bbox 2090 5499 3681 5582">
    <p class='ocr_par' dir='ltr' id='par_1_119' title="bbox 2090 5499 3681 5582">
     <span class='ocr_line' id='line_1_119' title="bbox 2090 5499 3681 5582; baseline -0.002 -18"><span class='ocrx_word' id='word_1_868' title='bbox 2090 5499 2426 5582; x_wconf 68' lang='lat' dir='ltr'><strong>pugnat&#39;ores</strong></span> <span class='ocrx_word' id='word_1_869' title='bbox 2452 5526 2467 5576; x_wconf 89' lang='lat'><strong>;</strong></span> <span class='ocrx_word' id='word_1_870' title='bbox 2493 5509 2588 5579; x_wconf 87' lang='lat' dir='ltr'><strong>qui</strong></span> <span class='ocrx_word' id='word_1_871' title='bbox 2628 5522 2758 5563; x_wconf 89' lang='lat' dir='ltr'><strong>vero</strong></span> <span class='ocrx_word' id='word_1_872' title='bbox 2792 5508 2930 5564; x_wconf 87' lang='lat' dir='ltr'><strong>bene</strong></span> <span class='ocrx_word' id='word_1_873' title='bbox 2963 5515 3188 5575; x_wconf 85' lang='lat' dir='ltr'><strong>norunt,</strong></span> <span class='ocrx_word' id='word_1_874' title='bbox 3248 5514 3311 5563; x_wconf 91' lang='lat' dir='ltr'><strong>ut</strong></span> <span class='ocrx_word' id='word_1_875' title='bbox 3357 5505 3681 5563; x_wconf 75' lang='lat' dir='ltr'><strong>inﬁdelibus</strong></span> 
     </span>
    </p>
   </div>
   <div class='ocr_carea' id='block_1_120' title="bbox 2087 5598 3689 5670">
    <p class='ocr_par' dir='ltr' id='par_1_120' title="bbox 2087 5598 3689 5670">
     <span class='ocr_line' id='line_1_120' title="bbox 2087 5598 3689 5670; baseline -0.004 -15"><span class='ocrx_word' id='word_1_876' title='bbox 2087 5604 2253 5655; x_wconf 89' lang='lat' dir='ltr'><strong>etiam</strong></span> <span class='ocrx_word' id='word_1_877' title='bbox 2288 5601 2502 5670; x_wconf 87' lang='lat' dir='ltr'><strong>pejores</strong></span> <span class='ocrx_word' id='word_1_878' title='bbox 2535 5600 2773 5654; x_wconf 84' lang='lat' dir='ltr'><strong>habeant</strong></span> <span class='ocrx_word' id='word_1_879' title='bbox 2809 5598 3188 5654; x_wconf 66' lang='lat' dir='ltr'><strong>haereticorum</strong></span> <span class='ocrx_word' id='word_1_880' title='bbox 3263 5598 3480 5653; x_wconf 87' lang='lat' dir='ltr'><strong>illorum</strong></span> <span class='ocrx_word' id='word_1_881' title='bbox 3521 5608 3689 5652; x_wconf 59' lang='lat' dir='ltr'><strong>antea.</strong></span> 
     </span>
    </p>
   </div>
   <div class='ocr_carea' id='block_1_121' title="bbox 2087 5690 3670 5762">
    <p class='ocr_par' dir='ltr' id='par_1_121' title="bbox 2087 5690 3670 5762">
     <span class='ocr_line' id='line_1_121' title="bbox 2087 5690 3670 5762; baseline -0.002 -15"><span class='ocrx_word' id='word_1_882' title='bbox 2087 5692 2372 5762; x_wconf 83' lang='lat' dir='ltr'><strong>signanos.</strong></span> <span class='ocrx_word' id='word_1_883' title='bbox 2408 5691 2482 5745; x_wconf 83' lang='lat' dir='ltr'><strong>ita</strong></span> <span class='ocrx_word' id='word_1_884' title='bbox 2516 5691 2655 5760; x_wconf 86' lang='lat' dir='ltr'><strong>apud</strong></span> <span class='ocrx_word' id='word_1_885' title='bbox 2697 5704 2890 5747; x_wconf 86' lang='lat' dir='ltr'><strong>omnes</strong></span> <span class='ocrx_word' id='word_1_886' title='bbox 2913 5690 3166 5746; x_wconf 80' lang='lat' dir='ltr'><strong>homines</strong></span> <span class='ocrx_word' id='word_1_887' title='bbox 3184 5693 3425 5748; x_wconf 86' lang='lat' dir='ltr'><strong>virorum</strong></span> <span class='ocrx_word' id='word_1_888' title='bbox 3451 5690 3670 5747; x_wconf 85' lang='lat' dir='ltr'><strong>illorum</strong></span> 
     </span>
    </p>
   </div>
   <div class='ocr_carea' id='block_1_122' title="bbox 2086 5772 3756 5867">
    <p class='ocr_par' dir='ltr' id='par_1_122' title="bbox 2086 5772 3756 5867">
     <span class='ocr_line' id='line_1_122' title="bbox 2086 5772 3756 5867; baseline 0.002 -31"><span class='ocrx_word' id='word_1_889' title='bbox 2086 5785 2292 5856; x_wconf 90' lang='lat' dir='ltr'><strong>judicia</strong></span> <span class='ocrx_word' id='word_1_890' title='bbox 2324 5794 2440 5841; x_wconf 80' lang='lat' dir='ltr'><strong>rata</strong></span> <span class='ocrx_word' id='word_1_891' title='bbox 2471 5796 2623 5838; x_wconf 86' lang='lat' dir='ltr'><strong>sunt.</strong></span> <span class='ocrx_word' id='word_1_892' title='bbox 2653 5784 2780 5840; x_wconf 86' lang='lat' dir='ltr'><strong>Illos</strong></span> <span class='ocrx_word' id='word_1_893' title='bbox 2803 5787 2988 5857; x_wconf 79' lang='lat' dir='ltr'><strong>igitur,</strong></span> <span class='ocrx_word' id='word_1_894' title='bbox 3015 5772 3228 5867; x_wconf 52' lang='lat' dir='ltr'><strong>utdigi,</strong></span> <span class='ocrx_word' id='word_1_895' title='bbox 3254 5786 3622 5843; x_wconf 63' lang='lat' dir='ltr'><strong>aemulandum</strong></span> <span class='ocrx_word' id='word_1_896' title='bbox 3650 5802 3671 5849; x_wconf 74' lang='grc' dir='ltr'><strong>ς</strong></span> <span class='ocrx_word' id='word_1_897' title='bbox 3750 5849 3756 5854; x_wconf 93' lang='lat'><strong>_</strong></span> 
     </span>
    </p>
   </div>
   <div class='ocr_carea' id='block_1_123' title="bbox 2089 5878 3667 5948">
    <p class='ocr_par' dir='ltr' id='par_1_123' title="bbox 2089 5878 3667 5948">
     <span class='ocr_line' id='line_1_123' title="bbox 2089 5878 3667 5948; baseline -0.001 -13"><span class='ocrx_word' id='word_1_898' title='bbox 2089 5891 2143 5935; x_wconf 88' lang='lat' dir='ltr'><strong>et</strong></span> <span class='ocrx_word' id='word_1_899' title='bbox 2176 5893 2285 5933; x_wconf 89' lang='lat' dir='ltr'><strong>non</strong></span> <span class='ocrx_word' id='word_1_900' title='bbox 2307 5879 2483 5935; x_wconf 88' lang='lat' dir='ltr'><strong>solum</strong></span> <span class='ocrx_word' id='word_1_901' title='bbox 2512 5879 2637 5934; x_wconf 75' lang='lat' dir='ltr'><strong>aliis</strong></span> <span class='ocrx_word' id='word_1_902' title='bbox 2687 5878 3013 5948; x_wconf 85' lang='lat' dir='ltr'><strong>honoribus,</strong></span> <span class='ocrx_word' id='word_1_903' title='bbox 3048 5880 3142 5935; x_wconf 82' lang='lat' dir='ltr'><strong>Sed</strong></span> <span class='ocrx_word' id='word_1_904' title='bbox 3177 5880 3440 5935; x_wconf 79' lang='lat' dir='ltr'><strong>imitando</strong></span> <span class='ocrx_word' id='word_1_905' title='bbox 3500 5879 3667 5934; x_wconf 63' lang='lat' dir='ltr'><strong>etiam</strong></span> 
     </span>
    </p>
   </div>
   <div class='ocr_carea' id='block_1_124' title="bbox 3280 5971 3348 6033">
    <p class='ocr_par' dir='ltr' id='par_1_124' title="bbox 3280 5971 3348 6033">
     <span class='ocr_line' id='line_1_124' title="bbox 3280 5971 3348 6033; baseline 0 0"><span class='ocrx_word' id='word_1_906' title='bbox 3280 5971 3348 6033; x_wconf 67' lang='lat'><strong>1&#39;4</strong></span> 
     </span>
    </p>
   </div>
  </div>
