4038 6426
378 387 483 450 Η

1469 386 1845 449 ΟΕΝΝΑΒΠ
1888 384 1993 447 CP.
2039 380 2240 443 ΓΑΤΠ
2257 384 2324 444 Li
2340 382 2563 445 [ἰεῗῐῖίῖζ

3526 390 3630 455 ιεδ·

375 505 553 577 quoad
576 504 697 574 ejus
717 504 829 559 fieri
856 506 1049 576 possit,
1070 515 1123 562 et
1144 506 1375 563 consilia
1400 523 1590 563 eorum
1610 523 1673 564 ac
1700 516 1945 578 praeeun-

2072 501 2188 573 τρδς
2216 503 2459 561 ἐκεῖν’νυς
2494 503 2832 557 ἑπιδειεςτεον
2866 501 3001 556 αἰδῶ
3033 520 3047 535 ·
3081 504 3170 555 καὶ
3200 503 3251 555 τί
3277 503 3360 556 δεῖ
3419 512 3629 575 φρονεῖν

379 596 451 651 tia
482 596 729 665 exempla
763 596 816 650 in
854 596 1234 665 hujuscemodi
1272 600 1433 655 rebus
1488 600 1777 671 aptissima
1832 597 1947 651 ι’ιί-

377 684 673 749 stimando,
707 699 817 755 qua
858 685 1205 743 observantia
1256 688 1367 744 sint
1403 688 1639 754 colendi,
1662 687 1946 744 declaran-

377 777 529 838 dum,
562 773 1161 844 ctiuquirendumcum
1184 776 1415 846 Spiritu,
1453 778 1581 847 quid
1619 778 1693 832 sit
1718 779 1783 832 de
1828 775 1948 846 Spio

377 867 483 921 ritu
518 866 867 921 sentiendum
902 882 918 934 ;
951 876 1006 922 et
1033 868 1303 924 tollendus
1327 869 1393 924 ab
1415 869 1694 925 hominum
1750 870 1952 925 animis

378 967 546 1014 a‘stus
584 968 637 1012 et
692 959 1050 1028 perturbatio,
1119 970 1173 1016 et
1231 962 1514 1017 liberanda
1562 963 1798 1020 Ecclesia
1859 965 1954 1018 lite

379 1054 577 1115 inutili,
602 1062 657 1108 et
676 1055 861 1109 multis
894 1054 1015 1110 aliis
1041 1056 1220 1124 nugis,
1256 1057 1460 1127 quibus
1510 1057 1670 1129 longa
1723 1066 1955 1111 concer-

380 1147 533 1207 tatio.
565 1145 822 1215 quodque
849 1146 1026 1200 neutri
1055 1147 1287 1215 partium
1314 1150 1419 1203 nlla
1448 1149 1515 1203 de
1536 1148 1800 1204 fratribus
1823 1164 1954 1204 cura

378 1235 565 1299 fuerit,
595 1237 773 1293 locum
819 1239 986 1294 dedit.
1037 1240 1165 1294 Post
1207 1242 1323 1296 haec
1357 1250 1535 1296 autem
1587 1250 1955 1313 opportunum

380 1331 483 1382 erit
510 1329 675 1383 etiam
706 1330 776 1384 de
808 1331 1037 1398 reliquis
1082 1332 1329 1403 cogitare
1355 1374 1369 1398 ,
1425 1342 1480 1388 et
1537 1349 1701 1389 nemo
1745 1349 1845 1390 nos
1877 1334 1955 1386 in-

382 1419 746 1487 simulaverit,
778 1421 923 1490 quod
967 1421 1243 1476 deferendi
1296 1420 1468 1477 mutui
1510 1423 1737 1478 honoris
1771 1433 1826 1478 ct
1880 1423 1961 1477 af-

382 1510 730 1567 ferendarum
754 1511 1025 1568 hincinde
1056 1512 1375 1577 utilitatum,
1408 1513 1705 1585 acjamdiu
1756 1513 1955 1569 decan-

385 1612 510 1659 tatas
535 1604 684 1659 illius
712 1602 997 1660 felicitatis
1028 1617 1220 1658 curam
1248 1603 1642 1674 suscipiamus.
1671 1603 1785 1675 Ego
1811 1605 1960 1661 enim

382 1709 512 1761 spes
557 1695 723 1748 etiam
765 1695 888 1750 illas
930 1705 1120 1749 contra
1172 1694 1442 1760 infideles,
1475 1696 1676 1766 quibus
1730 1696 1854 1751 duci
1904 1711 1966 1752 se

384 1788 542 1840 aiunt
590 1787 862 1854 nonnulli,
903 1801 1149 1858 quasque
1177 1797 1484 1844 nostrorum
1520 1788 1764 1844 laborum
1798 1798 1962 1860 caput

2055 593 2306 662 περὶτοῦ
2344 593 2686 663 Πνεύματος,
2725 593 3042 659 ἐξεταστέον
3076 593 3216 664 μετά
3261 594 3354 647 τοῦ
3389 596 3631 667 Πνεῦμα-

2052 699 2165 746 τος·
2198 684 2293 736 καὶ
2329 683 2601 738 παυστέον
2629 684 2729 753 μὲν
2758 683 2991 754 θορύϐου
3016 687 3108 739 καὶ
3130 684 3377 754 ταραχῆς
3400 686 3499 748 τὰς
3526 685 3632 741 τῶν

2053 773 2361 844 ἀνθρώπων
2383 774 2591 845 ψυχὰς,
2615 776 2714 844 τὴν
2744 774 2791 829 δ’
2847 776 3178 847 Ἐκκλησίαν
3229 778 3411 848 ἔριδος
3439 781 3631 849 ἀνονή-

2053 882 2152 918 του
2191 867 2283 919 καὶ
2331 884 2435 934 ια)
2450 868 2558 936 ρῶν
2597 868 2772 921 ἄλλων
2811 867 2991 937 λήρων
3042 867 3442 933 ἀπαλλακτέον,
3489 864 3568 931 οἷς
3600 872 3630 940 ἡ

2060 960 2247 1029 μακρὰ
2266 958 2570 1028 φιλονεικία⁴
2597 960 2691 1014 καὶ
2719 960 2778 1012 τὸ
2803 960 3121 1031 μηδετέροις
3147 962 3336 1030 μέλειν
3363 963 3471 1016 τῶν
3490 964 3636 1018 ἀδελ-

2059 1052 2176 1119 φῶν
2205 1052 2404 1105 δέδωκε
2442 1051 2646 1122 χώραν.
2681 1053 2835 1106 Μετὰ
2864 1052 3036 1106 ταῦτα
3070 1054 3130 1106 δὲ
3161 1056 3253 1107 καὶ
3283 1056 3395 1106 τῶν
3428 1054 3636 1107 ὑπολοί-

2060 1160 2179 1197 πων
2209 1144 2519 1214 φροντίζειν
2549 1143 2812 1215 ἔγκαιρον
2846 1132 3019 1197 ἔσται’
3054 1138 3274 1213 καὶτῆς
3310 1148 3444 1217 παρ’
3475 1148 3606 1215 ἀλλή
3629 1178 3641 1191 ι

2060 1236 2168 1288 λων
2195 1253 2247 1288 τι
2257 1237 2362 1305 μῆς
2391 1252 2447 1289 τε
2476 1237 2570 1288 xxi
2603 1236 2872 1303 ὠφελείας
2897 1239 2991 1288 καὶ
3024 1238 3133 1289 τῶν
3160 1240 3223 1290 ἐκ
3257 1238 3457 1291 πολλοῦ
3484 1239 3634 1308 09o).-

2060 1325 2341 1395 λουμένων
2369 1327 2596 1378 ἐκείνοιν
2630 1326 2805 1387 οὐδεὶς
2850 1328 2983 1395 ἡμῖν
3031 1328 3318 1395 ἐγκαλέσει
3382 1329 3641 1399 πρόνοιαν

2066 1417 2430 1487 ποιουμένοις.
2480 1417 2623 1486 Ἐγὼ
2664 1420 2773 1487 γὰρ
2799 1418 2895 1471 καὶ
2936 1420 3034 1481 τὰς
3075 1421 3218 1473 κατά
3249 1420 3363 1473 τῶν
3398 1421 3642 1475 ἀπίστων

2063 1508 2307 1574 ἐλπίδας,
2334 1508 2425 1579 ὑφ’
2455 1502 2530 1563 ὧν
2578 1509 2902 1578 ἐπείγεσθαι
2948 1527 3094 1575 τινες
3138 1510 3386 1579 λέγουσι,
3438 1514 3533 1567 καὶ
3576 1514 3639 1576 ἃς

2067 1596 2439 1669 ἰσχυρίζονται
2470 1597 2582 1653 τῶν
2615 1600 2905 1670 ἡμετέρων
2935 1599 3117 1670 ἔργων
3147 1598 3295 1655 εἶναι
3322 1603 3638 1673 κεφάλαιον,

2066 1691 2117 1743 εί
2145 1691 2247 1759 μὲν
2278 1691 2441 1744 ἕνεκα
2466 1690 2562 1743 τοῦ
2594 1690 2857 1745 δύνασθαι
2889 1691 2990 1763 ζῇν
3017 1692 3299 1763 ἀσφαλῶς,
3335 1696 3431 1749 καὶ
3461 1697 3529 1750 τά
3551 1698 3643 1766 τῆς

2068 1782 2313 1848 δουλείας
2353 1784 2428 1854 μὴ
2456 1783 2693 1837 δεδιέναι
2722 1770 2940 1857 δεινάξῆ
2970 1787 3065 1839 καὶ
3083 1786 3232 1851 δίκας
3263 1787 3513 1850 ἐκείνους
3540 1790 3648 1839 είσ-

384 1894 507 1935 csse
526 1879 885 1945 contendunt,
926 1880 973 1935 si
1020 1880 1267 1949 quidem,
1306 1890 1366 1935 ut
1400 1891 1519 1936 tuto
1547 1883 1728 1936 vivere
1780 1884 1960 1953 possi-

2072 1877 2379 1945 πράξασθαι
2421 1880 2523 1946 τῆς
2574 1880 2656 1942 είς
2696 1880 2842 1949 ἡμᾶς
2870 1879 3178 1948 παροινίας,
3218 1882 3301 1945 είς
3331 1881 3401 1952 ἣν
3429 1882 3492 1937 ἐκ
3522 1880 3648 1936 πολ-

387 1987 531 2037 inus,
557 1981 608 2026 et
631 1972 912 2028 servitutis
941 1974 1084 2027 mala
1123 1989 1230 2027 non
1280 1974 1593 2041 timeamus,
1631 1976 1747 2030 sive
1793 1976 1961 2029 etiam

388 2074 446 2120 ut
467 2066 533 2119 de
558 2064 774 2120 illorum
826 2066 879 2119 in
936 2080 1039 2120 nos
1081 2065 1381 2135 petulantia
1432 2081 1625 2137 poenas
1658 2081 1959 2128 sumamus,

386 2158 647 2227 adquam
680 2157 957 2228 progressi
992 2165 1119 2212 sunt
1150 2172 1216 2212 ex
1275 2156 1449 2212 nimia
1505 2157 1863 2229 procacitate,
1916 2157 1961 2211 si

388 2260 610 2321 propter
633 2250 748 2305 haec
776 2264 900 2321 spes
928 2248 1130 2303 alimus
1152 2258 1344 2323 contra
1391 2250 1535 2312 illos,
1568 2265 1683 2305 rem
1732 2266 1827 2305 eas
1873 2265 1965 2305 ar-

389 2345 564 2397 hitror
589 2341 805 2398 inanem
866 2350 922 2396 et
974 2356 1078 2396 non
1118 2342 1298 2411 magni
1347 2340 1654 2408 faciendas,
1689 2345 1733 2399 si
1780 2352 1963 2401 tamen

386 2445 665 2504 utcunque
716 2434 991 2505 potuerint
1039 2435 1371 2503 succedere;
1430 2450 1608 2505 neque
1675 2437 1832 2504 tales,
1908 2448 1970 2494 ut

386 2529 574 2597 perlici
610 2528 728 2582 sine
756 2526 849 2580 Dei
879 2542 982 2596 ope
1009 2528 1248 2594 possint,
1288 2527 1434 2597 quod
1466 2528 1611 2582 idem
1638 2536 1725 2584 est
1772 2545 1835 2585 ac
1887 2531 1969 2585 di-

385 2636 532 2686 cere,
550 2635 658 2674 non
681 2617 963 2691 pr'oposito
995 2618 1104 2673 illis
1134 2634 1301 2689 scopo
1338 2619 1545 2690 aliquo,
1574 2620 1667 2691 qui
1735 2620 1846 2676 Deo
1900 2624 1970 2679 sit

385 2720 593 2779 gratus.
623 2709 678 2763 Si
715 2722 847 2765 vero
905 2708 975 2762 de
1002 2707 1180 2762 salute
1219 2707 1531 2763 animarum
1588 2708 1807 2766 solliciti
1868 2711 1971 2766 hu-

384 2817 696 2868 manarum,
732 2810 789 2857 et
817 2801 1088 2858 enitentes
1117 2809 1176 2853 nt
1204 2802 1467 2857 tollantur
1505 2818 1537 2856 e
1567 2804 1747 2857 medio
1775 2813 1971 2859 sordes

388 2895 686 2960 mendacii,
716 2902 772 2948 et
828 2903 1050 2963 prepter
1093 2892 1199 2947 alia
1255 2893 1595 2961 hujusmodi,
1627 2908 1754 2962 spes
1806 2894 1973 2949 hasce

388 2983 708 3055 sequimini,
752 2983 917 3037 laudo
950 2984 1171 3053 qiiidern
1224 2984 1366 3050 quod
1420 2984 1528 3037 huc
1589 2985 1973 3051 illaatendant,

386 3079 480 3133 sed
522 3077 883 3146 posteriorum
916 3076 1093 3131 locum
1125 3090 1221 3131 eas
1267 3075 1549 3131 vindicare
1582 3075 1687 3132 sibi
1712 3079 1971 3143 arbitror,

2065 1969 2165 2039 λῆς
2195 1968 2508 2040 ἠνέχθησαν
2533 1968 2770 2042 ὕϐρεως,
2800 1974 2849 2025 εί
2884 1972 2982 2041 μὲν
3014 1971 3077 2042 δὴ
3104 1971 3315 2027 τούτων
3342 1973 3509 2029 ἕνεκα
3533 1972 3650 2044 τρέ-

2066 2078 2243 2131 φομεν
2273 2061 2373 2126 τὰς
2411 2061 2534 2115 κατ’
2589 2063 2821 2117 ἐκείνων
2853 2064 3096 2131 ἐλπίδας,
3154 2065 3391 2136 μάταιον
3446 2066 3649 2129 ταύτας

2067 2155 2307 2225 ἡγοῦμαι
2338 2155 2552 2227 χρῆμα,
2585 2158 2680 2209 καὶ
2721 2155 2845 2209 οὕτε
2897 2157 3092 2213 πολλοῦ
3148 2178 3297 2224 τινος
3344 2161 3525 2226 ἀξίας,
3579 2161 3641 2214 ἂν

2071 2249 2322 2301 ὁπωσοῦν
2350 2247 2448 2301 καὶ
2491 2248 2793 2318 δυνηθῶσιν
2839 2252 3088 2321 ἐκϐῆναι,
3131 2251 3242 2305 οὔτ’
3271 2253 3539 2307 ἀνύεσθαι
3557 2255 3647 2307 δν-

2070 2342 2306 2409 ναμένας
2327 2340 2456 2394 ἄνευ
2478 2342 2639 2405 Θεοῦ,
2670 2345 2866 2398 ταυτὸν
2897 2344 2943 2398 δ’
2965 2347 3141 2399 είπεῖν
3165 2345 3240 2418 μὴ
3272 2346 3485 2401 σκοποῦ
3511 2364 3649 2410 τινος

2071 2429 2353 2507 θεοφιλρῢς
2382 2432 2576 2497 αὐταῖς
2599 2434 2929 2504 ἡγουμένου.
2968 2436 3029 2490 Ei
3060 2437 3118 2490 δέ
3168 2438 3265 2507 τῆς
3300 2439 3411 2491 τῶν
3441 2439 3647 2510 ἀνθρωο

2071 2522 2245 2575 πίνων
2279 2522 2469 2592 ψυχῶν
2491 2525 2782 2595 κηδόμενοι
2826 2529 3123 2598 σωτηρίας,
3177 2532 3269 2584 καὶ
3305 2531 3369 2584 τὸ
3395 2531 3487 2585 τοῦ
3522 2531 3649 2602 disti-

2070 2613 2193 2677 δους
2226 2610 2411 2684 αἶσχος
2436 2615 2639 2682 ἐξελεῖν
2670 2619 2733 2671 ἐκ
2770 2619 2939 2689 μέσον
2969 2621 3328 2692 πειρώμενοι.
3355 2625 3451 2677 καὶ
3476 2625 3649 2677 τοιού-

2072 2724 2178 2760 των
2205 2707 2268 2777 δή
2298 2726 2462 2762 τινων
2491 2710 2652 2779 χάριν
2698 2713 2792 2765 ἐπὶ
2821 2716 3022 2779 ταύτας
3043 2716 3241 2785 ἄγεσθε
3270 2719 3377 2782 τὰς
3411 2720 3645 2787 ἐλπίδας,

2074 2800 2286 2854 ἐπαινῶ
2319 2802 2419 2869 μὲν
2459 2804 2551 2856 ἐπὶ
2583 2804 2795 2869 τούτοις
2851 2805 3015 2872 οὔσας
3062 2811 3251 2876 αὑτὰς,
3319 2812 3571 2882 δευτέρα;
3596 2814 3649 2865 δὲ

2077 2896 2466 2964 πραγματείας
2492 2892 2632 2952 εἶναι
2662 2900 2890 2970 νομίζω,
2937 2902 3034 2954 καὶ
3072 2903 3276 2972 μηδένα
3328 2904 3485 2974 λόγον
3510 2906 3650 2975 ἔχειν

2079 2985 2173 3038 ἐπὶ
2225 2987 2450 3050 ταύταις
2494 2990 2791 3058 ὁρμᾶσθαι,
2827 2991 2954 3061 πρὶν
2999 2992 3096 3063 τὴν
3121 2995 3177 3047 ἐν
3231 2998 3338 3067 μιᾷ
3397 2997 3521 3068 δόξῃ
3560 3000 3649 3067 τῆς

2078 3077 2342 3148 ἀληθείας
2372 3080 2480 3134 τῶν
2509 3083 2616 3136 ἀπὸ
2673 3083 2912 3155 Χριστοῦ
2949 3086 3307 3156 καλουμένων
3331 3091 3526 3144 ἕνωσιν
3558 3109 3652 3143 κα-

387 3186 489 3225 nec
510 3184 634 3224 esse
689 3169 888 3223 rationi
943 3181 1274 3230 consonum,
1309 3167 1607 3237 propositis
1666 3168 1774 3223 illis
1804 3183 1964 3236 nego-

2077 3170 2483 3240 ταπράξασθαι.
2519 3172 2639 3227 Εἴτε
2695 3174 2807 3244 γὰρ
2854 3176 2912 3229 τὸ
2941 3175 3130 3245 ψεῦδος
3170 3183 3359 3248 μισεῖν
3404 3183 3504 3250 δεῖ,
3563 3183 3653 3235 καὶ

389 3263 524 3316 ιίιιιη
561 3276 775 3332 gerere,
806 3259 1126 3330 priusquam
1160 3260 1214 3315 in
1245 3256 1351 3314 una
1394 3261 1645 3317 veritatis
1699 3264 1971 3318 sententia

387 3367 578 3406 eorum
611 3351 703 3421 qni
736 3365 934 3406 nomen
960 3349 1181 3406 Christo
1204 3351 1492 3416 dederunt,
1555 3352 1813 3409 unionem
1844 3369 1975 3408 cou-

391 3446 607 3501 ticiatis.
638 3445 765 3500 Sive
788 3442 934 3499 enim
967 3444 1310 3499 mendacium
1372 3444 1499 3499 odio
1539 3444 1849 3501 habendum
1878 3448 1970 3509 sit,

389 3549 440 3591 et
468 3552 634 3607 quam
661 3536 979 3607 longissime
1021 3534 1352 3590 abEeclesia
1403 3536 1825 3606 projicicndum,
1893 3537 1974 3593 lo-

389 3647 513 3684 cum
558 3632 660 3686 hoc
690 3630 925 3685 maxime
968 3628 1131 3684 habet
1185 3629 1237 3682 in
1273 3644 1332 3683 re
1384 3638 1595 3691 nostra,
1658 3645 1783 3684 cum
1833 3645 1968 3685 sane

389 3719 896 3793 renstetiippositas
928 3736 1029 3778 nos
1078 3720 1216 3776 tueri
1265 3721 1590 3787 sententias,
1648 3732 1702 3776 et
1762 3723 1971 3777 utravis

390 3832 519 3887 pars
550 3814 731 3870 trahat
782 3828 971 3870 secum
1026 3814 1321 3868 maximam
1375 3813 1659 3868 hominum
1708 3826 1968 3885 partem:

389 3909 504 3964 sive
529 3906 901 3964 necessarium
931 3906 1003 3962 sit
1033 3905 1321 3963 consulere
1360 3906 1593 3961 fratrum
1621 3908 1813 3973 sdnti,
1843 3923 1968 3962 cum

389 4001 493 4054 huc
514 4000 586 4054 sit
608 3999 903 4054 charilatis
920 4013 1047 4066 erga
1079 3997 1201 4054 illos
1238 3997 1421 4060 index,
1451 4013 1614 4069 quem
1676 4000 1755 4053 vel
1799 4000 1969 4053 alarii

390 4089 705 4160 profusione
751 4090 949 4145 anima:
999 4089 1314 4158 impendere
1381 4089 1487 4144 illis
1535 4090 1815 4153 debemus,
1874 4090 1966 4160 qui

389 4182 730 4238 mendacium
780 4182 883 4236 hoc
937 4180 1041 4236 rite
1074 4190 1374 4251 agnoscent
1427 4191 1482 4237 et
1542 4182 1966 4248 aversabuntur,

390 4291 497 4330 non
524 4275 790 4330 minorem
827 4272 987 4328 nobis
1037 4272 1268 4342 gratiam
1330 4272 1630 4336 habebunt,
1685 4288 1850 4342 quam
1902 4273 1969 4329 iis

389 4365 482 4434 qui
514 4367 584 4419 ab
624 4363 944 4418 inﬁdelitate
970 4361 1324 4427 liberassent,
1388 4361 1461 4416 ob
1501 4360 1754 4424 salutem.
1787 4378 1955 4432 quam

2080 3261 2178 3329 τῆς
2245 3260 2578 3332 Ἐκκλησίας
2631 3263 2916 3318 ἐκϐάλλειν
2971 3267 3048 3330 ὡς
3101 3270 3472 3339 πορρωτάτω,
3523 3271 3650 3324 πολ)

2079 3354 2238 3406 τοῦτο
2291 3354 2395 3408 κάν
2430 3356 2542 3414 τοῖς
2591 3361 2972 3426 τροκεεμένοις
3022 3361 3191 3428 ἐστὶν,
3232 3364 3294 3415 ἐν
3358 3361 3443 3427 οἷς
3487 3364 3649 3435 δήπτιι)

2080 3446 2388 3516 φαινόμεθα
2411 3447 2508 3510 τὰς
2531 3451 2917 3519 ἀντικειμένας
2941 3452 3154 3522 ἔχοντες
3172 3454 3298 3521 δόξα
3312 3475 3361 3520 ς,
3390 3459 3483 3512 καὶ
3506 3457 3647 3511 πλεί-

2080 3554 2213 3610 στης
2252 3541 2365 3592 τῶν
2416 3539 2723 3610 ἀνθρώπων
2775 3546 2972 3614 μοίρας
3023 3550 3249 3616 κρατεῖ.
3286 3551 3559 3621 ὁποτέραν
3588 3548 3649 3603 ἂν

2080 3633 2226 3685 είποι
2260 3649 2364 3694 τις·
2395 3635 2504 3686 εἴτε
2534 3634 2631 3703 τῆς
2661 3635 2769 3688 τῶν
2790 3639 3038 3707 ἀδελφῶν
3072 3642 3332 3708 προνοεῖν
3382 3642 3647 3711 σωτηρίας

2079 3722 2414 3790 ἐπάναγκες,
2448 3723 2542 3777 ἅτε
2597 3726 2695 3794 τῆς
2729 3728 2866 3796 πρὸς
2922 3731 3119 3793 αὐτοὺς
3168 3732 3399 3803 ἀγάπης
3435 3730 3647 3797 ἔνδειξιν

2078 3813 2222 3881 ἔχον,
2247 3814 2314 3884 ην
2345 3816 2438 3868 καὶ
2472 3814 2548 3884 τῷ
2576 3817 2675 3885 τὴν
2705 3817 2883 3890 ψυχὴν
2915 3820 3050 3890 ὑπὲρ
3077 3822 3253 3875 αὐτῶν
3278 3824 3491 3879 τιθέναι
3526 3842 3649 3896 τρο-

2080 3904 2269 3975 θύμως
2291 3906 2503 3969 τούτοις
2528 3907 2840 3977 ὀφείλομεν,
2874 3912 2923 3964 οἱ
2964 3915 3116 3966 τουτὶ
3146 3915 3208 3967 τὸ
3226 3915 3429 3985 ψεῦδος
3452 3920 3649 3986 γνωσό-

2082 4014 2231 4067 μενοι
2250 3997 2429 4060 καλῶς
2450 3999 2543 4052 καὶ
2566 4005 2913 4071 μισήσοντες,
2932 4005 3041 4058 τῶν
3068 4007 3169 4076 τῆς
3200 4011 3461 4073 ἀπιστίας
3483 4013 3646 4065 ἀπα).-

2077 4087 2394 4157 λαξομένων
2426 4090 2578 4143 οὐδὲν
2607 4091 2818 4146 ἐλάττω
2865 4096 2964 4164 τῆς
2999 4098 3275 4168 σωτηρίας
3323 4102 3456 4171 ἡμῖν
3484 4102 3647 4170 ὀφλήσ-

2078 4196 2232 4234 σουσι
2262 4182 2445 4252 χάριν·
2475 4178 2544 4256 ἦς
2583 4184 2691 4238 τῶν
2721 4186 3026 4257 ἀμηχάνων
3069 4192 3186 4244 ἐστὶ
3213 4197 3401 4263 τυχεῖν
3424 4198 3545 4255 τοὺς
3572 4193 3644 4264 τῷ

2075 4271 2265 4342 ψεύδει
2299 4272 2653 4343 βεϐιωκότας,
2680 4278 2877 4331 ὁπόσον
2904 4278 2971 4332 ἂν
3004 4281 3117 4346 εἴη,
3154 4282 3246 4334 καὶ
3276 4285 3414 4346 πρὸς
3460 4285 3641 4354 ἥντινα

2079 4361 2179 4432 τῆς
2212 4361 2449 4426 πίστεως
2481 4360 2753 4435 ἀλήθειαν
2780 4368 3123 4439 διαμάχοιτο.

390 4454 833 4527 inpossibileest
853 4451 1117 4530 consequi
1140 4451 1429 4507 mendacio
1481 4452 1798 4520 obsecutos,
1863 4460 2353 4525 quantumcunque
2419 4455 2551 4535 illud
2614 4458 2705 4525 sit,
2759 4465 2817 4513 et
2864 4474 3191 4530 quacunque
3246 4473 3447 4533 pugnet
3526 4477 3641 4518 eum

376 4550 627 4602 .veritate
661 4545 810 4600 ﬁdei.

462 4642 728 4710 Quocirca
762 4655 946 4709 pacem
978 4653 1043 4693 eo
1073 4653 1182 4707 quo
1210 4653 1460 4710 propono
1484 4640 1647 4697 modo
1681 4640 1884 4706 facere,
1916 4652 1964 4699 et

2150 4608 2310 4696 λὨστε
2340 4640 2402 4696 τδ
2429 4642 2528 4712 τὴν
2561 4643 2792 4715 εἰρήνην
2822 4610 2887 4697 ὃν
2914 4645 3216 4714 συμόουλεί
3224 4666 3271 4698 ω
3297 4648 3498 4715 τρόπον
3533 4664 3643 4696 πσε-

393 4738 623 4791 [ιαινιιιη
655 4735 850 4789 salutis
873 4746 1059 4786 curam
1089 4741 1171 4787 est
1205 4732 1510 4802 suscipere,
1538 4741 1594 4789 et
1618 4736 1965 4790 mendacium

389 4830 686 4894 expellere,
719 4835 774 4881 et
793 4824 1018 4895 gloriam
1049 4822 1311 4879 Ecclesia
1336 4824 1565 4879 dilatare
1586 4825 1964 4881 additamenta

394 4921 676 4976 hominum
723 4917 1177 4986 consequentium
1227 4915 1482 4971 salutem.
1527 4917 1584 4971 Si
1619 4919 1747 4987 quis
1801 4919 1970 4989 igitur

394 5016 486 5069 illo
526 5011 626 5067 sibi
662 5023 924 5080 persuaso
964 5024 1150 5063 curam
1180 5008 1247 5063 ad
1274 5009 1381 5062 alia
1410 5018 1716 5076 convertat,
1757 5009 1968 5064 videbi-

394 5118 483 5162 tur
512 5104 732 5175 quidem
774 5104 1007 5157 inanitsr
1051 5099 1279 5155 fratrum
1312 5108 1369 5155 et
1400 5098 1673 5155 mendacii
1706 5111 1970 5171 praetextu

396 5195 763 5261 inoveri,cum
790 5206 976 5247 revera
1013 5206 1108 5261 spe
1135 5206 1415 5262 corporea)
1448 5190 1728 5248 felicitatis
1753 5195 1819 5247 ad
1856 5194 1971 5248 luce

395 5295 699 5341 moveatur.
729 5280 865 5338 Nam
900 5298 1025 5349 cum
1066 5297 1220 5352 aequa
1249 5282 1320 5335 sit
1366 5283 1623 5348 utrinque
1658 5284 1886 5351 utilitas,
1921 5295 1975 5338 et

397 5381 571 5448 possit
598 5385 829 5445 utraque
851 5390 950 5429 suo
976 5375 1170 5429 ordine
1192 5382 1476 5444 praestare,
1499 5389 1599 5429 cur
1623 5375 1794 5429 altero
1817 5376 1977 5444 plane

397 5469 697 5539 postposito
743 5467 810 5521 ad
838 5465 1017 5520 solum
1066 5466 1299 5519 alterum
1347 5462 1629 5518 incumbet
1671 5474 1723 5519 et
1767 5463 1960 5517 facilli-

398 5576 545 5613 mum
591 5560 796 5615 veritus
843 5558 1188 5628 aggredielur
1232 5557 1305 5622 id,
1340 5559 1485 5625 quod
1537 5557 1764 5610 multam
1811 5556 1973 5610 habet

401 5652 814 5706 dillicnhatem?
846 5651 982 5715 Quis
1011 5652 1160 5704 enim
1199 5652 1433 5720 ignorat,
1471 5650 1537 5704 ad
1582 5649 1716 5704 bella
1749 5651 1969 5720 quidem

401 5753 586 5795 contra
618 5743 861 5796 inlideles
896 5757 1033 5809 Opus
1058 5758 1178 5797 esse
1212 5752 1267 5795 et
1304 5745 1472 5796 armis
1498 5751 1553 5796 et
1586 5743 1838 5811 pecunia.
1872 5757 1966 5796 co-

407 5833 621 5899 pit-the
672 5834 1025 5889 terrestribus
1079 5849 1141 5889 ac
1193 5835 1496 5901 naval:bus,
1531 5845 1583 5887 et
1626 5837 1883 5900 ducibus,
1938 5852 1967 5890 e

2078 4737 2281 4799 εἶσθαι,
2309 4738 2531 4806 καὶτῆς
2559 4737 2671 4789 τῶν
2724 4738 2970 4805 ἀδελφῶν
3020 4741 3295 4809 σωτηρίας
3343 4738 3642 4810 φροντὲζειν

2076 4829 2214 4894 ἐστὶ,
2243 4829 2339 4884 καὶ
2364 4828 2425 4881 τὸ
2451 4826 2642 4897 ψεῦδος
2683 4828 2925 4884 ἐλαύνειν
2953 4831 3046 4884 καὶ
3074 4832 3175 4900 τὴν
3208 4832 3368 4897 δόξαν
3400 4834 3496 4899 τῆς
3530 4831 3641 4883 Ἑλ-

2080 4920 2310 4985 κλησίας
2358 4921 2424 4989 τῇ
2481 4918 2590 4972 τῶν
2632 4920 2956 4988 σωζομένων
3003 4920 3188 4985 αὔξειν
3241 4924 3525 4993 προτθὴκῃ
3581 4915 3644 4970 Εἴ

2079 5028 2164 5076 τις
2192 5008 2287 5066 οὖν
2324 5013 2501 5066 ἐκεῖνο
2545 5013 2810 5077 πεισθεὶς,
2841 5016 2931 5067 ἐπὶ
2975 5015 3145 5069 τᾶλλα
3177 5017 3368 5085 τρέποι
3402 5015 3499 5084 τὴν
3531 5014 3643 5063 ἐπι-

2085 5105 2331 5175 μέλειαν,
2361 5106 2632 5175 πρόφασιν
2662 5106 2837 5169 ἄλλως
2868 5107 2994 5168 τοὺς
3027 5106 3289 5175 ἀδελφεὸς
3317 5111 3408 5160 καὶ
3431 5108 3491 5158 τὸ
3517 5101 3641 5172 ψεῦ-

2077 5197 2167 5260 δος
2193 5197 2332 5263 δόξει
2364 5199 2652 5262 ποιεῖσθαι,
2675 5197 2856 5251 ἐλπίσι
2888 5198 3211 5268 σωματικῆς
3244 5198 3496 5267 εὐτυχίας
3520 5194 3640 5260 ἀλη·

2081 5290 2190 5353 θῶς
2225 5288 2366 5357 πρδς
2407 5288 2580 5342 ταῦτα
2624 5289 2968 5357 κινούμενος.
3015 5291 3135 5352 ίιὼς
3170 5290 3279 5356 γάρ
3314 5286 3641 5353 ὲκατέρωἽεν

2081 5380 2207 5450 ἴσης
2241 5378 2411 5447 οὔσης
2452 5379 2549 5448 τῆς
2594 5378 2881 5448 ὠφελείας,
2915 5382 3008 5432 καὶ
3051 5379 3347 5449 δυνάμενος
3397 5383 3452 5430 ἐν
3498 5375 3641 5437 τάξει

2082 5472 2345 5541 πράττειν
2376 5473 2685 5541 ἀμφότερα,
2725 5473 2956 5543 θατέρου
2987 5472 3238 5539 καθάπαξ
3273 5471 3557 5541 ὑπεριδὼν.
3582 5464 3639 5518 τὺ

2085 5563 2271 5617 λοιπὸν
2303 5565 2638 5634 προθήσεται
2675 5565 2857 5634 μόνον,
2886 5568 2980 5621 καὶ
3012 5568 3071 5619 τὺ
3107 5567 3305 5637 ῥᾷστον
3327 5559 3641 5630 εὐλαϐηθεὶς

2083 5658 2422 5727 ἐπιχειρήσει
2463 5656 2540 5726 τῷ
2585 5658 2785 5728 πολλὴν
2826 5659 3149 5729 δυσχέρειαν
3185 5661 3397 5729 ἓχοντις
3429 5658 3503 5716 τίς
3539 5650 3639 5718 γὰρ

2080 5752 2182 5803 οὐκ
2213 5747 2372 5809 οῐὸεν,
2404 5749 2486 5801 ὅτι
2540 5751 2677 5820 πρὸς
2733 5750 2834 5820 μὲν
2884 5751 3011 5813 τοὺς
3060 5753 3202 5803 κατὰ
3252 5755 3349 5819 τῆς
3397 5746 3637 5801 ἀπιστίας

2081 5844 2353 5911 πολέμους
2378 5842 2470 5894 καὶ
2490 5842 2670 5897 ὅπλων
2690 5843 2769 5895 δεῖ
2801 5841 2894 5894 καὶ
2925 5842 3224 5911 χρημάτων
3251 5845 3338 5894 7.2!
3374 5840 3636 5903 Ξυάμεωξ
