4038 6450
387 540 492 605 429

1574 535 1863 604 ORATIO
1904 540 1927 600 Ι
1956 540 2055 600 AD
2086 532 2473 601 SYNODUM.

3560 542 3689 607 430'

385 658 559 726 πεζῆς
591 674 649 711 τε
686 656 781 711 καὶ
818 659 1078 726 ναυτ-κῆς
1119 658 1214 712 καὶ
1258 660 1585 729 στρατηγῶν
1614 662 1710 713 καὶ
1758 659 1958 730 καιρῶν

2074 654 2486 717 occasionibus,
2525 662 2578 706 et
2614 663 2874 722 tempore,
2914 656 3058 723 q‘nod
3088 658 3157 711 sit
3192 657 3264 711 rei
3301 660 3666 729 magnitudini

382 752 476 805 καὶ
506 752 701 821 χρόνου
727 750 806 819 τῷ
835 752 1056 821 μεγέθει
1089 751 1185 805 τοῦ
1218 755 1550 823 πράγματος
1576 753 1964 825 ἐξαρκοῦντοςς

381 843 522 897 ὥστε
555 843 612 897 δὲ
647 846 771 913 περὶ
801 844 909 897 τῶν
936 844 1319 915 προκειμένων
1349 847 1562 917 τάληθῆ
1596 845 1964 917 διορίσασθαι,

381 940 474 992 καὶ
528 937 657 1007 μίαν
696 938 826 1007 περὶ
873 940 1081 992 τούτων
1131 940 1341 1002 πάντας
1389 940 1617 1009 γνώμην
1663 940 1872 1002 λαὸεῖν,
1908 940 1969 992 τὸ

383 1030 711 1100 βουληθῆναι
756 1032 918 1100 μόνον
971 1031 1216 1101 ἀπόχρη,
1262 1036 1353 1086 καὶ
1401 1033 1534 1096 Θεὸς
1574 1033 1785 1087 ἄνωθεν
1832 1035 1968 1101 πρὸς

378 1124 471 1176 τὸν
505 1124 710 1177 σκοπὸν
743 1123 938 1178 ίθύνων
970 1126 1071 1195 τήν
1116 1125 1393 1197 βούλησιν,
1423 1127 1518 1180 καὶ
1559 1127 1638 1197 τῷ
1679 1128 1824 1179 τέλει
1866 1127 1967 1197 τὴν

378 1215 668 1282 ἐπαινετὴν
705 1216 1002 1285 ἐπιθυμίαν
1047 1218 1570 1288 προσάγωνςὮστ*
1621 1220 1669 1271 εί
1723 1220 1816 1273 καὶ
1867 1222 1968 1282 τὰς

380 1310 518 1362 κατά
535 1308 641 1361 τῶν
670 1308 915 1361 ἀπίστων
940 1309 1173 1378 μελέτας
1192 1313 1459 1382 δευτέρας
1485 1311 1775 1379 ἀξιοῦσθαι
1803 1321 1966 1383 φρον-

378 1402 542 1467 τίδος,
579 1404 676 1455 καὶ
710 1407 822 1467 τοῖς
854 1406 983 1474 περὶ
1024 1406 1136 1459 τῶν
1165 1406 1459 1476 δογμάτων
1489 1408 1964 1475 ἀγῶσινέπεσθαι

377 1498 478 1558 δεῖ,
526 1496 629 1551 ποῦ
680 1501 846 1566 τιμάς
901 1504 995 1554 καὶ
1034 1501 1315 1571 προσόδων
1345 1503 1605 1573 αὐξήσεις
1648 1505 1743 1557 καὶ
1776 1522 1967 1557 κοινω-

378 1590 497 1643 νίαν
541 1589 650 1643 τῶν
699 1590 1053 1661 ὑπαρχόντων
1101 1595 1198 1646 καὶ
1244 1594 1415 1648 τᾶλλα
1454 1595 1639 1648 πάντα
1674 1595 1897 1659 θετέον;
1932 1596 1968 1650 ἃ

377 1683 475 1751 τῆς
530 1685 755 1755 εἰρήνης
808 1686 1235 1758 ἀποτελέσματα
1290 1688 1492 1760 μᾶλλον
1539 1691 1690 1761 ἤπερ
1741 1692 1968 1762 εἰρήνην

380 1777 584 1846 πρέπει
610 1775 795 1829 καλεῖν
817 1793 834 1810 ο
865 1777 962 1830 καὶ
1008 1771 1086 1831 ὧν
1132 1776 1257 1831 οὗτε
1302 1778 1402 1849 τὴν
1435 1780 1545 1833 τῶν
1574 1779 1825 1849 ἀδελφῶν
1854 1797 1963 1831 σω-

378 1868 596 1938 τηρίαν,
626 1866 883 1941 οὕτε-τήν
913 1872 1015 1941 τῆς
1050 1870 1311 1942 ἀληθινῆς
1342 1873 1582 1936 πίστεως
1622 1871 1832 1942 ῦψωσιν
1872 1874 1966 1926 καὶ

377 1963 470 2016 τοῦ
499 1962 729 2030 ψεύδους
762 1963 1078 2034 ἀνατροπὴν
1116 1964 1266 2017 ἔστιν
1300 1965 1577 2019 αἰτιᾶσθαι
1600 1983 1613 1995 '
1641 1968 1701 2020 οὐ
1736 1966 1844 2037 γὰρ
1874 1968 1967 2034 δή·

2082 748 2256 804 satis?
2278 745 2346 802 Ut
2368 756 2548 801 autem
2579 745 2646 801 de
2690 746 2853 801 rebus
2886 750 3183 817 propositis
3210 765 3398 807 verum
3432 753 3667 809 delinia-

2082 850 2190 903 tur,
2228 850 2281 895 et
2318 855 2482 894 unam
2513 822 2703 895 omnes
2738 841 2805 895 de
2849 841 2959 896 illis
2995 843 3323 898 sententiam
3361 847 3660 916 amplecta-

2079 934 2232 998 mini,
2267 932 2401 987 satis
2444 948 2720 1003 superque
2752 948 2874 989 esse
2913 934 3052 990 velle
3099 944 3333 1001 tantum,
3383 937 3665 1010 Deumque

2077 1026 2355 1097 desuper,
2408 1026 2499 1097 qui
2545 1026 2878 1083 voluntatem
2920 1028 2985 1083 ad
3039 1034 3271 1100 sc0purn
3324 1031 3561 1102 dirigat,
3613 1046 3667 1087 et

2079 1118 2353 1175 laudabile
2388 1119 2724 1187 desiderium
2757 1121 2823 1175 ad
2858 1112 3021 1176 ﬁnem
3058 1123 3367 1192 perducat?
3401 1123 3590 1196 Itaque
3617 1128 3664 1181 si

2076 1222 2124 1266 et
2166 1212 2535 1283 cogitationes
2569 1212 2839 1268 adversus
2862 1213 3110 1270 inﬁdeles
3137 1215 3379 1271 secundo
3413 1217 3533 1273 loco
3569 1219 3663 1273 ba-

2075 1306 2266 1360 benda:
2318 1314 2484 1371 sunt,
2525 1315 2580 1361 et
2633 1306 2788 1377 sequi
2825 1306 2948 1361 illas
2998 1317 3215 1378 oportet
3266 1318 3392 1380 post
3447 1309 3667 1365 labores

2074 1398 2427 1469 dogmatibus
2466 1400 2806 1469 itnpertitos,
2836 1415 2943 1470 quo
2970 1402 3085 1458 loco
3122 1403 3281 1459 nobis
3310 1412 3473 1459 erunt
3499 1404 3670 1459 bono-

2075 1507 2184 1559 res,
2212 1501 2692 1563 proventuumque
2731 1495 3204 1566 ampliﬁcationes,
3241 1507 3293 1552 et
3320 1513 3486 1568 Opum
3516 1514 3671 1553 cum»

2074 1590 2284 1653 munio,
2313 1602 2377 1642 ac
2402 1595 2600 1642 ca‘tera
2631 1596 2843 1655 omnia,
2881 1604 3003 1658 qua:
3029 1591 3211 1661 potius
3239 1591 3465 1649 effectus
3492 1594 3667 1664 pacis,

2073 1694 2238 1747 quam
2283 1696 2384 1751 pax
2437 1679 2552 1750 ipsa
2585 1680 2815 1737 dicenda
2870 1694 3046 1738 sunt:
3079 1696 3135 1740 et
3174 1699 3202 1738 a
3234 1686 3435 1754 quibus
3488 1702 3669 1758 neque

2076 1772 2305 1827 ﬁ'atrnm
2356 1773 2626 1841 salutem,
2683 1789 2863 1846 neque
2896 1792 3037 1833 vera
3082 1778 3206 1833 lidei
3250 1779 3665 1841 exaltationem.

2072 1877 2170 1919 aut
2206 1868 2477 1923 mendacii
2507 1870 2851 1924 eversionem
2887 1871 3022 1926 oriri
3055 1872 3376 1927 discendum
3412 1874 3537 1929 est?
3569 1889 3667 1928 ne-

2073 1972 2181 2028 que
2228 1958 2371 2013 enim
2398 1974 2464 2014 ex
2496 1960 2566 2016 iis
2597 1970 2829 2030 possunt
2859 1962 2975 2017 hate
3035 1960 3250 2024 inferri.
3294 1979 3472 2034 neque
3508 1962 3665 2019 Chri-

381 2068 486 2109 που
536 2056 673 2127 πρὸς
720 2056 897 2110 ταῦτα
951 2057 1205 2114 δύνανται
1240 2064 1452 2131 φέρειν,
1491 2060 1611 2113 οὐδὲ
1655 2061 1865 2123 πάντας
1898 2061 1958 2113 ἐκ

2070 2051 2271 2107 Stianis
2319 2052 2579 2109 omnibus
2628 2069 2724 2123 per
2756 2068 2818 2109 ea
2865 2055 3138 2124 speranda
3178 2065 3268 2111 est
3303 2057 3532 2124 utilitas,
3570 2062 3665 2114 sed

378 2150 583 2203 τούτοιν
629 2149 776 2203 ἔστιν
818 2149 1147 2220 ὠφελεῖσθαι
1181 2154 1568 2224 Χριστιανοὺς,
1596 2152 1711 2205 ἀλλ’
1744 2153 1958 2220 ὀλίγους

377 2245 505 2307 τοὺς
551 2242 728 2297 αὐτῶν
774 2243 1085 2313 δεομένους,
1110 2246 1205 2299 καὶ
1235 2238 1316 2309 οἷς
1358 2245 1621 2316 ἁρμόττει
1652 2245 1959 2314 ταῦτα’ζη-

374 2338 509 2392 τεῖν.
550 2337 710 2391 ’Λλλᾶ
751 2340 859 2408 μὴν
895 2337 979 2407 ἐφ’
1022 2337 1195 2392 ἅπασι
1226 2341 1339 2403 τοῖς
1383 2340 1702 2411 εἰρημένοις
1729 2341 1827 2403 τὴν
1859 2339 1961 2407 μὲν

380 2430 736 2502 παρασκευὴν
775 2433 959 2485 πᾶσαν
995 2432 1153 2501 ἡμῶν
1198 2432 1310 2502 ὁρῶ
1364 2433 1757 2502 οἱκουμενικῆς
1804 2426 1961 2496 ἀξίαν

382 2525 626 2589 συνόδου,
656 2525 753 2580 καὶ
780 2526 846 2595 τῇ
880 2526 1009 2595 περὶ
1040 2525 1149 2579 τῶν
1184 2526 1472 2594 δογμάτων
1500 2526 1684 2598 κρίσει
1716 2528 1810 2579 καὶ
1836 2526 1960 2579 λίαν

376 2619 677 2690 ἀρκοῦσαν,
726 2620 943 2683 οὐδενὸς
996 2622 1127 2689 ἡμῖν
1182 2620 1292 2673 τῶν
1365 2621 1711 2690 ποιησόντων
1767 2621 1959 2693 ῥᾳδίαν

373 2713 578 2783 ταύτην
614 2713 989 2777 ἐλλείποντοςο
1024 2715 1089 2785 ἢν
1125 2713 1182 2766 δέ
1220 2731 1368 2777 τινες
1401 2714 1736 2785 ἐπιθυμοῦσι
1784 2717 1959 2783 πράτ-

375 2826 489 2861 τειν
520 2809 769 2879 εἰρήνην,
793 2807 988 2862 πολλοῦ
1027 2808 1107 2862 δεῖ
1133 2808 1472 2878 τηλικαύτης
1496 2806 1659 2878 ἔργον
1685 2805 1824 2862 εἶναι
1857 2826 1959 2861 πα-

378 2896 650 2973 ρασκευῆς
668 2916 683 2931 ο
711 2900 838 2972 ἐξῆν
867 2900 975 2972 γάρ
1006 2901 1099 2954 καὶ
1131 2900 1394 2970 πρέσϐεσι
1417 2900 1623 2972 ταύτην
1651 2902 1956 2972 περαίνειν,

377 2996 573 3060 αὐτοὺς
597 2996 943 3066 πραγμάτων
968 2994 1425 3065 ἀπηλλαγμένους
1446 3011 1460 3026 ο
1487 2997 1582 3050 καὶ
1609 2993 1721 3048 οὔτ’
1749 2996 1960 3048 ἀναλω-

380 3090 569 3160 μάτων
603 3090 708 3143 ἔδει
754 3090 1043 3155 τοσούτων,
1088 3090 1263 3143 όπόσα
1296 3092 1407 3153 τοῖς
1443 3090 1540 3156 μὲν
1572 3078 1806 3144 διδοῦσιν
1842 3088 1956 3160 εἶχε

374 3184 711 3254 δυσχέρειαν,
740 3184 850 3249 τοῖς
884 3184 928 3237 δ’
974 3185 1075 3237 οὐκ
1118 3183 1337 3254 ἔχουσιν
1385 3185 1601 3239 οἴκοθεν
1639 3188 1734 3240 καὶ
1763 3184 1957 3257 δεομέ-

377 3294 486 3343 νοις
525 3280 721 3343 ἄλλων,
754 3281 803 3333 εί
857 3279 938 3333 δεῖ
985 3278 1197 3347 τάληθῆ
1250 3277 1455 3345 λέγειν,
1509 3279 1778 3349 αἰσχύνην
1834 3280 1958 3351 μεθ’

375 3376 634 3443 ὑποψίας,
665 3372 790 3428 οὕτε
850 3372 1032 3426 πόνων
1085 3372 1183 3426 καὶ
1238 3369 1503 3426 κινδύνων
1534 3373 1811 3427 τοσούτων
1842 3377 1957 3438 τοίς

374 3467 713 3538 πανταχόθεν
762 3467 1277 3538 συνηθροισμένοιςο
1330 3467 1533 3534 μᾶλλον
1583 3467 1628 3519 δ’
1676 3464 1768 3522 οὖν
1809 3468 1960 3522 ἐστιν

375 3564 548 3613 εἰπεῖν
577 3562 676 3624 τὰς
731 3559 1077 3630 ἑκατέρωθεν
1110 3559 1457 3630 δυσχερείας,
1512 3559 1579 3623 ἃς
1608 3561 1642 3631 ἡ
1674 3562 1773 3631 τῆς
1806 3564 1958 3632 είρή-

378 3673 477 3723 νης
518 3653 786 3723 ἐπιθυμία
841 3655 1104 3723 συνεργὸν
1159 3653 1399 3723 εὑροῦσα
1448 3656 1507 3708 τδ
1557 3655 1723 3717 θεῖον,
1780 3657 1961 3721 πάσας

377 3749 597 3819 ἐνίκησε
623 3766 637 3779 ·
665 3750 761 3803 καὶ
805 3740 879 3802 ὧν
933 3749 1190 3820 χαλεπῶς
1234 3750 1353 3819 μὲν,
1394 3749 1646 3819 ὑπερεῖδε
1696 3748 1741 3801 δ’
1787 3748 1957 3818 ὅμως.

375 3844 489 3896 Οὐκ
521 3841 637 3897 οῖδα
660 3842 840 3894 τοίνυν
870 3841 923 3893 τί
953 3841 1087 3910 πρὸς
1121 3843 1247 3904 τοὺς
1275 3842 1642 3909 ἐγκαλοῦντας
1681 3844 1958 3912 ἀπολογή-

375 3937 557 3999 σεσθε,
591 3937 822 4005 μάταιον
848 3935 1122 4000 δείξαντες
1146 3936 1244 4006 τὴν
1272 3936 1529 4007 τοιαύτην
1565 3938 1659 3989 καὶ
1685 3937 1960 4007 τοσαύτην

373 4029 752 4099 παρασκευὴν,
798 4028 892 4081 καὶ
942 4030 1039 4093 τὴν
1090 4030 1312 4098 εἰρήνην
1367 4028 1733 4098 πεποιηκότες
1785 4029 1957 4098 ὄνομα

378 4121 536 4188 μόνον
587 4121 679 4173 καὶ
736 4121 929 4190 φήμην
982 4121 1119 4182 ὅλως
1161 4120 1330 4191 κενήν
1358 4137 1369 4151 ·
1414 4121 1475 4173 τὸ
1507 4122 1616 4190 γὰρ
1667 4121 1958 4189 βούλεσθαι

374 4212 765 4265 καταλείπεται
801 4213 982 4282 μόνον,
1013 4212 1122 4264 τῶν
1154 4212 1328 4265 ἄλλων
1376 4212 1637 4266 ἁπάντων
1666 4214 1892 4282 ἄμεινον
1922 4213 1955 4284 ἢ

373 4306 495 4358 κατ’
546 4306 737 4377 εὐχὴν,
799 4305 874 4368 ὡς
932 4305 1114 4369 ἔξεστι
1177 4304 1422 4375 βλέπειν,
1481 4307 1957 4376 εὖτρεπισμὲνων.

371 4400 649 4469 Θανμάζω
696 4399 774 4465 δὲ,
803 4400 851 4453 εἰ
911 4399 1118 4469 μηδένα
1167 4398 1297 4468 ὑμῖν
1357 4397 1683 4467 ἐγκαλέσειν
1732 4399 1959 4467 ἡγεῖσθε

369 4493 613 4556 δικαίως,
645 4492 789 4546 οὕτω
818 4494 887 4546 τὰ
925 4492 1052 4562 τῇδε
1103 4492 1490 4561 διῳκημένοις.
1545 4492 1815 4561 καθάπερ
1851 4494 1958 4563 γὰρ

370 4585 429 4636 τό
457 4586 567 4646 τοίς
605 4584 883 4653 μεγίστοις
916 4583 1219 4653 ἐπιχειρεῖν
1264 4582 1394 4637 ἄνευ
1427 4582 1530 4652 τῆς
1569 4584 1959 4654 προσηκούσης

372 4677 727 4747 παρασκευῆς
774 4677 1034 4738 ἀπονοίας
1082 4677 1200 4729 ἐστὶ
1238 4680 1486 4746 σημεῖον,
1521 4677 1664 4731 οὕτω
1703 4678 1761 4730 τὸ
1820 4678 1957 4747 πρὸς

369 4768 434 4818 τὰ
472 4768 706 4836 μέγιστα
738 4767 838 4837 μὲν
871 4768 1186 4838 ἀρκούντως
1212 4768 1688 4837 παρεσκευάσθαι,
1712 4770 1955 4839 χρῆσθαι

369 4859 425 4912 δὲ
473 4862 534 4930 τῇ
586 4862 915 4931 παρασκευῇ
950 4861 1087 4929 πρὸς
1137 4861 1201 4913 τὰ
1242 4858 1351 4911 τῶν
1400 4860 1579 4930 ἔργω)
1612 4863 1949 4933 φαυλότερα,

372 4952 466 5003 καὶ
498 4953 598 5020 τὴν
630 4950 937 5020 προθυμίαν
967 4953 1097 5023 άχρι
1146 4952 1356 5006 τούτων
1402 4954 1688 5019 ἐκτείνειν,
1718 4954 1827 5024 ἐγὼ
1856 4956 1954 5025 μὲν

370 5045 429 5096 οὐ
464 5044 725 5115 βούλομαι
749 5045 951 5113 λέγειν,
979 5045 1190 5100 πολλῶν
1211 5047 1254 5100 δ’
1280 5046 1647 5117 ἐγκλημάτων
1668 5050 1781 5112 τοῖς
1808 5048 1953 5102 οὕτω

369 5138 754 5205 προελομένοις
809 5140 1084 5208 πρόφασιν
1139 5139 1273 5210 ἔχει.
1324 5142 1433 5193 Καὶ
1482 5138 1605 5192 οὔτε
1642 5141 1955 5210 στρατηγὸν

368 5227 491 5279 νοῦν
524 5229 669 5299 ἔχειν
699 5230 914 5299 ἡγεῖταί
946 5248 1028 5295 τις
1056 5231 1183 5285 νοῦν
1213 5233 1378 5296 αὐτὸς
1414 5232 1576 5303 ἔχων,
1599 5231 1657 5295 ὃς
1689 5235 1785 5288 καὶ
1810 5233 1953 5303 πλή-

369 5320 451 5372 οει
502 5324 595 5374 καὶ
640 5323 810 5395 ἀρετῇ
868 5325 961 5377 καὶ
996 5326 1184 5387 ὅπλοις
1225 5326 1319 5379 καὶ
1367 5328 1480 5389 τοῖς
1532 5326 1711 5388 ἄλλοις
1742 5327 1953 5380 ἅπασιν

365 5411 679 5479 ἀρκούντως
727 5414 1097 5484 ἐξηρτυμένος
1146 5419 1283 5487 πρὶς
1334 5416 1566 5487 ζήτησιν
1622 5416 1791 5481 ἔξεισι
1841 5416 1952 5469 τῶν

368 5504 601 5573 ἐχθρῶν,
632 5507 724 5560 καὶ⁸
755 5508 924 5560 πολὺν
984 5506 1084 5578 μὲν
1132 5511 1323 5581 χρόνον
1356 5508 1677 5572 αναλωκὼς,
1700 5510 1788 5562 διὰ
1820 5510 1949 5562 πολ-

366 5596 464 5663 λῆς
496 5600 546 5651 δέ
582 5599 901 5669 δυσχερείας
928 5602 1149 5668 ἐλάσας,
1174 5598 1294 5656 εἶτα
1318 5603 1472 5673 μόλις
1495 5602 1735 5673 ἐντυχὼν
1764 5605 1950 5659 αὐτοῖς

366 5689 563 5755 ὀλίγοις
594 5710 653 5743 τε
685 5692 780 5744 καὶ
816 5694 1246 5765 πεφοϐημένοις,
1292 5697 1386 5748 καὶ
1420 5697 1518 5765 τὴν
1554 5696 1697 5748 κατὰ
1728 5696 1948 5765 πρόσω-

367 5798 466 5834 πον
496 5784 556 5835 οὗ
592 5786 817 5853 φέρουσι
856 5788 1058 5857 μάχην,
1090 5788 1151 5840 τὸ
1184 5788 1379 5857 τρέψαι
1408 5790 1632 5850 τούτους
1666 5788 1947 5857 ἀρκοῦσαν

364 5876 579 5943 main:
614 5879 792 5946 νίκην,
826 5881 1177 5933 παντάπασιν
1214 5882 1415 5943 αὐτοὺς
1465 5882 1802 5950 διαςοεῖραιι
1850 5882 1945 5932 καὶ

362 5968 486 6028 τοὺς
548 5968 646 6035 μὲν
704 5963 1167 6041 συγκόψαι,’τοὺς
1217 5974 1271 6025 δὲ
1322 5974 1509 6027 λαϐεῖν
1565 5975 1944 6044 αἰχμαλώτους

366 6058 835 6129 δυ-ιοὶμενοςοοῦίγ
887 6064 1042 6132 ὑμεῖς
1081 6067 1146 6116 τα
1198 6067 1347 6136 napi
1402 6068 1491 6119 τὸν
1540 6066 1661 6119 νοῦν
1712 6067 1945 6135 ἐχόντων

2077 2144 2264 2214 paucis
2297 2144 2393 2215 qui
2418 2146 2526 2201 illis
2558 2156 2739 2216 egent,
2775 2147 3091 2218 quibusque
3134 2151 3391 2219 congruit
3422 2165 3485 2206 ea
3512 2167 3665 2221 quae-

2073 2253 2215 2294 rere.
2254 2240 2335 2292 Ad
2364 2239 2478 2295 haec
2502 2243 2685 2295 omnia
2719 2242 2851 2296 illud
2873 2241 3040 2297 addo.
3064 2241 3201 2297 Nam
3235 2252 3408 2298 totum
3445 2244 3662 2314 quidem

2073 2342 2322 2387 nostrum
2380 2345 2708 2404 apparatum
2766 2336 3105 2392 meumenica
3160 2338 3368 2409 synodo
3434 2340 3661 2411 dignum

2072 2427 2380 2495 conspicio,
2406 2428 2886 2500 tlijndicandisquc
2915 2431 3265 2502 dogmatibus
3298 2433 3515 2488 abunde
3541 2432 3664 2488 suf-

2074 2519 2368 2586 lirientem,
2408 2533 2459 2575 et
2494 2521 2627 2575 nihil
2669 2522 2827 2578 nobis
2853 2522 3068 2590 deesse,
3106 2540 3201 2595 per
3234 2526 3380 2595 quod
3415 2534 3631 2596 praasta-
3654 2529 3687 2576 iv

2072 2612 2231 2667 taeilc
2284 2613 2332 2667 id
2372 2615 2578 2684 possit;
2617 2631 2805 2685 pacem
2837 2619 2986 2683 vero,
3020 2634 3183 2688 quam
3237 2619 3405 2689 aliqui
3440 2628 3660 2691 optant.

2073 2706 2245 2761 multo
2289 2708 2625 2775 inferiorem,
2662 2726 2827 2779 quam
2869 2720 2927 2765 ut
2958 2711 3029 2767 sit
3076 2714 3212 2767 tanti
3248 2727 3387 2781 opus
3421 2728 3658 2783 appara-

2074 2808 2180 2865 tus;
2222 2810 2433 2870 poterat
2465 2803 2609 2857 enim
2635 2804 2818 2859 ltzecet
2850 2820 2946 2875 per
2976 2805 3184 2876 legatos
3221 2806 3358 2874 fieri,
3392 2808 3538 2861 nttlla
3569 2824 3666 2861 no-

2071 2893 2154 2947 bis
2183 2895 2535 2951 incommoda
2565 2898 2930 2954 sentientibus
2964 2918 2976 2953 :
3015 2915 3114 2955 nec
3146 2902 3312 2958 tantis
3358 2918 3497 2973 opus
3546 2915 3667 2958 erat

2072 2989 2334 3055 impensis
2356 3028 2370 3055 ,
2411 3006 2530 3060 ιιιιτι⁵
2565 3007 2760 3060 graves
2788 2993 3007 3063 quidem
3046 3004 3235 3050 essent
3266 2998 3665 3067 suppeditanti-

2072 3083 2205 3136 bus:
2237 3098 2344 3136 non
2382 3084 2715 3140 habentibus
2739 3100 2869 3139 vero
2898 3086 3025 3155 quid
3053 3087 3121 3141 de
3158 3104 3253 3143 suo
3302 3089 3663 3151 insnmerent,

2070 3187 2122 3229 et
2147 3175 2326 3231 alieno
2355 3194 2461 3233 aere
2493 3179 2888 3247 indigentibus,
2925 3181 2969 3235 si
2996 3197 3184 3236 verum
3230 3182 3387 3239 fateri
3423 3195 3660 3255 oportet,

2072 3270 2428 3339 ignominiam
2459 3288 2584 3327 cum
2627 3272 2944 3342 suspicione
2988 3276 3296 3342 inurerent,
3357 3294 3457 3332 nec
3496 3280 3663 3334 tantis

2072 3363 2351 3419 laboribus
2397 3380 2460 3419 ac
2509 3366 2766 3433 periculis
2808 3382 3021 3433 eorum,
3063 3368 3157 3439 qni
3205 3371 3444 3441 undique
3486 3385 3659 3444 coacti

2069 3465 2222 3522 sunt,
2286 3464 2342 3509 ut
2380 3471 2449 3509 ne
2498 3456 2675 3511 dicam
2708 3459 2893 3528 potius
2940 3462 3229 3530 utriusque
3262 3464 3411 3533 pacis
3443 3463 3657 3518 deside-

2069 3551 2208 3605 rium
2236 3590 2251 3616 ,
2293 3534 2461 3605 Deum
2492 3552 2800 3622 adjutorem
2837 3563 3083 3618 nactum,
3116 3556 3397 3623 superavit
3428 3572 3618 3611 omnes
3646 3576 3660 3618 ;

2070 3657 2316 3713 quasque
2374 3658 2518 3713 aegre
2561 3644 2807 3713 quidem,
2830 3645 3160 3715 contempsit
3185 3657 3388 3701 tamen.
3414 3647 3661 3718 Quapro-

2069 3742 2192 3802 pter
2226 3733 2415 3788 nescio
2443 3734 2573 3804 quid
2608 3736 2930 3805 responsuri
2960 3737 3080 3792 sitis
3111 3737 3176 3791 ad
3209 3753 3303 3793 eos
3330 3740 3423 3809 qui
3464 3741 3530 3795 de
3568 3757 3659 3795 v0-

2067 3826 2153 3880 bis
2194 3836 2645 3893 continerentur,
2676 3828 2721 3884 si
2767 3828 2925 3883 talem
2968 3840 3292 3900 tantumque
3332 3845 3655 3903 apparatum

2067 3918 2268 3974 frustra
2298 3920 2574 3977 exsﬁtisse
2598 3923 2930 3987 ostendatis,
2950 3932 3004 3977 et
3033 3939 3218 3992 pacem
3247 3929 3469 3982 nomine
3497 3940 3655 3981 lettlts

2068 4012 2320 4082 famaque
2343 4026 2569 4082 prorsus
2594 4014 2745 4069 inani
2773 4016 3110 4072 conﬁciatis:
3140 4028 3310 4073 restat
3334 4021 3480 4074 enim
3516 4024 3651 4075 velit:

2071 4116 2303 4172 tantum,
2328 4122 2475 4172 eum,
2508 4115 2567 4161 ut
2595 4107 2778 4163 videre
2809 4109 2961 4172 licet,
2994 4110 3207 4179 reliqua
3239 4112 3420 4165 omnia
3453 4126 3651 4182 pra-stat

2067 4198 2179 4252 sint
2226 4214 2393 4269 supra
2428 4214 2590 4254 omne
2635 4208 2842 4255 votum.
2882 4200 3050 4255 Miror
3094 4212 3300 4267 autem,
3346 4205 3391 4259 si
3440 4206 3648 4257 nullam

2066 4308 2164 4347 vos
2202 4294 2396 4348 merito
2420 4294 2801 4349 incusaturum
2836 4297 3201 4361 arbitramini,
3231 4298 3391 4354 rebus
3425 4299 3476 4353 in
3514 4302 3653 4353 illlt't'

2070 4387 2293 4442 modum
2326 4387 2379 4441 in
2423 4386 2573 4442 italia
2610 4388 2957 4465 compositis.
2992 4389 3144 4445 Sicut
3180 4390 3327 4446 enim
3369 4392 3655 4447 dementiae

2066 4482 2281 4550 signum
2311 4488 2415 4543 est,
2452 4496 2537 4535 res
2577 4481 2846 4537 maximas
2874 4483 3094 4552 aggredi
3129 4485 3249 4539 sine
3282 4488 3650 4540 conveniente

2067 4582 2367 4641 apparatu;
2396 4572 2467 4625 ita
2496 4573 2539 4625 si
2579 4589 2703 4627 cum
2736 4575 2808 4627 sit
2840 4576 2905 4629 ad
2943 4592 3031 4629 res
3055 4576 3322 4631 maximas
3353 4590 3644 4647 apparatus

2067 4662 2219 4728 Satis,
2242 4678 2306 4716 eo
2344 4664 2466 4732 quis
2499 4675 2681 4719 utatur
2713 4666 2778 4720 ad
2814 4666 3039 4720 exiliora
3068 4681 3257 4736 opera,
3290 4670 3649 4739 studiumque

2067 4756 2323 4810 extendat
2366 4771 2540 4826 usque
2574 4758 2638 4811 ad
2681 4757 2808 4822 illa;
2842 4775 2942 4829 ego
2970 4760 3191 4829 quidem
3227 4762 3395 4816 nolim
3445 4762 3651 4821 dicere.

2063 4856 2213 4902 certe
2247 4858 2429 4903 tamen
2481 4850 2581 4903 bac
2615 4851 2898 4904 voluntate
2936 4860 3159 4906 utentes
3212 4854 3262 4906 id
3296 4852 3427 4907 facit
3463 4856 3652 4907 multis

2062 4941 2389 4997 criminibus
2421 4942 2713 4997 obnoxios.
2753 4944 2943 5012 Neque
2970 4947 3114 4999 enim
3150 4948 3343 5001 ducem
3377 4948 3651 5001 exercitus

2060 5050 2253 5105 sapere
2272 5036 2393 5104 quis
2416 5038 2734 5105 ptttat.dnm
2759 5039 2873 5107 ipse
2896 5039 3092 5108 sapiat,
3118 5039 3161 5090 si
3192 5040 3365 5107 copiis
3394 5054 3456 5093 ac
3489 5041 3651 5093 rubo-

2063 5145 2119 5183 re
2146 5136 2198 5183 et
2224 5130 2392 5185 armis
2424 5132 2751 5200 ueterisque
2778 5132 3036 5186 omnibus
3064 5132 3196 5184 satis
3232 5133 3530 5187 instructus
3556 5151 3653 5187 ex-

2060 5222 2392 5290 peditionem
2424 5223 2475 5276 in
2497 5224 2681 5278 hostes
2701 5225 2996 5293 suscipiat;
3027 5236 3190 5293 atque
3222 5226 3309 5278 ttbi
3349 5234 3471 5293 post
3500 5231 3645 5278 mtt'-

2060 5327 2173 5371 tum
2212 5316 2473 5386 temporis
2496 5326 2550 5370 ct
2581 5317 2897 5371 diuturnam
2927 5318 3263 5386 indaginem,
3296 5328 3416 5386 p0st
3446 5321 3646 5373 ιιιιιιιεις

2060 5410 2315 5464 itinerum
2341 5409 2684 5465 difﬁcultates
2716 5410 2935 5464 tandem
2963 5409 3262 5480 aliquando
3294 5410 3413 5465 illos
3448 5411 3648 5464 ltttbueo

2060 5504 2128 5557 rit
2160 5502 2349 5556 obvios
2393 5514 2447 5557 et
2482 5518 2688 5573 paucos
2723 5512 2776 5557 et
2812 5511 2956 5555 metu
2990 5501 3309 5573 perterritos
3331 5542 3345 5565 ,
3377 5516 3644 5572 pugnari:-

2057 5616 2162 5667 que
2206 5614 2494 5652 conserere
2548 5613 2655 5651 non
2713 5595 2974 5661 ferentes,
3036 5604 3165 5649 tunc
3214 5596 3352 5650 satis
3396 5611 3517 5651 esse
3578 5598 3646 5648 a.l

2058 5694 2345 5745 victoriam
2395 5690 2712 5755 existimet,
2762 5705 2859 5744 eos
2906 5690 2958 5743 in
3003 5687 3186 5758 fugam
3239 5700 3471 5752 vertere,
3514 5706 3576 5743 cu
3605 5710 3635 5741 ιι

2057 5788 2231 5855 possit
2262 5786 2491 5839 omnino
2532 5785 2715 5838 delt-re
2742 5824 2755 5845 .
2796 5794 2846 5837 et
2880 5783 3073 5852 partim
3106 5783 3404 5847 trucidare,
3440 5787 3637 5851 partim

2054 5881 2108 5932 in
2144 5879 2463 5932 servitutem
2507 5878 2751 5948 redigere
2784 5894 2799 5933 :
2832 5892 2929 5930 nec
2964 5892 3059 5930 vos
3106 5877 3412 5945 sapientum
3444 5880 3641 5947 pruina

2053 5973 2259 6024 evitare
2300 5970 2567 6038 poteritis.
2605 5972 2645 6023 si
2681 5973 2745 6023 ad
2783 5971 3154 6025 Eeclesarium
3192 5971 3456 6025 unitatem
3494 5980 3643 6025 tan-.a

2055 6065 2455 6135 praeparatione
2490 6067 2753 6137 adtrb‘ta,
2803 6067 2890 6121 u'~i
2920 6066 3032 6133 jam
3063 6065 3360 6136 collegistis
3406 6066 3490 6119 bic
3522 6081 3642 6117 0m-
