4038 6416
440 390 550 454 837

1639 393 1980 454 ΟΒΑἨΟῘ
2020 395 2119 453 AD
2163 394 2550 455 SENODUM.

3565 389 3701 454 ’438

429 504 684 570 νους,’ὡς
734 503 1088 576 ἀληθεστέρῳ
1131 507 1305 578 τούτῳ
1337 509 1701 580 προσκεῖσθαι
1728 528 1740 542 ·
1775 512 1924 574 εἰκὸς
1965 512 2011 565 δ’

2139 511 2263 581 ique
2296 522 2356 566 ut
2391 512 2590 567 veriori
2650 510 2953 588 adlicerere,
3004 510 3202 564 Essent
3255 522 3385 562 vero
3435 505 3703 568 forrasse.-

430 593 496 666 ἦν
521 613 676 659 τινας
725 596 1024 662 ἐνδοιάζειν
1069 601 1164 653 καὶ
1207 602 1336 665 τοὺς
1389 603 1770 674 ἀνθρωπίνους
1821 603 2019 673 φυλάτ-

430 690 619 742 τεσθαι
650 689 948 758 λογισμοὺς
979 691 1054 754 ὼς
1090 695 1439 760 ἐπισφαλεῖς,
1470 697 1503 765 ἢ
1541 697 1674 766 μηδὲ
1704 700 2020 766 συμφωνεῖν

429 772 684 849 ἀλλήλοις
731 779 960 845 ἐθέλειν,
993 782 1090 844 τὰς
1139 783 1350 838 ἑαυτῶν
1391 785 1696 855 ὑπολήψεις
1753 786 2020 848 ἑκάστους

430 869 911 938 διαφυλάττοντας.
956 871 1109 925 Ἐπεὶ
1153 874 1208 928 δὲ
1248 875 1358 928 τῶν
1412 877 1494 940 είς
1525 877 1700 930 ταῦτα
1739 877 2022 946 φερόντων

432 961 649 1032 πλήρης
701 962 800 1031 μὲν
849 964 880 1031 ἡ
930 963 1051 1018 θεία
1087 965 1297 1037 Γραφὴ,
1335 967 1568 1037 γέμουσι
1615 969 1672 1022 δὲ
1705 970 1814 1020 τῶν
1852 969 2023 1030 άγίων

431 1054 478 1105 oi
501 1053 669 1120 λόγοι,
708 1054 800 1107 καὶ
829 1055 954 1118 τοὺς
982 1057 1272 1121 πλείστους
1316 1059 1618 1132 διαρρήδην
1652 1064 1781 1132 περὶ
1810 1063 2018 1116 τούτων

438 1145 701 1211 λέγοντας
747 1145 842 1198 ἴδοι
899 1165 984 1210 τις
1020 1148 1108 1214 ἂν,
1151 1150 1402 1223 καθάπερ
1453 1152 1707 1221 ἐπίτηδες
1759 1153 2027 1214 δικαστὰς

434 1237 564 1303 ἡμῖν
597 1235 704 1289 τῶν
733 1237 1200 1310 ἀμφισϐητήσεων
1237 1242 1609 1312 καθημένους,
1653 1247 1746 1298 καὶ
1773 1244 2016 1313 χαλεπόν

438 1327 586 1377 ἐστιν
615 1326 870 1395 ἀριθμεῖν
917 1329 1090 1384 ὁπόσα
1117 1330 1342 1403 Γραικοὶ
1391 1333 1485 1384 καὶ
1525 1333 1746 1386 Λατῖνοι
1779 1333 2024 1388 συνειλο-

436 1417 590 1484 χότες
630 1420 842 1472 ἐκεῖθεν
890 1419 1033 1492 ὑπὲρ
1065 1423 1164 1492 τῆς
1215 1424 1352 1483 ίδίας
1383 1425 1638 1495 ἑκάτεροι
1680 1426 1843 1497 δόξης
1882 1443 2020 1496 προσ

438 1507 679 1574 φέρουσι,
711 1509 796 1573 τίς
855 1511 1213 1580 χαλεπὸν,τὰ
1265 1515 1365 1584 μὲν
1417 1517 1515 1586 τῆς
1551 1516 1775 1586 Γραφῆς
1828 1516 1904 1579 ὡς
1962 1516 2029 1570 ἂν

437 1599 520 1664 εῐη
545 1598 754 1652 δίκαιον
799 1604 896 1657 καὶ
940 1603 1219 1674 προσῆκον
1247 1606 1670 1676 ἐξηγουμένους,
1720 1608 1924 1678 μᾶλλον
1966 1609 2025 1663 δὲ

438 1690 550 1750 τοῖς
595 1689 1030 1762 ἐξηγησαμένοις
1089 1693 1288 1764 ἄριστα
1354 1697 1738 1766 πειθομένους,
1799 1697 1927 1761 τοὺς
1985 1700 2030 1752 δν

440 1780 626 1849 ἁγίους
656 1782 912 1855 ἀλλήλοις
943 1786 1338 1853 συνάπτοντας,
1369 1790 1460 1842 καὶ
1481 1787 1608 1851 τοὺς
1645 1787 1742 1859 μὲν
1769 1790 2030 1854 ἐλάττους

440 1875 549 1937 τοῖς
582 1875 816 1942 πλείοσι,
847 1879 974 1942 τοὺς
1005 1879 1064 1932 δὲ
1102 1881 1439 1952 σιγήσαντας
1472 1883 1585 1944 τοῖς
1640 1881 1876 1945 είποῢσι,
1912 1885 2025 1942 τοῖς
2057 1871 2098 1926 Β

440 1967 483 2018 δ’
536 1968 858 2039 ἀρχαιότητι
912 1971 1232 2046 διαφέρουσι
1278 1975 1406 2036 τοὺς
1461 1973 1746 2042 ὑστέρους,
1796 1975 1913 2036 τοῖς
1960 1973 2018 2027 δὲ

447 2059 628 2125 σαφῶς
653 2059 952 2130 ὁμιλήσασι
975 2063 1101 2126 τοὺς
1128 2063 1504 2134 ἀσαφέστερον
1525 2062 1602 2132 τῷ
1631 2063 1776 2134 λόγῳ
1806 2080 2019 2134 χρησα-

449 2149 637 2217 μένους
669 2153 1028 2222 προσθέντας,
1054 2155 1194 2225 ὅπερ
1221 2156 1358 2208 κάπὶ
1384 2153 1494 2207 τῶν
1517 2153 1817 2207 πολιτικῶν
1847 2152 2020 2223 ζητη-

449 2244 633 2311 μάτων
679 2244 927 2311 άξιοῦσιν
973 2247 1022 2300 oi
1083 2247 1263 2317 νόμοι,
1300 2247 1396 2301 καὶ
1430 2247 1458 2300 ὃ
1493 2247 1598 2300 κᾶν
1645 2245 1843 2310 αὖτοὺς
1871 2243 2025 2314 οἶμαι

449 2335 668 2404 ποιῆσαι
696 2335 835 2408 πρὸς
879 2337 1129 2402 ἑαυτοὺς,
1159 2337 1320 2409 εἰπερ
1365 2332 1478 2391 οἷόν
1509 2337 1558 2391 τ’
1594 2333 1663 2407 ἦν
1714 2338 1794 2401 είς
1825 2337 2023 2389 ταυτὸν

449 2427 804 2491 συνελθόντας
859 2428 960 2492 τάς
1016 2429 1262 2498 ἀλλήλων
1313 2428 1718 2498 ἐπισκέψασθαι
1775 2427 2024 2498 γνώμας,

446 2517 586 2571 οὕτω
612 2519 677 2590 δὴ
725 2520 820 2572 καὶ
851 2521 1000 2590 ἡμᾶς
1051 2520 1309 2591 ἀλλήλοις
1341 2520 1639 2592 συμϐῆναι,
1673 2521 1769 2575 καὶ
1810 2520 2028 2574 παύσας

451 2611 572 2665 σθαι
607 2612 698 2664 τὸν
749 2613 1018 2684 ἡμέτερον
1065 2614 1304 2683 πόλεμον
1351 2614 1445 2666 ἐπὶ
1497 2615 1621 2674 τοὺς
1666 2615 1768 2682 τῆς
1805 2612 2030 2684 εἰρήνης

449 2703 800 2766 δμδασκάλους
829 2704 1277 2772 διαϐιϐάζονταςς
1315 2705 1421 2769 ἕως
1466 2705 1576 2776 γάρ
1604 2705 1669 2759 ἂν
1709 2707 1873 2775 ἡμεῖς
1905 2722 2033 2758 στα-

330 2864 335 2868 .
438 2789 745 2882 σιάζωμεν,
780 2795 1107 2865 συμμάχους
1137 2795 1238 2858 τάς
1284 2795 1513 2864 ἐκείνων
1567 2795 1903 2864 ἐπαγόμενοι
1935 2797 2034 2868 ῥή-

454 2902 590 2949 σεις,
630 2886 1012 2960 ἀδύνατονσμὴ
1041 2889 1333 2952 κάκείνους
1385 2886 1446 2940 τὸ
1478 2887 1600 2941 καθ’
1631 2889 1782 2956 lusi;
1834 2905 2036 2942 κοινω-

455 2977 575 3040 νοῦς
634 2978 903 3032 ποιεῖσθαι
951 2979 1051 3048 τῆς
1101 2980 1366 3041 στάσεως.
1397 2978 1563 3034 Ταῦτ’
1608 2980 1868 3050 οὐδεμίαν
1921 2978 2036 3050 ἔχει

453 3067 793 3138 δυσχέρειαν,
829 3070 878 3123 εί
929 3070 1006 3140 μὴ
1058 3071 1243 3138 μόνοις
1293 3073 1406 3132 τοῖς
1460 3072 1792 3141 φιλονεικεῖν
1855 3073 2040 3142 βουλο-

457 3162 655 3230 μένοις,
706 3163 801 3217 καὶ
843 3163 943 3226 τάς
995 3165 1135 3228 ίδίας
1182 3165 1283 3235 μὲν
1333 3165 1636 3236 προλήψεις
1681 3165 2036 3234 φυλάττουσι,

453 3252 520 3303 δι’
557 3243 632 3304 ὧν
678 3252 724 3305 δ’
770 3251 836 3306 ἃν
882 3254 1095 3320 γένοιτο
1140 3253 1242 3323 τῆς
1280 3254 1546 3325 άληθείας
1587 3257 1794 3324 τυχεῖν,
1829 3256 2037 3311 τούτων

453 3341 603 3394 οὐδὲν
634 3343 770 3404 ὅλως
813 3342 1194 3413 προσιεμένοις
1222 3359 1238 3377 ο
1273 3337 1349 3398 ὧν
1381 3347 1748 3415 καταφρονεῖν
1779 3345 1906 3408 τοὺς
1927 3345 2036 3420 ,τῆς

457 3429 708 3497 ἀληθείας
765 3430 1175 3502 ἐπιθυμοῦντας
1239 3435 1456 3504 πέφυκε
1505 3435 1739 3490 δίκαιον.
1796 3434 1938 3488 Ἀλλ’
1987 3437 2038 3487 εί

460 3523 548 3574 καὶ
593 3522 828 3594 δυσχερῆ
879 3525 1034 3579 ταῦτ’
1074 3520 1143 3597 ἦν
1186 3527 1466 3597 ἄντικρυς,
1500 3529 1590 3582 καὶ
1627 3528 1898 3599 μηδέποτε
1933 3528 2039 3598 πρὸ

461 3615 614 3682 ἡμῶν
644 3618 853 3686 ἑτέροις
908 3619 1047 3688 μήτε
1095 3619 1510 3673 σπουδασθέντα
1543 3619 1670 3692 μήτ’
1713 3621 2038 3682 άνυσθέντα,

461 3710 556 3778 τήν
582 3726 643 3776 γε
677 3710 828 3778 παρὰ
855 3710 948 3786 τοῦ
981 3709 1297 3781 ιινεύματος
1329 3713 1652 3782 συμμαχῐαν
1684 3714 1785 3765 οὐκ
1814 3709 2039 3778 εὔλογον

461 3801 800 3867 ἀπελπίζειν,
827 3796 871 3870 ᾧ
901 3804 996 3857 καὶ
1045 3805 1191 3858 κατᾶ
1227 3804 1338 3858 τῶν
1391 3804 1466 3868 ὡς
1495 3804 1715 3872 ἀληθῶς
1749 3805 1886 3874 ἡμῖν
1918 3804 2046 3857 ἁδυ-

461 3894 633 3947 νάτων
681 3894 1097 3966 ὑπερϐάλλουσα
1145 3896 1406 3971 πρόσεστι
1453 3895 1725 3965 δύναμιςο
1758 3897 1896 3952 ἀλλὰ
1947 3914 2039 3949 πι-

465 3986 675 4041 στεύειν
715 3989 893 4041 έκεῖνο
928 3988 1037 4042 τῶν
1085 3991 1262 4042 πόνων
1304 3989 1448 4059 ὑμᾶς
1491 3991 1586 4044 καὶ
1629 3991 1738 4042 τῶν
1777 3989 2039 4044 κινδύνων

461 4074 536 4133 ὧν
569 4080 840 4152 ὑπέστητε
873 4082 1247 4147 κατοικτίσαν,
1283 4084 1378 4136 καὶ
1426 4084 1517 4136 τὸν
1567 4083 1796 4154 σφοδρὸν
1826 4085 1885 4136 ὲν
1915 4083 2046 4154 ὑμῖν

464 4173 560 4242 τῆς
593 4173 852 4245 ἀληθείας
893 4174 1061 4229 πόθον
1108 4175 1544 4245 ἀποδεξάμενον,
1577 4175 1859 4246 ἀρκοῦσαν
1907 4177 2041 4244 παρ’

464 4266 659 4319 ἑαυτοῦ
711 4266 1045 4338 προσθήσειν
1093 4267 1294 4338 ῥοπήν.
1329 4267 1393 4320 El
1445 4268 1557 4337 γάρ
1607 4267 1924 4320 τούναντίον
1968 4266 2046 4336 μὴ

466 4357 866 4427 προχειρότατα
932 4353 1036 4430 ἦν,
1095 4358 1310 4412 ἐκεῖθεν
1361 4359 1465 4426 τὴν
1516 4357 1612 4411 τοῦ
1667 4357 2046 4429 κατορθώσειν

466 4446 699 4516 δύναμιν
727 4446 971 4513 ἐλπίζειν
1013 4450 1314 4520 προσῆκεν,
1345 4444 1408 4503 οὒ
1462 4452 1634 4521 χωρὶς
1667 4450 1821 4504 οὐδὲν
1858 4451 2046 4504 ἀνύειν

2123 604 2217 670 qui
2265 605 2601 665 dubitarent,
2651 612 2703 656 ct
2738 603 3104 656 humanarum
3151 601 3540 672 cogitationum
3591 615 3699 655 non

2123 695 2257 749 satis
2292 705 2409 748 tuto
2441 695 2646 760 judicio
2686 693 3007 754 dillidercnt,
3053 704 3146 748 aut
3197 693 3514 747 consentire
3573 707 3699 747 cum

2125 788 2316 842 alteris
2365 790 2597 849 nullout,
2653 787 2769 840 suis
2803 785 3004 854 quique
3040 784 3281 840 contenti
3329 783 3702 852 opinionibus.

2125 879 2192 931 At
2231 894 2354 933 cuin
2388 878 2541 945 plena
2574 878 2646 932 sit
2679 893 2836 934 sacra
2865 877 3145 944 Scriptura
3182 875 3469 930 sententiis
3502 875 3566 928 ad
3601 875 3705 928 hue

2127 971 2522 1039 speetanlilms,
2565 979 2618 1024 et
2666 980 2976 1024 sanctorum
3026 967 3146 1022 libri
3199 965 3390 1020 iisdem
3435 973 3703 1031 scateaut,

2129 1063 2509 1134 plurimosque
2538 1063 2604 1116 de
2650 1064 2749 1116 hac
2793 1060 3017 1114 materia
3055 1071 3160 1113 tam
3209 1066 3399 1126 aperte
3441 1058 3564 1126 quis
3590 1057 3706 1109 dis-

2128 1170 2309 1208 serere
2341 1155 2542 1218 videat,
2579 1170 2643 1208 ac
2683 1156 2726 1208 si
2770 1154 2892 1207 data
2930 1167 3096 1222 opera
3138 1150 3295 1204 nobis
3335 1149 3548 1218 judiccs
3578 1163 3710 1202 con-

2131 1248 2520 1303 troversiarum
2557 1249 2849 1314 sederent;
2909 1263 3004 1302 nec
3051 1246 3210 1302 facile
3252 1246 3327 1300 sit
3365 1259 3707 1306 enumerare,

2094 1413 2096 1416 ν
2129 1354 2293 1408 quam
2335 1339 2503 1392 multa
2539 1339 2710 1392 Grzeei
2743 1354 2806 1391 ac
2844 1337 3022 1391 Latini
3065 1351 3164 1406 pro
3199 1350 3296 1391 sua
3329 1334 3546 1402 utrique
3582 1348 3712 1387 seu-

2130 1430 2305 1482 tentia
2370 1445 2434 1483 ex
2494 1429 2602 1483 illis
2649 1429 2876 1483 collecta
2941 1426 3254 1496 proferant;
3309 1425 3438 1494 quis
3493 1421 3712 1477 dillicile

2132 1520 2319 1584 dit-at,
2376 1518 2672 1589 Scriptum
2721 1519 2939 1588 quidem
2995 1517 3142 1572 dicta
3209 1504 3585 1584 interpretari,
3653 1524 3714 1569 ut

2132 1607 2346 1680 a-quum
2372 1617 2476 1674 est,
2511 1618 2678 1678 utque
2704 1609 2882 1669 decet.
2917 1609 3026 1662 imo
3055 1623 3187 1661 vero
3234 1606 3458 1676 optimis
3517 1621 3708 1660 eorum

2135 1702 2524 1772 interpretibus
2589 1703 2962 1768 acquiescere,
3008 1709 3228 1755 sanctos
3284 1714 3417 1753 vero
3467 1698 3609 1752 inter
3654 1713 3714 1752 se

2135 1797 2452 1861 conciliare,
2485 1804 2537 1850 et
2571 1797 2859 1866 pauciores
2894 1795 3112 1866 quidem
3160 1795 3225 1848 ad
3264 1784 3470 1864 plures.
3517 1802 3573 1848 et
3617 1807 3714 1848 eos

2131 1883 2222 1950 qui
2257 1883 2389 1938 nihil
2417 1882 2676 1938 dixerunt
2699 1885 2764 1938 ad
2799 1899 2894 1940 eos
2924 1883 3018 1953 qui
3051 1899 3164 1938 rem
3209 1891 3622 1953 expresserunt,
3657 1891 3714 1936 et

2129 1976 2464 2045 posteriores
2494 1976 2561 2029 ad
2597 1976 2961 2045 antiquiores,
2993 1985 3048 2031 et
3079 1975 3370 2030 obscurius
3397 1989 3508 2029 rem
3536 1973 3712 2027 invni.

2129 2075 2320 2123 ventes
2343 2065 2410 2120 ad
2447 2066 2592 2122 clare
2619 2067 2830 2123 locutos
2861 2068 3178 2138 adjungere,
3200 2067 3343 2136 quod
3378 2066 3523 2136 leges
3547 2067 3713 2121 etiam

2131 2159 2184 2214 in
2214 2157 2470 2213 civilibus
2501 2159 2899 2228 qumstionihus
2931 2157 3046 2212 ﬁeri
3089 2158 3300 2227 jubent,
3351 2155 3604 2227 quodque
3630 2155 3714 2210 vel

2133 2247 2260 2318 ipsi,
2285 2247 2542 2312 arbitror,
2570 2247 2750 2303 sancti
2782 2249 2923 2302 inter
2945 2263 3001 2303 se
3025 2245 3287 2312 facerent,
3317 2245 3362 2302 si
3386 2245 3501 2300 ﬁeri
3533 2251 3719 2316 posset

2135 2349 2192 2392 ut
2209 2354 2376 2394 unum
2402 2337 2457 2392 in
2485 2337 2664 2393 locum
2690 2339 3076 2392 convenientes
3092 2337 3320 2392 alterius
3341 2335 3718 2390 examinarent

2133 2428 2489 2496 sententiam,
2521 2439 2684 2497 atque
2715 2429 2786 2483 ita
2830 2445 2928 2484 nos
2960 2444 3181 2499 quoque
3216 2428 3270 2482 in
3316 2442 3479 2482 unam
3516 2441 3718 2482 conve-

2134 2520 2255 2576 nire
2286 2519 2635 2587 sententiam,
2663 2537 2725 2574 ac
2747 2520 2994 2575 desinere
3025 2521 3221 2576 bellum
3251 2531 3498 2576 nostrum
3532 2528 3718 2574 trans-

2137 2613 2280 2668 ferre
2325 2612 2381 2666 in
2417 2613 2570 2682 pacis
2621 2613 2915 2667 doctores?
2947 2611 3200 2678 Quandiu
3235 2613 3532 2682 enim‘ipsi
3587 2626 3720 2668 con-

2139 2704 2336 2760 trarias
2372 2704 2696 2761 habebimus
2729 2707 3054 2768 sententias,
3086 2705 3232 2760 dicta
3283 2689 3496 2760 illorum
3533 2719 3632 2774 pro
3661 2719 3722 2760 se

2140 2799 2377 2870 quisque
2404 2798 2722 2863 an‘ercntes,
2756 2799 2872 2854 ﬁeri
2901 2815 3008 2853 non
3038 2805 3237 2868 potest,
3284 2797 3420 2868 quin
3455 2796 3721 2852 faciamus

2138 2901 2196 2949 et
2236 2891 2380 2953 illos.
2411 2901 2679 2960 quantum
2716 2892 2769 2944 in
2808 2891 2964 2945 nobis
3002 2898 3102 2954 cst,
3142 2903 3334 2960 pugnae
3360 2885 3524 2959 huius
3549 2887 3722 2958 parti-

2141 2983 2311 3053 cipes.
2341 2981 2467 3037 Haec
2491 2983 2696 3036 nullam
2723 2982 2924 3035 habent
2945 2979 3341 3043 dillicultatem,
3373 2979 3474 3034 nisi
3507 2985 3720 3032 tantum

2143 3089 2309 3147 penes
2347 3074 2488 3136 illos,
2519 3074 2612 3143 qui
2644 3072 3008 3128 contendendi
3041 3071 3375 3126 voluntatem
3410 3071 3632 3134 habent,
3669 3081 3725 3126 et

2147 3179 2276 3221 suas
2319 3164 2538 3234 quidem
2581 3165 2816 3219 retinent
2851 3163 3177 3232 anticipatas
3217 3161 3529 3232 opiniones,
3587 3160 3726 3216 nihil

2147 3270 2275 3310 vero
2308 3256 2526 3325 penitus
2557 3255 2852 3310 admittunt
2877 3271 2944 3310 ex
2977 3255 3065 3319 iis,
3102 3269 3198 3325 per
3219 3270 3340 3325 qua:
3366 3254 3496 3309 licet
3524 3254 3728 3308 verita-

2143 3357 2249 3402 tem
2283 3347 2530 3416 assequi,
2581 3363 2720 3417 quos
2765 3362 2982 3417 :equum
3012 3355 3095 3400 est
3154 3346 3360 3417 despici
3406 3360 3438 3400 a
3479 3345 3726 3402 veritatis

2140 3440 2430 3496 Studiosis.
2463 3441 2602 3494 Nam
2643 3441 2768 3495 licet
2809 3442 2924 3495 haec
2966 3447 3153 3495 essent
3199 3453 3428 3508 prorsus
3467 3437 3725 3502 dillicilia,

2142 3539 2195 3583 et
2231 3544 2511 3598 nunquam
2564 3537 2689 3584 ante
2727 3545 2828 3584 nos
2855 3531 2923 3603 ab
2956 3529 3078 3584 aliis
3107 3529 3268 3584 enixe
3300 3528 3529 3599 quaesita
3567 3538 3620 3584 et
3660 3527 3728 3582 ad

2141 3619 2346 3673 exitum
2376 3619 2632 3687 perducta
2661 3638 2674 3674 :
2703 3629 2852 3673 certe
2877 3628 3060 3673 tamen
3085 3617 3324 3673 alienum
3347 3626 3430 3674 est
3458 3633 3489 3672 a
3521 3616 3732 3672 ratione

2143 3711 2437 3781 desperare
2468 3712 2731 3766 auxilium
2785 3711 3046 3779 Spiritus,
3092 3727 3121 3764 a
3159 3712 3320 3780 cujus
3357 3711 3599 3782 potentia
3647 3712 3734 3765 vel

2145 3818 2230 3866 ea,
2287 3817 2408 3872 qua:
2467 3817 2525 3858 re
2579 3817 2705 3856 vera
2761 3802 2921 3856 nobis
2969 3782 3332 3871 impossibilia
3371 3810 3526 3866 sunt,
3574 3801 3733 3872 longe

2146 3902 2474 3962 superantur
2501 3912 2516 3951 :
2546 3893 2638 3948 sed
2682 3883 2906 3947 credere
2950 3902 3167 3962 oportet
3206 3891 3357 3947 illum
3389 3893 3635 3948 laborum
3669 3907 3734 3946 ac

2148 3983 2540 4054 periculorum,
2573 3999 2695 4052 quae
2727 3981 2877 4053 passi
2904 3984 3059 4046 estis,
3096 3981 3580 4036 commiseratione
3611 3995 3735 4051 per-

2151 4087 2384 4135 mtuum.
2418 4084 2474 4129 et
2501 4077 2799 4129 vehemens
2840 4074 2892 4128 iu
2923 4074 3076 4128 vobis
3107 4073 3446 4129 desiderium
3488 4074 3736 4128 veritatis

2149 4167 2570 4237 approbantem,
2620 4169 2704 4223 sui
2757 4181 2976 4235 quoque
3009 4165 3236 4231 favoris,
3267 4181 3388 4235 qua;
3435 4166 3548 4222 sint
3576 4165 3734 4228 satis,

2153 4269 2430 4314 momenta
2461 4260 2740 4322 daturum.
2778 4258 3104 4328 Quanquam
3150 4273 3181 4313 ο
3233 4256 3534 4322 contrario,
3582 4255 3628 4311 si
3668 4257 3738 4310 ad

2154 4366 2374 4405 manum
2408 4360 2464 4405 et
2495 4351 2754 4405 facillima
2789 4367 2898 4405 non
2927 4359 3135 4416 essent,
3166 4349 3234 4404 ab
3263 4363 3329 4405 eo
3364 4348 3631 4418 speranda
3655 4355 3741 4404 est

2157 4441 2389 4498 facultas
2413 4458 2525 4497 rem
2561 4444 2821 4513 pneclare
2855 4443 3073 4513 agendi,
3121 4437 3244 4498 sine
3281 4456 3394 4511 quo
3434 4439 3572 4496 eilici
3607 4440 3742 4494 nihil

467 4535 631 4590 ἔστιν.
663 4537 841 4591 Αὑτοῦ
869 4537 1051 4593 τοίνυν
1083 4540 1284 4608 γένοιτ’
1319 4539 1387 4594 ἂν
1411 4538 1577 4609 ἔργον
1606 4539 1668 4595 τό
1700 4557 1762 4592 τε
1799 4539 2032 4610 μάλιστα

2159 4543 2358 4604 pote5t.
2405 4533 2555 4588 Illius
2604 4549 2736 4604 ergo
2771 4535 2844 4589 sit
2871 4549 3032 4610 opus,
3069 4544 3128 4590 ttt
3161 4533 3327 4590 simul
3355 4541 3412 4588 et
3445 4532 3590 4603 quod
3625 4547 3743 4586 ma-

469 4618 710 4683 συνοῖσον
742 4628 886 4698 ὑμᾶς
914 4630 1152 4695 ἑλέσθαι,
1189 4631 1285 4686 καὶ
1331 4632 1406 4697 ὡς
1436 4631 1696 4703 ἐλάχιστα
1734 4633 2042 4704 πεπονηκό-

467 4735 564 4782 τας
599 4717 733 4774 αὐτὸ
760 4718 1234 4792 καταπράξασθαι.

2159 4628 2304 4680 xime
2331 4625 2612 4695 conducit,
2643 4626 2881 4698 eligatis,
2903 4637 3066 4698 atque
3094 4627 3236 4684 idem
3263 4624 3490 4682 minimo
3527 4625 3744 4698 negotio

2155 4718 2448 4788 peragatis.
