4038 6420
333 362 434 428 441

1499 366 1783 429 ORATIO
1830 367 1891 431 Π
1923 369 2024 430 AD
2060 367 2449 432 SYNODUM.

3508 368 3625 434 442

329 489 439 549 τοῖ;
476 484 878 554 χαλεπωτάτοις
914 486 1235 557 ἐπιχειριῖν,
1258 485 1354 550 τὰς
1389 487 1650 558 δευτέρας
1683 486 1917 560 ὑποσχέ-

2021 504 2296 560 quamque
2324 462 2458 544 mihi
2481 497 2717 544 tuentem
2748 477 3063 547 diﬂicillima
3086 488 3342 545 convenit
3371 481 3609 563 aggredi,

332 597 448 642 σεις
476 579 737 634 ἀποτίσαι
776 579 1135 650 πειράσομαι,
1166 575 1240 635 ὧν
1266 579 1398 634 ἄνευ
1425 580 1578 634 οὐδὲν
1621 581 1689 636 ἂν
1716 583 1781 636 ὲκ
1806 581 1917 636 τῶν

332 675 619 747 προτέρων
675 675 820 745 μήτε
877 674 1130 742 λέγοντος
1184 673 1365 729 ταῦτα
1426 675 1570 745 μήτε
1629 674 1916 739 πείθοντος

328 766 521 837 (palo;
560 767 669 836 εἵη.
700 764 878 820 Πολλά
923 766 1024 835 μὲν
1048 765 1143 823 οῦν
1171 765 1242 820 τά
1273 765 1377 838 τὴν
1423 767 1744 841 θαυμαστὴν
1781 768 1914 823 ταύ-

329 877 429 928 την
473 858 702 930 είρήνην
754 859 954 929 εὔχερῆ
1007 857 1104 911 καὶ
1157 858 1349 930 ῥᾳδίαν
1398 858 1554 930 ἡμῖν,
1587 859 1657 914 ἂν
1712 859 1912 931 βουλη-

331 951 516 1021 θῶμεν
574 951 754 1021 μόνον,
786 950 1035 1018 δείξαντα
1097 950 1383 1017 πέφυκενο
1437 952 1539 1006 οὐκ
1597 952 1797 1021 ὀλίγων
1855 952 1912 1006 δὲ

332 1043 609 1113 γέμουσαν
656 1042 1082 1112 ἐναντιωμάτων
1127 1038 1284 1107 αὖθις
1316 1044 1464 1097 ἔστιν
1515 1045 1646 1099 ίδεῖν
1690 1049 1806 1112 τοῖς
1836 1047 1913 1120 μὴ

332 1136 585 1206 καθαρῶς
635 1136 1123 1207 ἐπισκεπτομένοις
1150 1153 1166 1169 ο
1210 1136 1248 1191 ἃ
1278 1134 1435 1207 οἶμαι
1471 1138 1601 1210 περὶ
1641 1140 1753 1197 τῶν
1798 1159 1912 1199 κω-

330 1229 568 1283 λυόντων
597 1229 817 1300 πρῶτον
849 1229 1044 1296 εἰπὼν,
1077 1231 1173 1283 καὶ
1195 1230 1347 1285 ταῦτ’
1378 1231 1626 1302 ἐξορίσαι
1658 1233 1737 1298 ὡς
1770 1237 1910 1306 πορσ

333 1323 560 1393 ρωτάτω
615 1322 727 1378 τῶν
778 1323 1062 1396 ὑμετέρων
1114 1324 1325 1396 ψυχῶν.
1362 1325 1619 1380 Ἥδοισθε
1677 1326 1788 1397 γάρ
1842 1328 1911 1381 ἂν

330 1418 425 1470 καὶ
452 1416 609 1471 αὐτοὶ
636 1416 745 1470 τῶν
773 1419 884 1481 τοῖς
912 1417 1100 1480 καλοῖς
1130 1418 1599 1473 ὲπιῦουλευόντων
1625 1418 1910 1490 λογισμῶν

330 1510 591 1578 γενναίως
616 1510 1021 1582 ἐλαυνομένων,
1044 1512 1135 1564 καὶ
1160 1510 1299 1582 πρὸς
1322 1514 1390 1566 ca
1414 1511 1674 1566 ποιοῦντα
1703 1512 1910 1583 ταύτην

330 1602 699 1674 εὐκολώτερον
732 1602 1026 1673 βαδιεῖσθε,
1069 1605 1324 1675 καθάπερ
1354 1607 1411 1658 ὲν
1436 1602 1541 1674 ὁδῷ
1571 1621 1676 1659 τινι
1712 1606 1821 1660 τῶν
1853 1606 1911 1660 ἐν

330 1697 465 1765 αὐτῇ
490 1695 763 1751 δυσκόλων
799 1698 1225 1769 ἀφαιρεθέντων.
1252 1700 1577 1774 Ἀνάσχεσθε
1614 1701 1673 1756 δὲ
1708 1698 1911 1771 μικρὸν

330 1786 696 1858 λαμϐάνοντος
732 1788 961 1848 ἄνωθεν.

400 1973 473 2026 Τὸ
507 1975 605 2044 μὲν
647 1975 1001 2050 οἰκονομικήν
1031 1995 1155 2032 τινα
1199 1980 1297 2036 καὶ
1334 1980 1673 2053 φαινομένην
1713 1982 1910 2036 ἕνωσιν

330 2069 827 2140 καταπράξασθαι,
875 2073 1013 2128 τῶν.
1056 2074 1595 2146 ἀμφισϐητουμένων
1660 2076 1736 2139 ὡς
1798 2075 1911 2147 ἔχει

329 2160 467 2225 τέως
525 2163 833 2232 μενόντων,
890 2164 1016 2219 οὔτε
1079 2165 1394 2237 συμφέρον,
1459 2165 1571 2220 οὔτ’
1634 2166 1912 2238 εὐπρεπὲς

333 2251 614 2324 ἐδείξαμεν
645 2253 726 2320 δν,
756 2255 871 2309 ἀλλ’
929 2256 1154 2325 ἀνάξιον
1195 2259 1300 2328 μὲν
1344 2258 1442 2328 τῆς
1470 2258 1632 2330 ήμῶν
1684 2258 1909 2327 ἀρετῆς.

336 2344 528 2417 πόρῥω
582 2346 640 2402 δὲ
688 2350 791 2418 τῆς
855 2349 1136 2421 ἡμετέρας
1207 2349 1620 2422 προσηγορίας*
1681 2353 1778 2405 καὶ
1832 2351 1911 2421 τῷ

338 2437 615 2510 Πνεύματι
643 2441 744 2510 μὲν
781 2440 962 2513 ἥκιστ’
987 2442 1241 2514 ἀρέσκον,
1279 2442 1373 2514 ὑφ’
1419 2436 1482 2516 οὗ
1513 2443 1608 2498 καὶ
1644 2445 1913 2516 συνῆχθαί

339 2549 537 2602 φαμεν,
589 2533 689 2589 οὐκ
749 2534 936 2604 ὀλίγας
997 2536 1055 2589 δὲ
1107 2535 1206 2599 τὰς
1261 2534 1413 2606 παρά
1443 2514 1574 2588 ’τῶν
1600 2514 1911 2607 ἀνθρώπων

339 2623 575 2695 μέμψεις
630 2626 830 2692 ὲπάξον
882 2628 1017 2697 ἡμῖν
1041 2645 1055 2660 ο
1107 2627 1244 2697 πρὸς
1285 2627 1345 2682 δὲ
1388 2627 1599 2687 τούτοις
1631 2626 1756 2681 οὔτε
1787 2629 1911 2691 ταῖς

335 2718 565 2785 ἀγαθαῖς
614 2719 794 2774 ἐλπίσι
844 2721 1147 2792 συμϐαῖνον
1194 2721 1286 2788 ὑφ’
1318 2715 1395 2776 ὧν
1424 2720 1771 2791 κε’κινήμεθα
1809 2719 1910 2792 τὴν

336 2810 531 2882 ἀρχὴν,
562 2811 686 2866 οῦτε
731 2814 798 2884 τῇ
834 2813 922 2870 διὰ
976 2815 1198 2869 πάντων
1235 2815 1564 2886 παρασκευῇ
1608 2814 1909 2885 προσῆκον,

337 2902 371 2972 ἢ
406 2903 501 2956 καὶ
532 2903 669 2973 πρὸς
695 2905 824 2960 ἄλλο
853 2923 905 2959 τι
957 2906 1167 2977 μεῖζον,
1199 2909 1358 2975 εῐπερ
1390 2902 1483 2979 ἦν,
1514 2907 1610 2962 τοῦ
1644 2907 1913 2979 παρόντος

337 2992 570 3063 ήρκεσεν
600 2994 666 3049 ἄν
684 3009 700 3025 ⁶
728 2998 822 3050 καὶ
850 2996 1096 3068 χείρονος
1127 2997 1372 3068 πολέμου
1406 2998 1502 3052 καὶ
1530 2997 1716 3069 μάχης
1741 2996 1911 3067 ἄρξον

342 3087 477 3156 μετά
530 3086 704 3143 ταῦτα
761 3089 1113 3159 Χριστιανοϊς
1140 3106 1156 3122 ·
1221 3092 1322 3160 τὴν
1372 3090 1430 3145 δὲ
1492 3093 1592 3164 τῆς
1651 3091 1913 3163 ἀληθείας

2022 583 2262 639 secunda
2298 583 2570 653 promissa
2601 585 2845 639 conabor
2877 584 3215 653 persolvere,
3253 585 3375 639 sine
3405 584 3617 654 quibus

2020 672 2169 729 nulla
2202 673 2310 729 erit
2357 689 2422 728 ex
2481 673 2757 742 prioribus
2806 673 3036 739 utilitas,
3091 673 3138 727 si
3189 673 3305 729 haec
3357 689 3459 745 ego
3501 690 3608 729 non

2014 766 2222 832 dicam,
2260 774 2356 821 aut
2390 764 2675 821 suadeam.
2724 763 2893 819 Multa
2925 772 3056 820 sunt
3094 764 3280 834 igitur,
3310 780 3432 834 qua:
3466 780 3608 836 prai-

2019 859 2226 916 claram
2257 857 2401 914 hanc
2429 872 2618 928 pacem
2666 857 2881 912 facilem
2920 856 3076 911 nobis
3107 870 3172 910 ac
3207 855 3412 913 nullius
3443 871 3608 926 nego-

2022 953 2107 1020 tii,
2135 953 2436 1009 dummodo
2459 951 2712 1014 velimus,
2745 949 3035 1005 ostendent
3072 967 3087 1005 :
3124 964 3312 1008 rursus
3343 965 3451 1004 non
3476 965 3611 1020 pau-

1962 1104 1969 1109 ,
2016 1044 2096 1101 cis
2143 1059 2266 1100 eam
2317 1052 2531 1100 scatere
2576 1042 3019 1115 oppositionibus
3048 1042 3311 1109 viderint,
3343 1043 3436 1112 qui
3492 1057 3610 1097 rem

2017 1154 2124 1195 non
2157 1140 2372 1198 sincere
2406 1139 2781 1196 considerant.
2819 1136 3066 1193 Primum
3097 1150 3226 1207 ergo
3269 1135 3335 1190 de
3381 1134 3612 1204 impedi-

2016 1234 2217 1290 mentis
2263 1233 2533 1305 agendum
2585 1244 2803 1292 censeo,
2857 1240 2916 1285 ut
2962 1245 2991 1284 a
3042 1227 3243 1285 vestris
3296 1226 3499 1281 animis
3544 1241 3607 1280 ea

2014 1338 2178 1394 quam
2206 1322 2522 1395 longissime
2571 1331 3001 1385 removeantur;
3037 1328 3249 1391 gratum
3299 1317 3446 1372 enim
3506 1318 3610 1371 hoc

2012 1415 2168 1472 vobis
2217 1415 2379 1471 etiam
2430 1415 2557 1479 erit,
2606 1413 2652 1469 si
2704 1413 3065 1484 cogitationes
3102 1412 3243 1477 illae,‘
3264 1426 3387 1480 quae
3440 1410 3609 1465 rebus

2015 1507 2261 1564 honestis
2320 1507 2619 1562 moliuntur
2671 1504 2924 1568 insidias,
2990 1514 3216 1559 strenue
3268 1502 3607 1573 abigantur;

2014 1599 2346 1669 faciliusque
2376 1598 2444 1653 ad
2476 1612 2539 1653 ea
2592 1595 2921 1663 transibitis,
2955 1610 3054 1666 per
3094 1608 3217 1665 quas
3259 1593 3351 1649 fiet
3396 1609 3523 1663 pax,
3562 1594 3608 1648 si

2013 1708 2136 1762 quae
2164 1694 2311 1749 illam
2344 1690 2675 1760 asperiorem
2707 1688 2938 1756 faciunt,
2971 1689 3128 1761 quasi
3173 1686 3279 1742 οπο
3296 1686 3516 1742 ndicula
3544 1687 3611 1741 de
3660 1700 3665 1703 '

2012 1786 2100 1840 via
2133 1784 2586 1840 submoveantur.
2620 1779 2879 1836 Patimini
2913 1794 3062 1843 vero,
3093 1791 3304 1850 quaeso,
3333 1793 3420 1832 me
3444 1776 3610 1848 paulo

2014 1875 2188 1932 altius
2227 1890 2344 1930 rem
2378 1873 2571 1930 ordiri.
2968 1877 2975 1882 “
3306 1876 3337 1888 ”

2090 1968 2356 2025 Unionem
2392 1969 2575 2038 itaque
2599 1965 2869 2021 coniicere
2918 1971 3297 2035 apparentem,
3346 1971 3399 2017 ct
3429 1958 3606 2017 solum

2015 2061 2265 2134 przrsenti
2303 2076 2482 2115 rerum
2517 2059 2681 2115 statui
2715 2056 3086 2129 profuturam,
3121 2055 3289 2110 rebus
3337 2070 3457 2125 quae
3486 2068 3606 2109 ver-

2014 2162 2208 2206 santur
2241 2151 2294 2205 in
2323 2151 2725 2216 controversia,
2769 2149 2839 2204 ita
2884 2158 2937 2204 ut
2980 2163 3128 2202 nunc
3163 2162 3221 2203 se
3255 2144 3461 2201 habent
3489 2158 3608 2197 ma-

2015 2243 2289 2307 nentibus,
2325 2257 2429 2297 nec
2458 2239 2589 2296 utile
2633 2256 2732 2295 nec
2758 2240 3017 2295 decorum
3057 2253 3179 2294 esse
3207 2232 3551 2292 ostendimus
3584 2250 3601 2300 ;

2012 2335 2109 2392 sed
2137 2350 2251 2389 rem
2288 2342 2474 2390 nostra
2502 2331 2722 2404 quidem
2772 2332 2976 2386 virtute
3025 2328 3328 2400 indignam,
3378 2326 3446 2381 ab
3486 2324 3608 2395 ejus

2014 2442 2143 2483 vero
2174 2425 2437 2491 nominis.
2472 2441 2584 2499 quo
2635 2439 3043 2494 nuncupamur,
3088 2421 3395 2494 signiﬁcatu
3444 2419 3606 2487 longe

2012 2523 2331 2588 distantem,
2388 2527 2445 2577 et
2485 2519 2714 2592 Spiritui
2767 2517 3014 2590 quidem,
3050 2531 3079 2571 a
3108 2529 3220 2587 quo
3248 2527 3348 2569 nos
3381 2526 3612 2581 congre-

2013 2627 2170 2686 gatos
2217 2613 2535 2677 asserimus,
2563 2611 2788 2666 minime
2837 2609 3144 2680 placentem
3175 2645 3190 2671 ,
3233 2602 3426 2659 multis
3473 2615 3606 2657 vero

2013 2722 2115 2764 nos
2156 2707 2437 2763 hominum
2492 2701 3015 2775 reprehensionibus
3069 2698 3490 2771 subjicieutem;
3549 2701 3608 2749 et

2013 2810 2274 2872 praeterea
2334 2800 2492 2854 bonae
2544 2798 2683 2867 spei,
2731 2807 2837 2865 qua
2893 2806 3089 2849 sumus
3121 2791 3190 2847 ab
3224 2788 3384 2844 initio
3427 2786 3602 2849 ducti,

2014 2894 2158 2952 haud
2189 2893 2639 2964 respdndentem,
2697 2903 2800 2944 nec
2835 2888 3096 2943 universo
3151 2881 3440 2955 apparatui
3469 2894 3605 2936 con-

2015 2994 2322 3059 gruentem,
2341 2984 2433 3055 qui
2450 2983 2585 3039 satis
2606 2989 2751 3037 esset
2772 2980 2837 3036 ad
2864 2978 3149 3049 quodlibet
3170 2974 3340 3041 aliud,
3364 2974 3410 3030 si
3432 2973 3604 3027 ullum

2016 3089 2185 3148 esset,
2239 3074 2748 3150 praasenti‘negotio
2786 3073 2963 3141 majus
2999 3088 3016 3142 ;
3047 3079 3102 3127 et
3145 3078 3426 3142 postremo
3464 3081 3604 3132 rem,

339 3178 557 3255 εὕρεσιν
604 3197 664 3235 τε
716 3157 825 3236 καὶ»
864 3181 1092 3253 ζήτησιν
1142 3184 1239 3237 καὶ
1277 3157 1399 3253 ’τὴν
1448 3157 1559 3237 ἀπ’.
1596 3157 1768 3252 αὐτῆς
1814 3182 1913 3239 τοῦ

2021 3186 2141 3244 quae
2170 3171 2311 3228 foret
2342 3168 2676 3227 Christianis
2705 3165 2862 3236 origo
2892 3163 3066 3236 praelii
3113 3177 3178 3218 ac
3223 3174 3417 3233 pugnre
3461 3157 3612 3255 dcte-

338 3273 565 3341 ψεύδους
616 3274 793 3345 τομὴν
861 3275 1029 3345 μόνην
1078 3275 1256 3347 ἀληθῆ
1310 3276 1408 3331 καὶ
1461 3275 1675 3331 τελείαν
1720 3276 1917 3332 ἕνωσιν

340 3361 499 3429 εἶναι,
525 3366 620 3420 καὶ
644 3366 864 3421 πάντων
898 3366 999 3438 μὲν
1025 3367 1423 3440 ἐλαττωμάτων
1455 3370 1914 3441 ἀπηλλαγμένην,

340 3460 505 3515 καλοῦ
550 3459 607 3515 δὲ
655 3461 857 3525 παντὸς
897 3460 1201 3533 γέμουσαν,
1235 3463 1330 3516 καὶ
1381 3464 1492 3533 πρὸ
1538 3464 1761 3518 πάντων
1797 3465 1918 3518 θεο-

342 3552 494 3623 φιλῆ,
524 3546 586 3609 οὗ
641 3553 859 3622 μάλιστ’
890 3554 948 3608 ὲν
994 3555 1128 3607 πᾶσι
1174 3557 1288 3618 τοῖς
1339 3555 1430 3624 ὑφ’
1458 3556 1622 3628 ήμῶν
1671 3573 1918 3626 πραττο-

344 3644 524 3715 μένοις
557 3644 757 3715 πρέπει
815 3643 1199 3715 στοχάζεσθαι.
1226 3643 1374 3714 Αὐτὴ
1422 3644 1472 3697 δ’
1519 3645 1588 3700 ἂν
1614 3644 1847 3713 γένοιτο,
1881 3643 1915 3713 ἦ

342 3737 586 3791 Λατίνων
613 3737 714 3809 τὴν
747 3736 1067 3808 προσθήκην
1099 3734 1503 3806 ἀτιμαζόντων,
1540 3739 1635 3791 καὶ
1678 3737 1921 3807 παυομέ-

342 3849 448 3883 νων
476 3831 613 3898 μετά
661 3831 870 3902 ταύτης
917 3833 1018 3902 τὴν
1063 3831 1250 3885 πίστιν
1279 3831 1590 3903 ὁμολογεῖν,
1617 3831 1651 3903 ἢ
1688 3832 1920 3886 καὶτῶν

342 3916 599 3993 Γραικῶν
618 3923 791 3995 αὐτὴν
816 3922 1220 3995 προστιθέντων
1246 3922 1324 3987 ὡς
1350 3923 1682 3993 ἀναγκαίαν.
1697 3922 1919 3977 Μᾶλλον

342 4015 391 4068 δ’
416 4016 608 4081 εἰπεῖν,
643 4015 712 4069 τά
760 4017 860 4086 μὲν
910 4017 1009 4079 τῆς
1058 4016 1354 4086 ὁμολογίας
1403 4014 1635 4070 ἕπεσθαι
1682 4015 1784 4079 δεῖ,
1819 4014 1920 4084 τὴν

344 4107 399 4160 δὲ
453 4108 550 4177 τῆς
604 4108 838 4180 καρδίας
894 4108 1080 4163 πίστιν
1127 4108 1403 4179 ἡγεῖσθαι,
1440 4110 1535 4163 καὶ
1579 4108 1718 4179 πρὸς
1779 4107 1918 4177 αὐτῇ

347 4197 586 4269 παγῆναι
616 4198 808 4270 πρώτῃ
856 4184 956 4268 τὴν
1003 4199 1207 4265 γνῶσιν
1241 4201 1340 4268 τῆς
1389 4197 1647 4269 ἀληθείας
1697 4198 1793 4252 καὶ
1820 4197 1922 4268 τὴν

346 4289 404 4340 ὲν
435 4288 567 4358 αὐτῇ
602 4288 819 4343 πάντων
851 4286 1067 4343 ἕνωσιν.
1099 4286 1311 4341 Οὐκοῦν
1342 4288 1375 4359 ἢ
1413 4287 1684 4349 Λατίνους
1717 4286 1920 4357 ἀγνοῆ-

278 4384 283 4387 Α
348 4399 436 4435 σαι
489 4381 768 4447 παντελῶς
819 4381 888 4453 ἣν
939 4381 1203 4451 ἐφρόνουν
1258 4379 1591 4452 κατάφασιν,
1640 4380 1736 4434 καὶ
1769 4379 1922 4450 παρὰ

351 4473 516 4541 μόνου
559 4471 654 4526 τοῦ
706 4472 919 4542 [ἰατρὸς
966 4470 1248 4526 πιστεύειν
1293 4469 1436 4526 εἶναι
1486 4472 1547 4526 τὸ
1605 4469 1852 4540 Πνεῦμα,
1884 4470 1918 4540 ἦ

2021 3266 2206 3321 rioris.
2244 3261 2620 3320 lnventionem
2674 3267 2855 3313 autem
2895 3264 2950 3314 et
2998 3253 3412 3326 inquisitionem
3463 3248 3610 3302 veri-

2018 3354 2169 3420 tatis,
2201 3354 2429 3426 ejusque
2463 3369 2492 3407 a
2520 3350 2807 3408 mendacio
2852 3348 3237 3412 secretionem,
3283 3357 3403 3400 esse
3433 3342 3605 3397 solam

2018 3463 2205 3503 veram
2260 3456 2316 3503 et
2379 3443 2682 3517 perfectam
2747 3443 3035 3505 unitatem,
3088 3438 3237 3496 omni
3299 3450 3431 3491 sane
3479 3433 3613 3488 vitio

2021 3540 2272 3605 liberam,
2332 3548 2387 3594 et
2436 3537 2598 3593 bonis
2658 3534 2916 3591 omnibus
2974 3531 3309 3594 abluentem,
3354 3526 3611 3597 quodque

2021 3643 2185 3704 caput
2247 3640 2354 3695 est,
2406 3631 2517 3687 Deo
2570 3640 2807 3700 gratam,
2859 3626 3007 3697 quod
3074 3624 3129 3677 in
3191 3621 3449 3675 omnibus
3487 3633 3612 3687 quae

2022 3726 2233 3781 fiunt’a
2286 3725 2464 3788 nobis,
2515 3722 2679 3779 debet
2724 3735 2845 3776 esse
2895 3719 2948 3772 in
2997 3715 3190 3787 primis
3248 3711 3609 3784 propositum.

2022 3820 2142 3875 Erit
2184 3832 2348 3890 porro
2380 3817 2494 3872 haec
2528 3825 2621 3871 aut
2643 3813 2853 3868 Latinis
2890 3809 3318 3866 additamentum
3340 3800 3610 3873 abiicit-u-

2023 3912 2189 3977 tibus,
2246 3920 2297 3966 et
2351 3924 2476 3965 cum
2527 3907 2623 3962 illo
2691 3905 2815 3960 lldei
2906 3899 3303 3973 professionem
3361 3895 3613 3951 emittere

2021 4002 2419 4066 desinentibus,
2453 4008 2549 4054 aut
2589 3996 2796 4054 Graecis
2830 3993 2996 4050 etiam
3052 3991 3185 4046 illud
3249 3997 3308 4043 ιιι
3354 3998 3612 4042 necessa-

2022 4093 2162 4148 rium
2212 4090 2622 4162 adiicientibus.
2679 4088 2794 4143 [mo
2838 4099 2994 4149 vero,
3046 4091 3101 4137 ut
3160 4080 3353 4148 melius
3404 4077 3610 4135 dicam,

2023 4184 2298 4242 confessio
2334 4182 2556 4253 quidem
2610 4180 2765 4251 sequi
2799 4178 2980 4241 debet,
3018 4174 3154 4229 (lch
3194 4180 3375 4226 autem
3430 4166 3619 4220 cordis

2023 4277 2359 4350 prazcedere,
2396 4275 2449 4329 in
2486 4287 2597 4344 quo
2628 4273 2864 4344 primum
2901 4266 3227 4328 stabilienda
3253 4271 3339 4317 est
3368 4257 3616 4313 veritatis

2025 4350 2254 4443 agnitio,
2293 4368 2656 4435 omniumque
2680 4380 2780 4437 per
2802 4365 2951 4420 illam
2979 4357 3321 4431 coniunctio.
3347 4350 3457 4407 Aut
3486 4362 3617 4417 ergo

2029 4466 2252 4521 Latinos
2293 4462 2566 4534 oportebit
2609 4461 2836 4515 omnino
2883 4453 3295 4511 aﬂirttiationem
3344 4449 3615 4522 ignorare,

348 4564 615 4634 Γριικοὺς
658 4564 754 4618 καὶ
802 4565 868 4617 ἐκ
903 4562 996 4617 τοῦ
1033 4562 1166 4617 Υίοῦ
1218 4566 1437 4635 φρονεῖν
1480 4566 1662 4619 ἐκεῖνο
1700 4562 1919 4635 δεήσει·

2030 4573 2195 4631 quam
2231 4557 2546 4618 tuebantur,
2580 4561 2637 4607 et
2687 4550 2910 4606 credere
2941 4546 3205 4618 Spiritum
3238 4559 3362 4600 esse
3390 4560 3418 4600 a
3459 4547 3621 4600 Patre

348 4658 504 4719 ἄλλος
546 4659 656 4728 γάρ
703 4657 804 4727 οὐχ
843 4657 1199 4711 ὑπολείπεται
1254 4656 1460 4726 τρόπος
1517 4657 1634 4718 τοῖς
1681 4670 1746 4721 γε
1802 4651 1929 4707 κατ’

348 4749 606 4819 ἀλήθειαν
647 4750 901 4820 ἀλλήλοις
944 4748 1269 4803 σπένδεσθαι
1317 4747 1592 4802 θέλουσιν.
1641 4747 1797 4800 Ἐπεὶ
1831 4745 1929 4800 νῦν

349 4848 404 4898 ἐν
433 4844 717 4914 ἀντιφάσει
743 4844 953 4898 τούτων
978 4844 1013 4913 ἡ
1045 4840 1250 4908 πίστις,
1277 4836 1347 4916 ἦς
1377 4841 1529 4895 οὐδὲν
1563 4840 1715 4893 ἐστιν
1747 4839 1930 4908 εὑρεῖν

351 4936 590 5007 μεταξὺ,
642 4935 758 4990 ἀλλ’
806 4936 1021 5006 ἀνάγκη
1080 4934 1309 5004 θάτερον
1357 4932 1529 5003 αὐτῆς
1584 4931 1931 5000 ἀμφοτέρους

352 5031 513 5100 μέρος
577 5012 998 5098 ἀπωσαμένους,
1029 5026 1126 5080 τοῦ
1182 5024 1376 5080 λοιποῦ
1426 5025 1522 5078 καὶ
1584 5023 1932 5093 ἀμφοτέρους

347 5120 565 5193 ἔχεσθαι
598 5122 782 5191 μόνου.
817 5118 947 5174 Ε’τι
978 5119 1079 5190 τὴν
1111 5118 1296 5171 πίστιν
1321 5117 1431 5181 ἀπὸ
1470 5115 1702 5185 καρδίας
1736 5115 1831 5167 ἐπὶ
1863 5112 1933 5165 τὰ

350 5213 500 5282 χείλη
538 5214 898 5283 προάγοντας,
921 5212 1009 5264 διὰ
1039 5208 1248 5263 τούτων
1294 5211 1386 5263 ἐπὶ
1443 5206 1692 5278 σωτηρίᾳ
1725 5204 1933 5274 ταύτην

349 5305 655 5373 ὁμολογεῖν,
685 5307 779 5359 καὶ
829 5304 1004 5366 οὕτως
1049 5304 1156 5357 ὑπὸ
1188 5303 1319 5374 μίαν
1360 5298 1660 5370 καθολικὴν
1702 5298 1936 5366 Ἐκκληο

353 5400 474 5448 σῐαν
521 5396 728 5460 πάντας
761 5396 1020 5465 τελεῖν,ή
1073 5396 1173 5464 τὴν
1206 5393 1305 5463 τῆς
1353 5389 1589 5462 ἀληθοῦς
1638 5386 1937 5457 ὁμολογίας

354 5489 449 5540 καὶ
492 5487 651 5558 δόξης
694 5489 891 5557 δηλοῦν
942 5490 1173 5558 ἑνότητα
1227 5486 1501 5556 βούλεται.
1553 5483 1772 5549 Ταύτην
1822 5479 1939 5549 ἐγὼ

355 5584 453 5650 τὴν
497 5580 761 5652 ἀληθινὴν
793 5582 989 5636 ἕνωσιν
1025 5582 1295 5651 ὑπάρχειν
1333 5579 1594 5648 ὁρίζομαι
1615 5577 1681 5646 ἢν
1709 5574 1936 5643 εἰσηγη-

361 5673 542 5741 σάμην
588 5672 687 5741 μὲν
729 5672 920 5743 πρώην
966 5672 1150 5740 αὐτὸς,
1195 5671 1390 5725 ἔπεισι
1436 5668 1480 5720 δ’
1525 5669 1670 5737 ὑμᾶς
1718 5665 1822 5718 οὐκ
1870 5665 1938 5718 ἂν

361 5762 594 5832 εἴποιμι,
630 5766 724 5818 καὶ
754 5750 922 5820 πάλαι
956 5763 1360 5833 πεπέιτμένους
1400 5761 1494 5829 ὑφ’
1530 5759 1765 5823 ἑαυτῶν,
1798 5757 1938 5827 μᾶλ-

363 5852 458 5912 λον
488 5854 534 5908 δ’
563 5855 669 5910 ὑπὸ
713 5857 807 5912 τοῦ
848 5857 1164 5928 Πνεύματος
1197 5854 1345 5909 τοῦτ’
1391 5848 1533 5908 εἶναι
1574 5851 1635 5907 τὸ
1680 5851 1847 5905 καλόν
1878 5865 1938 5903 τε

2030 4649 2173 4713 solo,
2203 4655 2300 4703 aut
2322 4645 2544 4703 Graecos
2576 4642 2781 4699 sentire
2810 4641 2967 4696 illum
2995 4652 3118 4695 esse
3148 4638 3314 4693 etiam
3338 4651 3405 4692 ex
3439 4634 3619 4697 Filio:

2028 4739 2229 4797 etenim
2277 4738 2420 4793 alius
2480 4752 2590 4791 non
2644 4743 2814 4791 restat
2884 4732 3079 4788 modus
3142 4731 3235 4796 iis,
3303 4728 3399 4800 qui
3437 4742 3637 4785 veram.

2028 4832 2223 4888 volunt
2266 4829 2467 4899 pacisci
2519 4843 2730 4900 pacem.
2775 4824 2933 4880 Nunc
2954 4826 3100 4880 enim
3147 4824 3282 4879 fides
3336 4821 3531 4877 horum
3567 4821 3626 4874 in

2031 4923 2465 4981 contradictione
2504 4932 2589 4976 est
2620 4921 2817 4992 posita.
2847 4934 2969 4991 quae
2994 4917 3205 4974 nullum
3256 4916 3496 4971 admittit
3516 4928 3627 4969 me-

2000 5046 2005 5051 -
2034 5018 2213 5078 dium,
2247 5016 2344 5072 sed
2371 5030 2594 5072 necesse
2643 5023 2729 5070 est
2761 5013 2987 5069 alteram
3016 5010 3135 5081 eius
3167 5016 3376 5082 partem
3408 5004 3630 5075 utrique

2033 5109 2315 5178 abjieiant,
2356 5116 2413 5161 ct
2444 5106 2616 5161 solam
2667 5107 2894 5161 alteram
2926 5103 3147 5172 utrique
3173 5099 3483 5163 retineant;
3525 5095 3629 5151 dea

2034 5200 2162 5256 inde
2203 5199 2361 5256 fidem
2392 5214 2423 5254 e
2455 5201 2621 5255 corde
2672 5199 2737 5253 ad
2777 5212 2840 5254 os
2884 5194 3195 5258 cﬂ‘erentes,
3224 5205 3319 5261 per
3358 5189 3458 5242 hoc
3478 5187 3625 5241 illam

2039 5294 2314 5349 fateantur
2367 5292 2435 5350 ad
2483 5293 2755 5355 salutem;
2812 5298 2976 5358 atque
3011 5288 3085 5342 ita
3123 5285 3175 5338 in
3219 5296 3380 5337 unam
3435 5293 3631 5334 omnes

2039 5387 2368 5454 catholicam
2428 5384 2759 5439 conveniant
2798 5378 3122 5440 Ecclesiam,
3158 5389 3281 5446 qua:
3317 5368 3628 5442 signiﬁcare

2036 5479 2153 5534 vult
2192 5491 2334 5532 verae
2367 5473 2735 5531 confessionis
2771 5479 2826 5528 et
2849 5468 3133 5525 sententia:
3163 5469 3447 5522 unitatem.
3472 5460 3632 5516 Hane

2039 5587 2139 5644 ego
2162 5586 2347 5627 veram
2379 5585 2499 5624 esse
2536 5568 2793 5623 unionem
2831 5573 3033 5627 statuo,
3069 5574 3229 5632 quam
3270 5555 3475 5629 pridem
3510 5554 3632 5623 ipse

2044 5663 2264 5734 quidem
2318 5660 2597 5732 proposui,
2647 5660 2742 5715 sed
2789 5673 2908 5712 cam
2941 5655 3094 5709 vobis
3124 5652 3369 5708 suasisse
3402 5663 3508 5703 non
3544 5648 3628 5702 di»

2042 5756 2238 5818 xerim,
2268 5769 2392 5809 rum
2416 5767 2444 5806 a
2468 5751 2623 5807 vobis
2663 5750 2797 5820 ipsis
2826 5749 2939 5818 jam
2974 5748 3104 5802 olim
3136 5741 3379 5816 persuasi
3410 5740 3630 5804 essetis,

2045 5846 2156 5902 imo
2188 5862 2314 5900 vero
2358 5859 2386 5898 a
2419 5843 2626 5915 Spiritu
2662 5842 3012 5908 didicissetis,
3053 5843 3153 5894 hoc
3186 5851 3305 5894 esse
3339 5833 3633 5905 pulchrum
