  <div class='ocr_page' id='page_1' title='image "/cluster/home/n/w/nwhite01/storage/ocr_20150623/160/coo.31924054870658/231.png"; bbox 0 0 4038 6420; ppageno 0'>
   <div class='ocr_carea' id='block_1_1' title="bbox 367 4531 1242 4606">
    <p class='ocr_par' dir='ltr' id='par_1_1' title="bbox 367 4531 1242 4606">
     <span class='ocr_line' id='line_1_1' title="bbox 367 4531 1242 4606; baseline 0.016 -20"><span class='ocrx_word' id='word_1_1' title='bbox 367 4531 374 4536; x_wconf 78' lang='grc'><em>’</em></span> <span class='ocrx_word' id='word_1_2' title='bbox 464 4537 725 4606; x_wconf 79' lang='lat' dir='ltr'><strong>Symbolo</strong></span> <span class='ocrx_word' id='word_1_3' title='bbox 815 4541 1242 4600; x_wconf 70' lang='lat' dir='ltr'><strong>additamentum</strong></span> 
     </span>
    </p>
   </div>
   <div class='ocr_carea' id='block_1_2' title="bbox 485 391 602 458">
    <p class='ocr_par' dir='ltr' id='par_1_2' title="bbox 485 391 602 458">
     <span class='ocr_line' id='line_1_2' title="bbox 485 391 602 458; baseline 0 0"><span class='ocrx_word' id='word_1_4' title='bbox 485 391 602 458; x_wconf 73' lang='grc'><strong>447</strong></span> 
     </span>
    </p>
   </div>
   <div class='ocr_carea' id='block_1_3' title="bbox 1543 384 2607 450">
    <p class='ocr_par' dir='ltr' id='par_1_3' title="bbox 1543 384 2607 450">
     <span class='ocr_line' id='line_1_3' title="bbox 1543 384 2607 450; baseline -0.001 -1"><span class='ocrx_word' id='word_1_5' title='bbox 1543 389 1919 450; x_wconf 70' lang='grc' dir='ltr'><strong>ΟΕΧΝᾹΒΙΙ</strong></span> <span class='ocrx_word' id='word_1_6' title='bbox 1958 386 2062 445; x_wconf 82' lang='lat' dir='ltr'><strong>CP.</strong></span> <span class='ocrx_word' id='word_1_7' title='bbox 2094 384 2607 449; x_wconf 73' lang='lat' dir='ltr'><strong>PATRIARCIIE</strong></span> 
     </span>
    </p>
   </div>
   <div class='ocr_carea' id='block_1_4' title="bbox 3611 385 3704 449">
    <p class='ocr_par' dir='ltr' id='par_1_4' title="bbox 3611 385 3704 449">
     <span class='ocr_line' id='line_1_4' title="bbox 3611 385 3704 449; baseline 0 0"><span class='ocrx_word' id='word_1_8' title='bbox 3611 385 3704 449; x_wconf 68' lang='grc'><strong>448</strong></span> 
     </span>
    </p>
   </div>
   <div class='ocr_carea' id='block_1_5' title="bbox 483 502 2053 585">
    <p class='ocr_par' dir='ltr' id='par_1_5' title="bbox 483 505 2053 585">
     <span class='ocr_line' id='line_1_5' title="bbox 483 505 2053 585; baseline -0.005 -19"><span class='ocrx_word' id='word_1_9' title='bbox 483 513 706 568; x_wconf 88' lang='lat' dir='ltr'><strong>credant</strong></span> <span class='ocrx_word' id='word_1_10' title='bbox 729 513 957 585; x_wconf 77' lang='lat' dir='ltr'><strong>Latinis,</strong></span> <span class='ocrx_word' id='word_1_11' title='bbox 994 515 1122 570; x_wconf 90' lang='lat' dir='ltr'><strong>dum</strong></span> <span class='ocrx_word' id='word_1_12' title='bbox 1150 529 1278 572; x_wconf 89' lang='lat' dir='ltr'><strong>vera</strong></span> <span class='ocrx_word' id='word_1_13' title='bbox 1304 514 1377 569; x_wconf 87' lang='lat' dir='ltr'>illi</span> <span class='ocrx_word' id='word_1_14' title='bbox 1408 511 1613 576; x_wconf 89' lang='lat' dir='ltr'><strong>dicant,</strong></span> <span class='ocrx_word' id='word_1_15' title='bbox 1668 509 1829 575; x_wconf 86' lang='lat' dir='ltr'><strong>idque</strong></span> <span class='ocrx_word' id='word_1_16' title='bbox 1886 505 2053 559; x_wconf 81' lang='lat' dir='ltr'><strong>modis</strong></span> 
     </span>
    </p>
   </div>
   <div class='ocr_carea' id='block_1_6' title="bbox 2156 502 3706 585">
    <p class='ocr_par' dir='ltr' id='par_1_6' title="bbox 2167 502 3706 576">
     <span class='ocr_line' id='line_1_6' title="bbox 2167 502 3706 576; baseline 0.001 -22"><span class='ocrx_word' id='word_1_17' title='bbox 2167 503 2457 572; x_wconf 84' lang='grc' dir='ltr'>πεισθῆναι</span> <span class='ocrx_word' id='word_1_18' title='bbox 2510 503 2782 569; x_wconf 75' lang='grc' dir='ltr'><strong>Λατίνοις,</strong></span> <span class='ocrx_word' id='word_1_19' title='bbox 2830 506 2896 559; x_wconf 75' lang='grc' dir='ltr'><strong>ἂν</strong></span> <span class='ocrx_word' id='word_1_20' title='bbox 2945 505 3120 576; x_wconf 84' lang='grc' dir='ltr'>ἀληθῆ</span> <span class='ocrx_word' id='word_1_21' title='bbox 3153 504 3376 572; x_wconf 77' lang='grc' dir='ltr'>λέγωσι,</span> <span class='ocrx_word' id='word_1_22' title='bbox 3409 502 3502 554; x_wconf 71' lang='grc' dir='ltr'>καὶ</span> <span class='ocrx_word' id='word_1_23' title='bbox 3565 503 3706 556; x_wconf 67' lang='grc' dir='ltr'>τοῦτο</span> 
     </span>
    </p>
   </div>
   <div class='ocr_carea' id='block_1_7' title="bbox 483 603 2054 675">
    <p class='ocr_par' dir='ltr' id='par_1_7' title="bbox 483 603 2054 675">
     <span class='ocr_line' id='line_1_7' title="bbox 483 603 2054 675; baseline -0.003 -19"><span class='ocrx_word' id='word_1_24' title='bbox 483 603 739 659; x_wconf 88' lang='lat' dir='ltr'><strong>omnibus</strong></span> <span class='ocrx_word' id='word_1_25' title='bbox 787 606 965 675; x_wconf 81' lang='lat' dir='ltr'><strong>palam</strong></span> <span class='ocrx_word' id='word_1_26' title='bbox 1020 605 1226 660; x_wconf 76' lang='lat' dir='ltr'><strong>faciant</strong></span> <span class='ocrx_word' id='word_1_27' title='bbox 1260 623 1274 667; x_wconf 84' lang='lat'><strong>;</strong></span> <span class='ocrx_word' id='word_1_28' title='bbox 1308 619 1407 658; x_wconf 90' lang='lat' dir='ltr'><strong>nec</strong></span> <span class='ocrx_word' id='word_1_29' title='bbox 1455 603 1595 657; x_wconf 85' lang='lat' dir='ltr'><strong>velle</strong></span> <span class='ocrx_word' id='word_1_30' title='bbox 1645 609 1868 670; x_wconf 93' lang='lat' dir='ltr'><strong>propter</strong></span> <span class='ocrx_word' id='word_1_31' title='bbox 1937 614 2054 653; x_wconf 88' lang='lat' dir='ltr'><strong>eam</strong></span> 
     </span>
    </p>
   </div>
   <div class='ocr_carea' id='block_1_8' title="bbox 481 691 2058 763">
    <p class='ocr_par' dir='ltr' id='par_1_8' title="bbox 481 691 2058 763">
     <span class='ocr_line' id='line_1_8' title="bbox 481 691 2058 763; baseline -0.003 -15"><span class='ocrx_word' id='word_1_32' title='bbox 481 709 741 761; x_wconf 80' lang='lat' dir='ltr'><strong>respuere</strong></span> <span class='ocrx_word' id='word_1_33' title='bbox 772 710 956 750; x_wconf 82' lang='lat' dir='ltr'><strong>veram</strong></span> <span class='ocrx_word' id='word_1_34' title='bbox 991 697 1345 760; x_wconf 87' lang='lat' dir='ltr'><strong>sententiam,</strong></span> <span class='ocrx_word' id='word_1_35' title='bbox 1378 709 1543 763; x_wconf 88' lang='lat' dir='ltr'><strong>quam</strong></span> <span class='ocrx_word' id='word_1_36' title='bbox 1573 691 1811 748; x_wconf 79' lang='lat' dir='ltr'><strong>fatentes</strong></span> <span class='ocrx_word' id='word_1_37' title='bbox 1833 699 1886 746; x_wconf 90' lang='lat' dir='ltr'><strong>et</strong></span> <span class='ocrx_word' id='word_1_38' title='bbox 1935 704 2058 744; x_wconf 86' lang='lat' dir='ltr'><strong>cre-</strong></span> 
     </span>
    </p>
   </div>
   <div class='ocr_carea' id='block_1_9' title="bbox 480 784 2060 856">
    <p class='ocr_par' dir='ltr' id='par_1_9' title="bbox 480 784 2060 856">
     <span class='ocr_line' id='line_1_9' title="bbox 480 784 2060 856; baseline 0.001 -20"><span class='ocrx_word' id='word_1_39' title='bbox 480 784 694 852; x_wconf 78' lang='lat' dir='ltr'><strong>dentes,</strong></span> <span class='ocrx_word' id='word_1_40' title='bbox 726 785 886 856; x_wconf 81' lang='lat' dir='ltr'><strong>eique</strong></span> <span class='ocrx_word' id='word_1_41' title='bbox 919 803 977 842; x_wconf 90' lang='lat' dir='ltr'><strong>se</strong></span> <span class='ocrx_word' id='word_1_42' title='bbox 1007 803 1102 852; x_wconf 79' lang='lat' dir='ltr'><strong>per</strong></span> <span class='ocrx_word' id='word_1_43' title='bbox 1154 787 1317 841; x_wconf 86' lang='lat' dir='ltr'><strong>ambo</strong></span> <span class='ocrx_word' id='word_1_44' title='bbox 1366 787 1480 842; x_wconf 63' lang='lat' dir='ltr'><strong>ha‘c</strong></span> <span class='ocrx_word' id='word_1_45' title='bbox 1526 785 1917 856; x_wconf 77' lang='lat' dir='ltr'><strong>coniungentes</strong></span> <span class='ocrx_word' id='word_1_46' title='bbox 1968 799 2060 838; x_wconf 90' lang='lat' dir='ltr'><strong>nc-</strong></span> 
     </span>
    </p>
   </div>
   <div class='ocr_carea' id='block_1_10' title="bbox 479 873 2058 945">
    <p class='ocr_par' dir='ltr' id='par_1_10' title="bbox 479 873 2058 945">
     <span class='ocr_line' id='line_1_10' title="bbox 479 873 2058 945; baseline 0.001 -20"><span class='ocrx_word' id='word_1_47' title='bbox 479 887 637 927; x_wconf 79' lang='lat' dir='ltr'><strong>cesse</strong></span> <span class='ocrx_word' id='word_1_48' title='bbox 663 882 751 928; x_wconf 88' lang='lat' dir='ltr'><strong>est</strong></span> <span class='ocrx_word' id='word_1_49' title='bbox 779 875 1088 930; x_wconf 66' lang='lat' dir='ltr'><strong>concordiae</strong></span> <span class='ocrx_word' id='word_1_50' title='bbox 1122 875 1477 945; x_wconf 79' lang='lat' dir='ltr'><strong>veritatisque</strong></span> <span class='ocrx_word' id='word_1_51' title='bbox 1509 873 1817 929; x_wconf 86' lang='lat' dir='ltr'><strong>mercedem</strong></span> <span class='ocrx_word' id='word_1_52' title='bbox 1866 889 1894 928; x_wconf 94' lang='lat' dir='ltr'><strong>a</strong></span> <span class='ocrx_word' id='word_1_53' title='bbox 1949 873 2058 928; x_wconf 88' lang='lat' dir='ltr'><strong>Deo</strong></span> 
     </span>
    </p>
   </div>
   <div class='ocr_carea' id='block_1_11' title="bbox 482 963 2056 1037">
    <p class='ocr_par' dir='ltr' id='par_1_11' title="bbox 482 963 2056 1037">
     <span class='ocr_line' id='line_1_11' title="bbox 482 963 2056 1037; baseline 0.001 -20"><span class='ocrx_word' id='word_1_54' title='bbox 482 963 858 1019; x_wconf 84' lang='lat' dir='ltr'><strong>indubitanter</strong></span> <span class='ocrx_word' id='word_1_55' title='bbox 890 973 1224 1035; x_wconf 81' lang='lat' dir='ltr'><strong>exspectent.</strong></span> <span class='ocrx_word' id='word_1_56' title='bbox 1254 965 1479 1022; x_wconf 85' lang='lat' dir='ltr'><strong>Latinos</strong></span> <span class='ocrx_word' id='word_1_57' title='bbox 1539 981 1664 1021; x_wconf 91' lang='lat' dir='ltr'><strong>vero</strong></span> <span class='ocrx_word' id='word_1_58' title='bbox 1723 965 2056 1037; x_wconf 84' lang='lat' dir='ltr'><strong>(quanquam</strong></span> 
     </span>
    </p>
   </div>
   <div class='ocr_carea' id='block_1_12' title="bbox 480 1056 2058 1128">
    <p class='ocr_par' dir='ltr' id='par_1_12' title="bbox 480 1056 2058 1128">
     <span class='ocr_line' id='line_1_12' title="bbox 480 1056 2058 1128; baseline 0.005 -22"><span class='ocrx_word' id='word_1_59' title='bbox 480 1056 642 1110; x_wconf 83' lang='lat' dir='ltr'><strong>video</strong></span> <span class='ocrx_word' id='word_1_60' title='bbox 672 1057 915 1113; x_wconf 85' lang='lat' dir='ltr'><strong>rationes</strong></span> <span class='ocrx_word' id='word_1_61' title='bbox 943 1073 1132 1113; x_wconf 90' lang='lat' dir='ltr'><strong>eorum</strong></span> <span class='ocrx_word' id='word_1_62' title='bbox 1173 1069 1460 1114; x_wconf 82' lang='lat' dir='ltr'><strong>enervatas</strong></span> <span class='ocrx_word' id='word_1_63' title='bbox 1489 1074 1585 1128; x_wconf 88' lang='lat' dir='ltr'><strong>per</strong></span> <span class='ocrx_word' id='word_1_64' title='bbox 1616 1059 1875 1113; x_wconf 90' lang='lat' dir='ltr'><strong>nonnulla</strong></span> <span class='ocrx_word' id='word_1_65' title='bbox 1910 1075 1938 1112; x_wconf 90' lang='lat' dir='ltr'><strong>a</strong></span> <span class='ocrx_word' id='word_1_66' title='bbox 1972 1074 2058 1114; x_wconf 89' lang='lat' dir='ltr'><strong>me</strong></span> 
     </span>
    </p>
   </div>
   <div class='ocr_carea' id='block_1_13' title="bbox 477 1147 2060 1222">
    <p class='ocr_par' dir='ltr' id='par_1_13' title="bbox 477 1147 2060 1222">
     <span class='ocr_line' id='line_1_13' title="bbox 477 1147 2060 1222; baseline 0.007 -26"><span class='ocrx_word' id='word_1_67' title='bbox 477 1147 587 1214; x_wconf 76' lang='lat' dir='ltr'><strong>jam</strong></span> <span class='ocrx_word' id='word_1_68' title='bbox 617 1148 758 1203; x_wconf 88' lang='lat' dir='ltr'><strong>dicta</strong></span> <span class='ocrx_word' id='word_1_69' title='bbox 778 1148 876 1219; x_wconf 85' lang='lat' dir='ltr'><strong>(I),</strong></span> <span class='ocrx_word' id='word_1_70' title='bbox 899 1164 997 1205; x_wconf 91' lang='lat' dir='ltr'><strong>nec</strong></span> <span class='ocrx_word' id='word_1_71' title='bbox 1025 1151 1295 1205; x_wconf 85' lang='lat' dir='ltr'><strong>immerito</strong></span> <span class='ocrx_word' id='word_1_72' title='bbox 1331 1152 1490 1222; x_wconf 88' lang='lat' dir='ltr'><strong>plane</strong></span> <span class='ocrx_word' id='word_1_73' title='bbox 1521 1151 1868 1222; x_wconf 77' lang='lat' dir='ltr'><strong>ignominiam</strong></span> <span class='ocrx_word' id='word_1_74' title='bbox 1893 1151 1962 1206; x_wconf 90' lang='lat' dir='ltr'><strong>ab</strong></span> <span class='ocrx_word' id='word_1_75' title='bbox 1980 1151 2060 1207; x_wconf 88' lang='lat' dir='ltr'><strong>eis</strong></span> 
     </span>
    </p>
   </div>
   <div class='ocr_carea' id='block_1_14' title="bbox 485 1237 2059 1314">
    <p class='ocr_par' dir='ltr' id='par_1_14' title="bbox 485 1237 2059 1314">
     <span class='ocr_line' id='line_1_14' title="bbox 485 1237 2059 1314; baseline 0.006 -27"><span class='ocrx_word' id='word_1_76' title='bbox 485 1237 688 1302; x_wconf 83' lang='lat' dir='ltr'><strong>timeri,</strong></span> <span class='ocrx_word' id='word_1_77' title='bbox 727 1252 849 1291; x_wconf 92' lang='lat' dir='ltr'><strong>cum</strong></span> <span class='ocrx_word' id='word_1_78' title='bbox 875 1249 1093 1308; x_wconf 89' lang='lat' dir='ltr'><strong>propter</strong></span> <span class='ocrx_word' id='word_1_79' title='bbox 1139 1241 1251 1295; x_wconf 65' lang='lat' dir='ltr'><strong>Ita~c</strong></span> <span class='ocrx_word' id='word_1_80' title='bbox 1299 1241 1400 1309; x_wconf 86' lang='lat' dir='ltr'><strong>ipsi</strong></span> <span class='ocrx_word' id='word_1_81' title='bbox 1458 1243 1745 1312; x_wconf 88' lang='lat' dir='ltr'><strong>plusquam</strong></span> <span class='ocrx_word' id='word_1_82' title='bbox 1802 1243 1893 1296; x_wconf 64' lang='lat' dir='ltr'><strong>alii</strong></span> <span class='ocrx_word' id='word_1_83' title='bbox 1935 1243 2059 1314; x_wconf 82' lang='lat' dir='ltr'><strong>jure</strong></span> 
     </span>
    </p>
   </div>
   <div class='ocr_carea' id='block_1_15' title="bbox 483 1327 2054 1402">
    <p class='ocr_par' dir='ltr' id='par_1_15' title="bbox 483 1327 2054 1402">
     <span class='ocr_line' id='line_1_15' title="bbox 483 1327 2054 1402; baseline 0.009 -26"><span class='ocrx_word' id='word_1_84' title='bbox 483 1327 791 1397; x_wconf 80' lang='lat' dir='ltr'><strong>turbentur)</strong></span> <span class='ocrx_word' id='word_1_85' title='bbox 842 1327 974 1384; x_wconf 91' lang='lat' dir='ltr'><strong>illud</strong></span> <span class='ocrx_word' id='word_1_86' title='bbox 1037 1331 1201 1385; x_wconf 84' lang='lat' dir='ltr'><strong>etiam</strong></span> <span class='ocrx_word' id='word_1_87' title='bbox 1256 1349 1474 1402; x_wconf 62' lang='lat' dir='ltr'><strong>aequum</strong></span> <span class='ocrx_word' id='word_1_88' title='bbox 1517 1344 1603 1390; x_wconf 87' lang='lat' dir='ltr'><strong>cst</strong></span> <span class='ocrx_word' id='word_1_89' title='bbox 1652 1335 2054 1390; x_wconf 72' lang='lat' dir='ltr'><strong>considet-are:</strong></span> 
     </span>
    </p>
   </div>
   <div class='ocr_carea' id='block_1_16' title="bbox 483 1420 2059 1496">
    <p class='ocr_par' dir='ltr' id='par_1_16' title="bbox 483 1420 2059 1496">
     <span class='ocr_line' id='line_1_16' title="bbox 483 1420 2059 1496; baseline 0.009 -25"><span class='ocrx_word' id='word_1_90' title='bbox 483 1420 687 1474; x_wconf 90' lang='lat' dir='ltr'><strong>nullam</strong></span> <span class='ocrx_word' id='word_1_91' title='bbox 725 1436 784 1477; x_wconf 88' lang='lat' dir='ltr'><strong>se</strong></span> <span class='ocrx_word' id='word_1_92' title='bbox 818 1421 1127 1487; x_wconf 84' lang='lat' dir='ltr'><strong>majoribus</strong></span> <span class='ocrx_word' id='word_1_93' title='bbox 1152 1427 1266 1481; x_wconf 87' lang='lat' dir='ltr'><strong>suis</strong></span> <span class='ocrx_word' id='word_1_94' title='bbox 1296 1426 1550 1496; x_wconf 86' lang='lat' dir='ltr'><strong>injuriam</strong></span> <span class='ocrx_word' id='word_1_95' title='bbox 1584 1428 1853 1490; x_wconf 86' lang='lat' dir='ltr'><strong>illaturos.</strong></span> <span class='ocrx_word' id='word_1_96' title='bbox 1892 1431 1934 1484; x_wconf 88' lang='lat' dir='ltr'><strong>si</strong></span> <span class='ocrx_word' id='word_1_97' title='bbox 1969 1447 2059 1485; x_wconf 81' lang='lat' dir='ltr'><strong>ve-</strong></span> 
     </span>
    </p>
   </div>
   <div class='ocr_carea' id='block_1_17' title="bbox 482 1511 2055 1589">
    <p class='ocr_par' dir='ltr' id='par_1_17' title="bbox 482 1511 2055 1589">
     <span class='ocr_line' id='line_1_17' title="bbox 482 1511 2055 1589; baseline 0.008 -26"><span class='ocrx_word' id='word_1_98' title='bbox 482 1513 698 1565; x_wconf 86' lang='lat' dir='ltr'><strong>ritatem</strong></span> <span class='ocrx_word' id='word_1_99' title='bbox 724 1511 826 1581; x_wconf 91' lang='lat' dir='ltr'><strong>ipsi</strong></span> <span class='ocrx_word' id='word_1_100' title='bbox 881 1513 1328 1584; x_wconf 84' lang='lat' dir='ltr'><strong>amplectantur;</strong></span> <span class='ocrx_word' id='word_1_101' title='bbox 1363 1517 1475 1574; x_wconf 92' lang='lat' dir='ltr'><strong>imo</strong></span> <span class='ocrx_word' id='word_1_102' title='bbox 1530 1521 1713 1589; x_wconf 90' lang='lat' dir='ltr'><strong>potius</strong></span> <span class='ocrx_word' id='word_1_103' title='bbox 1768 1520 2055 1576; x_wconf 85' lang='lat' dir='ltr'><strong>utilitatem</strong></span> 
     </span>
    </p>
   </div>
   <div class='ocr_carea' id='block_1_18' title="bbox 479 1603 2058 1682">
    <p class='ocr_par' dir='ltr' id='par_1_18' title="bbox 479 1603 2058 1682">
     <span class='ocr_line' id='line_1_18' title="bbox 479 1603 2058 1682; baseline 0.009 -26"><span class='ocrx_word' id='word_1_104' title='bbox 479 1604 764 1670; x_wconf 79' lang='lat' dir='ltr'><strong>allaturos,</strong></span> <span class='ocrx_word' id='word_1_105' title='bbox 793 1604 919 1659; x_wconf 90' lang='lat' dir='ltr'><strong>dum</strong></span> <span class='ocrx_word' id='word_1_106' title='bbox 954 1603 1184 1662; x_wconf 82' lang='lat' dir='ltr'><strong>fortasse</strong></span> <span class='ocrx_word' id='word_1_107' title='bbox 1208 1623 1398 1678; x_wconf 89' lang='lat' dir='ltr'><strong>puram</strong></span> <span class='ocrx_word' id='word_1_108' title='bbox 1421 1621 1474 1665; x_wconf 73' lang='lat' dir='ltr'><strong>et</strong></span> <span class='ocrx_word' id='word_1_109' title='bbox 1525 1610 1790 1666; x_wconf 88' lang='lat' dir='ltr'><strong>illibatam</strong></span> <span class='ocrx_word' id='word_1_110' title='bbox 1844 1615 2058 1682; x_wconf 78' lang='lat' dir='ltr'><strong>Opinio-</strong></span> 
     </span>
    </p>
   </div>
   <div class='ocr_carea' id='block_1_19' title="bbox 481 1697 2052 1771">
    <p class='ocr_par' dir='ltr' id='par_1_19' title="bbox 481 1697 2052 1771">
     <span class='ocr_line' id='line_1_19' title="bbox 481 1697 2052 1771; baseline 0.01 -25"><span class='ocrx_word' id='word_1_111' title='bbox 481 1710 604 1749; x_wconf 88' lang='lat' dir='ltr'><strong>nem</strong></span> <span class='ocrx_word' id='word_1_112' title='bbox 633 1705 876 1752; x_wconf 89' lang='lat' dir='ltr'><strong>tenentes</strong></span> <span class='ocrx_word' id='word_1_113' title='bbox 904 1697 1010 1767; x_wconf 88' lang='lat' dir='ltr'><strong>ipsi</strong></span> <span class='ocrx_word' id='word_1_114' title='bbox 1043 1699 1280 1756; x_wconf 87' lang='lat' dir='ltr'><strong>orabunt</strong></span> <span class='ocrx_word' id='word_1_115' title='bbox 1315 1717 1412 1771; x_wconf 89' lang='lat' dir='ltr'><strong>pro</strong></span> <span class='ocrx_word' id='word_1_116' title='bbox 1443 1704 1760 1762; x_wconf 86' lang='lat' dir='ltr'><strong>hominibus</strong></span> <span class='ocrx_word' id='word_1_117' title='bbox 1813 1706 2052 1762; x_wconf 42' lang='lat' dir='ltr'><strong>falsitate</strong></span> 
     </span>
    </p>
   </div>
   <div class='ocr_carea' id='block_1_20' title="bbox 480 1789 2054 1866">
    <p class='ocr_par' dir='ltr' id='par_1_20' title="bbox 480 1789 2054 1866">
     <span class='ocr_line' id='line_1_20' title="bbox 480 1789 2054 1866; baseline 0.01 -29"><span class='ocrx_word' id='word_1_118' title='bbox 480 1789 740 1856; x_wconf 63' lang='lat' dir='ltr'><strong>deceptis,</strong></span> <span class='ocrx_word' id='word_1_119' title='bbox 777 1801 830 1845; x_wconf 88' lang='lat' dir='ltr'><strong>et</strong></span> <span class='ocrx_word' id='word_1_120' title='bbox 861 1789 1086 1847; x_wconf 90' lang='lat' dir='ltr'><strong>humani</strong></span> <span class='ocrx_word' id='word_1_121' title='bbox 1127 1793 1333 1863; x_wconf 88' lang='lat' dir='ltr'><strong>aliquid</strong></span> <span class='ocrx_word' id='word_1_122' title='bbox 1370 1798 1545 1866; x_wconf 81' lang='lat' dir='ltr'><strong>passis</strong></span> <span class='ocrx_word' id='word_1_123' title='bbox 1575 1817 1589 1853; x_wconf 76' lang='grc' dir='ltr'><strong>ε</strong></span> <span class='ocrx_word' id='word_1_124' title='bbox 1620 1800 1886 1855; x_wconf 91' lang='lat' dir='ltr'><strong>mercedis</strong></span> <span class='ocrx_word' id='word_1_125' title='bbox 1937 1798 2054 1854; x_wconf 90' lang='lat' dir='ltr'><strong>loco</strong></span> 
     </span>
    </p>
   </div>
   <div class='ocr_carea' id='block_1_21' title="bbox 477 1860 2130 1960">
    <p class='ocr_par' dir='ltr' id='par_1_21' title="bbox 477 1860 2130 1960">
     <span class='ocr_line' id='line_1_21' title="bbox 477 1860 2130 1960; baseline 0.009 -32"><span class='ocrx_word' id='word_1_126' title='bbox 477 1892 506 1928; x_wconf 87' lang='lat' dir='ltr'><strong>a</strong></span> <span class='ocrx_word' id='word_1_127' title='bbox 550 1875 658 1932; x_wconf 89' lang='lat' dir='ltr'><strong>Deo</strong></span> <span class='ocrx_word' id='word_1_128' title='bbox 687 1887 930 1947; x_wconf 83' lang='lat' dir='ltr'><strong>petentes</strong></span> <span class='ocrx_word' id='word_1_129' title='bbox 965 1883 1034 1936; x_wconf 90' lang='lat' dir='ltr'><strong>ob</strong></span> <span class='ocrx_word' id='word_1_130' title='bbox 1058 1860 1492 1956; x_wconf 42' lang='lat' dir='ltr'><strong>certamina-pro</strong></span> <span class='ocrx_word' id='word_1_131' title='bbox 1521 1889 1751 1944; x_wconf 83' lang='lat' dir='ltr'><strong>veritate</strong></span> <span class='ocrx_word' id='word_1_132' title='bbox 1775 1902 2050 1960; x_wconf 89' lang='lat' dir='ltr'><strong>suscepta,</strong></span> <span class='ocrx_word' id='word_1_133' title='bbox 2086 1860 2130 1919; x_wconf 69' lang='grc' dir='ltr'><strong>Β</strong></span> 
     </span>
    </p>
   </div>
   <div class='ocr_carea' id='block_1_22' title="bbox 479 1963 2054 2048">
    <p class='ocr_par' dir='ltr' id='par_1_22' title="bbox 479 1963 2054 2048">
     <span class='ocr_line' id='line_1_22' title="bbox 479 1963 2054 2048; baseline 0.013 -34"><span class='ocrx_word' id='word_1_134' title='bbox 479 1963 910 2022; x_wconf 87' lang='lat' dir='ltr'><strong>misericordiam</strong></span> <span class='ocrx_word' id='word_1_135' title='bbox 930 1968 1011 2025; x_wconf 89' lang='lat' dir='ltr'><strong>eis</strong></span> <span class='ocrx_word' id='word_1_136' title='bbox 1035 1971 1221 2027; x_wconf 84' lang='lat' dir='ltr'><strong>tribuit</strong></span> <span class='ocrx_word' id='word_1_137' title='bbox 1241 1988 1258 2040; x_wconf 90' lang='lat'><strong>;</strong></span> <span class='ocrx_word' id='word_1_138' title='bbox 1283 1975 1413 2044; x_wconf 92' lang='lat' dir='ltr'><strong>quin</strong></span> <span class='ocrx_word' id='word_1_139' title='bbox 1439 1978 1601 2031; x_wconf 91' lang='lat' dir='ltr'><strong>etiam</strong></span> <span class='ocrx_word' id='word_1_140' title='bbox 1619 1979 1818 2048; x_wconf 89' lang='lat' dir='ltr'><strong>probra</strong></span> <span class='ocrx_word' id='word_1_141' title='bbox 1840 1981 2054 2034; x_wconf 91' lang='lat' dir='ltr'><strong>illorum</strong></span> 
     </span>
    </p>
   </div>
   <div class='ocr_carea' id='block_1_23' title="bbox 479 2055 2052 2142">
    <p class='ocr_par' dir='ltr' id='par_1_23' title="bbox 479 2055 2052 2142">
     <span class='ocr_line' id='line_1_23' title="bbox 479 2055 2052 2142; baseline 0.015 -35"><span class='ocrx_word' id='word_1_142' title='bbox 479 2055 738 2120; x_wconf 66' lang='lat' dir='ltr'><strong>paulatim</strong></span> <span class='ocrx_word' id='word_1_143' title='bbox 776 2059 1030 2130; x_wconf 75' lang='lat' dir='ltr'><strong>obtegere</strong></span> <span class='ocrx_word' id='word_1_144' title='bbox 1055 2073 1310 2132; x_wconf 90' lang='lat' dir='ltr'><strong>poterunt</strong></span> <span class='ocrx_word' id='word_1_145' title='bbox 1338 2083 1354 2122; x_wconf 88' lang='lat'><strong>:</strong></span> <span class='ocrx_word' id='word_1_146' title='bbox 1395 2081 1516 2138; x_wconf 67' lang='lat' dir='ltr'><strong>qua:</strong></span> <span class='ocrx_word' id='word_1_147' title='bbox 1545 2081 1808 2141; x_wconf 88' lang='lat' dir='ltr'><strong>augerent</strong></span> <span class='ocrx_word' id='word_1_148' title='bbox 1852 2075 2052 2142; x_wconf 81' lang='lat' dir='ltr'><strong>potius,</strong></span> 
     </span>
    </p>
   </div>
   <div class='ocr_carea' id='block_1_24' title="bbox 475 2145 2058 2231">
    <p class='ocr_par' dir='ltr' id='par_1_24' title="bbox 475 2145 2058 2231">
     <span class='ocr_line' id='line_1_24' title="bbox 475 2145 2058 2231; baseline 0.015 -34"><span class='ocrx_word' id='word_1_149' title='bbox 475 2145 519 2197; x_wconf 86' lang='lat' dir='ltr'><strong>si</strong></span> <span class='ocrx_word' id='word_1_150' title='bbox 547 2155 827 2216; x_wconf 90' lang='lat' dir='ltr'><strong>acceptum</strong></span> <span class='ocrx_word' id='word_1_151' title='bbox 863 2151 932 2205; x_wconf 90' lang='lat' dir='ltr'><strong>ab</strong></span> <span class='ocrx_word' id='word_1_152' title='bbox 965 2152 1075 2208; x_wconf 88' lang='lat' dir='ltr'><strong>illis</strong></span> <span class='ocrx_word' id='word_1_153' title='bbox 1105 2168 1472 2224; x_wconf 88' lang='lat' dir='ltr'><strong>sequerentur</strong></span> <span class='ocrx_word' id='word_1_154' title='bbox 1502 2175 1766 2231; x_wconf 83' lang='lat' dir='ltr'><strong>errorem,</strong></span> <span class='ocrx_word' id='word_1_155' title='bbox 1827 2176 1881 2219; x_wconf 89' lang='lat' dir='ltr'><strong>et</strong></span> <span class='ocrx_word' id='word_1_156' title='bbox 1937 2182 2058 2220; x_wconf 90' lang='lat' dir='ltr'><strong>ma-</strong></span> 
     </span>
    </p>
   </div>
   <div class='ocr_carea' id='block_1_25' title="bbox 477 2237 2058 2316">
    <p class='ocr_par' dir='ltr' id='par_1_25' title="bbox 477 2237 2058 2316">
     <span class='ocr_line' id='line_1_25' title="bbox 477 2237 2058 2316; baseline 0.018 -30"><span class='ocrx_word' id='word_1_157' title='bbox 477 2237 586 2290; x_wconf 88' lang='lat' dir='ltr'><strong>lum</strong></span> <span class='ocrx_word' id='word_1_158' title='bbox 620 2239 722 2294; x_wconf 83' lang='lat' dir='ltr'><strong>sibi</strong></span> <span class='ocrx_word' id='word_1_159' title='bbox 785 2239 926 2310; x_wconf 88' lang='lat' dir='ltr'><strong>ipsis</strong></span> <span class='ocrx_word' id='word_1_160' title='bbox 975 2242 1247 2303; x_wconf 88' lang='lat' dir='ltr'><strong>foverent.</strong></span> <span class='ocrx_word' id='word_1_161' title='bbox 1312 2250 1468 2316; x_wconf 86' lang='lat' dir='ltr'><strong>Quod</strong></span> <span class='ocrx_word' id='word_1_162' title='bbox 1530 2254 1576 2310; x_wconf 91' lang='lat' dir='ltr'><strong>si</strong></span> <span class='ocrx_word' id='word_1_163' title='bbox 1641 2271 1750 2311; x_wconf 93' lang='lat' dir='ltr'><strong>non</strong></span> <span class='ocrx_word' id='word_1_164' title='bbox 1799 2258 2058 2314; x_wconf 88' lang='lat' dir='ltr'><strong>aviditate</strong></span> 
     </span>
    </p>
   </div>
   <div class='ocr_carea' id='block_1_26' title="bbox 474 2328 2056 2416">
    <p class='ocr_par' dir='ltr' id='par_1_26' title="bbox 474 2328 2056 2416">
     <span class='ocr_line' id='line_1_26' title="bbox 474 2328 2056 2416; baseline 0.016 -37"><span class='ocrx_word' id='word_1_165' title='bbox 474 2328 683 2397; x_wconf 74' lang='lat' dir='ltr'><strong>gloriae,</strong></span> <span class='ocrx_word' id='word_1_166' title='bbox 715 2333 1103 2406; x_wconf 87' lang='lat' dir='ltr'><strong>voluntateque</strong></span> <span class='ocrx_word' id='word_1_167' title='bbox 1128 2340 1337 2406; x_wconf 89' lang='lat' dir='ltr'><strong>primas</strong></span> <span class='ocrx_word' id='word_1_168' title='bbox 1372 2344 1592 2399; x_wconf 90' lang='lat' dir='ltr'><strong>tenendi</strong></span> <span class='ocrx_word' id='word_1_169' title='bbox 1638 2345 1783 2402; x_wconf 90' lang='lat' dir='ltr'><strong>inter</strong></span> <span class='ocrx_word' id='word_1_170' title='bbox 1837 2348 2056 2416; x_wconf 85' lang='lat' dir='ltr'><strong>fratres,</strong></span> 
     </span>
    </p>
   </div>
   <div class='ocr_carea' id='block_1_27' title="bbox 484 2421 2056 2506">
    <p class='ocr_par' dir='ltr' id='par_1_27' title="bbox 484 2421 2056 2506">
     <span class='ocr_line' id='line_1_27' title="bbox 484 2421 2056 2506; baseline 0.016 -35"><span class='ocrx_word' id='word_1_171' title='bbox 484 2421 934 2496; x_wconf 74' lang='lat' dir='ltr'><strong>prtefinlendique</strong></span> <span class='ocrx_word' id='word_1_172' title='bbox 964 2430 1218 2487; x_wconf 85' lang='lat' dir='ltr'><strong>omnibus</strong></span> <span class='ocrx_word' id='word_1_173' title='bbox 1241 2448 1364 2503; x_wconf 74' lang='lat' dir='ltr'><strong>qua:</strong></span> <span class='ocrx_word' id='word_1_174' title='bbox 1391 2451 1518 2490; x_wconf 90' lang='lat' dir='ltr'><strong>vera</strong></span> <span class='ocrx_word' id='word_1_175' title='bbox 1535 2446 1584 2491; x_wconf 92' lang='lat' dir='ltr'><strong>et</strong></span> <span class='ocrx_word' id='word_1_176' title='bbox 1609 2437 1752 2506; x_wconf 80' lang='lat' dir='ltr'><strong>justa</strong></span> <span class='ocrx_word' id='word_1_177' title='bbox 1782 2449 1928 2506; x_wconf 86' lang='lat' dir='ltr'><strong>sunt,</strong></span> <span class='ocrx_word' id='word_1_178' title='bbox 1963 2441 2056 2496; x_wconf 88' lang='lat' dir='ltr'><strong>sed</strong></span> 
     </span>
    </p>
   </div>
   <div class='ocr_carea' id='block_1_28' title="bbox 474 2513 2058 2595">
    <p class='ocr_par' dir='ltr' id='par_1_28' title="bbox 474 2513 2058 2595">
     <span class='ocr_line' id='line_1_28' title="bbox 474 2513 2058 2595; baseline 0.016 -33"><span class='ocrx_word' id='word_1_179' title='bbox 474 2513 800 2569; x_wconf 86' lang='lat' dir='ltr'><strong>necessitate</strong></span> <span class='ocrx_word' id='word_1_180' title='bbox 815 2516 1051 2586; x_wconf 86' lang='lat' dir='ltr'><strong>quadam</strong></span> <span class='ocrx_word' id='word_1_181' title='bbox 1073 2535 1196 2590; x_wconf 62' lang='lat' dir='ltr'><strong>qua</strong></span> <span class='ocrx_word' id='word_1_182' title='bbox 1217 2539 1247 2577; x_wconf 93' lang='lat' dir='ltr'><strong>a</strong></span> <span class='ocrx_word' id='word_1_183' title='bbox 1274 2523 1482 2581; x_wconf 89' lang='lat' dir='ltr'><strong>ratione</strong></span> <span class='ocrx_word' id='word_1_184' title='bbox 1501 2542 1608 2582; x_wconf 93' lang='lat' dir='ltr'><strong>non</strong></span> <span class='ocrx_word' id='word_1_185' title='bbox 1637 2530 1981 2595; x_wconf 87' lang='lat' dir='ltr'><strong>abhorreret,</strong></span> <span class='ocrx_word' id='word_1_186' title='bbox 2005 2541 2058 2586; x_wconf 90' lang='lat' dir='ltr'><strong>et</strong></span> 
     </span>
    </p>
   </div>
   <div class='ocr_carea' id='block_1_29' title="bbox 471 2604 2060 2691">
    <p class='ocr_par' dir='ltr' id='par_1_29' title="bbox 471 2604 2060 2691">
     <span class='ocr_line' id='line_1_29' title="bbox 471 2604 2060 2691; baseline 0.016 -39"><span class='ocrx_word' id='word_1_187' title='bbox 471 2604 892 2673; x_wconf 76' lang='lat' dir='ltr'><strong>cogitationibus</strong></span> <span class='ocrx_word' id='word_1_188' title='bbox 912 2609 1059 2678; x_wconf 89' lang='lat' dir='ltr'><strong>victi,</strong></span> <span class='ocrx_word' id='word_1_189' title='bbox 1084 2627 1225 2682; x_wconf 81' lang='lat' dir='ltr'><strong>quas</strong></span> <span class='ocrx_word' id='word_1_190' title='bbox 1242 2615 1522 2686; x_wconf 84' lang='lat' dir='ltr'><strong>despicere</strong></span> <span class='ocrx_word' id='word_1_191' title='bbox 1548 2635 1656 2675; x_wconf 88' lang='lat' dir='ltr'><strong>non</strong></span> <span class='ocrx_word' id='word_1_192' title='bbox 1676 2631 1944 2691; x_wconf 89' lang='lat' dir='ltr'><strong>poterant,</strong></span> <span class='ocrx_word' id='word_1_193' title='bbox 1972 2623 2060 2677; x_wconf 85' lang='lat' dir='ltr'><strong>in-</strong></span> 
     </span>
    </p>
   </div>
   <div class='ocr_carea' id='block_1_30' title="bbox 471 2697 2054 2775">
    <p class='ocr_par' dir='ltr' id='par_1_30' title="bbox 471 2697 2054 2775">
     <span class='ocr_line' id='line_1_30' title="bbox 471 2697 2054 2775; baseline 0.02 -33"><span class='ocrx_word' id='word_1_194' title='bbox 471 2699 676 2752; x_wconf 75' lang='lat' dir='ltr'><strong>.‘uxere</strong></span> <span class='ocrx_word' id='word_1_195' title='bbox 691 2697 833 2756; x_wconf 86' lang='lat' dir='ltr'><strong>hanc.</strong></span> <span class='ocrx_word' id='word_1_196' title='bbox 854 2701 1191 2773; x_wconf 90' lang='lat' dir='ltr'><strong>opinionem,</strong></span> <span class='ocrx_word' id='word_1_197' title='bbox 1228 2723 1327 2775; x_wconf 90' lang='lat' dir='ltr'><strong>par</strong></span> <span class='ocrx_word' id='word_1_198' title='bbox 1357 2720 1440 2764; x_wconf 89' lang='lat' dir='ltr'><strong>est</strong></span> <span class='ocrx_word' id='word_1_199' title='bbox 1462 2712 1618 2766; x_wconf 91' lang='lat' dir='ltr'><strong>nobis</strong></span> <span class='ocrx_word' id='word_1_200' title='bbox 1634 2717 1797 2770; x_wconf 84' lang='lat' dir='ltr'><strong>etiam</strong></span> <span class='ocrx_word' id='word_1_201' title='bbox 1819 2719 2054 2773; x_wconf 84' lang='lat' dir='ltr'><strong>tacenti-</strong></span> 
     </span>
    </p>
   </div>
   <div class='ocr_carea' id='block_1_31' title="bbox 473 2787 2060 2878">
    <p class='ocr_par' dir='ltr' id='par_1_31' title="bbox 473 2787 2060 2878">
     <span class='ocr_line' id='line_1_31' title="bbox 473 2787 2060 2878; baseline 0.018 -40"><span class='ocrx_word' id='word_1_202' title='bbox 473 2789 485 2837; x_wconf 92' lang='lat' dir='ltr'><strong>t</strong></span> <span class='ocrx_word' id='word_1_203' title='bbox 510 2803 573 2842; x_wconf 87' lang='lat' dir='ltr'><strong>us</strong></span> <span class='ocrx_word' id='word_1_204' title='bbox 603 2787 725 2844; x_wconf 90' lang='lat' dir='ltr'><strong>illos</strong></span> <span class='ocrx_word' id='word_1_205' title='bbox 743 2804 867 2848; x_wconf 86' lang='lat' dir='ltr'><strong>esse</strong></span> <span class='ocrx_word' id='word_1_206' title='bbox 891 2793 1315 2852; x_wconf 80' lang='lat' dir='ltr'><strong>misericordiam</strong></span> <span class='ocrx_word' id='word_1_207' title='bbox 1336 2813 1681 2871; x_wconf 87' lang='lat' dir='ltr'><strong>consecutos,</strong></span> <span class='ocrx_word' id='word_1_208' title='bbox 1697 2817 2060 2878; x_wconf 80' lang='lat' dir='ltr'><strong>expertosque</strong></span> 
     </span>
    </p>
   </div>
   <div class='ocr_carea' id='block_1_32' title="bbox 471 2877 2060 2962">
    <p class='ocr_par' dir='ltr' id='par_1_32' title="bbox 471 2877 2060 2962">
     <span class='ocr_line' id='line_1_32' title="bbox 471 2877 2060 2962; baseline 0.016 -31"><span class='ocrx_word' id='word_1_209' title='bbox 471 2877 640 2934; x_wconf 86' lang='lat' dir='ltr'><strong>Deum</strong></span> <span class='ocrx_word' id='word_1_210' title='bbox 667 2883 964 2951; x_wconf 90' lang='lat' dir='ltr'><strong>propitium</strong></span> <span class='ocrx_word' id='word_1_211' title='bbox 995 2901 1012 2938; x_wconf 84' lang='lat'><strong>:</strong></span> <span class='ocrx_word' id='word_1_212' title='bbox 1045 2889 1138 2956; x_wconf 89' lang='lat' dir='ltr'><strong>qui</strong></span> <span class='ocrx_word' id='word_1_213' title='bbox 1167 2903 1228 2944; x_wconf 89' lang='lat' dir='ltr'><strong>se</strong></span> <span class='ocrx_word' id='word_1_214' title='bbox 1262 2891 1343 2944; x_wconf 85' lang='lat' dir='ltr'><strong>vel</strong></span> <span class='ocrx_word' id='word_1_215' title='bbox 1369 2895 1706 2962; x_wconf 73' lang='lat' dir='ltr'><strong>gravissimis</strong></span> <span class='ocrx_word' id='word_1_216' title='bbox 1734 2877 2060 2956; x_wconf 84' lang='lat' dir='ltr'><strong>criminibus</strong></span> 
     </span>
    </p>
   </div>
   <div class='ocr_carea' id='block_1_33' title="bbox 466 2968 2060 3050">
    <p class='ocr_par' dir='ltr' id='par_1_33' title="bbox 466 2968 2060 3050">
     <span class='ocr_line' id='line_1_33' title="bbox 466 2968 2060 3050; baseline 0.02 -32"><span class='ocrx_word' id='word_1_217' title='bbox 466 2968 711 3032; x_wconf 70' lang='lat' dir='ltr'><strong>iudicem</strong></span> <span class='ocrx_word' id='word_1_218' title='bbox 738 2973 1284 3046; x_wconf 69' lang='lat' dir='ltr'><strong>praebethnmanum,</strong></span> <span class='ocrx_word' id='word_1_219' title='bbox 1312 2981 1357 3036; x_wconf 92' lang='lat' dir='ltr'><strong>si</strong></span> <span class='ocrx_word' id='word_1_220' title='bbox 1391 2998 1500 3038; x_wconf 91' lang='lat' dir='ltr'><strong>non</strong></span> <span class='ocrx_word' id='word_1_221' title='bbox 1533 3002 1564 3041; x_wconf 92' lang='lat' dir='ltr'><strong>e</strong></span> <span class='ocrx_word' id='word_1_222' title='bbox 1596 2987 1760 3044; x_wconf 88' lang='lat' dir='ltr'><strong>simili</strong></span> <span class='ocrx_word' id='word_1_223' title='bbox 1783 2991 2060 3050; x_wconf 86' lang='lat' dir='ltr'><strong>voluntate</strong></span> 
     </span>
    </p>
   </div>
   <div class='ocr_carea' id='block_1_34' title="bbox 474 3057 2056 3152">
    <p class='ocr_par' dir='ltr' id='par_1_34' title="bbox 474 3057 2056 3152">
     <span class='ocr_line' id='line_1_34' title="bbox 474 3057 2056 3152; baseline 0.02 -45"><span class='ocrx_word' id='word_1_224' title='bbox 474 3057 910 3129; x_wconf 85' lang='lat' dir='ltr'><strong>proficiscantur,</strong></span> <span class='ocrx_word' id='word_1_225' title='bbox 951 3064 1002 3120; x_wconf 90' lang='lat' dir='ltr'><strong>id</strong></span> <span class='ocrx_word' id='word_1_226' title='bbox 1029 3069 1175 3136; x_wconf 92' lang='lat' dir='ltr'><strong>quod</strong></span> <span class='ocrx_word' id='word_1_227' title='bbox 1212 3071 1394 3139; x_wconf 81' lang='lat' dir='ltr'><strong>pctius</strong></span> <span class='ocrx_word' id='word_1_228' title='bbox 1425 3074 1561 3130; x_wconf 87' lang='lat' dir='ltr'><strong>viris</strong></span> <span class='ocrx_word' id='word_1_229' title='bbox 1591 3077 1702 3133; x_wconf 87' lang='lat' dir='ltr'><strong>iltis</strong></span> <span class='ocrx_word' id='word_1_230' title='bbox 1755 3083 2056 3152; x_wconf 79' lang='lat' dir='ltr'><strong>contigisse</strong></span> 
     </span>
    </p>
   </div>
   <div class='ocr_carea' id='block_1_35' title="bbox 2168 595 3710 669">
    <p class='ocr_par' dir='ltr' id='par_1_35' title="bbox 2168 595 3710 669">
     <span class='ocr_line' id='line_1_35' title="bbox 2168 595 3710 669; baseline 0.001 -24"><span class='ocrx_word' id='word_1_231' title='bbox 2168 595 2303 646; x_wconf 72' lang='grc' dir='ltr'>πᾶσι</span> <span class='ocrx_word' id='word_1_232' title='bbox 2339 595 2568 663; x_wconf 82' lang='grc' dir='ltr'>τρόποις</span> <span class='ocrx_word' id='word_1_233' title='bbox 2608 597 2945 666; x_wconf 64' lang='grc' dir='ltr'>ἐργάζεσθαι</span> <span class='ocrx_word' id='word_1_234' title='bbox 2981 598 3235 669; x_wconf 77' lang='grc' dir='ltr'>φανερὸν,</span> <span class='ocrx_word' id='word_1_235' title='bbox 3280 598 3548 668; x_wconf 80' lang='grc' dir='ltr'>μηδεμίαν</span> <span class='ocrx_word' id='word_1_236' title='bbox 3588 595 3710 648; x_wconf 83' lang='grc' dir='ltr'>ὑπο-</span> 
     </span>
    </p>
   </div>
   <div class='ocr_carea' id='block_1_36' title="bbox 2160 683 3710 757">
    <p class='ocr_par' dir='ltr' id='par_1_36' title="bbox 2160 683 3710 757">
     <span class='ocr_line' id='line_1_36' title="bbox 2160 683 3710 757; baseline 0.001 -22"><span class='ocrx_word' id='word_1_237' title='bbox 2160 683 2292 752; x_wconf 70' lang='grc' dir='ltr'>ψίαν</span> <span class='ocrx_word' id='word_1_238' title='bbox 2319 684 2463 754; x_wconf 84' lang='grc' dir='ltr'>ἔχειν</span> <span class='ocrx_word' id='word_1_239' title='bbox 2491 684 2754 755; x_wconf 77' lang='grc' dir='ltr'>αἰσχύνης</span> <span class='ocrx_word' id='word_1_240' title='bbox 2779 703 2795 720; x_wconf 81' lang='grc'>⁸</span> <span class='ocrx_word' id='word_1_241' title='bbox 2836 689 2962 756; x_wconf 76' lang='grc' dir='ltr'>μηδ’</span> <span class='ocrx_word' id='word_1_242' title='bbox 2988 689 3172 741; x_wconf 75' lang='grc' dir='ltr'>εἵνεκα</span> <span class='ocrx_word' id='word_1_243' title='bbox 3200 688 3390 750; x_wconf 75' lang='grc' dir='ltr'>τούτου</span> <span class='ocrx_word' id='word_1_244' title='bbox 3422 687 3517 757; x_wconf 78' lang='grc' dir='ltr'>τὴν</span> <span class='ocrx_word' id='word_1_245' title='bbox 3551 685 3710 755; x_wconf 74' lang='grc' dir='ltr'>ἀληθῆ</span> 
     </span>
    </p>
   </div>
   <div class='ocr_carea' id='block_1_37' title="bbox 2162 774 3714 846">
    <p class='ocr_par' dir='ltr' id='par_1_37' title="bbox 2162 774 3714 846">
     <span class='ocr_line' id='line_1_37' title="bbox 2162 774 3714 846; baseline 0 -19"><span class='ocrx_word' id='word_1_246' title='bbox 2162 774 2449 844; x_wconf 75' lang='grc' dir='ltr'>προΐεσθαι</span> <span class='ocrx_word' id='word_1_247' title='bbox 2481 774 2660 838; x_wconf 78' lang='grc' dir='ltr'>δόξαν,</span> <span class='ocrx_word' id='word_1_248' title='bbox 2717 777 2784 845; x_wconf 81' lang='grc' dir='ltr'>ἢν</span> <span class='ocrx_word' id='word_1_249' title='bbox 2809 777 3210 846; x_wconf 78' lang='grc' dir='ltr'>ὁμολογοῦντάς</span> <span class='ocrx_word' id='word_1_250' title='bbox 3240 796 3301 831; x_wconf 87' lang='grc' dir='ltr'><strong>τε</strong></span> <span class='ocrx_word' id='word_1_251' title='bbox 3330 779 3425 832; x_wconf 81' lang='grc' dir='ltr'>καὶ</span> <span class='ocrx_word' id='word_1_252' title='bbox 3450 777 3714 830; x_wconf 82' lang='grc' dir='ltr'>πιστεύον-</span> 
     </span>
    </p>
   </div>
   <div class='ocr_carea' id='block_1_38' title="bbox 2161 869 3714 943">
    <p class='ocr_par' dir='ltr' id='par_1_38' title="bbox 2161 869 3714 943">
     <span class='ocr_line' id='line_1_38' title="bbox 2161 869 3714 943; baseline 0.003 -21"><span class='ocrx_word' id='word_1_253' title='bbox 2161 885 2279 932; x_wconf 86' lang='grc' dir='ltr'>τας,</span> <span class='ocrx_word' id='word_1_254' title='bbox 2304 869 2596 940; x_wconf 76' lang='grc' dir='ltr'>καὶταύτῃ</span> <span class='ocrx_word' id='word_1_255' title='bbox 2635 869 2703 922; x_wconf 81' lang='grc' dir='ltr'>δι’</span> <span class='ocrx_word' id='word_1_256' title='bbox 2743 871 3070 943; x_wconf 78' lang='grc' dir='ltr'><strong>ἀμφοτέρων</strong></span> <span class='ocrx_word' id='word_1_257' title='bbox 3142 873 3352 927; x_wconf 84' lang='grc' dir='ltr'>τούτων</span> <span class='ocrx_word' id='word_1_258' title='bbox 3393 873 3714 942; x_wconf 85' lang='grc' dir='ltr'>συναπτομέ-</span> 
     </span>
    </p>
   </div>
   <div class='ocr_carea' id='block_1_39' title="bbox 2162 965 3714 1037">
    <p class='ocr_par' dir='ltr' id='par_1_39' title="bbox 2162 965 3714 1037">
     <span class='ocr_line' id='line_1_39' title="bbox 2162 965 3714 1037; baseline 0 -21"><span class='ocrx_word' id='word_1_259' title='bbox 2162 983 2306 1028; x_wconf 77' lang='grc' dir='ltr'>νους,</span> <span class='ocrx_word' id='word_1_260' title='bbox 2340 967 2554 1037; x_wconf 79' lang='grc' dir='ltr'><strong>ἀνάγκη</strong></span> <span class='ocrx_word' id='word_1_261' title='bbox 2579 966 2708 1029; x_wconf 89' lang='grc' dir='ltr'>τούς</span> <span class='ocrx_word' id='word_1_262' title='bbox 2737 983 2796 1020; x_wconf 87' lang='grc' dir='ltr'><strong>τε</strong></span> <span class='ocrx_word' id='word_1_263' title='bbox 2822 967 2921 1034; x_wconf 86' lang='grc' dir='ltr'>τῆς</span> <span class='ocrx_word' id='word_1_264' title='bbox 2949 967 3202 1035; x_wconf 75' lang='grc' dir='ltr'><strong>ὁμονοίας</strong></span> <span class='ocrx_word' id='word_1_265' title='bbox 3232 967 3327 1018; x_wconf 76' lang='grc' dir='ltr'>καὶ</span> <span class='ocrx_word' id='word_1_266' title='bbox 3357 965 3457 1033; x_wconf 79' lang='grc' dir='ltr'>τῆς</span> <span class='ocrx_word' id='word_1_267' title='bbox 3476 965 3714 1032; x_wconf 73' lang='grc' dir='ltr'><strong>ἀληθείας</strong></span> 
     </span>
    </p>
   </div>
   <div class='ocr_carea' id='block_1_40' title="bbox 2166 1057 3714 1130">
    <p class='ocr_par' dir='ltr' id='par_1_40' title="bbox 2166 1057 3714 1130">
     <span class='ocr_line' id='line_1_40' title="bbox 2166 1057 3714 1130; baseline 0.001 -21"><span class='ocrx_word' id='word_1_268' title='bbox 2166 1057 2398 1125; x_wconf 60' lang='grc' dir='ltr'>μισθοὺς</span> <span class='ocrx_word' id='word_1_269' title='bbox 2455 1059 2688 1129; x_wconf 75' lang='grc' dir='ltr'>βεϐαἵως</span> <span class='ocrx_word' id='word_1_270' title='bbox 2735 1061 2943 1114; x_wconf 77' lang='grc' dir='ltr'>ἀνωθεν</span> <span class='ocrx_word' id='word_1_271' title='bbox 2970 1060 3303 1130; x_wconf 77' lang='grc' dir='ltr'>προσδοκᾷν.</span> <span class='ocrx_word' id='word_1_272' title='bbox 3348 1059 3595 1120; x_wconf 80' lang='grc' dir='ltr'><strong>Λατίνοις</strong></span> <span class='ocrx_word' id='word_1_273' title='bbox 3642 1059 3714 1119; x_wconf 84' lang='grc' dir='ltr'>δὲ,</span> 
     </span>
    </p>
   </div>
   <div class='ocr_carea' id='block_1_41' title="bbox 2160 1147 3717 1219">
    <p class='ocr_par' dir='ltr' id='par_1_41' title="bbox 2160 1147 3717 1219">
     <span class='ocr_line' id='line_1_41' title="bbox 2160 1147 3717 1219; baseline -0.002 -20"><span class='ocrx_word' id='word_1_274' title='bbox 2160 1150 2208 1200; x_wconf 89' lang='grc' dir='ltr'><strong>εἰ</strong></span> <span class='ocrx_word' id='word_1_275' title='bbox 2241 1151 2334 1201; x_wconf 80' lang='grc' dir='ltr'><strong>καί</strong></span> <span class='ocrx_word' id='word_1_276' title='bbox 2381 1166 2502 1202; x_wconf 85' lang='grc' dir='ltr'>τινα</span> <span class='ocrx_word' id='word_1_277' title='bbox 2554 1151 2661 1202; x_wconf 79' lang='grc' dir='ltr'><strong>τῶν</strong></span> <span class='ocrx_word' id='word_1_278' title='bbox 2697 1149 3004 1219; x_wconf 73' lang='grc' dir='ltr'><strong>εἰρημένων</strong></span> <span class='ocrx_word' id='word_1_279' title='bbox 3062 1147 3172 1218; x_wconf 79' lang='grc' dir='ltr'><strong>δρῶ</strong></span> <span class='ocrx_word' id='word_1_280' title='bbox 3223 1147 3464 1217; x_wconf 73' lang='grc' dir='ltr'>σαθροὺς</span> <span class='ocrx_word' id='word_1_281' title='bbox 3509 1147 3717 1198; x_wconf 78' lang='grc' dir='ltr'>ἐκείνων</span> 
     </span>
    </p>
   </div>
   <div class='ocr_carea' id='block_1_42' title="bbox 2159 1238 3717 1309">
    <p class='ocr_par' dir='ltr' id='par_1_42' title="bbox 2159 1238 3717 1309">
     <span class='ocr_line' id='line_1_42' title="bbox 2159 1238 3717 1309; baseline -0.003 -15"><span class='ocrx_word' id='word_1_282' title='bbox 2159 1240 2328 1305; x_wconf 70' lang='grc' dir='ltr'>δεῖξαι</span> <span class='ocrx_word' id='word_1_283' title='bbox 2363 1244 2490 1300; x_wconf 79' lang='grc' dir='ltr'>τοὺς</span> <span class='ocrx_word' id='word_1_284' title='bbox 2519 1240 2839 1308; x_wconf 75' lang='grc' dir='ltr'>λογισμοὺς,</span> <span class='ocrx_word' id='word_1_285' title='bbox 2872 1239 2969 1293; x_wconf 75' lang='grc' dir='ltr'><strong>καὶ</strong></span> <span class='ocrx_word' id='word_1_286' title='bbox 3001 1240 3063 1292; x_wconf 84' lang='grc' dir='ltr'><strong>τδ</strong></span> <span class='ocrx_word' id='word_1_287' title='bbox 3095 1243 3195 1309; x_wconf 85' lang='grc' dir='ltr'>τῆς</span> <span class='ocrx_word' id='word_1_288' title='bbox 3225 1238 3490 1308; x_wconf 80' lang='grc' dir='ltr'><strong>αἰσχύνης</strong></span> <span class='ocrx_word' id='word_1_289' title='bbox 3521 1238 3631 1300; x_wconf 88' lang='grc' dir='ltr'>δέος</span> <span class='ocrx_word' id='word_1_290' title='bbox 3661 1239 3717 1290; x_wconf 81' lang='grc' dir='ltr'><strong>οὐ</strong></span> 
     </span>
    </p>
   </div>
   <div class='ocr_carea' id='block_1_43' title="bbox 2162 1331 3718 1401">
    <p class='ocr_par' dir='ltr' id='par_1_43' title="bbox 2162 1331 3718 1401">
     <span class='ocr_line' id='line_1_43' title="bbox 2162 1331 3718 1401; baseline -0.003 -16"><span class='ocrx_word' id='word_1_291' title='bbox 2162 1335 2516 1387; x_wconf 78' lang='grc' dir='ltr'>παντάπασιν</span> <span class='ocrx_word' id='word_1_292' title='bbox 2546 1335 2763 1401; x_wconf 78' lang='grc' dir='ltr'>ἄλογον,</span> <span class='ocrx_word' id='word_1_293' title='bbox 2792 1333 2886 1387; x_wconf 89' lang='grc' dir='ltr'><strong>καί</strong></span> <span class='ocrx_word' id='word_1_294' title='bbox 2912 1351 2963 1386; x_wconf 89' lang='grc' dir='ltr'><strong>τι</strong></span> <span class='ocrx_word' id='word_1_295' title='bbox 2997 1333 3161 1384; x_wconf 82' lang='grc' dir='ltr'>πλέον</span> <span class='ocrx_word' id='word_1_296' title='bbox 3195 1333 3308 1384; x_wconf 90' lang='grc' dir='ltr'><strong>τῶν</strong></span> <span class='ocrx_word' id='word_1_297' title='bbox 3345 1331 3519 1385; x_wconf 75' lang='grc' dir='ltr'>ἄλλων</span> <span class='ocrx_word' id='word_1_298' title='bbox 3547 1331 3718 1389; x_wconf 81' lang='grc' dir='ltr'>αὐτοῖς</span> 
     </span>
    </p>
   </div>
   <div class='ocr_carea' id='block_1_44' title="bbox 2161 1426 3717 1498">
    <p class='ocr_par' dir='ltr' id='par_1_44' title="bbox 2161 1426 3717 1498">
     <span class='ocr_line' id='line_1_44' title="bbox 2161 1426 3717 1498; baseline -0.004 -17"><span class='ocrx_word' id='word_1_299' title='bbox 2161 1431 2386 1492; x_wconf 79' lang='grc' dir='ltr'><strong>εἰκότως</strong></span> <span class='ocrx_word' id='word_1_300' title='bbox 2445 1429 2548 1482; x_wconf 69' lang='grc' dir='ltr'><strong>ὑπὸ</strong></span> <span class='ocrx_word' id='word_1_301' title='bbox 2575 1429 2781 1482; x_wconf 87' lang='grc' dir='ltr'>τούτων</span> <span class='ocrx_word' id='word_1_302' title='bbox 2815 1427 3263 1498; x_wconf 82' lang='grc' dir='ltr'>ταραττομένοις,</span> <span class='ocrx_word' id='word_1_303' title='bbox 3299 1426 3527 1478; x_wconf 87' lang='grc' dir='ltr'>κάκεῖνα</span> <span class='ocrx_word' id='word_1_304' title='bbox 3563 1440 3717 1493; x_wconf 71' lang='grc' dir='ltr'>προσο</span> 
     </span>
    </p>
   </div>
   <div class='ocr_carea' id='block_1_45' title="bbox 2160 1515 3716 1589">
    <p class='ocr_par' dir='ltr' id='par_1_45' title="bbox 2160 1515 3716 1589">
     <span class='ocr_line' id='line_1_45' title="bbox 2160 1515 3716 1589; baseline -0.005 -15"><span class='ocrx_word' id='word_1_305' title='bbox 2160 1521 2514 1588; x_wconf 84' lang='grc' dir='ltr'>ενθυμεῖσθαι</span> <span class='ocrx_word' id='word_1_306' title='bbox 2550 1520 2781 1584; x_wconf 86' lang='grc' dir='ltr'>δίκαιον,</span> <span class='ocrx_word' id='word_1_307' title='bbox 2812 1521 2895 1574; x_wconf 78' lang='grc' dir='ltr'>ὅτι</span> <span class='ocrx_word' id='word_1_308' title='bbox 2950 1521 3078 1581; x_wconf 82' lang='grc' dir='ltr'>τοὺς</span> <span class='ocrx_word' id='word_1_309' title='bbox 3111 1520 3213 1589; x_wconf 71' lang='grc' dir='ltr'>μὲν</span> <span class='ocrx_word' id='word_1_310' title='bbox 3245 1518 3546 1588; x_wconf 76' lang='grc' dir='ltr'>προγόνους</span> <span class='ocrx_word' id='word_1_311' title='bbox 3576 1515 3716 1568; x_wconf 77' lang='grc' dir='ltr'>οὐδὲν</span> 
     </span>
    </p>
   </div>
   <div class='ocr_carea' id='block_1_46' title="bbox 2159 1607 3715 1682">
    <p class='ocr_par' dir='ltr' id='par_1_46' title="bbox 2159 1607 3715 1682">
     <span class='ocr_line' id='line_1_46' title="bbox 2159 1607 3715 1682; baseline -0.004 -18"><span class='ocrx_word' id='word_1_312' title='bbox 2159 1614 2223 1664; x_wconf 82' lang='grc' dir='ltr'>ὲκ</span> <span class='ocrx_word' id='word_1_313' title='bbox 2265 1612 2363 1665; x_wconf 81' lang='grc' dir='ltr'>τοῦ</span> <span class='ocrx_word' id='word_1_314' title='bbox 2402 1613 2502 1680; x_wconf 75' lang='grc' dir='ltr'><strong>τὴν</strong></span> <span class='ocrx_word' id='word_1_315' title='bbox 2529 1611 2792 1680; x_wconf 85' lang='grc' dir='ltr'>ἀλήθειαν</span> <span class='ocrx_word' id='word_1_316' title='bbox 2835 1613 3052 1682; x_wconf 86' lang='grc' dir='ltr'>φρονεῖν</span> <span class='ocrx_word' id='word_1_317' title='bbox 3077 1611 3232 1666; x_wconf 77' lang='grc' dir='ltr'>αὐτοὶ</span> <span class='ocrx_word' id='word_1_318' title='bbox 3258 1607 3715 1680; x_wconf 75' lang='grc' dir='ltr'>παραϐλάψουσιν,</span> 
     </span>
    </p>
   </div>
   <div class='ocr_carea' id='block_1_47' title="bbox 2159 1698 3717 1773">
    <p class='ocr_par' dir='ltr' id='par_1_47' title="bbox 2159 1698 3717 1773">
     <span class='ocr_line' id='line_1_47' title="bbox 2159 1698 3717 1773; baseline -0.004 -17"><span class='ocrx_word' id='word_1_319' title='bbox 2159 1705 2205 1756; x_wconf 89' lang='grc' dir='ltr'><strong>εἰ</strong></span> <span class='ocrx_word' id='word_1_320' title='bbox 2242 1704 2316 1773; x_wconf 81' lang='grc' dir='ltr'>μὴ</span> <span class='ocrx_word' id='word_1_321' title='bbox 2350 1705 2445 1757; x_wconf 82' lang='grc' dir='ltr'>καὶ</span> <span class='ocrx_word' id='word_1_322' title='bbox 2481 1705 2682 1773; x_wconf 79' lang='grc' dir='ltr'>μᾶλλον</span> <span class='ocrx_word' id='word_1_323' title='bbox 2734 1703 3134 1772; x_wconf 82' lang='grc' dir='ltr'><strong>ὠφελήσουσιν,</strong></span> <span class='ocrx_word' id='word_1_324' title='bbox 3162 1704 3296 1763; x_wconf 75' lang='grc' dir='ltr'>ἴσως</span> <span class='ocrx_word' id='word_1_325' title='bbox 3329 1700 3469 1770; x_wconf 79' lang='grc' dir='ltr'>ὑπὲρ</span> <span class='ocrx_word' id='word_1_326' title='bbox 3517 1698 3717 1766; x_wconf 81' lang='grc' dir='ltr'>ἀνθρώ-</span> 
     </span>
    </p>
   </div>
   <div class='ocr_carea' id='block_1_48' title="bbox 2161 1791 3718 1868">
    <p class='ocr_par' dir='ltr' id='par_1_48' title="bbox 2161 1791 3718 1868">
     <span class='ocr_line' id='line_1_48' title="bbox 2161 1791 3718 1868; baseline -0.005 -19"><span class='ocrx_word' id='word_1_327' title='bbox 2161 1813 2280 1850; x_wconf 90' lang='grc' dir='ltr'><strong>πων</strong></span> <span class='ocrx_word' id='word_1_328' title='bbox 2314 1795 2636 1851; x_wconf 78' lang='grc' dir='ltr'><strong>ἑαλωκότων</strong></span> <span class='ocrx_word' id='word_1_329' title='bbox 2667 1797 2744 1868; x_wconf 82' lang='grc' dir='ltr'><strong>τῷ</strong></span> <span class='ocrx_word' id='word_1_330' title='bbox 2774 1797 2984 1868; x_wconf 80' lang='grc' dir='ltr'>ψεύδει,</span> <span class='ocrx_word' id='word_1_331' title='bbox 3017 1797 3111 1850; x_wconf 86' lang='grc' dir='ltr'><strong>καί</strong></span> <span class='ocrx_word' id='word_1_332' title='bbox 3135 1814 3184 1848; x_wconf 92' lang='grc' dir='ltr'><strong>τι</strong></span> <span class='ocrx_word' id='word_1_333' title='bbox 3214 1795 3500 1848; x_wconf 75' lang='grc' dir='ltr'>παθόντων</span> <span class='ocrx_word' id='word_1_334' title='bbox 3525 1791 3718 1860; x_wconf 85' lang='grc' dir='ltr'>ἀνθρὼ-</span> 
     </span>
    </p>
   </div>
   <div class='ocr_carea' id='block_1_49' title="bbox 2159 1884 3716 1960">
    <p class='ocr_par' dir='ltr' id='par_1_49' title="bbox 2159 1884 3716 1960">
     <span class='ocr_line' id='line_1_49' title="bbox 2159 1884 3716 1960; baseline -0.004 -18"><span class='ocrx_word' id='word_1_335' title='bbox 2159 1907 2334 1956; x_wconf 86' lang='grc' dir='ltr'>πινον,</span> <span class='ocrx_word' id='word_1_336' title='bbox 2388 1889 2544 1942; x_wconf 56' lang='grc' dir='ltr'><strong>αὐτοὶ⁴</strong></span> <span class='ocrx_word' id='word_1_337' title='bbox 2599 1891 2741 1960; x_wconf 74' lang='grc' dir='ltr'>μετὰ</span> <span class='ocrx_word' id='word_1_338' title='bbox 2787 1890 3035 1959; x_wconf 78' lang='grc' dir='ltr'>καθαρᾶς</span> <span class='ocrx_word' id='word_1_339' title='bbox 3081 1889 3175 1941; x_wconf 73' lang='grc' dir='ltr'><strong>καὶ</strong></span> <span class='ocrx_word' id='word_1_340' title='bbox 3223 1887 3522 1956; x_wconf 73' lang='grc' dir='ltr'>ἀκιὸδήλου</span> <span class='ocrx_word' id='word_1_341' title='bbox 3571 1884 3716 1953; x_wconf 81' lang='grc' dir='ltr'>δόξης</span> 
     </span>
    </p>
   </div>
   <div class='ocr_carea' id='block_1_50' title="bbox 2157 1977 3715 2048">
    <p class='ocr_par' dir='ltr' id='par_1_50' title="bbox 2157 1977 3715 2048">
     <span class='ocr_line' id='line_1_50' title="bbox 2157 1977 3715 2048; baseline -0.004 -17"><span class='ocrx_word' id='word_1_342' title='bbox 2157 1978 2467 2048; x_wconf 73' lang='grc' dir='ltr'>εὐχόμενοι,</span> <span class='ocrx_word' id='word_1_343' title='bbox 2501 1978 2596 2031; x_wconf 77' lang='grc' dir='ltr'>καὶ</span> <span class='ocrx_word' id='word_1_344' title='bbox 2649 1979 2760 2032; x_wconf 89' lang='grc' dir='ltr'><strong>τῶν</strong></span> <span class='ocrx_word' id='word_1_345' title='bbox 2808 1979 2949 2048; x_wconf 79' lang='grc' dir='ltr'>ὑπὲρ</span> <span class='ocrx_word' id='word_1_346' title='bbox 3025 1979 3122 2047; x_wconf 81' lang='grc' dir='ltr'>τῆς</span> <span class='ocrx_word' id='word_1_347' title='bbox 3180 1977 3445 2047; x_wconf 76' lang='grc' dir='ltr'>ἀληθείας</span> <span class='ocrx_word' id='word_1_348' title='bbox 3503 1978 3715 2043; x_wconf 81' lang='grc' dir='ltr'>ἀγώνων</span> 
     </span>
    </p>
   </div>
   <div class='ocr_carea' id='block_1_51' title="bbox 2161 2069 3718 2143">
    <p class='ocr_par' dir='ltr' id='par_1_51' title="bbox 2161 2069 3718 2143">
     <span class='ocr_line' id='line_1_51' title="bbox 2161 2069 3718 2143; baseline -0.004 -18"><span class='ocrx_word' id='word_1_349' title='bbox 2161 2071 2361 2140; x_wconf 83' lang='grc' dir='ltr'>μισθὸν</span> <span class='ocrx_word' id='word_1_350' title='bbox 2398 2072 2678 2134; x_wconf 75' lang='grc' dir='ltr'>αἰτοῦντες</span> <span class='ocrx_word' id='word_1_351' title='bbox 2701 2074 2850 2143; x_wconf 86' lang='grc' dir='ltr'><strong>παρά</strong></span> <span class='ocrx_word' id='word_1_352' title='bbox 2889 2071 3025 2126; x_wconf 81' lang='grc' dir='ltr'>Θεοῦ</span> <span class='ocrx_word' id='word_1_353' title='bbox 3051 2072 3152 2141; x_wconf 80' lang='grc' dir='ltr'><strong>τὴν</strong></span> <span class='ocrx_word' id='word_1_354' title='bbox 3178 2073 3261 2135; x_wconf 80' lang='grc' dir='ltr'><strong>εἰς</strong></span> <span class='ocrx_word' id='word_1_355' title='bbox 3286 2072 3527 2133; x_wconf 77' lang='grc' dir='ltr'>ἐκείνους</span> <span class='ocrx_word' id='word_1_356' title='bbox 3547 2069 3718 2138; x_wconf 80' lang='grc' dir='ltr'>φιλαν-</span> 
     </span>
    </p>
   </div>
   <div class='ocr_carea' id='block_1_52' title="bbox 2158 2153 3714 2233">
    <p class='ocr_par' dir='ltr' id='par_1_52' title="bbox 2158 2153 3714 2233">
     <span class='ocr_line' id='line_1_52' title="bbox 2158 2153 3714 2233; baseline -0.006 -19"><span class='ocrx_word' id='word_1_357' title='bbox 2158 2161 2429 2233; x_wconf 81' lang='grc' dir='ltr'>θρωπίαν.</span> <span class='ocrx_word' id='word_1_358' title='bbox 2488 2163 2594 2215; x_wconf 75' lang='grc' dir='ltr'><strong>Καὶ</strong></span> <span class='ocrx_word' id='word_1_359' title='bbox 2651 2161 2720 2216; x_wconf 86' lang='grc' dir='ltr'><strong>τά</strong></span> <span class='ocrx_word' id='word_1_360' title='bbox 2784 2161 3010 2213; x_wconf 69' lang='grc' dir='ltr'>ἐκείνων</span> <span class='ocrx_word' id='word_1_361' title='bbox 3067 2157 3125 2211; x_wconf 75' lang='grc' dir='ltr'>δὲ</span> <span class='ocrx_word' id='word_1_362' title='bbox 3183 2156 3538 2226; x_wconf 69' lang='grc' dir='ltr'>συγκαλύψαι</span> <span class='ocrx_word' id='word_1_363' title='bbox 3588 2153 3714 2207; x_wconf 69' lang='grc' dir='ltr'>κατὰ</span> 
     </span>
    </p>
   </div>
   <div class='ocr_carea' id='block_1_53' title="bbox 2159 2241 3719 2325">
    <p class='ocr_par' dir='ltr' id='par_1_53' title="bbox 2159 2241 3719 2325">
     <span class='ocr_line' id='line_1_53' title="bbox 2159 2241 3719 2325; baseline -0.004 -19"><span class='ocrx_word' id='word_1_364' title='bbox 2159 2255 2361 2324; x_wconf 84' lang='grc' dir='ltr'>μικρὸν</span> <span class='ocrx_word' id='word_1_365' title='bbox 2393 2254 2571 2325; x_wconf 80' lang='grc' dir='ltr'>ὀνείδη</span> <span class='ocrx_word' id='word_1_366' title='bbox 2602 2255 2948 2324; x_wconf 81' lang='grc' dir='ltr'>δυνήσονται,</span> <span class='ocrx_word' id='word_1_367' title='bbox 2988 2253 3132 2322; x_wconf 74' lang='grc' dir='ltr'>άπερ</span> <span class='ocrx_word' id='word_1_368' title='bbox 3163 2250 3396 2322; x_wconf 79' lang='grc' dir='ltr'>ἔμελλον</span> <span class='ocrx_word' id='word_1_369' title='bbox 3431 2248 3628 2312; x_wconf 74' lang='grc' dir='ltr'>αὔξειν,</span> <span class='ocrx_word' id='word_1_370' title='bbox 3656 2241 3719 2316; x_wconf 72' lang='grc' dir='ltr'>ἧς</span> 
     </span>
    </p>
   </div>
   <div class='ocr_carea' id='block_1_54' title="bbox 2157 2328 3713 2419">
    <p class='ocr_par' dir='ltr' id='par_1_54' title="bbox 2157 2328 3713 2419">
     <span class='ocr_line' id='line_1_54' title="bbox 2157 2328 3713 2419; baseline -0.006 -19"><span class='ocrx_word' id='word_1_371' title='bbox 2157 2328 2610 2418; x_wconf 66' lang='grc' dir='ltr'>ἐκληρονόμησαν</span> <span class='ocrx_word' id='word_1_372' title='bbox 2651 2349 2901 2419; x_wconf 77' lang='grc' dir='ltr'>ἐχόμενοι</span> <span class='ocrx_word' id='word_1_373' title='bbox 2955 2347 3189 2416; x_wconf 84' lang='grc' dir='ltr'>πλάνης,</span> <span class='ocrx_word' id='word_1_374' title='bbox 3227 2348 3328 2402; x_wconf 72' lang='grc' dir='ltr'><strong>καὶ</strong></span> <span class='ocrx_word' id='word_1_375' title='bbox 3355 2345 3416 2398; x_wconf 76' lang='grc' dir='ltr'><strong>τὸ</strong></span> <span class='ocrx_word' id='word_1_376' title='bbox 3446 2344 3612 2397; x_wconf 74' lang='grc' dir='ltr'>δεινὸν</span> <span class='ocrx_word' id='word_1_377' title='bbox 3663 2343 3713 2393; x_wconf 79' lang='grc' dir='ltr'>ὲν</span> 
     </span>
    </p>
   </div>
   <div class='ocr_carea' id='block_1_55' title="bbox 2159 2435 3719 2510">
    <p class='ocr_par' dir='ltr' id='par_1_55' title="bbox 2159 2435 3719 2510">
     <span class='ocr_line' id='line_1_55' title="bbox 2159 2435 3719 2510; baseline -0.004 -16"><span class='ocrx_word' id='word_1_378' title='bbox 2159 2443 2312 2509; x_wconf 88' lang='grc' dir='ltr'>σφίσι</span> <span class='ocrx_word' id='word_1_379' title='bbox 2339 2441 2814 2508; x_wconf 77' lang='grc' dir='ltr'>διαφυλάττοντες.</span> <span class='ocrx_word' id='word_1_380' title='bbox 2843 2441 2902 2494; x_wconf 85' lang='grc' dir='ltr'>Εἰ</span> <span class='ocrx_word' id='word_1_381' title='bbox 2925 2440 2981 2493; x_wconf 72' lang='grc' dir='ltr'>δὲ</span> <span class='ocrx_word' id='word_1_382' title='bbox 3017 2441 3092 2510; x_wconf 78' lang='grc' dir='ltr'><strong>μή</strong></span> <span class='ocrx_word' id='word_1_383' title='bbox 3126 2439 3287 2510; x_wconf 81' lang='grc' dir='ltr'>δόξης</span> <span class='ocrx_word' id='word_1_384' title='bbox 3335 2439 3596 2506; x_wconf 71' lang='grc' dir='ltr'>ἐπιθυμίᾳ</span> <span class='ocrx_word' id='word_1_385' title='bbox 3635 2435 3719 2488; x_wconf 72' lang='grc' dir='ltr'><strong>καὶ</strong></span> 
     </span>
    </p>
   </div>
   <div class='ocr_carea' id='block_1_56' title="bbox 2156 2525 3716 2604">
    <p class='ocr_par' dir='ltr' id='par_1_56' title="bbox 2156 2525 3716 2604">
     <span class='ocr_line' id='line_1_56' title="bbox 2156 2525 3716 2604; baseline 0 -20"><span class='ocrx_word' id='word_1_386' title='bbox 2156 2532 2234 2601; x_wconf 84' lang='grc' dir='ltr'>τῷ</span> <span class='ocrx_word' id='word_1_387' title='bbox 2275 2531 2571 2602; x_wconf 82' lang='grc' dir='ltr'>βούλεσθαι</span> <span class='ocrx_word' id='word_1_388' title='bbox 2606 2533 2918 2604; x_wconf 77' lang='grc' dir='ltr'>πρωτεύειν</span> <span class='ocrx_word' id='word_1_389' title='bbox 2947 2533 3054 2587; x_wconf 89' lang='grc' dir='ltr'><strong>τῶν</strong></span> <span class='ocrx_word' id='word_1_390' title='bbox 3086 2532 3363 2601; x_wconf 83' lang='grc' dir='ltr'>ἀδελφῶν,</span> <span class='ocrx_word' id='word_1_391' title='bbox 3398 2531 3493 2584; x_wconf 73' lang='grc' dir='ltr'><strong>καὶ</strong></span> <span class='ocrx_word' id='word_1_392' title='bbox 3524 2525 3716 2593; x_wconf 80' lang='grc' dir='ltr'>τάληθῆ</span> 
     </span>
    </p>
   </div>
   <div class='ocr_carea' id='block_1_57' title="bbox 2157 2621 3706 2697">
    <p class='ocr_par' dir='ltr' id='par_1_57' title="bbox 2157 2621 3706 2697">
     <span class='ocr_line' id='line_1_57' title="bbox 2157 2621 3706 2697; baseline -0.005 -18"><span class='ocrx_word' id='word_1_393' title='bbox 2157 2626 2252 2680; x_wconf 69' lang='grc' dir='ltr'><strong>καὶ</strong></span> <span class='ocrx_word' id='word_1_394' title='bbox 2281 2627 2466 2680; x_wconf 87' lang='grc' dir='ltr'>δίκαια</span> <span class='ocrx_word' id='word_1_395' title='bbox 2501 2629 2667 2682; x_wconf 80' lang='grc' dir='ltr'>πᾶσιν</span> <span class='ocrx_word' id='word_1_396' title='bbox 2695 2627 2919 2697; x_wconf 72' lang='grc' dir='ltr'>ὁρίζειν,</span> <span class='ocrx_word' id='word_1_397' title='bbox 2945 2627 3060 2681; x_wconf 83' lang='grc' dir='ltr'>ἀλλ’</span> <span class='ocrx_word' id='word_1_398' title='bbox 3097 2627 3160 2679; x_wconf 79' lang='grc' dir='ltr'>ἔκ</span> <span class='ocrx_word' id='word_1_399' title='bbox 3189 2643 3340 2688; x_wconf 84' lang='grc' dir='ltr'>τινος</span> <span class='ocrx_word' id='word_1_400' title='bbox 3371 2625 3595 2695; x_wconf 71' lang='grc' dir='ltr'>ἐχούσης</span> <span class='ocrx_word' id='word_1_401' title='bbox 3626 2621 3706 2672; x_wconf 75' lang='grc' dir='ltr'>λόε-</span> 
     </span>
    </p>
   </div>
   <div class='ocr_carea' id='block_1_58' title="bbox 2157 2709 3714 2790">
    <p class='ocr_par' dir='ltr' id='par_1_58' title="bbox 2157 2709 3714 2790">
     <span class='ocr_line' id='line_1_58' title="bbox 2157 2709 3714 2790; baseline -0.006 -17"><span class='ocrx_word' id='word_1_402' title='bbox 2157 2737 2255 2788; x_wconf 86' lang='grc' dir='ltr'><strong>γον</strong></span> <span class='ocrx_word' id='word_1_403' title='bbox 2287 2720 2532 2789; x_wconf 79' lang='grc' dir='ltr'>ἀνάγκης</span> <span class='ocrx_word' id='word_1_404' title='bbox 2560 2722 2656 2774; x_wconf 78' lang='grc' dir='ltr'><strong>καὶ</strong></span> <span class='ocrx_word' id='word_1_405' title='bbox 2674 2719 2956 2789; x_wconf 84' lang='grc' dir='ltr'>λογισμῶν</span> <span class='ocrx_word' id='word_1_406' title='bbox 2983 2718 3340 2790; x_wconf 79' lang='grc' dir='ltr'>ἡττηθέντες,</span> <span class='ocrx_word' id='word_1_407' title='bbox 3362 2714 3437 2772; x_wconf 82' lang='grc' dir='ltr'>ὧν</span> <span class='ocrx_word' id='word_1_408' title='bbox 3457 2717 3552 2770; x_wconf 73' lang='grc' dir='ltr'><strong>οὒκ</strong></span> <span class='ocrx_word' id='word_1_409' title='bbox 3582 2709 3714 2781; x_wconf 77' lang='grc' dir='ltr'>εῐχον</span> 
     </span>
    </p>
   </div>
   <div class='ocr_carea' id='block_1_59' title="bbox 2161 2809 3716 2884">
    <p class='ocr_par' dir='ltr' id='par_1_59' title="bbox 2161 2809 3716 2884">
     <span class='ocr_line' id='line_1_59' title="bbox 2161 2809 3716 2884; baseline -0.006 -18"><span class='ocrx_word' id='word_1_410' title='bbox 2161 2812 2461 2884; x_wconf 82' lang='grc' dir='ltr'>ύπερορᾷν,</span> <span class='ocrx_word' id='word_1_411' title='bbox 2486 2813 2584 2884; x_wconf 80' lang='grc' dir='ltr'>τὴν</span> <span class='ocrx_word' id='word_1_412' title='bbox 2619 2813 2778 2879; x_wconf 80' lang='grc' dir='ltr'>δόξαν</span> <span class='ocrx_word' id='word_1_413' title='bbox 2807 2813 3011 2882; x_wconf 86' lang='grc' dir='ltr'>ταύτην</span> <span class='ocrx_word' id='word_1_414' title='bbox 3045 2813 3400 2883; x_wconf 77' lang='grc' dir='ltr'>εἰσήνεγκαν,</span> <span class='ocrx_word' id='word_1_415' title='bbox 3443 2810 3580 2871; x_wconf 85' lang='grc' dir='ltr'>εἰκός</span> <span class='ocrx_word' id='word_1_416' title='bbox 3611 2809 3716 2859; x_wconf 76' lang='grc' dir='ltr'>ἐστι</span> 
     </span>
    </p>
   </div>
   <div class='ocr_carea' id='block_1_60' title="bbox 2159 2901 3713 2975">
    <p class='ocr_par' dir='ltr' id='par_1_60' title="bbox 2159 2901 3713 2975">
     <span class='ocr_line' id='line_1_60' title="bbox 2159 2901 3713 2975; baseline -0.005 -16"><span class='ocrx_word' id='word_1_417' title='bbox 2159 2909 2254 2962; x_wconf 75' lang='grc' dir='ltr'><strong>καὶ</strong></span> <span class='ocrx_word' id='word_1_418' title='bbox 2287 2905 2566 2973; x_wconf 83' lang='grc' dir='ltr'>σιγώντων</span> <span class='ocrx_word' id='word_1_419' title='bbox 2594 2905 2750 2974; x_wconf 83' lang='grc' dir='ltr'>ήμῶν</span> <span class='ocrx_word' id='word_1_420' title='bbox 2805 2905 3004 2962; x_wconf 73' lang='grc' dir='ltr'>αὐτοὺς</span> <span class='ocrx_word' id='word_1_421' title='bbox 3027 2904 3448 2975; x_wconf 79' lang='grc' dir='ltr'>φιλανθρωπίαν</span> <span class='ocrx_word' id='word_1_422' title='bbox 3478 2901 3713 2971; x_wconf 70' lang='grc' dir='ltr'>εὑρέσθαι</span> 
     </span>
    </p>
   </div>
   <div class='ocr_carea' id='block_1_61' title="bbox 2159 2993 3716 3066">
    <p class='ocr_par' dir='ltr' id='par_1_61' title="bbox 2159 2993 3716 3066">
     <span class='ocr_line' id='line_1_61' title="bbox 2159 2993 3716 3066; baseline -0.003 -18"><span class='ocrx_word' id='word_1_423' title='bbox 2159 2995 2258 3048; x_wconf 72' lang='grc' dir='ltr'>καὶ</span> <span class='ocrx_word' id='word_1_424' title='bbox 2288 2995 2424 3049; x_wconf 78' lang='grc' dir='ltr'>Θεοῦ</span> <span class='ocrx_word' id='word_1_425' title='bbox 2464 2998 2648 3065; x_wconf 81' lang='grc' dir='ltr'>τυχεῖν</span> <span class='ocrx_word' id='word_1_426' title='bbox 2675 2995 2827 3062; x_wconf 77' lang='grc' dir='ltr'>ἵλεω,</span> <span class='ocrx_word' id='word_1_427' title='bbox 2864 2995 2922 3056; x_wconf 80' lang='grc' dir='ltr'>ὃς</span> <span class='ocrx_word' id='word_1_428' title='bbox 2974 2997 3070 3048; x_wconf 69' lang='grc' dir='ltr'><strong>καὶ</strong></span> <span class='ocrx_word' id='word_1_429' title='bbox 3098 2995 3207 3048; x_wconf 84' lang='grc' dir='ltr'><strong>τῶν</strong></span> <span class='ocrx_word' id='word_1_430' title='bbox 3231 2996 3524 3066; x_wconf 81' lang='grc' dir='ltr'>χειρίστων</span> <span class='ocrx_word' id='word_1_431' title='bbox 3552 2993 3716 3059; x_wconf 83' lang='grc' dir='ltr'>ἀμαρ-</span> 
     </span>
    </p>
   </div>
   <div class='ocr_carea' id='block_1_62' title="bbox 2161 3087 3715 3160">
    <p class='ocr_par' dir='ltr' id='par_1_62' title="bbox 2161 3087 3715 3160">
     <span class='ocr_line' id='line_1_62' title="bbox 2161 3087 3715 3160; baseline 0.003 -20"><span class='ocrx_word' id='word_1_432' title='bbox 2161 3089 2446 3157; x_wconf 82' lang='grc' dir='ltr'>τημάτων,</span> <span class='ocrx_word' id='word_1_433' title='bbox 2501 3089 2567 3143; x_wconf 82' lang='grc' dir='ltr'><strong>ἂν</strong></span> <span class='ocrx_word' id='word_1_434' title='bbox 2596 3090 2694 3142; x_wconf 81' lang='grc' dir='ltr'><strong>οὐκ</strong></span> <span class='ocrx_word' id='word_1_435' title='bbox 2732 3091 2789 3155; x_wconf 76' lang='grc' dir='ltr'><strong>ἐξ</strong></span> <span class='ocrx_word' id='word_1_436' title='bbox 2820 3090 3453 3160; x_wconf 67' lang='grc' dir='ltr'>όμοίας¹άμαρτάνηται</span> <span class='ocrx_word' id='word_1_437' title='bbox 3488 3087 3715 3152; x_wconf 73' lang='grc' dir='ltr'>γνώμης.</span> 
     </span>
    </p>
   </div>
   <div class='ocr_carea' id='block_1_63' title="bbox 473 3151 2053 3267">
    <p class='ocr_par' dir='ltr' id='par_1_63' title="bbox 473 3151 2053 3234">
     <span class='ocr_line' id='line_1_63' title="bbox 473 3151 2053 3234; baseline 0.021 -35"><span class='ocrx_word' id='word_1_438' title='bbox 473 3151 606 3205; x_wconf 85' lang='lat' dir='ltr'><strong>mihi</strong></span> <span class='ocrx_word' id='word_1_439' title='bbox 634 3151 749 3220; x_wconf 91' lang='lat' dir='ltr'><strong>ipse</strong></span> <span class='ocrx_word' id='word_1_440' title='bbox 782 3159 1113 3224; x_wconf 87' lang='lat' dir='ltr'><strong>persuadeo.</strong></span> <span class='ocrx_word' id='word_1_441' title='bbox 1143 3161 1328 3234; x_wconf 84' lang='lat' dir='ltr'><strong>Neque</strong></span> <span class='ocrx_word' id='word_1_442' title='bbox 1353 3167 1498 3223; x_wconf 90' lang='lat' dir='ltr'><strong>enim</strong></span> <span class='ocrx_word' id='word_1_443' title='bbox 1562 3172 1708 3227; x_wconf 91' lang='lat' dir='ltr'><strong>viros</strong></span> <span class='ocrx_word' id='word_1_444' title='bbox 1756 3177 2053 3232; x_wconf 87' lang='lat' dir='ltr'><strong>sanctimo-</strong></span> 
     </span>
    </p>
   </div>
   <div class='ocr_carea' id='block_1_64' title="bbox 2156 3151 3715 3267">
    <p class='ocr_par' dir='ltr' id='par_1_64' title="bbox 2164 3151 3715 3267">
     <span class='ocr_line' id='line_1_64' title="bbox 2164 3151 3715 3267; baseline -0.003 -37"><span class='ocrx_word' id='word_1_445' title='bbox 2164 3151 2543 3247; x_wconf 69' lang='grc' dir='ltr'>φίλάνθρωπος</span> <span class='ocrx_word' id='word_1_446' title='bbox 2588 3151 2800 3247; x_wconf 67' lang='grc' dir='ltr'>γίνεται</span> <span class='ocrx_word' id='word_1_447' title='bbox 2843 3151 3134 3250; x_wconf 38' lang='grc' dir='ltr'>δικαστήςλ</span> <span class='ocrx_word' id='word_1_448' title='bbox 3165 3151 3199 3231; x_wconf 47' lang='grc' dir='ltr'><strong>ὃ·</strong></span> <span class='ocrx_word' id='word_1_449' title='bbox 3230 3151 3564 3249; x_wconf 46' lang='grc' dir='ltr'>καὶ-μᾶλλον</span> <span class='ocrx_word' id='word_1_450' title='bbox 3593 3174 3715 3242; x_wconf 77' lang='grc' dir='ltr'>ὑπὲρ</span> 
     </span>
    </p>
   </div>
   <div class='ocr_carea' id='block_1_65' title="bbox 473 3241 2054 3336">
    <p class='ocr_par' dir='ltr' id='par_1_65' title="bbox 473 3241 2054 3336">
     <span class='ocr_line' id='line_1_65' title="bbox 473 3241 2054 3336; baseline 0.018 -42"><span class='ocrx_word' id='word_1_451' title='bbox 473 3241 559 3298; x_wconf 84' lang='lat' dir='ltr'><strong>nia</strong></span> <span class='ocrx_word' id='word_1_452' title='bbox 593 3245 716 3299; x_wconf 72' lang='lat' dir='ltr'><strong>vitae</strong></span> <span class='ocrx_word' id='word_1_453' title='bbox 739 3258 1083 3317; x_wconf 71' lang='lat' dir='ltr'><strong>prastantes,</strong></span> <span class='ocrx_word' id='word_1_454' title='bbox 1111 3254 1314 3326; x_wconf 90' lang='lat' dir='ltr'><strong>quique</strong></span> <span class='ocrx_word' id='word_1_455' title='bbox 1349 3259 1516 3314; x_wconf 87' lang='lat' dir='ltr'><strong>Deum</strong></span> <span class='ocrx_word' id='word_1_456' title='bbox 1546 3261 1864 3319; x_wconf 77' lang='lat' dir='ltr'><strong>dilexerunt</strong></span> <span class='ocrx_word' id='word_1_457' title='bbox 1889 3283 2054 3336; x_wconf 85' lang='lat' dir='ltr'><strong>super</strong></span> 
     </span>
    </p>
   </div>
   <div class='ocr_carea' id='block_1_66' title="bbox 473 3337 2056 3433">
    <p class='ocr_par' dir='ltr' id='par_1_66' title="bbox 473 3337 2056 3433">
     <span class='ocr_line' id='line_1_66' title="bbox 473 3337 2056 3433; baseline 0.021 -47"><span class='ocrx_word' id='word_1_458' title='bbox 473 3337 681 3403; x_wconf 81' lang='lat' dir='ltr'><strong>omnia,</strong></span> <span class='ocrx_word' id='word_1_459' title='bbox 715 3341 867 3398; x_wconf 87' lang='lat' dir='ltr'><strong>visus</strong></span> <span class='ocrx_word' id='word_1_460' title='bbox 901 3343 1016 3413; x_wconf 88' lang='lat' dir='ltr'><strong>ipse</strong></span> <span class='ocrx_word' id='word_1_461' title='bbox 1041 3361 1185 3403; x_wconf 88' lang='lat' dir='ltr'><strong>esset</strong></span> <span class='ocrx_word' id='word_1_462' title='bbox 1227 3351 1475 3410; x_wconf 76' lang='lat' dir='ltr'><strong>affecisse</strong></span> <span class='ocrx_word' id='word_1_463' title='bbox 1535 3360 1798 3428; x_wconf 74' lang='lat' dir='ltr'><strong>praemiis,</strong></span> <span class='ocrx_word' id='word_1_464' title='bbox 1853 3365 2056 3433; x_wconf 89' lang='lat' dir='ltr'><strong>quibus</strong></span> 
     </span>
    </p>
   </div>
   <div class='ocr_carea' id='block_1_67' title="bbox 472 3426 2056 3510">
    <p class='ocr_par' dir='ltr' id='par_1_67' title="bbox 472 3426 2056 3510">
     <span class='ocr_line' id='line_1_67' title="bbox 472 3426 2056 3510; baseline 0.02 -31"><span class='ocrx_word' id='word_1_465' title='bbox 472 3426 575 3480; x_wconf 83' lang='lat' dir='ltr'><strong>sibi</strong></span> <span class='ocrx_word' id='word_1_466' title='bbox 607 3429 806 3486; x_wconf 89' lang='lat' dir='ltr'><strong>charos</strong></span> <span class='ocrx_word' id='word_1_467' title='bbox 833 3433 1023 3502; x_wconf 89' lang='lat' dir='ltr'><strong>donat,</strong></span> <span class='ocrx_word' id='word_1_468' title='bbox 1063 3449 1230 3510; x_wconf 86' lang='lat' dir='ltr'><strong>atque</strong></span> <span class='ocrx_word' id='word_1_469' title='bbox 1263 3442 1316 3497; x_wconf 90' lang='lat' dir='ltr'><strong>in</strong></span> <span class='ocrx_word' id='word_1_470' title='bbox 1341 3455 1547 3500; x_wconf 74' lang='lat' dir='ltr'><strong>emtum</strong></span> <span class='ocrx_word' id='word_1_471' title='bbox 1587 3450 1869 3507; x_wconf 87' lang='lat' dir='ltr'><strong>beatorum</strong></span> <span class='ocrx_word' id='word_1_472' title='bbox 1913 3459 2056 3509; x_wconf 84' lang='lat' dir='ltr'><strong>asci-</strong></span> 
     </span>
    </p>
   </div>
   <div class='ocr_carea' id='block_1_68' title="bbox 480 3519 2052 3606">
    <p class='ocr_par' dir='ltr' id='par_1_68' title="bbox 480 3519 2052 3606">
     <span class='ocr_line' id='line_1_68' title="bbox 480 3519 2052 3606; baseline 0.021 -36"><span class='ocrx_word' id='word_1_473' title='bbox 480 3519 649 3585; x_wconf 69' lang='lat' dir='ltr'><strong>visse,</strong></span> <span class='ocrx_word' id='word_1_474' title='bbox 675 3524 730 3577; x_wconf 92' lang='lat' dir='ltr'><strong>ni</strong></span> <span class='ocrx_word' id='word_1_475' title='bbox 759 3525 914 3594; x_wconf 91' lang='lat' dir='ltr'><strong>prius</strong></span> <span class='ocrx_word' id='word_1_476' title='bbox 949 3529 1060 3585; x_wconf 91' lang='lat' dir='ltr'><strong>illis</strong></span> <span class='ocrx_word' id='word_1_477' title='bbox 1089 3535 1461 3592; x_wconf 82' lang='lat' dir='ltr'><strong>condonasset</strong></span> <span class='ocrx_word' id='word_1_478' title='bbox 1487 3555 1678 3606; x_wconf 71' lang='lat' dir='ltr'><strong>ptenas</strong></span> <span class='ocrx_word' id='word_1_479' title='bbox 1714 3545 1784 3598; x_wconf 92' lang='lat' dir='ltr'><strong>ob</strong></span> <span class='ocrx_word' id='word_1_480' title='bbox 1809 3561 2052 3603; x_wconf 89' lang='lat' dir='ltr'><strong>errorem</strong></span> 
     </span>
    </p>
   </div>
   <div class='ocr_carea' id='block_1_69' title="bbox 472 3609 2054 3701">
    <p class='ocr_par' dir='ltr' id='par_1_69' title="bbox 472 3609 2054 3701">
     <span class='ocr_line' id='line_1_69' title="bbox 472 3609 2054 3701; baseline 0.022 -39"><span class='ocrx_word' id='word_1_481' title='bbox 472 3609 718 3679; x_wconf 90' lang='lat' dir='ltr'><strong>luendas,</strong></span> <span class='ocrx_word' id='word_1_482' title='bbox 743 3632 864 3686; x_wconf 72' lang='lat' dir='ltr'><strong>quae</strong></span> <span class='ocrx_word' id='word_1_483' title='bbox 891 3619 1130 3678; x_wconf 83' lang='lat' dir='ltr'><strong>falsitate</strong></span> <span class='ocrx_word' id='word_1_484' title='bbox 1152 3637 1340 3696; x_wconf 88' lang='lat' dir='ltr'><strong>captos</strong></span> <span class='ocrx_word' id='word_1_485' title='bbox 1365 3630 1416 3682; x_wconf 92' lang='lat' dir='ltr'><strong>in</strong></span> <span class='ocrx_word' id='word_1_486' title='bbox 1451 3642 1774 3701; x_wconf 89' lang='lat' dir='ltr'><strong>perpetuum</strong></span> <span class='ocrx_word' id='word_1_487' title='bbox 1807 3652 1836 3690; x_wconf 91' lang='lat' dir='ltr'><strong>a</strong></span> <span class='ocrx_word' id='word_1_488' title='bbox 1867 3639 2054 3696; x_wconf 88' lang='lat' dir='ltr'><strong>beato-</strong></span> 
     </span>
    </p>
   </div>
   <div class='ocr_carea' id='block_1_70' title="bbox 472 3717 2050 3799">
    <p class='ocr_par' dir='ltr' id='par_1_70' title="bbox 472 3717 2050 3799">
     <span class='ocr_line' id='line_1_70' title="bbox 472 3717 2050 3799; baseline 0.018 -43"><span class='ocrx_word' id='word_1_489' title='bbox 472 3722 592 3760; x_wconf 88' lang='lat' dir='ltr'><strong>rum</strong></span> <span class='ocrx_word' id='word_1_490' title='bbox 615 3717 763 3764; x_wconf 88' lang='lat' dir='ltr'><strong>sorte</strong></span> <span class='ocrx_word' id='word_1_491' title='bbox 786 3725 1102 3775; x_wconf 89' lang='lat' dir='ltr'><strong>secernunt.</strong></span> <span class='ocrx_word' id='word_1_492' title='bbox 1151 3717 1306 3784; x_wconf 87' lang='lat' dir='ltr'><strong>Quod</strong></span> <span class='ocrx_word' id='word_1_493' title='bbox 1357 3737 1485 3778; x_wconf 90' lang='lat' dir='ltr'><strong>vero</strong></span> <span class='ocrx_word' id='word_1_494' title='bbox 1537 3724 1679 3781; x_wconf 91' lang='lat' dir='ltr'><strong>Deus</strong></span> <span class='ocrx_word' id='word_1_495' title='bbox 1733 3731 2050 3799; x_wconf 87' lang='lat' dir='ltr'><strong>multorum,</strong></span> 
     </span>
    </p>
   </div>
   <div class='ocr_carea' id='block_1_71' title="bbox 468 3798 2050 3884">
    <p class='ocr_par' dir='ltr' id='par_1_71' title="bbox 468 3798 2050 3884">
     <span class='ocr_line' id='line_1_71' title="bbox 468 3798 2050 3884; baseline 0.02 -34"><span class='ocrx_word' id='word_1_496' title='bbox 468 3807 524 3850; x_wconf 81' lang='lat' dir='ltr'><strong>et</strong></span> <span class='ocrx_word' id='word_1_497' title='bbox 555 3798 682 3855; x_wconf 88' lang='lat' dir='ltr'><strong>dum</strong></span> <span class='ocrx_word' id='word_1_498' title='bbox 712 3802 979 3872; x_wconf 87' lang='lat' dir='ltr'><strong>viverent,</strong></span> <span class='ocrx_word' id='word_1_499' title='bbox 1008 3814 1064 3862; x_wconf 91' lang='lat' dir='ltr'><strong>et</strong></span> <span class='ocrx_word' id='word_1_500' title='bbox 1093 3809 1184 3865; x_wconf 90' lang='lat' dir='ltr'><strong>ubi</strong></span> <span class='ocrx_word' id='word_1_501' title='bbox 1218 3812 1324 3868; x_wconf 83' lang='lat' dir='ltr'><strong>vita</strong></span> <span class='ocrx_word' id='word_1_502' title='bbox 1356 3813 1526 3871; x_wconf 89' lang='lat' dir='ltr'><strong>functi</strong></span> <span class='ocrx_word' id='word_1_503' title='bbox 1551 3831 1758 3884; x_wconf 89' lang='lat' dir='ltr'><strong>essent,</strong></span> <span class='ocrx_word' id='word_1_504' title='bbox 1799 3831 2050 3880; x_wconf 89' lang='lat' dir='ltr'><strong>testatam</strong></span> 
     </span>
    </p>
   </div>
   <div class='ocr_carea' id='block_1_72' title="bbox 472 3892 2054 3972">
    <p class='ocr_par' dir='ltr' id='par_1_72' title="bbox 472 3892 2054 3972">
     <span class='ocr_line' id='line_1_72' title="bbox 472 3892 2054 3972; baseline 0.021 -34"><span class='ocrx_word' id='word_1_505' title='bbox 472 3892 702 3947; x_wconf 74' lang='lat' dir='ltr'><strong>voluerit</strong></span> <span class='ocrx_word' id='word_1_506' title='bbox 732 3897 1105 3966; x_wconf 87' lang='lat' dir='ltr'><strong>sanctitatem,</strong></span> <span class='ocrx_word' id='word_1_507' title='bbox 1133 3905 1372 3960; x_wconf 91' lang='lat' dir='ltr'><strong>ostendit</strong></span> <span class='ocrx_word' id='word_1_508' title='bbox 1409 3918 1463 3963; x_wconf 83' lang='lat' dir='ltr'><strong>et</strong></span> <span class='ocrx_word' id='word_1_509' title='bbox 1493 3907 1816 3968; x_wconf 89' lang='lat' dir='ltr'><strong>Latinorum</strong></span> <span class='ocrx_word' id='word_1_510' title='bbox 1867 3915 2054 3972; x_wconf 87' lang='lat' dir='ltr'><strong>Eccle-</strong></span> 
     </span>
    </p>
   </div>
   <div class='ocr_carea' id='block_1_73' title="bbox 467 3983 2050 4070">
    <p class='ocr_par' dir='ltr' id='par_1_73' title="bbox 467 3983 2050 4070">
     <span class='ocr_line' id='line_1_73' title="bbox 467 3983 2050 4070; baseline 0.02 -37"><span class='ocrx_word' id='word_1_511' title='bbox 467 3983 568 4048; x_wconf 86' lang='lat' dir='ltr'><strong>sia,</strong></span> <span class='ocrx_word' id='word_1_512' title='bbox 595 3987 801 4041; x_wconf 90' lang='lat' dir='ltr'><strong>cultum</strong></span> <span class='ocrx_word' id='word_1_513' title='bbox 830 3989 936 4045; x_wconf 93' lang='lat' dir='ltr'><strong>illis</strong></span> <span class='ocrx_word' id='word_1_514' title='bbox 964 4000 1020 4048; x_wconf 91' lang='lat' dir='ltr'><strong>et</strong></span> <span class='ocrx_word' id='word_1_515' title='bbox 1074 3993 1338 4052; x_wconf 87' lang='lat' dir='ltr'><strong>honorem</strong></span> <span class='ocrx_word' id='word_1_516' title='bbox 1397 4002 1730 4070; x_wconf 83' lang='lat' dir='ltr'><strong>adhibendo,</strong></span> <span class='ocrx_word' id='word_1_517' title='bbox 1780 4016 1835 4060; x_wconf 91' lang='lat' dir='ltr'><strong>et</strong></span> <span class='ocrx_word' id='word_1_518' title='bbox 1878 4008 2050 4065; x_wconf 67' lang='lat' dir='ltr'><strong>Graaci</strong></span> 
     </span>
    </p>
   </div>
   <div class='ocr_carea' id='block_1_74' title="bbox 468 4076 2048 4170">
    <p class='ocr_par' dir='ltr' id='par_1_74' title="bbox 468 4076 2048 4170">
     <span class='ocr_line' id='line_1_74' title="bbox 468 4076 2048 4170; baseline 0.018 -42"><span class='ocrx_word' id='word_1_519' title='bbox 468 4076 569 4140; x_wconf 81' lang='lat' dir='ltr'><strong>ipsi</strong></span> <span class='ocrx_word' id='word_1_520' title='bbox 601 4094 704 4134; x_wconf 94' lang='lat' dir='ltr'><strong>non</strong></span> <span class='ocrx_word' id='word_1_521' title='bbox 733 4084 1188 4154; x_wconf 81' lang='lat' dir='ltr'><strong>contradixerint,</strong></span> <span class='ocrx_word' id='word_1_522' title='bbox 1218 4106 1319 4146; x_wconf 88' lang='lat' dir='ltr'><strong>nec</strong></span> <span class='ocrx_word' id='word_1_523' title='bbox 1336 4107 1524 4149; x_wconf 91' lang='lat' dir='ltr'><strong>errore</strong></span> <span class='ocrx_word' id='word_1_524' title='bbox 1549 4096 1600 4151; x_wconf 92' lang='lat' dir='ltr'><strong>id</strong></span> <span class='ocrx_word' id='word_1_525' title='bbox 1621 4096 1734 4152; x_wconf 88' lang='lat' dir='ltr'><strong>fieri</strong></span> <span class='ocrx_word' id='word_1_526' title='bbox 1760 4100 2048 4170; x_wconf 75' lang='lat' dir='ltr'><strong>quisquam</strong></span> 
     </span>
    </p>
   </div>
   <div class='ocr_carea' id='block_1_75' title="bbox 466 4168 2048 4259">
    <p class='ocr_par' dir='ltr' id='par_1_75' title="bbox 466 4168 2048 4259">
     <span class='ocr_line' id='line_1_75' title="bbox 466 4168 2048 4259; baseline 0.016 -39"><span class='ocrx_word' id='word_1_527' title='bbox 466 4168 682 4236; x_wconf 74' lang='lat' dir='ltr'><strong>téixcrit,</strong></span> <span class='ocrx_word' id='word_1_528' title='bbox 707 4175 865 4242; x_wconf 90' lang='lat' dir='ltr'><strong>quasi</strong></span> <span class='ocrx_word' id='word_1_529' title='bbox 891 4191 987 4234; x_wconf 86' lang='lat' dir='ltr'><strong>vos</strong></span> <span class='ocrx_word' id='word_1_530' title='bbox 1017 4178 1228 4234; x_wconf 89' lang='lat' dir='ltr'><strong>frustra</strong></span> <span class='ocrx_word' id='word_1_531' title='bbox 1288 4183 1399 4238; x_wconf 92' lang='lat' dir='ltr'><strong>illis</strong></span> <span class='ocrx_word' id='word_1_532' title='bbox 1451 4186 1762 4244; x_wconf 90' lang='lat' dir='ltr'><strong>sanctitatis</strong></span> <span class='ocrx_word' id='word_1_533' title='bbox 1818 4168 2048 4259; x_wconf 23' lang='lat' dir='ltr'><strong>gtoiriam</strong></span> 
     </span>
    </p>
   </div>
   <div class='ocr_carea' id='block_1_76' title="bbox 465 4261 2053 4346">
    <p class='ocr_par' dir='ltr' id='par_1_76' title="bbox 465 4261 2053 4346">
     <span class='ocr_line' id='line_1_76' title="bbox 465 4261 2053 4346; baseline 0.016 -37"><span class='ocrx_word' id='word_1_534' title='bbox 465 4261 738 4328; x_wconf 89' lang='lat' dir='ltr'><strong>tribuatis,</strong></span> <span class='ocrx_word' id='word_1_535' title='bbox 768 4266 905 4321; x_wconf 88' lang='lat' dir='ltr'><strong>nihil</strong></span> <span class='ocrx_word' id='word_1_536' title='bbox 947 4267 1002 4323; x_wconf 92' lang='lat' dir='ltr'><strong>in</strong></span> <span class='ocrx_word' id='word_1_537' title='bbox 1037 4271 1172 4339; x_wconf 89' lang='lat' dir='ltr'><strong>ipsis</strong></span> <span class='ocrx_word' id='word_1_538' title='bbox 1195 4274 1548 4341; x_wconf 84' lang='lat' dir='ltr'><strong>agnoscendo</strong></span> <span class='ocrx_word' id='word_1_539' title='bbox 1573 4292 1638 4332; x_wconf 78' lang='lat' dir='ltr'><strong>ex</strong></span> <span class='ocrx_word' id='word_1_540' title='bbox 1667 4277 1736 4333; x_wconf 89' lang='lat' dir='ltr'><strong>iis</strong></span> <span class='ocrx_word' id='word_1_541' title='bbox 1785 4295 1908 4346; x_wconf 69' lang='lat' dir='ltr'><strong>qua:</strong></span> <span class='ocrx_word' id='word_1_542' title='bbox 1961 4295 2053 4335; x_wconf 87' lang='lat' dir='ltr'><strong>re-</strong></span> 
     </span>
    </p>
   </div>
   <div class='ocr_carea' id='block_1_77' title="bbox 463 4355 2050 4438">
    <p class='ocr_par' dir='ltr' id='par_1_77' title="bbox 463 4355 2050 4438">
     <span class='ocr_line' id='line_1_77' title="bbox 463 4355 2050 4438; baseline 0.014 -34"><span class='ocrx_word' id='word_1_543' title='bbox 463 4355 760 4421; x_wconf 78' lang='lat' dir='ltr'><strong>quiruntur</strong></span> <span class='ocrx_word' id='word_1_544' title='bbox 797 4359 864 4413; x_wconf 90' lang='lat' dir='ltr'><strong>ad</strong></span> <span class='ocrx_word' id='word_1_545' title='bbox 899 4361 1271 4418; x_wconf 87' lang='lat' dir='ltr'><strong>sanctitatem.</strong></span> <span class='ocrx_word' id='word_1_546' title='bbox 1297 4364 1478 4430; x_wconf 85' lang='lat' dir='ltr'><strong>Quare</strong></span> <span class='ocrx_word' id='word_1_547' title='bbox 1503 4383 1630 4438; x_wconf 82' lang='lat' dir='ltr'><strong>spes</strong></span> <span class='ocrx_word' id='word_1_548' title='bbox 1681 4378 1766 4426; x_wconf 88' lang='lat' dir='ltr'><strong>est</strong></span> <span class='ocrx_word' id='word_1_549' title='bbox 1820 4373 2050 4428; x_wconf 89' lang='lat' dir='ltr'><strong>omnino</strong></span> 
     </span>
    </p>
   </div>
   <div class='ocr_carea' id='block_1_78' title="bbox 463 4447 2046 4519">
    <p class='ocr_par' dir='ltr' id='par_1_78' title="bbox 463 4447 2046 4519">
     <span class='ocr_line' id='line_1_78' title="bbox 463 4447 2046 4519; baseline 0.016 -26"><span class='ocrx_word' id='word_1_550' title='bbox 463 4454 635 4511; x_wconf 64' lang='lat' dir='ltr'><strong>certa,</strong></span> <span class='ocrx_word' id='word_1_551' title='bbox 665 4447 800 4502; x_wconf 88' lang='lat' dir='ltr'><strong>nihil</strong></span> <span class='ocrx_word' id='word_1_552' title='bbox 828 4449 935 4505; x_wconf 92' lang='lat' dir='ltr'><strong>illis</strong></span> <span class='ocrx_word' id='word_1_553' title='bbox 969 4454 1282 4509; x_wconf 89' lang='lat' dir='ltr'><strong>nociturum</strong></span> <span class='ocrx_word' id='word_1_554' title='bbox 1315 4459 1381 4512; x_wconf 90' lang='lat' dir='ltr'><strong>ad</strong></span> <span class='ocrx_word' id='word_1_555' title='bbox 1430 4460 1664 4516; x_wconf 83' lang='lat' dir='ltr'><strong>salutem</strong></span> <span class='ocrx_word' id='word_1_556' title='bbox 1725 4463 1931 4519; x_wconf 84' lang='lat' dir='ltr'><strong>factum</strong></span> <span class='ocrx_word' id='word_1_557' title='bbox 1995 4465 2046 4518; x_wconf 92' lang='lat' dir='ltr'><strong>in</strong></span> 
     </span>
    </p>
   </div>
   <div class='ocr_carea' id='block_1_79' title="bbox 464 4628 2048 4717">
    <p class='ocr_par' dir='ltr' id='par_1_79' title="bbox 464 4628 2048 4717">
     <span class='ocr_line' id='line_1_79' title="bbox 464 4628 2048 4717; baseline 0.015 -35"><span class='ocrx_word' id='word_1_558' title='bbox 464 4638 576 4682; x_wconf 88' lang='lat' dir='ltr'><strong>tum</strong></span> <span class='ocrx_word' id='word_1_559' title='bbox 617 4628 820 4686; x_wconf 86' lang='lat' dir='ltr'><strong>fuerint</strong></span> <span class='ocrx_word' id='word_1_560' title='bbox 885 4638 1212 4693; x_wconf 87' lang='lat' dir='ltr'><strong>necessitate</strong></span> <span class='ocrx_word' id='word_1_561' title='bbox 1267 4642 1501 4711; x_wconf 89' lang='lat' dir='ltr'><strong>quadam</strong></span> <span class='ocrx_word' id='word_1_562' title='bbox 1535 4655 1613 4708; x_wconf 33' lang='lat' dir='ltr'><strong>let</strong></span> <span class='ocrx_word' id='word_1_563' title='bbox 1636 4645 1940 4702; x_wconf 86' lang='lat' dir='ltr'><strong>rationibus</strong></span> <span class='ocrx_word' id='word_1_564' title='bbox 1959 4663 2048 4717; x_wconf 80' lang='lat' dir='ltr'><strong>pe-</strong></span> 
     </span>
    </p>
   </div>
   <div class='ocr_carea' id='block_1_80' title="bbox 464 4721 2039 4798">
    <p class='ocr_par' dir='ltr' id='par_1_80' title="bbox 464 4721 2039 4798">
     <span class='ocr_line' id='line_1_80' title="bbox 464 4721 2039 4798; baseline 0.015 -25"><span class='ocrx_word' id='word_1_565' title='bbox 464 4721 636 4774; x_wconf 78' lang='lat' dir='ltr'><strong>ticulo</strong></span> <span class='ocrx_word' id='word_1_566' title='bbox 659 4722 791 4777; x_wconf 90' lang='lat' dir='ltr'><strong>illud</strong></span> <span class='ocrx_word' id='word_1_567' title='bbox 824 4739 1017 4782; x_wconf 88' lang='lat' dir='ltr'><strong>vacare</strong></span> <span class='ocrx_word' id='word_1_568' title='bbox 1045 4731 1405 4798; x_wconf 89' lang='lat' dir='ltr'><strong>probantibus</strong></span> <span class='ocrx_word' id='word_1_569' title='bbox 1437 4753 1451 4788; x_wconf 90' lang='lat'><strong>:</strong></span> <span class='ocrx_word' id='word_1_570' title='bbox 1479 4752 1576 4792; x_wconf 91' lang='lat' dir='ltr'><strong>nec</strong></span> <span class='ocrx_word' id='word_1_571' title='bbox 1605 4739 1801 4794; x_wconf 85' lang='lat' dir='ltr'><strong>vestris</strong></span> <span class='ocrx_word' id='word_1_572' title='bbox 1837 4742 2039 4796; x_wconf 87' lang='lat' dir='ltr'><strong>oratio-</strong></span> 
     </span>
    </p>
   </div>
   <div class='ocr_carea' id='block_1_81' title="bbox 462 4814 2042 4899">
    <p class='ocr_par' dir='ltr' id='par_1_81' title="bbox 462 4814 2042 4899">
     <span class='ocr_line' id='line_1_81' title="bbox 462 4814 2042 4899; baseline 0.013 -33"><span class='ocrx_word' id='word_1_573' title='bbox 462 4814 628 4868; x_wconf 82' lang='lat' dir='ltr'><strong>nibus</strong></span> <span class='ocrx_word' id='word_1_574' title='bbox 654 4815 771 4870; x_wconf 89' lang='lat' dir='ltr'><strong>fore</strong></span> <span class='ocrx_word' id='word_1_575' title='bbox 795 4817 900 4876; x_wconf 91' lang='lat' dir='ltr'><strong>illis</strong></span> <span class='ocrx_word' id='word_1_576' title='bbox 925 4835 1084 4890; x_wconf 88' lang='lat' dir='ltr'><strong>opus,</strong></span> <span class='ocrx_word' id='word_1_577' title='bbox 1108 4838 1171 4878; x_wconf 90' lang='lat' dir='ltr'><strong>ac</strong></span> <span class='ocrx_word' id='word_1_578' title='bbox 1208 4827 1386 4882; x_wconf 90' lang='lat' dir='ltr'><strong>multo</strong></span> <span class='ocrx_word' id='word_1_579' title='bbox 1411 4830 1583 4899; x_wconf 89' lang='lat' dir='ltr'><strong>magis</strong></span> <span class='ocrx_word' id='word_1_580' title='bbox 1610 4829 1655 4884; x_wconf 90' lang='lat' dir='ltr'><strong>si</strong></span> <span class='ocrx_word' id='word_1_581' title='bbox 1697 4832 1764 4884; x_wconf 91' lang='lat' dir='ltr'><strong>ad</strong></span> <span class='ocrx_word' id='word_1_582' title='bbox 1827 4831 2042 4888; x_wconf 90' lang='lat' dir='ltr'><strong>illorum</strong></span> 
     </span>
    </p>
   </div>
   <div class='ocr_carea' id='block_1_82' title="bbox 459 4917 2042 4991">
    <p class='ocr_par' dir='ltr' id='par_1_82' title="bbox 459 4917 2042 4991">
     <span class='ocr_line' id='line_1_82' title="bbox 459 4917 2042 4991; baseline 0.013 -35"><span class='ocrx_word' id='word_1_583' title='bbox 459 4923 703 4962; x_wconf 73' lang='lat' dir='ltr'><strong>errorem</strong></span> <span class='ocrx_word' id='word_1_584' title='bbox 744 4921 924 4966; x_wconf 88' lang='lat' dir='ltr'><strong>vester</strong></span> <span class='ocrx_word' id='word_1_585' title='bbox 954 4929 1060 4969; x_wconf 91' lang='lat' dir='ltr'><strong>non</strong></span> <span class='ocrx_word' id='word_1_586' title='bbox 1096 4917 1338 4981; x_wconf 82' lang='lat' dir='ltr'><strong>accedat,</strong></span> <span class='ocrx_word' id='word_1_587' title='bbox 1373 4928 1428 4973; x_wconf 89' lang='lat' dir='ltr'><strong>et</strong></span> <span class='ocrx_word' id='word_1_588' title='bbox 1462 4920 1694 4975; x_wconf 86' lang='lat' dir='ltr'><strong>veritate</strong></span> <span class='ocrx_word' id='word_1_589' title='bbox 1721 4922 1906 4991; x_wconf 81' lang='lat' dir='ltr'><strong>agnita</strong></span> <span class='ocrx_word' id='word_1_590' title='bbox 1959 4923 2042 4978; x_wconf 83' lang='lat' dir='ltr'><strong>fa-</strong></span> 
     </span>
    </p>
   </div>
   <div class='ocr_carea' id='block_1_83' title="bbox 459 4997 2044 5069">
    <p class='ocr_par' dir='ltr' id='par_1_83' title="bbox 459 4997 2044 5069">
     <span class='ocr_line' id='line_1_83' title="bbox 459 4997 2044 5069; baseline 0.013 -20"><span class='ocrx_word' id='word_1_591' title='bbox 459 4997 643 5059; x_wconf 77' lang='lat' dir='ltr'><strong>ciatis.</strong></span> <span class='ocrx_word' id='word_1_592' title='bbox 673 5007 734 5054; x_wconf 93' lang='lat' dir='ltr'><strong>ut</strong></span> <span class='ocrx_word' id='word_1_593' title='bbox 768 4999 848 5055; x_wconf 92' lang='lat' dir='ltr'><strong>illi</strong></span> <span class='ocrx_word' id='word_1_594' title='bbox 881 5002 1061 5058; x_wconf 91' lang='lat' dir='ltr'><strong>solum</strong></span> <span class='ocrx_word' id='word_1_595' title='bbox 1117 5021 1184 5060; x_wconf 82' lang='lat' dir='ltr'><strong>es</strong></span> <span class='ocrx_word' id='word_1_596' title='bbox 1255 5009 1544 5065; x_wconf 87' lang='lat' dir='ltr'><strong>mendacio</strong></span> <span class='ocrx_word' id='word_1_597' title='bbox 1591 5010 1851 5066; x_wconf 89' lang='lat' dir='ltr'><strong>damnum</strong></span> <span class='ocrx_word' id='word_1_598' title='bbox 1911 5029 2044 5069; x_wconf 82' lang='lat' dir='ltr'><strong>con-</strong></span> 
     </span>
    </p>
   </div>
   <div class='ocr_carea' id='block_1_84' title="bbox 459 5089 2045 5172">
    <p class='ocr_par' dir='ltr' id='par_1_84' title="bbox 459 5089 2045 5172">
     <span class='ocr_line' id='line_1_84' title="bbox 459 5089 2045 5172; baseline 0.013 -32"><span class='ocrx_word' id='word_1_599' title='bbox 459 5089 898 5148; x_wconf 73' lang='lat' dir='ltr'><strong>traxerintzerit</strong></span> <span class='ocrx_word' id='word_1_600' title='bbox 925 5095 1070 5150; x_wconf 88' lang='lat' dir='ltr'><strong>enim</strong></span> <span class='ocrx_word' id='word_1_601' title='bbox 1099 5096 1168 5152; x_wconf 88' lang='lat' dir='ltr'><strong>ab</strong></span> <span class='ocrx_word' id='word_1_602' title='bbox 1225 5098 1332 5154; x_wconf 91' lang='lat' dir='ltr'><strong>illis</strong></span> <span class='ocrx_word' id='word_1_603' title='bbox 1382 5116 1482 5170; x_wconf 90' lang='lat' dir='ltr'><strong>pro</strong></span> <span class='ocrx_word' id='word_1_604' title='bbox 1531 5117 1591 5158; x_wconf 86' lang='lat' dir='ltr'><strong>se</strong></span> <span class='ocrx_word' id='word_1_605' title='bbox 1643 5113 1875 5172; x_wconf 90' lang='lat' dir='ltr'><strong>tantum,</strong></span> <span class='ocrx_word' id='word_1_606' title='bbox 1935 5119 2045 5159; x_wconf 91' lang='lat' dir='ltr'><strong>non</strong></span> 
     </span>
    </p>
   </div>
   <div class='ocr_carea' id='block_1_85' title="bbox 458 5184 2042 5267">
    <p class='ocr_par' dir='ltr' id='par_1_85' title="bbox 458 5184 2042 5267">
     <span class='ocr_line' id='line_1_85' title="bbox 458 5184 2042 5267; baseline 0.012 -34"><span class='ocrx_word' id='word_1_607' title='bbox 458 5198 556 5251; x_wconf 89' lang='lat' dir='ltr'><strong>pro</strong></span> <span class='ocrx_word' id='word_1_608' title='bbox 579 5184 776 5240; x_wconf 89' lang='lat' dir='ltr'><strong>vestris</strong></span> <span class='ocrx_word' id='word_1_609' title='bbox 801 5187 964 5242; x_wconf 89' lang='lat' dir='ltr'><strong>etiam</strong></span> <span class='ocrx_word' id='word_1_610' title='bbox 1001 5190 1286 5247; x_wconf 89' lang='lat' dir='ltr'><strong>animabus</strong></span> <span class='ocrx_word' id='word_1_611' title='bbox 1317 5194 1589 5249; x_wconf 84' lang='lat' dir='ltr'><strong>reddenda</strong></span> <span class='ocrx_word' id='word_1_612' title='bbox 1660 5200 1826 5263; x_wconf 88' lang='lat' dir='ltr'><strong>ratio,</strong></span> <span class='ocrx_word' id='word_1_613' title='bbox 1877 5213 2042 5267; x_wconf 92' lang='lat' dir='ltr'><strong>quam</strong></span> 
     </span>
    </p>
   </div>
   <div class='ocr_carea' id='block_1_86' title="bbox 458 5273 2045 5354">
    <p class='ocr_par' dir='ltr' id='par_1_86' title="bbox 458 5273 2045 5354">
     <span class='ocr_line' id='line_1_86' title="bbox 458 5273 2045 5354; baseline 0.009 -29"><span class='ocrx_word' id='word_1_614' title='bbox 458 5286 557 5339; x_wconf 76' lang='lat' dir='ltr'><strong>par</strong></span> <span class='ocrx_word' id='word_1_615' title='bbox 590 5283 674 5327; x_wconf 89' lang='lat' dir='ltr'><strong>cst</strong></span> <span class='ocrx_word' id='word_1_616' title='bbox 702 5273 770 5329; x_wconf 91' lang='lat' dir='ltr'><strong>ab</strong></span> <span class='ocrx_word' id='word_1_617' title='bbox 795 5275 903 5334; x_wconf 85' lang='lat' dir='ltr'><strong>illis</strong></span> <span class='ocrx_word' id='word_1_618' title='bbox 951 5294 1061 5333; x_wconf 91' lang='lat' dir='ltr'><strong>non</strong></span> <span class='ocrx_word' id='word_1_619' title='bbox 1125 5282 1290 5350; x_wconf 77' lang='lat' dir='ltr'><strong>exigi,</strong></span> <span class='ocrx_word' id='word_1_620' title='bbox 1343 5283 1462 5337; x_wconf 89' lang='lat' dir='ltr'><strong>siin</strong></span> <span class='ocrx_word' id='word_1_621' title='bbox 1528 5284 1817 5354; x_wconf 88' lang='lat' dir='ltr'><strong>pauciores</strong></span> <span class='ocrx_word' id='word_1_622' title='bbox 1865 5303 2045 5354; x_wconf 66' lang='lat' dir='ltr'><strong>prava:</strong></span> 
     </span>
    </p>
   </div>
   <div class='ocr_carea' id='block_1_87' title="bbox 457 5365 2038 5446">
    <p class='ocr_par' dir='ltr' id='par_1_87' title="bbox 457 5365 2038 5446">
     <span class='ocr_line' id='line_1_87' title="bbox 457 5365 2038 5446; baseline 0.011 -31"><span class='ocrx_word' id='word_1_623' title='bbox 457 5365 730 5429; x_wconf 82' lang='lat' dir='ltr'><strong>Opinionis</strong></span> <span class='ocrx_word' id='word_1_624' title='bbox 758 5367 932 5424; x_wconf 89' lang='lat' dir='ltr'><strong>labem</strong></span> <span class='ocrx_word' id='word_1_625' title='bbox 955 5369 1296 5427; x_wconf 80' lang='lat' dir='ltr'><strong>diﬂ&#39;uderiut.</strong></span> <span class='ocrx_word' id='word_1_626' title='bbox 1331 5373 1486 5440; x_wconf 89' lang='lat' dir='ltr'><strong>Quod</strong></span> <span class='ocrx_word' id='word_1_627' title='bbox 1517 5376 1564 5430; x_wconf 92' lang='lat' dir='ltr'><strong>si</strong></span> <span class='ocrx_word' id='word_1_628' title='bbox 1603 5392 1707 5429; x_wconf 89' lang='lat' dir='ltr'><strong>non</strong></span> <span class='ocrx_word' id='word_1_629' title='bbox 1744 5378 2038 5446; x_wconf 84' lang='lat' dir='ltr'><strong>perfectam</strong></span> 
     </span>
    </p>
   </div>
   <div class='ocr_carea' id='block_1_88' title="bbox 459 5457 2041 5538">
    <p class='ocr_par' dir='ltr' id='par_1_88' title="bbox 459 5457 2041 5538">
     <span class='ocr_line' id='line_1_88' title="bbox 459 5457 2041 5538; baseline 0.009 -29"><span class='ocrx_word' id='word_1_630' title='bbox 459 5469 633 5522; x_wconf 69' lang='lat' dir='ltr'><strong>pietate</strong></span> <span class='ocrx_word' id='word_1_631' title='bbox 664 5457 1064 5528; x_wconf 83' lang='lat' dir='ltr'><strong>liberationem,</strong></span> <span class='ocrx_word' id='word_1_632' title='bbox 1089 5476 1140 5518; x_wconf 90' lang='lat' dir='ltr'><strong>at</strong></span> <span class='ocrx_word' id='word_1_633' title='bbox 1163 5476 1310 5520; x_wconf 84' lang='lat' dir='ltr'><strong>certe</strong></span> <span class='ocrx_word' id='word_1_634' title='bbox 1330 5467 1670 5536; x_wconf 64' lang='lat' dir='ltr'><strong>refrigerium</strong></span> <span class='ocrx_word' id='word_1_635' title='bbox 1697 5470 1967 5538; x_wconf 81' lang='lat' dir='ltr'><strong>quoddam</strong></span> <span class='ocrx_word' id='word_1_636' title='bbox 1987 5479 2041 5524; x_wconf 86' lang='lat' dir='ltr'><strong>et</strong></span> 
     </span>
    </p>
   </div>
   <div class='ocr_carea' id='block_1_89' title="bbox 459 5548 2038 5629">
    <p class='ocr_par' dir='ltr' id='par_1_89' title="bbox 459 5548 2038 5629">
     <span class='ocr_line' id='line_1_89' title="bbox 459 5548 2038 5629; baseline 0.009 -29"><span class='ocrx_word' id='word_1_637' title='bbox 459 5548 892 5609; x_wconf 89' lang='lat' dir='ltr'><strong>consolationem</strong></span> <span class='ocrx_word' id='word_1_638' title='bbox 928 5559 1237 5614; x_wconf 88' lang='lat' dir='ltr'><strong>emendatio</strong></span> <span class='ocrx_word' id='word_1_639' title='bbox 1265 5570 1606 5629; x_wconf 85' lang='lat' dir='ltr'><strong>posterorum</strong></span> <span class='ocrx_word' id='word_1_640' title='bbox 1643 5562 1748 5616; x_wconf 79' lang='lat' dir='ltr'><strong>illis</strong></span> <span class='ocrx_word' id='word_1_641' title='bbox 1769 5561 2038 5628; x_wconf 86' lang='lat' dir='ltr'><strong>attulerit,</strong></span> 
     </span>
    </p>
   </div>
   <div class='ocr_carea' id='block_1_90' title="bbox 2159 3266 3715 3339">
    <p class='ocr_par' dir='ltr' id='par_1_90' title="bbox 2159 3266 3715 3339">
     <span class='ocr_line' id='line_1_90' title="bbox 2159 3266 3715 3339; baseline 0 -19"><span class='ocrx_word' id='word_1_642' title='bbox 2159 3271 2266 3322; x_wconf 85' lang='grc' dir='ltr'><strong>τῶν</strong></span> <span class='ocrx_word' id='word_1_643' title='bbox 2295 3270 2506 3339; x_wconf 83' lang='grc' dir='ltr'>ἀνδρῶν</span> <span class='ocrx_word' id='word_1_644' title='bbox 2562 3273 2784 3325; x_wconf 79' lang='grc' dir='ltr'>ἐκείνων</span> <span class='ocrx_word' id='word_1_645' title='bbox 2839 3271 3021 3338; x_wconf 82' lang='grc' dir='ltr'>ἔγωγε</span> <span class='ocrx_word' id='word_1_646' title='bbox 3078 3271 3372 3339; x_wconf 81' lang='grc' dir='ltr'>πείθομαι,</span> <span class='ocrx_word' id='word_1_647' title='bbox 3409 3271 3482 3324; x_wconf 79' lang='grc' dir='ltr'><strong>Οὐ</strong></span> <span class='ocrx_word' id='word_1_648' title='bbox 3513 3268 3614 3336; x_wconf 81' lang='grc' dir='ltr'>γὰρ</span> <span class='ocrx_word' id='word_1_649' title='bbox 3661 3266 3715 3318; x_wconf 78' lang='grc' dir='ltr'>ἂν</span> 
     </span>
    </p>
   </div>
   <div class='ocr_carea' id='block_1_91' title="bbox 2155 3360 3716 3435">
    <p class='ocr_par' dir='ltr' id='par_1_91' title="bbox 2155 3360 3716 3435">
     <span class='ocr_line' id='line_1_91' title="bbox 2155 3360 3716 3435; baseline -0.006 -18"><span class='ocrx_word' id='word_1_650' title='bbox 2155 3366 2283 3428; x_wconf 76' lang='grc' dir='ltr'>τοὺς</span> <span class='ocrx_word' id='word_1_651' title='bbox 2315 3364 2570 3435; x_wconf 68' lang='grc' dir='ltr'>ὀρθότητι</span> <span class='ocrx_word' id='word_1_652' title='bbox 2604 3364 2720 3434; x_wconf 88' lang='grc' dir='ltr'>βίου</span> <span class='ocrx_word' id='word_1_653' title='bbox 2755 3366 2861 3418; x_wconf 86' lang='grc' dir='ltr'><strong>τῶν</strong></span> <span class='ocrx_word' id='word_1_654' title='bbox 2895 3365 3072 3420; x_wconf 77' lang='grc' dir='ltr'>ἄλλων</span> <span class='ocrx_word' id='word_1_655' title='bbox 3105 3365 3491 3432; x_wconf 83' lang='grc' dir='ltr'>διενεγκόντας</span> <span class='ocrx_word' id='word_1_656' title='bbox 3514 3361 3602 3416; x_wconf 65' lang='grc' dir='ltr'>καὶ</span> <span class='ocrx_word' id='word_1_657' title='bbox 3624 3360 3716 3427; x_wconf 70' lang='grc' dir='ltr'><strong>πρὸ</strong></span> 
     </span>
    </p>
   </div>
   <div class='ocr_carea' id='block_1_92' title="bbox 2155 3453 3712 3528">
    <p class='ocr_par' dir='ltr' id='par_1_92' title="bbox 2155 3453 3712 3528">
     <span class='ocr_line' id='line_1_92' title="bbox 2155 3453 3712 3528; baseline -0.001 -18"><span class='ocrx_word' id='word_1_658' title='bbox 2155 3459 2376 3512; x_wconf 89' lang='grc' dir='ltr'>πάντων</span> <span class='ocrx_word' id='word_1_659' title='bbox 2411 3459 2572 3510; x_wconf 84' lang='grc' dir='ltr'>αὐτὸν</span> <span class='ocrx_word' id='word_1_660' title='bbox 2597 3459 2995 3528; x_wconf 78' lang='grc' dir='ltr'>ἀγαπήσαντας</span> <span class='ocrx_word' id='word_1_661' title='bbox 3027 3457 3174 3522; x_wconf 77' lang='grc' dir='ltr'>ἔδοξε</span> <span class='ocrx_word' id='word_1_662' title='bbox 3204 3458 3331 3520; x_wconf 82' lang='grc' dir='ltr'>ταῖς</span> <span class='ocrx_word' id='word_1_663' title='bbox 3359 3457 3464 3510; x_wconf 75' lang='grc' dir='ltr'><strong>τῶν</strong></span> <span class='ocrx_word' id='word_1_664' title='bbox 3497 3453 3712 3524; x_wconf 79' lang='grc' dir='ltr'>γνησίων</span> 
     </span>
    </p>
   </div>
   <div class='ocr_carea' id='block_1_93' title="bbox 2155 3548 3712 3621">
    <p class='ocr_par' dir='ltr' id='par_1_93' title="bbox 2155 3548 3712 3621">
     <span class='ocr_line' id='line_1_93' title="bbox 2155 3548 3712 3621; baseline -0.006 -17"><span class='ocrx_word' id='word_1_665' title='bbox 2155 3551 2536 3619; x_wconf 74' lang='grc' dir='ltr'>ἀμειψάμενος</span> <span class='ocrx_word' id='word_1_666' title='bbox 2565 3551 2797 3621; x_wconf 79' lang='grc' dir='ltr'>δωρεαῖς</span> <span class='ocrx_word' id='word_1_667' title='bbox 2849 3551 2944 3603; x_wconf 73' lang='grc' dir='ltr'>καὶ</span> <span class='ocrx_word' id='word_1_668' title='bbox 2987 3548 3062 3618; x_wconf 81' lang='grc' dir='ltr'><strong>τῷ</strong></span> <span class='ocrx_word' id='word_1_669' title='bbox 3093 3551 3202 3601; x_wconf 87' lang='grc' dir='ltr'><strong>τῶν</strong></span> <span class='ocrx_word' id='word_1_670' title='bbox 3239 3549 3532 3617; x_wconf 79' lang='grc' dir='ltr'>μακαρίων</span> <span class='ocrx_word' id='word_1_671' title='bbox 3560 3560 3712 3599; x_wconf 84' lang='grc' dir='ltr'>κατα-</span> 
     </span>
    </p>
   </div>
   <div class='ocr_carea' id='block_1_94' title="bbox 2158 3637 3714 3712">
    <p class='ocr_par' dir='ltr' id='par_1_94' title="bbox 2158 3637 3714 3712">
     <span class='ocr_line' id='line_1_94' title="bbox 2158 3637 3714 3712; baseline 0.001 -21"><span class='ocrx_word' id='word_1_672' title='bbox 2158 3639 2321 3706; x_wconf 80' lang='grc' dir='ltr'>λέξας</span> <span class='ocrx_word' id='word_1_673' title='bbox 2348 3641 2518 3710; x_wconf 78' lang='grc' dir='ltr'>χορῷ,</span> <span class='ocrx_word' id='word_1_674' title='bbox 2557 3642 2628 3712; x_wconf 83' lang='grc' dir='ltr'>μὴ</span> <span class='ocrx_word' id='word_1_675' title='bbox 2677 3642 2896 3712; x_wconf 81' lang='grc' dir='ltr'>πρῶτον</span> <span class='ocrx_word' id='word_1_676' title='bbox 2930 3641 3115 3701; x_wconf 70' lang='grc' dir='ltr'>αὐτοῖς</span> <span class='ocrx_word' id='word_1_677' title='bbox 3145 3640 3246 3702; x_wconf 74' lang='grc' dir='ltr'><strong>τὰς</strong></span> <span class='ocrx_word' id='word_1_678' title='bbox 3294 3640 3368 3693; x_wconf 75' lang='grc' dir='ltr'>ὲκ</span> <span class='ocrx_word' id='word_1_679' title='bbox 3398 3640 3495 3709; x_wconf 81' lang='grc' dir='ltr'>τῆς</span> <span class='ocrx_word' id='word_1_680' title='bbox 3528 3637 3714 3700; x_wconf 64' lang='grc' dir='ltr'>πλάνης</span> 
     </span>
    </p>
   </div>
   <div class='ocr_carea' id='block_1_95' title="bbox 2152 3727 3709 3801">
    <p class='ocr_par' dir='ltr' id='par_1_95' title="bbox 2152 3727 3709 3801">
     <span class='ocr_line' id='line_1_95' title="bbox 2152 3727 3709 3801; baseline -0.002 -19"><span class='ocrx_word' id='word_1_681' title='bbox 2152 3731 2513 3801; x_wconf 73' lang='grc' dir='ltr'>ὀφειλομένας</span> <span class='ocrx_word' id='word_1_682' title='bbox 2543 3734 2696 3794; x_wconf 85' lang='grc' dir='ltr'>δίκας</span> <span class='ocrx_word' id='word_1_683' title='bbox 2743 3736 2923 3801; x_wconf 61' lang='grc' dir='ltr'>ἀφεὶς,</span> <span class='ocrx_word' id='word_1_684' title='bbox 2978 3734 3036 3786; x_wconf 79' lang='grc' dir='ltr'>αἶ</span> <span class='ocrx_word' id='word_1_685' title='bbox 3084 3732 3352 3801; x_wconf 78' lang='grc' dir='ltr'>διηνεκῶς</span> <span class='ocrx_word' id='word_1_686' title='bbox 3385 3734 3508 3791; x_wconf 76' lang='grc' dir='ltr'>τοὺς</span> <span class='ocrx_word' id='word_1_687' title='bbox 3556 3727 3709 3780; x_wconf 75' lang='grc' dir='ltr'>ἑαλωο</span> 
     </span>
    </p>
   </div>
   <div class='ocr_carea' id='block_1_96' title="bbox 2154 3815 3709 3897">
    <p class='ocr_par' dir='ltr' id='par_1_96' title="bbox 2154 3815 3709 3897">
     <span class='ocr_line' id='line_1_96' title="bbox 2154 3815 3709 3897; baseline -0.006 -21"><span class='ocrx_word' id='word_1_688' title='bbox 2154 3823 2317 3886; x_wconf 87' lang='grc' dir='ltr'>κότας</span> <span class='ocrx_word' id='word_1_689' title='bbox 2353 3824 2452 3892; x_wconf 84' lang='grc' dir='ltr'>τῆς</span> <span class='ocrx_word' id='word_1_690' title='bbox 2483 3825 2592 3876; x_wconf 84' lang='grc' dir='ltr'><strong>τῶν</strong></span> <span class='ocrx_word' id='word_1_691' title='bbox 2629 3825 2919 3895; x_wconf 86' lang='grc' dir='ltr'>μακαρίων</span> <span class='ocrx_word' id='word_1_692' title='bbox 2949 3827 3198 3897; x_wconf 73' lang='grc' dir='ltr'>εἴργουσι</span> <span class='ocrx_word' id='word_1_693' title='bbox 3248 3825 3312 3894; x_wconf 85' lang='grc' dir='ltr'>λὴ</span> <span class='ocrx_word' id='word_1_694' title='bbox 3331 3824 3485 3888; x_wconf 84' lang='grc' dir='ltr'>ξεως.</span> <span class='ocrx_word' id='word_1_695' title='bbox 3522 3821 3636 3872; x_wconf 79' lang='grc' dir='ltr'>Ὀτι</span> <span class='ocrx_word' id='word_1_696' title='bbox 3661 3815 3709 3868; x_wconf 79' lang='grc' dir='ltr'><strong>δὲ</strong></span> 
     </span>
    </p>
   </div>
   <div class='ocr_carea' id='block_1_97' title="bbox 2153 3913 3712 3988">
    <p class='ocr_par' dir='ltr' id='par_1_97' title="bbox 2153 3913 3712 3988">
     <span class='ocr_line' id='line_1_97' title="bbox 2153 3913 3712 3988; baseline -0.004 -20"><span class='ocrx_word' id='word_1_697' title='bbox 2153 3915 2368 3980; x_wconf 83' lang='grc' dir='ltr'>πολλοῖς</span> <span class='ocrx_word' id='word_1_698' title='bbox 2398 3918 2498 3986; x_wconf 82' lang='grc' dir='ltr'>τὴν</span> <span class='ocrx_word' id='word_1_699' title='bbox 2527 3917 2843 3988; x_wconf 88' lang='grc' dir='ltr'>ἁγιωσύνην</span> <span class='ocrx_word' id='word_1_700' title='bbox 2901 3918 2994 3971; x_wconf 73' lang='grc' dir='ltr'><strong>καὶ</strong></span> <span class='ocrx_word' id='word_1_701' title='bbox 3049 3918 3184 3981; x_wconf 84' lang='grc' dir='ltr'>ζῶσι</span> <span class='ocrx_word' id='word_1_702' title='bbox 3237 3917 3339 3970; x_wconf 71' lang='grc' dir='ltr'><strong>καὶ</strong></span> <span class='ocrx_word' id='word_1_703' title='bbox 3380 3913 3712 3981; x_wconf 78' lang='grc' dir='ltr'>τελευτήσασι</span> 
     </span>
    </p>
   </div>
   <div class='ocr_carea' id='block_1_98' title="bbox 2157 4002 3711 4079">
    <p class='ocr_par' dir='ltr' id='par_1_98' title="bbox 2157 4002 3711 4079">
     <span class='ocr_line' id='line_1_98' title="bbox 2157 4002 3711 4079; baseline 0.002 -19"><span class='ocrx_word' id='word_1_704' title='bbox 2157 4008 2586 4079; x_wconf 80' lang='grc' dir='ltr'>μεμαρτύρηκεν</span> <span class='ocrx_word' id='word_1_705' title='bbox 2617 4009 2645 4060; x_wconf 78' lang='grc' dir='ltr'><strong>ό</strong></span> <span class='ocrx_word' id='word_1_706' title='bbox 2692 4009 2824 4071; x_wconf 80' lang='grc' dir='ltr'>Θεὸς</span> <span class='ocrx_word' id='word_1_707' title='bbox 2851 4009 2918 4062; x_wconf 80' lang='grc' dir='ltr'>δι’</span> <span class='ocrx_word' id='word_1_708' title='bbox 2948 4002 3023 4062; x_wconf 85' lang='grc' dir='ltr'>ὧν</span> <span class='ocrx_word' id='word_1_709' title='bbox 3068 4009 3265 4061; x_wconf 73' lang='grc' dir='ltr'>εἴωθεν</span> <span class='ocrx_word' id='word_1_710' title='bbox 3319 4007 3491 4076; x_wconf 74' lang='grc' dir='ltr'>αὐτὴν</span> <span class='ocrx_word' id='word_1_711' title='bbox 3527 4017 3711 4073; x_wconf 83' lang='grc' dir='ltr'>μαρτυ-</span> 
     </span>
    </p>
   </div>
   <div class='ocr_carea' id='block_1_99' title="bbox 2155 4093 3710 4170">
    <p class='ocr_par' dir='ltr' id='par_1_99' title="bbox 2155 4093 3710 4170">
     <span class='ocr_line' id='line_1_99' title="bbox 2155 4093 3710 4170; baseline -0.001 -19"><span class='ocrx_word' id='word_1_712' title='bbox 2155 4102 2292 4170; x_wconf 88' lang='grc' dir='ltr'>ρεῖν,</span> <span class='ocrx_word' id='word_1_713' title='bbox 2319 4101 2353 4170; x_wconf 81' lang='grc' dir='ltr'>ἦ</span> <span class='ocrx_word' id='word_1_714' title='bbox 2385 4117 2440 4152; x_wconf 88' lang='grc' dir='ltr'><strong>τε</strong></span> <span class='ocrx_word' id='word_1_715' title='bbox 2471 4101 2581 4153; x_wconf 82' lang='grc' dir='ltr'><strong>τῶν</strong></span> <span class='ocrx_word' id='word_1_716' title='bbox 2606 4101 2852 4154; x_wconf 82' lang='grc' dir='ltr'>Λατίνων</span> <span class='ocrx_word' id='word_1_717' title='bbox 2896 4100 3198 4169; x_wconf 74' lang='grc' dir='ltr'>Ἐκκλησία</span> <span class='ocrx_word' id='word_1_718' title='bbox 3233 4101 3454 4169; x_wconf 82' lang='grc' dir='ltr'>τιμῶσα</span> <span class='ocrx_word' id='word_1_719' title='bbox 3507 4093 3710 4149; x_wconf 75' lang='grc' dir='ltr'>τούτους</span> 
     </span>
    </p>
   </div>
   <div class='ocr_carea' id='block_1_100' title="bbox 2153 4187 3709 4260">
    <p class='ocr_par' dir='ltr' id='par_1_100' title="bbox 2153 4187 3709 4260">
     <span class='ocr_line' id='line_1_100' title="bbox 2153 4187 3709 4260; baseline 0.001 -16"><span class='ocrx_word' id='word_1_720' title='bbox 2153 4193 2249 4246; x_wconf 79' lang='grc' dir='ltr'>καὶ</span> <span class='ocrx_word' id='word_1_721' title='bbox 2282 4191 2514 4244; x_wconf 76' lang='grc' dir='ltr'>σέῦουσα</span> <span class='ocrx_word' id='word_1_722' title='bbox 2541 4193 2804 4256; x_wconf 80' lang='grc' dir='ltr'>δείκνυσι,</span> <span class='ocrx_word' id='word_1_723' title='bbox 2847 4195 2942 4245; x_wconf 73' lang='grc' dir='ltr'><strong>καὶ</strong></span> <span class='ocrx_word' id='word_1_724' title='bbox 2991 4191 3220 4260; x_wconf 70' lang='grc' dir='ltr'>Γραικοὶ</span> <span class='ocrx_word' id='word_1_725' title='bbox 3256 4194 3472 4250; x_wconf 81' lang='grc' dir='ltr'>πάντως</span> <span class='ocrx_word' id='word_1_726' title='bbox 3503 4187 3566 4239; x_wconf 80' lang='grc' dir='ltr'><strong>ἂν</strong></span> <span class='ocrx_word' id='word_1_727' title='bbox 3596 4195 3709 4245; x_wconf 76' lang='grc' dir='ltr'>συγ-</span> 
     </span>
    </p>
   </div>
   <div class='ocr_carea' id='block_1_101' title="bbox 2151 4276 3707 4354">
    <p class='ocr_par' dir='ltr' id='par_1_101' title="bbox 2151 4276 3707 4354">
     <span class='ocr_line' id='line_1_101' title="bbox 2151 4276 3707 4354; baseline 0.003 -18"><span class='ocrx_word' id='word_1_728' title='bbox 2151 4285 2480 4353; x_wconf 83' lang='grc' dir='ltr'>χωρήσαιεν,</span> <span class='ocrx_word' id='word_1_729' title='bbox 2542 4286 2664 4338; x_wconf 81' lang='grc' dir='ltr'>οὐδὲ</span> <span class='ocrx_word' id='word_1_730' title='bbox 2697 4285 2908 4354; x_wconf 81' lang='grc' dir='ltr'>πλάνην</span> <span class='ocrx_word' id='word_1_731' title='bbox 2961 4287 3118 4352; x_wconf 86' lang='grc' dir='ltr'>φαῖεν</span> <span class='ocrx_word' id='word_1_732' title='bbox 3183 4276 3329 4336; x_wconf 77' lang='grc' dir='ltr'>εἶναι</span> <span class='ocrx_word' id='word_1_733' title='bbox 3362 4284 3424 4334; x_wconf 75' lang='grc' dir='ltr'><strong>τὸ</strong></span> <span class='ocrx_word' id='word_1_734' title='bbox 3470 4277 3707 4348; x_wconf 72' lang='grc' dir='ltr'>πρᾶγμαν</span> 
     </span>
    </p>
   </div>
   <div class='ocr_carea' id='block_1_102' title="bbox 2152 4366 3708 4464">
    <p class='ocr_par' dir='ltr' id='par_1_102' title="bbox 2152 4366 3708 4464">
     <span class='ocr_line' id='line_1_102' title="bbox 2152 4366 3708 4464; baseline 0.001 -36"><span class='ocrx_word' id='word_1_735' title='bbox 2152 4380 2249 4430; x_wconf 79' lang='grc' dir='ltr'>καὶ</span> <span class='ocrx_word' id='word_1_736' title='bbox 2284 4378 2461 4446; x_wconf 84' lang='grc' dir='ltr'>μάτην</span> <span class='ocrx_word' id='word_1_737' title='bbox 2515 4377 2661 4445; x_wconf 79' lang='grc' dir='ltr'>ὑμᾶς</span> <span class='ocrx_word' id='word_1_738' title='bbox 2695 4375 2925 4436; x_wconf 79' lang='grc' dir='ltr'>ἐκείνοις</span> <span class='ocrx_word' id='word_1_739' title='bbox 2954 4375 3052 4445; x_wconf 78' lang='grc' dir='ltr'><strong>τὴν</strong></span> <span class='ocrx_word' id='word_1_740' title='bbox 3080 4375 3179 4442; x_wconf 75' lang='grc' dir='ltr'>τῆς</span> <span class='ocrx_word' id='word_1_741' title='bbox 3212 4373 3538 4464; x_wconf 64' lang='grc' dir='ltr'><strong>ἁγιωσύνης⁸</strong></span> <span class='ocrx_word' id='word_1_742' title='bbox 3567 4366 3708 4464; x_wconf 58' lang='grc' dir='ltr'>δόξξν</span> 
     </span>
    </p>
   </div>
   <div class='ocr_carea' id='block_1_103' title="bbox 2153 4461 3708 4534">
    <p class='ocr_par' dir='ltr' id='par_1_103' title="bbox 2153 4461 3708 4534">
     <span class='ocr_line' id='line_1_103' title="bbox 2153 4461 3708 4534; baseline -0.008 -14"><span class='ocrx_word' id='word_1_743' title='bbox 2153 4468 2512 4534; x_wconf 85' lang='grc' dir='ltr'>προσάπτειν,</span> <span class='ocrx_word' id='word_1_744' title='bbox 2540 4469 2648 4522; x_wconf 81' lang='grc' dir='ltr'><strong>τῶν</strong></span> <span class='ocrx_word' id='word_1_745' title='bbox 2683 4469 2762 4530; x_wconf 85' lang='grc' dir='ltr'><strong>εἰς</strong></span> <span class='ocrx_word' id='word_1_746' title='bbox 2796 4467 2999 4534; x_wconf 85' lang='grc' dir='ltr'>ταύτην</span> <span class='ocrx_word' id='word_1_747' title='bbox 3055 4465 3411 4534; x_wconf 78' lang='grc' dir='ltr'>ζητουμένων</span> <span class='ocrx_word' id='word_1_748' title='bbox 3457 4461 3708 4514; x_wconf 82' lang='grc' dir='ltr'>οὐδοτιουν</span> 
     </span>
    </p>
   </div>
   <div class='ocr_carea' id='block_1_104' title="bbox 1323 4546 2053 4626">
    <p class='ocr_par' dir='ltr' id='par_1_104' title="bbox 1323 4556 2050 4623">
     <span class='ocr_line' id='line_1_104' title="bbox 1323 4556 2050 4623; baseline 0.015 -20"><span class='ocrx_word' id='word_1_749' title='bbox 1323 4565 1338 4602; x_wconf 92' lang='lat'><strong>:</strong></span> <span class='ocrx_word' id='word_1_750' title='bbox 1405 4566 1527 4606; x_wconf 89' lang='lat' dir='ltr'><strong>cum</strong></span> <span class='ocrx_word' id='word_1_751' title='bbox 1610 4556 1842 4623; x_wconf 89' lang='lat' dir='ltr'><strong>permoti</strong></span> <span class='ocrx_word' id='word_1_752' title='bbox 1931 4567 2050 4613; x_wconf 91' lang='lat' dir='ltr'><strong>tan-</strong></span> 
     </span>
    </p>
   </div>
   <div class='ocr_carea' id='block_1_105' title="bbox 2156 4546 3708 4626">
    <p class='ocr_par' dir='ltr' id='par_1_105' title="bbox 2157 4546 3708 4626">
     <span class='ocr_line' id='line_1_105' title="bbox 2157 4546 3708 4626; baseline -0.01 -10"><span class='ocrx_word' id='word_1_753' title='bbox 2157 4563 2345 4626; x_wconf 86' lang='grc' dir='ltr'>αύτοῖς</span> <span class='ocrx_word' id='word_1_754' title='bbox 2373 4561 2705 4623; x_wconf 77' lang='grc' dir='ltr'>συνειδότας.</span> <span class='ocrx_word' id='word_1_755' title='bbox 2735 4561 2886 4613; x_wconf 74' lang='grc' dir='ltr'>Ὢστ⁹</span> <span class='ocrx_word' id='word_1_756' title='bbox 2913 4559 3069 4623; x_wconf 72' lang='grc' dir='ltr'>ἐλπίς</span> <span class='ocrx_word' id='word_1_757' title='bbox 3103 4561 3220 4611; x_wconf 76' lang='grc' dir='ltr'>ἐστι</span> <span class='ocrx_word' id='word_1_758' title='bbox 3244 4559 3340 4612; x_wconf 78' lang='grc' dir='ltr'>καὶ</span> <span class='ocrx_word' id='word_1_759' title='bbox 3365 4556 3502 4610; x_wconf 81' lang='grc' dir='ltr'>πάνυ</span> <span class='ocrx_word' id='word_1_760' title='bbox 3535 4546 3708 4620; x_wconf 77' lang='grc' dir='ltr'>βεϐαία</span> 
     </span>
    </p>
   </div>
   <div class='ocr_carea' id='block_1_106' title="bbox 2154 4637 3708 4720">
    <p class='ocr_par' dir='ltr' id='par_1_106' title="bbox 2154 4637 3708 4720">
     <span class='ocr_line' id='line_1_106' title="bbox 2154 4637 3708 4720; baseline 0 -18"><span class='ocrx_word' id='word_1_761' title='bbox 2154 4651 2319 4720; x_wconf 83' lang='grc' dir='ltr'>μηδὲν</span> <span class='ocrx_word' id='word_1_762' title='bbox 2343 4650 2529 4712; x_wconf 80' lang='grc' dir='ltr'>αὐτοῖς</span> <span class='ocrx_word' id='word_1_763' title='bbox 2550 4649 2688 4720; x_wconf 79' lang='grc' dir='ltr'>πρὸς</span> <span class='ocrx_word' id='word_1_764' title='bbox 2714 4651 2815 4719; x_wconf 75' lang='grc' dir='ltr'><strong>τὴν</strong></span> <span class='ocrx_word' id='word_1_765' title='bbox 2851 4649 3126 4718; x_wconf 86' lang='grc' dir='ltr'>σωτηρίαν</span> <span class='ocrx_word' id='word_1_766' title='bbox 3147 4648 3247 4717; x_wconf 80' lang='grc' dir='ltr'>τὴν</span> <span class='ocrx_word' id='word_1_767' title='bbox 3271 4648 3329 4700; x_wconf 83' lang='grc' dir='ltr'>ὲν</span> <span class='ocrx_word' id='word_1_768' title='bbox 3357 4645 3433 4715; x_wconf 83' lang='grc' dir='ltr'>τῷ</span> <span class='ocrx_word' id='word_1_769' title='bbox 3463 4637 3708 4711; x_wconf 68' lang='grc' dir='ltr'>Συμὸόλιι)</span> 
     </span>
    </p>
   </div>
   <div class='ocr_carea' id='block_1_107' title="bbox 2148 4726 3706 4832">
    <p class='ocr_par' dir='ltr' id='par_1_107' title="bbox 2148 4726 3706 4832">
     <span class='ocr_line' id='line_1_107' title="bbox 2148 4726 3706 4832; baseline -0.006 -37"><span class='ocrx_word' id='word_1_770' title='bbox 2148 4727 2472 4814; x_wconf 81' lang='grc' dir='ltr'>προσθήκην</span> <span class='ocrx_word' id='word_1_771' title='bbox 2503 4741 2890 4812; x_wconf 89' lang='grc' dir='ltr'>λυμανεῖσθαι,</span> <span class='ocrx_word' id='word_1_772' title='bbox 2940 4740 3034 4792; x_wconf 76' lang='grc' dir='ltr'>ὑπ’</span> <span class='ocrx_word' id='word_1_773' title='bbox 3066 4739 3318 4832; x_wconf 69' lang='grc' dir='ltr'>ἀνάγκης</span> <span class='ocrx_word' id='word_1_774' title='bbox 3373 4738 3534 4806; x_wconf 81' lang='grc' dir='ltr'>μόνον</span> <span class='ocrx_word' id='word_1_775' title='bbox 3564 4726 3706 4832; x_wconf 30' lang='grc' dir='ltr'>..τινὸς</span> 
     </span>
    </p>
   </div>
   <div class='ocr_carea' id='block_1_108' title="bbox 2149 4820 3704 4920">
    <p class='ocr_par' dir='ltr' id='par_1_108' title="bbox 2149 4820 3704 4920">
     <span class='ocr_line' id='line_1_108' title="bbox 2149 4820 3704 4920; baseline -0.008 -34"><span class='ocrx_word' id='word_1_776' title='bbox 2149 4833 2243 4886; x_wconf 72' lang='grc' dir='ltr'>καὶ</span> <span class='ocrx_word' id='word_1_777' title='bbox 2265 4831 2442 4900; x_wconf 89' lang='grc' dir='ltr'>λόγων</span> <span class='ocrx_word' id='word_1_778' title='bbox 2471 4831 2816 4884; x_wconf 86' lang='grc' dir='ltr'>δεικνύντων</span> <span class='ocrx_word' id='word_1_779' title='bbox 2841 4829 3048 4897; x_wconf 82' lang='grc' dir='ltr'>ταύτην</span> <span class='ocrx_word' id='word_1_780' title='bbox 3072 4827 3356 4880; x_wconf 80' lang='grc' dir='ltr'>ἀκίνδυνον</span> <span class='ocrx_word' id='word_1_781' title='bbox 3389 4820 3704 4920; x_wconf 49' lang='grc' dir='ltr'>προαχθεξῗξ</span> 
     </span>
    </p>
   </div>
   <div class='ocr_carea' id='block_1_109' title="bbox 2150 4908 3706 5012">
    <p class='ocr_par' dir='ltr' id='par_1_109' title="bbox 2150 4908 3706 5012">
     <span class='ocr_line' id='line_1_109' title="bbox 2150 4908 3706 5012; baseline -0.003 -38"><span class='ocrx_word' id='word_1_782' title='bbox 2150 4922 2285 4992; x_wconf 80' lang='grc' dir='ltr'>μηδὲ</span> <span class='ocrx_word' id='word_1_783' title='bbox 2307 4922 2416 4974; x_wconf 86' lang='grc' dir='ltr'><strong>τῶν</strong></span> <span class='ocrx_word' id='word_1_784' title='bbox 2441 4921 2727 4992; x_wconf 79' lang='grc' dir='ltr'>ὑμετέρων</span> <span class='ocrx_word' id='word_1_785' title='bbox 2748 4920 2922 4990; x_wconf 82' lang='grc' dir='ltr'>εὐχῶν</span> <span class='ocrx_word' id='word_1_786' title='bbox 2941 4919 3155 4988; x_wconf 83' lang='grc' dir='ltr'>δεήσειν</span> <span class='ocrx_word' id='word_1_787' title='bbox 3183 4918 3369 4979; x_wconf 79' lang='grc' dir='ltr'>αὐτοῖς</span> <span class='ocrx_word' id='word_1_788' title='bbox 3391 4933 3406 4947; x_wconf 77' lang='grc' dir='ltr'><strong><em>ο</em></strong></span> <span class='ocrx_word' id='word_1_789' title='bbox 3435 4917 3522 4968; x_wconf 70' lang='grc' dir='ltr'><strong>καὶ</strong></span> <span class='ocrx_word' id='word_1_790' title='bbox 3544 4908 3706 5012; x_wconf 44' lang='grc' dir='ltr'>πολλῇ)</span> 
     </span>
    </p>
   </div>
   <div class='ocr_carea' id='block_1_110' title="bbox 2149 4998 3704 5096">
    <p class='ocr_par' dir='ltr' id='par_1_110' title="bbox 2149 4998 3704 5096">
     <span class='ocr_line' id='line_1_110' title="bbox 2149 4998 3704 5096; baseline 0 -31"><span class='ocrx_word' id='word_1_791' title='bbox 2149 5012 2353 5083; x_wconf 77' lang='grc' dir='ltr'>μᾶλλον</span> <span class='ocrx_word' id='word_1_792' title='bbox 2391 5013 2458 5066; x_wconf 80' lang='grc' dir='ltr'><strong>ἀν</strong></span> <span class='ocrx_word' id='word_1_793' title='bbox 2509 5012 2584 5082; x_wconf 84' lang='grc' dir='ltr'>μὴ</span> <span class='ocrx_word' id='word_1_794' title='bbox 2640 5013 2737 5065; x_wconf 69' lang='grc' dir='ltr'><strong>καί⁷</strong></span> <span class='ocrx_word' id='word_1_795' title='bbox 2793 5011 2856 5065; x_wconf 83' lang='grc' dir='ltr'><strong>τδ</strong></span> <span class='ocrx_word' id='word_1_796' title='bbox 2892 5012 3162 5081; x_wconf 83' lang='grc' dir='ltr'>ὑμέτερον</span> <span class='ocrx_word' id='word_1_797' title='bbox 3192 5011 3398 5096; x_wconf 69' lang='grc' dir='ltr'><strong>αὐτοῖςΔ</strong></span> <span class='ocrx_word' id='word_1_798' title='bbox 3423 4998 3704 5096; x_wconf 40' lang='grc' dir='ltr'>προςῖεθσῇι</span> 
     </span>
    </p>
   </div>
   <div class='ocr_carea' id='block_1_111' title="bbox 2147 5090 3702 5172">
    <p class='ocr_par' dir='ltr' id='par_1_111' title="bbox 2147 5090 3702 5172">
     <span class='ocr_line' id='line_1_111' title="bbox 2147 5090 3702 5172; baseline -0.013 -14"><span class='ocrx_word' id='word_1_799' title='bbox 2147 5103 2286 5158; x_wconf 72' lang='grc' dir='ltr'>ἀλλὰ</span> <span class='ocrx_word' id='word_1_800' title='bbox 2317 5103 2420 5172; x_wconf 70' lang='grc' dir='ltr'><strong>τὴν</strong></span> <span class='ocrx_word' id='word_1_801' title='bbox 2445 5103 2707 5170; x_wconf 66' lang='grc' dir='ltr'>ἀλήθειαν</span> <span class='ocrx_word' id='word_1_802' title='bbox 2731 5103 2887 5172; x_wconf 81' lang='grc' dir='ltr'>ὑμῶν</span> <span class='ocrx_word' id='word_1_803' title='bbox 2911 5103 3272 5170; x_wconf 82' lang='grc' dir='ltr'>ὲπιγνόντων,</span> <span class='ocrx_word' id='word_1_804' title='bbox 3312 5090 3502 5170; x_wconf 69' lang='grc' dir='ltr'>μέχρις</span> <span class='ocrx_word' id='word_1_805' title='bbox 3537 5090 3702 5144; x_wconf 67' lang='grc' dir='ltr'>αὐτῶν</span> 
     </span>
    </p>
   </div>
   <div class='ocr_carea' id='block_1_112' title="bbox 2149 5178 3699 5296">
    <p class='ocr_par' dir='ltr' id='par_1_112' title="bbox 2149 5178 3699 5296">
     <span class='ocr_line' id='line_1_112' title="bbox 2149 5178 3699 5296; baseline -0.015 -46"><span class='ocrx_word' id='word_1_806' title='bbox 2149 5197 2308 5266; x_wconf 88' lang='grc' dir='ltr'>μόνον</span> <span class='ocrx_word' id='word_1_807' title='bbox 2348 5196 2408 5248; x_wconf 83' lang='grc' dir='ltr'>τὸ</span> <span class='ocrx_word' id='word_1_808' title='bbox 2441 5195 2594 5265; x_wconf 86' lang='grc' dir='ltr'><strong>παρὰ</strong></span> <span class='ocrx_word' id='word_1_809' title='bbox 2615 5193 2710 5248; x_wconf 82' lang='grc' dir='ltr'>τοῦ</span> <span class='ocrx_word' id='word_1_810' title='bbox 2739 5195 2973 5262; x_wconf 75' lang='grc' dir='ltr'>ψεύδους</span> <span class='ocrx_word' id='word_1_811' title='bbox 3023 5193 3219 5263; x_wconf 74' lang='grc' dir='ltr'>βλάϐος</span> <span class='ocrx_word' id='word_1_812' title='bbox 3247 5192 3586 5254; x_wconf 69' lang='grc' dir='ltr'>ἐκτείνηται·</span> <span class='ocrx_word' id='word_1_813' title='bbox 3619 5178 3699 5296; x_wconf 63' lang='grc' dir='ltr'>τὸν</span> 
     </span>
    </p>
   </div>
   <div class='ocr_carea' id='block_1_113' title="bbox 2145 5281 3704 5373">
    <p class='ocr_par' dir='ltr' id='par_1_113' title="bbox 2145 5281 3704 5373">
     <span class='ocr_line' id='line_1_113' title="bbox 2145 5281 3704 5373; baseline -0.001 -35"><span class='ocrx_word' id='word_1_814' title='bbox 2145 5288 2288 5355; x_wconf 79' lang='grc' dir='ltr'>ὑπὲρ</span> <span class='ocrx_word' id='word_1_815' title='bbox 2333 5285 2484 5354; x_wconf 87' lang='grc' dir='ltr'>σφῶν</span> <span class='ocrx_word' id='word_1_816' title='bbox 2519 5285 2722 5348; x_wconf 81' lang='grc' dir='ltr'>αὐτῶν,</span> <span class='ocrx_word' id='word_1_817' title='bbox 2754 5285 2874 5354; x_wconf 77' lang='grc' dir='ltr'><strong>οὐχὶ</strong></span> <span class='ocrx_word' id='word_1_818' title='bbox 2906 5285 2963 5337; x_wconf 77' lang='grc' dir='ltr'>δὲ</span> <span class='ocrx_word' id='word_1_819' title='bbox 2997 5286 3092 5336; x_wconf 70' lang='grc' dir='ltr'><strong>καὶ</strong></span> <span class='ocrx_word' id='word_1_820' title='bbox 3122 5284 3230 5336; x_wconf 88' lang='grc' dir='ltr'><strong>τῶν</strong></span> <span class='ocrx_word' id='word_1_821' title='bbox 3286 5281 3562 5373; x_wconf 62' lang='grc' dir='ltr'>ὑμετέρων</span> <span class='ocrx_word' id='word_1_822' title='bbox 3595 5281 3704 5373; x_wconf 44' lang='lat' dir='ltr'><strong>.‘i’u&quot;</strong></span> 
     </span>
    </p>
   </div>
   <div class='ocr_carea' id='block_1_114' title="bbox 2149 5367 3704 5465">
    <p class='ocr_par' dir='ltr' id='par_1_114' title="bbox 2149 5367 3704 5465">
     <span class='ocr_line' id='line_1_114' title="bbox 2149 5367 3704 5465; baseline -0.003 -38"><span class='ocrx_word' id='word_1_823' title='bbox 2149 5377 2262 5446; x_wconf 80' lang='grc' dir='ltr'><strong>χῶν</strong></span> <span class='ocrx_word' id='word_1_824' title='bbox 2313 5377 2614 5444; x_wconf 82' lang='grc' dir='ltr'>ὀφλήσουσι</span> <span class='ocrx_word' id='word_1_825' title='bbox 2642 5375 2800 5442; x_wconf 87' lang='grc' dir='ltr'>λόγον</span> <span class='ocrx_word' id='word_1_826' title='bbox 2829 5391 2842 5405; x_wconf 72' lang='grc' dir='ltr'><strong>ο</strong></span> <span class='ocrx_word' id='word_1_827' title='bbox 2875 5374 2935 5426; x_wconf 81' lang='grc' dir='ltr'>ὃν</span> <span class='ocrx_word' id='word_1_828' title='bbox 2987 5375 3136 5435; x_wconf 84' lang='grc' dir='ltr'>εἰκός</span> <span class='ocrx_word' id='word_1_829' title='bbox 3183 5374 3332 5424; x_wconf 78' lang='grc' dir='ltr'>ἐστιν</span> <span class='ocrx_word' id='word_1_830' title='bbox 3377 5367 3554 5465; x_wconf 75' lang='grc' dir='ltr'>αὐτοῖς</span> <span class='ocrx_word' id='word_1_831' title='bbox 3583 5367 3704 5465; x_wconf 40' lang='grc' dir='ltr'><strong>ξ’ἓεῖ</strong></span> 
     </span>
    </p>
   </div>
   <div class='ocr_carea' id='block_1_115' title="bbox 2149 5455 3703 5548">
    <p class='ocr_par' dir='ltr' id='par_1_115' title="bbox 2149 5455 3703 5548">
     <span class='ocr_line' id='line_1_115' title="bbox 2149 5455 3703 5548; baseline -0.001 -26"><span class='ocrx_word' id='word_1_832' title='bbox 2149 5469 2338 5535; x_wconf 76' lang='grc' dir='ltr'>θῆναι,</span> <span class='ocrx_word' id='word_1_833' title='bbox 2391 5469 2470 5530; x_wconf 86' lang='grc' dir='ltr'><strong>εἰς</strong></span> <span class='ocrx_word' id='word_1_834' title='bbox 2525 5469 2784 5531; x_wconf 74' lang='grc' dir='ltr'>ἐλάττους</span> <span class='ocrx_word' id='word_1_835' title='bbox 2842 5467 2942 5538; x_wconf 84' lang='grc' dir='ltr'>τὴν</span> <span class='ocrx_word' id='word_1_836' title='bbox 3001 5468 3101 5536; x_wconf 83' lang='grc' dir='ltr'>τῆς</span> <span class='ocrx_word' id='word_1_837' title='bbox 3167 5462 3483 5528; x_wconf 74' lang='grc' dir='ltr'>κακοδοξίας</span> <span class='ocrx_word' id='word_1_838' title='bbox 3541 5455 3703 5548; x_wconf 49' lang='grc' dir='ltr'>λυμην</span> 
     </span>
    </p>
   </div>
   <div class='ocr_carea' id='block_1_116' title="bbox 2151 5548 3703 5629">
    <p class='ocr_par' dir='ltr' id='par_1_116' title="bbox 2151 5548 3703 5629">
     <span class='ocr_line' id='line_1_116' title="bbox 2151 5548 3703 5629; baseline -0.027 1"><span class='ocrx_word' id='word_1_839' title='bbox 2151 5560 2406 5628; x_wconf 54' lang='grc' dir='ltr'><strong>ὲδελέασιν</strong></span> <span class='ocrx_word' id='word_1_840' title='bbox 2433 5575 2448 5591; x_wconf 84' lang='lat'><strong><em>°</em></strong></span> <span class='ocrx_word' id='word_1_841' title='bbox 2483 5559 2598 5612; x_wconf 82' lang='grc' dir='ltr'>ἀλλ’</span> <span class='ocrx_word' id='word_1_842' title='bbox 2632 5560 2680 5612; x_wconf 84' lang='grc' dir='ltr'><strong>εἰ</strong></span> <span class='ocrx_word' id='word_1_843' title='bbox 2713 5559 2807 5613; x_wconf 74' lang='grc' dir='ltr'><strong>καὶ</strong></span> <span class='ocrx_word' id='word_1_844' title='bbox 2851 5560 2925 5629; x_wconf 80' lang='grc' dir='ltr'>μὴ</span> <span class='ocrx_word' id='word_1_845' title='bbox 2957 5557 3200 5625; x_wconf 84' lang='grc' dir='ltr'>παντελῆ</span> <span class='ocrx_word' id='word_1_846' title='bbox 3228 5559 3327 5627; x_wconf 84' lang='grc' dir='ltr'><strong>τῆς</strong></span> <span class='ocrx_word' id='word_1_847' title='bbox 3358 5554 3508 5620; x_wconf 72' lang='grc' dir='ltr'>δίκης</span> <span class='ocrx_word' id='word_1_848' title='bbox 3545 5548 3703 5597; x_wconf 60' lang='lat' dir='ltr'><strong>dines-</strong></span> 
     </span>
    </p>
   </div>
   <div class='ocr_carea' id='block_1_117' title="bbox 541 5817 2785 5899">
    <p class='ocr_par' dir='ltr' id='par_1_117' title="bbox 541 5817 2785 5899">
     <span class='ocr_line' id='line_1_117' title="bbox 541 5817 2785 5899; baseline -0.001 -18"><span class='ocrx_word' id='word_1_849' title='bbox 541 5817 768 5887; x_wconf 71' lang='grc' dir='ltr'><strong>(1)Ιῆρο</strong></span> <span class='ocrx_word' id='word_1_850' title='bbox 793 5833 841 5875; x_wconf 86' lang='lat' dir='ltr'><strong>et</strong></span> <span class='ocrx_word' id='word_1_851' title='bbox 874 5821 1071 5879; x_wconf 75' lang='lat' dir='ltr'><strong>similia</strong></span> <span class='ocrx_word' id='word_1_852' title='bbox 1110 5825 1243 5881; x_wconf 61' lang='lat' dir='ltr'><strong>dixit</strong></span> <span class='ocrx_word' id='word_1_853' title='bbox 1276 5836 1464 5882; x_wconf 71' lang='lat' dir='ltr'><strong>amtor</strong></span> <span class='ocrx_word' id='word_1_854' title='bbox 1487 5838 1607 5883; x_wconf 73' lang='lat' dir='ltr'><strong>ante</strong></span> <span class='ocrx_word' id='word_1_855' title='bbox 1636 5830 1829 5883; x_wconf 76' lang='lat' dir='ltr'><strong>factam</strong></span> <span class='ocrx_word' id='word_1_856' title='bbox 1867 5827 2143 5884; x_wconf 77' lang='lat' dir='ltr'><strong>unionem.</strong></span> <span class='ocrx_word' id='word_1_857' title='bbox 2179 5857 2238 5867; x_wconf 90' lang='lat'><strong>-—</strong></span> <span class='ocrx_word' id='word_1_858' title='bbox 2275 5826 2388 5881; x_wconf 88' lang='lat' dir='ltr'><strong>lttto</strong></span> <span class='ocrx_word' id='word_1_859' title='bbox 2419 5837 2538 5899; x_wconf 83' lang='lat' dir='ltr'><strong>post</strong></span> <span class='ocrx_word' id='word_1_860' title='bbox 2567 5825 2785 5880; x_wconf 76' lang='lat' dir='ltr'><strong>iactant.</strong></span> 
     </span>
    </p>
   </div>
  </div>
