4038 6434
356 387 467 453 ιιι
542 383 552 392 ’

1519 392 1802 455 ΟΠΑΤῘΟ
1834 392 1890 454 ΙΙ
1934 395 2034 456 ΑΙ)
2067 397 2455 460 SYNUDUM.

3520 380 3673 477 450'"

362 506 532 573 ὶαγὴν
568 504 848 575 ἀναψυχὴν
873 503 1004 573 γοῦν
1038 522 1160 559 τινα
1211 509 1305 561 καὶ
1342 509 1701 579 παραμυθίαν
1737 511 1924 575 αὑτοῖς

2032 511 2289 571 sollicitis
2326 516 2483 586 plane.
2523 510 2589 570 de
2623 516 2799 579 vobis,
2843 528 2894 573 et
2930 518 3236 588 orantibus,
3313 529 3373 577 ut
3424 524 3618 579 saltem

352 602 390 671 1)
422 602 533 653 τῶν
574 601 813 668 ἐκγόνων
842 602 977 654 οἴσει
1024 600 1332 670 διόρθωσις,
1368 601 1718 670 φροντίζουσι
1758 602 1929 672 δήπου

353 695 485 764 περὶ
517 693 693 762 ὑμῶν,
726 693 818 744 καὶ
847 685 1016 763 ¹ὑμςῖις
1049 690 1180 760 γοῦν
1204 692 1527 763 εὐχομένοις
1558 692 1663 757 ἔξω
1696 691 1807 744 τῶν
1833 690 1925 745 αὑ-

351 788 464 845 τοίς
510 784 914 855 ἐπενεχθέντων
961 783 1207 838 ἑστάναι.

425 878 560 933 Οὔτε
605 880 788 933 τοίνυν
847 879 1096 945 ὲκείνοις,
1151 880 1289 951 ὅπερ
1323 876 1503 944 εἶπον,
1564 881 1688 935 οὔτε
1746 883 1930 954 πολλῷ

358 971 558 1040 μᾶλλον
595 972 709 1033 τοῖς
743 970 882 1040 μετά
931 970 1112 1026 ταῦτα
1168 972 1271 1042 τὴν
1302 973 1582 1044 ὑμετέραν
1635 975 1927 1043 διόρθωσιν

353 1063 616 1133 αἰσχύνης
656 1063 918 1116 ὑπόθεσιν
973 1063 1338 1133 ποιησόμεθα.
1389 1066 1512 1127 Πῶς
1554 1066 1665 1135 γὰρ
1704 1070 1930 1138 αἰσχυν-

352 1154 613 1224 θήσονται
646 1154 715 1208 δι’
747 1154 917 1226 ἡμᾶς,
942 1153 992 1207 οἳ
1037 1153 1158 1222 μεθ’
1191 1155 1349 1224 ὑμῶν
1377 1157 1803 1227 κάκείνους-τῆς
1863 1163 1928 1213 ὲκ

350 1246 445 1302 τοῦ
465 1246 697 1317 ψεύδους
728 1247 1088 1318 αίσχρότητος
1114 1247 1527 1319 ἀπαλλάξομεν,
1579 1252 1672 1303 καὶ
1710 1247 1793 1313 οἷς
1841 1252 1927 1305 eb-

350 1341 630 1409 γνώμονες
647 1340 798 1405 ὄντες
826 1339 1097 1403 ἀθάνατον
1123 1341 1222 1411 τῆς
1237 1340 1506 1410 ὠφελείας
1533 1344 1733 1399 εἰδέναι
1765 1346 1928 1417 χάριν

355 1433 749 1504 βουλήσονταιξ
805 1432 927 1485 οὑδὲ
983 1433 1094 1501 γὰρ
1147 1433 1303 1486 αὑτοὶ
1339 1434 1441 1503 μὲν
1472 1437 1797 1508 χαιρήσουσί
1833 1437 1927 1490 τοῦ

350 1523 579 1591 ψεύδους
601 1512 1037 1594 ἀπηλλαγμένοι,
1053 1525 1181 1587 τοὺς
1202 1523 1258 1576 δὲ
1276 1525 1437 1579 τοῦτο
1456 1527 1929 1599 διαπραξαμένους

355 1615 506 1684 σφίσι
539 1614 855 1686 μισήσουσι,
887 1615 980 1668 καὶ
1009 1615 1115 1679 τὰς
1153 1616 1266 1669 τῶν
1297 1615 1500 1671 ἀδίκων
1529 1619 1625 1672 καὶ⁵
1674 1617 1931 1688 πονηρῶν

353 1706 739 1778 εἰσπράξονται
764 1708 941 1770 δίκας.
976 1708 1081 1760 Καὶ
1118 1708 1225 1777 μὴν
1252 1708 1364 1763 οὐδ’
1390 1708 1610 1762 ὀνειδιεῖ
1636 1726 1720 1773 τις
1742 1710 1929 1773 αὑτοῖς

352 1800 454 1866 τὴν
496 1796 774 1868 ὑμετέραν
807 1799 899 1852 ἐπὶ
943 1798 1013 1852 τὰ
1050 1799 1290 1868 κρείττω
1321 1799 1628 1874 μεταϐολὴν
1678 1803 1776 1856 καὶ
1823 1804 1925 1872 τὴν

2041 619 2139 659 vos
2167 618 2356 674 poenas
2387 604 2490 661 sibi
2533 606 2801 676 irrogatas
2840 607 3132 679 cllttgiatis.

2110 874 2297 948 Neque
2317 875 2625 947 igiturlliis.
2651 888 2711 933 ut
2754 879 2888 947 dixi,
2914 895 3015 935 nec
3049 881 3221 937 multo
3245 883 3620 954 magispostr-
3668 910 3673 913 -

2039 969 2116 1024 ris
2138 977 2373 1026 vestram
2401 970 2834 1026 emendationem
2879 973 3142 1027 ducemus
3164 973 3473 1043 ignom’niae
3505 991 3618 1028 ma-

2037 1061 2255 1117 teriam.
2299 1062 2473 1129 Quam
2504 1064 2648 1118 enim
2693 1064 2966 1132 accipiant
2997 1075 3216 1136 propter
3255 1080 3357 1120 nos
3382 1067 3616 1138 ignomi—

2037 1154 2208 1221 niam,
2234 1156 2328 1224 qui
2349 1171 2453 1209 una
2483 1156 2765 1212 vobiscum
2796 1157 2965 1212 illosa
2986 1157 3251 1213 mendacii
3281 1158 3619 1228 turpitudine

2037 1243 2662 1315 liberabimusiquibus,
2681 1248 2726 1300 si
2758 1247 2896 1317 grati
2925 1261 3048 1302 esse
3071 1248 3617 1312 velint,immortalrs

2037 1335 2268 1392 libenter
2293 1336 2571 1390 habebunt
2596 1337 2800 1407 gratias
2829 1338 2901 1392 ob
2931 1350 3218 1408 acceptum
3255 1336 3621 1394 beneﬁcium?

2035 1443 2213 1498 neque
2238 1429 2383 1483 enim
2412 1443 2472 1485 se
2501 1429 2717 1498 quidem
2742 1427 2999 1484 liberatos
3032 1444 3062 1484 a
3104 1430 3389 1486 mendacio
3410 1431 3616 1501 gaude-

2036 1521 2195 1584 bunt,
2226 1529 2478 1576 auctores
2527 1536 2660 1576 vero
2712 1520 2960 1577 beneﬁcii
3021 1522 3151 1577 odio
3208 1523 3506 1589 habebunt,
3560 1533 3615 1578 et

2038 1614 2354 1683 iniquorum
2375 1626 2779 1683 pravorumque
2796 1614 3078 1669 hominum
3100 1630 3314 1685 pcenam
3330 1617 3616 1670 subilmnt.

2034 1705 2145 1760 Nec
2176 1706 2280 1761 erit
2307 1708 2399 1775 qui
2434 1705 2541 1761 illis
2562 1706 2855 1775 exprobret
2884 1716 3122 1764 vestram
3154 1709 3209 1764 in
3236 1709 3462 1765 meliora
3496 1727 3618 1764 mu-

2039 1799 2318 1861 tationem,
2352 1797 2708 1867 veritatisque
2752 1799 3107 1869 agnitionem,
3150 1800 3255 1856 nisi
3284 1802 3375 1872 qui
3405 1813 3459 1857 et
3492 1803 3625 1858 illos‘

351 1893 450 1959 τῆς
479 1890 741 1962 ἀληθείας
798 1892 1119 1960 ἐπίγνωσιν,
1166 1890 1274 1955 ἕως
1312 1891 1381 1946 ἂν
1437 1893 1563 1961 μηδ’
1613 1894 1812 1958 αὐτοὺς
1848 1893 1924 1958 ὡς

2032 1889 2333 1945 insectetur
2382 1891 2539 1960 quasi
2580 1892 2756 1946 errori
2790 1888 3075 1958 addictos,
3125 1894 3409 1964 improbus
3455 1898 3611 1966 quis-

357 1983 745 2051 πλανωμένους
785 1981 985 2056 ἐλαύνῃ
1015 1983 1050 2053 ἢ
1101 1985 1341 2053 πονηρός
1365 2000 1448 2047 τις
1476 1984 1509 2054 ἢ
1546 1985 1639 2037 καὶ
1672 1985 1926 2056 ἀνόητος,

352 2064 420 2126 τὰ
454 2077 734 2143 στεφάνων
765 2076 891 2141 ἀξια
916 2075 1122 2145 ψέγων,
1156 2078 1252 2129 καὶ¹
1283 2076 1409 2130 νοῦν
1448 2076 1594 2148 ἔχειν
1624 2081 1755 2142 τοὺς
1786 2079 1927 2148 μετὰ

354 2166 451 2234 τῆς
483 2166 744 2236 ἀληθείας
796 2168 890 2220 καὶ
927 2169 1028 2236 τὴν
1070 2168 1222 2236 σφῶν
1255 2168 1535 2239 σωτηρίαν
1565 2170 1930 2239 προϊεμένους

355 2259 678 2322 ἀλαζονείας
721 2260 883 2330 χάριν
915 2259 1162 2329 οἰόμενος
1185 2277 1198 2290 ·
1236 2260 1373 2314 πολὺ
1407 2260 1465 2314 δὲ
1496 2261 1695 2330 μᾶλλον
1729 2263 1929 2327 αὐτοὺς

353 2350 462 2400 τῶν
504 2348 788 2420 ὑμετέρων
837 2351 1270 2423 κληρονομήσειν
1329 2349 1626 2421 ἐγκωμίων
1658 2352 1927 2429 ἡγοῦμαι,

355 2443 446 2493 καὶ
476 2445 586 2505 τοίς
614 2442 900 2512 ὑμετέροις
935 2443 1377 2512 ἐγκαυχήσεσθαι
1406 2445 1612 2508 πόνοις,
1657 2444 1751 2507 οὓς
1785 2443 1927 2515 ὑπὲρ

355 2541 450 2608 τῆς
473 2537 729 2607 ἀληθείας
748 2538 1072 2608 ὑφίστασθε.
1097 2539 1274 2603 Ὅλως
1301 2540 1359 2593 δὲ
1390 2539 1450 2593 τὸ
1484 2539 1584 2611 μὲν
1605 2541 1706 2610 τὴν
1735 2540 1931 2611 αἰσχύ-

355 2646 451 2699 νην
476 2632 587 2692 τοῖς
646 2632 944 2698 μετέπειτα
979 2631 1380 2702 παραπέμψειν
1420 2631 1567 2701 ὑμᾶς
1615 2632 1737 2685 οὐδὲ
1767 2632 1928 2698 λόγον

355 2724 499 2793 ἔχειν
538 2721 802 2793 ἠγοῦμαι,
860 2722 987 2788 τούς
1021 2740 1086 2792 γε
1120 2725 1195 2794 μὴ
1248 2723 1464 2794 πρῶτον
1509 2724 1710 2789 αὐτοὺς
1746 2723 1928 2790 ἀξίους
1980 2766 1983 2769 λ

353 2817 513 2880 διτας
542 2816 898 2887 αἰσχύνεσθαι
925 2833 939 2847 ·
977 2815 1102 2870 οὔτε
1145 2817 1201 2869 δὲ
1231 2816 1293 2870 τὸ
1334 2817 1632 2889 μανθάνειν
1673 2818 1927 2888 αἰσχρὸν,

353 2909 575 2980 καὶτῆς
600 2910 859 2982 ἀληθείας
893 2911 927 2982 ἠ
978 2912 1170 2982 κτῆσις
1206 2911 1689 2981 εὐπρεπεστέρους
1725 2911 1930 2980 μᾶλλον

353 3003 640 3057 ἀποτελεῖν
691 3003 788 3056 καὶ
839 3002 1152 3073 λάμποντας
1196 3001 1410 3059 εἴωθεν.
1467 3002 1544 3056 Οὑ
1578 3000 1686 3073 μὴν
1719 3003 1834 3055 ἀλλ’
1860 3005 1928 3056 -εί

354 3095 449 3148 καὶ
476 3095 589 3158 τοῖς
617 3095 702 3164 ἐφ’
736 3095 1032 3164 ἑκατέρους
1074 3094 1183 3147 τῶν
1228 3099 1438 3164 χρόνων
1471 3095 1776 3165 ἐμέλλομεν
1806 3096 1928 3150 ἀδο-

357 3188 473 3251 ξίαν
498 3191 618 3243 τινὰ
651 3190 746 3243 καὶ
775 3189 975 3259 ὀνείδη,
1001 3188 1067 3243 ἐκ
1093 3206 1158 3258 γε
1185 3188 1282 3243 τοῦ
1304 3189 1510 3256 γνῶναι
1539 3190 1640 3261 τὴν
1665 3176 1927 3261 ἀλήθειαν

2030 1981 2174 2051 piam
2204 1989 2299 2048 aut
2324 1995 2506 2037 meme
2540 1992 2757 2053 captus,
2786 1983 2916 2038 dum
2945 1999 3068 2055 quae
3111 1995 3241 2041 sunt
3263 1988 3483 2041 coronis
3526 1989 3615 2042 di-

2029 2091 2134 2146 gna
2163 2076 2530 2144 reprehendit,
2567 2085 2623 2130 et
2662 2078 2862 2132 mentis
2892 2092 3015 2133 esse
3040 2087 3323 2148 compotes
3357 2089 3484 2149 puta
3517 2096 3616 2135 eos

2032 2169 2124 2237 qui
2164 2168 2420 2239 superbia
2451 2168 2578 2224 elati
2607 2170 2881 2238 propriam
2933 2169 3164 2225 salutem
3215 2185 3338 2224 rum
3381 2171 3612 2225 veritate

2032 2260 2331 2330 projiciunt
2360 2278 2374 2315 :
2408 2260 2580 2315 multo
2630 2276 2761 2315 vero
2808 2264 2982 2333 magis
3030 2262 3274 2317 arbitror
3325 2262 3450 2318 illos
3498 2262 3615 2317 fore
3654 2278 3657 2281 '

2033 2361 2335 2409 vestrorum
2372 2353 2612 2408 lmredes
2641 2355 3044 2419 encomiorum,
3078 2364 3134 2411 et
3161 2355 3469 2426 jactaturos
3497 2372 3618 2411 sese

2033 2444 2102 2500 de
2122 2445 2317 2500 vestris
2348 2446 2651 2509 laboribus,
2697 2460 2837 2517 quos
2878 2447 3158 2517 suscipitis
3216 2462 3315 2518 pro
3364 2450 3613 2503 veritate.

2033 2537 2270 2594 Omnino
2324 2547 2506 2594 autem
2551 2539 2619 2594 de
2669 2539 2970 2610 ignominia
3030 2541 3082 2593 in
3113 2549 3360 2610 posteros
3393 2557 3422 2596 a
3456 2542 3615 2596 vobis

2032 2633 2468 2689 transfundenda
2513 2648 2615 2688 nec
2647 2634 2947 2689 curandum
2979 2635 3237 2701 arbitror,
3278 2634 3407 2689 dum
3452 2637 3569 2704 prin
3599 2636 3612 2688 i

2034 2740 2133 2781 vos
2177 2725 2276 2795 ipsi
2305 2725 2453 2797 digni
2506 2740 2621 2780 non
2660 2726 2803 2792 sitis,
2860 2728 2948 2796 qui
2988 2727 3183 2782 merito
3230 2728 3609 2789 erubescatis;

2034 2834 2158 2874 nam
2187 2829 2238 2872 et
2268 2820 2449 2873 dicere
2489 2828 2645 2888 turpe
2686 2834 2791 2873 non
2825 2829 2927 2883 est,
2958 2828 3014 2874 et
3054 2820 3259 2875 veritas
3302 2820 3613 2875 ornatior-rs

2033 2912 2213 2980 potius
2236 2912 2459 2966 reddere
2480 2912 2619 2966 solet
2639 2920 2802 2981 atque
2823 2911 3061 2967 illustres
3078 2926 3194 2974 eos,
3222 2927 3250 2966 a
3279 2913 3475 2981 quibus
3500 2914 3614 2982 ipsa

2031 3006 2365 3078 possidetur.
2395 3005 2548 3070 Quod
2579 3004 2625 3060 si
2652 3004 2815 3060 etiam
2849 3004 3093 3059 futurum
3119 3014 3284 3070 esset,
3317 3016 3377 3060 ut
3411 3007 3612 3075 probra

2030 3109 2085 3154 ct
2117 3098 2355 3155 dedecus
2383 3100 2670 3166 utriusque
2693 3100 2958 3163 temporis
2984 3098 3301 3154 hominibus
3330 3099 3611 3169 imprime-

2032 3206 2236 3256 remus,
2299 3206 2365 3247 eo
2421 3190 2570 3262 quod
2628 3190 2735 3259 ipsi
2786 3188 3070 3273 veritatem
3136 3205 3604 3260 agnoscet-emus;

353 3281 508 3333 αὑτοὶ
528 3282 835 3353 προξενεῖν,
867 3282 994 3354 μήτ’
1023 3281 1255 3345 ἐκείνοις
1288 3279 1456 3336 αἴτιοι
1509 3283 1803 3351 γεγονότες
1830 3282 1926 3336 τοῦ

2032 3299 2156 3339 cum
2177 3298 2278 3338 nec
2303 3281 2411 3338 illis
2441 3282 2704 3337 credendi
2739 3266 3010 3338 mendacii
3033 3291 3287 3339 auctores
3317 3281 3612 3343 fuerimus.

350 3372 607 3443 ψεύδους,
663 3374 757 3427 καὶ
810 3373 1022 3437 τούτοις
1071 3373 1362 3442 δυνάμενοι
1419 3373 1520 3444 τῆς
1570 3373 1929 3443 ὑγιαινούσης

352 3465 512 3534 δόξης
542 3462 684 3519 εἶναι
742 3465 1077 3536 καθηγηταί,
1129 3466 1230 3519 οὑκ
1279 3466 1448 3537 ἐχρῆν
1481 3466 1631 3536 ἡμᾶς
1681 3464 1784 3533 τῆς
1815 3464 1927 3520 τῶν

353 3560 528 3615 ἄλλων
552 3560 917 3631 προνοοῦντας
942 3558 1133 3630 τιμῆς,
1164 3559 1263 3629 τῆς
1285 3559 1494 3620 οἰκείας
1527 3559 1809 3630 ὑπερορᾷν
1832 3558 1928 3612 καὶ

351 3654 452 3723 τὴν
482 3656 545 3708 ὲκ
576 3656 678 3726 τῆς
724 3654 987 3725 ἀληθείας
1027 3654 1187 3719 δόξαν
1244 3652 1553 3724 προίεσθαι.
1600 3651 1669 3708 Εί
1698 3651 1757 3706 δὲ
1803 3649 1927 3707 καθ’

354 3747 512 3820 ἡμῶν
534 3748 713 3802 αὑτῶν
738 3746 964 3819 ᾔδειμεν
1011 3746 1161 3802 ἅπαν
1195 3746 1461 3819 μέμψεως
1518 3745 1925 3816 ὲφεθησόμενον

355 3839 525 3902 Βέλος,
556 3840 723 3909 ὁμόσε
753 3840 922 3894 πᾶσιν
953 3837 1061 3893 εδει
1081 3840 1306 3911 χωρεῖν,
1335 3838 1490 3893 οὐδὲν
1521 3837 1618 3891 τοῦ
1647 3836 1792 3907 μετὰ
1825 3837 1926 3907 τῆς

351 3929 609 4001 ἀληθείας
641 3930 1003 4000 ἀτιμάζεσθαι
1024 3946 1082 3984 τε
1108 3933 1209 3987 καὶ
1231 3931 1515 4001 θνήσκειν,
1542 3930 1591 3982 εί
1616 3929 1746 3995 δέοι,
1766 3928 1927 3999 νομί-

352 4024 545 4088 ζοντας
591 4023 956 4094 αἱρετώτερον
986 4039 1003 4057 ⁸
1039 4024 1132 4077 καὶ
1163 4022 1558 4094 λογιζομένους
1589 4023 1689 4091 μὲν
1726 4021 1828 4092 τὴν
1862 4022 1922 4074 ἐν

350 4118 600 4186 οὐρανοῖς
629 4116 947 4190 παρρησίαν
975 4117 1069 4172 καὶ
1107 4116 1289 4184 δόξαν,
1341 4116 1410 4188 ἢν
1435 4114 1601 4169 ἕνεκα
1622 4114 1732 4168 τῶν
1783 4113 1926 4185 ὑπὲρ

350 4216 449 4281 τῆς
489 4211 747 4283 ἀληθείας
790 4210 1053 4281 καμάτων
1105 4209 1468 4280 ὀφειλομένην
1517 4210 1651 4278 ἡμῖν
1686 4208 1760 4262 καί
1813 4207 1925 4261 τῶν

350 4306 655 4376 ἀνθρώπων
678 4303 917 4375 μέμψεις
944 4302 1175 4374 ἔμελλον
1216 4300 1403 4367 αὔξειν
1424 4317 1443 4332 θ
1483 4300 1925 4370 ἐνθυμουμένους

349 4399 408 4451 δὲ
438 4398 520 4464 τὸ,
542 4398 689 4460 ὅπως
722 4398 884 4468 ἡμεῖς
914 4396 1015 4468 βίῳ
1039 4398 1135 4450 καὶ
1167 4396 1347 4448 πίστει
1378 4392 1769 4465 διορθωθέντες
1816 4409 1926 4445 σω-

351 4490 576 4561 ζῶμεθά
603 4507 664 4544 τε
690 4492 783 4544 καὶ
822 4487 1199 4559 δοξαζώμεθα,
1235 4488 1345 4542 πᾶν
1397 4484 1616 4563 ἀδοξίας
1651 4481 1792 4549 εἳδος
1835 4483 1921 4554 ἐφ’

2030 3385 2085 3430 et
2108 3375 2194 3432 his
2219 3375 2497 3445 possimus
2524 3390 2670 3431 sanae
2721 3377 3001 3447 opinionis
3026 3391 3148 3434 esse
3179 3377 3425 3448 magistri
3454 3393 3470 3443 ;
3495 3392 3605 3432 nou

2029 3476 2307 3538 oporteret
2335 3482 2435 3524 nos
2456 3467 2687 3523 aliorum
2716 3468 2912 3525 honori
2942 3468 3299 3525 consulentes
3355 3480 3608 3526 nostrum

2029 3568 2397 3625 contemnere,
2417 3569 2471 3615 et
2501 3560 2783 3631 aspernari
2812 3562 3039 3631 gloriam
3073 3577 3139 3617 ex
3164 3563 3395 3617 veritate
3417 3577 3612 3631 prove«
3654 3608 3657 3611 .

2030 3653 2292 3715 nieptem.
2318 3652 2384 3707 Et
2406 3651 2452 3708 si
2469 3661 2665 3708 contra
2689 3667 2790 3708 nos
2814 3653 2964 3723 ipsos
2983 3669 3144 3711 omne
3163 3655 3613 3724 reprehensionis

2032 3749 2196 3804 telum
2242 3746 2510 3802 sciremus
2561 3745 2966 3819 conjiciendum
2998 3786 3014 3810 ,
3063 3748 3305 3802 eundum
3356 3749 3608 3804 cominus

2027 3849 2174 3895 esset
2206 3838 2274 3893 ad
2303 3838 2628 3909 excipienda
2657 3839 2869 3903 omnia,
2913 3838 3049 3894 nihil
3087 3840 3382 3910 optabilius
3422 3841 3609 3897 existi-

2029 3931 2325 3997 mantibus,
2362 3945 2527 4002 quam
2569 3931 2683 4000 pati
2707 3930 3077 3995 contumelias
3108 3946 3233 3986 cmn
3269 3933 3522 3997 veritate,
3553 3944 3611 3987 et

2028 4026 2075 4083 si
2103 4040 2242 4096 opus
2276 4024 2369 4092 sit,
2402 4022 2575 4079 emori
2607 4041 2626 4091 ;
2663 4037 2728 4079 ac
2756 4038 2867 4093 prae
2897 4023 3074 4079 oculis
3102 4025 3322 4094 quidem
3356 4027 3610 4082 habenti-

2030 4118 2130 4173 bus
2163 4115 2579 4186 amplitudinem
2623 4125 2678 4171 et
2705 4116 2932 4187 gloriam
2967 4114 3268 4182 caelestem,
3298 4134 3462 4188 quam
3506 4138 3610 4176 no-

2027 4210 2112 4266 bis
2135 4209 2204 4266 ob
2232 4209 2449 4266 labores
2499 4222 2600 4280 pro
2633 4209 2865 4265 veritate
2921 4210 3161 4265 debitam
3226 4211 3609 4268 oblocutionrs

2030 4306 2310 4360 hominum
2371 4303 2753 4370 cumularent;
2807 4303 2953 4357 illam
2984 4310 3164 4356 autem
3218 4301 3608 4372 cogitationem

2029 4398 2386 4463 volventibus,
2406 4412 2516 4468 quo
2546 4404 2709 4468 pacto
2751 4412 2848 4468 per
2873 4398 2995 4453 vitae
3019 4412 3083 4451 ac
3113 4397 3237 4454 tidei
3267 4398 3611 4453 emendatio-

2028 4508 2150 4549 nem
2178 4505 2582 4562 consequamur
2610 4490 2840 4546 salutem
2893 4499 2945 4545 et
2971 4490 3227 4562 gloriam,
3278 4491 3523 4546 admisso
3551 4492 3608 4545 in

351 4582 578 4647 ἑαυτοὺς
602 4585 1045 4653 προσηκάμενοι.
1080 4582 1262 4644 ὀλως
1291 4577 1350 4632 δὲ
1373 4581 1471 4663 οὐχ
1502 4579 1614 4647 ὁρῶ
1636 4578 1765 4636 τοὺς
1793 4577 1922 4663 ὑμῖν

2033 4600 2132 4643 nos
2166 4586 2314 4655 ipsos
2334 4583 2484 4637 omni
2512 4582 2858 4638 contumeliae
2889 4597 3105 4653 genere.
3136 4579 3371 4638 Omnino
3423 4593 3607 4637 autem

350 4675 706 4738 όνειδιοῦντας
729 4675 926 4738 οἵτινες
951 4673 1185 4739 ἔσονται,
1212 4674 1307 4725 καὶ
1336 4666 1416 4726 ὧν
1440 4662 1679 4725 αἰδεῖσθε
1713 4662 1922 4741 σφόδρα

350 4771 447 4832 τὰς
482 4767 740 4840 μέμψεις.
772 4768 909 4830 Τοὺς
943 4767 1044 4838 μὲν
1078 4769 1188 4838 γὰρ
1223 4765 1345 4838 μεθ’
1384 4766 1529 4835 ὑμᾶς
1557 4765 1653 4818 καὶ
1676 4767 1924 4834 φρίττειν

348 4861 447 4924 τὰς
483 4860 755 4931 ὑμετέρας
788 4846 1004 4929 ψήφους
1038 4857 1276 4928 ἀνάγκη,
1311 4858 1410 4928 τὴν
1466 4856 1627 4921 ἀξίαν
1656 4854 1924 4908 εὐλαϐου-

356 4957 578 5026 μένους,
606 4955 675 5026 ῆν
703 4957 816 5016 τοῖς
847 4969 907 5006 τε
939 4952 1120 5014 ἀλλοις
1175 4954 1268 5005 καὶ
1309 4951 1387 5020 τῷ
1417 4952 1513 5021 τῆς
1548 4950 1812 5020 ἀληθείας
1847 4948 1925 5011 ὡς

350 5049 454 5101 ἔδει
487 5046 910 5118 πεφροντικέναι
941 5045 1315 5114 περικείμενοι
1343 5044 1568 5109 δείξετε,
1626 5042 1721 5094 καὶ
1773 5041 1926 5110 τηλι-

350 5143 526 5214 καύτῃ
576 5130 784 5207 συνόδῳ
832 5139 1108 5209 προπετὲς
1141 5137 1482 5207 ἡγουμένους
1518 5137 1614 5188 καὶ
1672 5134 1923 5188 κινδύνου

351 5238 519 5304 γέμον
548 5233 990 5305 διακυρίττεσθαι
1017 5251 1029 5262 ·
1066 5233 1405 5302 ἐμμένοντας
1430 5230 1488 5283 δὲ
1511 5230 1623 5292 τοῖς
1654 5227 1746 5295 ὑφ’
1770 5229 1922 5298 ὑμῶν

350 5328 735 5396 ἐγνωσμένοις,
766 5324 862 5377 καὶ
898 5323 1065 5394 τιμᾷν
1089 5320 1236 5382 εἰκὸς
1267 5318 1445 5373 ταῦτα
1471 5315 1685 5371 καὶτοῦ
1712 5317 1923 5381 παντὸς

349 5418 474 5483 ἄξια
507 5419 736 5489 κρίνειν,
769 5419 864 5470 καὶ
910 5419 1070 5488 χάριν
1104 5414 1236 5481 ὑμῖν
1267 5411 1412 5482 ὑπὲρ
1468 5409 1679 5463 τούτων
1726 5411 1921 5480 ὁμολο-

350 5516 485 5582 γεῖν,
520 5514 615 5565 καὶ
639 5516 758 5575 ταῖς
787 5512 897 5565 τῶν
928 5509 1217 5580 μακαρίων
1244 5507 1390 5576 ὑμᾶς
1422 5503 1684 5571 ἁγάλλειν
1710 5508 1919 5575 τιμαῖς,

351 5601 425 5659 ὧν
459 5606 672 5670 ἀξιοῦσι
707 5604 835 5668 τοὺς
864 5606 977 5665 τοῖς
1008 5602 1216 5673 ὁμοίοις
1256 5602 1471 5668 ἀγῶσιν
1523 5591 1920 5668 ἐνδιαπρέψανο

350 5712 467 5757 τας.
505 5697 569 5749 Ei
594 5697 651 5749 δέ
681 5712 829 5758 τινες
860 5693 1145 5767 παρρησίᾳ
1170 5694 1344 5747 ταῦτα
1369 5691 1658 5762 τιμῶντες,
1687 5690 1816 5759 ὑμῖν
1844 5688 1921 5751 ὡς

348 5790 445 5856 τῆς
483 5790 545 5841 ὲκ
581 5787 676 5840 τοῦ
713 5787 969 5841 νικᾶσθαι
1004 5787 1487 5855 καταφρονήσασιν
1513 5784 1739 5852 ἀτιμίας
1775 5783 1917 5851 μέμ-

356 5881 554 5952 φεσθαι
595 5882 890 5952 βούλοιντο,
925 5879 1039 5931 ἀλλ’
1083 5881 1209 5949 ὑμῖν
1239 5881 1272 5950 ἡ
1308 5881 1455 5947 παρὰ
1493 5878 1599 5929 τῶν
1628 5876 1802 5946 ἔργω)
1834 5877 1918 5926 δόσ-

2030 4695 2138 4735 non
2181 4679 2337 4735 video
2367 4676 2587 4747 quinam
2614 4684 2774 4730 erunt
2807 4689 2839 4729 a
2871 4674 3070 4745 quibus
3097 4670 3295 4746 'probra
3325 4674 3480 4729 vobis
3507 4675 3608 4728 ob-

2022 4772 2309 4845 jiciantur,
2344 4776 2398 4824 et
2425 4783 2660 4839 quorum
2695 4767 3072 4837 querimonias
3094 4768 3253 4823 valde
3283 4766 3609 4822 revrrcami-

2030 4864 2107 4919 ni.
2141 4861 2275 4917 Nam
2317 4861 2524 4930 posteri
2572 4858 2998 4931 perhorrescant
3052 4857 3217 4913 etiam
3268 4872 3492 4912 necesse
3526 4866 3611 4911 est

2026 4968 2240 5014 vestras
2253 4956 2570 5017 sententias,
2586 4952 2733 5008 ducti
2750 4958 2941 5007 vestrae
2953 4950 3229 5021 dignitatis
3243 4949 3606 5011 observantia,

2030 5065 2194 5120 quam
2217 5063 2327 5117 prae
2358 5046 2510 5100 vobis
2536 5043 2746 5107 feretis,
2772 5051 2885 5097 tum
2908 5056 3002 5111 per
3033 5037 3162 5104 alia,
3187 5047 3302 5093 tum
3331 5038 3377 5092 si
3403 5038 3602 5090 seriam

2028 5157 2216 5197 curam
2239 5139 2304 5193 ad
2329 5140 2610 5194 veritatem
2637 5135 2984 5192 contuleritis
3005 5153 3019 5188 :
3042 5129 3365 5187 temeritatis
3383 5129 3526 5182 enim
3549 5142 3608 5181 se

2028 5233 2300 5305 putabunt
2336 5240 2542 5287 tantam
2567 5229 2837 5301 synodum
2881 5241 3050 5282 cornu
3078 5236 3284 5295 petere,
3333 5220 3445 5275 into
3476 5235 3607 5271 Vero

2028 5306 2422 5396 amplectentur
2447 5331 2621 5379 vestra
2658 5321 2902 5383 decreta,
2940 5318 3269 5372 honorantes
3296 5329 3380 5380 ea,
3412 5321 3463 5366 et
3484 5312 3606 5379 plu-

2027 5418 2149 5473 rimi
2179 5417 2438 5472 t'acientes
2460 5456 2475 5478 ,
2498 5412 2756 5483 vobisque
2787 5418 3070 5481 propterea
3107 5406 3313 5477 gratias
3350 5411 3530 5473 agi-nt,
3553 5414 3608 5454 et

2029 5506 2331 5562 honoribus
2359 5518 2497 5572 quos
2528 5501 2768 5556 tribuere
2788 5500 2965 5554 solent
2998 5497 3195 5560 beatis,
3227 5494 3323 5566 qui
3354 5493 3608 5562 splendo-

2028 5615 2086 5654 re
2128 5596 2501 5653 consimilium
2551 5595 2909 5650 certaminum
2958 5590 3257 5651 emicuere,
3310 5586 3607 5641 ornabant.

2026 5691 2179 5758 Quod
2208 5690 2251 5745 si
2281 5688 2371 5757 qui
2402 5687 2623 5745 fuerint.
2656 5685 2750 5755 qui
2788 5700 2848 5740 ea
2869 5681 3088 5752 quidem
3125 5691 3313 5751 aperte
3354 5677 3602 5747 probent,

2028 5799 2123 5838 vos
2157 5791 2338 5835 autem
2370 5777 2768 5849 reprehendere
2816 5776 3010 5840 velint,
3041 5775 3185 5845 quod
3226 5775 3353 5829 victi
3389 5773 3457 5826 ab
3482 5771 3606 5824 aliis

2027 5877 2261 5931 dedecus
2281 5876 2380 5930 hoc
2399 5873 2748 5943 susceperitis
2783 5891 2796 5928 :
2825 5881 2879 5927 at
2899 5871 3053 5927 vobis
3077 5879 3225 5926 certe
3255 5867 3389 5923 satis
3412 5867 3518 5921 erit
3538 5877 3607 5919 ex
3678 5878 3681 5881 ‘
