4038 6476
393 458 498 520 ιιι

1449 459 1828 520 GENNADH
1872 461 1983 518 Cl’.
2020 461 2534 521 i‘:’t'l’l’.l.\l‘\t‘.ll.l‘.

3558 446 3660 510 432

394 574 560 627 rebus
583 569 747 635 gestis
782 568 1023 624 nancisci
1055 568 1282 640 gloriam
1307 589 1318 623 :
1348 572 1602 641 quodque
1628 581 1740 626 tum
1769 579 1981 636 vestrm,

2095 575 2174 638 Ξα,
2214 574 2307 626 καὶ
2359 576 2419 624 τὸ
2453 571 2720 635 σώζεσθαι
2756 570 2855 639 μὲν
2889 567 3067 630 αὐτοὶ,
3105 563 3305 630 σώζειν
3340 562 3398 615 δὲ
3426 561 3524 615 καὶ
3553 563 3676 623 τοὺς

394 673 512 720 tum
560 663 787 715 aliorum
845 675 1040 729 sponte
1094 677 1192 716 vos
1251 663 1598 730 quuentium
1663 662 1825 717 saluti
1887 678 1984 732 per

395 756 642 811 veritatis
675 754 1008 822 agnitionem
1042 755 1454 810 consulueritis.
1516 753 1622 809 Sed
1660 770 1759 810 nec
1789 771 1979 810 eorum

392 851 490 921 qui
523 862 668 902 nunc
708 847 875 901 vitam
911 847 1131 916 degunt,
1174 860 1267 897 vos
1297 845 1588 915 quisquam
1636 849 1982 914 culpaverit:

400 958 507 996 non
555 940 754 1006 Graeci,
795 940 995 1009 quibus
1052 939 1363 992 videbimini
1422 939 1713 994 maximam
1770 941 1984 996 laudem

397 1033 618 1098 mereri,
644 1044 698 1086 et
727 1048 891 1102 penes
930 1047 1066 1101 quos
1132 1031 1428 1085 immortali
1469 1031 1662 1085 vivctis
1692 1031 1984 1096 memoria,

399 1129 544 1196 quod
586 1137 638 1180 et
662 1127 988 1194 sumptibus,
1030 1134 1082 1178 et
1107 1125 1454 1192 e0rporibus,
1491 1132 1544 1179 et
1579 1125 1846 1190 scientia,
1870 1123 1988 1178 ani-

401 1222 473 1274 mi
498 1220 730 1288 deniquc
768 1218 1137 1272 moderatione
1160 1232 1226 1272 ac
1251 1215 1448 1270 divinis
1478 1216 1803 1286 quibusdam
1840 1216 1985 1286 cogi-

403 1313 699 1366 tationibus
730 1324 916 1380 pacem
935 1310 1035 1364 soli
1083 1307 1196 1364 fere
1218 1324 1282 1362 ex
1300 1308 1556 1362 omnibus
1579 1306 1928 1362 conleceritis
1963 1323 1978 1357 :

401 1420 576 1473 neque
605 1402 965 1471 vosmetipsos
999 1401 1128 1470 ipsi,
1160 1415 1257 1454 nec
1286 1400 1428 1455 alius
1457 1415 1522 1453 ex
1559 1399 1628 1454 iis
1657 1399 1749 1468 qui
1773 1406 1988 1454 vestras

400 1507 583 1567 partes
613 1502 934 1564 sequuntur.
962 1491 1164 1547 Omnes
1198 1490 1345 1546 enim
1386 1491 1715 1545 sententiam
1745 1499 1985 1544 vestram

403 1601 661 1657 tanquam
691 1586 950 1642 divinitus
977 1585 1142 1640 latam
1198 1583 1462 1652 arripient
1510 1599 1524 1636 :
1556 1591 1666 1636 tum
1699 1581 1829 1652 quia
1856 1596 1989 1635 con-

405 1681 646 1753 gregatio
674 1689 759 1734 est
789 1677 1112 1733 universalis
1150 1673 1434 1743 Ecclesiae,
1468 1691 1634 1745 quam
1665 1689 1852 1729 errare
1886 1673 1989 1728 im-

407 1775 664 1846 possibile
697 1781 798 1839 est,
825 1781 938 1827 tum
974 1771 1100 1841 quia
1133 1770 1222 1825 illa
1247 1769 1398 1839 pacis
1448 1769 1554 1823 crit
1577 1784 1764 1831 causa,
1815 1781 1980 1838 quam

407 1882 599 1922 omnes
635 1863 1006 1935 optant.quod
1059 1877 1155 1932 per
1191 1876 1313 1917 eam
1347 1859 1669 1930 exspectent
1697 1861 1984 1916 liberatum

408 1959 554 2014 sciri
592 1958 662 2012 ab
709 1955 961 2010 omnibus
989 1953 1282 2009 teterrimis
1307 1951 1488 2017 malis,
1538 1966 1771 2020 quorum
1833 1949 1988 2019 origo

406 2050 612 2105 exstitit
643 2048 888 2117 utrisque
916 2046 1178 2100 schisma.
1202 2043 1474 2098 Caeterum
1511 2043 1555 2098 si
1585 2044 1681 2097 θοι
1711 2053 1897 2098 utnon
1921 2043 1990 2097 ab

407 2141 661 2194 omnibus
708 2137 1028 2202 laudetuini,
1079 2151 1181 2191 nec
1233 2135 1490 2191 omnibus
1523 2135 1767 2190 arrideat
1810 2143 1988 2190 vestra

410 2230 678 2287 sententia
706 2248 720 2284 :
753 2228 846 2284 sed
877 2230 948 2282 sit
1001 2227 1222 2298 aliquis,
1258 2226 1342 2280 cui
1373 2227 1556 2297 potius
1611 2229 1987 2282 concertando

409 2324 720 2395 plaeeretis,
747 2329 802 2378 et
832 2321 1126 2376 evertendo
1143 2321 1349 2385 omnia,
1376 2335 1444 2374 ne
1467 2321 1750 2391 ignorasse
1769 2333 1990 2390 praeter-

409 2417 486 2470 ito
521 2425 764 2484 tempore
810 2412 954 2482 quod
987 2412 1131 2468 credi
1163 2411 1449 2482 oportebat
1497 2429 1510 2466 :
1554 2411 1849 2467 videamini
1879 2428 1986 2468 non

409 2506 618 2560 debetis
653 2513 937 2575 propterea
969 2517 1267 2573 paucorum
1299 2502 1509 2570 laudes,
1534 2517 1737 2573 easque
1766 2504 1989 2558 vitiosas

409 2598 748 2649 commutare.
793 2608 917 2648 cum
942 2591 1162 2648 fastidio
1180 2592 1539 2660 plurimorum
1557 2600 1610 2646 et
1633 2592 1986 2662 optimOtutn,

409 2697 464 2742 et
483 2687 696 2756 optima:
718 2688 792 2743 rei
815 2701 978 2742 causa
999 2694 1263 2755 concepto
1287 2701 1300 2738 :
1333 2700 1454 2740 cum
1479 2686 1602 2741 licet
1620 2687 1801 2740 cuncti
1824 2686 1986 2740 simul

411 2795 575 2850 prave
598 2780 860 2846 sentiant,
892 2787 947 2832 ct
969 2779 1200 2834 moleste
1231 2777 1335 2833 hoc
1357 2776 1555 2842 ferant,
1578 2792 1677 2832 vos
1693 2785 1875 2832 tamen
1909 2776 1992 2832 ni-

412 2873 486 2928 hil
509 2887 722 2939 curare,
753 2871 848 2927 sed
886 2881 1095 2927 tantum
1127 2871 1194 2926 de
1229 2870 1463 2926 honesto
1489 2879 1544 2926 et
1576 2885 1705 2926 vero
1729 2870 1990 2927 sollicitos

410 2981 533 3020 esse
577 2973 859 3034 oporteat:
902 2964 1034 3019 illud
1085 2964 1320 3019 scientes
1371 2977 1592 3018 omnem
1628 2962 1908 3033 querelam
1936 2971 1991 3019 et

412 3057 807 3126 oppositionem
841 3055 1090 3111 frivolam
1119 3055 1256 3121 lore,
1282 3055 1325 3109 si
1358 3055 1522 3110 modo
1549 3063 1668 3110 rata
1703 3055 1834 3121 sint,
1867 3071 1990 3125 qua:

414 3148 545 3201 [ient
566 3163 594 3202 a
611 3147 781 3223 vobis.
801 3145 931 3200 Nam
955 3147 999 3201 si
1024 3162 1212 3202 verum
1237 3155 1320 3200 est
1340 3160 1370 3200 a
1392 3161 1478 3200 me
1501 3145 1815 3212 dicendum,
1840 3147 1988 3201 omni

415 3255 486 3292 te
513 3255 672 3308 quem
703 3237 973 3292 oli‘endam
1012 3238 1324 3303 suspicione
1365 3247 1593 3302 remota,
1649 3252 1744 3293 vos
1779 3245 1986 3293 tantum

412 3347 554 3403 Opus
587 3341 672 3387 est
701 3341 756 3385 ttt
809 3331 1026 3387 inanem
1060 3332 1287 3402 gloriam
1343 3332 1684 3402 despiciatis,
1718 3342 1773 3386 et
1804 3333 1985 3386 omnia

414 3427 551 3479 bene
581 3439 640 3480 se
690 3424 965 3479 habebunt
991 3439 1006 3490 ;
1055 3431 1108 3479 et
1137 3425 1179 3477 si
1202 3423 1330 3477 illud
1367 3437 1466 3494 pro
1494 3432 1642 3478 certo
1667 3423 1869 3478 animis
1901 3438 1993 3478 ve-

367 3537 371 3540 ·
415 3518 543 3574 stris
569 3518 980 3590 proposueritis.
1012 3516 1125 3572 fore
1150 3525 1208 3570 ut
1233 3533 1510 3586 nunquam
1553 3509 1651 3573 vds
1693 3516 1860 3573 chtri
1893 3532 1995 3587 pu-

415 3611 559 3672 deat.
594 3619 686 3665 aut
710 3610 778 3664 ob
809 3609 1092 3665 sententia:
1123 3609 1479 3664 mutationem
1513 3609 1834 3675 turbemini,
1858 3609 1992 3664 nihil

415 3713 499 3760 est
527 3703 670 3774 quod
695 3702 762 3757 de
794 3701 915 3756 aliis
943 3702 1198 3756 timeatis.
1249 3699 1318 3754 At
1349 3716 1447 3755 vos
1480 3716 1580 3756 nec
1630 3700 1864 3770 justum,
1894 3685 1996 3754 nec

417 3805 841 3851 consentaneum
872 3793 1178 3864 estaliquid
1207 3791 1354 3846 aliud
1391 3793 1603 3848 veritati
1628 3792 1909 3863 praeferre,
1945 3802 1998 3845 et

418 3896 638 3958 propter
685 3895 842 3955 turpe
892 3883 1230 3956 repugnandi
1273 3883 1513 3939 studium
1579 3892 1635 3938 et
1696 3883 1994 3936 humanum

314 3983 316 3986 ’
413 3981 693 4044 arrectum,
757 3976 900 4030 nolle
954 3975 1205 4044 amplecti
1273 3975 1651 4040 concordiam,
1720 3988 1841 4042 quae
1880 3974 1996 4028 sola

416 4069 740 4141 corporibus
773 4077 824 4124 ct
857 4069 1057 4124 animis
1113 4076 1293 4138 potest
1337 4065 1534 4122 aﬂcrrc
1577 4066 1830 4130 salutem,
1872 4082 1994 4121 cum

417 4173 623 4216 tantum
656 4178 761 4216 non
795 4161 944 4216 illam
1001 4178 1165 4216 manu
1222 4162 1473 4222 teneatis,
1511 4169 1566 4214 et
1619 4160 1886 4230 reliquum
1929 4159 2000 4214 sit

418 4257 595 4311 solum
629 4255 773 4309 illam
805 4255 1168 4325 prehendere.
1214 4254 1328 4309 Non
1358 4264 1443 4308 est
1478 4257 1622 4308 enim
1691 4257 1793 4307 hoc
1826 4252 1999 4306 Patri-

418 4349 543 4414 hus,
571 4347 907 4413 doctoribus,
927 4346 1158 4402 scientia
1216 4345 1478 4415 praiditis,
1541 4343 1694 4399 omni
1733 4344 1994 4398 virtutum

418 4455 613 4509 genere
635 4439 885 4498 excultis.
913 4453 1018 4492 nou
1052 4437 1144 4492 Dei
1203 4438 1675 4507 procuratoribus,
1721 4437 1996 4506 apostolo-

420 4548 540 4584 rum
598 4531 1034 4594 successoribus,
1074 4544 1182 4583 non
1245 4530 1464 4584 demum
1517 4528 1835 4584 hominibus
1898 4544 1998 4600 pro

2093 665 2288 727 ἄλλους
2333 666 2557 725 ἑκόντας
2588 665 2655 732 τῇ
2711 661 2912 730 γνώσει
2960 659 3060 728 τῆς
3117 656 3390 727 ἀληθείας
3423 655 3676 725 ἀρκέσει.

2089 756 2252 809 Ἀλλά
2273 755 2380 826 μὴν
2401 756 2494 808 καὶ⁷
2513 755 2620 807 τῶν
2651 754 2746 807 νῦν
2769 753 2938 806 ὅντων
2955 751 3129 815 οὐδεὶς
3154 750 3303 820 ὑμᾶς
3328 747 3640 800 αἰτιάσεται
3665 763 3679 778 υ

2089 850 2212 904 οὔτε
2236 851 2344 919 γὰρ
2369 852 2417 903 οἱ
2444 847 2699 918 Γραικοὶ,
2724 843 2808 904 οἷς
2832 846 2928 898 καὶ
2962 843 3173 897 πολλῶν
3195 840 3510 910 ἐγκωμίων
3545 837 3681 902 ἄξιοι

2088 942 2291 1010 δόξετε,
2321 943 2414 996 καὶ
2441 940 2576 1011 παρ’
2602 935 2685 1003 οἷς
2706 938 2981 994 ἀθανάτου
3007 934 3279 1001 τεύξεσθε
3303 934 3560 1002 μνήμης,
3590 931 3683 984 ita

2088 1038 2183 1090 καὶ
2241 1037 2487 1106 χρήμασι
2522 1033 2618 1087 καὶ
2654 1031 2872 1100 σώμασι
2908 1029 3003 1083 καὶ
3039 1029 3202 1098 σοφίᾳ
3239 1030 3341 1080 καί⁸
3383 1026 3446 1078 τὸ
3503 1025 3684 1077 τελευ-

2088 1130 2244 1182 ταῖον
2276 1123 2778 1196 ταπεινοφροσύνῃ,
2812 1125 2906 1180 καὶ
2928 1122 3211 1191 λογισμοῖς
3234 1135 3357 1172 τισι
3384 1117 3684 1185 θειοτέροις

2089 1225 2149 1276 τὸ
2182 1223 2280 1291 τῆς
2307 1221 2533 1293 εἰρήνης
2567 1221 2759 1290 χρῆμα
2790 1221 2945 1288 μόνοι
2983 1217 3171 1289 σχεδον
3205 1217 3479 1270 ἀπάντων
3512 1230 3684 1266 κατα-

2091 1311 2434 1384 πραξάμενοι
2457 1331 2471 1345 ο
2506 1311 2619 1366 οὗθ’
2653 1313 2814 1379 ὑμεῖς
2842 1311 3095 1374 ἑαυτοὺς,
3127 1309 3254 1362 οὗτε
3298 1325 3387 1370 τις
3411 1305 3525 1358 τῶν
3557 1306 3684 1370 ὑμῖν

2090 1404 2529 1474 προσκειμένων.
2569 1403 2775 1465 Πάντες
2821 1403 2928 1470 γὰρ
2959 1401 3035 1464 ὡς
3073 1399 3323 1470 ἡκούσας
3381 1395 3498 1452 ἀπὸ
3550 1392 3684 1447 Θεοῦ

2089 1496 2186 1557 τὰς
2222 1495 2498 1565 ὑμετέρας
2553 1495 2773 1564 ψήφους
2823 1489 3390 1564 ἀρπάσουσι,,τοῦτο
3434 1488 3538 1558 μὲν
3591 1489 3684 1541 ἅτε

2088 1586 2191 1657 τῆς
2232 1587 2560 1656 Ἐκκλησιας
2593 1587 2814 1657 ἁπάσης
2845 1585 3015 1657 οὔσης
3050 1582 3210 1654 ὁμοῦ,
3267 1583 3341 1653 ἢν
3371 1580 3478 1634 οὐκ
3509 1579 3684 1631 ἔνεστι

2090 1678 2460 1746 πλανηθῆναι,
2506 1677 2668 1733 τοῦτο
2722 1679 2780 1731 δὲ
2809 1679 2904 1732 καὶ
2950 1678 3027 1739 ὼς
3089 1673 3318 1746 εἰρήνης
3354 1672 3541 1736 αἰτίας
3568 1689 3582 1703 θ
3619 1673 3683 1740 ἣν

2092 1772 2423 1841 ἐπιθυμοῦσι
2449 1774 2653 1835 πάντες
2696 1770 2822 1824 ίδεῖν
2843 1787 2858 1804 ο
2883 1769 3060 1842 ταύτῃ
3085 1768 3200 1822 τῶν
3229 1766 3587 1838 ἀνηκέστων,
3611 1759 3683 1817 ὧν

2091 1865 2221 1936 παρ’
2258 1864 2545 1935 ἑκατέροις
2571 1858 2705 1934 ἦρξε
2731 1862 2792 1916 τὸ
2823 1863 3052 1932 σχίσμα,
3086 1859 3514 1932 προσδοκῶντες
3545 1860 3678 1912 πάν⁶

2090 1975 2202 2010 των
2245 1955 2763 2026 ἀπαλλαγήσεσθαι.
2791 1955 2854 2008 Εί
2887 1954 2943 2008 δὲ
2996 1955 3092 2008 καὶ
3125 1955 3202 2026 μὴ
3248 1954 3472 2015 πάντας
3525 1953 3682 2004 ἐπαι-

2092 2047 2324 2110 νοῦντας
2350 2046 2502 2112 ἕξετε
2532 2047 2628 2101 καὶ
2651 2047 2771 2108 ταῖς
2798 2045 3098 2116 ὑμετέραις
3119 2044 3423 2115 χαίροντας
3452 2043 3678 2112 ψήφοις,

2091 2139 2208 2194 ἀλλ’
2229 2140 2382 2194 ἔσται
2401 2156 2507 2205 τις,
2535 2131 2579 2206 ᾧ
2614 2137 3046 2209 φιλονεικοῦντες
3081 2134 3292 2207 μᾶλλον
3341 2134 3589 2205 ὴρέσατε
3618 2132 3681 2184 ἂν

2091 2236 2185 2290 καὶ
2209 2236 2364 2290 πάντ’
2394 2233 2822 2305 ἀνατρέποντες,
2857 2232 2998 2287 ὥστε
3030 2231 3106 2304 μὴ
3153 2232 3313 2299 δόξαι
3346 2230 3444 2283 τὸν
3476 2229 3680 2297 ἐμπρο-

2067 2328 2219 2382 ’σθεν
2252 2326 2447 2397 χρόνον
2481 2326 2812 2396 ἠγνοηκέναι
2866 2326 2927 2378 τὸ
2964 2324 3108 2379 δέον.
3147 2323 3271 2378 ἀλλ’
3323 2321 3387 2376 οὗ
3441 2323 3525 2373 δεῖ
3554 2320 3675 2380 τοὺς

2093 2420 2246 2489 παρά
2278 2419 2387 2472 τῶν
2423 2418 2625 2489 ὀλίγων
2679 2421 2769 2473 καὶ
2802 2419 2957 2472 ταῦτ’
3012 2418 3101 2471 ἐπὶ
3136 2416 3301 2486 κακῷ
3357 2414 3674 2484 γινομένους

2093 2513 2352 2578 ἐπαίνους
2391 2512 2492 2579 τῆς
2524 2513 2676 2583 παρὰ
2723 2511 2832 2565 τῶν
2862 2510 3132 2564 πλείστων
3153 2526 3214 2563 τε
3250 2510 3352 2564 καὶ
3383 2508 3674 2579 βελτίστων

2092 2605 2308 2660 καὶτοῦ
2364 2605 2646 2674 βελτίστου
2677 2606 2836 2675 χάριν
2873 2604 3067 2673 ἀηδίας
3105 2604 3499 2668 ἀλλάξασθαι·
3542 2601 3670 2653 ὅπου

2093 2713 2155 2766 γε
2186 2697 2281 2749 καὶ
2325 2696 2546 2750 πάντων
2592 2694 2709 2764 ἅμα
2743 2694 3246 2764 διεφθορότων-καὶ
3282 2692 3462 2746 δεινὸν
3493 2706 3666 2744 ποιον-

2097 2789 2274 2858 μένων
2295 2787 2356 2842 τὸ
2378 2789 2638 2858 πρᾶγμα,
2669 2787 2858 2842 οὐδένα
2889 2787 3049 2856 λόγον
3082 2787 3252 2858 ἔχειν,
3295 2788 3391 2840 τοῦ
3422 2785 3483 2838 δὲ
3516 2779 3672 2835 καλοῦ

2094 2887 2187 2940 καὶ
2224 2885 2326 2954 τῆς
2373 2883 2628 2954 ἀληθείας
2659 2882 2970 2954 φροντίζειν
3012 2881 3174 2952 μόνον
3206 2879 3390 2952 ἐχρῆν
3423 2895 3436 2908 ·
3471 2877 3673 2936 εἰδότας

2091 2979 2167 3043 ὡς
2197 2980 2388 3034 ἅπασα
2428 2976 2636 3048 μέμψις
2669 2977 2764 3030 καὶ
2789 2977 2898 3030 πᾶν
2919 2975 3233 3042 ἐναντίωμα
3264 2973 3476 3042 σαθρόν
3508 2973 3668 3028 ἐστιν,

2095 3071 2161 3126 ἂν
2187 3070 2257 3126 τὰ
2283 3071 2525 3141 ὑμέτερα
2581 3067 2743 3138 μόνον
2781 3069 2982 3138 κρατῇ.
3019 3067 3080 3119 Εἰ
3104 3067 3213 3135 γὰρ
3243 3066 3334 3118 δεῖ
3363 3081 3432 3136 με
3467 3059 3668 3129 τάληθῆ

2093 3165 2274 3233 λέγειν
2311 3163 2478 3234 μηδὲν
2519 3160 3000 3231 ὐπολογιζόμενον,
3037 3159 3181 3227 ὑμᾶς
3203 3159 3284 3210 δεῖ
3319 3161 3482 3228 μόνον
3515 3153 3669 3220 κενῆς

2094 3256 2252 3324 δόξης
2291 3256 2727 3326 καταφρονῆσαι,
2779 3253 2876 3307 καὶ
2932 3251 3090 3304 πάνθ’
3135 3252 3245 3318 ἕξει
3318 3249 3540 3311 καλῶς⁹
3576 3242 3670 3298 κᾶν

2098 3349 2256 3418 ὑμεῖς
2313 3348 2546 3418 βεϐαίως
2591 3346 2966 3417 ὑποθήσησθε,
3013 3343 3272 3416 μηδέποτ’
3323 3346 3391 3400 ἂν
3454 3339 3670 3401 ἑαυτοὺς

2098 3441 2477 3511 αἰσχυνθῆναι,
2513 3439 2650 3509 μηδέ
2678 3438 2910 3509 θόρυὸόν
2940 3455 3065 3492 τινα
3099 3437 3296 3491 παθεῖν
3347 3437 3439 3490 ἐπὶ
3472 3437 3536 3504 τῇ
3585 3447 3671 3501 με·

2097 3535 2316 3588 ταοέσει
2357 3533 2457 3603 τῆς
2486 3533 2668 3603 δόξης,
2715 3532 2777 3586 τὸ
2827 3531 3097 3601 περὶτῶν
3142 3530 3328 3582 ἄλλων
3361 3529 3478 3589 δέος
3534 3523 3671 3578 οἰδὲν

2101 3625 2269 3680 ἐστίν.
2297 3625 2474 3698 Ὑμᾶς
2501 3626 2680 3679 τοίνυν
2703 3624 2829 3678 οὔτε
2860 3625 3070 3677 δίκαιον
3099 3622 3224 3678 οὔτε
3256 3621 3545 3694 προσῆκόν
3565 3618 3669 3669 ἐστι

2098 3718 2195 3786 τῆς
2227 3716 2484 3786 ἀληθείας
2523 3717 2654 3771 ἀλλο
2686 3734 2739 3771 τι
2798 3717 3168 3788 προτιμῆσαι,
3221 3718 3330 3771 καὶ
3376 3715 3476 3784 τὴν
3511 3711 3667 3781 μόνην

2099 3810 2329 3878 σώματα
2378 3809 2474 3861 καὶ
2529 3807 2708 3878 ψυχὰς
2767 3807 3078 3880 δυναμένην
3133 3808 3339 3873 σώζειν
3399 3809 3663 3880 ὁμόνοιαν.

2098 3901 2317 3953 ἐπειδᾶν
2352 3900 2514 3970 μόνον
2563 3901 2666 3954 οὐκ
2713 3902 2773 3955 ἐν
2811 3903 2999 3970 χερσὶν
3037 3902 3168 3973 ὑμῖν
3195 3899 3254 3978 ᾖ,
3286 3903 3394 3957 καὶ
3431 3902 3489 3955 τὸ
3517 3897 3666 3950 λαϐέ-

2101 3992 2226 4045 σθαι
2265 3992 2524 4063 λείπηται
2577 3992 2763 4062 μόνον,
2807 3991 3141 4060 φιλονεικίας
3203 3995 3448 4065 αἰσχρᾶς
3500 3990 3666 4044 εἵνεκα

2100 4086 2193 4137 καὶ
2225 4083 2432 4146 πάθους
2462 4085 2808 4156 ἀνθρωπίνου
2837 4086 3124 4156 προέσθαιο
3153 4087 3216 4141 οὐ
3239 4088 3356 4160 γὰρ
3399 4086 3666 4154 Πατέρωνι

2099 4178 2158 4230 οὐ
2203 4177 2566 4239 διδασκάλων,
2618 4177 2680 4230 οὐ
2717 4179 2879 4249 σοφίᾳ
2905 4181 3365 4252 κεκοσμημένων,
3397 4181 3458 4234 οὐ
3497 4179 3664 4231 πᾶσαν

2099 4269 2299 4341 ἀρετὴν
2336 4270 2659 4340 μετιόντων,
2693 4271 2796 4325 οὐκ
2847 4275 3160 4343 ἐπιτρόπων
3195 4275 3358 4338 Θεοῦ,
3406 4274 3466 4329 οὐ
3498 4268 3661 4326 διαδό-

2098 4379 2211 4432 χων
2260 4361 2368 4416 τῶν
2407 4364 2747 4428 ἀποστόλων,
2790 4365 2852 4418 οὗ
2901 4366 2962 4419 τὸ
3016 4366 3332 4424 τελευταῖον
3393 4369 3532 4438 ὑπὲρ
3568 4363 3660 4431 τῆς

2101 4453 2371 4524 ἀληθείας
2419 4456 2922 4527 συνηθροισμένων,
2953 4459 3045 4512 καὶ
3072 4461 3210 4529 πρὸς
3238 4462 3452 4524 τούτοις
3482 4455 3659 4511 τοσού-

2097 4560 2226 4607 των,
2263 4544 2389 4611 ἀξια
2416 4544 2609 4600 ταῦτα.
2659 4547 2822 4602 Ἀλλά
2879 4548 2986 4620 μὴν
3024 4550 3135 4604 οὐδ’
3162 4551 3314 4607 είποι
3370 4569 3456 4616 τις
3486 4549 3550 4606 ἀν
3577 4547 3658 4601 οὗ·

418 4623 648 4677 vcritate
687 4623 1054 4691 congregatis,
1109 4631 1166 4675 et
1210 4629 1473 4691 praeterea
1521 4631 1629 4675 tam
1700 4636 1991 4676 numeroso

2101 4635 2351 4704 δετέρους
2380 4636 2535 4706 ὑμῶν
2560 4637 2659 4701 τὰς
2715 4638 2930 4708 ἀγαθὰς
2966 4643 3193 4707 ἐλπίδας
3232 4645 3550 4713 προδοῦναι,
3596 4638 3656 4698 ἃς

418 4723 564 4767 cestu
605 4710 854 4780 dignum.
887 4710 1075 4779 Neque
1105 4709 1210 4764 dici
1253 4710 1472 4780 poterit,
1505 4710 1657 4780 prodi
1692 4711 1761 4765 ab
1788 4712 1996 4766 utravis

419 4814 574 4876 parte
597 4819 719 4874 spes
757 4803 878 4858 illas
900 4803 1090 4868 bonas,
1121 4817 1258 4872 quas
1282 4804 1452 4859 secuti
1482 4805 1844 4859 convenistis.
1897 4802 1996 4859 Ubi

418 4897 565 4952 enim
610 4911 708 4966 pro
751 4907 928 4951 vestra
975 4895 1195 4965 utrique
1225 4897 1496 4950 sententia
1531 4897 1924 4967 pugnaveritis,
1949 4908 2002 4951 et

371 5043 374 5047 .
421 4989 533 5060 spei
571 4988 874 5059 periculum
909 4987 1170 5052 feceritis,
1204 4998 1255 5043 et
1285 5004 1477 5059 pugnae
1505 4991 1680 5044 exitus
1703 4991 1806 5044 erit
1831 4991 2003 5044 mani-

421 5079 590 5134 festus
619 5094 633 5143 ;
664 5085 792 5130 tunc
815 5077 880 5132 ad
915 5075 1068 5144 illud,
1101 5078 1244 5146 quod
1264 5089 1444 5131 vestro
1471 5079 1702 5133 concilio
1728 5079 1998 5148 reliquum

415 5172 822 5234 est,actcdetis
870 5186 934 5225 ac
965 5171 1032 5224 de
1089 5186 1243 5241 pace,
1276 5173 1550 5242 quomodo
1612 5172 1862 5227 facienda
1908 5176 1996 5239 sit,

414 5263 790 5317 delibet-abitis
829 5271 998 5332 utque
1043 5263 1385 5317 mendacium
1429 5279 1656 5333 prorsus
1692 5279 1723 5318 a
1774 5266 2000 5320 veritate

416 5355 759 5418 deviucatur,
783 5355 1068 5410 curabilis.
1105 5353 1256 5408 [laud
1285 5355 1430 5409 enim
1463 5358 1564 5411 hac
1593 5367 1771 5413 mente
1817 5361 1997 5413 omni-

418 5461 488 5498 no
523 5445 739 5512 utrique
766 5445 1012 5508 venistis,
1041 5453 1099 5498 ut
1154 5446 1384 5500 vincatis
1423 5447 1626 5501 alteros
1657 5463 1675 5517 ;
1707 5450 1808 5504 hoc
1855 5452 1996 5505 enim

415 5546 499 5590 est
527 5535 666 5588 velle
696 5535 976 5590 mendacio
1013 5551 1233 5606 quoque
1261 5537 1392 5593 dare
1443 5541 1748 5606 victoriam,
1781 5556 1905 5596 cum
1932 5545 2000 5598 de

420 5629 581 5680 rebus
619 5630 992 5681 controversis
1027 5643 1133 5681 non
1178 5630 1439 5683 habeatur
1467 5631 1826 5688 detcrntinata
1857 5637 1999 5690 teri-

417 5719 680 5771 taszdum
711 5729 887 5772 autem
945 5722 1146 5775 veritas
1177 5722 1352 5775 adhuc
1420 5724 1602 5794 ignota
1625 5737 1731 5790 est,
1772 5741 1998 5784 necesse

417 5816 501 5859 est
529 5810 827 5876 suspicioni
855 5827 1072 5880 qucque
1110 5815 1376 5869 mendacii
1422 5817 1566 5884 apud
1617 5831 1878 5890 utrosque
1918 5823 1998 5878 lo-

415 5909 545 5961 eum
575 5911 714 5953 esse.
755 5901 860 5956 SeJ
901 5903 1125 5957 venistis
1161 5906 1394 5972 primum
1429 5909 1646 5976 quidem
1681 5928 1712 5980 p
1746 5929 1777 5966 0
1815 5925 1994 5969 vestra

2105 4729 2319 4798 ἔχοντες
2377 4731 2565 4801 ἥκετε.
2623 4731 2738 4802 Τῆς
2791 4734 2902 4804 γὰρ
2943 4734 3103 4806 δόξης
3154 4737 3656 4808 προπολεμήσαντες

2103 4821 2356 4891 ἑκάτεροι
2407 4822 2508 4894 τῆς
2541 4823 2777 4891 ἑαυτῶν,
2811 4827 2907 4879 καὶ⁵
2936 4828 3045 4880 τῶν
3087 4827 3317 4883 ἐλπίδων
3359 4831 3548 4898 πεῖραν
3575 4823 3660 4874 λα-

2103 4910 2320 4979 ϐόντες,
2367 4915 2585 4968 ἐπειδὰν
2640 4917 2876 4988 φανερὸν
2909 4915 2970 4971 τὸ
3021 4919 3116 4972 τοῦ
3175 4921 3413 4991 πολέμου
3451 4917 3660 4988 γένηται

2108 5005 2299 5074 πέρας,
2336 5007 2429 5060 ἐπὶ
2446 5009 2505 5061 τὸ
2528 5007 2714 5063 λεῖπον
2747 5011 2848 5080 τῆς
2887 5013 3199 5082 προθέσεως
3250 5011 3542 5084 βαδιεῖσθε,
3573 5005 3659 5057 κειὶ

2103 5097 2203 5164 τὴν
2229 5099 2458 5168 εἰρήνην
2487 5101 2638 5165 ὅπως
2668 5103 2823 5155 ἔσται
2853 5103 3254 5174 προὸλέψεσθε,
3294 5106 3390 5160 καὶ
3415 5102 3510 5170 τὴν
3537 5093 3656 5162 ἀλή⁵

2105 5189 2256 5240 θειαν
2295 5189 2445 5253 ὅπως
2477 5192 2653 5263 πάντη
2685 5194 2748 5247 τὸ
2783 5194 2979 5265 ψεῦδος
3019 5199 3466 5269 καταγωνίσηται
3507 5204 3658 5260 φρονο

2102 5281 2289 5334 τιεῖτε.
2317 5281 2453 5334 Οὑδέ
2487 5284 2598 5356 γάρ
2624 5285 2685 5351 ἐξ
2724 5287 2964 5351 ἅπαντος
3003 5290 3259 5362 ἑκάτεροι
3293 5292 3417 5354 τοὺς
3448 5283 3654 5353 ἐτέρους

2104 5372 2422 5441 νικήσοντες
2460 5375 2664 5446 ἥκετε·
2719 5381 2879 5434 τοῦτο
2933 5385 3044 5455 γάρ
3083 5387 3200 5440 ἐστι
3240 5388 3336 5443 καὶ
3372 5385 3430 5440 τὸ
3479 5374 3656 5450 ψεῦδος

2105 5463 2280 5516 θέλειν
2320 5468 2498 5538 νικᾷν,
2543 5471 2666 5524 ἐπεὶ
2699 5475 2969 5544 περὶτῶν
3021 5476 3548 5549 ἀμφισϐητουμένων
3597 5463 3648 5514 οὑ

2102 5553 2392 5625 δ;ώρισται
2423 5559 2675 5630 τάληθὲς,
2707 5567 2800 5617 καὶ
2847 5567 2946 5634 τῆς
2973 5567 3234 5640 ἀληθείας
3289 5575 3346 5625 ἐν
3375 5565 3544 5636 ἀδήλῳ
3567 5556 3651 5624 δίΓ

2106 5662 2207 5696 που
2249 5649 2532 5718 κειμένης,
2563 5653 2779 5725 ἀνάγκη
2815 5659 2911 5708 καὶ
2938 5661 3002 5726 τῇ
3059 5658 3152 5712 τοῦ
3188 5659 3418 5728 ψεύδους
3463 5647 3651 5714 ὑποψίᾳ

2105 5735 2235 5804 παρ’
2269 5737 2554 5809 ἑκατέροις
2578 5738 2716 5797 εἶναι
2740 5745 2924 5816 χώραν
2950 5750 3091 5802 τινά.
3133 5752 3273 5804 Ἀλλ’
3296 5753 3454 5822 ἥκετε
3478 5740 3651 5811 πρῶτα

2108 5827 2207 5896 μὲν
2245 5829 2388 5900 ὑπὲρ
2426 5824 2504 5885 ὧν
2533 5841 2921 5905 πεφρονήκατε
2952 5843 3091 5911 πρὸς
3121 5843 3384 5915 ἀλλήλους
3409 5826 3647 5906 ἀγωνιού-

2107 5937 2284 5989 μενοι,
2317 5925 2413 5976 καὶ
2443 5925 2632 5980 τοῦτον
2665 5932 2884 6000 πρῶτον
2920 5934 3290 6002 ἐκτελὲσοντες
3325 5935 3477 5992 ἆθλον
3500 5944 3512 5957 ·
3543 5916 3647 5975 εἶξα
