4038 6416
318 405 426 469 453

1484 400 1771 461 ORATIO
1813 400 1870 459 ll
1916 399 2016 458 AD
2058 396 2454 459 SYNODUM.

3496 403 3603 465 454

318 518 503 589 ψεύδει
558 514 648 568 καὶ
679 514 907 586 ἀληθείᾳ
932 515 1268 583 δικάσοντες,
1312 517 1405 569 καὶ
1454 516 1666 586 ταύτην
1701 532 1891 583 στεφα-

2009 512 2227 582 utrique
2267 502 2538 569 sententia
2576 512 2998 584 propugnaturi,
3044 522 3096 570 ct
3126 515 3180 570 in
3222 515 3325 570 hoc
3363 515 3595 585 prinmm

328 610 595 672 νὼσοντες
626 608 721 662 καὶ
744 609 1200 679 περιπλεξόμενοι
1230 610 1431 671 πάντες
1458 626 1470 640 ·
1512 611 1571 674 ἐξ
1607 605 1675 681 ἦς
1713 612 1809 663 καὶ
1844 612 1899 665 αἱ

316 700 603 768 διαλλαγαὶ
634 702 729 753 καὶ
764 702 831 753 τὰ
871 700 983 753 τῶν
1018 701 1252 755 ἐλπίδων
1278 701 1554 769 κεφάλαια
1582 701 1700 770 μεθ’
1728 703 1901 770 ὑπερ-

316 792 480 861 δολῆς
506 792 634 860 ὑμῖν
657 792 1103 861 ἀναλάμψουσιν.
1134 795 1324 855 Οὐδεὶς
1355 794 1535 848 τοίνυν
1567 795 1699 865 ύμῖν
1734 798 1900 863 ἐγκαο

315 884 462 937 λέσει
510 883 759 951 δικαίως,
817 879 893 937 ὧν
950 884 1109 955 χάριν
1150 886 1438 955 ουνήλθετε
1488 887 1896 957 καταπράξασι,

318 975 408 1025 καὶ
437 974 640 1044 ταύτην
680 976 957 1042 ἀρκοῦσαν
985 977 1144 1048 νίκην
1166 978 1553 1050 ἀνῃρημένοις.
1596 979 1725 1033 Ἐπὶ
1764 982 1897 1035 πᾶσι

318 1066 372 1118 δέ
412 1066 621 1130 τούτοις
655 1069 767 1122 οὐδ’
799 1069 950 1133 εἰκός
984 1071 1101 1122 ἐστι
1126 1073 1254 1129 τοὺς
1290 1073 1702 1139 μεταὸαλόντας
1728 1075 1899 1128 πλείω

314 1160 476 1228 χάριν
507 1159 744 1228 ὀφείλειν
778 1164 896 1223 τοῖς
934 1164 1259 1216 πεπεικόσιν
1289 1164 1323 1235 ἢ
1349 1164 1475 1227 τοὺς
1514 1165 1606 1217 ἐπὶ
1632 1166 1731 1235 τῆς
1764 1184 1900 1237 προ-

313 1254 480 1321 τέρας
528 1254 821 1322 μείναντας
852 1255 1013 1325 δόξης
1051 1260 1167 1321 τοῖς
1202 1259 1627 1328 πεπεισμένοις’
1688 1262 1775 1313 ἵνα
1811 1280 1897 1325 τις

290 1343 413 1395 ’καὶ
453 1344 554 1413 τὴν
585 1345 692 1397 ἀπὸ
730 1345 827 1399 τοῦ
859 1346 1037 1401 δοκεῖν
1090 1347 1414 1417 ὠφελῆσθαί
1446 1368 1504 1403 τε
1545 1352 1641 1405 καὶ
1703 1352 1898 1420 μαθεῖν

316 1434 493 1489 ὁτιοῦν
521 1436 788 1506 αἰσχύνην
821 1438 1167 1506 φυλάττοιτο.
1203 1440 1498 1513 Ἔκάτεροι
1528 1442 1636 1513 γὰρ
1697 1444 1899 1515 ἐπίσης

316 1527 408 1579 ὑπ’
429 1530 672 1599 ἀλλήλων
693 1530 1115 1603 ὠφεληθήσεσθε
1142 1552 1199 1586 τε
1224 1537 1317 1588 καὶ
1340 1536 1680 1607 τιμηθήσεθε
1704 1554 1717 1570 ο
1744 1538 1898 1609 πρῶο

313 1639 404 1674 τον
444 1622 541 1691 μὲν
571 1622 667 1693 τῆς
708 1625 771 1675 ἐκ
804 1622 899 1677 τοῦ
932 1626 1092 1695 νικᾷν
1142 1626 1343 1697 ἡδονῆς
1375 1630 1657 1697 γενόμενοι
1700 1648 1897 1685 κοινω-

314 1717 395 1768 νοί
419 1735 431 1747 υ
474 1718 600 1769 ἐπεὶ
636 1717 737 1786 τῆς
792 1718 948 1788 παρά
988 1721 1210 1773 πάντων
1243 1723 1481 1793 σπουδῆς
1508 1726 1605 1778 καὶ
1635 1726 1745 1779 τῶν
1780 1744 1898 1780 κοι-

316 1808 418 1860 νῶν
445 1806 673 1876 ἀγώνων
702 1809 798 1861 καὶ
823 1808 1117 1873 διαλέξεων
1150 1809 1308 1864 ἔσται
1365 1813 1523 1876 τέλος
1556 1815 1589 1880 ἡ
1626 1814 1725 1879 τῆς
1760 1816 1895 1885 ἀλη-

2007 614 2284 659 ccrtamen
2326 606 2643 662 descensuri
2668 622 2683 659 :
2710 605 2905 661 deinde
2936 606 3076 661 inter
3096 622 3281 662 verum
3312 618 3367 661 et
3402 608 3595 663 falsum

2004 696 2196 749 arbitri
2228 697 2419 760 futuri,
2453 705 2507 751 et
2547 696 2762 751 veritati
2819 698 3055 767 palmam
3120 698 3323 763 daturi,
3361 709 3413 753 et
3446 700 3591 754 illam

2003 804 2196 845 omnes
2227 791 2560 866 amplexuri,
2586 806 2652 846 ex
2698 806 2807 859 qua
2871 801 2925 845 ct
2968 790 3282 845 conciliatio
3322 802 3373 846 ct
3411 810 3590 847 rerum

2003 893 2347 951 speratarum
2376 886 2555 953 capita
2598 884 2734 938 satis
2763 898 3037 953 superque
3071 885 3226 939 vobis
3256 887 3589 940 emicabuut.

2001 974 2171 1029 Nemo
2197 975 2360 1047 igitur
2385 991 2482 1032 vos
2510 978 2562 1032 in
2595 977 2805 1034 crimen
2848 977 3147 1043 vocaverit,
3183 979 3325 1047 quod
3357 994 3418 1031 ca
3456 995 3590 1047 qun-

2001 1084 2122 1124 rum
2180 1069 2353 1137 gratia
2412 1070 2769 1135 convenistis,
2811 1070 3123 1136 ell'cc0ritis,
3169 1079 3221 1124 et
3255 1069 3397 1123 hanc
3447 1082 3593 1122 certe

2004 1161 2315 1228 victoriam,
2370 1179 2491 1234 quae
2518 1165 2654 1220 satis
2711 1165 2835 1230 erit,
2885 1163 3064 1234 adepti
3104 1162 3338 1218 fueritis.
3389 1162 3591 1217 Praeter

2000 1253 2117 1308 hzee
2176 1254 2359 1309 omnia
2407 1272 2514 1311 non
2556 1268 2639 1313 est
2694 1259 2858 1321 ratio,
2918 1258 3041 1327 plus
3073 1256 3269 1311 debere
3299 1270 3590 1325 persuasus

2000 1347 2460 1414 persuadentibus
2498 1365 2658 1421 quam
2724 1351 3115 1421 persuadentcs
3151 1350 3467 1420 persuasis;
3534 1357 3594 1403 ut

1998 1438 2131 1494 illud
2161 1441 2286 1511 quis
2316 1452 2565 1498 vereatur
2597 1443 2862 1508 dedecus,
2899 1445 2952 1499 in
2976 1443 3120 1513 quod
3180 1444 3499 1509 incurritur,
3540 1444 3587 1496 si

1998 1532 2128 1602 quid
2156 1534 2405 1589 videatur
2458 1537 2738 1605 accepisse
2764 1537 3113 1603 beneﬁcium,
3145 1546 3239 1591 aut
3271 1536 3491 1606 quidvis
3510 1538 3588 1590 di-

1997 1625 2216 1680 dicisse.
2245 1623 2381 1681 Nam
2426 1636 2657 1698 utraque
2692 1643 2817 1699 pars
2856 1629 2908 1683 in
2942 1630 3171 1684 alteram
3203 1644 3357 1699 aeque
3382 1630 3590 1684 beneli-

1998 1716 2144 1773 cium
2193 1718 2444 1775 conferet
2482 1730 2536 1775 et
2580 1721 2868 1789 honorem,
2899 1731 3014 1777 tum
3057 1722 3185 1792 quia
3224 1724 3478 1792 voluptas
3519 1723 3589 1775 ob

1998 1809 2283 1864 victoriam
2334 1822 2543 1881 partam
2571 1812 2675 1868 erit
2737 1813 3051 1869 communis
3087 1830 3101 1866 :
3137 1814 3583 1884 quandoquidem

316 1900 465 1961 θείας
496 1900 771 1965 ἀνάδειξίς
818 1918 874 1953 τε
905 1902 1000 1955 καὶ
1026 1904 1151 1973 νίκη
1172 1920 1186 1935 ·
1219 1905 1312 1959 καὶ
1333 1904 1433 1974 τῆς
1455 1906 1651 1977 ἐτέρας
1676 1907 1891 1977 μοίρας,

2002 1904 2148 1968 linis,
2182 1903 2249 1957 ad
2283 1920 2445 1972 quem
2467 1908 2700 1961 tendunt
2728 1908 2972 1961 omnium
3000 1907 3203 1975 studia,
3236 1921 3588 1962 communes-

315 1992 579 2063 ὁποτέραν
619 1993 683 2045 ἂν
715 1994 860 2046 εἶπαι
915 2012 1022 2058 τις,
1068 1995 1143 2065 μὴ
1185 1998 1324 2067 πρὸς
1362 1998 1461 2068 τὴν
1494 2000 1595 2069 τῆς
1628 1999 1894 2068 ἀληθείας

318 2083 548 2155 ζήτησιν
585 2087 1073 2157 συμπραττούσης,
1101 2091 1197 2142 καὶ
1244 2089 1525 2160 δειχθῆναι
1559 2092 1765 2162 ταύτην
1800 2094 1897 2146 καὶ

318 2179 411 2231 τοῦ
438 2178 669 2248 ψεύδους
701 2181 1093 2251 περιγενέσθαι
1133 2183 1242 2236 τῶν
1311 2186 1616 2256 ἀμηχάνων
1651 2191 1895 2257 πέφυκεν

316 2272 376 2324 δν
403 2288 418 2303 °
447 2273 639 2329 ἔπειτα
666 2276 760 2328 καὶ
796 2276 856 2329 τὸ
894 2277 993 2345 τῆς
1042 2277 1203 2349 δόξης
1246 2278 1489 2349 βεϐαίως
1522 2281 1739 2351 ἔχεσθαι
1794 2288 1894 2355 τῆς

316 2366 519 2430 αὐτῶν,
572 2370 723 2439 παρὰ
778 2368 887 2423 τῶν
937 2373 1329 2441 πεπεισμένων
1388 2376 1502 2436 τοῖς
1568 2377 1893 2429 πεπεικόαιν

316 2458 451 2523 ὅλως
495 2460 762 2530 ὑπάρξει’
797 2456 872 2515 ὧν
904 2464 1324 2531 ἀπιλεγόντων.
1377 2469 1626 2521 κακεῖνοι
1672 2470 1891 2533 πάντως

316 2551 540 2619 ἔμελλον
568 2555 958 2624 ἀμφιὸάλλειν,
996 2556 1023 2608 ὃ
1054 2557 1146 2610 καὶ
1172 2558 1442 2627 πρότερον
1473 2560 1731 2632 ἔπασχον.
1764 2562 1891 2615 ’Ὁτι

322 2645 419 2713 μὶν
442 2642 533 2699 οὖν
563 2648 869 2718 οὐδετέροις
900 2648 1058 2719 ὑμῶν
1085 2651 1117 2719 ή
1154 2653 1366 2722 φανερὰ
1398 2655 1493 2721 τῆς
1535 2654 1695 2724 δόξης
1725 2658 1893 2725 μετάο

318 2737 463 2800 θεσις
493 2739 758 2810 αἰσχύνην
780 2742 893 2811 ἔχει
926 2742 1068 2807 τινὰ,
1102 2742 1215 2795 οὔτ’
1234 2743 1287 2795 εἴ
1314 2746 1396 2809 τίς
1421 2748 1590 2812 ἐστιν,
1625 2748 1889 2818 ἁρμόττει

316 2826 517 2897 ταύτης
556 2830 882 2897 φροντίσαι·
922 2830 1060 2885 ἀλλὰ
1108 2834 1191 2888 δεῖ
1237 2837 1337 2904 τὴν
1373 2840 1709 2907 φαινομένην
1756 2840 1891 2910 ἀλή-

318 2924 471 2978 θειαν
507 2929 564 2981 ἐν
599 2926 675 2997 τῷ
708 2927 974 2998 Συμϐόλῳ
1006 2932 1105 2996 τῆς
1157 2932 1394 2995 πίστεως
1442 2934 1635 3002 ἐπίσης
1681 2934 1891 2995 πάντας

317 3017 617 3086 ὁμολογεῖν,
701 3018 825 3073 οὕτε
879 3023 1230 3092 προστιθέναι
1284 3027 1347 3079 τὸ
1415 3026 1585 3078 πᾶσιν
1653 3012 1889 3096 ἀρέσκον

321 3110 635 3178 ὀκνοῦντας,
687 3112 812 3166 οὔτε
842 3113 902 3167 τὸ
935 3116 1373 3185 προσιστάμενον
1416 3135 1520 3171 που
1569 3118 1889 3189 διαγράφειν

314 3204 758 3273 αἰσχυνομένους,
815 3206 908 3258 καὶ
942 3205 1086 3259 οὕτω
1124 3208 1226 3278 τὴν
1285 3209 1466 3279 ἀληθῆ
1511 3211 1604 3263 καὶ
1661 3210 1886 3280 βεΰαίαν

314 3297 534 3366 εἰρήνην
573 3298 709 3351 πᾶσι
765 3298 1105 3367 κηρύξοντας
1133 3289 1141 3296 ’
1166 3300 1286 3369 μεθ’
1327 3300 1522 3370 ἡδονῆς
1565 3304 1886 3373 ἐπανήκειν,

317 3387 513 3450 ἱκανῶς
543 3386 652 3441 τῶν
692 3389 1000 3459 εἰρημένων
1066 3392 1307 3462 ἠγοῦμαι
1359 3394 1519 3464 δῆλον
1564 3395 1837 3465 ὑπάρχειν
1872 3414 1887 3429 ο

317 3481 411 3533 καὶ
441 3481 525 3534 ὅτι
587 3484 697 3543 τοῖς
756 3482 883 3536 ἄλλο
936 3500 990 3534 τι
1051 3484 1377 3554 θορυϐοῦσιν
1431 3488 1553 3540 ούδέ
1600 3491 1891 3558 προσέχειν

318 3572 491 3638 ἀξιον,
536 3572 650 3627 οὗθ’
701 3574 847 3643 ὑμᾶς
921 3576 1121 3640 αὐτοὺς
1159 3578 1250 3631 ὑπ’
1281 3580 1507 3634 ἐκείνων
1556 3582 1891 3651 ἐνοχλεῖσθαι

312 3664 420 3717 τῶν
449 3665 725 3735 λογισμῶν
758 3681 771 3695 ·
802 3666 905 3737 ἥδη
945 3666 999 3720 δέ
1032 3669 1129 3724 καὶ
1164 3669 1301 3741 πρὸς
1348 3671 1417 3724 τὰ
1449 3672 1614 3725 λοιπά
1645 3675 1753 3726 τῶν
1781 3689 1889 3725 κω-

313 3756 376 3809 λυ
384 3758 568 3827 μάτων
597 3759 759 3812 ίτέον.

386 3855 622 3924 Φῆσουσι
647 3854 825 3908 τοίνυν
854 3858 1200 3927 ἑκατέρωθεν
1221 3853 1319 3911 οἷδ’
1347 3859 1429 3912 ὃτι
1463 3861 1557 3913 καὶ
1590 3861 1736 3928 μάλα
1759 3864 1889 3915 πολ-

314 3946 416 4010 λοὶ,
463 3946 536 4011 ὡς
566 3948 626 4000 οὐ
652 3948 815 4017 μόνον
854 3951 990 4019 ἡμῖν
1023 3954 1137 4014 τοῖς
1167 3950 1405 4004 ἐνταῦθα
1449 3954 1892 4022 συνειλεγμένοις

314 4041 396 4093 δεῖ
424 4039 519 4093 τὸν
550 4039 650 4109 τῆς
681 4042 910 4111 εἰρήνης
942 4042 1144 4110 τρόπον
1175 4042 1457 4111 ἀρέσκειν,
1489 4045 1627 4099 ἀλλὰ
1663 4046 1757 4098 καὶ
1786 4048 1893 4099 πᾶ-

318 4150 424 4196 σιν,
456 4132 629 4186 ὁπόσα
654 4135 768 4197 τοῖς
799 4134 908 4187 τῶν
961 4133 1309 4204 Ἐκκλησιῶν
1332 4136 1664 4207 ἀμφοτέρων
1704 4137 1890 4207 νόμοις

316 4224 633 4278 ὑπείκουσιν
664 4225 792 4297 ἔθνη
816 4240 830 4255 ·
869 4227 964 4279 καὶ
992 4227 1067 4297 μὴ
1109 4228 1270 4296 μόνον
1294 4230 1445 4293 ὅπως
1484 4230 1649 4299 ἡμεῖς
1686 4229 1893 4284 συνθώ-

314 4315 452 4385 μεθα
485 4316 618 4386 πρὸς
661 4316 951 4387 ἀλλήλους,
992 4319 1238 4384 σκοπεῖν,
1279 4318 1420 4371 ἀλλά
1453 4321 1549 4372 καὶ
1603 4321 1754 4386 ὅπως
1795 4322 1891 4374 κά-

308 4407 479 4459 κεῖνοι
504 4408 623 4470 ταῖς
652 4407 955 4476 ἡμετέραις
1013 4408 1219 4478 ψήφοις
1250 4410 1688 4479 πεισθήσονται·
1730 4415 1779 4466 εί
1835 4414 1889 4467 δὲ

308 4499 410 4568 μὴ,
432 4500 672 4570 λήσομεν
700 4500 823 4553 ἀντὶ
852 4503 1077 4572 εἰρήνης
1110 4504 1294 4573 μάχην
1334 4504 1671 4573 ἐγείραντες,
1703 4507 1797 4559 καὶ
1816 4509 1890 4578 τῷ

2001 2012 2108 2066 que
2177 1997 2391 2051 labores
2447 2015 2510 2053 ac
2568 2000 2990 2070 disputationes,
3023 2000 3130 2056 erit
3178 2001 3479 2056 declaratio
3524 2016 3587 2053 ae

2000 2089 2223 2143 victoria
2263 2091 2514 2147 veritatis
2550 2109 2563 2146 :
2602 2092 2718 2148 ﬁeri
2754 2108 2883 2148 vero
2939 2094 3088 2148 nullo
3146 2094 3308 2147 modo
3361 2093 3583 2161 poterit,

2001 2190 2061 2235 ιιι
2089 2197 2149 2235 ea
2185 2182 2518 2250 declaretur,
2552 2193 2604 2238 et
2639 2185 2924 2241 victoriam
2953 2200 2981 2240 a
3008 2186 3288 2241 mendacio
3322 2196 3586 2255 reportet,

1997 2274 2042 2326 si
2076 2288 2201 2342 pars
2228 2275 2424 2341 altera,
2462 2293 2854 2350 quamcunque
2900 2278 3129 2342 dixeris,
3166 2294 3322 2332 suam
3356 2293 3463 2332 non
3496 2279 3585 2331 det

1997 2380 2215 2435 operam
2262 2369 2328 2423 ad
2374 2370 2757 2439 inquirendam
2794 2372 3078 2427 veritatem
3108 2390 3123 2441 ;
3157 2381 3268 2427 tum
3300 2373 3424 2443 quia
3455 2388 3580 2443 per-

1995 2461 2355 2517 suadentibus
2413 2463 2544 2517 illud
2574 2467 2909 2535 praestabunt
2964 2470 3235 2537 persuasi,
3283 2477 3342 2521 ut
3379 2482 3478 2522 sua
3529 2467 3581 2520 iu

1995 2554 2267 2607 sententia
2286 2554 2492 2625 absque
2516 2557 2853 2613 haesitatione
2883 2570 3233 2628 perseverent
3262 2576 3278 2626 ;
3312 2575 3435 2613 nam
3466 2559 3585 2613 istis

1994 2647 2501 2704 contradicentibus
2564 2649 2640 2704 illi
2686 2665 2908 2721 quoque
2966 2651 3299 2717 dubitarent,
3362 2651 3582 2707 sicutet

1994 2747 2171 2792 antea.
2205 2739 2359 2806 Quod
2397 2741 2564 2810 igitur
2600 2758 2664 2797 ex
2713 2753 2901 2811 aperta
2948 2744 3258 2799 mutatione
3295 2748 3583 2800 sentcntiae

1993 2829 2173 2882 neutri
2211 2831 2446 2898 partium
2475 2832 2581 2886 ulla
2623 2832 2878 2886 inuratur
2933 2833 3250 2904 ignominia,
3284 2851 3382 2891 nec
3402 2836 3448 2891 si
3476 2853 3582 2907 qua

1992 2920 2593 2988 iuuratur,curamlum
2619 2923 2685 2978 de
2712 2924 2798 2977 illa
2831 2925 2901 2978 sit
2934 2927 3062 2979 :scd
3093 2936 3337 2994 Oporteat
3371 2930 3583 2999 perspi-

1993 3026 2149 3067 Cuam
2186 3013 2467 3069 veritatem
2516 3031 2711 3071 omnes
2736 3018 2941 3086 pariter
2991 3018 3146 3073 latrri
3209 3019 3262 3073 in
3322 3022 3583 3097 Symbolo

1994 3106 2247 3173 ﬁdei,nec
2276 3119 2533 3179 paventes
2559 3110 2761 3166 addere
2793 3113 2940 3183 quod
2974 3113 3150 3183 placet
3177 3115 3455 3177 omnibus,
3483 3130 3582 3170 nec

1995 3211 2315 3256 recusantes
2339 3201 2408 3257 ob
2438 3203 2824 3258 verecundiam
2865 3220 3177 3275 expungere
3206 3206 3349 3277 quod
3381 3208 3581 3262 alicubi

1996 3290 2245 3358 oﬂ'endit,
2271 3303 2436 3366 atque
2462 3296 2535 3351 ita
2574 3299 2864 3366 praedicata
2895 3300 3154 3355 omnibus
3189 3316 3314 3354 vera
3339 3312 3393 3356 et
3430 3317 3580 3356 certa

1995 3399 2129 3454 pace
2169 3401 2291 3441 cum
2348 3388 2533 3443 laetitia
2590 3391 2814 3457 reverti,
2853 3391 2989 3446 satis
3048 3408 3141 3461 per
3171 3408 3234 3446 ea
3280 3409 3405 3463 qua:
3436 3393 3580 3448 dicta

1996 3489 2141 3545 Sunt,
2164 3489 2296 3548 puto
2326 3496 2447 3537 esse
2480 3492 2825 3553 perspectum
2859 3501 2873 3538 :
2907 3487 3167 3555 quodque
3202 3486 3485 3557 indignum
3514 3490 3582 3542 sit

1993 3586 2089 3627 eos
2124 3575 2479 3645 audire,rqui
2520 3578 2831 3631 contrarios
2888 3588 3154 3648 spargunt
3204 3596 3476 3644 rumores,
3530 3590 3584 3635 ct

1993 3679 2093 3719 vos
2127 3666 2439 3735 huiusmodi
2503 3670 2937 3740 cogitationibus
3000 3671 3234 3725 turbari.
3267 3672 3582 3728 Transeuu~

1993 3757 2123 3811 dum
2152 3760 2263 3825 jam
2313 3773 2398 3815 est
2433 3761 2496 3817 ad
2534 3774 2729 3818 caetera
2758 3778 2978 3835 quoque
3019 3764 3432 3835 impedimenta.

2070 3850 2261 3907 Dicent
2292 3854 2475 3924 itaque
2496 3856 2853 3924 quamplures
2885 3856 3044 3925 plane
3069 3874 3135 3913 ex
3165 3868 3399 3929 utraque
3426 3868 3580 3928 parte

1994 3945 2197 3999 debere
2242 3961 2351 4000 non
2385 3948 2547 4003 modo
2584 3949 2745 4004 nobis
2784 3949 2871 4004 hic
2902 3954 3250 4021 congregatis
3284 3952 3433 4021 pacis
3462 3968 3580 4007 mo-

1994 4038 2121 4092 dum
2155 4038 2387 4109 placere,
2421 4041 2514 4095 sed
2551 4042 2777 4113 reliquis
2800 4042 2961 4097 etiam
2993 4045 3266 4113 gentibus,
3312 4060 3580 4114 quincun-

1993 4146 2101 4199 que
2135 4132 2423 4200 utriusque
2455 4132 2712 4189 Ecclesia:
2743 4135 2941 4191 ritibus
2971 4136 3258 4207 subjaeent
3289 4156 3304 4197 :
3332 4154 3433 4193 nec
3458 4148 3580 4193 tan-

1996 4234 2108 4277 tum
2148 4239 2276 4279 esse
2312 4225 2799 4294 considerandum,
2848 4230 3125 4296 quomodo
3156 4246 3256 4286 nos
3290 4232 3581 4287 convenia-

1994 4332 2138 4381 mus,
2187 4317 2284 4371 sed
2330 4317 2496 4374 etiam
2550 4334 2658 4388 qua
2709 4319 2923 4375 ratione
2976 4321 3055 4376 illi
3120 4323 3340 4381 decreta
3391 4335 3582 4381 nostra

1993 4410 2303 4481 suscipiant
2348 4427 2367 4466 :
2417 4413 2658 4482 alioquin
2696 4414 2819 4471 loco
2860 4416 3014 4487 pacis
3046 4432 3285 4487 pugnata
3338 4418 3582 4476 inconsi-

1991 4502 2184 4556 derate
2233 4503 2524 4571 ciebimus,
2570 4506 2814 4577 dumque
2853 4523 2977 4563 cum
3031 4511 3151 4581 logc
3183 4511 3397 4568 dissitis
3442 4515 3587 4570 male

308 4593 681 4646 συνάπτεσθαι
731 4595 846 4657 τοῖς
908 4596 1101 4665 πόρῤω
1152 4596 1341 4659 κακῶς
1377 4598 1486 4649 τῶν
1534 4600 1888 4654 οἰκειοτάτων

1997 4596 2403 4665 coniungimur,
2427 4613 2457 4652 α
2479 4597 2958 4666 coniunctissimis
2980 4602 3363 4674 disjungemur
3397 4625 3411 4661 :
3437 4612 3585 4680 quod

306 4684 788 4754 ἁπορῤηγνύμενοι
812 4701 826 4715 ·
870 4682 900 4735 ὅ
932 4684 1103 4737 πλείω
1134 4684 1229 4738 τοῦ
1262 4687 1530 4758 προτέρου
1572 4688 1747 4742 δεικιοῦ
1787 4689 1884 4761 τῆν

305 4778 461 4832 ἀνίαν
488 4794 547 4831 τε
582 4779 675 4831 καὶ
704 4778 796 4830 τὸν
825 4777 1058 4845 θόρυϐον
1100 4779 1399 4849 ἐμποιήσει
1446 4784 1559 4844 τοῖς
1621 4785 1887 4838 πεπονθό-

308 4884 411 4922 σιν.
449 4869 634 4939 Ἰσμεν
672 4868 718 4922 δ’
747 4869 929 4923 αὐτῶν
956 4869 1095 4941 πλὴν
1134 4869 1331 4939 ὀλίγων
1362 4872 1487 4935 τοὺς
1516 4875 1721 4937 πάντας
1758 4876 1885 4930 δυσ-

304 4958 481 5029 χερῶς
555 4961 684 5031 περὶ
716 4961 818 5031 τῆν
868 4961 1165 5030 μετάθεσιν
1204 4961 1428 5031 ἔχοντας
1452 5005 1464 5026 ,
1498 4968 1590 5016 καὶ
1634 4967 1695 5016 τὸ
1736 4967 1885 5033 δόξαι

304 5069 358 5103 τι
413 5053 760 5121 καινοτομεῖν
836 5052 1100 5116 ἀσεϐείας
1153 5053 1462 5123 ὑπερϐολὴν
1516 5056 1881 5126 ἡγουμένους.

306 5142 474 5195 Ἔνιοι
496 5143 541 5197 δ’
574 5144 755 5197 αὐτῶν
781 5146 875 5197 καὶ
912 5146 1077 5215 μέχρι
1124 5145 1292 5215 μόνου
1325 5145 1422 5199 τοῦ
1453 5147 1768 5203 διδάσκαλοι
1798 5169 1885 5219 γε-

306 5236 491 5289 νέσθαι
520 5236 635 5301 τοῖς
661 5236 843 5300 ἄλλοις
873 5238 972 5307 τῆς
1021 5238 1305 5309 ἀληθείας,
1344 5240 1565 5293 συνόδου
1611 5258 1673 5295 τε
1711 5243 1888 5297 οἰκου-

308 5329 537 5398 μενικῆς
568 5332 661 5384 καὶ
720 5328 832 5383 τῶν
867 5331 1078 5397 ταύτης
1110 5332 1293 5402 ἔργων
1343 5333 1627 5401 ἐφίενται·
1658 5337 1768 5389 οὐδ’
1800 5340 1886 5406 ἐγ-

302 5423 503 5491 χωρεῖν
530 5438 696 5491 φασιν
726 5416 802 5477 ὧν
830 5425 985 5478 αὐτοὶ
1019 5426 1397 5491 πιστεύουσιν,
1430 5426 1563 5480 ἄλλο
1591 5448 1641 5481 τι
1674 5429 1884 5498 βέλτιον

306 5510 415 5563 ο·;δ’
438 5512 585 5584 αὐτῷ
609 5513 785 5566 δοκεῖν
816 5515 893 5585 τῷ
927 5515 1070 5585 Θεῷ.
1134 5515 1261 5579 Πῶς
1316 5512 1409 5569 οὗν
1465 5516 1637 5584 οὕτως
1672 5521 1886 5589 ἔχοντες

308 5605 559 5676 γνώμης,
593 5607 977 5678 ἀφαιρούντων
1001 5608 1161 5677 ἡμῶν
1201 5608 1233 5677 ἦ
1289 5613 1693 5678 προστιθέντων
1748 5616 1886 5677 ὃὶως

308 5698 621 5764 ἀνέξονται;
658 5699 727 5753 ’Ἡ
775 5701 880 5753 πού
917 5701 1122 5755 δίκαιον
1168 5702 1296 5766 τοὺς
1324 5704 1630 5774 ἡμετέρους
1662 5710 1888 5777 συμμάο

310 5807 435 5859 χους
463 5792 806 5857 καταλιπεῖν,
871 5790 955 5858 οἷς
1004 5796 1105 5864 τὴν
1161 5796 1303 5865 πρὸς
1361 5796 1625 5865 ἀλλήλους
1684 5802 1887 5873 ἔχθραν

315 5881 754 5955 συνδιεφὲρομεν,
786 5884 879 5940 καὶ
907 5888 1038 5952 τοὺς
1059 5889 1169 5942 τῶν
1192 5888 1470 5962 δυσχερῶν
1516 5893 1650 5964 ἡμῖν
1686 5897 1881 5967 πρτὶτεο

1999 4689 2243 4757 passuris
2277 4690 2540 4747 maiorem
2578 4692 2769 4749 alleret
2817 4710 3112 4753 nitet-orem
3142 4700 3423 4771 animique
3454 4719 3584 4772 per-

1998 4782 2369 4838 turbationem
2426 4801 2589 4853 quam
2643 4787 2794 4856 prius
2848 4793 3077 4847 malum.
3130 4790 3348 4848 Scimus
3398 4809 3582 4853 autem

1995 4889 2186 4927 manes
2212 4882 2407 4944 prmter
2432 4892 2637 4947 paucos
2674 4881 3033 4936 mutationem
3060 4901 3202 4954 a-gre
3230 4886 3395 4953 ferre,
3430 4906 3550 4944 sum

1998 4985 2253 5037 tuamque
2295 4969 2636 5038 impietatem
2674 4973 2959 5037 arbitrari,
3007 4980 3053 5031 si
3086 4994 3249 5048 quiam
3290 4984 3589 5039 vidcantur

1998 5060 2404 5116 innoratianem
2445 5063 2753 5120 admittere.
2794 5067 3026 5133 Quidam
3063 5088 3190 5127 vero
3237 5089 3302 5128 ex
3353 5076 3487 5145 ipsis
3515 5080 3587 5133 ad

1998 5150 2100 5204 hoc
2128 5163 2339 5205 tantum
2371 5162 2566 5223 optant
2606 5158 2877 5227 synodum
2911 5164 3333 5226 meameniram,
3368 5177 3424 5219 et
3459 5185 3587 5236 qua:

1996 5258 2091 5311 per
2124 5243 2271 5297 illam
2307 5244 2466 5313 littut,
2500 5257 2557 5301 ut
2588 5248 2828 5304 evadant
2854 5252 2975 5307 aliis
3010 5255 3258 5323 ιιιιιςίδιιὶ
3288 5260 3534 5314 veritatis
3565 5280 3579 5316 :

1997 5351 2100 5389 nec
2139 5337 2253 5392 lieri
2291 5354 2452 5409 posse
2485 5344 2663 5404 aiunt,
2705 5343 2808 5397 title
2842 5360 2938 5399 sua
2980 5348 3280 5418 quidquam
3311 5366 3580 5421 pra-stan-

1998 5434 2106 5485 tius
2140 5446 2205 5486 ne
2237 5432 2337 5500 ipsi
2373 5434 2591 5505 quidem
2628 5434 2737 5489 Deo
2769 5438 2965 5493 videri.
2996 5439 3135 5494 Cu;n
3172 5445 3340 5513 igitur
3372 5445 3449 5501 illi
3480 5449 3581 5502 huc

1996 5533 2180 5581 animo
2212 5529 2346 5593 sint,
2391 5531 2670 5600 quomodo
2702 5535 2981 5599 patientur
3017 5550 3045 5589 a
3083 5538 3242 5591 uobis
3277 5540 3579 5609 quidquam

1996 5621 2224 5674 Otuuiuo
2276 5622 2405 5677 addi
2460 5624 2545 5677 vel
2596 5626 2855 5678 detrahi?
2888 5627 2968 5679 An
3018 5643 3145 5679 Vero
3179 5645 3394 5699 aequum
3450 5635 3577 5697 erit,

2000 5726 2215 5768 nostros
2270 5716 2331 5767 in
2379 5715 2632 5785 gerendis
2681 5716 2989 5774 inimicitiis
3047 5722 3230 5778 socios
3286 5740 3581 5797 rerumque

2000 5808 2301 5861 arduarum
2352 5823 2415 5862 ac
2467 5807 2772 5867 dillicilium
2818 5814 3111 5885 participes
3156 5818 3429 5886 deserere,
3481 5837 3581 5879 nec

2000 5900 2137 5957 \‘eile
2186 5900 2307 5957 illos
2353 5901 2407 5956 in
2451 5902 2677 5961 meliore
2729 5905 2951 5962 fortuna
2998 5919 3285 5970 consortes
3332 5912 3581 5973 habere?
