4038 6422
456 409 561 470 455

1532 400 1912 466 GENNADII
1953 403 2061 464 CP.
2103 400 2537 463 PATRlAliClI
2568 399 2609 457 E

3585 393 3681 458 456

455 534 554 572 nec
578 522 648 572 ita
677 533 869 587 pacem
883 534 982 573 eo"
1010 535 1234 590 ponere,
1257 521 1718 588 quemadmodum
1743 519 1846 588 ipsi
1871 521 2043 572 liben-

2151 536 2246 587 ρον
2277 517 2730 586 συμμετέχοντας
2861 515 2951 565 καὶ
2982 515 3089 565 τῶν
3116 513 3418 582 ἀμεινόνων
3448 511 3698 565 ποιεῖσθαι

454 620 538 663 ter
568 613 866 666 annuerint
889 617 911 666 ?
936 613 1014 666 Ad
1039 613 1155 667 haec
1181 628 1312 682 ergo
1336 613 1465 682 quid
1498 613 1616 682 ipse
1649 612 2035 681 respondeam,

453 706 652 772 quidve
685 706 864 774 potius
887 706 1099 760 consilii
1131 708 1284 760 vobis
1315 709 1433 760 dem
1464 713 1689 773 pr0pler
1719 703 2036 773 huiusmodi

455 799 718 863 rationes,
743 798 1016 852 volentem
1052 799 1235 852 dicere
1271 807 1478 851 attente
1511 797 1774 852 audietis.
1797 796 1900 861 Qui
1926 796 2039 848 sint

455 891 615 958 longe
650 889 854 948 dissiti,
898 888 1093 956 quisve
1131 903 1320 951 secus,
1351 878 1543 941 Patres
1576 887 1896 954 :equissiiui,
1930 899 2037 938 non

455 992 618 1034 terrae
665 981 1244 1051 spatiisjndicandum
1277 991 1384 1045 est,
1418 981 1513 1036 sed
1550 996 1760 1033 morum
1810 979 2036 1034 institu-

454 1089 748 1138 torumque
795 1074 1181 1138 similitudine,
1214 1084 1310 1126 attt
1353 1084 1545 1128 contra
1579 1091 1593 1130 ε
1631 1089 1729 1127 nec
1767 1088 1875 1128 non
1934 1073 2038 1126 liti-

452 1181 593 1232 enae,
625 1166 669 1219 si
696 1167 808 1218 fieri
837 1166 1030 1235 possit,
1063 1175 1116 1219 et
1145 1166 1288 1233 quod
1320 1167 1566 1219 omnium
1591 1176 1676 1220 est
1707 1166 2032 1222 maximum.

450 1258 833 1314 benevolentia
885 1266 940 1312 et
985 1257 1268 1320 societate,
1334 1265 1637 1327 mutuaque
1683 1271 1846 1326 opera
1901 1271 2038 1324 pra--

455 1350 656 1410 benda,
689 1362 811 1401 cum
856 1362 994 1416 opus
1044 1357 1148 1402 est.
1185 1347 1334 1401 Hanc
1383 1348 1548 1418 igitur
1574 1363 1674 1402 vos
1725 1347 2039 1402 adhibendo

455 1442 720 1511 regulam.
749 1444 1086 1496 contrarium
1117 1443 1342 1496 omnino
1366 1463 1428 1500 ac
1459 1443 1534 1496 illi
1567 1443 1757 1495 volunt
1780 1442 1846 1495 de
1873 1441 2039 1497 rebus

455 1535 750 1604 propositis
784 1537 1016 1606 capietis
1064 1539 1380 1593 consilium.
1419 1537 1552 1605 Quis
1603 1539 1751 1592 enim
1797 1538 2036 1604 ignorat,

453 1630 759 1684 notissimis
795 1629 1117 1684 Latinorum
1171 1632 1495 1686 nationibus
1538 1647 1666 1685 cum
1701 1631 1928 1694 Graacis,
1980 1640 2054 1682 nt‘

456 1725 692 1787 primum
726 1725 794 1778 de
848 1724 930 1777 his
981 1739 1165 1778 sermo
1213 1725 1328 1789 ﬁat,
1360 1739 1552 1778 eorum
1585 1723 1742 1792 plane
1785 1722 2034 1776 omnium

455 1829 576 1879 qua:
620 1814 754 1869 dixi.
796 1813 1253 1883 perfectissimam
1297 1815 1637 1871 intercedere
1670 1814 2039 1870 allinitatetn?

2145 610 2434 679 βούὶεσθαι
2477 607 2810 672 κοινωνούςς
2871 607 2994 675 μηδ’
3027 606 3101 668 ώς
3144 606 3208 659 ἂν
3261 605 3415 658 αὐτο)⁵
3449 604 3702 656 συνθοῖντο

2143 703 2235 756 καὶ
2268 698 2688 765 κατανεύσειαν,
2725 697 2870 750 οὕτω
2896 699 2996 767 τὴν
3039 699 3265 766 εἰρήνην
3299 695 3555 767 πράττειν
3596 697 3703 748 Etti-

2143 796 2388 865 χειρείν;
2433 793 2530 856 Τίς
2567 787 2662 846 οὖν
2693 791 2846 845 ἔσται
2895 794 2990 845 καὶ
3021 791 3157 858 πρὸς
3185 789 3407 851 τούτους
3433 787 3700 854 ἀπολογία,

2144 887 2348 956 μᾶλλον
2368 887 2423 940 δὲ
2455 887 2508 940 τί
2545 902 2676 940 ποτε
2705 887 2800 938 καὶ
2826 888 2957 952 περὶ
2992 902 3168 937 τουτω
3184 886 3224 935 Il.
3255 882 3365 935 τῶν
3392 882 3564 950 λόγων
3605 882 3704 950 ἔχω

2143 979 2543 1047 συμϐουλεύειν
2581 980 2714 1047 ὑμῖν
2750 976 3064 1048 πρδσέχοιτ⁹
3095 976 3162 1030 ἂν
3203 976 3307 1046 ἤδη
3374 975 3546 1042 λέγειν
3595 974 3703 1026 ἐθέ-

2141 1073 2306 1128 λοντι.
2361 1074 2504 1136 Τοὺς
2547 1072 2742 1144 πόρρω
2800 1075 2896 1126 καὶ
2941 1071 3066 1133 τοὺς
3128 1072 3318 1138 ἐγγὺς,
3380 1063 3426 1122 ὦ
3484 1069 3702 1137 Πατέρες

2140 1166 2566 1231 ἐπιεικέστατοι,
2631 1166 2692 1218 οὐ
2753 1165 2857 1234 γῆς
2919 1164 3256 1234 διαστήμασι
3329 1161 3534 1216 δίκαιόν
3600 1163 3704 1212 ἐστι

2141 1262 2368 1331 κρίνειν,
2388 1260 2524 1314 ἀλλὰ
2544 1259 2762 1328 τρόπων
2792 1262 2885 1313 καὶ⁸
2907 1257 3058 1327 ἠθῶν
3107 1257 3406 1326 ὁμοιότητι,
3443 1256 3534 1308 καὶ
3563 1255 3706 1308 subv-

2149 1353 2359 1416 αντίον,
2399 1351 2494 1404 καὶ
2528 1350 2780 1418 γλώττης
2829 1348 2914 1414 ἐφ’
2961 1340 3037 1400 ὧν
3066 1347 3183 1398 ἐστι
3237 1345 3464 1400 δυνατόν
3489 1361 3505 1376 ⁶
3563 1339 3707 1398 καὶὸ

2145 1444 2410 1510 μέγιστον
2476 1443 2742 1497 ἁπάντων
2796 1440 3005 1511 εὐνοίᾳ,
3050 1440 3146 1492 καὶ
3205 1439 3462 1508 κοινωνίᾳ
3507 1439 3594 1490 καὶ
3637 1437 3707 1507 τῷ

2145 1536 2524 1606 συμπράττειν
2552 1535 2807 1606 ἀλλήλοις
2833 1537 2891 1588 ὲν
2912 1529 2996 1598 οἷς
3042 1535 3106 1590 ἂν
3136 1535 3243 1589 δέοι
3278 1539 3372 1589 κοιλ⁵
3419 1537 3704 1604 συνεργεῖν.
3736 1527 3742 1540 ’

2141 1632 2333 1701 Τούτῳ
2355 1631 2538 1684 τοίνυν
2560 1629 2640 1700 τῷ
2678 1629 2866 1682 κανόνι
2917 1629 3240 1698 χρωμένους
3292 1628 3460 1697 ὑμᾶς,
3515 1628 3706 1681 παντά-

2143 1741 2310 1776 πασιν
2352 1722 2616 1786 ἐναντίως
2645 1718 2726 1785 οἷς
2762 1716 3006 1786 ἀξιοῦσιν
3039 1723 3261 1782 ἐκεῖνοι,
3299 1721 3552 1791 περὶτῶν
3589 1737 3706 1788 προ·

2141 1817 2416 1886 κειμένων
2466 1817 2586 1869 ἔστι
2619 1815 3036 1885 βουλεύσασθαι.
3079 1815 3173 1877 Τίς
3205 1816 3316 1884 γὰρ
3369 1815 3469 1868 οὐκ
3517 1811 3616 1866 οίδε
3647 1815 3707 1864 τά

453 1922 506 1963 et
529 1918 708 1960 tamen
731 1921 920 1962 eorum
940 1905 1134 1974 aliqua:
1156 1907 1406 1975 plurimis
1426 1918 1582 1963 terra:
1603 1909 1800 1978 spatiis
1823 1923 1851 1961 a
1873 1907 2036 1961 nobis

2150 1911 2252 1963 τῶν
2285 1911 2536 1964 Λατίνων
2577 1909 2979 1980 γνωριμώτατα
3007 1907 3163 1978 γένη,
3197 1909 3270 1970 ώς
3297 1907 3367 1962 ἂν
3398 1907 3530 1977 πρὸς
3555 1907 3708 1977 Γραιο

453 2001 696 2056 distant?
735 2000 867 2066 Quis
905 1999 1080 2054 nescit
1111 2000 1300 2060 etiam.
1352 2002 1558 2056 multos
1597 2016 1663 2055 ex
1702 2001 1769 2055 iis
1820 2002 1913 2070 qui
1963 2002 2045 2053 in-

455 2095 612 2148 terim
643 2095 930 2148 nobiscum
962 2094 1016 2148 in
1045 2093 1148 2149 lide
1177 2095 1442 2158 sentiunt,
1471 2110 1596 2149 esse
1624 2095 1842 2162 quidem
1881 2095 2039 2148 nobis

455 2187 694 2249 vicinos,
737 2186 989 2240 moribus
1020 2195 1198 2238 autem
1233 2193 1288 2238 et
1314 2186 1582 2240 institutis
1615 2186 1835 2240 dillerre
1871 2203 2046 2254 quan-

455 2291 568 2332 tuni
604 2278 692 2330 vix
738 2277 844 2332 dici
873 2277 1084 2346 queat?
1116 2286 1170 2332 et
1202 2278 1569 2343 calamitates,
1617 2278 1819 2346 quibus
1849 2278 2042 2347 ³1Πὶςὶ-

459 2388 580 2424 mur
613 2371 881 2441 quotidie,
919 2386 1027 2424 non
1062 2371 1305 2425 curare?
1341 2371 1561 2426 Scimus
1594 2373 1761 2425 etiam
1801 2372 2042 2426 nonnul-

460 2463 544 2516 los
579 2479 643 2517 ex
701 2463 770 2518 iis
827 2463 1076 2518 insidiati
1115 2464 1294 2529 nobis,
1345 2480 1410 2519 ac
1442 2465 1684 2520 invidere
1723 2483 1737 2520 :
1775 2465 1866 2534 qui
1914 2481 2043 2517 vero

461 2569 523 2610 se
568 2555 730 2610 nobis
775 2557 979 2610 amicos
1035 2557 1277 2624 praibere
1321 2557 1533 2623 volunt,
1590 2557 1816 2624 perinde
1861 2557 2044 2612 valent

456 2656 622 2716 atque
656 2647 692 2700 ii
741 2646 833 2716 qui
879 2646 1100 2712 nolunt,
1127 2648 1404 2704 similibus
1437 2658 1492 2702 et
1534 2648 1636 2718 ipsi
1670 2657 1832 2718 atque
1874 2651 2042 2704 etiam

459 2739 806 2810 gravioribus
853 2739 1105 2809 Oppressi
1161 2741 1423 2806 miseriis,
1474 2749 1534 2795 ut
1583 2755 1650 2794 ne
1687 2743 1790 2796 sibi
1824 2743 2043 2811 quidem

462 2833 598 2901 ipsis
626 2847 782 2900 opem
824 2831 964 2886 ferre
1007 2841 1234 2901 queant.
1286 2834 1559 2890 Pi-aatereo
1596 2837 1771 2906 quod,
1807 2838 2044 2906 exceptis

467 2923 640 2979 Gallis
689 2934 742 2978 et
781 2921 1066 2993 Hispanis,
1129 2925 1354 2994 reliquae
1414 2925 1734 2983 Latinorum
1793 2931 2045 2984 nationes

463 3016 646 3071 minus
668 3016 874 3070 distant
902 3016 1024 3071 loco
1057 3031 1084 3070 a
1115 3017 1296 3082 nobis,
1319 3034 1480 3087 quam
1509 3019 1677 3090 aliqui
1707 3037 1898 3076 eorum
1924 3024 2044 3093 (no-

462 3108 608 3162 mine
637 3108 784 3163 enim
817 3123 914 3164 eos
950 3110 1227 3179 appellare
1257 3111 1408 3182 nolo)
1442 3114 1644 3180 quibus
1678 3115 2040 3170 vehementer

462 3217 654 3257 sutnus
685 3202 912 3260 addicti.
949 3203 1092 3270 Quin
1135 3205 1299 3258 etiam
1329 3214 1387 3258 ut
1438 3206 1653 3262 vicinos
1683 3207 1908 3264 eosdem
1949 3211 2041 3263 lia—

463 3297 681 3359 bemns,
715 3295 946 3350 coloniis
979 3297 1312 3367 quibusdam
1356 3298 1663 3369 insulisque
1700 3301 1810 3356 illis
1849 3301 2037 3356 subdi-

463 3389 534 3442 tis
564 3389 796 3442 maxime
825 3389 1104 3459 conjuncti
1137 3407 1153 3453 ;
1191 3399 1247 3443 et
1277 3405 1401 3444 cum
1432 3392 1714 3448 nonnullis
1748 3393 1820 3447 ita
1855 3405 2043 3448 nostra

461 3480 644 3534 omnia
681 3482 1244 3545 commnnicavimus,
1294 3492 1351 3537 ut
1393 3483 1556 3538 veluti
1608 3485 2046 3555 consanguineos

454 3574 722 3640 civesque
751 3573 1136 3631 adhibeamus.
1165 3577 1244 3630 Ad
1271 3577 1386 3630 haec
1418 3577 1525 3630 lata
1555 3577 1712 3632 nobis
1737 3589 2046 3648 opportune

463 3665 695 3731 auxilia,
744 3669 1033 3736 vicemque
1069 3682 1098 3720 a
1149 3667 1310 3723 nobis
1345 3669 1636 3732 redditam,
1690 3686 1792 3725 nec
1846 3685 1956 3726 non
1989 3680 2047 3723 ut

467 3757 718 3812 moribus
755 3759 976 3828 utrique
1013 3760 1318 3815 alterorum
1357 3763 1539 3830 potius
1589 3778 1754 3832 quam
1808 3763 2050 3833 propriis

459 3851 818 3918 oblcctemur,
867 3863 922 3908 et
962 3855 1278 3909 communia
1325 3855 1439 3910 sint
1475 3857 1636 3910 nobis
1671 3855 1933 3922 eruditio,
1970 3857 2050 3911 di-

463 3945 734 4013 sciplinze,
782 3953 838 4000 et
871 3955 1059 4000 exacta
1111 3945 1428 4016 dogma-tum
1466 3947 1700 4004 scientia
1730 3956 2043 4020 caeteraque

465 4037 682 4092 vincula
706 4037 905 4107 quibus
933 4038 1278 4107 copulantur,
1308 4054 1636 4110 percensere
1668 4039 1885 4108 singula
1911 4038 2048 4093 ditii-

461 4135 729 4191 cillimum
766 4135 1028 4191 arbitror.
1079 4134 1273 4206 itaque
1308 4137 1356 4192 si
1393 4145 1445 4191 et
1484 4146 1730 4192 nostram
1781 4151 1905 4191 cum
1942 4134 2049 4190 La-

463 4231 596 4285 tinis
632 4245 816 4300 pacem
855 4230 1012 4301 sequi
1050 4245 1244 4286 omnes
1296 4230 1596 4297 voluerint,
1635 4228 1913 4286 felicitatis
1960 4230 2049 4285 hic

461 4322 570 4376 erit
596 4323 874 4386 cumulus,
903 4332 957 4375 et
990 4323 1238 4377 veritatis
1269 4333 1461 4376 contra
1503 4321 1854 4377 mendacium
1920 4319 2048 4375 illu-

466 4411 599 4467 stris
623 4411 872 4477 victoria,
891 4419 944 4465 et
972 4413 1082 4466 late
1106 4412 1302 4466 dill'usa
1331 4427 1456 4482 pax,
1491 4423 1657 4482 atque
1684 4410 1870 4467 omnia
1901 4425 2050 4467 com-

444 4506 730 4574 plectens.
762 4503 871 4558 Sed
900 4505 943 4558 si
979 4504 1288 4574 periculum
1329 4515 1434 4566 cst,
1467 4520 1535 4558 ne
1566 4503 1723 4558 alteri
1755 4503 2049 4558 adliteren-

2148 2005 2279 2066 κους
2320 2004 2347 2055 ὁ
2375 2003 2532 2069 λόγος
2567 2003 2814 2070 γίγνοιτο
2837 2002 3078 2072 πρῶτον,
3137 2002 3194 2053 ἐν
3230 2003 3400 2053 πᾶσιν
3447 2000 3576 2068 ὁμοῦ
3608 2002 3709 2060 τοῖς

2150 2098 2578 2166 προειρημένοις
2605 2096 3014 2166 ἀκριϐεστάτην
3048 2097 3148 2161 τὴν
3186 2096 3327 2164 πρὸς
3365 2097 3514 2163 ἡμᾶς
3563 2095 3711 2160 ἐγγύ-

2149 2208 2286 2258 τητα
2322 2190 2604 2255 σώζοντας
2641 2190 2822 2243 καίτοι
2875 2190 3083 2242 τούτων
3118 2189 3235 2242 ένια
3268 2189 3516 2241 πλεῖστον
3564 2187 3708 2254 ἡμῶν

2148 2284 2346 2352 ἀπέχει
2371 2286 2437 2352 τῇ
2475 2285 2568 2352 γῇ.
2600 2283 2698 2344 Τίς
2721 2281 2768 2333 δ’
2804 2284 2994 2350 ἀγνοεῖ
3027 2281 3259 2344 πολλοὺς
3285 2283 3392 2334 τῶν
3427 2283 3556 2350 ἡμῖν
3584 2279 3708 2339 τέιιίς

2147 2376 2555 2445 ὁμοδοξούντων
2593 2417 2607 2438 ,
2665 2376 2833 2443 ἐγγὺς
2885 2375 3000 2445 ,μὲν
3057 2376 3501 2446 συνῳκισμένους
3546 2373 3706 2442 ἡμῶν,

2147 2471 2310 2540 ἤθεσι
2343 2469 2439 2522 καὶ
2473 2471 2699 2538 τρόποις
2731 2469 2849 2522 οὐδ’
2881 2471 3005 2522 ὅσον
3049 2469 3226 2521 είπεῖν
3274 2469 3391 2521 ἔστι
3445 2466 3709 2534 διαφέρον-

2147 2580 2266 2623 τας.
2323 2564 2416 2616 καὶ
2464 2562 2573 2616 τῶν
2623 2563 2753 2632 ἡμῖν
2812 2563 3070 2615 ἑκάστοτε
3119 2561 3541 2628 συμπιπτόντων
3609 2555 3708 2609 οὐδ’

2149 2656 2694 2726 ὲπιστρεφομένουςς
2756 2653 2971 2715 Ἐνίους
2999 2653 3043 2705 δ’
3076 2652 3262 2705 αὐτῶν
3307 2655 3466 2722 ῐσμεν
3508 2649 3708 2704 ἐπιϐου-

2146 2748 2406 2810 λεύοντας
2429 2748 2526 2802 καὶ
2551 2747 2902 2814 φθονοῦντας.
2941 2745 3004 2798 Οἱ
3069 2745 3126 2798 δὲ
3171 2745 3267 2798 καὶ
3304 2745 3374 2797 τὰ
3401 2744 3507 2797 τῶν
3557 2740 3708 2793 εὖνιοί

2150 2842 2414 2912 πράττειν
2481 2841 2759 2904 ἐθέλοντες
2804 2842 2860 2894 έν
2895 2841 2994 2910 ῐσῳ
3020 2841 3128 2899 τοῖς
3162 2840 3237 2910 μὴ
3267 2839 3603 2912 βουλομένης
3644 2837 3710 2887 εἰ-

2151 2938 2256 2999 σὶν,
2287 2935 2450 3004 ὅμοια
2472 2933 2921 3005 δυσπραγοῦντες
2947 2933 3079 3001 ἡμῖν
3112 2933 3204 2985 καὶ
3234 2933 3425 3002 χείρω,
3476 2932 3565 2983 καὶ
3589 2928 3706 2998 μηδέ

2150 3027 2334 3095 σφίσιν
2367 3025 2552 3088 αὐτοῖς
2584 3023 2818 3093 ἀμύνειν
2848 3024 3164 3091 δυνάμενοι.
3206 3023 3316 3077 Ἐῶ
3342 3024 3448 3092 γὰρ
3483 3024 3560 3075 ὅτι
3583 3019 3708 3086 πλὴν

2147 3116 2371 3170 Γάλλων
2399 3133 2457 3169 τε
2490 3114 2586 3168 καὶ
2625 3114 2919 3181 Ἱσπανῶν,
2957 3117 3052 3168 καὶ
3093 3115 3160 3166 τὰ
3192 3112 3362 3167 λοιπά
3418 3113 3523 3166 τῶν
3566 3109 3708 3164 Λατῖ-

2149 3226 2257 3261 νων
2283 3207 2411 3275 ἔθνη
2457 3210 2550 3262 καὶ
2574 3208 2726 3278 τόπῳ
2756 3207 3047 3277 διέστηκεν
3100 3207 3262 3276 ήμῶν
3297 3203 3564 3274 ἔλαττονῆ
3598 3200 3708 3254 τού-

2149 3320 2256 3355 των
2303 3301 2450 3364 τινὲς
2501 3300 2584 3372 (ού
2627 3303 2734 3370 γὰρ
2790 3300 3055 3371 βούλομαι
3112 3298 3360 3371 τοῦνομα
3405 3298 3599 3365 λέγειν)
3644 3288 3721 3349 ὧν·

2151 3395 2356 3465 σφόδρα
2395 3393 2794 3464 περιεχόμεθα.
2827 3393 2952 3454 Τοῖς
2981 3392 3038 3445 δὲ
3089 3392 3282 3456 αὐτοῖς
3331 3393 3425 3446 καὶ
3477 3389 3706 3454 καθάπερ

2148 3489 2357 3555 γείτοσι
2415 3487 2700 3556 χρώμεθα,
2763 3486 3044 3548 ἀποικίαις
3099 3486 3214 3538 τισὶ
3259 3489 3356 3541 καὶ
3401 3486 3580 3554 νήσοις
3629 3477 3704 3532 ὑπ’

2149 3577 2328 3630 αὐτῶν
2382 3576 2724 3647 ἁρχομέναις
2789 3576 3030 3644 μάλιστα
3091 3579 3520 3647 συναπτόμενον
3560 3574 3704 3632 ἐνίοις

2147 3667 2331 3723 δὲκαὶ
2397 3668 2506 3721 τῶν
2573 3669 2706 3738 παρ’
2762 3668 2894 3737 ἡμῖν
2947 3667 3394 3738 μεταδεδωκότες
3453 3667 3705 3724 ἁπάντων,

2149 3763 2324 3817 ὁπόσα
2371 3761 2619 3832 γνησίοις
2666 3765 2762 3816 καὶ
2798 3761 3054 3825 πολίταις
3112 3763 3381 3832 ἄντικρυς
3426 3757 3709 3832 προσφερό-

2152 3856 2313 3926 μεθα.
2344 3855 2454 3917 Τὰς
2489 3854 2536 3908 δ’
2565 3853 2658 3906 ἐπὶ
2693 3853 2890 3924 καιροῦ
2941 3853 3197 3924 βοηθείας
3254 3856 3438 3909 αὐτῶν
3487 3855 3576 3908 καὶ
3623 3851 3707 3910 τὰς

2153 3948 2286 4018 παρ’
2319 3948 2476 4018 ἡμῶν
2503 3947 2764 4017 άμοιὸὰς,
2799 3947 2935 4017 πρὸς
2969 3948 3024 4000 δὲ
3063 3948 3160 4001 καὶ
3212 3949 3274 4002 τὸ
3322 3952 3432 4012 τοῖς
3485 3945 3706 4016 ἀλλήλων

2150 4041 2307 4112 ἤθεσι
2339 4041 2548 4111 χαίρειν
2584 4039 2692 4109 πρὸ
2724 4038 2836 4093 τῶν
2886 4041 3125 4104 οίκείων,
3174 4042 3476 4112 μαθήματά
3515 4057 3572 4092 τε
3627 4036 3706 4089 καὶ

2151 4133 2347 4200 λόγους
2371 4133 2468 4185 καὶ
2499 4130 2786 4199 δογμάτων
2834 4129 3153 4200 ἐπιστήμην
3185 4129 3286 4182 σὺν
3321 4126 3590 4200 ἀκριϐείᾳ,
3625 4122 3706 4175 καὶ

2152 4225 2322 4280 τᾶλλα
2354 4224 2436 4278 δι’
2468 4216 2543 4277 ὧν
2572 4222 2960 4293 συναπτόμεθα
2995 4223 3326 4292 καταλέγειν
3369 4223 3588 4284 ἕκαστα,
3609 4217 3704 4268 τῶν

2151 4317 2605 4391 δυσχερεστάτων
2637 4312 2784 4371 εἶναι
2819 4316 3050 4386 νομίζω.
3082 4317 3144 4370 El
3171 4317 3274 4386 μὲν
3331 4313 3426 4371 οὖν
3457 4315 3549 4384 τῆς
3586 4308 3704 4381 πρὸς

2154 4413 2424 4474 Λατίνους
2452 4413 2679 4482 εἰρήνης
2723 4410 2818 4464 καὶ
2846 4410 3050 4474 πάντες
3071 4411 3204 4480 ἡμῖν
3235 4410 3583 4481 βουλήσονται
3605 4419 3706 4455 κοι-

2155 4507 2368 4568 νωνεῖν,
2402 4502 2665 4574 εὔδαιμον
2697 4502 2765 4556 ἂν
2791 4501 2878 4571 εἴη
2910 4502 3072 4555 τοῦτό
3095 4519 3180 4570 γε,
3211 4504 3310 4557 καὶ
3371 4497 3592 4569 λαμπρά
3621 4493 3706 4558 τῆς

466 4607 553 4652 tes
571 4595 711 4664 parti
731 4597 1048 4650 amittamus
1068 4597 1316 4656 alteram,
1335 4596 1617 4649 hominum
1631 4596 1732 4650 erit
1754 4597 2043 4664 prudenter

2158 4597 2419 4666 ἀληθείας
2447 4597 2574 4663 νίκη
2603 4595 2748 4649 κατὰ
2785 4595 2880 4648 τοῦ
2930 4594 3186 4664 ψεύδους,
3222 4595 3321 4648 καὶ
3367 4594 3554 4662 εἰρήνη
3589 4586 3704 4638 πλα-

467 4687 791 4758 agentium,
849 4689 1085 4742 maxime
1142 4689 1355 4743 vii-inus
1411 4688 1668 4757 praeferre
1724 4689 1847 4744 aliis
1899 4705 2048 4745 :eos

469 4781 747 4845 videlicet,
777 4780 976 4849 quibus
1005 4783 1316 4851 praepositis
1341 4790 1393 4835 et
1421 4782 1699 4835 veritatem
1727 4781 2043 4847 fatebimur,

466 4883 525 4928 et
555 4888 745 4942 pacem
778 4874 1029 4928 stabilem
1065 4874 1444 4928 conﬁciemus.
1481 4873 1646 4929 Scitis
1681 4876 1824 4928 enim
1861 4875 2046 4945 plures

463 4985 660 5024 eorum
705 4968 808 5022 hoc
844 4967 1008 5022 etiam
1045 4976 1292 5036 tempore
1326 4968 1530 5021 nullius
1565 4981 1761 5036 parere
1788 4968 2041 5037 imperio,

467 5071 522 5113 et
561 5060 762 5112 nullam
798 5060 999 5113 habere
1031 5061 1320 5113 nobiscum
1367 5060 1837 5125 communionem,
1873 5075 2049 5129 neque

473 5155 775 5209 licrlesiaut
813 5163 1058 5208 nosti-ani
1104 5153 1318 5216 audire,
1354 5156 1448 5208 sed
1481 5155 1689 5208 nullum
1723 5155 1850 5208 hinc
1891 5157 2049 5210 nobis

466 5248 814 5314 (liSllClltlllllll
848 5247 1023 5300 oritur
1058 5265 1071 5300 :
1109 5261 1284 5316 neque
1335 5245 1504 5314 igitur
1539 5247 1764 5300 omnino
1806 5262 1836 5300 a
1862 5240 2052 5301 'nobis

464 5343 663 5399 αἰνυΙεὶ
692 5349 946 5411 poterunt
972 5339 1232 5395 invehere
1261 5339 1432 5394 ullum
1469 5339 1903 5394 incommodum.
1938 5338 2045 5393 Sed

469 5438 514 5490 si
555 5444 778 5504 possent
812 5435 977 5488 etiam
1026 5433 1158 5486 dare
1208 5431 1430 5501 aliquod
1477 5431 1764 5495 damnum,
1808 5431 2046 5500 perfecta

470 5539 618 5582 certe
648 5543 773 5582 cum
816 5526 1025 5582 Latinis
1053 5525 1374 5594 conjunctio
1401 5523 1537 5576 adeo
1567 5523 1882 5577 numerosis
1913 5522 2050 5576 satis

466 5636 742 5688 superque
770 5619 969 5688 poterit
999 5619 1301 5672 molestiam
1324 5617 1545 5671 demere
1575 5614 1702 5668 inde
1725 5613 2052 5682 provenicn-

470 5721 578 5763 tem
614 5727 626 5763 :
658 5711 844 5779 utjam
881 5726 946 5764 ne
977 5710 1150 5778 ipsam
1181 5709 1405 5778 quidem
1440 5706 1592 5775 prius
1625 5707 2048 5776 conjunctoiuzn

472 5800 828 5852 amissionem
859 5800 1186 5852 sentiamus.
1233 5797 1342 5852 Nec
1380 5812 1511 5850 vero
1545 5795 1726 5865 aliqua
1763 5796 1924 5850 nobis
1960 5799 2048 5849 lict

475 5891 587 5946 illis
617 5891 837 5961 injuria,
867 5892 976 5948 Deo
1001 5893 1181 5962 iudice
1210 5891 1634 5962 hominibusque
1663 5891 1753 5960 qui
1785 5892 2005 5961 sapiunt
2031 5910 2045 5962 ς

2153 4691 2272 4742 τεῑα
2305 4691 2398 4741 καὶ
2432 4689 2609 4742 πάντα
2633 4685 3103 4756 διαλαμϐάνουσαο
3141 4688 3188 4738 εί
3215 4685 3273 4739 δὲ
3298 4685 3392 4740 καὶ
3422 4675 3703 4737 κινδυνεύοσ

2157 4799 2256 4850 μεν
2284 4781 2495 4852 ἑτέρων
2521 4783 2904 4852 περιεχόμενοι
2959 4781 3088 4843 τοὺς
3133 4781 3361 4851 ἑτέρους
3405 4773 3700 4832 ἁποὸαλεῖνι

2159 4873 2459 4944 σωφρόνων
2493 4873 2560 4926 ἂν
2596 4873 2684 4944 εἴη
2715 4876 2845 4938 τοὺς
2896 4873 3134 4942 μάλιστα
3190 4872 3581 4943 πλησιάζοντας
3609 4863 3702 4916 τῶν

2155 4970 2333 5022 ἄλλων
2364 4968 2712 5037 προελέσθαι³
2759 4967 2853 5019 καὶ
2886 4966 2980 5030 οὒς
3011 4969 3413 5038 προτιμήσασι,
3443 4965 3501 5018 τό
3529 4978 3580 5015 τε
3617 4957 3702 5023 τὴν

2157 5061 2414 5132 ἀλήθειαν
2477 5061 2795 5130 ὁμολογεῖν,
2849 5060 2944 5112 καὶ
3002 5060 3062 5112 τὸ
3130 5060 3232 5130 τὴν
3273 5059 3494 5129 εἰρήνην
3535 5054 3604 5111 ὠς
3646 5047 3704 5098 ἂν

2160 5155 2397 5222 μάλιστα
2427 5154 2713 5225 διαρκοίη,
2754 5155 3020 5224 πράττειν
3063 5155 3389 5223 προσέσται.
3428 5150 3564 5201 Ἴστε
3609 5140 3704 5206 γάρ

2155 5248 2237 5300 ὅτι
2270 5247 2365 5299 καὶ
2395 5245 2490 5299 νῦν
2517 5247 2812 5316 αὐτόνομοι
2866 5244 3072 5299 τούτων
3101 5246 3150 5298 oi
3189 5245 3427 5307 πλείους,
3459 5237 3549 5293 καί
3593 5231 3702 5285 οὔτε

2156 5339 2266 5390 τῶν
2298 5337 2477 5392 ἄλλων
2534 5339 2669 5406 ἡμῖν
2707 5337 2766 5389 ἐν
2814 5335 2996 5390 οὐδενὶ
3047 5336 3420 5399 κοινωνοῦσιν,
3450 5329 3568 5385 οὔτε
3616 5321 3703 5384 τῆς

2168 5430 2498 5498 Ἑκκλησίας
2554 5428 2713 5500 ήμῶν
2766 5428 3170 5482 ὲπακούουσιψ
3230 5428 3347 5484 ἀλλ’
3391 5423 3540 5478 οὐδὲν
3587 5413 3701 5486 ἡμῖν

2157 5523 2408 5577 ἐντεῦθεν
2440 5524 2652 5593 γίνεται
2714 5521 2912 5593 βλάϐος
2941 5538 2954 5552 ·
3012 5524 3134 5601 οὐδέ
3173 5524 3351 5578 τοίνυν
3385 5513 3701 5572 παντάπασ-ν

2157 5616 2551 5686 ἀπερρωγότα
2588 5614 2764 5684 ἡμῶν.
2803 5614 3021 5678 ἕξουσιν
3059 5609 3118 5668 οὗ
3177 5618 3334 5686 χάριν
3369 5609 3698 5679 λυπήσουσιν.

2160 5710 2220 5760 Εἰ
2252 5709 2307 5760 δέ
2340 5725 2395 5760 τι
2426 5708 2517 5760 καὶ
2557 5706 2794 5777 ζημιοῦν
2829 5711 2977 5777 ἡμᾶς
3025 5709 3226 5779 ἔχοιεν,
3266 5707 3381 5763 ἀλλ’
3412 5707 3443 5774 ή
3475 5699 3574 5753 τῶν
3603 5693 3700 5779 Λῖ-

2156 5799 2320 5851 τίελων
2348 5797 2586 5868 ἀκριϐὴς
2620 5799 2878 5851 κοινωνία
2905 5799 3177 5853 τοσούτων
3206 5799 3372 5851 ὄντων
3426 5787 3554 5861 μετὰ
3585 5777 3698 5831 πολε

2157 5893 2256 5962 ﬁt;
2286 5891 2385 5960 τῆς
2419 5890 2738 5960 περιουσίας
2769 5894 2867 5963 τὴν
2914 5893 3125 5948 ἐκεῖθεν
3159 5893 3349 5963 ἀηδίαν
3388 5885 3530 5939 λύειν
3551 5869 3695 5947 ἀρκέο
