4038 6444
311 428 414 493 L37

1474 420 1761 481 ORATIO
1800 421 1862 481 ll
1905 422 2006 483 AD
2045 421 2440 486 SYNODUM.

3483 423 3590 486 458

318 564 425 608 σει,
484 543 560 605 ὡς
613 539 738 612 μηδ’
790 536 1149 593 αίσθάνεσθαι
1212 535 1425 602 λοιπὸν,
1488 535 1541 589 εἴ
1600 554 1745 600 τινος
1791 535 1900 590 τῶν

2014 550 2194 594 contra
2245 538 2392 594 enim
2428 538 2609 609 potius
2646 536 2714 592 ab
2760 537 2871 594 illis
2920 537 3181 594 Ecclesiae
3216 536 3333 601 Dei,
3372 536 3591 605 sibique

319 634 509 705 πρώην
534 630 911 703 ᾠκειωμένοιν
944 629 1294 699 κατέστημεν
1324 629 1547 700 ἔρημοι.
1583 629 1746 682 ’Λλλά
1793 627 1901 699 μὴν

317 728 425 783 οἰδ⁹
459 726 800 796 ἀδικήσομεν
833 724 975 785 ὅλως
1011 722 1211 785 αὐτοὺς
1236 720 1357 792 Θεῷ
1404 721 1636 791 δικαστῇ
1669 722 1901 782 καὶτοῖς

320 818 443 875 νοῦν
481 818 669 889 ἔχουσι
703 815 815 869 τῶν
848 814 1159 885 ἀνθρώπων
1184 830 1197 844 °
1232 813 1552 869 τούναντίον
1603 813 1715 883 γὰρ
1766 813 1901 883 μᾶλ-

317 914 433 976 λον,
463 912 619 965 αὐτοὶ
659 911 755 964 καὶ
777 908 877 980 τὴν
922 906 1257 979 Ἐκκλησίαν
1296 906 1434 959 Θεοῦ
1471 906 1567 958 καὶ
1602 906 1744 974 σφᾶς
1800 905 1901 958 αὐ-

318 1004 445 1067 τοὺς
480 1002 859 1071 ἀδικήσουσιν.
893 999 968 1054 Οὐ
992 999 1104 1071 γὰρ
1134 1000 1268 1069 ἡμῖν
1302 999 1489 1068 μόνοις
1523 997 1715 1050 λοιπὸν
1745 997 1903 1051 ἅντε-

321 1094 533 1165 ροῦσιν,
562 1091 657 1157 οὒς
682 1093 1069 1162 καὶπρότερον
1102 1091 1192 1161 ,τῆς
1225 1089 1526 1157 καθολικῆς
1568 1087 1903 1157 Ἐκκλησίας

322 1190 518 1257 μοῖραν
544 1185 747 1257 ᾔδεσαν
793 1183 978 1247 δντας,
1035 1180 1171 1238 ἀλλά
1226 1182 1367 1253 πρὸς
1420 1182 1605 1234 πᾶσαν
1633 1180 1770 1251 ὁμοῦ
1805 1181 1903 1251 τὴν

332 1278 661 1349 Ἐκκλησίαν
711 1276 1180 1347 φιλονεικήσουσι,
1218 1276 1316 1329 καὶ
1360 1273 1543 1345 πάσης
1573 1274 1902 1345 ἀπδρῤαγή-

325 1390 531 1427 σονται.
570 1371 682 1441 Τῆς
716 1372 825 1443 γὰρ
848 1368 991 1424 κατὰ
1050 1366 1636 1423 Κωνσταντινούπολιν
1678 1366 1907 1435 Ἐκκλη·

326 1466 447 1529 σίας
499 1462 640 1534 μετά
685 1463 794 1517 τῶν
835 1462 1014 1516 ἀλλων
1048 1462 1219 1531 τριῶν
1262 1462 1329 1531 τῇ
1396 1458 1588 1529 Ῥώμῃ
1635 1474 1905 1511 συναπτο·

328 1557 515 1628 μένης,
545 1556 702 1610 οὐδὲν
731 1555 833 1624 τῆς
872 1554 1172 1624 καθολικῆς
1229 1552 1559 1623 Ἐκκλησίας
1602 1551 1709 1617 ἔξω
1737 1568 1909 1603 κατα-

324 1648 571 1703 λείπεται
604 1662 618 1676 ’
669 1641 740 1719 ἦς
764 1646 1161 1717 ἀποσχίζοντες
1186 1644 1440 1708 ἑαυτοὺς,
1476 1642 1572 1696 καὶ
1602 1643 1701 1704 τὰς
1734 1641 1909 1710 αὐτῆς

327 1741 748 1809 ἀπαναινὸμενοι
773 1736 1014 1807 ψήφους,
1040 1737 1141 1789 οὐκ
1176 1731 1277 1789 οἷδ’
1326 1734 1382 1788 εἴ
1411 1752 1559 1796 τινος
1614 1732 1708 1787 ὑπ’
1740 1733 1905 1787 ἄλλου

328 1834 517 1889 τούτου
572 1833 801 1904 πάσχειν
831 1831 1085 1884 δύναιντο
1140 1832 1340 1900 χεῖρον.
1378 1827 1502 1881 Οὐδ’
1556 1826 1701 1898 ἡμᾶς
1758 1826 1911 1895 ὀφεί-

2011 631 2151 701 ipsis
2184 631 2276 687 (iet
2309 631 2510 700 injuria
2554 650 2568 686 :
2609 631 2881 701 siquidem
2932 632 3191 702 deinceps
3226 647 3334 685 non
3371 638 3589 684 tantum

2007 725 2174 780 nobis
2206 725 2485 779 contraria
2538 725 2797 789 sentient,
2843 740 2984 794 quos
3017 733 3072 779 et
3120 734 3278 779 antea
3306 722 3593 779 catholica:

2006 818 2267 872 Ecclesia:
2310 828 2520 888 partem
2556 817 2954 888 agnoscebant,
3005 819 3099 873 sed
3132 832 3311 888 pugna
3347 817 3454 870 illis
3483 816 3593 869 erit

2007 923 2132 962 cum
2173 916 2286 963 tota
2338 922 2571 977 prorsus
2616 907 2888 973 Ecclesia,
2923 915 3197 976 eruntque
3231 906 3300 961 ab
3334 908 3591 964 universa

2006 1001 2267 1069 separati.
2300 1000 2435 1055 Nam
2464 1000 2553 1055 ubi
2576 999 3193 1072 Constantinopofitana
3214 999 3464 1055 Ecclesia
3489 1017 3593 1054 una

2008 1105 2134 1146 cum
2166 1091 2341 1145 tribus
2359 1092 2482 1148 aliis
2508 1092 2806 1161 conjuncta
2832 1095 2949 1149 erit‘
2982 1106 3105 1148 cum
3139 1093 3407 1154 Romana.
3448 1093 3598 1146 nulla

2010 1184 2294 1239 catholica:
2322 1184 2580 1240 Ecclesiae
2608 1201 2733 1255 pars
2774 1197 2932 1241 extra
2960 1195 3167 1252 manet,
3188 1198 3217 1237 a
3250 1200 3354 1253 qua
3384 1184 3599 1255 seipsos

2011 1274 2375 1345 scjungentlo,
2422 1284 2476 1330 et
2525 1276 2752 1330 decreta
2792 1276 2913 1346 ejus
2964 1292 3071 1330 non
3102 1274 3445 1346 recipiendo,
3488 1290 3599 1327 non

2009 1369 2171 1423 video
2198 1368 2329 1438 quid
2360 1384 2389 1423 a
2414 1384 2692 1440 quoquam
2725 1370 2835 1424 alio
2868 1371 3088 1441 possint
3128 1369 3232 1424 hoc
3271 1369 3418 1423 malo
3448 1369 3600 1423 dete-

2010 1461 2130 1517 rius
2159 1464 2291 1533 pati.
2343 1460 2533 1533 Neque
2578 1464 2781 1521 debere
2831 1480 2933 1520 nos
2970 1465 3173 1519 dixerit
3213 1463 3490 1533 quispiam
3525 1462 3599 1515 ita

2013 1553 2123 1607 illis
2174 1555 2581 1623 obsecundare,
2621 1568 2677 1614 ut
2728 1568 2782 1613 et
2817 1557 3107 1613 veritatem
3154 1566 3599 1619 contemnamus,

2012 1656 2068 1699 et
2099 1647 2252 1716 pacis
2281 1648 2489 1704 bonum
2541 1665 2890 1721 respuamus,
2919 1652 3189 1721 nobisque
3228 1648 3363 1719 ipsis
3398 1648 3600 1703 damna

2013 1751 2268 1794 exeemus
2302 1756 2317 1793 :
2346 1743 2492 1810 quod
2548 1741 2633 1796 vel
2680 1743 2921 1799 dominis
2956 1740 3264 1799 concedere
3314 1741 3471 1796 valde
3517 1749 3600 1795 est

2016 1828 2335 1885 absurdum.

326 1933 438 1986 λειν
503 1932 649 1985 εῐποι
706 1947 791 1994 τις
848 1930 916 1984 ἂν
982 1928 1113 1999 ἄχρι
1164 1927 1259 1980 καὶ
1334 1924 1429 1979 τοῦ
1486 1924 1587 1993 τῆς
1674 1923 1937 1993 ἀληθείας
2011 1931 2403 2000 καταφρονεῖν,
2453 1932 2550 1986 καὶ
2613 1933 2675 1987 τὸ
2730 1934 2831 2004 τῆς
2910 1935 3139 2007 είρήνης
3210 1935 3601 2006 πνραιτεῖσθαι

328 2031 516 2093 καλὸν,
569 2028 663 2082 καὶ
713 2028 861 2098 ημᾶς
905 2026 1102 2088 αὐτοὺς
1154 2022 1433 2095 ζημιοῦν,
1486 2021 1556 2074 τὰ
1620 2021 1773 2090 σφῶν
1833 2020 2199 2092 θεραπεύειν,
2253 2026 2282 2079 δ
2346 2029 2444 2082 καὶ
2492 2030 2785 2094 δεσπϐταις
2838 2030 2961 2085 λίαν
3015 2032 3218 2086 ἄτοπόν
3279 2033 3396 2084 ἐστι
3466 2046 3601 2094 συγ-

329 2128 551 2199 χωρεῖν.

412 2220 555 2278 ’Λλλ’
585 2218 698 2274 οὐδ’
729 2216 899 2288 ἀηθὲς
934 2232 988 2270 τι
1023 2214 1122 2269 καὶ
1151 2212 1248 2267 νῦν
1282 2213 1505 2283 πρῶτον
1552 2212 1855 2282 συμϐαῖνον
1886 2212 1909 2282 ἦ

2095 2204 2268 2272 Porio
2321 2228 2503 2272 autem
2544 2232 2746 2273 novum
2779 2230 2888 2273 non
2930 2230 3032 2283 est,
3067 2226 3162 2272 aut
3192 2232 3337 2272 nunc
3363 2218 3599 2286 primum

334 2314 468 2386 πρὸς
496 2312 597 2384 τὴν
618 2308 1011 2380 οίκουμενικὴν
1038 2306 1258 2360 σύνοδον
1303 2306 1399 2359 καὶ
1427 2305 1525 2369 τὰς
1558 2304 1774 2375 ψήφους
1821 2303 1919 2356 αύ-

328 2408 428 2477 τῆς
451 2405 612 2458 ὲνίων
642 2402 928 2467 ἀπείθεια,
966 2401 1055 2454 ἵνα
1081 2416 1165 2461 τις
1198 2399 1294 2452 καὶ
1342 2400 1444 2468 τῆς
1501 2398 1660 2468 ἡμῶν
1708 2397 1918 2449 οἰκονο-

338 2498 464 2569 μίας
503 2495 604 2568 ἔχῃ
626 2492 989 2563 κατηγορεῖν,
1023 2491 1086 2543 οὐ
1118 2488 1461 2559 δυνηθέντων
1520 2489 1733 2550 πάντας
1772 2486 1916 2556 ἔχειν

335 2589 690 2650 ὑπείκοντας.
725 2584 903 2639 Πολλά
926 2583 1035 2655 γάρ
1072 2582 1203 2652 ἔθνη
1254 2582 1357 2635 καὶ
1385 2580 1575 2645 πόλεις
1634 2579 1757 2635 ὅλαι
1805 2578 1915 2631 τῶν

338 2682 626 2754 προτέρων
658 2678 895 2732 συνόδων
916 2675 1167 2746 γνώμαις
1208 2673 1521 2742 ἀντέλεγον,
1572 2670 1915 2744 ἀνθρώπινόν

329 2791 380 2826 τι
407 2772 600 2825 παθεῖν
639 2770 858 2832 ὲκείνας
910 2766 1233 2838 ἡγούμενοι,
1272 2766 1364 2818 καὶ
1418 2765 1477 2819 τὸ
1517 2764 1679 2831 δόξαν
1712 2764 1908 2824 αὑταῖς

328 2863 474 2917 τοῦτ’
510 2857 647 2916 εἶναι
672 2860 905 2931 τάληθὲς
931 2858 1363 2928 ἀποφηναμένας
1388 2872 1402 2888 ο
1438 2855 1543 2918 ἕως
1588 2856 1621 2925 ἡ
1650 2854 1751 2924 τῆς
1784 2853 1916 2923 ἀλη-

333 2952 480 3016 θείας
508 2952 663 3022 ίσχὺς
720 2951 819 3014 τὰς
851 2950 1111 3003 ἁπάντων
1174 2947 1403 3001 είσδῦσα
1454 2946 1655 3017 ψυχὰς,
1699 2946 1913 3008 πάντας

330 3044 497 3110 ἔδειξε
524 3041 906 3112 πειθομένους,
937 3040 1035 3095 καὶ
1063 3040 1141 3104 ὡς
1185 3038 1325 3093 Θεοῦ
1388 3040 1595 3108 φωναῖς
1643 3040 1763 3100 ταῖς
1802 3037 1913 3090 τῶν

328 3137 538 3207 ἀνδρῶν
599 3135 829 3190 ἐκείνων
885 3134 1278 3205 προσέχοντας.
1344 3132 1455 3185 Καὶ
1497 3129 1643 3184 τοῦτ’
1715 3131 1911 3202 ᾔδεσαν

330 3229 579 3301 ἀκριϐῶς
603 3231 657 3283 oi
683 3228 782 3300 τῆς
814 3226 1076 3297 ἀληθείας
1110 3225 1398 3292 ἐξετασταί
1422 3239 1438 3254 ο
1470 3222 1587 3277 ἀλλ’
1635 3222 1698 3276 οὐ
1732 3222 1909 3291 δήπου

330 3321 480 3378 τοῦτ’
513 3320 933 3390 εὐλαϐούμενοι,
973 3319 1068 3372 καὶ
1112 3319 1215 3387 τήν
1246 3333 1416 3370 τινων
1480 3313 1581 3367 εἴτ’
1634 3314 1911 3367 ἀναίδειαν

330 3415 429 3468 εἴτ’
453 3412 713 3467 ἀπιστίαν
753 3411 865 3464 δεῖν
912 3409 1212 3480 ἡγούμενοι
1248 3406 1604 3479 θεραπεύειν,
1658 3405 1757 3466 τάς
1800 3400 1911 3459 τῶν

328 3507 690 3577 εὐγνωμόνων
744 3502 925 3574 ψυχάς
973 3502 1197 3571 ἀφῆκαν
1263 3498 1615 3562 σαλεύεσθαι,
1665 3499 1760 3551 καὶ
1811 3499 1910 3568 τὴν

328 3599 587 3669 ἀλήθειαν
608 3595 881 3667 περιεῖδον
911 3593 1015 3647 ὑπὸ
1055 3594 1149 3646 τοῦ
1183 3591 1420 3663 ψεύδους
1460 3590 1907 3659 πολεμουμένην,

328 3690 421 3742 xui.
445 3690 542 3758 τὴν
573 3687 909 3758 Ἐκκλησίαν
957 3682 1096 3738 Θεοῦ
1133 3684 1202 3738 τὰ
1257 3683 1517 3753 χείριστα
1568 3679 1909 3751 πάσχουσαν,

330 3784 425 3835 καὶ
457 3783 595 3851 σφᾶς
632 3781 830 3845 αὐτοὺς
863 3781 1126 3833 ἁπάντων
1148 3777 1358 3831 τούτων
1394 3777 1602 3838 αἰτίους
1654 3771 1796 3828 εἶναι
1824 3775 1908 3827 60-

327 3873 590 3932 κοῦνταςο
625 3872 762 3926 ἀλλὰ
786 3871 995 3925 τούτων
1040 3870 1275 3941 μάλιστα
1313 3868 1409 3922 καὶ
1460 3865 1742 3938 προῦργου
1800 3884 1897 3918 πε-

329 3965 707 4036 φροντικότες,
743 3965 944 4018 αὐτίκα
976 3964 1074 4033 μὲν
1108 3964 1212 4014 τιὶν
1240 3960 1419 4015 ἄλλων
1465 3959 1730 4030 ἠμέλουν,
1788 3955 1909 4012 εἶτα

328 4059 616 4121 κάκείνους
654 4058 844 4128 εὐχαῖς
877 4074 935 4109 τε
970 4056 1067 4108 καλ⁸
1127 4057 1249 4116 ταῖς
1313 4053 1504 4115 ἄλλαις
1564 4052 1911 4122 ἐπιμελείαις

332 4148 507 4215 ίῶντο,
536 4148 632 4202 καὶ
671 4148 809 4218 πρὸς
830 4147 931 4217 τὴν
961 4146 1063 4200 τοῦ
1095 4143 1265 4198 καλοῦ
1300 4144 1398 4197 καὶ
1427 4144 1644 4197 δικαίου
1705 4143 1911 4210 γνῶσιν

328 4243 695 4311 ἀπέστρεφον.
736 4240 809 4293 Οὐ
834 4240 1016 4291 τοίνυν
1052 4238 1160 4290 οὐδ’
1194 4237 1344 4307 ἡμᾶς
1367 4234 1465 4289 νῦν
1488 4234 1584 4288 τοῦ
1611 4236 1782 4297 δεῖνος
1816 4233 1912 4286 καὶ

324 4334 421 4389 τοῦ
451 4336 618 4397 δεῖνος
653 4334 857 4406 πρέπει
889 4330 1199 4402 φροντίσαι,
1235 4332 1384 4392 ὅπως
1414 4328 1490 4397 μὴ
1521 4328 1750 4398 γένηται
1808 4344 1910 4379 πο-

325 4446 393 4497 νη
407 4429 495 4497 ρὶς
527 4426 770 4497 ἀμείνων
802 4420 941 4477 εἶναι
1002 4423 1333 4492 δυνάμενος,
1386 4419 1521 4473 ἀλλὰ
1556 4418 1617 4471 τὸ
1650 4420 1768 4471 δέον
1816 4419 1911 4471 αὖ-

326 4520 452 4582 τοὺς
476 4518 984 4587 διαπραξαμένους,
1015 4517 1128 4577 τοῖς
1152 4513 1277 4567 νοῦν
1323 4513 1513 4582 έχουσι
1553 4511 1911 4566 καταλείπειν

332 4611 612 4681 αἱρεῖσθαι
637 4610 794 4663 τοῦτο
830 4610 928 4662 καὶ
950 4608 1204 4678 στέργειν
1226 4621 1241 4635 ’
1271 4604 1363 4669 οὓς
1426 4606 1574 4667 είκδς
1607 4602 1749 4657 εἶναι
1782 4606 1911 4667 τοὺς

328 4703 554 4765 πιστούς
585 4719 643 4755 τε
672 4702 769 4754 καὶ
802 4700 1218 4768 δοκιμωτάτους
1255 4698 1366 4750 τῶν
1424 4697 1713 4767 ἡμετέρων
1739 4710 1753 4725 ο
1796 4700 1910 4759 τοῖς

327 4795 373 4850 δ’
399 4793 735 4848 ἀντιϐαίνειν
790 4794 920 4854 ἴσως
958 4789 1383 4860 βουλησομένοις
1418 4791 1507 4842 τὸν
1549 4790 1689 4856 μετὰ
1734 4787 1908 4841 ταῦτα

2022 2324 2124 2363 usu
2165 2309 2335 2375 venit,
2369 2325 2490 2365 esse
2520 2310 2611 2380 qui
2646 2311 2918 2381 synodum
2952 2311 3348 2365 (ncumenicam
3372 2312 3601 2381 ejusque

2020 2401 2236 2456 decreta
2284 2416 2392 2454 non
2438 2400 2772 2467 admittant;
2818 2412 2878 2456 ut
2929 2404 2974 2457 si
3027 2419 3130 2456 non
3178 2404 3479 2472 poterimus
3534 2404 3600 2458 agi

2021 2502 2267 2545 nostram
2307 2506 2500 2547 omnes
2537 2492 2838 2561 perducere
2868 2494 3219 2559 sententiam,
3248 2495 3421 2565 possit
3448 2496 3603 2565 quis-

2019 2579 2163 2647 piam
2190 2579 2426 2635 concilia
2462 2590 2650 2635 nostra
2678 2582 2975 2637 damnare:
3012 2584 3192 2638 multm
3211 2584 3356 2637 enim
3384 2595 3600 2656 gentes.

2017 2678 2071 2724 et
2105 2670 2353 2726 civitates
2400 2672 2627 2742 integra:
2675 2675 2917 2745 priorum
2971 2676 3330 2731 conciliorum
3383 2680 3599 2734 decreta

2018 2763 2433 2830 Oppugnabant,
2485 2764 2711 2818 humani
2760 2766 2966 2834 aliquid
3001 2783 3162 2836 passa
3191 2770 3279 2823 illa
3314 2772 3554 2840 npiuatre
3578 2816 3591 2835 ,

2017 2863 2070 2907 et
2103 2854 2247 2922 quod
2284 2853 2387 2908 sibi
2424 2854 2599 2909 visum
2622 2866 2789 2921 esset,
2821 2857 2950 2910 illud
2977 2868 3233 2926 tauquam
3266 2877 3450 2914 verum
3479 2877 3603 2930 pro-

2018 2946 2343 3012 nuntiasse;
2373 2947 2549 3003 doncc
2581 2949 2629 3000 vi
2659 2963 2756 3002 sua
2788 2950 2989 3004 veritas
3026 2952 3078 3003 in
3115 2951 3356 3004 omnium
3381 2955 3600 3007 animos

2017 3055 2137 3096 sese
2170 3039 2456 3096 insinuans
2494 3040 2699 3105 θαι-οη,
2744 3051 2800 3096 ιιι
2832 3057 3025 3098 omnes
3067 3045 3506 3113 acquiescerent,
3549 3058 3603 3099 et

2018 3132 2298 3188 hominum
2326 3133 2543 3187 illorum
2575 3133 2806 3188 vocibus
2841 3142 3102 3205 tanquam
3148 3136 3351 3191 divinis
3385 3139 3604 3191 auscul-

2019 3235 2217 3281 tarent.
2250 3224 2316 3279 Et
2348 3237 2696 3295 perspectum
2746 3241 2879 3282 sane
2929 3229 3031 3281 hoc
3073 3226 3351 3282 habebant
3388 3230 3602 3300 judices

2018 3316 2090 3370 illi
2142 3317 2428 3382 veritatis;
2484 3331 2591 3370 non
2625 3326 2804 3371 tamen
2846 3327 2939 3371 aut
2968 3317 3125 3371 veriti
3180 3320 3281 3373 hoc
3306 3331 3456 3385 sunt,
3507 3334 3605 3376 aut

2015 3409 2229 3478 piorum
2251 3410 2467 3464 animos
2496 3408 2760 3464 ﬂuctuare
2788 3420 2914 3464 sunt
2946 3412 3112 3481 passi,
3145 3414 3289 3481 quod
3322 3424 3599 3483 putarent,

2017 3500 2367 3571 impudentiae
2410 3517 2504 3557 seu
2560 3502 2799 3571 perﬁdia:
2839 3506 3206 3572 quorumdam
3254 3520 3377 3559 esse
3432 3508 3602 3561 inser-

2015 3595 2307 3661 viendum;
2346 3604 2438 3648 ant
2490 3594 2850 3665 neglexerunt
2903 3610 2929 3647 a
2976 3597 3264 3650 mendacio
3314 3598 3597 3651 veritatem

2015 3699 2406 3758 oppugnatam,
2444 3689 2861 3757 Ecclesiamque
2910 3688 3001 3742 Dei
3036 3688 3382 3757 gravissimis
3441 3692 3597 3745 labo-

2013 3793 2226 3837 rantem
2276 3783 2477 3848 nzalis;
2532 3791 2628 3836 aut
2670 3786 3056 3835 sustinuerunt
3108 3797 3167 3835 sc
3222 3784 3417 3837 horum
3471 3798 3589 3837 om-

2016 3875 2164 3929 nium
2189 3883 2443 3927 auctores
2477 3873 2690 3927 videri:
2731 3874 2829 3927 sed
2868 3887 3060 3926 mnnes
3088 3888 3217 3927 suas
3255 3888 3416 3927 curas
3445 3876 3495 3928 in
3518 3877 3601 3928 his

2014 3968 2311 4036 deligentes
2346 3965 2817 4034 parvipendehaut
2844 3964 3066 4033 quidem
3100 3965 3203 4017 alia
3232 3964 3351 4018 sine
3377 3975 3601 4020 cuncta-

2015 4056 2201 4121 tione;
2238 4055 2440 4110 deimle
2474 4054 2599 4109 illos
2631 4058 2818 4116 etiam,
2852 4068 3042 4121 preces
3091 4054 3157 4105 ad
3197 4052 3366 4108 Deum
3418 4055 3598 4108 cﬂ'un-

2015 4143 2221 4207 dendo,
2255 4143 2486 4211 aliisque
2518 4143 2746 4197 medelis
2769 4142 3060 4206 curabant,
3086 4151 3260 4210 atque
3291 4143 3357 4195 ad
3383 4143 3599 4199 honesti

2014 4247 2065 4292 et
2089 4237 2220 4308 justi
2248 4237 2582 4309 agnitionem
2603 4238 3019 4292 convertebant.
3054 4238 3161 4292 Nec
3186 4252 3283 4291 vos
3313 4238 3478 4305 igitur
3507 4226 3629 4296 cu-V

2014 4347 2139 4386 rare
2175 4331 2354 4397 decet,
2392 4347 2457 4383 ne
2485 4330 2572 4384 hic
2611 4340 2706 4383 aut
2752 4330 2841 4384 ille
2875 4330 3052 4383 malus
3089 4331 3203 4397 ﬁat,
3240 4347 3365 4385 cum
3418 4336 3594 4402 possit

2014 4438 2135 4477 esse
2164 4422 2248 4475 vir
2296 4423 2509 4488 bonus;
2544 4420 2636 4475 sed
2675 4420 2764 4473 ubi
2808 4421 2953 4488 quod
2980 4420 3095 4473 ﬁeri
3126 4429 3339 4488 0p0xtet
3372 4436 3599 4491 perege-

2015 4516 2161 4580 ritis,
2210 4514 2547 4584 Sapieulilttls
2580 4512 2891 4581 eligendum
2947 4520 3001 4565 et
3051 4513 3497 4582 amplectendum
3534 4514 3600 4567 il-

2014 4607 2107 4660 lttd
2152 4607 2514 4676 relinquetis;
2575 4622 2715 4676 quos
2756 4606 2872 4660 fore
2914 4621 3008 4661 eos
3041 4606 3133 4677 qui
3178 4605 3365 4661 ﬁdeles
3393 4616 3520 4660 sunt
3550 4617 3604 4657 rt

2014 4697 2159 4752 inter
2200 4708 2421 4753 nostros
2455 4700 2853 4769 probatissimi,
2889 4711 3328 4755 consentaneum
3365 4709 3488 4766 est;
3533 4701 3598 4752 iis

2015 4806 2142 4844 vero
2163 4792 2253 4860 qui
2283 4791 2424 4844 forte
2445 4776 2844 4845 contradictnri
2876 4801 3025 4853 Sllnl,
3054 4800 3270 4860 tempus
3302 4792 3601 4860 insequens

330 4889 518 4959 καιρὸν
552 4886 836 4955 ἀφορίζειν
867 4886 949 4947 είς
983 4884 1252 4954 ἰατρείαν,
1290 4883 1384 4934 καὶ
1438 4881 1576 4952 μηδὲ
1604 4883 1704 4950 τὴν
1770 4882 1909 4933 ὲκεί-

2020 4881 2276 4934 tribuetis
2312 4880 2379 4932 ad
2413 4882 2781 4941 cmationem,
2820 4894 2922 4932 nec
2953 4894 3144 4931 eorum
3181 4878 3600 4930 conversionem

331 4998 436 5032 νων
464 4976 813 5048 ἐπιστροφὴν
849 4975 1128 5038 παντελῶς
1158 4975 1487 5026 ἀνέλπιστον
1532 4971 1761 5026 οἴεσθαι.
1795 4973 1917 5027 Elei.

329 5072 460 5141 γὰρ,
486 5072 592 5122 είσι
624 5069 809 5122 πολλοὶ
832 5067 964 5138 παρ’
993 5069 1151 5138 ἡμῖν,
1173 5066 1222 5119 οἳ
1247 5065 1517 5118 παύσουσι
1539 5064 1916 5132 φιλονεικοῦν-

328 5181 427 5228 τας
460 5162 672 5234 τάληθῆ
703 5163 801 5216 καὶ
832 5160 1023 5215 δίκαια
1068 5160 1347 5228 λέγοντες.
1388 5160 1462 5210 Οὐ
1529 5159 1641 5224 γὰρ
1679 5161 1745 5230 τῇ
1814 5158 1915 5229 τῆς

330 5254 966 5315 κωνσταντινουπὸλεως
1016 5252 1322 5321 Ἐκκλησία
1350 5253 1512 5320 μόνον
1541 5251 1591 5301 oi.
1632 5250 1913 5320 ἀνθρωττοι

331 5347 638 5417 πολεμῆσαι
698 5345 923 5409 τούτους
974 5345 1217 5415 ἐροῦσιν,
1270 5342 1409 5397 ἀλλα
1458 5345 1560 5411 τὴν
1589 5342 1912 5413 ’καθολικὴν

340 5437 671 5507 Ἐκκλησίαν
702 5435 1018 5506 ἀτιμάζειν,
1061 5436 1134 5498 ὡς
1182 5433 1353 5499 ἔοικε,
1388 5432 1718 5503 βούλεσθαι·
1751 5432 1779 5485 ὃ
1821 5435 1915 5485 καὶ

327 5530 427 5600 τῆς
451 5529 714 5601 ἀληθείας
752 5531 868 5582 ἐστι
899 5524 1292 5598 καταφρονεῖν,
1320 5527 1417 5580 καὶ
1444 5526 1545 5595 τὴν
1604 5526 1747 5596 πρὸς
1777 5526 1913 5578 Θεὸν

326 5622 461 5676 atad»
500 5622 911 5693 παραιτεῖσθαι,
945 5624 1031 5690 ἐφ’
1076 5618 1145 5693 ἦς
1197 5623 1331 5691 ἡμῖν
1363 5622 1419 5673 αἱ
1481 5619 1588 5714 τῆς
1637 5618 1913 5689 σωτηρίας

332 5714 569 5778 ελπίδες.
602 5717 759 5768 Πᾶσα
781 5714 890 5784 γὰρ
915 5712 1010 5767 νῦν
1040 5717 1073 5783 ἡ
1097 5713 1204 5766 τῶν
1224 5709 1584 5781 Χριστιανῶν
1607 5709 1910 5777 Ἐκκλησία

332 5808 430 5874 τὴν
455 5806 627 5876 αὐτὴν
654 5811 783 5876 περὶ
817 5807 927 5859 τῶν
954 5810 1146 5876 πρώην
1188 5802 1730 5873 ἀμφισϐητουμένων
1769 5801 1883 5869 γνῶ

334 5914 445 5969 μην
476 5897 761 5961 προείλετο
788 5913 802 5926 ο
841 5898 937 5949 καὶ
971 5898 1113 5966 πλὴν
1161 5897 1319 5965 ὑμῶν
1376 5896 1619 5958 ἅπαντες
1666 5895 1762 5955 τὰς
1814 5894 1908 5956 τῆς

654 5994 926 6051 ΡΑτιιοι..
975 5991 1090 6051 Gn.
1139 5987 1324 6048 CLX.

2018 4967 2251 5021 omnino
2278 4967 2625 5036 desperatam
2656 4967 2963 5021 habebitis:
2991 4968 3281 5021 snntenim
3313 4967 3455 5035 apud
3481 4982 3603 5028 nos,

2016 5067 2146 5111 sunt
2220 5057 2407 5121 multi,
2468 5058 2561 5127 qui
2621 5059 3032 5126 persuadebunt
3070 5060 3455 5115 contentiones
3507 5060 3604 5110 dc-

2015 5165 2243 5220 ponere,
2270 5165 2400 5204 vera
2454 5152 2561 5203 illis
2597 5160 2652 5204 et
2693 5150 2843 5218 justa
2875 5150 3125 5205 (licentes
3155 5167 3169 5204 :
3213 5151 3358 5218 quod
3390 5150 3603 5203 scilicet

2015 5240 2051 5293 ii
2089 5254 2197 5294 non
2237 5242 2397 5295 modo
2427 5256 2553 5295 cum
2590 5240 3203 5308 Constantinopolitana
3231 5250 3471 5309 pugnent
3503 5241 3599 5291 En-

2013 5333 2208 5396 clesia,
2240 5336 2337 5388 sed
2372 5333 2544 5387 Veliut
2575 5333 2766 5397 etiam,
2800 5342 2855 5385 ut
2910 5334 3097 5386 videre
3140 5340 3251 5395 est,
3290 5332 3602 5385 universam

2012 5425 2316 5479 Ecelesiam
2373 5426 2809 5495 parvipendere;
2861 5426 3007 5492 quod
3035 5435 3089 5477 et
3133 5426 3419 5476 veritatem
3454 5439 3607 5492 sper-

2013 5532 2143 5573 nere
2173 5527 2280 5582 est,
2330 5527 2383 5571 et
2442 5519 2804 5572 reverentiam
2852 5532 2973 5581 qua:
3006 5515 3115 5569 Deo
3150 5515 3385 5568 dein-tur
3433 5516 3603 5583 proji-

2015 5627 2165 5677 cere,
2219 5626 2328 5680 qua
2394 5626 2519 5681 spes
2566 5620 2769 5662 nostrre
2807 5608 3002 5663 salutis
3056 5608 3340 5660 innititur.
3372 5680 3373 5683 η
3404 5606 3600 5660 Omnis

2019 5707 2164 5760 enim
2202 5719 2370 5764 nunc.
2400 5705 2609 5767 dicent,
2656 5702 3102 5758 Christianorum
3140 5701 3386 5754 Ecclesia
3416 5700 3482 5753 de
3517 5715 3605 5751 re-

2020 5797 2122 5851 bus
2175 5805 2332 5850 antea
2366 5792 2740 5848 controversis
2774 5794 3094 5858 consentit;
3159 5801 3213 5846 ct
3264 5801 3461 5861 praeter
3508 5806 3607 5845 vas

2019 5889 2376 5947 mcumenica:
2403 5886 2570 5957 hujus
2601 5885 2794 5957 synodi
2829 5886 3275 5941 decretaomncs
3308 5883 3604 5951 honorant,

3138 5979 3206 6041 lii
