4038 6416
398 370 507 449 los

1590 400 1774 463 OllA'l
1801 403 1872 462 IO
1899 405 1956 464 Il
1995 404 2095 463 AD
2138 404 2516 466 SYNODUM.

3552 394 3659 464 tm

399 503 493 553 καὶ
545 504 682 570 σφᾶς
718 502 972 573 ὠφελεῖν,
1023 511 1310 574 κάκείνους
1368 516 1433 568 ἀν
1489 536 1541 570 τι
1578 519 1779 587 λέγωσι
1814 537 1963 589 μετα-

2084 519 2289 585 possint
2326 520 2393 573 de
2440 520 2711 573 sententia
2752 518 3049 572 dimovere.
3086 520 3148 569 Αι
3183 534 3309 572 rem
3338 514 3655 574 Latinorttm

396 593 639 647 πείθεινο
674 599 741 666 τῇ
790 598 848 651 δὲ
912 601 1157 655 Λατίνων
1211 605 1514 679 Ἐκκλησία
1567 611 1665 674 τὰς
1712 610 1970 673 τοιαύτας

397 684 632 755 ὑποψίας
670 688 791 743 οὐδὲ
824 697 1242 759 προσποιεῖσθαι
1300 698 1430 765 γοῦν
1488 700 1687 766 ἔξεστι.
1746 702 1970 773 Πρῶτον

398 776 497 863 μὲν
532 779 643 849 γὰρ
674 781 827 835 οὐδέν
858 786 974 838 ἐστι
1008 789 1167 853 γένος
1195 790 1462 855 Λατίνων,
1494 792 1521 845 δ
1553 792 1626 863 μὴ
1661 796 1773 857 τοίς
1797 794 1970 858 αὐτῆς

396 869 598 941 ὑπείκῃ
650 872 1066 944 προστάγμασι·
1105 881 1303 949 μᾶλλον
1336 884 1382 937 δ’
1420 884 1573 937 οὐδέν
1602 886 1773 950 ἐστιν,
1801 887 1829 940 ὃ
1868 894 1971 958 τῆς

393 961 527 1030 πρὸς
560 965 764 1036 ταύτην
792 969 976 1033 αἰδοῦς
1016 978 1373 1044 παραχωρεῖν
1416 978 1482 1040 ἂν
1527 979 1815 1049 ἀνάσχοιτο
1861 984 1969 1036 τῶν

396 1056 700 1120 πρωτείων.
759 1059 915 1113 Οὖτω
972 1064 1178 1133 πολλῆς
1229 1069 1381 1135 παρά
1429 1071 1649 1123 πάντων
1706 1073 1970 1129 ἀπολαύει

391 1144 580 1210 τιμῆς,
623 1148 717 1200 καὶ
761 1151 1031 1207 τοσούτων
1077 1156 1295 1228 ἀπέχει,
1327 1162 1458 1228 περὶ
1499 1156 1575 1215 ὧν
1609 1162 1676 1217 ἂν
1728 1163 1971 1234 βούλοιτο

390 1237 637 1303 τάττειν,
696 1243 945 1299 ἔνστσσίν
1007 1267 1129 1303 τινα
1192 1254 1286 1305 καὶ
1355 1256 1688 1322 φιλονεικίαν
1750 1258 1970 1312 ὁθενοῦν

390 1420 563 1493 ἀρχὴν
617 1426 942 1495 ἀκριϐείας,
989 1433 1056 1485 δι’
1119 1433 1186 1502 ἦν
1225 1436 1303 1506 τῷ
1347 1439 1493 1504 ἠπῐῳ
1546 1442 1642 1493 καὶ
1695 1442 1967 1509 θεραπευ-

390 1513 526 1584 τικῷ
575 1515 636 1569 τὸ
697 1520 898 1588 στυφὺν
952 1526 1264 1591 κεράσασι,
1299 1530 1487 1583 οὐδένα
1528 1533 1636 1584 τῶν
1689 1534 1781 1586 ὑπ’
1828 1536 1965 1605 αὐτῇ

389 1609 738 1675 τεταγμένων
786 1612 847 1681 ἐᾷ
892 1615 1033 1668 κατά
1093 1617 1203 1671 τῶν
1254 1622 1391 1691 αὑτῇ
1448 1623 1750 1678 δοκούντων
1800 1644 1968 1695 στρα-

386 1697 673 1763 τεύεσθαι,
733 1705 823 1754 καὶ
886 1707 1160 1775 προπετές
1214 1729 1266 1764 τι
1324 1715 1463 1767 κατά
1518 1717 1620 1787 τῆς
1677 1720 1968 1789 δεσποίνης

389 1788 481 1840 καὶ
510 1792 715 1860 μητρὸς
770 1795 1142 1864 ἐνθυμεῖσθαιο
1192 1804 1285 1856 καὶ
1340 1807 1562 1862 Λατῖνοι
1620 1811 1818 1875 πάντες
1873 1788 1965 1866 καὶ

2077 610 2335 663 Εεοιεείιιτ
2369 611 2709 677 suspiciones
2774 611 3040 679 ejusmodi
3100 626 3165 664 ne
3224 610 3483 664 si-nnlare
3538 612 3656 679 qui-

2073 702 2193 755 dem
2223 702 2367 755 licet.
2392 700 2573 756 Primo
2590 701 2733 755 enim
2770 701 2974 754 nulhnn
3007 709 3090 756 est
3120 701 3435 756 Latinorum
3456 718 3654 771 genus,

2072 795 2217 864 quod
2246 794 2512 850 mandatis
2540 795 2660 863 ejus
2687 812 2791 849 nou
2815 804 3002 864 parcat
3030 812 3043 856 ;
3076 796 3204 861 quin
3240 797 3421 864 potius
3440 797 3648 849 nullum

2074 898 2176 949 est,
2211 887 2353 955 quod
2386 902 2445 941 se
2473 888 2525 939 iu
2567 902 2629 941 ea
2659 887 2885 940 colenda
2920 897 2975 940 et
3020 887 3357 941 observanda
3422 888 3527 955 ιιιιεὶ
3552 896 3658 941 ιιιιι·

2077 978 2214 1032 vinci
2248 979 2315 1031 ab
2340 979 2462 1031 aliis
2495 995 2508 1031 :
2548 977 2685 1032 adeo
2726 979 2926 1032 mullus
2989 979 3165 1030 honor
3218 978 3265 1030 ei
3298 977 3535 1030 defertur
3587 979 3657 1030 ab

2076 1071 2350 1132 omnibus,
2386 1077 2705 1139 tantumque
2736 1069 2887 1123 abest
2920 1081 2971 1123 ul
3020 1068 3223 1123 incidat
3281 1069 3356 1122 illi
3391 1070 3652 1135 suspicio,

2073 1177 2139 1214 ne
2172 1178 2277 1229 qua
2311 1162 2411 1217 sibi
2449 1163 2720 1216 adversus
2762 1178 2826 1215 ea
2884 1177 3004 1230 qum
3037 1161 3333 1229 przecipere
3400 1161 3653 1223 νοΙιιριῙι,

2074 1256 2433 1323 repugnantia
2501 1272 2595 1309 seu
2656 1255 2934 1309 contentio
2993 1255 3246 1308 alicunde
3316 1253 3654 1308 suboriamr.

2074 1346 2204 1399 Nam
2242 1357 2435 1415 przctcr
2487 1344 2792 1401 absolutam
2848 1346 3111 1416 spiritalis
3172 1346 3377 1400 domini
3423 1356 3657 1415 potesta-

2072 1448 2203 1503 tem,
2267 1454 2358 1506 per
2413 1454 2578 1506 quam
2626 1438 2852 1506 benigna
2905 1438 3328 1492 mansuetudine
3391 1448 3657 1507 temperat

2072 1531 2440 1594 severitatem,
2466 1546 2564 1586 nec
2598 1530 2731 1585 sinit
2762 1542 2948 1585 contra
2979 1547 3074 1585 sua
3108 1532 3255 1601 jussa
3309 1531 3652 1586 subditorum

2074 1623 2305 1692 aliquem
2329 1637 2449 1677 sese
2472 1622 2750 1683 extollere,
2782 1631 2875 1676 aut
2909 1623 3159 1690 petulans
3194 1604 3477 1691 quidpiam
3520 1636 3654 1672 cnu-

2074 1723 2154 1768 tra
2215 1713 2490 1767 dominam
2545 1722 2598 1766 et
2646 1722 2870 1767 matrem
2922 1714 3160 1784 Cogitare
3204 1712 3428 1766 :Latini
3487 1714 3650 1767 etiam

2075 1823 2264 1861 omnes
2289 1817 2484 1874 Sponte
2514 1822 2610 1861 sua
2640 1818 2869 1874 cogente
2900 1808 3136 1869 nemine,
3180 1822 3281 1861 suo
3306 1807 3372 1860 ad
3403 1822 3523 1859 eam
3554 1806 3651 1856 ob-

387 1879 601 1945 ἐκόντες
660 1884 889 1953 μηδενὸς
964 1890 1370 1958 ἀναγκάζοντος
1427 1899 1565 1968 πρὸς
1626 1902 1729 1970 τὴν
1794 1904 1963 1973 αὐτῆς

2072 1898 2397 1951 Servandam
2460 1906 2595 1950 nutu
2650 1895 2921 1961 feruntur,
2971 1897 3217 1951 doctrina
3270 1906 3325 1951 et
3365 1898 3648 1966 prudentia

386 1974 676 2027 εὐλάΰειαν
723 1976 1036 2047 ὦρμηνται,
1099 1986 1263 2056 σοφίᾳ
1320 1994 1413 2042 καὶ
1472 1994 1734 2063 φρονήσει
1799 1996 1966 2048 πλέον

385 2065 492 2115 τῶν
522 2067 698 2119 ἄλλων
737 2075 1166 2143 κεκοσμημένοι,
1229 2080 1331 2132 κάν
1371 2084 1492 2145 ταῖς
1553 2088 1805 2154 συνεχέσι
1846 2089 1959 2142 τῶν

386 2154 723 2209 διδασκάλων
776 2160 1145 2234 δημηγορίαις
1180 2167 1383 2221 ὁπόσον
1440 2188 1492 2223 τι
1566 2174 1740 2245 ταύτῃ
1804 2178 1964 2241 σέϐας

386 2246 660 2312 ὀφείλεται
694 2251 1090 2321 διδασκόμενοι.
1136 2258 1302 2313 ’Ὥστε
1335 2265 1398 2333 τῇ
1444 2264 1580 2333 πρὸς
1623 2268 1795 2335 αὐτὴν
1826 2270 1968 2323 αἰδοῖ

388 2338 483 2390 καὶ
508 2342 573 2409 τῇ
606 2340 987 2399 πίστειοπολλά
1017 2350 1110 2401 καὶ
1140 2353 1251 2412 τοῖς
1277 2353 1445 2422 αὐτῆς
1471 2356 1806 2426 προστάταις
1838 2377 1969 2428 συγ-

391 2432 775 2501 κεχωρήκασιν
800 2452 814 2465 ·
846 2436 881 2491 ἃ
914 2439 1013 2505 τῆς
1042 2442 1152 2493 τῶν
1187 2442 1500 2499 δεδωκότων
1540 2450 1963 2520 εὐγνωμοσύνης

388 2519 660 2587 ἀπόδειξις
693 2523 843 2591 ὄντα,
886 2533 998 2594 τοῖς
1036 2534 1134 2587 οὐκ
1166 2535 1329 2588 εἰδόσι
1360 2538 1594 2607 χρῆσθαι
1620 2541 1799 2605 καλῶς
1826 2519 1966 2596 ὀνει-

390 2610 495 2664 δῶν
526 2614 668 2686 ἀρχὴ
720 2619 814 2671 καὶ
851 2623 1166 2677 σκανδάλων
1213 2628 1372 2681 εἴωθε
1424 2630 1694 2697 γίνεσθαι.
1754 2635 1967 2689 Οὐκοῦν

390 2707 486 2799 καί⁷
534 2707 799 2780 νεώτερόν
852 2732 904 2767 τι
956 2716 1335 2791 νομοθετούση
1369 2723 1537 2791 μηδὲν
1570 2724 1968 2799 πολυπραγμο-

389 2797 604 2864 νοῦντες
640 2802 841 2866 πάντες
872 2808 1220 2875 προσέξουσι·
1253 2815 1346 2866 καὶ
1380 2814 1479 2867 νῦν
1507 2820 1604 2888 οὑχ
1640 2814 1805 2890 ἦττον
1840 2824 1965 2876 ἐπι-

392 2886 646 2952 δείξονται
674 2895 770 2962 τὴν
796 2893 950 2959 αίδὼ,
996 2898 1085 2950 ὅτε
1120 2899 1215 2952 καὶ
1265 2886 1610 2973 πειθομένοις
1637 2886 1796 2977 εἴπερ
1833 2913 1966 2966 ποτὲ

392 2978 775 3051 λυσιτελήσειν
817 2986 1100 3054 ἡγοῦνται,
1138 2994 1231 3043 καὶ
1284 2993 1667 3063 ἀντιλέγοντες
1711 3000 1968 3073 δριμυτέ-

397 3088 493 3139 ρας
548 3075 657 3128 τῶν
716 3079 965 3150 συνήθων
1008 3081 1204 3138 δώσειν
1266 3087 1522 3153 εὐθύνας.
1585 3093 1817 3147 Ἔπειτα
1872 3098 1968 3151 καὶ

2073 1990 2360 2058 plusquam
2407 1990 2497 2043 alii
2543 1997 2882 2059 praestantes,
2940 1999 2992 2042 et
3048 1988 3282 2043 aSsiduis
3337 2003 3647 2057 p'mt‘onuut

2068 2082 2427 2135 concionihus
2459 2081 2664 2147 edocti,
2700 2092 2904 2150 quanta
2940 2081 3011 2134 illi
3051 2080 3312 2136 debeatur
3345 2079 3647 2133 veneratio.

2070 2169 2257 2238 Itaque
2284 2172 2668 2232 reverentiam,
2701 2187 2809 2239 qua
2840 2170 2987 2225 illam
3014 2179 3442 2240 prost‘qumitnr,
3472 2180 3524 2223 et
3550 2169 3652 2222 Iido

2068 2261 2216 2315 ducti
2260 2260 2442 2315 multis
2472 2276 2689 2330 quoque
2716 2261 2876 2316 bouis
2908 2263 3179 2314 donarunt
3211 2261 3331 2329 ejus
3360 2262 3650 2331 praesules.

2069 2369 2187 2422 qua:
2223 2367 2348 2407 cum
2404 2353 2548 2423 piam
2585 2368 2798 2412 eorum.
2852 2353 2945 2423 qui
2986 2354 3073 2407 illa
3127 2353 3343 2418 dedere,
3410 2365 3648 2410 mentem

2070 2447 2370 2511 declarent,
2401 2461 2546 2515 szepe
2594 2446 2916 2514 prohrorum
2950 2456 3004 2499 ct
3061 2445 3443 2501 scandalorum
3497 2446 3651 2513 origo

2071 2537 2136 2592 iis
2171 2539 2324 2599 fiunt,
2359 2537 2451 2607 qui
2490 2537 2628 2591 datis
2660 2538 2803 2592 bene
2837 2541 2913 2591 uti
2956 2538 3225 2591 nesciunt.
3261 2535 3495 2590 Proinde
3555 2554 3649 2588 lm-

2069 2646 2195 2683 vum
2236 2630 2399 2683 etiam
2440 2630 2659 2699 aliquod
2682 2631 2875 2683 edente
2924 2632 3231 2691 decretum,
3266 2645 3457 2683 mnues
3516 2630 3647 2682 illud

2071 2722 2190 2776 sine
2217 2722 2323 2776 ulla
2358 2722 2679 2776 curiositate
2741 2723 3045 2792 recipient:
3100 2732 3155 2776 et
3191 2717 3335 2777 nunc
3373 2722 3512 2776 haud
3551 2725 3651 2777 mi-

2071 2831 2258 2870 norem
2291 2816 2628 2884 prmstahunt
2652 2816 3031 2882 reverentiam,
3059 2834 3182 2871 cum
3208 2817 3336 2881 sibi,
3359 2819 3401 2872 si
3428 2817 3649 2887 quando

2070 2904 2229 2967 alias,
2270 2905 2635 2960 obedientiam
2676 2908 2994 2963 existimant
3055 2908 3419 2976 profuturam,
3489 2920 3539 2961 ct
3598 2908 3643 2960 si

2073 3008 2398 3068 repugnent.
2465 2999 2773 3069 asperiores
2844 3000 3005 3053 solito
3063 3015 3121 3053 se
3165 3015 3355 3069 ptrnas
3402 3001 3648 3053 daturos.

2071 3090 2226 3157 Quod
2257 3090 2301 3144 si
2340 3090 2539 3145 vellent
2562 3091 2722 3145 etiam
2750 3090 3099 3153 contrudere,
3139 3092 3285 3145 nulla
3345 3101 3488 3147 esset
3544 3092 3653 3145 illis

392 3162 744 3269 βουληθέντες
779 3172 1106 3239 φιλονεικεῖν
1134 3177 1395 3248 οὐδεμίαν
1424 3181 1612 3246 ἕξουσι
1650 3186 1924 3255 πρόφασιν
1949 3204 1963 3219 ³

2074 3182 2293 3239 occasio
2322 3198 2337 3236 :
2371 3197 2478 3237 non
2513 3181 2660 3237 enim
2695 3198 2833 3238 nova
2853 3182 3032 3252 aliqua
3059 3183 3411 3239 induceretur
3440 3186 3648 3252 opinio,

389 3254 591 3347 οὐῃγάρ
621 3256 689 3310 ἂν
716 3262 957 3333 νεωτέρα
994 3281 1081 3327 τις
1127 3267 1405 3337 εἰσάγοιτο
1451 3272 1614 3338 δόξα,
1651 3254 1965 3347 ἀλλ’ἀφαι-

396 3346 537 3439 ροῖτο
589 3351 1043 3425 προστεθειμένη·
1076 3357 1105 3410 ὃ
1161 3363 1360 3414 ταυτόν
1411 3364 1529 3416 ἐστι
1565 3367 1657 3419 καὶ
1692 3367 1829 3437 πρὸς
1852 3346 1966 3439 τὴν

391 3436 626 3509 ἀρχαίαν
658 3443 945 3498 ἐπανιέναι
976 3448 1071 3501 καὶ
1120 3449 1304 3522 πάσης
1335 3453 1567 3525 ὑποψίας
1604 3436 1966 3529 ἀπηλλαγμέ-

389 3547 488 3601 νην
532 3533 847 3602 όμολογίαν.
878 3539 1115 3595 Ἄτοπον
1165 3540 1260 3597 οὖν
1309 3545 1377 3599 ἀν
1425 3550 1511 3618 εἴη
1563 3552 1967 3625 καινοτομούσῃ

394 3627 490 3693 μὲν
521 3632 787 3700 πρότερον
819 3634 1136 3701 πείθεσθαι,
1171 3638 1442 3711 ἐχομένης
1473 3642 1530 3696 δὲ
1559 3643 1670 3697 τῶν
1713 3646 1964 3716 ἀρχαίων

389 3719 485 3770 καὶ
529 3721 702 3775 ταῦτα
742 3724 1065 3796 βεϐαιούσης
1100 3729 1463 3798 ἀφίστασθαι’
1512 3735 1609 3787 καὶ
1647 3736 1819 3807 μόνης
1860 3739 1961 3808 μὲν

387 3812 455 3863 τὰ
483 3813 709 3866 τοιαῦτα
755 3818 1099 3890 πραττούσης
1138 3822 1307 3893 μηδὲν
1337 3825 1704 3893 ὑποπτεύειν,
1741 3830 1877 3898 μετά
1906 3829 1964 3883 δὲ

386 3902 493 3954 τῶν
544 3905 790 3973 ἀδελφῶν
822 3909 1260 3981 ἀνευρισκούσης
1314 3916 1377 3970 τὸ
1432 3917 1576 3983 δέον,
1611 3919 1959 3989 ἀμφιγνοεῖνο

386 3995 478 4046 καὶ
510 3998 675 4068 τιμᾷν
707 3999 807 4068 μὲν
841 4002 1043 4066 αὐτοὺς
1076 4005 1180 4058 ὑπὸ
1227 4008 1338 4061 τῶν
1384 4009 1563 4064 ἄλλων
1612 4010 1963 4082 πολεμουμέ-

384 4103 505 4155 νην,
531 4091 645 4152 τοῖς
704 4089 761 4143 δὲ
816 4092 1081 4163 πρότερον
1128 4097 1421 4165 δυσμενέσι
1485 4100 1581 4154 νύν
1642 4103 1961 4173 συμμάχοις

384 4181 675 4249 χριομένην
699 4220 715 4243 ,
749 4188 1133 4253 καταφρονεῖν.
1186 4188 1249 4240 Et
1291 4190 1403 4260 γὰρ
1440 4189 1664 4261 ἔμελλόν
1694 4208 1827 4246 ποτε
1859 4194 1959 4265 τὴν

384 4268 673 4324 εὐλάϐειαν
715 4273 1125 4344 ἀπορρίψαντες
1152 4318 1166 4341 ,
1204 4278 1436 4339 αὔθαδες
1470 4299 1522 4335 τι
1553 4287 1650 4337 καὶ
1684 4284 1959 4353 προπετὲς

384 4360 676 4431 ἐγχειρεῖν,
729 4365 795 4434 τῇ
840 4364 1029 4419 πίστει
1063 4372 1458 4439 προστιθείσης
1496 4374 1625 4427 ἄνευ
1656 4375 1766 4427 τῶν
1798 4376 1957 4429 ἀδελ-

385 4454 501 4521 φῶν
524 4456 619 4507 καὶ
636 4456 892 4511 τοσοῦτόν
920 4474 973 4512 τι
1001 4458 1333 4533 θαρῤούσης,
1360 4464 1583 4533 εὔλογον
1603 4462 1694 4539 ν.
1713 4469 1873 4520 Ἐπεὶ
1894 4469 1952 4521 δὲ

2076 3274 2170 3330 sed
2194 3274 2373 3330 addita
2406 3273 2707 3336 tolleretur,
2751 3274 2895 3344 quod
2928 3274 3068 3328 idem
3092 3285 3236 3330 esset
3267 3287 3429 3345 atque
3459 3276 3524 3330 ad
3556 3293 3654 3329 att-

2072 3366 2279 3434 liquam
2314 3373 2368 3420 et
2435 3365 2583 3420 omni
2645 3368 2956 3434 suspicione
3001 3368 3225 3421 liberam
3288 3368 3463 3421 redire
3518 3383 3651 3422 coa-

2070 3455 2383 3512 fessionem.
2439 3456 2837 3513 luconvcniens
2924 3474 3053 3528 ergo
3094 3468 3264 3523 esset,
3352 3462 3649 3514 novitatem

2070 3550 2289 3619 quidem
2315 3552 2589 3607 ἰιινιιΙιιιηιί
2632 3552 2874 3616 obedire,
2905 3553 2973 3606 ab
3001 3567 3061 3606 ea
3115 3568 3245 3605 vero
3299 3554 3456 3607 fidem
3513 3556 3652 3608 auti-

2067 3654 2231 3709 quam
2265 3640 2529 3695 retinente
2551 3650 2603 3694 et
2629 3642 3033 3711 comprobante
3082 3641 3371 3697 recedere:
3425 3653 3474 3697 ct
3536 3646 3648 3699 sola

2067 3730 2287 3799 quidem
2323 3746 2384 3784 ea
2410 3747 2495 3786 res
2528 3732 2837 3801 huiusmodi
2875 3740 3072 3801 agente
3121 3733 3257 3787 nihil
3318 3733 3518 3789 habere
3554 3753 3651 3789 sn-

2067 3833 2335 3893 spectum,
2367 3839 2492 3879 cum
2547 3824 2809 3879 fratribus
2862 3835 3043 3879 autem
3079 3826 3456 3895 compcricute
3505 3830 3649 3894 quod

2066 3916 2362 3970 tenendum
2384 3906 2497 3979 εει,
2526 3918 2712 3970 animo
2738 3915 3020 3978 ﬂuctuare,
3053 3929 3107 3971 ct
3129 3932 3250 3971 eam
3287 3917 3507 3987 quidem
3555 3934 3650 3985 op-

2065 4014 2358 4073 pugnatam
2393 4006 2463 4058 ab
2520 4004 2644 4057 aliis
2695 4006 2895 4069 colere,
2956 4021 3104 4060 nunc
3155 4021 3305 4070 vero,
3355 4006 3445 4076 qui
3500 4008 3651 4075 prius

2066 4097 2249 4151 hostes
2271 4104 2446 4159 erant,
2494 4097 2675 4151 serios
2713 4097 3000 4151 habentem
3060 4098 3367 4166 aspernari.
3418 4098 3551 4151 Nam
3597 4098 3647 4151 si

2063 4188 2279 4258 quando
2307 4188 2514 4256 ahjecta
2559 4188 2858 4243 reverentia
2882 4189 3195 4243 audendum
3227 4190 3354 4256 quid
3381 4199 3501 4243 erat
3538 4190 3649 4243 illis

2064 4281 2427 4351 petulantius,
2466 4291 2895 4335 consentaneum
2923 4292 3039 4335 erat
3067 4280 3118 4333 id
3152 4282 3490 4348 contingere,
3520 4296 3646 4333 cum

2061 4373 2180 4427 sine
2220 4373 2480 4427 fratribus
2539 4373 2716 4441 posuit
2778 4370 3231 4437 additamentum,
3296 4380 3443 4425 tanta
3478 4372 3529 4424 in
3593 4388 3649 4424 re

2064 4466 2171 4519 sibi
2197 4464 2524 4520 conlidens:
2563 4472 2618 4518 at
2643 4480 2765 4518 cum
2815 4480 3005 4518 omnes
3071 4477 3198 4519 tunc
3236 4465 3650 4533 obtemperat-e-

379 4547 500 4600 τότε
526 4548 728 4613 πάντες
759 4550 1005 4616 ὑπεῖξάν,
1037 4556 1237 4618 παντὸς
1263 4556 1527 4628 λογισμοῦ
1560 4562 1658 4631 τὴν
1692 4563 1772 4623 είς
1797 4562 1959 4615 αὐτὸν

2068 4556 2178 4610 rint
2201 4556 2395 4624 quavis
2424 4556 2756 4623 cogitatione
2780 4552 3075 4625 postposita
3117 4556 3458 4621 reverentiae,
3484 4571 3647 4619 quam

379 4639 706 4705 προσθέντες
733 4641 1039 4709 εὐλάϐειαν,
1089 4647 1209 4700 οὐδὲ
1262 4648 1357 4702 νῦν
1386 4652 1533 4715 εἰκός
1580 4653 1727 4707 ἐστιν
1758 4655 1961 4716 αὐτοὺς

379 4732 700 4800 ἀντιλέγειν.
724 4735 785 4789 Ei
809 4736 866 4790 δὲ
896 4738 990 4790 καί
1012 4756 1157 4801 τινες
1178 4742 1379 4804 παντὸς
1409 4743 1621 4799 δικαίου
1649 4748 1744 4798 καὶ
1775 4746 1958 4812 λόγου,

381 4824 514 4890 πρὸς
552 4824 610 4877 δὲ
637 4827 731 4877 καὶ
777 4826 876 4896 τῆς
928 4829 1203 4898 ὑμετέρας
1236 4832 1584 4901 ὑπεριδόντες
1612 4836 1804 4905 ὀργῆς,
1846 4841 1960 4900 τοῖς

380 4911 472 4980 ὑφ’
489 4914 521 4984 ἡ
531 4915 646 4983 μῶν
665 4917 1108 4988 ὀρισθησομένοις
1137 4921 1212 4989 μὴ
1235 4924 1526 4995 προσέχειν
1543 4926 1634 4978 τὸν
1656 4925 1801 4987 νοῦν,
1824 4928 1961 4982 ἀλλὰ

379 5010 490 5069 τοῖς
529 5007 777 5079 ἐξάρχῆς
808 5012 1064 5081 ἐμμένειν
1094 5014 1468 5084 βουλήσονται,
1498 5015 1535 5071 ἃ.
1558 5021 1668 5079 τοῖς
1700 5020 1959 5090 Γραικοῖς

382 5101 510 5170 περὶ
544 5102 653 5155 τῶν
678 5103 1048 5172 ἀντερούντων
1087 5107 1272 5170 αὐτοῖς
1322 5109 1493 5178 ἔφθην
1542 5110 1734 5173 εἰπὼν,
1783 5114 1957 5167 ταῦτα

382 5195 475 5247 καὶ
503 5194 632 5265 ὑμῖν
661 5194 798 5263 πρὸς
826 5197 948 5259 τοὺς
969 5198 1244 5261 τοιούτους
1266 5200 1521 5269 ἀρκέσειν
1555 5202 1814 5273 ἠγοῦμαι.
1849 5207 1959 5258 Καὶ

384 5283 632 5355 καθάπερ
656 5285 757 5356 τὴν
776 5287 883 5340 τῶν
911 5288 1158 5358 Γραικῶν
1202 5292 1549 5361 Ἐκκλησίαν,
1579 5293 1723 5347 οὑτω
1749 5295 1832 5348 δεῖ
1863 5299 1957 5350 καὶ

383 5374 482 5444 τὴν
512 5375 788 5446 ὑμετέραν
819 5378 896 5450 μὴ
925 5380 1244 5435 παύσασθαι
1278 5384 1391 5447 τοῖς
1421 5386 1763 5455 σωφρονοῦσι
1800 5404 1951 5440 κτω-

386 5464 552 5535 μένην
580 5466 817 5533 τάγαθά,
859 5468 1009 5539 φόὸῳ
1064 5471 1163 5540 τῆς
1194 5472 1305 5525 τῶν
1339 5473 1585 5544 ἀνοήτων
1623 5475 1952 5541 ἑνστάσεως·

385 5560 451 5629 ἢν
478 5559 633 5621 ἐλπὶς
672 5559 770 5629 μὲν
805 5559 976 5631 δήπου
1017 5563 1111 5615 καὶ
1147 5564 1223 5635 μὴ
1258 5566 1642 5635 συμϐήσεσθαι
1672 5583 1687 5597 ο
1721 5570 1955 5638 γενομέ.

386 5667 484 5719 νην
525 5650 582 5704 δὲ
610 5690 626 5718 ,
664 5651 697 5723 ἢ
738 5651 965 5722 λυθῆναι
998 5656 1179 5719 καλῶς
1208 5697 1223 5721 ,
1264 5659 1297 5726 ἢ
1340 5659 1676 5730 κολασθῆναι
1730 5661 1955 5727 δικαίως

384 5740 617 5812 ἀνάγκη.
662 5743 925 5821 νιιαρίημι
978 5746 1024 5799 δ’
1073 5748 1155 5802 ὃτι
1205 5749 1300 5802 καὶ
1349 5751 1481 5821 ῥᾷον
1529 5752 1688 5821 ὑμεῖς
1738 5754 1867 5815 τοὺς
1895 5755 1953 5807 ὲν

387 5835 515 5905 ὑμῖν
551 5834 1036 5907 φιλονεικήσοντας
1095 5841 1333 5911 πείσετε,
1392 5844 1589 5913 σοφοὺς
1646 5842 1807 5907 ὂντας
1856 5850 1952 5901 καὶ

2069 4650 2337 4704 adversus
2362 4649 2509 4702 illam
2546 4648 2905 4715 adhibebant,
2942 4664 3041 4717 par
3070 4658 3153 4703 est
3189 4664 3282 4703 eos
3318 4664 3462 4702 nunc
3484 4651 3645 4702 etiam

2070 4741 2214 4793 nolle
2250 4740 2649 4794 contradicere.
2677 4737 2831 4806 Quod
2865 4742 2911 4793 si
2963 4740 3055 4809 qui
3092 4741 3242 4793 omni
3275 4741 3530 4807 :l't;uitate
3596 4749 3650 4792 et

2067 4834 2299 4894 ratione,
2329 4847 2429 4886 nec
2462 4847 2568 4886 non
2635 4832 2920 4888 iracnmlia
2958 4845 3149 4888 vestra
3193 4842 3501 4901 contempta
3557 4847 3651 4886 vc-

2064 4926 2194 4979 Stris
2216 4926 2505 4980 sententiis
2556 4928 2838 4982 noluerint
2900 4928 3275 4996 acquiesrere,
3328 4926 3423 4979 sed
3474 4925 3651 4993 persi~

2063 5028 2207 5071 stere
2236 5017 2291 5071 in
2326 5017 2605 5087 prioribus
2634 5019 2955 5081 maluerint,
2984 5035 3103 5087 qnze
3136 5019 3200 5070 de
3223 5016 3646 5068 contradicturis

2058 5108 2170 5178 jam
2206 5108 2317 5162 dixi
2346 5112 2409 5162 ad
2439 5110 2678 5169 Graecos,
2711 5108 2902 5165 eadem
2934 5118 2988 5161 et
3021 5107 3174 5161 vobis
3211 5105 3325 5159 fore
3353 5106 3487 5158 satis
3516 5115 3646 5171 puto

2062 5202 2127 5255 ad
2183 5202 2496 5272 huiusmodi
2536 5202 2821 5257 homines:
2886 5210 2940 5253 et
2996 5198 3454 5269 quemadmodum
3490 5196 3644 5250 Grae-

2060 5310 2249 5347 corum
2279 5293 2596 5356 l‘IcclesiaIn,
2625 5294 2699 5347 ita
2720 5294 2875 5347 decet
2899 5300 2954 5345 et
2978 5298 3217 5344 vestram
3250 5301 3356 5341 non
3380 5286 3647 5340 desistere
3718 5341 3723 5345 ,

2061 5388 2200 5440 bona
2223 5401 2548 5454 comparare
2575 5385 2912 5452 sapientibus
2943 5393 3089 5435 metu
3145 5377 3512 5434 contentionis
3555 5376 3642 5429 iu-

2059 5479 2403 5548 sipieutium,
2427 5492 2591 5548 quam
2633 5485 2781 5531 certe
2810 5492 2933 5546 apes
2966 5483 3052 5529 est
3083 5488 3191 5527 nou
3219 5471 3480 5533 futuram,
3500 5468 3644 5539 quod

2058 5569 2104 5626 si
2130 5570 2314 5635 fuerit,
2341 5581 2437 5623 aut
2483 5572 2585 5623 rite
2617 5568 2856 5629 tollatur,
2901 5577 2995 5620 aut
3049 5566 3197 5632 iuste
3235 5562 3491 5633 puniatur
3550 5575 3645 5613 ne-

2058 5677 2215 5717 cesse
2248 5669 2355 5717 est.
2381 5660 2656 5716 Praetereo
2682 5661 2827 5729 quod
2872 5675 2967 5713 ros
3013 5657 3209 5712 vestris
3252 5655 3469 5709 facilius
3518 5668 3640 5720 pcr—

2058 5754 2389 5812 suadebitis,
2437 5753 2482 5806 si
2514 5751 2919 5815 contradicant,
2972 5764 3097 5803 cum
3158 5758 3213 5802 et
3265 5760 3377 5801 non
3439 5741 3641 5797 indocti

2044 5845 2186 5911 ‘sint,
2220 5853 2275 5900 ct
2305 5843 2496 5900 eadem
2528 5842 2711 5915 lingua
2749 5852 2992 5910 utantur,
3023 5850 3075 5896 et
3107 5840 3320 5911 possint
3374 5836 3644 5893 elficacis'
