4038 6422
356 307 464 370 469
1525 307 1810 370 ORATIO
1847 309 1906 368 II
1947 318 1964 367 Α

2083 309 2474 376 SYNODUM.
3488 304 3500 313 ’
3530 305 3636 368 470

360 426 658 496 κλημάτων
691 424 1038 499 ἀπήλλακται
1066 442 1078 456 ·
1123 426 1367 498 κάκείνῳ
1405 427 1506 496 μέν
1557 427 1736 490 οὐδεὶς
1794 429 1945 485 συνέ-

2071 409 2182 488 llud
2208 427 2357 486 enim
2387 427 2551 485 habet
2575 427 2888 498 opinionem
2923 424 3206 488 socordim,
3239 424 3346 479 hoc
3384 439 3514 478 vero
3540 424 3632 478 de-

361 517 592 580 ζευκται
625 517 876 592 κίνδυνος
902 559 918 583 ,
952 519 1147 572 τούτου
1195 519 1242 578 δ’
1281 520 1471 583 εἵνεκα
1511 520 1606 583 καὶ
1658 522 1788 592 περὶ
1836 522 1944 586 τῶν

2066 521 2268 582 tientia:
2300 535 2522 596 quoque
2566 521 2777 578 crimen
2823 538 2929 577 non
2961 523 3148 597 cllugit
3178 540 3191 576 :
3221 531 3274 574 et
3308 521 3380 574 illi
3413 521 3631 588 quidem

361 608 720 680 ὑπαρχόντων
743 609 1081 665 κινδυνεύειν
1111 612 1353 686 ᾀνάγκη.

429 784 650 840 Τούτων
678 783 861 840 τοίνυν
887 785 1218 859 ἀμφοτέρων
1247 789 1360 842 τῶν
1382 791 1727 860 κωλυμάτων
1755 795 1952 864 σαφῶς

364 874 796 949 ἐξελεγχθέντων
853 878 960 932 ὑπὸ
1015 879 1111 936 τοῦ
1166 881 1374 950 λόγου,
1433 885 1582 939 δοκεῖ
1611 889 1726 950 τοῖς
1762 886 1948 958 ἄλλοις

364 966 484 1020 οὐδὲ
513 969 805 1039 προσέχειν
849 969 1060 1044 δίκαιον
1109 973 1282 1048 ὅλως
1335 971 1414 1029 ὧν
1470 977 1573 1046 τὴν
1635 979 1949 1051 σαθρότητα

371 1060 652 1132 πόρρωθεν
714 1062 896 1127 ἔξεστι
942 1067 1058 1139 τοῖς
1123 1066 1478 1138 βουλομένοις
1539 1075 1675 1126 πᾶσι
1732 1075 1947 1146 φωρᾷν.

369 1153 573 1214 Αὐτίκα
622 1154 706 1228 τίς
752 1157 856 1210 οὐκ
908 1152 1019 1214 οἶδε
1049 1159 1176 1224 τοὺς
1212 1159 1651 1231 θρυλλουμένους
1694 1165 1947 1233 περὶτοῦ

370 1243 444 1314 μὴ
470 1246 583 1299 δεῖν
617 1247 758 1317 μήτε
814 1250 1167 1321 προστιθέναι
1216 1255 1344 1327 μήτ’
1379 1257 1640 1326 ἀφαιρεῖν
1673 1253 1768 1309 τοῦ
1802 1257 1951 1328 Συμ-

369 1335 524 1393 ϐόλου
554 1339 899 1411 διορισμοὺς,
933 1344 1203 1414 ἐπήρειαν
1251 1346 1428 1410 ἄλλως
1458 1348 1619 1413 ὄντας
1657 1350 1733 1412 ὡς
1759 1349 1812 1403 οἱ
1863 1351 1952 1404 λέ-

369 1446 559 1496 γοντες
609 1434 808 1500 αὐτοὺς
857 1437 1309 1519 ἐκλαμϐάνουσι,
1343 1444 1438 1501 καὶ
1473 1444 1638 1514 χάριν
1680 1444 1774 1499 τοῦ
1822 1461 1954 1512 συγ·

370 1521 667 1578 καλύπτειν
699 1527 798 1596 τὴν
829 1527 895 1595 ἐκ
927 1532 1028 1602 τῆς
1063 1532 1400 1600 φιλονεικίας
1427 1536 1697 1610 αἰσχύνην
1723 1538 1951 1611 ἐξευρηο

369 1615 608 1684 μένουςς
655 1621 702 1671 εἰ
741 1619 841 1690 μέν
875 1620 984 1692 γὰρ
1027 1621 1183 1690 ἔσται
1216 1643 1270 1688 τι
1319 1628 1507 1682 πεῖθον
1541 1630 1814 1701 Γραικοὺς
1851 1632 1953 1702 τὴν

366 1705 477 1758 τῶν
508 1709 752 1765 Λατίνων
790 1713 1190 1786 ἀπαναίνεσθαι
1243 1717 1425 1784 δόξαν.
1459 1719 1557 1774 καὶ
1595 1722 1951 1791 προστιθέναι

2056 609 2269 664 nullum
2308 617 2393 665 est
2447 608 2771 677 adjunctum
2807 611 3136 680 periculum,
3181 626 3276 676 per
3311 610 3416 686 huc
3448 619 3632 680 autem

2051 717 2276 767 necesse
2303 711 2385 760 est
2411 717 2624 766 summa
2658 718 2880 774 quoque
2914 705 2992 758 rei
3029 704 3388 772 periclitetur.
3621 763 3625 766 θ

2121 793 2258 853 Cum
2287 810 2417 866 ergo
2441 797 2874 868 demonstratum
2902 796 2970 848 sit
3005 812 3100 862 per
3132 810 3193 857 ca
3227 811 3299 866 qu
3319 811 3348 844 υ
3375 795 3634 860 ιιίτῖηιιις,

2052 896 2348 958 utrumque
2398 873 2505 958 hoc
2555 886 3009 956 impedimentum
3038 929 3052 948 ,
3107 902 3228 954 qua}
3296 887 3509 952 pondus
3537 887 3639 939 all-

2051 982 2198 1052 quod
2251 981 2453 1045 habere
2502 981 2783 1046 videntur,
2849 979 2991 1038 nihil
3041 981 3536 1050 obstarent-liqua
3569 995 3635 1032 ne

2051 1072 2496 1138 consideratione
2551 1074 2775 1144 quidem
2829 1074 2941 1129 ulla
2989 1081 3117 1130 sunt
3171 1059 3508 1143 dignafqnze
3537 1071 3636 1125 fri—

2051 1167 2175 1230 vola
2245 1181 2369 1224 esse
2427 1167 2841 1240 deprehendere
2884 1167 3091 1238 poterit
3118 1181 3149 1222 e
3176 1165 3480 1234 longinquo
3512 1164 3637 1233 (μή-

2052 1274 2272 1328 cunque
2321 1260 2578 1316 voluerit.
2614 1258 2672 1314 In
2707 1259 2899 1329 primis
2922 1259 3069 1330 enim
3107 1259 3234 1333 quis
3270 1259 3505 1323 ignorat.
3539 1257 3640 1310 dc-

2051 1357 2269 1412 eantata
2325 1349 2416 1405 illa
2482 1349 2725 1416 decreta,
2763 1349 2910 1420 quod
2947 1350 3085 1406 nihil
3137 1350 3191 1404 in
3233 1347 3502 1419 Symbolo
3545 1355 3642 1416 aut

2052 1440 2274 1515 addere,
2305 1449 2401 1500 aut
2421 1439 2643 1496 demere
2673 1440 2856 1507 liceat,
2881 1441 3035 1511 juxta
3061 1456 3285 1506 sensum
3317 1455 3507 1496 eorum
3528 1437 3637 1510 qui

2052 1534 2324 1603 objiciunt
2379 1549 2505 1590 esse
2561 1535 2723 1605 plane
2778 1519 3108 1598 calumnias,
3153 1534 3219 1596 ad
3274 1531 3636 1604 obtegeudam

2054 1626 2425 1684 contentionis
2456 1627 2816 1698 ignominiam
2854 1628 3183 1696 adinyentas
3217 1627 3241 1680 ’ί
3269 1624 3403 1685 Nam
3437 1625 3482 1679 si
3509 1624 3642 1691 quid

2054 1722 2160 1778 est,
2199 1714 2343 1784 quod
2395 1716 2723 1786 persuadeat
2766 1715 2996 1782 Grecis,
3026 1725 3085 1770 ut
3127 1699 3390 1786 respuant
3423 1725 3646 1785 senten-

366 1795 445 1868 τῷ
475 1799 738 1872 Συμσὸλῳ
785 1803 990 1873 ταύτην
1015 1783 1505 1874 απαξιοῦν,ἄλλος
1536 1812 1603 1871 ἂν
1765 1813 1948 1882 λόγος·

2066 1804 2186 1865 tiam
2229 1783 2551 1862 Latinorum
2579 1849 2594 1874 ,
2635 1807 3036 1886 prohibentque
3071 1783 3233 1886 illam
3253 1783 3516 1878 Symbolo
3543 1806 3644 1882 ad-

367 1890 463 1945 καὶ
492 1891 592 1960 τὴν
613 1892 714 1962 τῆς
744 1895 965 1952 συνόδου
1007 1897 1189 1974 ψῆφον
1223 1901 1444 1973 ἐκείνην
1481 1902 1656 1970 ύγιῶς
1685 1892 1951 1970 νοοῦντας

367 1981 541 2048 οὐδεὶς
567 1984 906 2051 αίτιᾲσεται.
938 1988 1098 2064 Κατᾴ
1144 1992 1256 2062 γὰρ
1295 1992 1404 2048 τῶν
1465 1980 1794 2067 ύφαιρέσεσί
1838 2012 1951 2070 τισι

371 2073 463 2126 καὶ
499 2076 846 2150 προσθήκαις
893 2079 995 2154 τὴν
1036 2082 1222 2138 πίστιν
1259 2084 1706 2157 λυμαινομένων,
1738 2087 1835 2141 καὶ
1866 2088 1951 2154 νό-

370 2164 464 2220 θον
492 2165 841 2238 εἰσαγόντων
867 2163 1172 2245 θεολογίαν,
1220 2177 1571 2247 ἐξενήνεκται
1603 2179 1706 2252 τὴν
1745 2179 1948 2250 ἀρχήνο

368 2257 436 2328 ἢν
475 2257 852 2332 αἰδουμένους,
900 2264 1101 2340 αύτούς
1148 2284 1209 2321 τε
1255 2267 1389 2339 μηδέ
1433 2267 1674 2324 τοιοῦτον
1709 2269 1950 2342 τολμᾷν,

370 2349 468 2410 καὶ
495 2352 608 2422 τοῖς
629 2354 995 2426 τετολμηκόσι
1046 2358 1122 2430 μὴ
1153 2361 1434 2414 κοινωνεῖν
1460 2361 1620 2428 φαῖεν
1665 2360 1733 2428 ἂν
1773 2361 1953 2416 ἃπαν-

370 2457 484 2504 τες.
529 2445 629 2499 Ἂν
666 2445 724 2499 δέ
780 2449 1092 2504 τούναντίον
1150 2451 1354 2522 μᾶλλον
1417 2454 1801 2526 ἀληθεστάτην
1855 2454 1953 2522 καὶ

371 2535 481 2597 τοῖς
524 2535 624 2606 τῆς
653 2538 890 2606 πίστεως
939 2541 1216 2613 θεμελίοις
1253 2544 1461 2615 σφόδρα
1517 2547 1952 2616 συμϐαίνουσαν,

370 2626 610 2694 καὶτοῖς
657 2630 838 2700 ἁγίοις
888 2633 1155 2690 δοκοῦσαν
1207 2637 1310 2706 τὴν
1361 2635 1521 2704 δόξαν
1560 2639 1768 2710 ταύτην
1811 2619 1953 2695 εἶναι

371 2719 661 2785 πεισθῶσι,
691 2724 919 2794 μάταιος
949 2729 983 2798 η
1019 2728 1156 2798 πρὸς
1182 2731 1366 2784 ἐκεῖνα
1397 2732 1715 2802 καταφυγή·
1747 2732 1811 2787 ού
1842 2733 1954 2804 γὰρ

371 2809 590 2880 λέγουσι
615 2813 713 2885 τὴν
735 2816 844 2870 τῶν
871 2819 1133 2893 Πατέρων
1160 2821 1591 2895 διαστρέφοντες
1618 2814 1824 2896 ψῆφον,
1845 2825 1954 2891 Et»;

375 2906 443 2960 ἂν
462 2907 659 2962 ἐκεῖνοι
686 2909 747 2963 τὸ
768 2909 964 2978 ψεῦδος
994 2917 1490 2984 προαναιροῦντες,
1513 2919 1574 2974 ού
1599 2917 1700 2982 τὰς
1731 2918 1955 2990 ἀληθεῖς

373 2997 732 3068 ικὸάλλοντες
762 3003 942 3072 δόξας,
977 3005 1186 3079 ταύτην
1207 3008 1533 3082 ἐξήνεγκαν.
1574 3011 1702 3074 Τοῖς
1724 3013 1835 3083 γὰρ
1861 3011 1954 3076 ἇλτ

2052 1896 2203 1958 dere.
2241 1896 2348 1952 alia
2381 1912 2469 1953 res
2491 1906 2621 1954 est:
2659 1909 2713 1954 et
2753 1913 2914 1972 nemo
2952 1885 3234 1966 decretum
3277 1898 3411 1954 illud
3445 1898 3640 1980 synodi

2053 2005 2188 2062 sane
2237 1990 2606 2062 intelligentes
2662 1991 2971 2064 culpaverit
3000 2007 3016 2044 :
3058 1991 3230 2051 latum
3259 1991 3465 2071 quippe
3494 1997 3580 2046 est
3611 2005 3643 2056 ε

2053 2081 2325 2155 principio
2363 2082 2418 2158 in
2451 2097 2548 2140 eos
2570 2124 2586 2150 ,
2639 2083 2735 2154 qui
2763 2083 3204 2160 detractionibus
3238 2093 3402 2154 atque
3427 2080 3643 2153 addita-

2054 2173 2258 2242 mentis
2307 2174 2641 2245 quibusdam
2699 2175 2865 2236 ﬁdem
2918 2164 3266 2260 depravat”,
3322 2183 3378 2247 et
3427 2174 3644 2246 adultos

2055 2263 2240 2319 rinam
2279 2263 2550 2336 invehunt
2582 2263 2916 2338 theologiam
2949 2281 2966 2320 :
3009 2263 3175 2335 cuius
3203 2263 3512 2320 reverentia
3536 2275 3642 2320 nec

2055 2354 2159 2412 sibi
2205 2357 2315 2422 tale
2373 2356 2654 2429 quidpiam
2688 2357 3004 2432 audendum
3033 2401 3050 2421 ,
3085 2373 3186 2430 nec
3212 2356 3260 2414 si
3288 2355 3380 2428 qni
3422 2339 3634 2426 ansitit,

2058 2449 2432 2512 admittendos
2473 2465 2600 2507 esse
2650 2450 2716 2504 ad
2764 2445 3241 2523 communionem,
3274 2462 3466 2502 omnes
3495 2446 3641 2521 allirg

2057 2543 2351 2600 matter-int.
2378 2542 2534 2610 Quod
2575 2543 2619 2598 si
2659 2543 2841 2614 potius
2869 2559 2900 2600 e
2923 2543 3205 2612 contrario
3241 2542 3639 2612 persuadeatur
3745 2611 3747 2613 _

2057 2633 2192 2699 illis,
2244 2636 2576 2702 sententiam
2643 2635 2791 2706 illam
2843 2651 2968 2692 esse
3019 2634 3386 2701 verissimam,
3421 2645 3476 2689 ct
3511 2650 3638 2703 cnm_

2059 2726 2434 2783 fundamentis
2490 2727 2614 2783 fidei
2671 2727 2826 2782 valde
2885 2711 3314 2800 congruentem,
3347 2725 3639 2792 etsanetis

2057 2818 2344 2888 probatam
2374 2839 2389 2874 ε
2419 2818 2588 2876 inane
2620 2829 2705 2875 est
2738 2819 2806 2874 ad
2843 2819 2933 2874 illa
2965 2819 3237 2891 refugiunt
3272 2837 3288 2876 :
3320 2819 3454 2892 nihil
3492 2819 3640 2875 enim

2058 2911 2247 2967 dicunt
2275 2927 2529 2982 perverse
2556 2912 2908 2983 intelligendo
2936 2915 3214 2968 decretum
3247 2913 3492 2975 Patrum,
3520 2926 3643 2965 cum

2059 3001 2166 3058 hoc
2201 3003 2280 3057 illi
2309 3003 2608 3071 ediderint,
2638 3017 2699 3060 ut
2735 3005 3021 3059 mendacio
3058 3006 3198 3070 viam
3229 3003 3648 3080 praecluderent,

371 3089 471 3162 λην
499 3091 683 3152 πίστιν
712 3097 1133 3181 συγγράφουσιν
1158 3100 1468 3166 ἀπειλοῦσι,
1498 3103 1592 3180 καὶ
1615 3105 1741 3168 τοὺς
1771 3103 1957 3161 ὁτιοῦν

2066 3110 2173 3151 non
2206 3105 2264 3152 ut
2290 3111 2450 3153 veras
2501 3096 2808 3155 sententias
2841 3085 3194 3160 eli'minarent
3227 3136 3244 3158 .
3276 3097 3458 3152 minas
3500 3096 3646 3165 enim

372 3185 480 3239 τῶν
515 3185 965 3259 ὡμολογημένων
988 3192 1334 3266 προσθήκαις
1367 3196 1510 3249 τισὶν
1548 3195 1825 3262 ἐναντίαις
1854 3197 1950 3255 καὶ

2066 3188 2116 3248 in
2155 3204 2251 3245 eos
2284 3189 2520 3257 iactant,
2543 3191 2638 3261 qui
2673 3190 2836 3246 aliam
2865 3191 3026 3247 fidem
3060 3190 3416 3264 conscribunt
3446 3208 3461 3244 :
3496 3199 3550 3245 et
3578 3189 3646 3244 iis

373 3276 694 3350 ὑφαιρέσεσι
712 3280 960 3354 δολεραῖς
970 3284 1171 3362 ἀνατρέ
1181 3301 1306 3340 πειν
1323 3286 1759 3360 βουλησομένους
1775 3291 1957 3363 ἁνείρ-

376 3386 586 3461 γουσιν.
619 3373 788 3431 ’Ὢστε
817 3376 963 3435 καθὰ
991 3379 1265 3450 προσήκει
1297 3380 1601 3461 νοουμένης
1625 3385 1724 3455 τῆς
1743 3384 1953 3454 ψήφου,

2061 3281 2260 3338 tollunt
2290 3281 2608 3339 facultatem
2663 3284 2756 3353 qui
2784 3284 3098 3353 adiiciendo
3115 3285 3246 3350 quid
3285 3281 3650 3360 contrarium,

2058 3382 2114 3429 et
2143 3374 2369 3457 subdole
2392 3373 2690 3433 auferendo
2714 3375 2998 3451 quodlibet
3018 3392 3083 3432 ex
3106 3373 3375 3432 confessis
3398 3381 3649 3431 evertere

345 3489 358 3496 -
377 3459 500 3517 οὔτε
521 3464 742 3522 Λατῖνοι
769 3467 1006 3538 τάληθὲς
1035 3456 1434 3541 προστιθέντες
1452 3456 1762 3544 ἐγκαλοῖντ⁹
1785 3476 1853 3532 ἂν
1882 3477 1959 3534 δι-

2066 3465 2354 3522 voluerint.
2373 3466 2554 3532 Quare
2574 3468 2619 3522 si
2647 3468 2924 3539 decretum
2963 3467 3386 3540 intelligaturita
3419 3456 3655 3538 utoporl

378 3557 572 3621 καίως.
595 3561 688 3612 καὶ
711 3559 982 3632 Γραικοὺς
1011 3547 1450 3640 συμφωνοῦντας
1482 3567 1581 3646 μὲν
1600 3567 1758 3625 οὐδὲν
1778 3570 1963 3640 ἁμαρ·

2066 3564 2164 3622 tet,
2198 3573 2379 3628 neque
2401 3556 2583 3612 Latini
2612 3559 2865 3633 culpandi
2902 3568 3050 3628 sunt,
3075 3565 3119 3617 si
3163 3561 3481 3630 adjecerunt
3507 3559 3653 3646 quod

378 3646 584 3713 τάνειν,
627 3647 755 3704 ἄλλο
801 3649 858 3704 δέ
907 3667 960 3704 τι
1013 3651 1279 3720 λέγοντας
1332 3645 1665 3724 ἐπηρεᾷζειν
1699 3657 1962 3729 ᾷντικρυς

2066 3665 2254 3724 verum
2281 3659 2589 3725 est,neqne
2618 3650 2838 3708 Grtecos
2864 3667 3049 3708 errare
3083 3653 3404 3716 dicendum,
3438 3653 3483 3708 si
3516 3645 3657 3707 con-

379 3737 648 3796 λείπεται.
686 3740 920 3797 Ἔπειτα
949 3742 996 3796 εί
1025 3744 1122 3801 καὶ
1150 3744 1405 3810 Λατίνοις
1435 3745 1675 3817 μόναιςῆ
1706 3748 1964 3820 Γραικοῖς

2066 3740 2341 3802 senserint
2374 3760 2388 3797 :
2416 3742 2660 3812 alioquin
2680 3753 2871 3808 restat,
2902 3752 2962 3798 ut
2987 3743 3133 3799 aliud
3166 3743 3413 3800 dicentes
3438 3745 3652 3802 calum-

380 3831 624 3886 Λατίνων
665 3833 836 3905 χωρὶς
865 3834 966 3888 οὐκ
1007 3834 1188 3901 ἔξεστι
1224 3836 1322 3894 καὶ
1362 3835 1547 3891 ότιοῦν
1581 3824 1962 3909 προστιθέναι,

2068 3837 2189 3888 nias
2250 3841 2398 3890 certe
2449 3843 2690 3898 struant.
2763 3835 2968 3894 Deinde
3019 3837 3065 3912 si
3128 3836 3339 3892 Latinis
3367 3837 3650 3900 solis,ant

383 3922 518 3978 ἀλλά
548 3940 612 3992 γε
662 3924 764 3994 τὴν
799 3914 1186 3998 οίκουμενικὴν
1232 3928 1453 3982 σύνοδον
1497 3930 1673 3994 οὐδεὶς
1715 3934 1869 3986 τουτὶ
1905 3933 1964 3987 τὸ

2069 3924 2277 3983 Graecis
2305 3929 2513 3998 absque
2549 3918 2760 3985 Latinis
2797 3945 2903 3984 non
2931 3932 3057 3986 licet
3093 3931 3294 3985 addere
3334 3931 3647 4001 quidlibet;

384 4017 555 4088 γέρας
602 4018 906 4096 ἀφελέσθαι
953 4019 1290 4092 δυνήσεται·
1337 4021 1462 4078 ἐπεὶ
1501 4025 1599 4079 καὶ
1646 4023 1747 4089 τὰς
1797 4024 1964 4088 ἄλλας

2071 4030 2127 4076 at
2167 4023 2524 4078 recumenicm
2574 4025 2786 4096 synodo
2836 4025 3098 4080 honorem
3149 4025 3297 4078 hunc
3341 4040 3500 4079 nemo
3555 4040 3654 4094 po-

386 4109 640 4173 συνόδους
665 4110 1007 4188 προσθήκαις
1033 4114 1146 4166 τισὶ
1174 4113 1274 4185 τὴν
1300 4115 1568 4187 ἀληθινὴν
1603 4105 1964 4182 ἀναδειξάσας

2074 4115 2202 4168 terit
2261 4128 2500 4186 negare:
2555 4129 2677 4168 nam
2731 4123 2787 4169 et
2816 4114 2952 4192 alias
2983 4109 3225 4187 synodos
3255 4115 3656 4186 adjectionibus

384 4203 606 4276 οἴδαμεν
632 4204 817 4276 πίστιν
840 4221 856 4237 ⁸
888 4205 983 4260 καὶ⁵
1022 4207 1052 4259 ό
1090 4206 1190 4278 τῆς
1229 4207 1555 4279 προσθήκης
1588 4208 1964 4278 καταψηφιζό-

2075 4203 2408 4273 quibusdam
2459 4203 2669 4260 scimus
2727 4221 2912 4268 veram
2975 4205 3287 4262 declarasse
3345 4206 3529 4272 fidem,
3593 4219 3653 4262 et

389 4316 550 4368 μενος
581 4300 727 4371 ὅρος,
764 4300 832 4372 ἣν
874 4299 941 4355 ἄν
971 4319 1056 4365 τις
1095 4296 1177 4361 εἷς
1207 4301 1286 4357 ὢν
1319 4304 1414 4358 καὶ
1442 4302 1601 4370 δόξαν
1636 4303 1777 4358 ίδίαν
1805 4299 1964 4374 δημο-

2075 4297 2359 4352 decrctttm
2389 4337 2403 4361 ,
2439 4313 2549 4367 quo
2599 4298 2924 4367 reprobatttr
2953 4300 3406 4366 additamentum,
3442 4303 3512 4355 ita
3558 4285 3662 4358 hoc

391 4395 589 4449 σιεύων
623 4395 936 4466 ποιήσαιτο,
959 4395 1061 4468 οὐχ
1089 4395 1159 4466 ἣν
1193 4395 1260 4450 ἂν
1293 4395 1514 4458 σύνοδος
1555 4396 1652 4468 ὅλη
1681 4396 1972 4468 βουληθείη

390 4487 742 4556 προσθεῖναι,
797 4486 1003 4558 ταύτην
1059 4488 1322 4556 ἐλαύνει·
1379 4489 1620 4558 οὐδαμοῦ
1688 4490 1800 4561 γὰρ
1856 4493 1974 4546 ἐκεῖ
2007 4470 2049 4524 ι)

393 4579 615 4634 συνόδου
658 4579 874 4652 γίνεται
904 4582 1119 4653 μνήμη,
1148 4581 1288 4639 ἀλλὰ
1319 4579 1512 4652 μηδενί
1552 4598 1718 4651 φησιν
1749 4580 1973 4648 ἐξεῖναι.

393 4673 503 4727 Καὶ
538 4672 646 4745 μὴν
673 4673 710 4730 ἃ
735 4673 937 4729 κωλύει
962 4673 1269 4741 πιστεύειν,
1288 4672 1462 4729 ταῦτα
1496 4677 1592 4730 καὶ
1623 4675 1977 4743 προστιθέναι

393 4763 470 4836 τῷ
512 4765 778 4838 Συμϐόλῳ
809 4765 908 4836 τῆς
955 4765 1196 4828 πίστεως
1243 4765 1346 4819 οὐκ
1376 4767 1442 4837 ἐᾷ
1465 4781 1482 4798 ο
1513 4764 1689 4820 ταῦτα
1723 4765 1783 4819 δέ
1828 4766 1978 4819 ἐστιν

393 4857 570 4913 ὁπόσα
621 4843 754 4922 τοῖς
797 4857 1059 4930 ἀληθέσιν
1110 4856 1482 4926 ἐναντιοῦται,
1527 4857 1624 4912 καὶ
1669 4859 1784 4922 τοῖς
1842 4858 1980 4926 μετᾶ

398 4949 626 5013 πολλοὺς
655 4948 879 5020 ἀγῶνας
923 4954 1333 5026 κεκρατηκόσιν
1378 4949 1441 5005 ού
1478 4951 1786 5023 συμφωνεῖ.
1822 4950 1890 5002 Ἃ
1920 4949 1980 5004 δέ

399 5043 682 5109 πιστεύειν
725 5042 926 5110 ἔξεστι,
953 5041 1133 5098 ταῦτα
1181 5033 1594 5113 καὶόμολογεῖν
1624 5046 1983 5116 συγκεχώρη-

395 5155 527 5194 ται·
565 5139 666 5211 τὴν
700 5139 810 5210 γὰρ
831 5136 926 5193 τοῦ
946 5137 1232 5208 Συμϐόλου
1269 5136 1541 5210 δήπουθεν
1563 5137 1880 5207 ὁμολογίαν,
1921 5139 1985 5192 τὸ

401 5232 478 5300 μὴ
501 5229 613 5284 δεῖν
634 5229 924 5291 λανθάνειν
963 5228 1141 5294 ἐνίους
1178 5230 1310 5301 περὶ
1356 5232 1458 5301 τὴν
1504 5228 1692 5282 πίστιν
1720 5228 1984 5300 διεφθαρ-

403 5321 617 5391 μένους,
648 5322 956 5390 ἀναγκαίαν
990 5321 1295 5394 πεποίηκεν
1319 5337 1334 5353 ·
1371 5321 1441 5393 ἢν
1467 5321 1665 5392 ἐφόσον
1693 5322 1805 5385 τοῖς
1832 5323 1984 5376 ἀκιν-

401 5413 574 5478 δύνως
603 5415 1023 5486 πιστευομένοις
1055 5415 1456 5486 συμφωνοῦσαν
1485 5412 1712 5483 ποιῆται
1745 5431 1853 5479 τις,
1883 5413 1984 5468 οὐκ

403 5503 470 5558 ἂν
525 5503 751 5568 δικαίως
807 5504 1087 5576 νομίζοιτο
1143 5506 1588 5578 παραὸλάπτειν.
1654 5503 1866 5569 Ἀλλως
1925 5505 1984 5559 δέ

404 5597 497 5651 καὶ
529 5596 989 5670 καταψευσόμεθα
1021 5601 1113 5654 τοῦ
1155 5599 1438 5671 Συμὸὁλου
1470 5601 1574 5670 τῆς
1603 5601 1865 5665 πίστεως,
1889 5599 1987 5666 καὶ

408 5689 586 5756 μάτην
612 5690 1042 5763 ἀναγνωσόμεθα
1071 5689 1251 5757 τοῦτο,
1276 5689 1389 5761 τῆς¹
1409 5691 1469 5758 ἐξ
1500 5690 1665 5745 αὐτοῦ
1692 5691 1985 5760 γινομένης

413 5778 708 5850 ἀσφαλείας
757 5782 861 5854 ήδη
912 5785 1332 5858 πεπατημένης.
1360 5783 1504 5864 Οῦτε
1549 5784 1656 5858 γὰρ
1711 5783 1987 5856 Σύμϐολον

2080 4388 2346 4454 excludit,
2401 4387 2447 4444 si
2498 4388 2566 4442 ab
2597 4391 2991 4466 unuqnopiam
3027 4391 3116 4447 fiat
3151 4393 3424 4462 propriam
3478 4393 3660 4448 divul-

2080 4491 2240 4549 gante
2272 4481 2629 4543 sententiam,
2659 4497 2766 4535 non
2802 4481 2844 4536 si
2875 4492 2983 4538 tota
3021 4484 3263 4556 synodus
3298 4485 3531 4542 voluerit
3559 4487 3662 4542 ad-

2079 4571 2212 4627 dere
2236 4611 2251 4636 ,
2297 4573 2444 4626 nulla
2476 4576 2621 4629 enim
2659 4575 2712 4628 in
2750 4590 2815 4628 eo
2849 4573 3122 4648 fitsynodi
3161 4579 3389 4643 mentio,
3422 4577 3516 4634 sed
3554 4595 3658 4635 nc-

2082 4665 2215 4719 mini
2246 4709 2260 4731 ,
2297 4665 2517 4737 inquit,
2549 4667 2730 4722 liceat.
2759 4667 3024 4725 Praeterea
3057 4686 3177 4741 qnze
3207 4671 3460 4740 prohibet
3488 4673 3658 4737 credi,

2081 4774 2144 4814 ea
2187 4775 2410 4833 quoque
2461 4776 2571 4816 non
2628 4761 2899 4832 permittit
2936 4763 3062 4818 addi
3107 4761 3370 4836 Symbolo
3407 4765 3530 4820 fidei
3557 4783 3572 4820 :
3600 4782 3665 4820 ca

2083 4868 2215 4908 vero
2249 4861 2405 4918 sunt,
2437 4868 2561 4924 qua:
2583 4854 2800 4910 veritati
2831 4855 3211 4919 adversantur,
3245 4867 3298 4912 et
3327 4873 3436 4913 non
3465 4875 3668 4916 consu-

2085 4955 2218 5018 nant
2264 4946 2332 5020 iis
2389 4962 2514 5019 qua:
2573 4957 2695 5018 post
2761 4949 2964 5005 multos
3012 4949 3228 5005 labores
3263 4963 3481 5025 recepta
3513 4963 3667 5010 sunt.

2084 5038 2220 5107 Quae
2248 5053 2416 5112 porro
2450 5037 2582 5094 licet
2615 5040 2864 5108 credere,
2892 5039 3050 5095 fateri
3078 5056 3299 5114 quoque
3327 5037 3664 5119 permissum

2084 5121 2189 5187 est.
2237 5129 2485 5203 Symboli
2517 5129 2666 5200 enim
2700 5130 3101 5188 confessionem
3142 5133 3272 5188 illud
3303 5133 3432 5190 fecit
3467 5151 3662 5191 neces-

2085 5222 2316 5288 sariam,
2391 5221 2541 5292 quod
2592 5235 2703 5276 non
2737 5231 2988 5292 oporteat
3019 5221 3189 5277 latere
3216 5222 3435 5296 aliquos
3471 5223 3525 5278 in
3561 5209 3668 5280 fide

2086 5321 2405 5386 corruptos,
2431 5327 2601 5385 quam
2639 5327 2800 5385 nemo
2839 5313 3036 5368 laedere
3055 5312 3181 5384 jure
3209 5313 3524 5386 censendus
3558 5301 3668 5380 est,

2086 5408 2217 5463 dum
2273 5408 2422 5464 illam
2483 5415 2708 5480 prastat
2756 5407 2824 5462 iis
2889 5405 3519 5474 consentientem,quze
3550 5407 3671 5461 sine

2089 5501 2334 5574 periculo
2367 5498 2690 5555 creduntur.
2725 5498 2982 5568 Alioquin
3011 5497 3134 5553 fidei
3165 5497 3487 5569 Symbolum
3527 5498 3670 5552 falso

2088 5593 2488 5668 appellabimus
2537 5592 2764 5646 nomine
2793 5630 2809 5656 ,
2841 5601 2896 5645 et
2918 5589 3121 5646 frustra
3146 5586 3279 5645 illud
3313 5589 3670 5644 recitabitnns

2090 5691 2408 5764 proculcata
2456 5686 2571 5757 jam
2628 5686 2746 5749 illa,
2797 5702 2919 5756 qum
2944 5700 3008 5742 ex
3049 5699 3116 5739 eo
3152 5685 3668 5755 provenit,lnrsiI-a-

2095 5785 2263 5841 tinnis
2303 5781 2647 5840 liberatione.
2684 5780 2872 5853 Neque
2904 5778 3052 5835 enim
3079 5779 3184 5833 erit
3223 5778 3462 5848 amplius
3501 5777 3672 5854 Synt-
