4038 6426
464 313 565 378 471

1606 336 1989 400 ΟΕΝΝΑΟΠ
2027 343 2134 410 CP.
2165 345 2672 409 PATRlARCILE

3602 361 3696 422 472

458 428 672 498 bolum,
723 434 769 491 si
811 443 978 493 totam
1009 455 1115 494 non
1138 441 1356 515 detegat
1391 445 1610 503 inlisazn
1640 453 1839 508 anima:
1865 455 1932 507 de
1969 456 1999 508 li

2102 502 2105 514 .
2136 464 2286 518 ἔσται
2317 466 2502 520 λοιπὸν
2545 467 2621 536 μὴ
2679 467 2859 521 πᾶσαν
2891 469 2992 539 τὴν
3025 471 3085 524 ἐν
3116 473 3180 540 τῇ
3217 470 3361 545 ψυχῇ
3394 479 3690 545 πεπηγυῖαν

450 525 535 574 dei
577 529 832 585 articulis
883 536 1258 592 sententiam:
1304 554 1406 594 nec
1453 541 1798 612 impossibile
1820 557 1905 600 est
1929 547 2032 602 ali-

452 632 592 683 quos
625 618 760 676 falsa
793 625 1095 682 sentientes
1125 629 1318 697 latere,
1347 634 1440 702 qui
1484 635 1771 692 nobiscum
1804 641 2024 708 quidem

450 711 798 769 c0nfessi0tte
858 728 1022 785 stent,
1093 722 1196 777 file
1256 739 1386 778 vero
1435 727 1816 797 sejungantur,
1845 733 1890 786 si
1927 736 2030 790 hoc

446 805 674 858 einnino
729 811 1089 866 concedatur.
1137 813 1360 870 Plenam
1420 835 1549 876 vero
1607 819 1730 877 fidei
1758 825 2026 881 rationem

444 897 724 962 quomodo
781 899 1045 971 integram
1097 905 1518 974 exhibebimus,
1573 927 1738 982 quam
1791 916 1844 968 in
1895 930 2028 972 con-

446 989 687 1042 fessione
743 994 825 1046 sui
864 998 1167 1053 consistere
1199 1003 1504 1072 accipimus
1530 1045 1545 1069 ,
1571 1006 1730 1062 nobis
1764 1009 2027 1075 prmdica-

447 1081 650 1133 tionem
682 1084 802 1150 ejus
839 1101 938 1155 per
973 1088 1145 1156 ipsam
1177 1105 1437 1161 praeterea
1470 1097 1709 1168 linguam
1743 1100 2024 1172 refugien-

445 1168 642 1223 tibus?
688 1184 782 1228 aut
831 1191 953 1245 quae
1002 1181 1156 1235 nobis
1192 1183 1294 1236 erit
1323 1185 1518 1242 salutis
1542 1205 1667 1258 spes
1691 1206 1785 1258 per
1813 1168 2023 1262 eat-quae

443 1266 758 1318 necessario
815 1269 1136 1336 creduntur,
1198 1275 1242 1329 si
1297 1292 1423 1331 cum
1489 1281 1820 1347 audiamus,
1861 1284 2020 1341 fateri

442 1353 590 1407 illam
641 1369 900 1424 oportere
950 1374 1171 1433 propter
1202 1361 1458 1436 salutem,
1510 1371 1612 1439 ipsi
1662 1373 2018 1443 ignominiam

440 1447 640 1503 habere
691 1463 996 1520 putemus:
1049 1459 1092 1512 si
1133 1474 1228 1516 ore
1280 1463 1444 1517 etiam
1507 1464 1775 1520 fateamur
1817 1470 2019 1524 verita-

443 1551 549 1594 tem
574 1543 597 1596 ?
626 1543 776 1598 Sicut
808 1549 951 1602 enim
989 1551 1137 1606 nullo
1173 1555 1335 1610 modo
1367 1557 1642 1613 credenda
1679 1571 1806 1616 sunt
1830 1601 1844 1624 .
1894 1578 2015 1631 qua’

437 1633 697 1691 deliciunt
731 1653 758 1690 a
811 1643 998 1710 regula
1055 1645 1339 1712 veritatis;
1378 1648 1450 1703 ita
1487 1649 1554 1702 ad
1615 1663 1762 1706 recte
1807 1655 2013 1710 credita

436 1741 664 1783 necesse
718 1739 802 1784 est
851 1733 1095 1788 exterior
1155 1752 1371 1807 quoque
1431 1743 1654 1797 accedat
1711 1747 2008 1802 confessio.

434 1819 546 1871 Aut
593 1819 759 1886 igitur
805 1822 1235 1882 demonstranda
1273 1840 1358 1885 est
1391 1831 1709 1890 Latinorum
1743 1841 2012 1894 sententia

433 1924 462 1960 a
505 1911 732 1966 veritate
775 1931 1002 1979 prorsus
1032 1919 1230 1988 aliena,
1268 1933 1359 1978 aut
1388 1925 1431 1979 si
1479 1929 1580 1980 hoc
1614 1945 1720 1982 non
1761 1933 2010 2000 potestis.

432 2008 493 2052 ut
542 2017 667 2058 vera
728 2005 816 2060 illa
877 2007 1201 2067 honoranda
1252 2024 1305 2068 et
1365 2017 1714 2086 suscipienda
1772 2031 1894 2086 est,
1957 2031 2012 2076 et

434 2093 566 2149 fides
614 2095 669 2150 in
724 2095 986 2169 Symbolo
1023 2102 1372 2166 declaranda.
1413 2109 1592 2166 Latini
1645 2113 1786 2168 enim
1819 2113 2010 2169 nobis-

428 2202 562 2274 cum,
602 2192 929 2248 sententiam
977 2197 1389 2266 recipientibus,
1433 2212 1487 2259 et
1529 2213 1699 2258 ratam
1754 2221 1877 2261 esse
1921 2206 2010 2276 ju-

425 2271 778 2349 dicantihus,
829 2284 1066 2344 fortasse
1117 2290 1185 2345 de
1219 2291 1569 2350 confessione
1624 2311 1730 2350 non
1785 2312 2007 2364 magno-

422 2384 556 2438 pere
623 2375 974 2446 pugnabunt,
1033 2382 1167 2435 satis
1209 2384 1354 2438 enim
1408 2395 1493 2440 est
1537 2387 1644 2441 illis
1694 2389 2003 2451 ostendere,

425 2479 486 2516 se
517 2475 664 2520 recte
697 2469 960 2536 sensisse,
994 2483 1050 2528 et
1079 2473 1291 2554 eﬂicerc
1337 2493 1404 2532 ne
1441 2478 1672 2534 ulterius
1705 2481 2006 2536 contenda-

425 2573 572 2621 BtUS.
609 2563 1003 2635 veritatemque
1057 2580 1115 2624 ut
1159 2573 1506 2627 mendacium
1569 2589 2002 2645 persequamur:

425 2662 480 2752 at
531 2653 688 2708 nobis
735 2656 846 2712 sola
892 2657 1025 2714 ﬁdes
1063 2664 1244 2718 cordis
1289 2679 1398 2718 non
1434 2667 1537 2720 erit
1576 2668 1731 2732 satis,
1755 2684 1876 2752 pou
1908 2671 2008 2724 ad-

417 2739 608 2820 juncta
654 2750 820 2804 etiam
865 2755 1125 2809 exterimi
1171 2757 1538 2814 confessione.
1581 2739 1809 2816 Decreia
1850 2778 2001 2829 vero,

423 2854 546 2903 qua:
604 2842 770 2912 aliqui
833 2844 1220 2915 reformidant,
1264 2867 1362 2920 pro
1417 2853 1572 2908 nobis
1618 2855 1798 2924 potius
1851 2872 2004 2928 egre-

423 2932 622 3000 gieque
670 2935 1044 2994 additamento
1077 2951 1223 2997 stare
1266 2945 1500 3013 putanda
1545 2959 1695 3012 sunt,
1732 2960 1898 3018 atque
1937 2966 2002 3006 co

421 3026 588 3078 modo
619 3027 992 3099 intelligenda,
1026 3050 1135 3101 quo
1185 3051 1282 3104 pro
1326 3053 1386 3092 se
1430 3047 1484 3092 et
1513 3040 1636 3095 aliis
1671 3042 1871 3097 vellent
1916 3045 1997 3098 in-

2138 557 2267 625 περὶ
2300 557 2410 611 τῶν
2440 559 2538 626 τῆς
2572 559 2809 624 πίστεως
2839 560 3062 630 ἄρθρων
3100 561 3258 629 δόξαν
3303 565 3686 630 ἀνακαλύπτον,

2135 647 2258 700 οὔτε
2303 648 2412 702 τῶν
2446 649 2722 704 ἀδυνάτων
2757 653 2874 705 ἐστὶ
2922 653 3212 723 καὶψευδῆ
3243 673 3392 718 τινας
3423 674 3686 726 πεφρονηο

2133 738 2298 795 κότας
2345 741 2631 794 λανθάνειν
2658 759 2672 774 ο
2719 744 2816 797 καὶ
2867 747 2933 814 τῇ
2970 745 3070 814 μὲν
3099 746 3362 819 ὁμολογίᾳ
3391 749 3509 817 μεθ’
3537 750 3684 818 ἡμῶν

2133 833 2403 893 ἵστασθαι,
2439 836 2503 902 τῇ
2553 834 2608 887 δὲ
2657 836 2841 890 πίστει
2883 838 3284 909 διακεκρίσθαι,
3317 842 3461 908 ἅπαξ
3504 843 3681 896 τούτου

2131 925 2599 994 συγχωρηθέντος.
2629 925 2741 980 Ποῦ
2769 926 2824 980 δὲ
2858 928 2953 982 καὶ
2999 929 3098 998 τὴν
3127 931 3227 998 τῆς
3275 932 3506 994 πίστεως
3536 932 3682 1000 imp-f-

2129 1015 2284 1068 δειαν
2342 1017 2744 1088 περισὼσομεν,
2803 1019 2871 1091 ἢν
2930 1022 2988 1073 έν
3033 1021 3112 1090 τῷ
3166 1021 3371 1092 ταύτην
3416 1023 3682 1093 ὁμολογεῖν

2127 1106 2550 1176 παρειλήφαμεν
2601 1111 2948 1175 συνεστάναι,
2997 1113 3151 1165 αὐτοὶ
3202 1112 3297 1166 τοῦ
3344 1116 3436 1167 καὶ
3479 1113 3681 1185 γλώττῃ

2127 1198 2422 1266 κηρύττειν
2449 1200 2654 1265 ταύτην
2687 1201 2994 1272 φειδόμενοι
3020 1223 3035 1270 ;
3065 1205 3137 1258 Ἦ
3168 1206 3250 1265 τίς
3305 1207 3439 1276 ἡμῖν
3487 1207 3550 1260 ἐκ
3575 1206 3678 1258 τίῖιν

2124 1289 2440 1357 ἀναγκαίως
2501 1294 2914 1360 πιστευομένων
2979 1293 3135 1350 ἔσται
3195 1297 3470 1366 σωτηρίας
3515 1296 3680 1359 ἐλπὶς,

2121 1383 2280 1450 εἴπερ
2310 1384 2493 1438 εἵνεκα
2525 1383 2625 1453 μὲν
2653 1386 2926 1455 σωτηρίας
2959 1386 3346 1455 ὁμολογεῖσθαι
3382 1389 3478 1457 τὴν
3509 1387 3680 1442 πίστιν

2119 1473 2412 1544 ἀκούομεν,
2450 1477 2607 1530 αύτοὶ
2654 1478 2701 1532 δ’
2755 1477 2945 1548 ὥσπερ
2994 1481 3259 1550 αἰσχύνην
3312 1481 3374 1536 τὸ
3415 1481 3511 1550 τὴν
3557 1479 3682 1548 ἀλήο

2119 1566 2270 1620 θειαν
2301 1570 2394 1622 καὶ
2421 1569 2656 1638 χείλεσιν
2683 1571 2971 1641 ὁμολογεῖν
3001 1572 3340 1643 νομιοῦμεν;
3369 1573 3556 1642 ὥσπερ
3580 1572 3678 1641 γὰρ

2116 1659 2236 1712 οῦδὲ
2277 1660 2554 1715 πιστεύειν
2585 1663 2688 1732 χρὴ
2737 1665 2838 1733 τὴν
2869 1665 3045 1736 ἀρχὴν
3089 1665 3264 1718 ὁπόσα
3291 1663 3405 1718 τῶν
3435 1663 3530 1731 τῆς
3558 1663 3684 1733 ἀλη-

2049 1793 2088 1846 "
2119 1751 2270 1816 θείας
2337 1754 2579 1808 κανόνων
2636 1754 2743 1822 ἔξω
2785 1759 2976 1826 χωρεῖ.
3015 1755 3160 1846 οθτω
3211 1758 3326 1818 τοῖς
3377 1756 3552 1819 καλῶς
3594 1773 3680 1808 πι⁹

2123 1844 2471 1910 στευομένοις
2497 1845 2593 1898 καὶ
2622 1845 2721 1913 τὴν
2751 1843 2952 1912 ἔξωθεν
2973 1841 3266 1915 ὁμολογίαν
3297 1847 3510 1917 ἀνάγκη
3539 1846 3678 1898 πᾶσα

2115 1937 2426 2002 προσεῖναι.
2489 1935 2558 1987 Ἢ
2622 1936 2805 1989 τοίνυν
2863 1938 2962 2004 τὴν
3023 1939 3134 1990 τῶν
3218 1938 3468 1992 Λατίνων
3530 1937 3678 2002 δόξαν

2113 2026 2354 2080 δεικτέον
2381 2029 2478 2091 τῆς
2504 2027 2756 2096 ἀληθείας
2787 2029 2978 2100 autem
3004 2046 3106 2082 που
3133 2029 3456 2098 βάλλουσαν,
3476 2029 3508 2101 ἢ
3531 2028 3682 2083 τοῦτο

2115 2117 2192 2188 μὴ
2221 2119 2574 2188 δυναμένους,
2603 2119 2678 2182 ὡς
2727 2120 2908 2190 ἀληθῆ
2943 2121 3228 2192 τιμητέον,
3265 2123 3364 2176 καὶ
3399 2122 3681 2193 φρονητέον

2111 2209 2275 2274 οὕτω,
2329 2212 2426 2264 καὶ
2479 2211 2557 2281 τῷ
2610 2212 2876 2283 Συμϐόλῳ
2931 2213 3031 2283 τὴν
3089 2215 3275 2268 πίστιν
3330 2216 3681 2286 φανερωτέον.

2110 2303 2333 2358 Λατῖνοι
2361 2306 2460 2374 μὲν
2488 2305 2598 2375 γὰρ
2628 2307 3059 2378 ἀποδεχομένοις
3085 2307 3184 2378 τὴν
3215 2308 3380 2375 δόξαν
3411 2310 3564 2380 ἡμῖν,
3595 2310 3683 2362 καὶ
3773 2360 3782 2362 _

2108 2396 2305 2463 κυρίαν
2361 2393 2501 2451 εἶναι
2562 2397 3003 2469 ψηφιζομένοις,
3061 2399 3192 2470 περὶ
3251 2401 3355 2470 τῆς
3406 2400 3681 2471 ὁμολογίας

2107 2488 2270 2557 τυχὸν
2320 2491 2379 2542 ού
2413 2489 2618 2560 σφόδρα
2674 2489 3001 2544 διοίσονταιο
3051 2491 3212 2562 ἀρκεῖ
3256 2493 3370 2563 γὰρ
3421 2493 3599 2555 αὐτοῖς
3624 2489 3678 2544 τὸ

2105 2580 2277 2646 δεῖξαι
2307 2581 2448 2648 σφᾶς
2473 2581 2542 2634 τὰ
2571 2582 2700 2635 ὁντα
2739 2583 3172 2652 πεφρονηκότας.
3206 2583 3306 2636 καὶ
3355 2585 3506 2655 ἡμᾶς
3549 2582 3679 2636 παῦ-

2108 2687 2198 2724 σαι
2254 2671 2719 2740 φιλονεικοῦντας,
2773 2672 2869 2727 καὶ
2905 2673 3136 2744 τάληθὲς
3185 2673 3262 2738 ὡς
3313 2675 3508 2745 ψεῦδος
3557 2672 3673 2728 διώ-

2103 2779 2323 2825 κοντας.
2364 2762 2508 2816 Ἀλλ’
2539 2764 2672 2833 ἡμῖν
2708 2763 2842 2835 μόνη
2887 2764 2986 2830 τῆς
3033 2765 3265 2834 καρδίας
3292 2769 3328 2836 η
3369 2767 3550 2830 πίστις
3581 2765 3674 2818 οὐκ

2102 2853 2330 2921 ἀρκέσει
2379 2853 2514 2922 πρὸς
2543 2855 2840 2926 σωτηρίαν,
2879 2856 2955 2924 μὴ
2988 2857 3084 2909 καὶ
3135 2857 3234 2925 τῆς
3266 2858 3467 2922 ἔξωθεν
3496 2858 3678 2925 ὁμολο-

2102 2944 2228 3011 γίας
2261 2945 2720 3017 συνεζευγμένης.
2759 2947 2871 3002 Καὶ
2903 2947 3000 3007 οὖς
3027 2965 3171 3013 τινες
3224 2948 3469 3004 δεδίασιν
3497 2951 3668 3019 ὄρους,

2104 3035 2246 3106 ὑπὲρ
2281 3035 2436 3104 ὑμῶν
2466 3037 2668 3106 μᾶλλον
2717 3039 2812 3092 καὶ
2849 3038 2950 3108 τῆς
2997 3039 3171 3111 καλῆς
3199 3042 3520 3113 προσθήκης
3551 3042 3676 3094 ὕπο-

425 3129 459 3182 ιι
481 3120 588 3190 11ῑεί
635 3124 730 3190 qui
765 3140 826 3177 ea
860 3126 1157 3189 condidere
1179 3167 1194 3182 .
1227 3128 1414 3197 Neque
1445 3133 1587 3184 enim
1620 3148 1681 3187 se
1712 3137 1880 3202 ipsos,
1905 3145 2000 3191 aut

2102 3126 2359 3196 ληπτέον,
2406 3129 2503 3182 καὶ
2546 3127 2770 3198 νοητέον
2817 3129 3038 3192 αὐτοὺς.
3069 3129 3147 3194 ὡς
3195 3130 3264 3185 ἃν
3295 3133 3454 3186 αὐτοὶ
3495 3129 3679 3201 βουλη-

419 3213 558 3268 alios
597 3215 714 3282 pari
765 3215 1028 3286 dignitate
1076 3221 1331 3289 pra-dites
1384 3222 1645 3280 facultate
1679 3226 1995 3297 huiusmodi

413 3296 638 3375 'privart:
679 3306 959 3370 volebant,
1011 3318 1068 3363 ut
1131 3311 1293 3380 plane
1355 3313 1583 3371 definire
1641 3296 1998 3388 nonpossint

419 3412 544 3465 qum
604 3407 854 3464 spectant
913 3401 978 3456 ad
1036 3402 1237 3457 tidem:
1290 3405 1536 3476 alioquin
1604 3410 1820 3466 decreta
1882 3413 1997 3467 lucc

421 3488 628 3546 nullius
674 3504 796 3545 esse
845 3492 1108 3546 momenti
1171 3493 1578 3561 inconsiderate
1605 3499 1990 3564 ostendissent,

415 3591 469 3634 et
495 3597 617 3649 quae
653 3583 862 3650 possint
893 3599 998 3638 non
1028 3585 1308 3640 observari
1343 3604 1358 3640 :
1396 3604 1520 3644 nam
1555 3599 1610 3645 et
1651 3591 1743 3658 illa
1777 3594 1996 3650 addita-

419 3681 658 3727 mentum
714 3675 984 3742 quoddam
1023 3685 1172 3742 sunt,
1215 3688 1270 3732 et
1317 3681 1591 3737 sententia
1621 3682 1688 3738 de
1724 3683 1828 3737 fide
1860 3695 1993 3740 tunc

414 3765 653 3833 primum
703 3767 806 3820 lata
833 3810 848 3837 ,
880 3779 933 3823 et
961 3783 991 3833 a_
1028 3769 1170 3824 nulla
1196 3772 1540 3838 superiorum
1568 3775 1866 3845 approbata
1905 3794 1996 3848 sy-

415 3858 723 3923 nodorum;
781 3875 972 3914 onmes
1023 3861 1191 3927 enim,
1233 3871 1292 3916 ut
1325 3871 1496 3932 patet,
1555 3865 1855 3922 addebant.
1885 3866 1992 3924 Sed

413 3967 588 4022 neque
619 3951 819 4019 Latini,
863 3955 910 4010 si
963 3970 1063 4010 nec
1093 3957 1488 4020 (ecumenicam
1517 3960 1862 4030 existimant,
1889 3980 1992 4020 nec

409 4046 635 4100 υιιιιιὶιιο
663 4047 849 4112 talem,
896 4047 1055 4118 cujus
1089 4051 1346 4105 mandata
1376 4066 1485 4106 non
1520 4052 1681 4109 liceat
1711 4063 1989 4126 transgre-

409 4137 489 4202 di,
519 4139 788 4209 synodum
812 4138 988 4206 illam,
1016 4156 1135 4209 quae
1165 4143 1348 4212 posuit
1375 4143 1834 4213 additamentum,
1869 4163 1988 4216 per-

393 4232 698 4304 timescent
741 4229 984 4291 decreta,
1021 4231 1392 4300 improhantcs
1422 4234 1853 4289 additamemum
1885 4275 1899 4300 ,
1934 4247 1989 4290 et

412 4323 656 4378 volentes
707 4323 835 4376 illud
884 4339 1230 4394 expungere.
1284 4326 1417 4392 Quae
1471 4326 1615 4384 enim
1674 4343 1782 4388 non
1831 4327 1988 4390 valde

407 4423 557 4468 certa
591 4423 722 4468 sunt
759 4413 972 4479 ratione
999 4414 1246 4481 definita,
1286 4425 1516 4486 possunt
1545 4416 1613 4472 ab
1648 4419 1754 4472 illis
1789 4419 1986 4472 immu-

2105 3219 2250 3273 θεῖεν
2281 3218 2420 3291 ὑπὲρ
2453 3220 2670 3273 ἑαυτῶν
2694 3221 2790 3275 καὶ
2836 3221 2949 3274 τῶν
2981 3221 3161 3276 ἄλλων
3194 3222 3244 3275 οί
3277 3222 3521 3292 θέμενοι.
3550 3219 3676 3275 Οὔτε

2100 3310 2209 3380 γὰρ
2234 3312 2467 3374 ἑαυτοὺς
2496 3310 2618 3366 οὔτε
2661 3313 2788 3375 τοὺς
2821 3313 2939 3366 ἴσον
2971 3315 3406 3384 περικειμένους
3448 3313 3674 3382 ἀξίωμα,

2097 3403 2199 3472 τῆς
2232 3405 2361 3473 περὶ
2391 3403 2544 3458 ταῦτ’
2575 3404 2827 3471 ἐξουσίας
2856 3406 2950 3458 καὶ
2977 3404 3074 3458 τοῦ
3103 3405 3175 3458 τὰ
3209 3404 3343 3478 περὶ
3374 3408 3473 3477 τὴν
3503 3405 3676 3459 πίστιν

2096 3497 2302 3565 ὁρίζειν
2366 3497 2560 3567 ἤθελον
2620 3496 2962 3552 ἁποκλεέειν.
3023 3498 3234 3562 Ἀλλως
3290 3499 3352 3554 δὲ
3415 3501 3510 3554 καὶ
3558 3499 3675 3560 τοὺς

2095 3588 2256 3657 ὄρους
2309 3588 2534 3654 τούτους
2599 3590 2801 3659 σαθρόν
2853 3607 2908 3644 τι
2965 3589 3162 3660 χρῆμα
3219 3589 3538 3654 δεικνύντες
3585 3589 3674 3642 καὶ

2095 3679 2529 3749 παραδαίνεσθαι
2559 3681 2889 3752 δυναμένους
2913 3681 3108 3736 ἔλαθον
3137 3683 3203 3737 ἄν
3221 3697 3238 3715 ο
3271 3685 3374 3738 καὶ
3398 3677 3541 3738 οὗτοι
3566 3681 3664 3750 γὰρ

2094 3771 2388 3843 προσθήκη
2433 3773 2520 3836 τίς
2570 3775 2702 3837 είσι,
2741 3774 2839 3826 καὶ
2894 3771 3089 3844 γνώμη
3134 3773 3244 3827 τῶν
3293 3775 3403 3842 τῆς
3447 3773 3669 3832 πίστεως

2092 3866 2215 3918 τότε
2270 3866 2488 3936 πρῶτον
2537 3863 2901 3935 ἐξενεχθεῖσα,
2954 3865 3051 3918 καὶ
3109 3865 3363 3937 μηδεμιᾷ
3409 3865 3515 3919 τῶν
3569 3863 3668 3931 πρδ

2094 3955 2267 4026 αὐτῆς
2329 3954 2566 4008 συνόδων
2625 3953 2874 4026 ἀρέσασα
2906 3972 2922 3986 ο
2982 3955 3158 4008 πᾶσαι
3215 3955 3352 4024 γὰρ,
3402 3958 3476 4019 ὡς
3524 3954 3668 4024 δῆλον

2093 4049 2326 4115 πέφυκε,
2365 4045 2749 4118 προσετίθουν.
2817 4046 2980 4101 Ἀλλὰ
3046 4045 3155 4118 μὴν
3207 4049 3305 4101 καὶ
3357 4051 3572 4102 Λατῖνοι
3621 4045 3666 4098 εἰ

2094 4137 2194 4208 μὲν
2242 4135 2356 4188 οὒτ’
2409 4138 2836 4206 οίκουμενικὴν,
2887 4136 3005 4191 οὔθ’
3051 4126 3244 4202 ἁπλῶς
3295 4139 3665 4208 ἀπαραίτητον

2090 4230 2188 4296 τὴν
2227 4226 2445 4281 σύνοδον
2478 4228 2716 4298 ἐκείνην,
2743 4223 2810 4298 ἦε
2852 4229 3080 4298 γέγονεν
3112 4230 3145 4300 ή
3179 4232 3495 4302 προσθήκη,
3521 4225 3664 4298 νομίο

2075 4316 2278 4380 ’ζουσιν
2307 4319 2416 4372 οὐδ’
2450 4317 2516 4372 ἂν
2545 4319 2898 4390 εὐλαϐηθεῖεν
2923 4322 3051 4385 τοὺς
3080 4325 3264 4392 ὅρους,
3303 4324 3408 4395 τῆς
3438 4321 3664 4394 προσθήο

2092 4427 2195 4478 κης
2243 4411 2654 4478 κατεγνωκότες
2700 4409 2796 4465 καὶ
2845 4412 3050 4484 ταύτην
3079 4413 3330 4476 θέλοντες
3373 4413 3658 4482 ἁφαιρεῖν’

397 4506 537 4582 tari,
564 4506 655 4576 qui
685 4506 950 4576 majorem
981 4505 1188 4568 habent
1219 4507 1560 4563 facultatem.
1595 4510 1652 4564 Si
1686 4525 1814 4564 vero
1835 4510 1982 4577 illam

2102 4505 2156 4555 τὰ
2189 4505 2297 4573 γὰρ
2327 4503 2388 4556 ού
2436 4504 2579 4556 πάνυ
2616 4503 2850 4573 βεϐαίως
2882 4479 3222 4575 διωρισμένα
3265 4479 3447 4570 ἕξεστί
3495 4479 3656 4574 μετα·

409 4598 750 4652 arbitrantur
782 4598 1206 4663 atcumenicam,
1241 4607 1297 4652 et
1325 4601 1545 4654 decreta
1569 4601 1686 4674 ejus
1711 4610 1828 4656 rata
1849 4615 1985 4656 esse

405 4688 606 4741 debere
633 4689 686 4742 in
725 4697 1069 4756 perpetuum,
1101 4703 1255 4759 aeque
1284 4699 1342 4743 ut
1379 4689 1607 4757 aliarum
1642 4693 1982 4760 generalium

405 4789 608 4833 statuta
658 4779 992 4850 synodorum
1029 4797 1042 4840 ;
1085 4796 1191 4832 non
1223 4782 1453 4841 dubium
1492 4791 1579 4837 est
1619 4783 1752 4853 quin
1787 4794 1842 4838 et
1877 4784 1980 4852 ipsi

404 4875 621 4926 decreta
665 4873 774 4926 sint
818 4874 1040 4927 omu'no
1090 4873 1350 4942 prolaturi
1377 4912 1395 4939 ,
1435 4883 1488 4927 et
1517 4892 1637 4944 qua:
1667 4874 1873 4934 Graecis
1901 4887 1984 4931 est

381 4964 690 5022 difﬁcultas
752 4965 818 5020 al
883 4965 1235 5020 inserendum
1265 5016 1281 5042 ,
1330 4982 1451 5021 eam
1481 4967 1586 5028 sibi
1613 4982 1738 5024 esse
1763 4968 1983 5024 demere

399 5056 716 5112 volentibus
745 5055 856 5110 sint
885 5055 1106 5111 dicturi.
1131 5055 1243 5125 Ego
1270 5072 1401 5111 vero
1429 5067 1609 5112 utrum
1647 5075 1708 5113 ea
1740 5059 1982 5130 synodus

400 5147 740 5202 occumcoica
778 5147 847 5201 sit
889 5146 1158 5213 habenda,
1194 5162 1292 5201 nec
1325 5164 1410 5214 ne,
1443 5145 1812 5219 Latinisipsis
1845 5166 1982 5205 con-

400 5243 754 5297 siderandum
811 5243 1062 5311 relinquo
1103 5262 1115 5297 :
1152 5241 1248 5296 sed
1289 5242 1582 5297 consilium
1615 5244 1696 5297 eis
1731 5243 1976 5297 dederim

398 5333 637 5402 primum
702 5332 926 5402 quidem
959 5376 972 5399 ,
1007 5343 1065 5388 ut
1093 5334 1278 5404 potius
1305 5350 1334 5388 a
1361 5350 1420 5388 se
1448 5333 1666 5392 decreta
1699 5335 1979 5390 observari

401 5427 745 5491 existiment,
781 5429 824 5480 si
858 5427 1100 5496 priorum
1139 5427 1356 5481 illorum
1386 5436 1685 5498 sequantur
1712 5429 1982 5482 concilio-

400 5533 524 5571 rum
557 5519 911 5585 sententiam,
941 5535 1105 5587 quam
1137 5520 1180 5572 si
1213 5521 1321 5575 illis
1365 5520 1624 5575 omnibus
1653 5521 1982 5590 posthabitis

375 5612 496 5684 Inui
550 5615 800 5666 omnium
841 5623 1118 5678 postremo
1144 5616 1462 5669 adhmreant
1497 5635 1509 5670 :
1539 5615 1737 5669 deinde
1767 5622 1824 5668 ut
1857 5615 1980 5670 nul-

401 5702 506 5754 lam
535 5704 598 5756 de
637 5706 723 5756 illa
755 5705 965 5771 synodo
1000 5720 1123 5757 cum
1162 5704 1363 5759 Graecis
1393 5706 1628 5760 habeant
1655 5717 1977 5761 controver-

406 5792 676 5863 siam,st
709 5796 929 5854 tuissam
970 5796 1169 5852 faciant
1199 5797 1339 5854 hanc
1384 5801 1683 5856 materiam.
1707 5799 1975 5871 Egoenim

2073 4597 2264 4645 ποιεῖν
2292 4596 2404 4656 τοῖς
2437 4595 2609 4662 μείζω
2654 4595 2887 4664 δύναμιν
2921 4596 3156 4666 ἔχουσιν.
3189 4597 3251 4649 Et
3286 4596 3334 4649 δ’
3363 4600 3660 4663 οἰκουμῖνιο

2088 4688 2188 4756 κὴν
2240 4685 2454 4757 ἐκείνην
2511 4685 2788 4754 ἡγοῦνται.
2836 4689 2928 4740 καὶ
2989 4687 3138 4756 ἅπερ
3187 4688 3399 4755 ἔγνωκε
3449 4685 3660 4756 κρατεῖν

2084 4776 2369 4846 ὀφείλοντα
2425 4779 2587 4848 μέχρι
2637 4779 2835 4840 παντὸς
2876 4779 3030 4832 οὐδὲν
3067 4775 3287 4850 ἦττονῆ
3339 4780 3410 4834 τὰ
3447 4780 3559 4840 ταῖς
3588 4775 3658 4826 οί-

2086 4872 2439 4937 κουμενικαῖς
2474 4869 2716 4934 συνόδοις
2761 4869 3124 4941 διωρισμένα,
3157 4871 3385 4940 εὔδηλον
3414 4873 3496 4924 ὅτι
3527 4881 3652 4934 προ-

2084 4960 2375 5014 δαλοῦνται
2409 4962 2502 5014 καὶ
2547 4952 2692 5014 οὗτοι
2743 4962 2967 5025 πάντως
3020 4963 3144 5026 τοὺς
3196 4963 3395 5031 ὄρους’
3433 4959 3525 5014 καὶ
3565 4956 3656 5024 τὴν

2086 5053 2209 5122 ἴσην
2239 5053 2492 5122 Γραικοῖς
2525 5070 2581 5105 τε
2620 5054 2993 5124 προστιθέναι,
3024 5056 3119 5108 καὶ
3171 5057 3356 5119 αὐτοῖς
3405 5051 3649 5122 ἀφαιρεῖν

2087 5141 2433 5212 βουλομένοις
2487 5144 2706 5214 ἐροῦσιν
2760 5139 2900 5200 εἶναι
2943 5143 3293 5216 δυσχέρειαν.
3339 5142 3478 5211 Ἐγὼ
3511 5140 3565 5194 δὲ
3598 5137 3652 5191 τὸ

2087 5235 2189 5306 μὲν
2217 5237 2446 5306 πότερον
2478 5237 2916 5307 οίκουμενικὴνῆ
2952 5237 3028 5307 μὴ
3063 5239 3323 5306 τοιαύτην
3367 5237 3464 5305 τὴν
3509 5232 3652 5285 σύκο-

2083 5325 2173 5376 δον
2221 5327 2440 5396 ἐκείνην
2497 5326 2704 5398 οἴεσθαι
2754 5328 2882 5399 χρὴ,
2914 5328 3096 5389 αὐτοῖς
3153 5329 3359 5398 ἀφίημι
3411 5323 3648 5380 Λατίνοις

2088 5418 2310 5468 σκοπεῖν
2334 5431 2350 5447 ο
2385 5417 2863 5487 συμϐουλεύσαιμι
2895 5417 2942 5472 δ’
2988 5417 3058 5472 ἂν
3103 5417 3287 5482 αὐτοῖς
3322 5415 3531 5486 πρῶτον
3558 5409 3648 5480 μὲν

2089 5507 2291 5575 μᾶλλον
2333 5509 2576 5576 νομίζειν
2621 5511 2747 5573 τοὺς
2791 5512 2950 5578 ὄρους
2999 5509 3386 5578 διαφυλάττειν
3410 5506 3488 5574 τῷ
3518 5499 3648 5574 μετά

2086 5597 2194 5650 τῶν
2227 5598 2510 5668 προτέρων
2554 5600 2780 5655 ἐκείνων
2827 5601 3062 5655 συνόδων
3093 5602 3320 5655 ἑστάναι
3350 5601 3414 5668 τῇ
3444 5593 3645 5664 γνώμῃ-

2089 5688 2122 5758 ἢ
2158 5689 2232 5758 τῷ
2269 5691 2535 5760 περιιδεῖν
2586 5693 2686 5761 μὲν
2721 5693 2935 5757 ὲκείνας
2984 5693 3224 5756 ἁπάσας,
3262 5693 3361 5762 μιᾷ
3410 5689 3465 5742 δέ
3488 5701 3546 5752 γε
3586 5683 3643 5750 τῇ

2090 5781 2281 5836 πασῶν
2317 5782 2521 5854 ἐσχάτῃ
2564 5785 2849 5854 προσέχειν
2876 5802 2887 5812 ·
2925 5786 3112 5838 ἔπειτα
3145 5784 3277 5856 μηδὲ
3318 5779 3451 5852 πρδς
3489 5774 3640 5845 r95“
