4038 6438
242 392 352 457 '473

1426 415 1706 479 ORATIO
1740 421 1797 481 ΙΙ
1838 422 1938 482 ΑΙ)
1971 424 2353 489 SYNOI)UM.

3400 427 3513 493 474

249 509 373 572 κοὺς
410 510 536 579 περὶ
569 512 668 581 τῆς
709 515 930 571 συνόδου
974 519 1402 592 διαφερομένους
1443 532 1681 604 ἐκείνης,
1712 536 1820 588 τῶν

1934 535 2039 587 scio
2062 580 2074 604 ,
2110 539 2332 594 Graecos
2368 538 2515 593 nullo
2565 540 2726 595 modo
2776 556 3038 609 passuros
3085 556 3206 597 eam
3234 542 3504 613 synodum

248 602 625 691 ⁴προκειμένων
676 605 883 660 ἐθέλειν
936 611 1309 678 ἀφίστασθαιο
1368 620 1482 688 ἐγὼ
1539 602 1649 691 γὰρ
1701 622 1818 679 οἶδα

249 690 510 756 Γραικοὺς
580 695 836 751 οὗδέποτε
900 704 1019 764 ταῖς
1096 705 1506 775 οίκουμςνικαϊς
1552 690 1820 780 συνόδοις

251 782 557 836 συντάττειν
609 786 825 856 ἐκείνην
875 790 1261 861 ἀνεξομένους,
1324 802 1416 852 καὶ
1462 802 1603 871 πρὸς
1658 805 1821 858 τοῦτο

254 873 447 941 μᾶλλον
477 877 620 947 ἢπερ
667 879 795 934 ἄλλο
842 900 892 936 τι
941 885 1053 938 τῶν
1084 888 1341 944 ἁπάντων
1388 896 1819 965 ἐνστησομένους

256 966 458 1030 εἰδότας
484 968 559 1032 ὡς
588 970 799 1041 ἀνάγκη
838 978 1178 1049 πανταχύθεν
1217 982 1417 1045 αὐτοὺς
1462 986 1821 1055 ζημιοῦσθαι,

251 1062 341 1112 καὶ
371 1063 691 1131 νομίζεσθαι
739 1067 957 1137 χείρους
1003 1071 1051 1123 εί
1081 1073 1254 1127 ταῦτα
1288 1074 1564 1145 βούλοιντο
1599 1096 1817 1150 συγχω-

255 1155 381 1220 ρεῖν.
408 1154 504 1207 Διά
530 1155 593 1223 δὴ
618 1156 793 1210 ταῦτα
821 1159 920 1229 τὴν
952 1162 1052 1229 μὲν
1093 1164 1312 1219 σύνοδον
1348 1169 1533 1221 ἐατέον
1570 1170 1811 1240 ἐκείνην,

252 1244 392 1313 ὁπως
418 1247 545 1300 ποτὲ
579 1247 891 1316 βουληθεῖεν
947 1254 1201 1325 ἑκάτεροι
1256 1259 1523 1331 τοιαύτην
1555 1258 1694 1316 εἶναι
1728 1246 1820 1316 δο-

254 1340 395 1390 κεῖν’
428 1340 525 1409 τὴν
555 1341 610 1394 δὲ
670 1343 765 1395 τοῦ
801 1345 1103 1415 σχίσματος
1140 1352 1328 1404 αἰτίαν
1375 1354 1718 1424 προσθήκην,
1755 1356 1821 1410 ἂν

254 1432 504 1502 φαίνηταί
555 1453 657 1489 που
705 1435 1087 1506 λυμαίνεσθαι,
1127 1444 1261 1513 μηδὲ
1292 1446 1541 1508 Λατίνοις
1565 1449 1822 1515 ὀκνητέον

254 1524 532 1578 ἐκϐάλλειν
552 1541 566 1555 ο
610 1528 737 1596 μηδ’
762 1529 811 1581 εἰ
839 1534 1203 1607 προστιθείσῃ
1228 1538 1294 1606 τῇ
1328 1539 1579 1611 παρούσῃ
1616 1541 1821 1611 συνόδῳ

251 1615 455 1667 δίκαιον
510 1617 771 1684 ἡγοῦνται
833 1620 1104 1689 Γραικοὺς
1180 1626 1429 1691 ἅπαντας
1494 1628 1821 1694 πείθεσθαι,

253 1706 399 1758 αὑτοὶ
434 1709 803 1775 νομιζέτωσαν
830 1714 1139 1771 ἀδικεῖσθαι
1170 1719 1517 1793 ἀφαιρούσης
1547 1722 1609 1775 οὗ
1641 1738 1823 1791 παρα-

253 1799 499 1865 κούοντες
524 1819 537 1833 ·
569 1805 765 1874 ἐπίσης
789 1809 897 1877 γάρ
929 1808 1096 1879 ἄμφω
1128 1815 1222 1864 καὶ
1256 1812 1468 1879 ἔξεστιν
1496 1811 1578 1877 οἷς
1607 1816 1671 1869 ἂν
1704 1818 1822 1887 ἐξῇ,

253 1894 342 1947 καὶ
389 1897 891 1953 κεκώλυται,οὕτέ
942 1904 1074 1965 τοὺς
1128 1905 1309 1957 τοίνυν
1369 1907 1535 1977 ὄρους
1586 1881 1826 1973 ἐκείνους
1861 1881 1900 1934 Β

253 1985 703 2058 εὖλαῆουμένους,
750 1994 917 2046 παντὶ
970 1995 1236 2066 μᾶλλονῆ
1284 2001 1349 2068 τῇ
1385 1998 1637 2071 παρούσῃ
1668 2001 1829 2072 χρείᾳ.

255 2080 669 2150 συμϐαίνοντας,
698 2085 795 2155 τὴν
830 2086 1000 2157 μόνην
1050 2089 1228 2159 ἀληθῆ
1267 2095 1364 2145 καὶ
1395 2093 1622 2162 βεϐαίαν
1670 2098 1821 2166 εἰρή-

250 2190 342 2242 νην
374 2175 574 2243 πρέπει
602 2179 891 2247 προΐεσθαι
920 2196 933 2212 ·
971 2180 1220 2254 οὗτε,τῷ
1256 2184 1573 2253 φθάσαντας
1608 2188 1827 2259 ἐκείνης

251 2265 281 2335 ἧ
311 2268 514 2340 ταύτης
548 2269 873 2339 ἐπειλῆφθαι
904 2274 1002 2339 τῆς
1029 2274 1208 2345 δόξης,
1234 2277 1464 2347 «εὔλογόν
1495 2281 1607 2332 ἐστι
1635 2280 1828 2351 δυσχε-

255 2360 455 2429 ραίνειν
483 2362 616 2432 πρὸς
655 2362 755 2433 τὴν
780 2364 1095 2432 μετάθεσιν.
1131 2367 1472 2434 Αίσθάνοςιαι
1523 2370 1635 2440 γάρ
1669 2371 1828 2423 ἐνίων

252 2453 343 2506 καὶ
396 2453 569 2508 ταῦτα
619 2455 1031 2523 λογιζομένων,
1091 2460 1186 2513 καὶ
1233 2460 1408 2513 δεινὸν
1465 2461 1824 2531 ἡγουμένων,

250 2543 405 2607 δόξαν
437 2547 717 2609 τοσούτοις
743 2549 960 2616 χρόνοις
989 2555 1405 2623 κεκρατηκυίαν
1452 2553 1711 2622 ἀμεῖψαι.
1748 2554 1825 2605 Οὐ

252 2642 359 2709 γάρ
408 2640 659 2711 καθάπερ
706 2641 833 2695 θέαν
881 2642 1054 2697 ταῦτα
1106 2644 1391 2714 κρίνεσθαι
1434 2647 1555 2700 δεῖ·
1587 2646 1709 2701 ούδέ
1748 2647 1826 2717 τῷ

250 2732 425 2802 χρόνῳ
453 2734 518 2786 τὲ
546 2733 1093 2795 τοιαῦτα-πιστεύειν.
1121 2737 1181 2797 ὃς
1210 2736 1307 2789 καὶ
1338 2737 1445 2788 τῶν
1477 2737 1827 2808 φαυλοτέρων

253 2823 477 2894 εὑρετής
506 2825 621 2879 ἐστι
653 2826 823 2890 δεξιός
844 2843 859 2859 ο
893 2828 1014 2881 οὐδέ
1046 2828 1281 2883 αἰδεῖται
1333 2828 1409 2898 τῷ
1459 2830 1649 2898 ψεύδει
1685 2831 1825 2885 κατὰ

251 2915 351 2984 τῆς
380 2914 638 2986 ἀληθείας
672 2919 1049 2991 συμπράττων
1076 2937 1091 2950 ο
1126 2920 1223 2973 καὶ
1275 2921 1540 2985 πολλάκις
1584 2924 1684 2992 μὲν
1712 2925 1827 2987 τοῖς

256 3008 569 3073 σπουδαίοις
604 3011 946 3082 ἐπανέστησε
980 3013 1047 3066 τά
1079 3014 1343 3082 μέμψεως
1381 3014 1529 3079 ἄξια,
1560 3016 1826 3079 πολλάκις

252 3099 305 3151 δὲ
355 3104 465 3161 τοῖς
515 3104 724 3172 χείροσι
778 3106 1120 3171 κρατῆσασιν
1173 3106 1272 3176 ἤδη
1335 3108 1431 3160 καὶ
1487 3109 1825 3161 πιστευθείσι

253 3195 613 3264 σφοδροτέραν
653 3197 752 3263 τὴν
798 3195 952 3261 παρὰ
995 3198 1105 3248 τῶν
1136 3199 1440 3267 ἀμεινόνων
1473 3200 1656 3271 μάχην
1688 3201 1822 3267 ἐπή-

250 3303 412 3354 γαγε.
445 3286 554 3341 Καὶ
600 3285 697 3340 νῦν
728 3287 819 3340 οὖν
854 3289 1010 3342 οὐδὲν
1042 3291 1271 3352 ἀπεικός
1301 3292 1456 3346 ἐστιν
1493 3292 1585 3345 ἐπὶ
1630 3290 1826 3345 τοσοῦ-

250 3396 342 3432 τον
370 3378 561 3449 χρόνον
611 3379 713 3449 τὴν
754 3380 975 3451 πλάνην
1006 3382 1203 3447 ἐλθεῖν,
1236 3382 1267 3453 ἢ
1300 3382 1394 3436 τοῦ
1426 3382 1659 3453 ψεύδους
1693 3386 1827 3455 ἁλη-

251 3466 399 3530 θείας
430 3471 732 3535 φαντασίαν
756 3469 1021 3535 λαϐόντος
1061 3472 1162 3525 καλ⁸
1209 3474 1349 3542 μετὰ
1384 3472 1590 3543 ταύτης
1621 3490 1829 3544 κηρυτ-

246 3563 497 3629 τομένου,
525 3562 558 3633 ἢ
586 3562 685 3632 τὴν
720 3563 887 3617 αὑτοῦ
936 3565 1243 3635 φαντασίαν
1270 3565 1443 3637 ταύτῃ
1487 3565 1825 3635 περιθέντος,

247 3652 342 3706 καὶ
372 3653 808 3721 φιλονεικοῦντος
835 3656 1007 3721 οὕτως
1039 3659 1350 3713 ἐκϐάλλειν.
1393 3659 1590 3730 ⁶Ὀμως
1632 3660 1689 3714 δέ
1718 3660 1827 3713 τῶν

251 3746 353 3816 μὶν
384 3750 515 3817 ἡμῖν
542 3751 920 3821 προκειμένων
952 3753 1226 3821 μεγίστων
1254 3754 1445 3819 ὄντων,
1476 3754 1571 3807 καὶ
1600 3754 1734 3822 πρὶν
1769 3755 1827 3817 ἐς

246 3841 366 3894 τέδε
392 3841 686 3913 σχίσματος
716 3844 876 3913 ἥκειν
924 3846 1112 3913 σχεδὸν
1147 3845 1238 3912 ὑφ’
1269 3846 1528 3899 ἁπάντων
1561 3845 1829 3899 ἀπιστουο

252 3940 453 4006 μένων,
481 3939 531 3991 οῖ
565 3938 662 3999 τὰς
703 3939 899 4002 πολλὰς
950 3940 1275 4010 δυσχερείας
1322 3939 1645 4012 συνῄδεσαν,
1681 3942 1831 4005 είκός

249 4030 488 4083 ἐστικαὶ
539 4029 718 4100 πολλῷ
765 4032 938 4085 πλείω
992 4032 1100 4084 τῶν
1163 4033 1472 4104 εἰρημένων
1535 4032 1633 4089 νῦν
1700 4034 1830 4104 ὑμῖν

249 4126 533 4191 φανεῖσθαι
581 4124 918 4197 κωλύματα·
955 4127 1052 4179 καὶ⁸
1097 4125 1361 4191 πολλάκις
1397 4128 1690 4197 ἐγγυτάτω
1736 4128 1832 4183 τοῦ

249 4216 419 4270 καλοῦ
465 4218 806 4286 γινομένους,
839 4218 945 4272 ὑπδ
991 4217 1200 4273 τούτων
1234 4220 1658 4291 ἐνοχλουμένους
1695 4222 1834 4274 ἀπο-

251 4308 550 4378 στήσεσθαι
599 4310 785 4368 πάλιν.
817 4310 892 4363 Ού
941 4312 1049 4382 γάρ
1101 4311 1347 4379 γέγονεν,
1399 4312 1448 4365 εί
1493 4311 1577 4365 δεῖ
1626 4312 1832 4383 τάληθῆ

250 4403 450 4470 λέγειν,
483 4402 592 4456 οὐδ’
619 4404 769 4458 ἔσται
799 4407 1034 4473 πρᾶγμα
1073 4404 1293 4468 πλείους
1323 4405 1419 4458 καὶ
1449 4406 1669 4476 μείζους
1711 4405 1835 4477 ἔχω’

249 4496 349 4556 τὰς
379 4495 665 4559 δυσκολίας
695 4495 798 4564 τῆς
850 4499 1029 4551 πάντα
1071 4497 1369 4567 καλλίστης
1414 4499 1511 4551 καὶ
1545 4516 1835 4569 χρησιμω-

1929 629 2283 703 meumenicis
2341 631 2742 697 annumerari,
2803 632 2899 686 sed
2951 642 3141 688 contra
3180 632 3284 687 hoc
3322 632 3508 701 potius

1931 732 2097 783 quam
2129 717 2346 782 quidvis
2372 718 2523 773 aliud
2553 731 2958 790 repugnaturos
2991 741 3005 779 :
3039 725 3222 780 sciunt
3257 724 3427 786 enim,
3452 723 3500 777 si

1925 809 2099 863 velint
2159 809 2271 865 haec
2321 810 2649 878 admittere,
2699 812 2813 869 fore
2871 824 2932 869 ut
2979 815 3293 870 necessario
3347 820 3503 869 dam-

1932 916 2060 955 num
2089 917 2480 971 usquequaque
2513 904 2733 969 faciant,
2757 907 3159 973 deteriorisque
3197 907 3501 960 habeantur

1931 994 2289 1049 conditionis;
2314 994 2541 1064 PrOpter
2568 996 2680 1052 haec
2712 998 2845 1051 nihil
2880 998 2949 1054 de
2978 999 3066 1053 illa
3098 999 3303 1070 synodo
3336 1015 3504 1068 agen-

1932 1085 2086 1145 dum.
2114 1086 2551 1156 qualemcunque
2594 1103 2716 1143 eam
2743 1088 2907 1143 velint
2933 1090 3150 1158 utrique
3173 1089 3338 1143 videri
3368 1104 3383 1142 :
3410 1090 3507 1143 sed

1872 1208 1876 1212 -
1930 1176 2145 1232 Latinis
2172 1178 2358 1243 etiam,
2390 1179 2564 1233 sicubi
2602 1181 2806 1235 malum
2840 1180 3036 1237 afferre
3076 1182 3314 1244 videtur,
3349 1181 3507 1234 iluhi-

1934 1266 2157 1321 tandum
2187 1284 2293 1322 non
2317 1268 2418 1321 erit
2441 1268 2643 1333 ejicere
2669 1286 2895 1326 causam
2926 1271 3268 1335 schismatis,
3293 1273 3511 1326 addita-

1933 1354 2175 1412 mentum
2213 1376 2227 1413 :
2269 1375 2367 1414 nec
2406 1361 2451 1415 si
2494 1376 2710 1430 :equum
2739 1378 2861 1418 esse
2886 1362 3250 1427 arbitrantur,
3285 1363 3509 1419 Graecos

1935 1466 2131 1507 omnes
2169 1444 2363 1521 parere
2414 1452 2543 1507 huic
2590 1454 2800 1523 synodo
2844 1453 3281 1509 additamentum
3338 1470 3511 1523 appn-

1934 1543 2084 1596 neuti
2107 1585 2121 1607 ,
2159 1543 2259 1611 ipsi
2294 1558 2351 1598 se
2384 1544 2638 1610 iniuriam
2668 1545 2778 1614 pati
2816 1546 3153 1601 arbitrentur
3185 1546 3509 1601 obedientes

1932 1630 2199 1687 auferenti
2224 1649 2237 1685 :
2268 1647 2424 1702 atque
2452 1633 2598 1687 enim
2628 1645 2919 1702 utrumque
2941 1644 2994 1689 et
3020 1636 3229 1691 licitum
3259 1647 3363 1697 est.
3387 1638 3512 1705 qni-

1938 1726 2041 1779 bus
2090 1724 2235 1792 licet,
2286 1733 2341 1779 et
2396 1725 2733 1793 prohibitum
2762 1727 2982 1795 pariter.
3019 1727 3211 1797 Neque
3256 1728 3418 1796 igitur
3447 1730 3515 1782 ti-

1939 1832 2089 1871 mnre
2145 1817 2496 1872 decretorum
2530 1816 2742 1871 illorum
2773 1858 2789 1881 ,
2824 1834 2944 1887 quae
2982 1820 3165 1887 potius
3194 1820 3259 1873 ad
3292 1820 3511 1889 quidvis

1934 1910 2080 1964 aliud
2134 1925 2298 1979 quam
2352 1910 2419 1963 ad
2477 1925 2592 1963 rem
2628 1920 2875 1965 nostram
2913 1910 3145 1977 faciunt,
3175 1911 3508 1980 projiciemla

1933 2013 2016 2057 est
2063 2002 2180 2057 sola
2213 2017 2340 2056 vera
2379 2009 2433 2056 et
2485 2000 2656 2056 solida
2694 2018 2819 2071 pax,
2860 2017 3037 2071 neque
3064 2002 3132 2057 oh
3157 2002 3508 2069 anticipatum

1934 2096 2077 2148 hanc
2126 2094 2208 2147 vel
2234 2095 2381 2147 illam
2408 2093 2720 2162 opinionem
2748 2103 3180 2147 consentaneum
3219 2102 3297 2146 est
3329 2101 3510 2145 muta-

1932 2189 2134 2243 tionem
2180 2203 2323 2258 azgre
2375 2186 2538 2242 ferre.
2580 2187 2760 2241 Audio
2808 2186 3006 2255 quippe
3057 2187 3152 2240 has
3198 2200 3320 2240 esse
3374 2200 3511 2252 quo-

1932 2281 2182 2335 rumdam
2225 2279 2620 2349 cogitationes,
2663 2278 2943 2347 iudignutn
2981 2292 3104 2331 esse
3138 2276 3507 2346 opinantium,

1933 2382 2203 2441 receptam
2253 2377 2406 2425 tanto
2453 2379 2696 2439 tempore
2756 2379 2965 2423 mutare
2997 2368 3347 2423 sententiam.
3386 2368 3507 2423 Non

1931 2476 2055 2520 Stlztl
2087 2464 2230 2516 enim
2265 2462 2381 2516 haec
2410 2461 2703 2530 iudicanda
2742 2477 2893 2516 more
2926 2462 3360 2529 spectaculorum
3412 2479 3512 2518 nec

1932 2556 2161 2609 decursu
2197 2552 2460 2621 temporis
2491 2551 2780 2619 credenda,
2818 2553 2965 2622 quod
2997 2552 3122 2608 facit
3150 2564 3207 2607 ut
3240 2554 3511 2608 deteriora

1930 2650 2096 2705 etiam
2153 2649 2434 2703 videantur
2486 2659 2610 2714 apte
2666 2650 2974 2720 excogitata
3008 2690 3023 2713 ,
3082 2664 3182 2705 nec
3237 2649 3515 2705 erubescit

1934 2742 2072 2795 h-rre
2099 2756 2256 2811 opem
2294 2738 2580 2795 mendacio
2621 2749 2812 2795 contra
2850 2741 3151 2807 veritatem,
3180 2741 3325 2811 quod
3360 2738 3510 2806 feci',

1932 2828 1991 2888 ut
2024 2835 2287 2903 praeclare
2335 2849 2477 2903 szepe
2506 2850 2593 2889 res
2630 2843 3078 2904 oppugnarentur
3104 2850 3132 2888 a
3165 2836 3327 2889 rebus
3370 2833 3514 2887 vitu-

1932 2925 2215 2996 peratione
2248 2923 2447 2994 dignis,
2486 2939 2630 2993 smpe
2661 2925 2824 2977 etiam
2858 2925 3125 2979 deteriora
3161 2936 3376 2995 recepta
3397 2924 3513 2993 jam

1931 3027 1987 3073 et
2032 3017 2239 3073 Credita
2289 3016 2432 3072 bello
2485 3018 2684 3072 acriori
2738 3035 2768 3073 a
2812 3018 3121 3087 potioribus
3180 3027 3510 3086 peterentur.

1932 3108 2077 3162 Nihil
2110 3122 2240 3178 ergo
2269 3109 2562 3172 absonum,
2595 3119 2743 3164 nunc
2774 3109 2937 3162 etiam
2975 3118 3125 3163 tanto
3169 3118 3410 3178 tempore
3438 3107 3517 3161 la-

1852 3230 1897 3292 C
1933 3203 2103 3257 tuisse
2144 3216 2407 3265 errorem,
2461 3209 2556 3256 aut
2590 3200 2825 3271 imagine
2877 3201 3124 3256 veritatis
3170 3210 3449 3271 assumpta
3483 3216 3514 3254 a

1930 3294 2258 3359 mendacio,
2311 3304 2363 3349 et
2406 3295 2509 3348 sub
2562 3309 2625 3348 ea
2667 3295 2997 3364 przedieato,
3054 3304 3146 3349 aut
3189 3295 3380 3349 eodem
3432 3293 3516 3350 sui

1932 3389 2221 3458 imaginem
2270 3387 2485 3441 veritati
2518 3387 2833 3456 adaplaute,
2864 3395 3027 3456 atque
3064 3386 3135 3441 ita
3170 3396 3227 3441 ιιι
3262 3386 3517 3440 exturhct

1933 3479 2079 3534 illam
2139 3478 2525 3532 eontendente.
2582 3475 2637 3531 In
2693 3478 3011 3533 universum
3063 3494 3171 3541 res,
3221 3492 3356 3547 quas
3407 3492 3517 3546 pra:

1934 3577 2185 3632 manibus
2220 3577 2505 3643 habemus,
2539 3592 2664 3630 cum
2696 3577 2808 3631 siut
2838 3577 2998 3645 longe
3042 3559 3312 3641 maximae,
3345 3585 3398 3630 et
3424 3591 3521 3629 an-

1937 3678 2154 3737 tequam
2224 3680 2446 3722 ventum
2504 3678 2646 3724 esstrt
2697 3668 2762 3721 ad
2813 3677 3024 3722 tantum
3076 3666 3337 3722 schisnia.
3392 3667 3522 3721 visu:

1936 3758 2048 3817 fere
2073 3760 2349 3826 omnibus,
2387 3760 2479 3830 qui
2511 3760 2717 3814 conscii
2769 3760 3064 3814 multarum
3098 3768 3253 3813 erant
3285 3757 3516 3815 dillicul-

1939 3858 2150 3914 latum,
2201 3849 2589 3914 incredibiles.
2646 3865 2742 3919 par
2780 3858 2865 3905 est
2906 3849 3077 3903 multo
3123 3850 3289 3903 etiam
3339 3850 3520 3919 plura,

1935 3956 2099 4011 quam
2138 3941 2339 3996 dictum
2370 3941 2753 4006 est,'ohlatura
2787 3956 2844 3996 se
2877 3956 3024 3995 nunc
3055 3940 3209 3993 voltis
3246 3956 3366 3996 esse
3409 3942 3518 3995 im-

1939 4032 2268 4098 pedimcnta,
2300 4041 2354 4085 et
2385 4047 2528 4101 saepe
2562 4047 2660 4086 vos
2692 4032 2758 4085 ad
2791 4032 3067 4105 egregium
3103 4032 3204 4085 hoc
3231 4049 3367 4099 opus
3400 4048 3525 4101 per-

1935 4123 2231 4179 ﬁciendum
2265 4124 2504 4177 maxime
2539 4123 2772 4188 vicinos,
2814 4139 2911 4193 per
2946 4140 3010 4178 ea
3046 4125 3292 4179 turbatos
3329 4125 3521 4180 deleu-

1939 4225 2050 4269 tmn
2083 4214 2170 4267 iri.
2218 4212 2351 4267 Nam
2382 4213 2428 4268 si
2455 4230 2646 4269 verum
2679 4215 2784 4269 dici
2830 4223 3069 4284 oportet,
3110 4216 3257 4270 nu‘la
3302 4215 3402 4269 fuit
3434 4231 3522 4271 res

1939 4318 2032 4362 aut
2060 4308 2164 4361 erit
2195 4308 2446 4377 pluribus
2495 4316 2547 4361 et
2579 4306 2882 4376 majoribus
2917 4308 3191 4378 implicata
3238 4306 3523 4362 dimi-ulta-

1940 4399 2108 4461 tibus,
2158 4413 2322 4468 quam
2372 4413 2768 4468 usquequaque
2821 4399 3208 4454 honestissima
3252 4410 3304 4453 et
3352 4400 3526 4453 utilis-

1940 4492 2079 4545 sima
2153 4490 2266 4545 Ιιυεο
2328 4506 2451 4559 pax.
2524 4488 2636 4558 Ego
2700 4507 2825 4544 vero
2892 4490 2996 4545 tale
3065 4491 3219 4545 vobis
3281 4491 3522 4545 dederim

249 4587 422 4656 τάτης
470 4586 677 4656 ταύτης
724 4588 973 4658 είρήνης.
1013 4587 1157 4656 Ἐγὼ
1206 4587 1263 4640 δὲ
1330 4589 1719 4658 παραινέσαιμ’
1768 4588 1829 4642 ἂν

1941 4581 2273 4648 consilium,
2323 4582 2593 4636 irascatur
2649 4591 2830 4636 autem
2885 4597 3067 4636 nemo.
3122 4581 3306 4636 Satius
3364 4582 3525 4652 plane

253 4679 410 4745 ὑμῖν,
449 4676 540 4730 καί
574 4694 664 4747 μοι
697 4677 883 4747 μηδεὶς
914 4677 1071 4748 ὑμῶν
1098 4676 1367 4750 ὀργισθῇς
1381 4680 1584 4748 μᾶλλον
1617 4680 1683 4734 ἂν
1714 4680 1833 4735 ἐλέ-

254 4768 380 4820 σθαι
439 4769 571 4837 μηδέ
604 4768 758 4838 ὑμῶν
792 4769 970 4838 ἀρχὴν
1002 4770 1353 4839 ἐπιχειρῆσαι
1405 4770 1483 4840 τῷ
1518 4769 1832 4841 πράγματι,

250 4859 374 4914 ἀλλ’
402 4862 589 4932 ὥσπερ
630 4860 751 4914 καθ’
799 4861 1067 4933 ἱστορίαν
1103 4862 1531 4932 συνεληλυθότας
1576 4862 1831 4931 ἐνταῦθα,

249 4949 429 5014 οὕτως
497 4951 866 5023 ὀμιλήσαντας
940 4952 1034 5005 καὶ
1108 4952 1514 5023 γνωρισθέντας
1581 4954 1835 5025 ἀλλήλοις

249 5043 591 5107 ἑπινελθεῖν,
623 5044 655 5115 ἦ
694 5043 835 5114 μετὰ
874 5044 1181 5114 προθυμίας
1218 5044 1536 5114 ἁψαμένους
1563 5046 1834 5107 ἐνδοῦναι.

250 5140 353 5191 καὶ
409 5140 608 5206 μικρᾶς
666 5155 811 5201 τινος
862 5137 895 5209 ἢ
956 5139 1203 5205 μείζονος
1261 5137 1584 5209 δυσχερείας
1637 5139 1838 5210 ἥττους

247 5231 506 5300 ὀςθῆναι.
548 5232 608 5285 Εἰ
656 5231 767 5300 γὰρ
815 5230 1073 5293 ἐλάττους
1104 5227 1200 5302 ἦτε
1258 5231 1351 5283 τὸν
1387 5230 1646 5300 ἀριθμὸν,
1676 5230 1708 5300 ἦ
1740 5232 1837 5301 τῆς

251 5324 446 5393 χρείας
498 5324 839 5389 ἐνδεέστερον
903 5323 1459 5391 παρεσκευασμένοι,
1523 5322 1555 5393 ἢ
1618 5323 1836 5386 σύνοδος

251 5402 650 5485 ἐπα,,χικὴ“καὶ
680 5416 756 5485 μὴ
788 5416 969 5468 πᾶσαν
996 5415 1094 5487 τὴν
1138 5414 1469 5484 Ἐκκλησίαν
1508 5413 1643 5467 Θεοῦ
1674 5433 1837 5485 παρι-

252 5508 611 5579 στέιι.ουσα,ῆ
673 5506 743 5560 δι’
798 5506 925 5561 ἄλλο
968 5523 1020 5561 τι
1068 5504 1349 5578 προῦργου
1403 5506 1835 5575 συνειλεγμένοι,

248 5594 452 5663 ξπ;ιτα
497 5600 592 5653 καὶ
649 5600 775 5671 περὶ
824 5599 926 5667 τῆς
972 5601 1199 5672 είρῆνηῖ
1252 5600 1477 5651 σκοπεῖν
1545 5598 1839 5669 παρέρῖωέ

249 5690 542 5762 ἐμέλλετε,
604 5693 665 5743 τό
721 5708 782 5759 γε
841 5693 955 5753 τοῖς
1025 5693 1307 5761 μεγίστοις
1372 5693 1447 5743 ἐπ
1473 5694 1839 5761 χειρῄσαντας

256 5782 575 5849 ἀπογνῶναι
606 5783 699 5835 καὶ
730 5782 888 5845 δόξαν
935 5784 1286 5853 φρονήματος
1325 5783 1455 5852 ὑμῖν
1486 5784 1721 5852 ἤνεγκεν
1754 5784 1836 5839 ἄν.

194 5870 197 5873 “
270 5875 424 5926 Ἐπεὶ
472 5874 527 5927 δὲ
572 5866 663 5928 καί
718 5875 934 5946 πλήθει,
981 5878 1067 5929 καῖ
1124 5876 1312 5949 ἀρετῇ,
1359 5878 1450 5931 καί
1514 5876 1699 5949 στίέίίί»
1748 5877 1837 5929 κίε

1944 4685 2130 4739 esset,
2195 4675 2423 4728 omnino
2476 4691 2589 4728 rem
2643 4691 2750 4728 non
2805 4675 3065 4743 aggredi,
3116 4675 3210 4730 scd
3268 4684 3524 4744 tanquam

1945 4769 2127 4826 studio
2181 4767 2532 4821 visendorum
2589 4769 2829 4821 locorum
2882 4766 3158 4837 profectus
3205 4768 3529 4823 convenisse

1946 4863 2090 4925 huc,
2147 4861 2469 4930 collatisque
2529 4860 2898 4923 sermonibus,
2979 4861 3275 4930 habitath
3337 4870 3527 4915 mutua

1945 4956 2111 5009 vestri
2160 4954 2347 5009 notitia
2383 4954 2628 5023 regredi,
2679 4970 2843 5024 quam
2884 4955 3136 5010 alacriter
3171 4971 3399 5011 exorsos
3432 4955 3528 5010 de-

1944 5046 2216 5115 Spoudere
2267 5046 2553 5107 animum,
2608 5054 2662 5099 et
2706 5045 2821 5099 sive
2873 5060 3099 5114 parvae,
3149 5048 3267 5100 sive
3321 5060 3531 5114 magna:

1944 5136 2246 5191 dillicultati
2294 5136 2678 5192 succumbere.
2734 5134 2866 5189 Nam
2908 5137 2953 5188 si
3008 5136 3204 5190 minori
3259 5151 3381 5191 esse
3430 5152 3529 5189 nu.

1946 5245 2118 5291 mero,
2153 5240 2247 5281 aut
2277 5230 2462 5282 minus
2504 5243 2666 5296 quam
2706 5244 2790 5281 res
2822 5228 2989 5295 exigit
3019 5228 3212 5294 parati,
3243 5237 3337 5281 aut
3364 5242 3528 5296 syno-

1946 5322 2045 5375 dus
2094 5319 2463 5389 pruviucialis,
2500 5328 2555 5374 et
2603 5335 2708 5372 non
2764 5329 2930 5373 totum
2986 5317 3077 5372 Dei
3127 5327 3529 5387 reprmsenlans

1950 5412 2273 5476 Erclesiam,
2310 5422 2406 5465 aut
2437 5411 2661 5465 alterius
2692 5411 2764 5465 rei
2796 5411 2967 5480 gratia
3020 5426 3125 5464 non
3173 5409 3383 5464 inutilis
3418 5411 3528 5466 col-

1948 5505 2093 5570 lccti,
2130 5504 2224 5558 sed
2262 5505 2438 5557 obiter
2473 5506 2634 5557 etiam
2669 5512 2855 5573 postea
2893 5503 3039 5572 paris
3074 5502 3346 5572 negotium
3381 5511 3529 5557 trac-

1947 5597 2110 5651 taturi
2138 5637 2152 5660 ,
2201 5597 2344 5664 quod
2378 5612 2462 5649 res
2508 5597 2776 5671 maximas
2820 5594 3023 5661 exorsi,
3048 5594 3434 5663 deSpcraretis,
3473 5593 3527 5648 id

1948 5688 2098 5743 \ubis
2136 5690 2297 5741 etiam
2337 5687 2516 5756 magni
2554 5687 2723 5741 animi
2756 5688 3001 5741 virorum
3034 5696 3249 5758 pareret
3278 5702 3477 5741 nomen
3510 5702 3526 5741 :

1947 5794 2000 5837 at
2037 5783 2167 5852 quia
2208 5793 2258 5832 et
2299 5779 2670 5844 multitudine,
2705 5792 2761 5837 et
2792 5782 3013 5843 virtute,
3046 5790 3099 5835 ct
3131 5780 3379 5844 scientia,
3407 5796 3527 5836 om-

1948 5893 2107 5946 mquc
2160 5886 2446 5948 apparatu,
2501 5874 2686 5945 siqua
2743 5891 2984 5943 unquam
3036 5875 3138 5933 alia
3179 5876 3527 5942 superiorum
