4038 6412
231 381 299 444 77
1348 383 1635 445 ORATIO
1670 382 1764 443 lll
1799 383 1899 443 AD
1926 385 2312 448 SYNODUM.

3360 388 3477 452 ιτε-

197 495 440 565 ἡκόντων
487 493 766 549 οὖδοτιοῦν
843 496 1168 565 παριέντας,
1220 495 1399 551 ταῦτά
1452 498 1611 551 ἐστι’
1662 497 1773 550 τῶν

1905 499 2068 554 nullis
2097 498 2222 555 aliis
2260 499 2667 569 impedimentis
2697 516 2793 569 per
2820 500 2936 557 hzec
2971 501 3077 557 tria
3116 502 3198 555 vel
3227 513 3467 572 quatuor

200 591 296 658 μὲν
338 586 554 642 πολλῶν
599 588 941 655 κωλυμάτων
985 588 1166 658 τρισὶν
1212 589 1245 661 ἢ
1291 590 1516 658 τέταρσι
1561 590 1775 651 τούτοις

198 679 689 749 συνεξαιρεθέντων
718 697 733 713 υ
767 680 803 735 ἃ
838 682 894 735 δὲ
929 683 1072 737 κατὰ
1119 682 1328 736 τούτοιν
1371 682 1644 737 τοσούτων
1686 681 1777 735 δν-

195 789 305 826 των
338 771 467 840 ἐξῆν
494 773 692 838 εἰπεῖν,
732 771 846 824 τῶν
879 773 1158 827 πλείστων
1195 773 1309 836 τοῖς
1346 773 1556 828 ἕκαστα
1587 773 1777 843 βουλο-

202 864 382 934 μένοις
430 862 867 919 ιπισκέπτεσθαι
921 862 1316 935 παρειμένων
1345 865 1467 933 ἐμοὶ
1521 864 1633 934 γὰρ
1680 866 1780 935 τήν

199 954 422 1009 ἐκείνων
470 954 847 1025 ὕπογράφοντι
896 956 1082 1025 φύσιν,
1114 955 1212 1010 καὶ
1240 954 1395 1009 ταῦτ’
1421 957 1600 1021 ἔδοξεν
1639 956 1778 1010 ἀπο-

200 1048 356 1118 χρῆν.
388 1048 506 1101 Ἐπ’
537 1048 671 1103 αὐτὸ
701 1048 756 1102 δὲ
786 1046 974 1101 λοιπὸν
1003 1047 1066 1101 τὸ
1097 1046 1210 1101 τῶν
1260 1048 1437 1116 λόγων
1485 1047 1779 1118 βαδιοῦμαι

200 1138 521 1206 κεφάλαιον·
553 1156 589 1193 κ
624 1138 649 1193 ὶ
680 1138 749 1192 τά
802 1139 1101 1209 ποιήσοντα
1143 1138 1244 1210 τὴν
1300 1140 1525 1209 εἰρήνην
1568 1140 1781 1209 ταύτην

203 1234 351 1299 ὑμῖν,
386 1235 525 1302 μετά
574 1232 673 1302 τῆς
725 1229 939 1286 ἀνωθεν
990 1230 1270 1302 βοηθείας,
1305 1230 1676 1301 ὑπομνήσκων
1704 1230 1781 1295 ὡς

202 1322 373 1389 οὕτως
407 1326 581 1378 εἰπεῖν
619 1325 715 1378 καὶ
751 1325 910 1394 μόνον
940 1322 1269 1393 ἁπτόμενος,
1301 1322 1536 1395 ἔρχομαι
1560 1322 1777 1390 δείξων.

203 1414 323 1469 Τῶν
368 1416 464 1486 μὲν
493 1417 605 1488 γάρ
659 1417 1015 1487 ὑποσχέσεων
1046 1414 1187 1487 αὕτη
1240 1416 1430 1489 λοιπὴ.
1458 1417 1552 1471 καὶ
1608 1416 1783 1486 μείζω

201 1510 432 1582 δόναμιν
472 1509 695 1581 ἔχουσα.
729 1508 870 1565 Οὔτε
920 1510 978 1564 δὲ
1016 1508 1265 1581 ήγοῦμαι
1316 1510 1503 1576 σοφοῖς
1551 1510 1782 1580 ἀνδράσι

202 1604 294 1657 καὶ
328 1602 634 1673 πνεὺματος
668 1602 903 1673 γέμουσι
942 1602 1038 1657 καὶ
1089 1601 1355 1674 φρονήσει
1383 1600 1781 1672 διοικουμένοις

206 1696 558 1768 μακροτέρων
586 1694 727 1767 ὑπὲρ
748 1696 983 1751 ἑκάστου
1016 1695 1192 1764 λόγων
1218 1693 1457 1763 δεήσειν,
1476 1694 1591 1749 οὒτ’
1617 1697 1782 1761 αὐτὸς

202 1788 300 1850 τῖς
338 1790 527 1858 χρείας
559 1791 975 1860 περισσοτέροις
1001 1789 1289 1859 χρώμενος
1328 1791 1505 1861 Λόγοις
1530 1788 1655 1859 οὐχὶ
1685 1792 1782 1845 καὶ

207 1880 585 1948 προσενοχλεῖν
622 1881 689 1935 ἂν
719 1881 1077 1951 ὑπειλῆφθαι.

290 1970 430 2038 Ἐγὼ
472 1972 598 2042 γὰρ,
633 1966 679 2027 ῶ
707 1974 955 2045 Πατέρες
1007 1977 1320 2046 σεϐάσμιοι,
1368 1978 1591 2049 θεωρῶν
1632 1976 1782 2046 εὕρίο

206 2080 341 2128 σκω,
371 2065 654 2137 πόρρωθεν
681 2065 781 2137 τὴν
812 2069 1092 2137 ἡμετέραν
1138 2072 1427 2125 διάστασιν
1458 2070 1781 2140 ἀρξαμένην

203 2154 332 2224 ἆχρι
383 2156 538 2211 τοῦδε
596 2161 729 2229 παρ’
780 2160 910 2231 ὑμῖν
970 2162 1065 2215 καὶ
1126 2161 1359 2233 βλάϐους
1423 2160 1624 2217 πολλοῦ
1686 2161 1784 2215 καὶ

204 2248 472 2316 ὠφελείας
520 2252 616 2324 οὐχ
663 2254 889 2326 ἥττονος
928 2256 1114 2311 αἰτίαν
1165 2251 1357 2321 οὖσαν,
1393 2257 1488 2311 καὶ
1539 2254 1635 2310 τοῦ
1684 2256 1785 2326 μὲν

205 2344 365 2400 ἄλλου
394 2346 768 2416 μετασχόντας
794 2348 924 2411 τοὺς
956 2349 1065 2419 πρὸ
1094 2350 1277 2421 ήμῶν,
1308 2348 1409 2419 τῆς
1436 2349 1479 2403 δ’
1513 2347 1786 2416 ὠφελείας

206 2436 455 2507 πρώτους
485 2434 658 2508 ἡμᾶς,
690 2436 756 2492 ἂν
788 2439 951 2507 μόνον
980 2440 1324 2508 θελήσωμεν,
1349 2440 1782 2505 ἀπολαύσοντας.

220 2529 308 2580 Ἐν
341 2530 448 2600 γὰρ
473 2529 552 2600 τῷ
582 2530 840 2585 τοσοῦτον
886 2532 987 2603 ήδη
1019 2533 1215 2603 χρόνον
1243 2534 1496 2603 ἀλλήλοις
1526 2535 1788 2602 πολεμεῖν

208 2619 558 2687 ἀδιάλλακτα,
590 2624 874 2693 προσεῖναι
902 2624 959 2677 δὲ
990 2624 1274 2693 ἑκατέροις
1305 2624 1466 2688 δόξαν
1495 2625 1590 2679 ἐπὶ
1621 2626 1788 2696 σοφίᾳ.

208 2708 304 2763 καὶ
334 2708 395 2762 ea
421 2708 509 2763 διὰ
539 2710 761 2766 πάντων
782 2711 1023 2785 ἀξίωμα.
1048 2719 1144 2767 καὶ⁵
1168 2715 1257 2769 διὰ
1283 2714 1460 2770 ταῦτα
1490 2715 1787 2787 βούλεσθαι

209 2801 370 2872 νικᾷν
412 2802 477 2857 ἐκ
524 2803 869 2873 περιουσίας,
913 2803 1027 2858 οὐδ’
1087 2805 1350 2876 ἀριθμεῖν
1404 2806 1558 2861 ἔστιν
1613 2808 1790 2864 ὁπόσα

210 2896 335 2949 κατ’
366 2892 611 2967 ἀλλήλων
646 2901 1095 2969 συγγεγραφότες
1121 2901 1214 2954 ἐπὶ
1244 2901 1457 2972 καιρῶν
1482 2901 1582 2956 οὐκ
1611 2901 1791 2974 ὠκνή-

213 3006 389 3056 σαμεν
434 2988 701 3058 ἀλλήλους
750 2994 866 3056 τοῖς
915 2992 1244 3063 ἀνηκέστοις
1306 2994 1648 3063 περιϐαλεῖν.
1696 2996 1792 3048 καὶ

214 3079 383 3147 δεῖξαι
409 3081 628 3135 πάντων
667 3083 975 3154 ἀνθρώπων
1005 3085 1179 3158 χείρω
1206 3086 1571 3157 νοσήσαντας.
1601 3086 1792 3144 Ταῦτα

1880 592 2313 647 simulemedio
2368 591 2631 647 sublatis.
2687 591 2836 648 Satis
2891 608 3020 648 vero
3078 594 3209 647 mihi

1879 698 2071 738 eorum
2095 682 2441 739 describendi
2498 691 2753 738 naturain
2809 683 3038 750 dixisse,
3095 686 3359 754 expositis
3396 687 3469 738 iis

1882 793 2005 845 quae
2034 784 2227 832 contra
2256 791 2343 833 res
2376 775 2512 832 tanti
2539 776 2803 831 momenti
2837 776 3023 830 dicere
3057 778 3204 845 potui
3262 776 3466 830 relictis

1881 867 2153 935 plurimis,
2190 876 2249 922 ut
2274 883 2338 924 ea
2370 868 2576 932 dicant,
2603 869 2695 939 qui
2730 867 2943 938 singula
2979 868 3174 922 volunt
3233 883 3464 936 perpen-

1882 958 2034 1015 dere.
2069 960 2345 1030 Atlipsum
2380 976 2506 1016 vero
2528 961 2638 1029 jam
2669 976 2983 1016 sermonum
3017 974 3266 1015 meorum
3299 971 3466 1027 caput

1882 1048 2163 1113 accedam,
2191 1048 2580 1107 declaraturus
2612 1051 2792 1115 vobis,
2833 1050 2925 1106 Dei
2967 1050 3188 1105 favente
3238 1050 3465 1113 auxilio,

1884 1155 1983 1211 per
2011 1156 2134 1211 qua!
2160 1157 2262 1211 pax
2296 1147 2409 1198 lucc
2427 1143 2622 1199 conllci
2651 1148 2850 1213 possit,
2887 1143 2953 1198 ad
2983 1142 3302 1197 memoriam
3344 1156 3467 1206 vos,

1886 1242 1946 1288 ιιι
1976 1234 2049 1290 ita
2078 1234 2282 1296 dicam.
2311 1248 2604 1300 revocans,
2624 1246 2788 1303 atque
2815 1248 2880 1288 ea
2928 1242 3138 1289 tantum
3167 1231 3464 1303 attingens.

1885 1324 2215 1380 Solvendum
2242 1325 2388 1379 enim
2430 1326 2535 1381 hoc
2564 1334 2732 1381 restat
2754 1325 3112 1395 promissum,
3131 1323 3276 1394 quod
3302 1324 3464 1377 etiam

1884 1420 2010 1491 plus
2042 1420 2202 1475 habet
2230 1419 2508 1487 ponderis.
2534 1418 2671 1475 Cum
2707 1431 2874 1489 porro
2917 1418 3050 1472 mihi
3105 1417 3179 1473 sit
3197 1416 3467 1486 agendum

1884 1526 2008 1567 cum
2045 1511 2179 1565 viris
2206 1511 2405 1575 doctis,
2469 1520 2526 1567 et
2578 1510 2774 1579 spiritu
2838 1510 3035 1581 plenis,
3094 1523 3291 1577 resque
3338 1522 3470 1562 suas

1885 1618 2011 1659 cum
2047 1604 2337 1674 prudentia
2366 1603 2799 1666 moderantibus,
2836 1619 2943 1659 non
2981 1611 3143 1660 erunt
3190 1616 3347 1670 opus.
3381 1615 3471 1653 ar—

1886 1695 2083 1756 bitror.
2117 1694 2171 1749 in
2198 1694 2431 1766 singulis
2452 1694 2595 1767 longi
2621 1710 2925 1760 sermones,
2958 1704 3013 1750 et
3069 1695 3187 1762 ipse
3246 1692 3290 1749 si
3345 1691 3469 1761 plu-

1885 1789 2039 1844 riltus
2069 1804 2235 1853 quam
2268 1804 2359 1844 res
2387 1788 2644 1859 postulet,
2674 1788 2859 1844 verbis
2892 1802 3027 1844 usus
3060 1786 3236 1851 fuero,
3271 1786 3473 1841 merito

1885 1878 2053 1934 etiam
2080 1877 2349 1936 molestus
2375 1894 2498 1935 esse
2527 1879 2909 1935 existimabor.

3276 596 3465 649 videor

1957 1970 2072 2042 Ego
2110 1974 2283 2037 enim,
2322 1973 2617 2029 venerandi
2683 1973 2893 2035 Patres,
2955 1986 3165 2028 mecum
3224 1970 3472 2041 regitaus

1888 2064 2127 2132 reperio,
2162 2063 2590 2134 disiunctionem
2616 2075 2861 2121 nostram
2892 2066 3004 2133 iam
3033 2065 3164 2119 olim
3221 2072 3470 2119 exortam

1888 2157 1957 2212 ad
1990 2156 2106 2213 haec
2127 2173 2303 2227 usque
2337 2166 2525 2215 nostra
2560 2167 2806 2227 tempora
2833 2167 2889 2214 et
2921 2157 3105 2214 damni
3139 2170 3247 2210 non
3284 2154 3472 2223 exigui

1886 2258 1938 2304 et
1970 2264 2080 2304 nou
2108 2238 2339 2305 mineris
2368 2249 2625 2304 utilitatis
2647 2265 2869 2305 causam
2895 2264 3018 2305 esse
3051 2266 3064 2302 :
3101 2257 3156 2303 et
3217 2248 3309 2301 illo
3341 2247 3465 2317 qui-

1888 2339 2010 2395 dem
2047 2339 2277 2397 aﬂ‘ectos
2314 2355 2441 2407 esse
2489 2339 2727 2409 majores
2763 2350 3000 2404 nostros,
3050 2339 3283 2394 utilitate
3341 2350 3472 2391 vero

1888 2448 1994 2489 nos
2017 2433 2240 2504 primos,
2267 2433 2311 2491 si
2346 2434 2507 2490 modo
2537 2433 2800 2500 velimus,
2866 2431 3252 2501 perfruituros.
3314 2428 3471 2497 Quod

1888 2528 2035 2583 enim
2068 2537 2218 2584 tanto
2255 2528 2367 2599 iam
2399 2537 2645 2598 tempore
2699 2527 2839 2583 bella
2900 2528 3041 2582 inter
3091 2541 3195 2581 nos
3255 2525 3470 2580 seclusa

1893 2622 2289 2679 conciliatione
2310 2619 2674 2689 gesserimus,
2716 2629 2770 2675 et
2791 2635 2919 2691 pars
2941 2627 3174 2689 utraque
3206 2616 3473 2673 doctrinae

1892 2712 2452 2784 opiuionemhabeat,
2488 2712 2749 2783 omnique
2809 2709 3075 2781 dignitate
3131 2706 3471 2779 prtel‘ulgeat,

1891 2812 1948 2859 et
1995 2804 2126 2861 velit
2178 2814 2468 2877 propterea
2524 2804 2775 2876 pluribus
2822 2803 3127 2859 rationibus
3181 2798 3467 2855 victoriam

1894 2899 2000 2955 sibi
2038 2913 2319 2969 arr0gare,
2349 2898 2629 2957 numerari
2695 2913 2804 2953 non
2852 2905 3079 2968 possunt
3134 2906 3478 2964 quaecunque

1896 3007 1994 3063 per
2015 2991 2233 3064 singula
2253 3000 2499 3062 tempora
2522 2992 2745 3061 utrique
2775 2987 3293 3059 conscripserimus,
3315 2982 3476 3039 alteri

1897 3084 2099 3142 alteros
2148 3084 2311 3141 malis
2365 3084 2708 3154 gravissimis
2761 3096 2997 3137 onerare
3022 3095 3129 3135 non
3164 3078 3478 3134 dubitantes

215 3176 267 3230 δὶ
296 3174 475 3231 πάντα
513 3176 872 3246 συκοφαντίαι
912 3180 1057 3243 τινές
1106 3178 1246 3234 είσιν
1291 3181 1357 3234 ἐκ
1385 3180 1486 3251 τῆς
1519 3182 1651 3253 περὶ
1687 3182 1788 3252 τὴν

1905 3185 1952 3234 et
1970 3179 2263 3234 ostendere
2298 3175 2444 3233 inter
2472 3190 2665 3233 omnes
2695 3174 2945 3237 homines
2976 3171 3171 3227 morbo
3236 3167 3483 3242 pessimo

217 3267 399 3338 μάχην
427 3267 697 3337 ἀνάγκης,
723 3266 821 3321 καὶ
844 3267 1024 3335 λόγων
1062 3266 1387 3338 ὑπερϐολαὶ,
1415 3267 1671 3341 καθάπερ
1701 3270 1798 3324 ἐπὶ

218 3360 398 3430 πάσης
430 3360 750 3429 συμϐαίνειν
776 3358 966 3414 εἴωθεν
993 3359 1168 3430 ἔριδος
1193 3378 1207 3395 ·
1241 3360 1334 3431 ὑφ’
1361 3354 1437 3415 ῶν
1461 3361 1638 3434 δήπου
1668 3362 1799 3427 τοὺς

220 3453 625 3523 ἁπλουστέρους
676 3454 1116 3518 ἀναπεισθέντας
1177 3454 1342 3526 μέχρι
1389 3456 1484 3510 καὶ
1534 3455 1644 3510 τῶν
1694 3456 1801 3521 ἔξω

223 3543 427 3597 τούτων
463 3543 558 3599 καὶ
610 3544 957 3614 φαινομένων
1005 3543 1246 3598 ἐκτεῖναι
1291 3545 1393 3615 τὴν
1449 3543 1675 3615 ἔχθραν,
1703 3543 1808 3614 ἔθη

224 3636 343 3690 τινὰ
370 3635 463 3691 καὶ
486 3636 555 3689 τὰ
589 3636 719 3706 περὶ
750 3636 849 3707 τὴν
879 3635 1181 3709 θρησκείαν
1215 3636 1409 3708 ἔχοντα
1437 3638 1802 3708 διασύροντάς

226 3745 278 3781 τε
315 3728 409 3783 καὶ
457 3728 771 3799 μισοῦντας,
800 3725 883 3791 οἷς
927 3729 1311 3796 ἀνεξετάστως
1351 3731 1621 3802 πρότερον
1651 3730 1802 3801 ἔχαι-

224 3839 339 3890 ρον.
365 3821 439 3874 Τδ
464 3820 506 3874 δ’
539 3819 674 3875 αὐτὸ
700 3818 859 3874 τοῦτο
889 3824 981 3874 καὶ
1010 3822 1147 3893 πρὸς
1169 3821 1268 3891 τὴν
1299 3822 1584 3894 παροῦσαν
1610 3823 1805 3895 χρείαν

225 3910 669 3964 λυσιτελέστατον
717 3909 906 3979 ἔτυχεν
965 3908 1046 3971 ὃν.
1083 3909 1177 3963 καὶ
1239 3909 1375 3979 πρὸς
1430 3908 1529 3980 τήν
1582 3909 1808 3980 εἰρήνην

227 4002 375 4069 μέγα
420 4001 693 4072 βοήθημα.
750 3998 937 4055 Πάσαν
994 4001 1104 4072 γὰρ
1164 4001 1392 4073 Γραφὴν
1452 4002 1810 4072 διερευνησά-

228 4112 406 4164 μενοι,
448 4094 543 4148 καὶ
573 4096 664 4149 τὸν
692 4093 821 4148 νοῦν
847 4094 1200 4156 ἐπιϐαλόντες
1234 4097 1299 4165 τῇ
1358 4094 1573 4166 σκέψει,
1610 4095 1681 4147 τὰ
1714 4094 1809 4148 δυ-

229 4187 436 4257 νάμενα
486 4191 550 4258 τῇ
601 4189 754 4256 σφῶν
801 4187 929 4258 δόξῃ
978 4189 1325 4257 συνηγορεῖν,
1353 4188 1457 4243 ὅσα
1499 4205 1561 4242 τε
1595 4188 1676 4252 είς
1719 4187 1813 4241 λοο

229 4284 465 4353 γισμοὺς
517 4282 667 4353 ἥκει,
702 4282 800 4337 καὶ
832 4283 931 4336 ὅσα
970 4283 1110 4353 πρὸς
1155 4281 1253 4352 τὴν
1297 4283 1363 4338 ὲκ
1410 4286 1522 4339 τῶν
1574 4284 1814 4356 Γραφῶν

230 4375 549 4447 συμμαχίαν
580 4375 823 4446 ἐξεῦρον,
861 4377 936 4439 ὡς
966 4377 1219 4446 μηδόλως
1263 4376 1665 4433 ὑπολείπεσθαι
1697 4379 1812 4442 τοῖς

233 4467 375 4537 μετά
403 4466 575 4521 ταῦτα
607 4468 1038 4539 προσεπινοῆσαί
1064 4485 1116 4521 τι
1148 4469 1244 4521 καὶ
1291 4469 1719 4542 προσεξευρεῖν’
1755 4469 1816 4537 ἐξ

232 4550 311 4612 ὧν
339 4558 495 4625 ὑμεῖς
528 4558 843 4631 δυνηθείητ⁹
867 4556 934 4611 ἂν
959 4559 1062 4612 σὺν
1092 4559 1338 4613 ἐλάττονι
1370 4561 1520 4631 πόνῳ
1559 4560 1817 4629 γενέσθαι

235 4654 333 4720 τῆς
362 4651 619 4721 ἀληθείας
647 4650 897 4721 εὔστοχοι
922 4651 1213 4716 δικασταί·
1241 4651 1363 4706 οὐδὲ
1385 4653 1573 4723 δεήσει
1600 4650 1820 4724 βίϐλους

237 4743 658 4812 ἀιαλεγομένοις
701 4740 960 4798 κάκεῖθεν
1007 4742 1075 4798 τὰ
1128 4742 1421 4814 πρόσφορα
1464 4743 1824 4814 προσλαμϐά-

239 4836 505 4905 νουσιν,ἢ
550 4834 680 4907 παρ’
730 4835 938 4890 ἑαυτῶν
972 4835 1141 4905 σοφόν
1184 4852 1238 4890 τι
1288 4836 1676 4906 ποριζομένοις
1724 4836 1823 4891 καὶ

244 4928 349 4990 τοῖς
409 4926 819 4998 γεγραμμένοις
889 4925 1195 4996 ἑπόμενον,
1252 4926 1352 4992 τάς
1422 4926 1587 4993 δόξας
1652 4926 1826 4999 ἄμφω

245 5018 539 5089 γυμνάζειν
562 5035 580 5052 ο
613 5018 733 5074 ἀλλ’
760 5019 925 5092 ἀρκεῖ
950 5022 1064 5085 τοῖς
1094 5018 1201 5076 ὕπὸ
1225 5022 1339 5077 τῶν
1372 5023 1557 5079 ἀλλων
1600 5022 1829 5095 ἐξευρη-

242 5114 428 5182 μένοις
453 5111 794 5183 χρωμένους,
828 5113 924 5167 καὶ
954 5111 1113 5167 ταῦθ⁹
1146 5112 1356 5168 ἕκαστα
1386 5115 1822 5183 σκοπουμένους,

240 5204 343 5274 τὴν
376 5204 551 5275 ἀληθῆ
605 5203 703 5258 καὶ
741 5203 959 5257 δικαίαν
1001 5204 1185 5275 ψῆφον
1234 5205 1516 5278 ἐκφέρειν.
1554 5203 1727 5277 Οἶμαι
1769 5204 1860 5260 δὲ’

248 5299 347 5353 καλ⁸
382 5297 516 5350 Θεὸν
563 5296 729 5351 αὐτὸν
786 5297 1068 5352 συνειδότα
1110 5298 1348 5370 δυσχερῆ
1402 5299 1502 5365 τὴν
1557 5300 1689 5371 περὶ
1719 5302 1829 5355 τῶν

246 5386 623 5458 προκειμένων
676 5385 861 5456 κρίσιν
915 5386 1268 5457 ὑπάρξουσαν
1321 5388 1436 5452 τοῖς
1473 5404 1535 5442 τε
1588 5388 1831 5458 πρώτοις

245 5475 409 5540 εὐθὺς
451 5477 780 5548 ἀρξαμένοις
829 5478 963 5549 περ)⁸
1018 5477 1230 5536 τοῦτων
1288 5479 1681 5551 ἀμφισϐητεῖν,
1735 5482 1831 5535 καὶ

249 5568 432 5638 πολλῷ
468 5569 673 5641 μᾶλλον
697 5571 812 5634 τοῖς
839 5569 1223 5641 ὲκδεξαμένοις
1250 5570 1350 5643 τήν
1381 5572 1827 5644 ἀμφισϐήτησιν,

250 5653 327 5715 ῶν
352 5660 401 5714 οι
430 5661 529 5730 μὲν
561 5661 667 5714 ὑπὸ
716 5661 827 5715 τῶν
865 5661 1272 5731 ἀντικειμένων
1302 5661 1521 5731 φωνῶν,
1558 5663 1606 5717 oi
1634 5662 1683 5715 δ’
1723 5663 1832 5716 ὑπὸ

253 5752 361 5806 τῶν
390 5753 615 5817 ταὺταις
649 5754 1093 5824 συνηγορούντων
1118 5754 1296 5824 λόγων
1318 5753 1702 5823 ἐθορυϐοῦντο,
1738 5754 1831 5820 οὓς

263 5846 479 5915 πλείους
521 5847 611 5904 ἀεὶ
652 5848 747 5902 καὶ
801 5846 1192 5919 σφοδροτέρους
1244 5845 1593 5918 ἀνεύρισκον,
1631 5848 1828 5922 μέχρις

1898 3282 2214 3341 oppressos.
2251 3269 2377 3327 Haec
2420 3284 2586 3341 porro
2638 3268 2826 3324 omnia
2874 3265 3169 3323 calumniae
3229 3263 3482 3334 quaedam

1902 3374 2055 3430 sunt,
2078 3379 2219 3435 quas
2241 3378 2434 3434 pugnae
2463 3362 2764 3418 necessitas
2791 3359 3023 3430 peperit,
3082 3367 3139 3414 et
3181 3356 3479 3412 verbonun

1901 3468 2184 3519 excessus,
2217 3462 2276 3509 ιιι
2303 3452 2506 3509 assolet
2539 3453 2596 3507 in
2652 3452 2803 3505 omni
2855 3448 3230 3510 contentione,
3285 3445 3486 3516 quibus

1904 3545 2150 3615 profecto
2175 3543 2541 3613 simpliciores
2582 3539 2853 3609 persuasi,
2879 3535 3195 3591 inimicitias
3224 3530 3483 3601 usquead

1903 3634 2180 3690 exteriora
2238 3633 2356 3688 haec
2381 3640 2437 3686 et
2493 3628 2812 3700 apparentia
2871 3632 3282 3696 protraxerunt,
3340 3621 3484 3675 ritus

1905 3727 2170 3800 quosdam
2192 3732 2246 3781 ct
2273 3723 2657 3785 caeremonias,
2685 3734 2808 3792 qua:
2837 3718 2948 3775 illis
2981 3728 3136 3772 antea
3199 3714 3318 3770 siue
3370 3712 3487 3769 ulla

1907 3816 2298 3889 disquisitione
2328 3814 2485 3870 valde
2514 3811 2819 3883 placebant,
2847 3807 3289 3880 proscindentes,
3318 3803 3482 3858 odio~

1909 3926 2017 3981 que
2048 3908 2336 3964 habentes.
2367 3903 2571 3961 Verum
2596 3905 2702 3959 Itoc
2730 3904 2874 3958 idem
2899 3909 2954 3956 et
2982 3899 3081 3965 rei,
3131 3913 3253 3968 qu'e
3281 3896 3483 3966 agitur.

1913 3996 2180 4053 conducit
2212 3994 2469 4060 maxime,
2501 4002 2557 4048 et
2588 3990 2656 4047 ad
2685 3989 3082 4046 conﬁciendam
3138 4002 3329 4057 pacem
3373 4001 3492 4039 nta-

1909 4105 2018 4162 gno
2051 4096 2137 4144 est
2163 4087 2477 4156 adjutnento
2513 4102 2527 4139 :
2560 4093 2733 4139 totam
2780 4081 2928 4137 enim
2982 4078 3321 4149 Scriptttram
3369 4090 3494 4146 per-

1914 4178 2172 4243 scrutati,
2200 4177 2493 4248 studioque
2537 4176 2605 4232 ad
2665 4173 3170 4231 considerationem
3221 4170 3495 4234 adhibito,

1913 4289 2037 4343 quae
2057 4287 2170 4327 sua:
2200 4278 2433 4342 possent
2459 4268 2647 4324 favere
2682 4268 2992 4333 sententiae,
3035 4265 3151 4320 sive
3198 4262 3498 4317 ratiocina-

1917 4364 2181 4431 tionibus,
2210 4363 2324 4418 sive
2348 4360 2486 4416 locis
2510 4359 2566 4415 in
2597 4374 2712 4415 rem
2745 4358 2965 4429 utrique
2992 4370 3194 4411 suame
3215 4353 3496 4425 Scriptura

1920 4455 2263 4527 depromptis
2312 4453 2737 4516 adinveuerunt,
2766 4459 2825 4505 ιιι
2844 4449 2981 4504 nihil
3005 4446 3230 4503 omnino
3259 4446 3499 4516 supersit

1923 4549 2159 4619 posteris
2195 4547 2262 4604 ad
2300 4544 2745 4618 excogitandum,
2788 4558 2885 4611 per
2917 4557 3038 4612 qum
3095 4556 3192 4597 vos
3246 4538 3498 4606 poteritis

1925 4640 2127 4697 minori
2154 4655 2277 4697 cum
2330 4638 2523 4694 labore
2576 4650 2732 4692 acres
2788 4634 2904 4691 ﬁeri
2951 4634 3166 4704 iudices
3210 4632 3507 4688 veritatis:
3595 4707 3599 4710 ν

1924 4749 2028 4790 nec
2051 4748 2192 4804 opus
2214 4729 2317 4788 erit
2342 4731 2512 4786 libros
2557 4728 2827 4794 evolvere,
2879 4738 3046 4799 atque
3109 4725 3236 4782 inde
3287 4741 3509 4783 sumere

1927 4840 2051 4897 quae
2089 4824 2156 4879 ad
2182 4838 2298 4879 rem
2339 4822 2568 4887 faciunt,
2599 4830 2693 4875 aut
2726 4835 2821 4891 per
2846 4834 2941 4876 vos
3002 4819 3225 4875 doctum
3286 4814 3513 4887 aliquod

1928 4926 1984 4974 et
2014 4932 2139 4973 cum
2171 4915 2395 4986 scriptis
2424 4927 2738 4985 congruens
2785 4923 3166 4984 argumentum
3221 4909 3512 4966 commini-

1929 5007 2008 5066 sci
2058 5008 2125 5063 ad
2170 5004 2597 5063 examinandam
2659 5012 2950 5076 utramque
3007 5002 3345 5074 Opinionem,
3412 5000 3512 5057 sed

1927 5099 2065 5155 satis
2095 5096 2198 5152 erit
2224 5097 2489 5153 adhibere
2513 5109 2635 5166 quae
2682 5102 2813 5149 sunt
2856 5095 2925 5173 ab
2977 5093 3100 5147 aliis
3157 5091 3402 5154 inventa,
3455 5097 3514 5143 et

1932 5190 2149 5262 singula
2183 5189 2487 5258 ponderare
2519 5187 2587 5243 ad
2619 5202 2804 5242 veram
2855 5186 3171 5255 iustamque
3232 5180 3513 5235 ferendam

1932 5284 2288 5342 sententiam.
2323 5282 2464 5338 Puto
2499 5292 2680 5337 autem
2714 5290 2766 5335 et
2806 5279 2974 5335 Deum
3007 5280 3208 5349 ipsum,
3257 5274 3403 5346 quod
3436 5274 3520 5328 vi~

1930 5375 2367 5446 deretjudicium
2397 5376 2464 5428 de
2491 5388 2548 5428 rc
2599 5373 2877 5443 proposita
2935 5370 3051 5426 fore
3105 5367 3345 5431 dillicile,
3397 5376 3512 5420 tum

1934 5473 2001 5528 iis
2034 5470 2128 5542 qui
2198 5469 2361 5540 primi
2412 5467 2666 5523 dubitare
2726 5474 3034 5535 cmperuut,
3093 5471 3291 5516 tumet
3350 5460 3527 5515 multo

1934 5564 2109 5635 magis
2140 5564 2210 5619 iis
2233 5560 2327 5634 qui
2365 5558 2647 5616 subsecuti
2678 5568 2827 5626 sunt,
2859 5572 3093 5627 quorum
3154 5556 3367 5627 aliquos
3409 5564 3529 5608 tur-

1932 5657 2136 5712 babaut
2174 5667 2335 5709 voces
2369 5649 2657 5720 appositae,
2694 5648 2906 5719 aliquos
2934 5665 3063 5704 vero
3106 5648 3368 5711 rationes,
3400 5646 3526 5717 quia

1933 5754 2036 5809 bus
2072 5751 2173 5805 ille
2207 5748 2531 5820 probantur,
2567 5758 2621 5803 ct
2648 5762 2786 5817 quas
2825 5744 2901 5799 illi
2954 5759 3166 5814 semper
3218 5742 3399 5812 plures
3471 5753 3527 5797 et

1937 5839 2801 5910 fortiorcsinveniebaut,pacem
2860 5852 3033 5909 usque
3089 5834 3281 5894 advos
3337 5849 3528 5906 proro-
