4038 6434
569 391 677 459 879

1664 402 2057 466 GENNADII
2097 396 2210 466 CPL
2262 406 2488 469 PATRI
2513 411 2778 474 \RCHB

3698 419 3795 486 480

572 515 753 570 gasse,
792 515 1028 571 quorum
1064 507 1336 576 praecipue
1360 507 1450 562 illa
1480 523 1619 579 opus
1649 513 1945 567 exstiterit.
1967 511 2146 582 Neque

2258 516 2413 582 ὑμῶν
2469 519 2571 588 τὴν
2617 523 2843 593 εἰρήνην
2895 523 3298 588 ἀναϐαλέσθαι,
3353 520 3428 582 ὧν
3483 529 3684 600 μάλιστ’
3735 537 3794 590 ἀν

572 593 718 647 enim
753 604 966 652 vestras
997 597 1065 652 de
1097 613 1229 668 pace
1285 602 1643 670 cogitationes
1698 605 1853 660 tollet
1903 605 2149 662 certandi

570 684 838 748 studium,
871 703 1050 758 neque
1089 705 1359 758 apparens
1393 691 1761 763 discrepantia
1799 711 1895 749 vos
1963 696 2149 749 turba-

570 773 671 836 bit.
707 783 763 828 ut
789 791 981 830 earum
1043 794 1164 848 qua:
1193 781 1454 850 utrinque
1507 795 1636 838 sunt
1666 786 1981 856 suspicione
2013 785 2150 841 (1ῐηί-

574 867 841 920 eultatum
877 878 931 924 et
964 871 1357 938 periculorum,
1393 877 1745 931 temerarium
1770 894 1894 934 esse
1946 879 2013 933 de
2065 880 2151 936 his

571 957 776 1026 aliquid
812 963 1164 1028 pronuntiare
1193 965 1540 1024 existimetis.
1567 968 1749 1033 Quare
1778 985 1843 1023 ex
1886 971 1987 1026 hoc
2015 980 2150 1025 tem-

572 1050 726 1119 poris
766 1051 1029 1108 beneﬂcio
1057 1053 1116 1107 ﬁt
1144 1056 1316 1122 vobis,
1345 1067 1403 1112 ut
1431 1061 1731 1130 perfectum
1779 1061 2149 1131 judicantium

576 1142 873 1200 obtineatis
895 1155 1120 1209 statum.
1157 1163 1282 1202 cum
1321 1152 1540 1207 labores
1561 1154 1652 1208 alii
1687 1155 1937 1212 studiose
1959 1173 2148 1214 susce-

571 1234 774 1302 perint,
809 1245 862 1289 et
895 1248 1128 1293 vestram
1160 1243 1354 1308 solam,
1393 1252 1452 1298 ut
1491 1246 1566 1300 ita
1599 1245 1800 1311 dicam,
1832 1242 2151 1319 exspectent

573 1325 926 1392 sententiam,
953 1344 1112 1397 quam
1149 1331 1291 1386 ferre
1324 1334 1479 1389 vobis
1502 1349 1610 1390 non
1669 1337 1773 1391 erit
1806 1339 1962 1406 valde
1999 1340 2148 1394 labo-

571 1415 805 1470 riosum.
832 1417 1063 1488 Oportet
1109 1423 1280 1490 igitur
1335 1440 1432 1482 vos
1489 1427 1710 1497 quidem
1777 1431 2063 1488 continere
2119 1449 2148 1487 a

571 1508 788 1576 probris
817 1521 872 1566 et
899 1516 1266 1582 contumeliis,
1297 1526 1352 1572 et
1380 1521 1721 1588 argumentis
1777 1523 1844 1577 ad
1908 1510 2164 1581 absurda

569 1601 986 1665 deducentibus,
1020 1615 1074 1660 et
1130 1608 1342 1663 steteris
1389 1611 1666 1678 omnibus,
1718 1628 1840 1683 qua:
1891 1615 2148 1672 diuturna

570 1694 695 1748 tulit
719 1695 1014 1762 discordia,
1049 1700 1255 1769 primos
1283 1713 1465 1757 autem
1502 1720 1688 1760 eorum
1717 1706 2034 1763 inventuros
2061 1725 2150 1764 ar-

571 1803 757 1857 guere,
792 1789 903 1844 imo
935 1806 1064 1847 vero
1100 1793 1333 1864 benigne
1364 1797 1474 1850 illis
1516 1799 1727 1852 veniam
1758 1801 1916 1865 dare,
1943 1811 1993 1855 et
2029 1801 2148 1856 solo

573 1884 836 1951 temporis
864 1884 938 1938 uti
976 1885 1260 1952 beneficio,
1291 1897 1346 1943 et
1372 1899 1596 1959 propter
1656 1891 1758 1946 hoc
1823 1909 1988 1947 unum
2044 1893 2149 1948 illis

571 1974 887 2030 hominibus
926 1992 1088 2047 agere
1121 1982 1349 2048 gratias,
1375 1981 1691 2050 quicunque
1715 1983 1856 2053 apud
1891 1998 2149 2052 utrosque

569 2064 810 2122 laborem
837 2069 982 2123 hunc
1011 2069 1322 2137 subierunt,
1350 2089 1448 2128 nec
1476 2075 1598 2144 plus
1629 2075 1740 2130 illis
1790 2076 2032 2133 tribuere
2052 2093 2150 2133 au-

566 2160 864 2227 ctoritatis,
895 2175 1057 2232 quam
1089 2165 1347 2234 congruit
1370 2165 1712 2236 litigantibus
1743 2186 1759 2223 :
1795 2185 1972 2238 neque
1997 2170 2145 2226 enim

571 2253 815 2308 veritatis
846 2255 1037 2311 arbitri
1071 2266 1126 2312 ct
1149 2257 1362 2327 iudices
1404 2259 1559 2314 fuere
1584 2260 1661 2314 illi
1713 2260 1996 2317 hominum
2051 2278 2148 2330 ge—

572 2345 708 2408 neri,
741 2347 951 2403 utestis
977 2365 1096 2416 vos,
1133 2359 1357 2421 propter
1383 2354 1528 2422 quod
1557 2354 1628 2409 sit
1655 2354 1765 2410 illis
1825 2356 2149 2413 tribuendus

569 2436 749 2491 honor
771 2439 1064 2504 maximus,
1094 2449 1149 2496 et
1177 2455 1292 2498 rata
1327 2445 1574 2500 habenda
1609 2461 1732 2516 qua:
1781 2448 1970 2503 dicunt
2001 2467 2016 2505 :
2051 2450 2146 2504 sed

565 2543 722 2582 suam
757 2530 988 2600 quisque
1011 2541 1215 2602 partem
1248 2543 1456 2590 tutatus
1515 2547 1622 2602 est,
1681 2547 1735 2593 et
1778 2554 1876 2608 pro
1937 2540 2146 2596 viribus

564 2620 714 2675 illam
752 2621 1011 2690 defendit,
1051 2641 1214 2694 quant
1256 2626 1396 2682 bene
1441 2643 1571 2683 vero
1618 2629 1841 2694 dixerit,
1893 2632 2150 2700 judican-

565 2713 696 2768 dum
733 2714 1072 2785 reliquerunt
1099 2719 1429 2774 sententiam
1459 2719 1526 2776 de
1552 2721 1718 2777 rebus
1751 2723 1901 2778 hisce
1927 2723 2143 2781 laturis.

564 2806 634 2860 Et
668 2821 766 2875 pro
798 2808 864 2862 iis
889 2809 1132 2879 quidem,
1165 2827 1288 2882 qua:
1320 2814 1456 2868 bene
1486 2822 1616 2868 sunt
1651 2815 1719 2869 ab
1746 2815 1854 2870 illis
1885 2817 2049 2881 dicta,
2092 2829 2148 2875 et

563 2911 684 2965 quae
711 2897 868 2954 vobis
905 2902 1338 2956 commodiorem
1371 2904 1514 2958 viam
1538 2903 1739 2960 facient
1768 2906 1835 2960 ad
1873 2911 2148 2976 repet-ien-

561 2989 687 3042 dam
712 2989 1018 3057 veritatem,
1048 3000 1104 3046 ct
1138 2992 1401 3049 habendae
1455 2995 1562 3050 illis
1629 2999 1839 3066 gratim,
1887 3008 1942 3054 et
2003 3000 2144 3056 dicta

563 3077 655 3130 illa
687 3079 1022 3135 conﬁdenter
1045 3084 1360 3153 usurpanda
1395 3103 1409 3140 :
1437 3102 1558 3155 qua:
1589 3103 1718 3142 vero
1757 3090 1963 3155 prolata
2015 3101 2145 3146 sunt

2255 607 2420 676 ἔργον
2451 609 2590 680 αὕτη
2632 612 2864 680 γένοιτο.
2900 614 3038 669 Οὔτε
3081 616 3190 686 γὰρ
3236 619 3269 690 ἡ
3309 615 3425 673 ’τῶν
3470 621 3684 684 ἀγώνων
3721 641 3797 693 φι-

2251 697 2472 769 λοτιμία
2511 704 2638 766 τοὺς
2666 707 2976 777 εἰρηνικοὺς
3003 709 3156 778 ύμῶν
3186 709 3482 781 λογισμούς
3520 713 3794 781 ἀφελεῖται,

2250 790 2365 844 οὔθ’
2414 793 2522 847 ὑπὸ
2562 795 2661 866 τῆς
2708 800 3047 871 φαινομένης
3093 801 3362 872 διαφορᾶς
3410 806 3795 876 ταραττόμενοι,

2253 885 2348 938 καὶ
2393 885 2491 948 τὰς
2531 888 2872 960 ἑκατέρωθεν
2917 895 3317 963 ὑποπτεύοντες
3366 899 3676 971 δυσχερείας
3718 905 3799 956 καὶ

2249 979 2377 1042 τοὺς
2431 982 2736 1049 κινδύνους,
2767 989 3043 1054 προπετές
3082 1008 3136 1044 τι
3175 993 3306 1062 περὶ
3352 991 3552 1046 τούτων
3590 994 3801 1061 ἀποφαί-

2251 1071 2442 1124 νεσθαι
2478 1079 2742 1144 νομιεῖτε.
2771 1079 2920 1132 Ὠστ’
2954 1080 3018 1134 ἔκ
3048 1099 3112 1150 γε
3140 1084 3248 1137 τῶν
3290 1085 3555 1140 τοιούτων
3587 1087 3687 1140 ἀπὸ
3716 1085 3799 1140 τοῦ

2249 1163 2443 1233 χρόνου
2500 1165 2865 1239 βοηθημάτων
2921 1172 2981 1226 τό
3016 1191 3074 1225 τε
3130 1175 3238 1228 τῶν
3273 1176 3600 1242 δικαζόντων
3626 1180 3801 1247 ἀκραι-

2251 1254 2400 1324 φνῶς
2440 1255 2571 1326 ύμῖν
2611 1261 2956 1329 περιγίνεται
3004 1264 3214 1336 σχῆμα,
3245 1265 3423 1321 ἀλλων
3467 1271 3576 1332 τοῖς
3615 1269 3802 1337 ἀγῶσιν

2250 1347 2879 1423 ἰμφιλοτιμησαμένων,
2946 1357 3043 1410 καὶ
3094 1358 3284 1428 μόνην,
3329 1361 3424 1424 ’ὡς
3474 1363 3663 1426 εἰπεῖν,
3717 1361 3802 1432 τὴν

2251 1441 2523 1512 ὑμετέραν
2545 1443 2727 1514 ψῆφον
2769 1447 3177 1516 ἀναμενόντων,
3213 1453 3308 1505 καὶ
3350 1451 3411 1506 τὸ
3437 1454 3657 1523 γνώμην
3688 1454 3803 1506 ἀποο

2251 1535 2539 1603 φαίνεσθαι
2573 1538 2738 1593 πόνον
2773 1539 2904 1607 ύμῖν
2932 1541 2992 1595 ού
3037 1542 3215 1612 μέγαν
3245 1543 3499 1614 παρέξει.
3533 1548 3621 1598 Δεῖ
3646 1546 3803 1598 τοίνυν

2251 1627 2463 1698 ὕϐρεων
2518 1629 2612 1683 καὶ
2665 1629 2949 1702 λοιδοριῶν
3001 1635 3096 1686 καὶ
3151 1636 3262 1688 τῶν
3321 1637 3405 1700 εἰς
3461 1635 3633 1691 ἄτοπα
3682 1639 3804 1691 ἀπα-

2250 1720 2468 1789 γωγῶν,
2501 1722 2594 1776 καὶ
2639 1715 2714 1777 ὧν
2762 1725 2795 1794 ἡ
2844 1725 3038 1795 μακρά
3080 1725 3366 1792 διάστασις
3396 1729 3660 1800 πεποίηκε
3688 1730 3806 1782 πάν-

2250 1827 2380 1872 των.
2416 1813 2613 1877 αύτούς
2642 1832 2734 1878 ,τε
2803 1816 3240 1888 ἀποσχομένους,
3287 1821 3385 1874 καὶ
3446 1825 3559 1886 τοῖς
3607 1821 3802 1892 εὑροῦσι

2254 1902 2492 1974 πρώτοις
2539 1908 2996 1977 ὲπιτιμήσαντας,
3056 1911 3261 1978 μᾶλλον
3309 1912 3367 1966 δὲ
3424 1913 3802 1980 συνεγνωκότας

2251 1997 2356 2050 ὑπὸ
2391 1997 2828 2068 εριλανθρωπίας,
2857 2001 3004 2072 μόνῳ
3029 2001 3106 2072 τῷ
3143 2003 3296 2073 παρά
3327 2005 3424 2058 τοῦ
3457 2005 3646 2074 χρόνου
3683 2008 3802 2076 χρή·

2251 2091 2449 2146 σασθαι
2503 2091 2841 2162 βοηθήματι,
2873 2095 2965 2147 καὶ
3018 2095 3159 2167 ὑπὲρ
3209 2099 3406 2152 τούτου
3462 2100 3619 2169 μόνου
3665 2099 3803 2169 χάριν

2249 2185 2447 2239 εἰδέναι
2478 2189 2588 2249 τοῖς
2627 2187 2887 2258 ἀνδράσιν
2920 2187 3174 2257 ἐκείνοις,
3205 2191 3326 2244 ὅσοι
3361 2191 3493 2262 παρ’
3543 2190 3803 2260 ἑκατέροις

2248 2275 2342 2329 τὸν
2378 2277 2564 2345 ἀγῶνα
2593 2277 2784 2331 τοῦτον
2811 2279 3126 2350 ὑπέστησαν
3146 2299 3160 2314 ·
3196 2282 3338 2351 μηδὲ
3375 2282 3534 2336 πλέον
3556 2300 3605 2336 τι
3638 2283 3803 2350 νέμειν

2250 2370 2435 2430 αὐτοῖς
2479 2368 2812 2439 ἀξιώματος,
2844 2370 2878 2440 ἢ
2939 2371 3064 2424 ὅσον
3120 2371 3506 2443 δικαζομένοις
3550 2372 3800 2444 ἁρμόττει.

2248 2463 2324 2515 Ού
2354 2461 2462 2529 γὰρ
2489 2461 2584 2528 τῆς
2613 2461 2872 2532 ἀληθείας
2903 2462 3192 2527 ἐξετασταὶ
3226 2468 3321 2518 καὶ
3350 2469 3537 2538 κριταὶ
3561 2466 3634 2532 τῷ
3661 2465 3800 2534 κοινῷ

2250 2551 2358 2604 τῶν
2403 2551 2711 2621 ἀνθρώπων
2743 2553 3036 2624 ὑπῆρξαν,
3089 2554 3249 2610 τοῦτο
3304 2559 3371 2629 δὴ
3428 2560 3488 2612 τὸ
3545 2559 3799 2629 ὑμέτερον,

2249 2641 2391 2695 ὥστε
2453 2645 2548 2696 καὶ
2623 2643 2736 2696 δεῖν
2786 2643 2975 2708 αὐτοῖς
3034 2645 3136 2716 τὴν
3199 2648 3478 2718 μεγίστην
3525 2647 3801 2702 ἀπδιδῦναι

2249 2736 2434 2804 τιμὴν,
2473 2736 2570 2788 καὶ
2623 2734 2888 2805 νομίζειν,
2917 2735 2952 2790 ἆ
3007 2754 3140 2806 φασι
3189 2737 3402 2808 κύριαο
3436 2740 3571 2794 ἀλλά
3612 2740 3700 2808 τῆς
3736 2740 3800 2790 oi-

2247 2828 2403 2890 κείας
2453 2827 2677 2882 ἕκαστοι
2732 2828 3090 2900 προύστησαν
3141 2831 3366 2902 μοίρας,
3410 2833 3695 2901 καὶταύτῃ
3727 2830 3800 2882 τὸν

2246 2919 2474 2973 δυνατὸν
2526 2920 2974 2992 συνηγωνίσαντο
3026 2923 3268 2992 τρόπον,
3332 2927 3444 2989 τοῖς
3491 2925 3558 2979 τά
3605 2922 3800 2978 τοιαῦτα

2246 3011 2534 3066 δικάσουσι
2566 3012 2665 3084 τὴν
2701 3013 2843 3083 ὑπὲρ
2873 3007 2948 3068 ὧν
2986 3009 3143 3067 εἶπον
3181 3015 3372 3086 ψῆφον
3412 3017 3796 3074 καταλιπόντες.

2247 3104 2370 3159 Τῶν
2409 3105 2509 3175 μὲν
2548 3105 2612 3176 δὴ
2662 3105 2846 3170 καλῶς
2896 3105 3233 3177 εἰρημένων,
3263 3109 3368 3163 καὶ
3415 3110 3513 3162 ὅσα
3567 3107 3696 3177 πρὸς
3720 3104 3798 3174 τὴν

559 3169 934 3227 contentionis
971 3174 1174 3240 studio,
1201 3187 1256 3231 et
1278 3182 1565 3246 praestabat
1597 3180 1816 3236 silentio
1851 3184 2140 3252 praeteriri,

2251 3197 2353 3266 τῆς
2410 3169 2670 3266 ἀληθείας
2733 3169 2963 3268 εὕρεσιν.
3009 3169 3154 3268 ’ύμῖν
3217 3169 3421 3268 μέλλει
3489 3169 3797 3257 λυσιτελεῖν,

561 3275 627 3316 ea
659 3262 876 3332 penitus
921 3265 1239 3335 rejicienda.
1271 3270 1412 3336 Quin
1457 3273 1569 3327 imo
1603 3274 1817 3329 illorum
1849 3275 2138 3331 hominum

563 3353 766 3423 scripta
793 3368 1198 3425 supervacuum
1232 3377 1458 3431 prorsus
1488 3366 1729 3421 arbitror
1763 3369 1865 3439 legi
1900 3385 1930 3424 a
1964 3371 2139 3436 vobis,

561 3445 762 3515 quippe
797 3463 919 3516 quae
947 3449 1013 3504 ad
1043 3467 1286 3522 praesens
1319 3457 1597 3528 negotium
1648 3461 1850 3514 nullam
1913 3473 2146 3532 possunt

561 3537 762 3593 aﬂ‘erre
791 3541 1080 3598 utilitatem
1115 3557 1132 3597 :
1169 3560 1348 3616 neque
1377 3551 1520 3602 enim
1560 3551 1708 3620 pacis
1737 3555 1957 3607 modum
1990 3555 2143 3610 vobis

559 3631 879 3699 ostendunt,
913 3645 1006 3690 aut
1035 3638 1310 3705 quomodo
1350 3642 1586 3697 maxime
1625 3644 1910 3716 utriusque
1934 3648 2142 3702 condu-

558 3732 670 3786 cat,
698 3725 795 3780 sed
827 3727 910 3780 vel
945 3730 1171 3784 omnino
1196 3742 1410 3802 partem
1474 3737 1614 3790 hanc
1675 3739 2001 3805 omiserunt,
2056 3744 2140 3795 vel

559 3815 873 3872 difﬁcillima
904 3822 1199 3890 postulant,
1223 3825 1289 3879 de
1325 3827 1417 3882 illo
1475 3838 1682 3884 tantum
1743 3846 2139 3903 usquequaque

559 3908 802 3977 solliciti,
833 3915 1110 3982 quomodo
1135 3917 1423 3974 victoriam
1460 3922 1532 3976 ab
1559 3922 1730 3976 altera
1764 3937 1915 3992 parte
1944 3941 2138 3994 repor-

560 4008 673 4056 tent
708 4017 722 4056 :
752 4013 806 4056 at
835 4005 990 4062 vobis
1021 4009 1359 4078 propositum
1416 4021 1500 4069 est
1560 4028 1753 4084 pacem
1804 4031 2049 4087 quaerere
2083 4026 2137 4072 et

557 4095 921 4164 Cognitionem
955 4099 1222 4159 veritatis.

2254 3290 2428 3342 ἰστέον
2469 3306 2527 3342 τε
2573 3290 2733 3360 χάριν
2766 3290 2953 3353 αὐτοῖς
2993 3291 3089 3344 καὶ
3123 3289 3478 3362 θαρρούντως
3506 3292 3650 3359 σφίσι
3681 3304 3797 3358 χρηο

2253 3378 2408 3432 στέον
2433 3395 2446 3409 ⁸
2481 3380 2567 3450 ἐφ’
2602 3380 2638 3434 ἃ
2669 3380 2716 3434 δ’
2753 3381 2856 3434 ὑπὸ
2892 3381 3228 3451 φιλονεικίας
3260 3383 3642 3455 προήχθησαν,
3669 3376 3796 3434 καὶά

2251 3471 2509 3539 σιγᾶσθαι
2545 3471 2751 3537 ξέλτιον
2776 3467 2866 3542 ἦν,
2900 3473 3108 3526 τούτων
3142 3474 3407 3540 καθάπαξ
3453 3472 3793 3528 ἀποστατέονο

2253 3563 2456 3632 μᾶλλον
2510 3563 2568 3616 δὲ
2623 3563 2718 3617 καὶ
2768 3563 3119 3618 παντάπασιν
3149 3559 3315 3634 οἶμαι
3362 3567 3428 3622 τά
3467 3565 3574 3620 τῶν
3615 3561 3794 3634 ἀνδρῶν

2247 3654 2474 3708 ἐκείνων
2527 3654 2796 3725 παρέλκον
2852 3651 2994 3710 εἰναι
3047 3659 3465 3728 μεταχειρίζειν
3520 3657 3679 3727 ἡμᾶς,
3713 3651 3793 3706 ἀτε

2248 3745 2418 3816 μηδὲν
2460 3746 2596 3818 πρδς
2623 3748 2721 3816 τὴν
2779 3747 3062 3819 παροῦσαν
3111 3748 3315 3818 σκέψιν
3367 3750 3428 3816 ἐξ
3467 3751 3636 3804 αὐτῶν
3676 3746 3793 3812 ὠφε-

2243 3838 2602 3908 λησομένους.
2672 3839 2807 3893 Ούδὲ
2858 3839 2969 3911 γάρ
3027 3841 3120 3895 τὸν
3185 3842 3285 3910 τῆς
3350 3845 3569 3914 εἰρήνης
3621 3839 3793 3910 τρόπον

2241 3931 2371 4001 ύμῖν
2415 3929 2833 4002 ύφηγοῦνται,ἢ
2875 3932 2949 3994 ὡς
2989 3931 3056 3986 ἂν
3100 3933 3312 4002 ἀμφοῖν
3357 3936 3667 4002 συνενέγκαι
3705 3927 3793 3998 pd‘

2240 4020 2435 4076 λισταο
2469 4021 2587 4075 ἀλλ’
2636 4021 2670 4093 ἢ
2721 4024 2982 4092 παρῆκαν
3025 4025 3204 4094 πάντη
3249 4025 3426 4079 τοῦτο.
3457 4025 3516 4078 τὸ
3568 4015 3788 4094 μέροςνῆ

2242 4110 2312 4164 τά
2365 4111 2731 4182 χαλεπώτατα
2783 4111 3052 4179 ἀξιοῦσιν,
3107 4114 3259 4179 ὅπως
3323 4115 3660 4188 περιέσονται
3698 4107 3790 4162 τῶν

558 4187 765 4259 ἑτέρων
821 4194 1164 4266 πανταχόθεν
1200 4197 1359 4268 μόνον
1405 4199 1829 4270 φροντίζοντεςο
1876 4201 2039 4272 ὑμεῖς
2079 4201 2137 4257 δὲ
2175 4202 2276 4273 τὴν
2310 4205 2538 4277 εἰρήνην
2569 4207 2666 4261 καὶ
2697 4204 2798 4278 τὴν
2827 4206 2926 4278 τῆς
2956 4206 3218 4278 ἀληθείας
3280 4187 3485 4280 γνῶσιν
3545 4201 3792 4277 προύργου

558 4285 794 4362 ζητεῖτε.

633 4463 1106 4545 Ουοηῖτιηιῖεἱιιιτ
1164 4475 1242 4529 rei
1283 4485 1556 4541 naturam,
1587 4477 1655 4532 de
1686 4492 1794 4547 qua
1849 4479 2136 4548 quaeritur,

2331 4476 2488 4531 Ἐπεὶ
2515 4474 2697 4529 τοίνυν
2725 4473 2824 4544 τὴν
2845 4471 2940 4527 τοῦ
2969 4471 3306 4545 ζητουμένου
3341 4475 3505 4544 φύσιν
3529 4474 3584 4539 ἐξ
3619 4465 3688 4526 ὧν
3717 4466 3795 4522 ἀ).-

561 4563 678 4616 ιύηι
710 4581 772 4619 ex
809 4567 1076 4634 Oppositis
1106 4566 1337 4621 aliorum
1369 4567 1848 4626 lucubrationibus
1873 4571 2144 4644 cognitam

2252 4569 2333 4623 λοι
2365 4586 2426 4622 τε
2459 4566 2805 4638 ἠγωνίσαντο
2834 4567 2931 4620 καὶ
2957 4557 3116 4620 αύτοὶ
3175 4566 3410 4623 δύνασθε
3448 4567 3685 4638 συνορᾷν,
3717 4559 3796 4613 καὶ

477 4689 480 4692 η
561 4654 765 4709 habere
796 4656 1046 4724 potestis,
1079 4665 1193 4710 tum
1221 4673 1314 4727 per
1346 4673 1445 4714 vos
1483 4658 1586 4729 ipsi
1616 4660 1727 4731 jam
1764 4663 2145 4734 perspexistis,

561 4737 669 4801 non
701 4748 865 4801 modo
895 4757 1074 4803 vestra
1107 4749 1370 4818 scientes,
1399 4751 1495 4807 sed
1518 4763 1572 4808 et
1635 4754 1867 4810 aliorum
1929 4757 2149 4828 utrique

559 4839 946 4895 altercationes
977 4841 1198 4910 quidem
1241 4842 1373 4899 istas
1422 4847 1648 4900 omnino
1715 4846 1912 4905 missas
1944 4847 2147 4917 facere,

558 4929 626 4986 ad
683 4944 745 4984 ea
796 4944 923 4983 vero
969 4931 1152 4985 statim
1201 4941 1418 5000 Oportet
1480 4934 1827 5001 incumbere,
1892 4953 1988 5007 per
2026 4954 2148 5009 qua:

559 5020 674 5073 sola
701 5018 830 5075 licet
852 5021 1111 5090 consequi
1142 5037 1351 5090 pacem.
1385 5021 1766 5080 Consideranti
1798 5043 1960 5096 porro
2012 5028 2144 5084 mihi

560 5112 962 5167 videnturhaec
1018 5127 1183 5178 esse;
1244 5115 1420 5182 primo
1473 5115 1695 5184 quidem
1753 5131 2040 5173 recurrere
2079 5118 2147 5173 ad

561 5202 915 5259 iundamcnta
979 5204 1126 5270 fidcl,
1191 5220 1442 5276 veraeque
1497 5207 1787 5279 theologia:
1852 5209 2145 5281 principia,

559 5290 721 5362 atque
759 5298 826 5352 ad
879 5298 996 5352 hac
1026 5308 1320 5369 utramque
1354 5301 1675 5369 opinionem
1725 5302 2064 5367 examinare,
2095 5311 2149 5357 et

557 5389 826 5459 dispicere
865 5399 985 5444 utra
1021 5406 1144 5446 cum
1182 5391 1293 5446 illis
1340 5393 1576 5447 maxime
1606 5407 1871 5463 congruat
1902 5411 1918 5448 :
1949 5393 2149 5450 deinde

559 5484 856 5551 inquirere,
919 5484 1193 5552 quomodo
1242 5495 1462 5556 accepta
1510 5485 1718 5540 fuerint
1773 5487 1841 5540 ab
1885 5485 2149 5542 Ecclesia:

555 5564 876 5629 uectoribus
921 5577 1274 5645 pronuntiata
1331 5576 1649 5648 Scripturae.
1715 5594 1836 5648 quat
1891 5581 2149 5636 videntur

2253 4659 2470 4716 οἴκοθεν
2502 4660 2667 4730 ἣκετε
2721 4657 3122 4729 κατειληφότες
3153 4657 3283 4730 ήδη,
3317 4660 3378 4712 οὐ
3414 4660 3571 4729 μόνον
3603 4657 3663 4710 τὰ
3687 4655 3793 4706 tuu-

2252 4753 2364 4808 τῶν
2386 4752 2613 4820 εἰδότες,
2637 4752 2774 4807 ἀλλά
2794 4756 2893 4806 καὶ
2931 4751 3000 4806 τά
3026 4750 3134 4805 τῶν
3191 4751 3370 4805 ἄλλων
3402 4752 3662 4822 ἑκάτεροι,
3707 4741 3797 4794 τῶν

2257 4845 2360 4915 μὲν
2393 4843 2799 4914 ἀγωνισμάτων
2849 4841 3059 4896 τούτων
3118 4842 3384 4907 καθάπαξ
3429 4840 3710 4912 ὑπεριδεῖν,
3741 4828 3796 4884 δι’

2251 4930 2328 4990 ὧν
2355 4934 2412 4989 δὲ
2449 4935 2614 5005 μόνον
2636 4933 2848 4988 ἔνεστιν
2903 4933 3128 5003 εἰρήνης,
3189 4936 3396 5004 τυχεῖν,
3433 4932 3630 4987 τούτων
3660 4922 3797 4985 εὐθὺς

2253 5023 2502 5095 ἅψασθαι
2535 5023 2638 5078 δεῖ.
2687 5023 2769 5076 Τά
2799 5021 2843 5076 δ’
2893 5022 3067 5090 ἐστὶν,
3122 5021 3199 5086 ὡς
3247 5025 3372 5091 ὲμοὶ
3403 5023 3551 5076 δοκεῖ
3597 5031 3798 5111 σκοπου-

2258 5119 2428 5189 μένῳ.
2465 5116 2685 5187 πρῶτον
2719 5115 2819 5185 μὲν
2850 5115 2990 5185 πρὸς
3023 5115 3151 5178 τοὺς
3178 5115 3462 5184 θεμελίους
3493 5105 3797 5181 ἀναδραμόν-

2251 5226 2354 5270 τας
2377 5207 2479 5278 τῆς
2535 5207 2796 5272 πίστεως,
2851 5205 2948 5259 καὶ
2997 5205 3098 5268 τάς
3139 5203 3243 5273 τῆς
3287 5206 3520 5280 ἀληθοῦς
3551 5199 3797 5265 θεολογίας

2254 5301 2463 5372 ἀρχὰς,
2499 5298 2717 5362 τούτοις
2741 5296 3013 5368 ἑκατέραν
3040 5294 3201 5360 δόξαν
3232 5299 3553 5367 προσάγειν,
3583 5284 3798 5392 κανῆῖις

2252 5393 2320 5448 ἂν
2353 5393 2589 5456 ἐκείνοις
2627 5391 2924 5461 συμϐαίνοι
2957 5389 3195 5461 μάλιστα
3233 5387 3459 5462 θεωρεῖν
3483 5404 3498 5419 ο
3532 5388 3608 5440 ἔτι
3633 5396 3690 5450 γε

2250 5489 2300 5542 οἰ
2329 5489 2428 5557 τῆς
2471 5487 2806 5555 Ἐκκλησίας
2842 5486 3157 5542 διδάσκαλοι
3212 5487 3329 5550 πῶς
3391 5483 3694 5550 ὲξειλήφασι
3740 5483 3795 5520 τι

2248 5580 2348 5650 τῆς
2381 5581 2606 5650 Γραφῆς
2662 5577 2978 5648 ἀξιώματα,
3025 5579 3060 5634 ἀ
3102 5580 3239 5651 πρὸς
3295 5578 3500 5645 ταύτην
3547 5571 3648 5641 τῆν’
3681 5564 3795 5629 ὓλην

559 5677 806 5731 spectare
851 5668 915 5720 ad
971 5668 1112 5725 hanc
1147 5671 1425 5724 materiam
1457 5690 1470 5726 :
1501 5671 1566 5725 ad
1619 5672 1736 5727 lucc
1778 5673 1908 5741 quid
1948 5675 2146 5743 singuli

2251 5674 2447 5728 τείνειν
2474 5673 2657 5726 δοκεῖ’
2694 5670 2830 5740 πρὸς
2879 5672 2935 5724 δὲ
2965 5671 3203 5735 τούτοις,
3255 5673 3308 5725 τί
3335 5670 3464 5738 περὶ
3508 5664 3596 5718 τοῦ
3647 5654 3794 5764 Cri"?

561 5758 626 5811 de
658 5760 890 5827 quwsito
922 5760 1027 5814 hoc
1062 5763 1428 5833 philosophati
1470 5765 1692 5821 fuerint.
1728 5766 1793 5820 Et
1827 5767 2046 5837 quidem
2079 5783 2146 5823 ex

2254 5781 2423 5834 ματος
2463 5764 2831 5834 ὲθεολόγησαν
2849 5764 3095 5820 ἕκαστοι.
3123 5759 3224 5817 Ὧν
3253 5767 3317 5817 ὲκ
3343 5763 3441 5831 μὲν
3475 5757 3565 5812 τοῦ
3597 5757 3792 5864 πρώτου

559 5845 628 5900 'co
659 5850 803 5919 quod
860 5851 1096 5921 primum
1134 5852 1266 5922 dixi,
1297 5855 1562 5914 arbitror
1601 5858 1821 5915 multam
1868 5873 2146 5932 cmergere

2253 5860 2511 5933 ῥηθέντος
2548 5859 2749 5930 πολλὴν
2785 5857 3030 5930 ἡγοῦμαι
3081 5859 3401 5928 δυσχέρειαν
3446 5846 3786 5910 ἀνακύπτειν·
