4038 6414
213 403 311 468 ιιι

216 611 507 681 διαφοράς,
567 607 627 671 ἐξ
660 601 735 659 ὦν
797 603 905 656 τῶν
940 597 1427 671 συμπερασμάτων
1475 596 1792 664 ἐναντιότης

218 706 512 771 συνάγεται
534 714 549 729 ·
579 697 645 759 ἃς
673 694 787 750 οὖς’
817 695 1067 763 ἀναιρεῖν
1089 689 1387 759 εὐπρεπὲς,
1420 687 1664 758 λήσομεν
1683 686 1794 755 γὰρ

220 788 806 851 πολλαπλασιάσαντες
832 785 893 839 τὸ
938 785 1114 838 δεινὸν
1152 782 1248 837 καὶ
1280 779 1498 843 πολλοῖς
1539 794 1683 832 τισιν
1707 779 1793 831 ai-

218 888 350 947 τίοις
380 879 787 953 ἀπορραγέντες
813 877 1086 945 ἀλλήλων,
1138 875 1197 927 ἐν
1246 865 1331 935 οἷς
1387 869 1540 923 ἐσται
1568 885 1653 932 τις
1699 868 1794 921 καὶ

219 974 573 1048 χαλεπωτέρι
606 970 703 1041 τῆς
727 966 1005 1037 παρούσης
1036 966 1328 1033 διαφορᾶς,
1364 960 1478 1014 οὔτ’
1503 960 1651 1022 εἰκός
1675 961 1793 1011 ἐστι

222 1068 520 1137 συγχωρεῖν
573 1061 698 1117 οὔτε
758 1063 885 1123 τοὺς
931 1060 1152 1128 ἐτέρους
1201 1056 1314 1115 τοῖς
1366 1052 1570 1115 ἄλλοις,
1631 1050 1792 1103 τοῦτο

219 1165 325 1229 γὰρ
363 1158 558 1211 ταυτὸν
593 1155 748 1209 ἐσται
812 1154 905 1205 καὶ
965 1150 1065 1218 τὴν
1119 1143 1296 1221 ἦτταν
1337 1143 1643 1214 ὁμολογεῖν,
1677 1139 1793 1194 οὔτ’

220 1252 470 1319 ἀλλήλοις
492 1264 505 1276 ·
541 1244 845 1315 καὶταύτῃ
876 1242 987 1311 γάρ
1016 1238 1331 1309 ἀσύμϐατοι
1390 1238 1552 1305 μέχρι
1589 1233 1792 1296 παντὸς

221 1344 473 1411 ἐσόμεθα,
510 1339 579 1393 τὰ
614 1336 956 1392 ἀντικεῖσθαι
1005 1331 1267 1386 δοκοῦντα
1321 1327 1793 1399 συμπεραίνοντες

224 1436 282 1498 ἐξ
312 1429 704 1499 ἀντικειμένων
740 1427 950 1497 ἀρχῶν,
986 1426 1077 1477 καὶ
1114 1422 1251 1493 πρὸς
1285 1419 1513 1483 ἑαυτοὺς
1550 1419 1649 1489 τὴν
1680 1418 1791 1473 τῶν

224 1525 426 1594 ἐτέρων
472 1520 630 1585 δόξαν
667 1516 1152 1587 ἀντιμεθιστάντες
1194 1513 1469 1583 ἑκάτεροι.
1510 1512 1790 1581 Συμφέρει

222 1617 285 1685 δὴ
310 1614 410 1675 τὰς
436 1614 673 1682 μάλιστα
706 1608 1049 1680 ἀρεσκούσας
1094 1607 1349 1675 ἀλλήλοις
1387 1603 1791 1674 ἐκλεξαμένους

219 1708 411 1776 ἀρχὰς,
443 1706 506 1757 ἐκ
533 1702 742 1756 τούτων
775 1702 1109 1769 ἐπιχειρεῖν·
1140 1699 1190 1751 εἰ
1223 1698 1270 1751 δ’
1295 1694 1408 1750 οἷόν
1440 1713 1501 1748 τε
1539 1693 1791 1765 καὶπερὶ

220 1800 392 1859 πάσας
423 1798 522 1859 τὰς
554 1796 720 1858 ἄλλας
752 1792 1065 1846 δείκνυσθαι
1112 1789 1559 1860 συμφωνοῦντας,
1586 1787 1791 1856 σκέψα-

1366 377 1645 449 ORATIO
1671 384 1764 447 ill
1802 384 1902 445 AD
1941 383 2317 445 bYNODUM.

218 525 347 592 περ),
371 517 595 588 γάρτὰς
623 515 722 583 τῆς
748 513 984 571 πίστεως
1009 509 1189 580 ἀρχὰς
1219 505 1367 569 εἰκὸς
1394 505 1533 560 εἶναι
1570 506 1791 565 πλείους
1820 540 1869 594 Α
1896 504 2020 558 (ῘΞΙῖῑι
2041 504 2290 559 ultatem.
2349 503 2485 558 Nam

3374 373 3484 436 482

1897 612 2019 651 esse
2067 597 2267 650 multas
2325 596 2748 665 discrepantias,
2810 612 2880 651 ex
2940 598 3141 668 quibus
3192 600 3482 653 cootrarite

1897 688 2278 743 conclusiones
2327 688 2658 744 inferuntur.
2723 689 2794 744 Ea
2852 706 3015 760 porro
3060 706 3160 746 nec
3195 691 3481 746 destruere

1898 778 2078 844 decet,
2107 782 2179 834 ita
2209 780 2354 834 enim
2389 780 2499 845 ﬁet,
2528 792 2587 836 ut
2615 782 2763 835 aliud
2815 784 3023 851 agendo
3053 783 3482 852 multiplicemus

1900 871 2146 935 malum,
2212 871 2498 941 simusque
2583 872 2770 928 multis
2852 874 2917 928 de
2941 875 3123 929 causis
3177 874 3478 944 disjunrti.

1896 962 1963 1016 de
2001 962 2200 1031 quibus
2226 962 2408 1032 aliqua
2448 963 2555 1018 erit
2589 963 2810 1031 gravior
2843 980 3004 1033 quam
3048 979 3289 1034 praesens
3324 965 3482 1019 dim:-

1898 1052 2094 1116 reutia,
2132 1067 2306 1121 neque
2358 1067 2457 1123 par
2503 1063 2587 1108 est
2639 1064 2733 1107 aut
2783 1052 3009 1107 alteram
3066 1064 3272 1124 partem
3323 1054 3481 1110 alteri

1897 1143 2220 1206 concedere,
2288 1144 2390 1198 boc
2436 1145 2582 1199 enim
2628 1145 2767 1198 idem
2818 1154 2965 1198 esset
3014 1158 3177 1214 atque
3212 1160 3270 1199 se
3306 1146 3481 1200 vit-tos

1897 1233 2055 1287 fateri
2112 1246 2207 1289 aut
2260 1246 2551 1305 utramque
2609 1238 2766 1292 alteri
2822 1254 2838 1292 :
2896 1237 3002 1293 hac
3057 1238 3202 1292 enim
3265 1241 3480 1292 ratione

1897 1337 2179 1391 nunquam
2221 1326 2629 1391 conveniemus,
2683 1327 3017 1381 deducentes
3073 1343 3193 1398 qua:
3227 1329 3481 1382 videntur

1896 1417 2150 1485 opposita
2182 1417 2252 1470 ex'
2280 1418 2550 1487 oppositis
2579 1419 2886 1489 principiis,
2943 1432 2998 1475 et
3031 1421 3256 1475 alterius
3306 1423 3480 1491 partis

1895 1508 2224 1562 sententiam
2249 1509 2466 1578 utrique
2488 1509 2540 1563 in
2573 1524 2673 1565 nos
2702 1510 2852 1580 ipsos
2876 1512 3480 1581 transferenti-3.0mm:

1893 1598 2124 1667 pretium
2140 1614 2275 1671 ergo
2296 1609 2377 1655 est
2399 1600 2624 1670 seligere
2649 1604 2911 1672 principia
2932 1607 3171 1660 maxime
3227 1608 3477 1676 uirisque

1892 1693 2142 1761 probata,
2197 1701 2251 1746 et
2282 1693 2407 1748 inde
2440 1707 2759 1763 argumenta
2792 1697 2990 1753 ducere
3024 1713 3038 1749 :
3074 1700 3214 1767 quod
3263 1702 3306 1755 si
3360 1702 3477 1755 lieri

1893 1787 2190 1853 poteritde
2209 1788 2331 1842 aliis
2360 1788 2524 1841 etiam
2562 1789 2819 1844 omnibus
2846 1797 3182 1858 consentire,
3211 1795 3260 1847 id
3290 1806 3478 1862 postea

220 1891 343 1943 σθαι
380 1889 517 1959 μετά
546 1887 752 1940 ταῦτα’
784 1887 833 1937 εί
868 1884 1058 1955 μήτις
1105 1882 1273 1935 οἴοιτο
1332 1879 1592 1949 περιττὸν
1642 1872 1785 1931 εἶναι

1893 1878 2353 1932 considerandum
2412 1880 2744 1950 relinquere,
2796 1883 2899 1938 nisi
2962 1887 3085 1954 quis
3138 1888 3476 1956 superﬂuunt

217 1986 328 2044 τοῖς
365 1982 493 2049 περὶ
531 1981 591 2032 τὸ
625 1977 1002 2049 συμπέρασμα
1029 1975 1344 2044 συμφωνεῖν
1380 1972 1660 2041 δυνηθεῖσι
1685 1975 1786 2034 τὰς

218 2072 389 2141 ἀρχὰς
418 2070 716 2134 ἐξετάζειν,
742 2069 799 2133 ἐξ
825 2061 900 2120 ὧν
925 2067 958 2136 ἡ
992 2067 1235 2134 προιέρα
1263 2064 1416 2134 μάχη
1451 2064 1587 2133 συνή
1601 2080 1785 2117 πτετο.

218 2164 355 2233 Περὶ
388 2163 444 2215 δὲ
496 2162 562 2215 τὰ
607 2162 772 2214 λοιπά
801 2159 893 2212 δύο
958 2157 1237 2228 μηδεμίαν
1274 2156 1484 2224 εἴποιμ’
1535 2156 1601 2208 ἂν
1647 2150 1789 2207 εἶναι

216 2255 569 2324 δυσχέρειανο
610 2256 710 2315 τάς
750 2269 808 2306 τε
832 2251 948 2323 ’γὰρ
974 2251 1263 2320 ἐξηγήσεις
1308 2249 1417 2301 τῶν
1448 2248 1790 2302 διδασκάλων

219 2347 400 2418 ῥᾴδιον
450 2342 602 2414 οἶμαι
653 2346 848 2414 χρῆμα
884 2348 993 2406 τοῖς
1024 2359 1088 2410 γε
1154 2344 1222 2395 τὰ
1269 2341 1498 2395 τοιαῦτα
1550 2341 1789 2410 μάλιστα

216 2440 540 2510 δεινοτέροις
568 2437 818 2507 ἀκριϐῶς
855 2435 1117 2499 συνιδεῖν,
1150 2436 1356 2497 ὁπόσας
1384 2437 1497 2497 τοῖς
1528 2435 1627 2503 τῆς
1648 2434 1790 2505 Γρα-

221 2531 331 2600 ωῆς
362 2534 580 2600 χωρίοις
604 2529 895 2583 ἀπέδωκαν
920 2544 934 2560 ο
975 2529 1023 2580 εἰ
1059 2527 1114 2580 δέ
1146 2545 1291 2591 τινες
1324 2530 1383 2581 ἐν
1427 2529 1557 2598 ὑμῖν
1604 2527 1791 2596 διαφό-

221 2642 329 2695 pro;
364 2626 457 2677 καὶ
485 2623 691 2681 ταύτας
718 2627 911 2687 νοοῖεν,
945 2626 1057 2687 τοῖς
1098 2621 1428 2691 σοφωτέροις
1459 2623 1553 2673 καὶ
1581 2622 1788 2674 πλείοσι

216 2719 317 2784 τὴν
358 2719 513 2786 νίκην
543 2715 902 2787 ἀφορίζεσθαι
934 2716 1054 2768 δεῖ·
1094 2714 1253 2769 τοῦτο
1287 2715 1396 2783 γὰρ
1437 2715 1533 2767 καὶ
1580 2714 1791 2767 δίκαιον

122 2838 129 2841 π
217 2810 315 2862 καὶ
343 2808 626 2878 προσῆκον
660 2810 726 2863 ἀν
760 2809 880 2878 εῖηο
908 2807 1008 2871 τάς
1039 2824 1097 2861 τε
1143 2807 1253 2862 τῶν
1295 2807 1469 2873 ἀγίων
1524 2808 1653 2878 περὶ
1682 2809 1791 2862 τῶν

217 2902 597 2971 προκειμένων
630 2901 786 2968 δόξας
820 2901 1185 2970 ἐφαρμόττειν
1211 2900 1496 2971 ἀλλήλαις,
1534 2901 1792 2971 καὶπρὸς

221 2994 354 3062 μίαν
385 2994 609 3056 ἁπάσας
630 2994 858 3063 γνώμην
884 2994 1162 3060 συνάγειν,
1196 2993 1298 3048 κάν
1323 2995 1473 3045 ἐστιν
1499 2992 1560 3045 οὗ
1591 2992 1791 3046 δοκῶσι

216 3085 581 3155 διενηνέχθαι,
617 3087 716 3137 καὶ
741 3086 1018 3156 προσῆκον
1046 3083 1202 3155 οἶμαι
1232 3089 1327 3139 καὶ
1361 3088 1566 3159 ῥᾴδιον.
1590 3089 1664 3141 Οὐ
1683 3094 1789 3158 γὰρ

218 3175 300 3229 δεῖ
336 3191 398 3244 γε
430 3176 744 3246 προσέχειν,
779 3176 834 3229 εί
856 3194 941 3239 τις
973 3178 1457 3248 καταψηφίζεσθαί
1487 3197 1635 3244 τινος
1663 3180 1789 3249 βού-

218 3268 362 3322 λοιτο
386 3270 490 3322 τῶν
516 3269 623 3322 ὑπὸ
664 3267 759 3322 τοῦ
811 3269 995 3323 κοινοῦ
1037 3271 1136 3340 τῆς
1189 3270 1514 3342 Ἐκκλησίας
1564 3288 1790 3343 τετιμη-

222 3362 422 3429 μένων,
446 3360 478 3430 ἢ
528 3360 851 3431 διεφθάρθαι
873 3364 970 3430 τὴν
997 3364 1209 3417 ἐκείνου
1240 3363 1521 3433 θεολογίαν
1545 3364 1652 3418 ὑπὸ
1680 3367 1789 3418 τῶν

219 3453 435 3505 οἰκείων
465 3452 660 3514 τιθεὶς,
698 3454 796 3515 τάς
824 3452 954 3522 παρ’
979 3455 1145 3507 αὐτοῦ
1197 3455 1275 3525 μὴ
1331 3455 1611 3523 προσίοιτο
1647 3473 1791 3526 μαρ-

220 3542 410 3610 τυρίας
432 3556 446 3571 ο
479 3541 625 3607 πλὴν
650 3543 718 3594 ἂν
755 3544 829 3612 μή
875 3545 928 3595 τί
963 3561 1064 3596 που
1124 3544 1374 3614 φανερῶς
1400 3544 1682 3616 διεφθορὸς
1728 3541 1785 3619 ᾖ,

221 3633 316 3684 καὶ
344 3635 664 3703 συγχωρῆτε
696 3632 793 3702 μὲν
817 3633 1091 3703 ἑκάτεροι,
1154 3639 1407 3705 μαρτυρῇ
1461 3635 1518 3689 δὲ
1574 3638 1670 3692 καὶ
1722 3642 1789 3691 τά

220 3724 352 3791 περ*
385 3724 668 3794 ἑκατέροις
703 3724 882 3791 βιϐλία
912 3726 1015 3795 τῆς
1040 3724 1244 3796 λύμης
1274 3726 1476 3797 ταύτης
1506 3727 1791 3796 ἀπηλλαγ-

222 3817 499 3886 μένα,καὶ
529 3804 589 3870 τὸ
615 3819 845 3888 γνήσιον
892 3820 1105 3882 ἑαυτοῖς
1156 3818 1559 3890 περισώζοντα.
1606 3820 1787 3874 Καθό-

218 3908 312 3960 λου
348 3909 444 3977 μὲν
471 3906 563 3962 οὖν
627 3912 718 3962 ἐπί
773 3911 871 3980 τὴν
929 3910 1130 3978 γνῶσιν
1178 3912 1275 3980 τῆς
1328 3911 1588 3980 ἀληθείας
1640 3912 1787 3982 τρισὶ

216 4003 424 4065 τούτοις
454 4004 855 4075 ὁδηγηθήσεσοε
882 4020 898 4036 ·
928 4007 1042 4066 τοῖς
1089 4004 1190 4074 τῆς
1222 4004 1450 4075 Γραφῆς
1485 4003 1785 4073 ἀξιώμασι,

216 4100 462 4168 δηλονότι
485 4100 605 4161 ταῖς
630 4097 810 4149 αὐτῶν
836 4097 1194 4161 ἀναπτύξεσι,
1237 4098 1329 4150 καὶ
1347 4102 1466 4161 ταῖς
1503 4097 1659 4156 ἰδίαις
1679 4095 1788 4150 τῶν

214 4189 244 4241 δ
257 4190 547 4241 ,δασκάλων
600 4186 849 4257 γνώμαις
895 4187 964 4250 ἃς

213 4281 391 4347 λόγων
426 4283 541 4344 τοῖς
589 4282 769 4344 ἄλλοις
817 4280 1143 4350 κατέμιξαν,
1205 4280 1515 4350 μνησθῆναι
1558 4278 1659 4349 τῆς
1691 4279 1785 4331 τοῦ

213 4371 531 4441 Πνεύματος
570 4373 803 4443 προόδου
855 4372 1080 4441 δεῆσαν.
1137 4373 1224 4435 Ὠς
1263 4371 1319 4424 δέ
1381 4372 1553 4425 ταῦτα
1606 4372 1789 4429 πάντα

212 4464 779 4535 διάθηοθε,κάλλιστά
836 4482 897 4518 τε
952 4465 1047 4519 καὶ
1097 4464 1523 4536 προχειρότατα,
1574 4465 1671 4527 τάς
1727 4481 1786 4517 τε

1036 4188 1375 4255 ὁπουδήποτε
1413 4187 1522 4240 τῶν
1568 4187 1805 4263 οίκεὲων

1892 1978 2061 2037 putet,
2094 1972 2164 2025 ab
2187 1972 2292 2025 illis
2322 1972 2412 2040 qui
2447 1985 2672 2041 potuere
2704 1974 2756 2027 in
2793 1990 2957 2029 unam
3011 1976 3077 2030 de
3118 1980 3476 2035 conclus:oue

1890 2063 2183 2118 convenire
2243 2064 2615 2130 sententiam,
2676 2067 2981 2121 exatninari
3039 2069 3350 2138 principia,
3406 2088 3474 2124 ex

1889 2154 2090 2224 quibus
2120 2156 2270 2225 prior
2300 2172 2479 2227 pugna
2507 2158 2926 2212 conserebatur.
2954 2156 3180 2228 Reliqua
3210 2176 3338 2214 vero
3366 2161 3476 2212 duo

1892 2248 2093 2301 nullam
2155 2249 2277 2303 ilico
2327 2250 2527 2303 habere
2575 2248 2946 2315 dlIicultatem,
3017 2267 3141 2306 nam
3196 2263 3247 2308 et
3287 2253 3477 2309 (lecto-

1895 2354 2015 2392 rum
2048 2339 2419 2409 expositiones
2448 2341 2605 2397 facile
2637 2358 2796 2412 posse
2852 2346 3082 2415 perspici
3109 2349 3303 2416 Opinor
3326 2363 3356 2400 a
3387 2365 3476 2400 ri-

1892 2446 2013 2485 rum
2091 2432 2404 2500 ltujusmodi
2473 2434 2705 2503 peritis,
2778 2451 3122 2506 quaecunque
3177 2438 3479 2509 Seriptura:

1893 2521 2028 2575 locis
2062 2522 2278 2578 tributae
2316 2523 2384 2576 ab
2426 2525 2532 2579 illis
2563 2536 2690 2579 sunt
2721 2543 2734 2579 :
2763 2527 2809 2580 si
2851 2528 2944 2597 qui
2996 2544 3122 2583 vero
3179 2544 3307 2584 sunt
3340 2534 3482 2586 inter
3509 2586 3529 2593 _

1892 2630 2008 2675 vos,
2049 2616 2140 2685 qui
2178 2627 2232 2670 et
2286 2617 2387 2671 bos
2450 2619 2607 2673 aliter
2656 2620 2985 2690 intelligant,
3030 2622 3478 2693 ‘sapientioribus

1891 2718 1943 2762 et
1969 2709 2218 2778 pluribus
2257 2711 2479 2765 victoria
2510 2713 2689 2766 danda
2725 2722 2829 2778 est,
2872 2715 2975 2770 hoc
3004 2721 3149 2770 enim
3182 2732 3399 2786 arquum
3426 2729 3479 2771 tt

1895 2811 2320 2856 consentaneum
2380 2812 2463 2858 est
2492 2821 2506 2857 :
2539 2815 2592 2859 ct
2644 2818 2956 2860 sanctorum
3010 2808 3077 2862 tle
3108 2824 3165 2862 re
3200 2820 3477 2879 proposita

1892 2894 2193 2950 sententias
2230 2896 2529 2952 conciliare
2568 2908 2621 2951 et
2651 2900 2716 2952 ad
2760 2916 2923 2953 unam
2971 2915 3161 2956 omnes
3211 2904 3477 2972 redigere,

1896 2987 2023 3041 licet
2083 2988 2135 3042 in
2198 2988 2382 3058 aliquo
2422 2990 2716 3046 dissentire
2778 2994 3085 3060 videantur,
3145 2998 3478 3050 conveniens

1897 3078 2139 3132 arbitror
2168 3087 2223 3132 et
2257 3078 2414 3134 facile
2444 3096 2586 3137 esse.
2645 3081 2831 3150 Neque
2866 3084 3007 3137 enim
3042 3086 3344 3139 audiendus
3375 3087 3480 3139 erit

1820 3209 1863 3268 α
1898 3172 1943 3225 si
1986 3171 2109 3240 quis
2138 3172 2268 3225 velit
2307 3173 2602 3243 reprobare
2633 3177 2941 3245 quempiam
2966 3192 3031 3231 ex
3069 3178 3157 3243 iis,
3193 3195 3327 3246 quos
3359 3180 3480 3231 nni-

1897 3280 2053 3319 versa
2088 3264 2323 3319 honorat
2369 3265 2653 3333 Ecclesia;
2706 3276 2799 3320 aut
2824 3269 2942 3337 ejus
2995 3270 3308 3324 testimonia
3368 3287 3477 3324 non

1895 3355 2167 3418 admittat,
2213 3357 2354 3425 quod
2387 3366 2540 3427 putet
2587 3358 2704 3427 ejus
2762 3360 3084 3429 theologiam
3133 3381 3160 3413 ει
3214 3362 3327 3416 suis
3358 3377 3480 3416 co:--

1902 3455 2149 3515 ruptam;
2204 3447 2309 3501 nisi
2390 3448 2520 3517 quid
2589 3451 2662 3502 sit
2730 3452 3017 3519 perspicue
3099 3452 3476 3523 depmvatuw,

1896 3537 2059 3606 idque
2092 3537 2304 3606 utrique
2360 3538 2661 3602 aliirmetis,
2699 3548 2753 3593 et
2780 3540 3008 3608 probent
3040 3542 3327 3611 utriusque
3352 3559 3475 3612 par-

1898 3634 1966 3683 th
2019 3629 2141 3683 libri
2185 3631 2276 3683 tali
2326 3632 2636 3698 corruptela
2670 3631 2850 3697 liberi,
2886 3649 3313 3704 germanamque
3370 3636 3477 3690 lec—

1898 3723 2096 3774 tionem
2130 3721 2183 3774 in
2217 3737 2275 3775 se
2326 3734 2737 3778 conservantes.
2783 3722 3021 3779 Onmino
3074 3726 3242 3794 igitur
3299 3711 3476 3781 tribus

1899 3814 2045 3867 hisce
2079 3814 2354 3868 ducemini
2392 3817 2459 3869 ad
2498 3819 2931 3883 cognoscendam
2979 3828 3295 3885 veritatem;
3332 3820 3478 3873 vide-

1898 3907 2026 3961 licet
2063 3907 2356 3977 Scriptura:
2386 3910 2828 3973 auctoritatibus,
2853 3927 3043 3964 earum
3072 3914 3476 3982 explanationi-

1896 3999 2019 4067 bns,
2048 4010 2100 4053 et
2138 4003 2376 4070 propriis
2424 4002 2711 4056 doctorum
2746 4005 3052 4069 sententiis,
3083 4022 3220 4073 quas
3252 4006 3324 4058 illi
3359 4008 3477 4060 suis

1895 4094 1949 4147 in
1991 4095 2337 4149 smmonibus
2366 4095 2595 4163 sparsim
2630 4098 2928 4164 protulere,
2973 4112 3099 4149 cum
3145 4112 3284 4167 opus
3331 4109 3477 4154 esstt

1896 4188 2225 4240 mentionem
2254 4187 2432 4243 facere
2465 4187 2534 4242 de
2563 4189 2801 4258 Spiritus
2833 4194 3206 4259 processione.
3238 4193 3305 4249 Ut
3342 4210 3471 4248 vero

1898 4280 2011 4332 luce
2041 4280 2244 4348 optime
2294 4280 2665 4351 facillimeque
2698 4293 2877 4351 prastt
2897 4285 2987 4349 tis,
3050 4287 3298 4341 tollendae
3346 4298 3477 4343 sunt

1896 4372 2208 4440 anticipata:
2240 4374 2424 4429 animo
2475 4374 2786 4444 opiniOnes,
2818 4390 2872 4431 et
2926 4381 3282 4435 contentiosa:
3334 4383 3476 4436 relu-

1895 4466 2185 4531 ctationes,
2214 4475 2377 4537 atque
2417 4467 2631 4523 inﬁrma
2663 4469 2883 4542 effugia,
2932 4490 3051 4541 qua:
3096 4474 3254 4527 facile
3297 4479 3476 4530 ie'ar-

211 4556 512 4625 προλήψεις
538 4558 634 4611 καὶ
660 4557 1002 4626 φιλονείκους
1032 4558 1315 4620 ἐνστάσεις
1333 4558 1668 4628 ἐξαιρετέον,
1694 4557 1788 4610 καὶ

1894 4556 1983 4626 gui
2018 4566 2245 4626 possunt
2271 4573 2286 4623 ;
2322 4569 2375 4614 et
2401 4560 2602 4630 ubique
2629 4562 2787 4631 plana
2809 4562 3144 4632 ingenu'tatc
3170 4572 3429 4622 utendum
3459 4588 3473 4625 :

209 4648 309 4712 τὰς
366 4650 569 4719 σαθράς
621 4650 715 4702 καὶ
776 4649 982 4719 ῥᾳδίως
1034 4649 1418 4717 ἐξελέγχεσθαι
1481 4649 1793 4717 δυναμένας

210 4738 527 4806 ἀποφυγὰς,
569 4740 662 4792 καὶ
692 4740 972 4809 πανταχοῦ
1003 4740 1145 4808 μετὰ
1196 4740 1292 4808 τῆς
1329 4739 1576 4807 ἰσότητος
1607 4754 1792 4808 χωρη-

208 4830 332 4881 τέον
358 4845 373 4859 ·
403 4831 462 4881 ού
488 4829 596 4899 γὰρ
645 4829 849 4899 μᾶλλον
880 4829 975 4881 νῦν
1004 4828 1271 4899 ἀλλήλους
1299 4828 1588 4897 καθήμεθα
1639 4829 1795 4881 δικα-

211 4921 338 4973 σταὶ
368 4923 495 4990 περὶ
526 4924 632 4974 τῶν
658 4921 1202 4991 ἀμφισϐητουμένων
1232 4922 1262 4992 ἢ
1293 4924 1358 4992 τῇ
1385 4938 1443 4973 τε
1489 4921 1613 4991 θείᾳ,
1651 4923 1793 4991 Γρα-

212 5017 288 5084 φῇ
321 5013 551 5078 καὶτοῖς
579 5016 785 5086 ταύτης
827 5017 1124 5086 ἐξηγηταῖς
1183 5033 1243 5067 τε
1303 5019 1398 5071 καὶ
1443 5016 1793 5081 διδασκάλοις

208 5105 309 5174 τῆς
341 5106 653 5175 ἀναγκαίας
674 5110 1000 5177 συμφωνίας
1028 5109 1323 5179 ἐφευρεταὶ
1345 5112 1441 5161 καὶ
1474 5110 1790 5180 συνήγοροι.

212 5200 382 5254 ’ίιοεν
432 5204 532 5257 οὐκ
588 5204 766 5275 ὀρθῶς
819 5206 1158 5276 κεχρημένοι
1219 5209 1334 5270 τοῖς
1383 5210 1790 5277 προκειμένοις,

208 5293 428 5357 πολλοῖς
456 5295 553 5349 καὶ
612 5296 885 5358 ποικίλοις
936 5300 1272 5368 ἀδικήμασιν
1319 5299 1640 5369 ἐνεξόμεοα.
1679 5303 1788 5353 Οὐ-

210 5384 341 5439 κοῦν
368 5386 442 5449 ὡς
462 5385 561 5456 τῆς
605 5387 941 5457 φιλονεικίας
974 5390 1067 5442 ἐπὶ
1096 5392 1282 5443 πλεῖον
1313 5391 1423 5443 τῶν
1460 5393 1787 5460 ἀνηκέστων

206 5478 357 5545 ἡμᾶς
391 5477 702 5547 δυναμένης
729 5481 1007 5551 ἐκφέρειν,
1044 5482 1272 5552 ἀπέχειν
1306 5484 1406 5552 μὲν
1446 5483 1618 5553 αὐτῆς
1651 5501 1788 5536 παν-

204 5566 400 5633 τελῶς,
435 5570 761 5640 συμμάχους
794 5570 852 5623 δὲ
880 5573 971 5624 ἐπὶ
1004 5572 1163 5625 τοῦτο
1202 5577 1301 5641 τήν
1329 5591 1389 5626 τε
1445 5576 1582 5645 πρὸς
1616 5576 1784 5642 ἀλλή-

204 5657 333 5720 λους
362 5658 603 5729 εὔνοιαν,
636 5663 730 5716 καὶ
756 5664 815 5727 τὸ
852 5665 989 5734 μετὰ
1022 5664 1120 5733 τῆς
1153 5665 1412 5737 ἀληθείας
1452 5669 1671 5721 ἅπαντα
1698 5670 1782 5722 λέ-

1897 4665 2070 4719 neqne
2097 4652 2241 4706 enim
2272 4668 2415 4707 nunc
2458 4656 2632 4724 magis
2693 4656 2849 4711 alteri
2897 4657 3083 4714 alteris
3107 4660 3321 4728 judites
3343 4678 3477 4717 con-

1896 4744 2175 4797 troversia:
2211 4744 2492 4813 sedemus,
2517 4761 2678 4817 quant
2705 4749 2903 4804 divinae
2930 4751 3227 4821 Scriptum
3250 4756 3478 4825 ejusigne

1897 4837 2250 4905 interpretum
2300 4854 2363 4893 ac
2407 4840 2722 4907 doctorum,
2776 4859 3010 4912 quorum
3043 4855 3126 4899 est
3162 4852 3478 4903 necessario

1894 4929 2292 4985 admvenienda
2343 4934 2654 4996 consensio,
2713 4937 3093 4991 conciliator-es
3133 4948 3187 4993 et
3240 4944 3477 5009 patroni.

1897 5018 2078 5083 Quare
2109 5020 2154 5072 si
2188 5025 2530 5090 propositum
2563 5026 2840 5093 negotium
2875 5042 2985 5080 non
3024 5038 3172 5081 recte
3207 5036 3479 5084 tractave-

1896 5110 2090 5171 rimus,
2152 5113 2447 5168 multorum
2511 5133 2574 5172 at:
2635 5119 2979 5173 diversorum
3043 5122 3118 5173 rei
3180 5123 3475 5177 criminum

1896 5205 2125 5260 e-imus.
2159 5207 2293 5261 Cum
2329 5208 2494 5277 igitur
2518 5217 2799 5267 contentio
2825 5210 2921 5267 nos
2958 5214 3127 5281 possit
3159 5214 3386 5269 ulterius
3424 5218 3475 5270 in

1896 5298 2035 5351 tuala
2065 5300 2387 5369 gravissima
2430 5304 2721 5367 devehere,
2770 5305 3071 5375 abjicicnda
3118 5307 3341 5362 omnino
3388 5309 3476 5361 illa

1892 5396 1996 5457 est,
2022 5403 2075 5446 ct
2124 5396 2448 5449 assumenda
2483 5407 2610 5450 sunt
2648 5399 2806 5452 nobis
2842 5399 3087 5451 subsidio
3118 5409 3229 5451 tum
3288 5410 3476 5453 mutua

1892 5486 2034 5541 inter
2072 5502 2170 5542 nos
2202 5490 2599 5555 benevolentia,
2633 5500 2746 5542 tum
2813 5490 3068 5543 voluntas
3123 5492 3363 5544 enitenti:
3422 5501 3481 5546 ut

1892 5576 2073 5627 omnia
2108 5592 2230 5629 cum
2264 5578 2491 5631 veritate
2529 5577 2901 5643 proferantur.
2944 5576 3009 5632 Et
3046 5579 3224 5648 primo
3254 5582 3384 5650 quid
3410 5599 3476 5635 -ιιι

1895 5682 1998 5719 una
2031 5667 2185 5723 deet
2222 5669 2355 5724 velle
2410 5669 2595 5724 omnia
2649 5670 2868 5726 disertis
2925 5671 3106 5727 verbis
3136 5686 3165 5727 e
3195 5670 3479 5742 Scriptua

278 5841 351 5913 (l)
430 5840 483 5896 ια
542 5852 646 5910 est,
701 5843 845 5897 circa
906 5846 1175 5915 primip’a
1214 5847 1335 5902 tidei
1372 5846 1525 5900 varie
1594 5847 1886 5904 itttt‘ilecla.

2533 508 2549 526 ‘
2591 505 2741 559 circa
2784 503 3051 574 principia
3098 505 3218 559 ﬁdei
3263 504 3338 574 (ί)
3382 520 3481 572 par
3558 516 3561 523 '
