4038 6416
541 367 645 436 487

1595 367 1967 430 GENNADII
2009 367 2119 427 ΟΡ.
2158 366 2665 427 ΡΑΤΗΙᾹΒΟΗᾸΞ

3671 367 3768 431 488

554 493 702 564 quod
736 505 874 558 opus
900 497 1068 554 esset,
1103 468 1219 542 tum
1260 486 1506 558 exempla
1541 489 1808 556 majorum
1838 489 2111 559 sequenda

2220 488 2535 558 φθάσαντας
2587 485 2782 556 ζηλοῦν
2834 485 3021 551 ἀξιῶν,
3056 485 3194 539 ἀλλά
3233 487 3328 540 καὶ
3386 486 3582 550 πάντες
3639 489 3765 559 ὁμοῦ

544 585 775 646 ducens,
810 581 902 635 sed
937 580 1174 634 universi
1196 579 1361 634 etiam
1398 584 1728 635 sententiam
1762 581 1904 636 hanc
1926 596 2116 648 seque

545 675 769 739 bantur,
816 675 861 730 si
897 672 1120 742 quando
1178 672 1305 726 illos
1333 672 1554 728 occasio
1613 672 1950 743 suscipiendi
2021 687 2117 742 pro

547 765 778 820 veritate
813 764 1118 819 certamina
1168 777 1335 817 unum
1391 763 1444 817 in
1491 763 1672 818 locum
1735 774 2114 835 congregaret.

549 856 643 912 Sic
667 859 884 923 Patres,
912 856 1007 926 qui
1063 858 1297 926 primum
1329 872 1636 912 convenere
1686 855 1946 920 Nicaam,
1988 871 2116 911 cum

541 949 845 1020 perieulum
885 958 1051 1014 esset,
1098 962 1167 1004 ne
1233 949 1327 1002 Dei
1381 945 1567 1004 Patris
1617 957 1782 1018 atque
1837 945 2118 1019 Unigenitl

542 1041 930 1109 exploderetur
955 1039 1254 1109 aequalitas,
1295 1055 1394 1110 pro
1425 1055 1486 1094 ea
1525 1039 1640 1109 ipsa
1673 1048 2114 1109 propugnarunt.

540 1132 852 1208 Censebam
899 1133 1068 1195 enim,
1113 1132 1416 1186 audiendos
1448 1145 1556 1185 non
1623 1145 1748 1186 esse
1789 1129 2117 1202 simpliciter

538 1237 658 1285 eos,
715 1223 806 1292 qui
875 1222 940 1276 ad
983 1221 1325 1292 probandum
1382 1223 1755 1288 mendacium,
1815 1221 2116 1293 Scriptura:

539 1315 830 1370 sententiis
886 1315 994 1366 vim
1055 1312 1393 1378 aﬂ'erebant;
1458 1314 1554 1368 sed
1615 1329 1740 1369 cum
1799 1314 2114 1384 opinionem

537 1405 783 1475 opinioni
843 1405 1088 1458 viderent
1126 1407 1490 1470 contrariam,
1527 1419 1764 1474 pugnam
1801 1420 1930 1461 vero
1971 1406 2114 1460 hanc

536 1498 604 1550 ad
641 1495 982 1564 Srripturam
1017 1510 1239 1564 quoque
1287 1495 1599 1565 pervenire,
1659 1510 1782 1565 qua:
1843 1495 2112 1566 oppositis

538 1585 722 1642 favere
787 1585 1072 1639 videbatur
1127 1585 1507 1654 Opinionibus,
1562 1595 1827 1655 putarunt
1889 1587 2113 1655 quidem

538 1678 876 1748 impossibile
925 1677 1098 1732 solam
1154 1678 1400 1734 veritatis
1456 1680 1776 1747 magistram
1825 1679 1930 1736 sibi
2001 1695 2113 1736 non

539 1779 814 1833 constare,
853 1783 1197 1836 nequaquam
1227 1782 1358 1824 vero
1403 1771 1680 1840 aliquibus
1707 1771 1828 1840 ejus
1867 1772 2112 1842 partibus

535 1856 675 1912 alias
733 1855 984 1925 pra-ferre
1035 1857 1348 1921 voluerunt,
1409 1859 1505 1914 sed
1544 1869 1936 1930 congruentem
1988 1878 2113 1918 cum

539 1948 794 2001 universa
826 1946 1108 2016 Scriptura
1129 1949 1458 2003 sententiam
1484 1959 1888 2020 compererunt,
1919 1967 2115 2022 nempe

538 2040 734 2096 Filium
771 2055 895 2095 esse
922 2039 1067 2095 Patri
1096 2042 1383 2112 aequalem,
1412 2058 1711 2114 verumque
1755 2045 1950 2100 Deum.
2008 2047 2115 2101 Su-

540 2133 687 2187 blata
715 2135 862 2187 enim
887 2133 1198 2202 mqualitatc
1219 2133 1526 2188 divinarum
1549 2150 1932 2204 personarum,
1967 2138 2114 2192 vide-

536 2235 726 2280 rentur
751 2226 970 2296 quidem
1007 2225 1243 2281 fortasse
1285 2242 1408 2296 qua:
1462 2227 1730 2284 humilius
1786 2230 1855 2286 de
1907 2230 2111 2285 Christi

540 2317 1162 2373 humanitatediennlnr
1189 2319 1518 2385 consistere,
1567 2330 1624 2374 at
1689 2335 1820 2376 vero
1884 2337 1985 2392 pro
2044 2323 2113 2378 iis

538 2426 661 2480 qua:
682 2411 815 2464 dant
840 2409 1119 2464 Divinitati
1153 2410 1558 2475 testimonium,
1599 2412 1806 2467 fruSIra
1839 2422 1985 2468 esset
2014 2428 2112 2468 su-

533 2504 678 2558 blata
707 2521 722 2557 :
751 2502 974 2558 immota
1015 2517 1143 2561 tero
1199 2502 1290 2556 illa
1324 2511 1600 2569 manente,
1655 2509 1890 2573 utraque
1963 2504 2111 2558 salva

529 2610 653 2651 esse
688 2605 960 2666 poterant.
992 2593 1145 2648 lianc
1177 2595 1343 2660 igitur
1369 2594 1470 2659 illi,
1503 2610 1625 2664 qna:
1665 2593 1867 2649 bellum
1905 2597 2114 2649 excita-

530 2685 650 2750 bat,
707 2696 1132 2756 proposuerunt,
1197 2698 1298 2738 nec
1340 2683 1490 2753 prius
1549 2684 1896 2749 destiterunt,
1945 2700 2110 2755 quam

531 2780 662 2834 huic
700 2777 984 2834 victoriam
1011 2775 1320 2842 tribuerint,
1377 2786 1434 2830 et
1489 2774 1810 2846 Scriptura,
1840 2779 1983 2844 quod
2019 2793 2114 2846 per

536 2872 863 2928 sententiam
928 2871 1074 2926 illam
1131 2870 1210 2936 ﬁt,
1267 2869 1703 2924 convenientiam
1757 2885 2114 2926 consensum-

535 2978 643 3031 que
693 2962 1052 3016 reddiderint.
1112 2961 1318 3015 llorum
1378 2960 1653 3027 studium,
1705 2976 1772 3016 ac
1813 2963 2112 3018 certamina

535 3056 844 3123 pi-Opietate
871 3064 1123 3123 suscepta
1156 3053 1437 3108 consecuti
1494 3053 1612 3118 alii,
1668 3053 1832 3120 primi
1892 3068 2110 3124 quoque

535 3147 690 3201 fuere
721 3146 862 3200 modi
897 3145 1057 3220 huius
1079 3144 1370 3199 adhibendi
1401 3144 1772 3200 annulatores.
1802 3145 1877 3199 De
1943 3148 2109 3201 rebus
2137 3174 2180 3234 ο

532 3241 676 3290 t'nint
736 3246 864 3289 tunc
915 3235 969 3288 in
1027 3237 1458 3292 controversiam
1511 3237 1762 3293 deductis
1810 3237 1888 3293 illi
1943 3239 2108 3294 etiam

529 3335 721 3378 exacta
741 3339 992 3394 ptrueque
1019 3324 1322 3394 diligentia,
1354 3333 1611 3381 caventes
1639 3342 1705 3382 ne
1731 3343 1839 3398 qua
1869 3343 1932 3382 ex
1957 3339 2111 3398 parte

533 3417 816 3484 Stzl'lplltra
833 3413 1276 3480 laliel‘actaretur,
1307 3414 1480 3470 tulere
1502 3416 1852 3483 sententiam,
1876 3425 1931 3471 et
1955 3419 2106 3472 dein-

530 3523 660 3578 «ουρ»
695 3523 1034 3578 nnaqmeque
1073 3508 1318 3579 synodus
1367 3509 1555 3564 eadem
1595 3519 1777 3565 mente
1837 3512 2110 3582 quaestio-

532 3617 660 3656 num
692 3600 828 3656 alias
862 3601 1022 3655 aliter
1049 3602 1376 3669 agitatarum
1427 3602 1810 3658 tractationem
1845 3603 2109 3674 suscepit,

531 3709 593 3752 ιι
624 3713 687 3750 ex
717 3697 975 3752 erunibus
1006 3713 1114 3752 una
1139 3713 1266 3752 vere
1315 3713 1478 3752 aurea
1507 3707 1700 3752 catena
1740 3713 1989 3752 connexa
2016 3697 2107 3760 δὶι,

529 3787 679 3840 omni
723 3788 925 3855 pariter
960 3786 1370 3856 pulchritudine
1417 3796 1635 3852 ornata,
1685 3787 1988 3856 eademque
2052 3787 2106 3841 in

529 3877 857 3933 declaranda
894 3877 1188 3948 Scriptura:
1239 3893 1402 3934 sensu
1457 3881 1666 3949 optime
1729 3890 1989 3934 conserta
2047 3884 2104 3932 et

528 3980 810 4039 eoaptata.
837 3971 1096 4036 Quamvis
1123 3972 1268 4026 enim
1301 3971 1503 4041 singuli
1533 3987 1640 4026 non
1667 3980 1896 4042 possent
1927 3986 2022 4042 per
2049 3985 2109 4026 se

531 4063 684 4133 ipsos
723 4063 1041 4117 adiuvenire
1089 4067 1236 4134 quod
1280 4072 1486 4119 rectum
1559 4073 1615 4119 et
1665 4080 1882 4134 a-quurn
1942 4074 2107 4130 esset,

531 4155 892 4224 suppetebant
918 4163 1095 4208 tamen
1130 4154 1529 4223 posterioribus
1549 4156 1793 4226 priorum
1816 4155 2065 4225 exempla
2090 4173 2104 4210 :

525 4248 674 4316 quod
712 4247 758 4301 si
783 4249 947 4301 etiam
984 4246 1070 4301 his
1096 4248 1427 4312 caruissent,
1463 4257 1612 4303 certe
1641 4246 1878 4319 Spiritus
1901 4247 2108 4302 auxilio

529 4348 782 4405 poterant
815 4337 918 4406 ipsi
963 4353 1058 4406 per
1088 4352 1146 4392 se
1202 4346 1375 4392 totum
1413 4339 1518 4393 hoc
1549 4339 1764 4408 egregie
1821 4348 2104 4408 praestare.

527 4430 716 4498 Itaque
743 4445 850 4483 non
912 4429 1076 4482 modo
1130 4439 1449 4484 sanctorum
1490 4429 1724 4500 quisque
1785 4430 2104 4499 separatim,

2220 582 2453 649 ταυτησὶ
2480 581 2578 648 τῆς
2603 579 2831 650 γνώμης
2871 579 3133 646 ἐγίνοντο,
3162 580 3320 633 ὁπότε
3363 580 3472 634 τῶν
3520 581 3655 652 ὑπὲρ
3681 584 3769 651 τῆς

2219 669 2478 739 ἀληθείας
2510 669 2740 738 ἀγώνων
2769 669 2967 732 αὐτοὺς
3001 669 3036 740 ὴ
3086 669 3246 739 χρεία
3293 669 3548 740 συνῆγεν.
3576 670 3771 724 Λύτίκα

2219 762 2328 832 γὰρ
2361 761 2410 814 oi
2447 761 2506 814 τὸ
2536 761 2755 832 πρῶτον
2784 760 3134 826 συνελθόντες
3166 763 3226 814 ὲν
3282 762 3492 833 Νικαίᾳ
3522 762 3769 832 Πατέρες,

2216 853 2317 922 τῆς
2363 855 2497 922 πρὸς
2557 853 2652 905 τὸν
2692 852 2914 923 Πατέρα
2973 851 3072 906 τοῦ
3125 853 3468 922 Μονογενοῦς
3513 853 3770 926 ἰσοτιμίας

2217 943 2639 1015 κινδυνευούσης
2671 943 3056 1010 ἐκϐάλλεσθαι,
3086 944 3277 999 τοῦτον
3311 945 3407 998 τδν
3438 947 3634 1016 τρόπον
3652 962 3772 1015 προ-

2214 1035 2454 1105 ὔστησαν
2477 1051 2492 1067 ⁸
2523 1035 2585 1089 ού
2611 1037 2722 1107 γὰρ
2752 1035 2944 1106 ἠξίουν
2973 1036 3276 1106 προσέχειν
3333 1037 3520 1100 ἁπλῶς
3547 1038 3653 1099 τοῖς
3703 1039 3774 1098 εἰς

2215 1125 2498 1194 ἀπόδειξιν
2518 1126 2611 1182 τοῦ
2641 1127 2868 1197 ψεύδους
2901 1128 3261 1200 βιαζομένους
3290 1129 3360 1182 τά
3412 1129 3511 1198 τῆς
3568 1127 3775 1196 Γραφῆς

2217 1219 2508 1290 ἀξιώματα
2531 1237 2546 1252 ο
2577 1221 2716 1276 ἀλλά
2757 1221 2884 1293 δόξῃ
2915 1221 3016 1291 μὲν
3071 1221 3229 1288 δόξαν
3271 1221 3588 1292 μαχομένην
3621 1220 3776 1288 ὁρῶν-

2215 1329 2330 1379 τες,
2359 1313 2454 1366 τὸν
2501 1312 2559 1366 δι
2595 1313 2831 1380 πόλεμον
2859 1313 3052 1367 τοῦτον
3102 1315 3198 1368 καὶ
3245 1314 3383 1384 πρὸς
3436 1313 3536 1381 τὴν
3567 1311 3778 1382 Γραφὴν

2216 1403 2654 1474 διασαίνοντα,ῆ
2693 1406 2815 1467 ταῖς
2852 1403 3128 1468 ἐναντίαις
3180 1403 3362 1468 δόξαις
3419 1404 3592 1456 ἐδόκει
3625 1418 3777 1468 συνη-

2214 1496 2422 1566 γορεῖν,
2470 1495 2570 1566 τὴν
2605 1495 2706 1565 μὲν
2767 1496 2939 1566 μόνην
2985 1495 3086 1566 τῆς
3149 1496 3418 1566 ἀληθείας
3474 1494 3777 1548 διδάσκαλον

2213 1585 2479 1642 ἀδύνατον
2538 1589 2796 1658 ἐνόμισαν
2829 1583 2974 1643 εἶναι
3030 1589 3395 1659 περιπίπτειν
3456 1588 3628 1658 αὐτῇ·
3673 1585 3776 1638 οὔτ’

2213 1675 2474 1746 ἠξίωσαν,
2507 1676 2646 1731 ἀλλά
2697 1677 2900 1748 μᾶλλον
2935 1679 3114 1734 ἄλλων
3175 1679 3344 1748 τιμᾷν
3378 1677 3549 1744 αὐτῆς
3612 1677 3772 1746 μέρη-

2216 1769 2317 1839 τὴν
2339 1767 2387 1822 δ’
2421 1758 2615 1840 ἁπάσῃ
2650 1772 2716 1839 τῇ
2769 1769 2958 1842 Γραφῇ
2995 1769 3406 1838 συμφωνοῦσαν
3441 1769 3600 1834 δόξαν
3635 1767 3778 1823 ἀνεῦ-

2220 1877 2337 1932 ρον,
2364 1860 2489 1931 ἥτις
2509 1855 2578 1931 ἦν
2603 1863 2638 1933 ή
2665 1861 2744 1932 τῷ
2769 1862 2946 1931 ηατρὶ
2969 1861 3062 1914 τὸν
3097 1861 3226 1915 Υίὸν
3246 1861 3364 1914 ἴσον
3397 1856 3538 1914 εἶναι
3562 1861 3772 1920 τιθεῖσα,

2217 1954 2315 2006 καὶ
2349 1952 2483 2006 Θεδν
2531 1953 2732 2023 ἀληθῆ.
2782 1953 2893 2022 Τῆς
2953 1953 3062 2024 γὰρ
3105 1953 3214 2006 τῶν
3265 1952 3430 2006 θείων
3485 1950 3774 2022 προσώπων

2220 2046 2500 2114 ίσοτιμίας
2523 2045 2952 2114 ἀναιρουμένης.
2981 2044 3128 2110 εδοξε
3165 2045 3266 2114 μιν
3311 2044 3381 2098 ἀν
3412 2045 3544 2108 ῐσως
3571 2047 3635 2100 τὰ
3661 2046 3774 2113 περὶ

2214 2135 2310 2190 τοῦ
2345 2134 2584 2206 Χριστοῦ
2617 2136 3003 2205 ταπεινότερον
3047 2153 3104 2188 τε
3147 2137 3242 2189 καὶ
3297 2136 3776 2206 ἀνθρωπικώτερον

2213 2227 2486 2295 λεγόμενα
2544 2225 2844 2292 σώζεσθαι,
2885 2227 3000 2291 τοῖς
3056 2226 3113 2280 δὲ
3144 2227 3242 2297 τὴν
3299 2227 3536 2295 θεότητα
3587 2242 3777 2298 μαρτυ.

2215 2319 2370 2394 ροῦσι
2421 2319 2602 2390 μάτην
2639 2317 2945 2391 ἀνῃρῆσθαι
2992 2313 3392 2392 περιεγεγόνει.
3454 2321 3692 2388 Ἐκεῖνης
3737 2320 3775 2372 δ’

2213 2411 2478 2482 ἀκινήτου
2513 2409 2805 2481 μενούσης,
2837 2410 2936 2465 καὶ
2965 2411 3299 2481 ἀμφοτέροις
3337 2413 3551 2474 τούτοις
3582 2410 3775 2480 ὑπῆρχε

2213 2506 2461 2572 κρατεῖν.
2516 2503 2737 2572 Ταύτην
2771 2497 2863 2557 οὖν
2901 2503 2996 2574 τῆς
3026 2502 3118 2556 τδν
3141 2503 3382 2572 πόλεμον
3407 2501 3776 2571 ἀνεγειρούστις

2214 2594 2623 2666 προὺτίμησαν,
2665 2595 2777 2649 οὐδ’
2815 2595 3134 2666 ἀπέστησαν
3188 2595 3297 2657 ἓως
3349 2595 3525 2670 ταύτῃ
3579 2595 3671 2664 μὲν
3723 2593 3776 2646 τὸ

2213 2688 2390 2758 νικᾷν,
2413 2689 2479 2758 τῇ
2499 2687 2556 2740 δὲ
2594 2685 2784 2758 Γραφῇ
2811 2686 2871 2740 τὸ
2920 2687 3208 2756 γινόμενον
3233 2687 3304 2740 δι’
3348 2686 3517 2759 αὐτῆς
3575 2685 3665 2740 καὶ
3688 2685 3776 2754 τὴν

2215 2781 2540 2851 συμφωνίαν
2569 2780 2866 2835 ἀπέδοσαν.
2903 2777 3124 2834 Τούτων
3158 2779 3314 2833 ἄλλοι
3357 2781 3490 2844 τοὺς
3527 2779 3662 2850 ὑπὲρ
3687 2777 3776 2843 τῆς

2213 2871 2500 2934 εύσςδείας
2527 2871 2746 2940 ἀγῶνας
2779 2873 2876 2925 καὶ
2904 2873 3004 2942 τὴν
3055 2871 3378 2942 πρν.θυμ⁹αν
3424 2870 3776 2938 ἐκδεξάμενοι,

2213 2961 2424 3031 πρῶτοι
2449 2962 2662 3030 καὶτῆς
2705 2961 2837 3034 περὶ
2859 2961 3036 3016 ταῦτα
3065 2961 3292 3033 μεθόδου
3329 2965 3668 3034 κατέστησαν
3694 2959 3778 3028 {q-

2212 3051 2382 3105 λωταί
2412 3066 2426 3081 ⁶
2469 3051 2582 3115 τοῖς
2608 3052 2716 3122 γὰρ
2753 3051 2874 3103 τότε
2909 3049 3192 3121 ζητηθείσι
3221 3051 3322 3103 καὶ
3353 3041 3501 3103 οὗτοι
3527 3045 3660 3117 μετά
3687 3047 3775 3111 τῖς

2214 3141 2384 3212 αὐτῆς
2415 3139 2698 3204 ἀκριϐείας
2728 3141 2822 3195 καὶ
2851 3139 2947 3194 τοῦ
2996 3140 3343 3212 πανταχόθεν
3410 3141 3511 3210 τὴν
3567 3135 3770 3208 Γραυὴν

2218 3233 2509 3303 φυλάττειν
2553 3232 2874 3295 ἀσάλευτον,
2933 3233 3033 3302 τὴν
3069 3233 3250 3302 κρίσιν
3298 3233 3612 3286 ἀπέδωκαν.
3683 3227 3776 3280 Καὶ

2217 3329 2369 3381 πᾶσα
2395 3325 2611 3388 σύνοδος
2651 3324 2852 3394 ἐφεξῆς
2902 3327 3041 3393 μετὰ
3073 3324 3173 3392 τῆς
3205 3324 3383 3392 αὐτῆς
3417 3323 3646 3382 διανοίας
3663 3318 3776 3386 περὶ

2217 3419 2325 3474 τῶν
2364 3417 2556 3471 ἀλλοτε
2602 3416 2779 3480 ἄλλως
2831 3416 3187 3486 ζητουμένων
3234 3416 3537 3486 ἐσκέψατο,
3582 3413 3654 3476 ὡς
3700 3410 3776 3463 ea

2219 3513 2410 3566 πασῶν
2447 3513 2576 3574 μίαν
2603 3511 2724 3565 τινὰ
2763 3509 2974 3580 χρυσῆν
3001 3509 3075 3573 ὠς
3110 3508 3335 3578 ἀληθῶς
3370 3506 3776 3574 ἀποτελεσθῆναι

2217 3605 2430 3674 σειρὰν,
2475 3604 2597 3673 ἴσην
2644 3602 2818 3656 ἀπαοίι
2867 3604 2983 3664 τοίς
3053 3601 3263 3665 καλοῖς,
3312 3604 3456 3671 πρὸς
3508 3602 3564 3653 δι
3607 3599 3694 3650 καὶ
3721 3597 3776 3664 τῇ

2217 3697 2346 3764 περὶ
2375 3694 2486 3747 τῶν
2517 3695 2753 3764 Γραφῶν
2791 3693 2988 3767 γνώμῃ
3038 3693 3456 3765 συμϐεϐηκυῖαν
3484 3694 3669 3766 ἄριστα
3699 3691 3777 3740 καὶ

2218 3789 2695 3856 συνηρμοσμένην.
2731 3787 2794 3840 Εἰ
2823 3789 2930 3855 γάρ
2963 3787 3060 3839 καὶ
3103 3786 3179 3853 μὴ
3206 3787 3344 3856 παρ’
3404 3786 3610 3840 ἑαυτῶν
3661 3783 3776 3836 Exa-

2217 3897 2334 3934 στοι
2356 3881 2413 3932 τὸ
2446 3879 2612 3932 καλὸν
2645 3880 2741 3930 καὶ
2795 3879 3006 3932 δίκαιον
3045 3873 3193 3948 εἶχον
3229 3878 3530 3949 εὑρίσκειν,
3581 3874 3690 3930 ἀλλ’
3720 3869 3778 3942 ἦν

2215 3972 2281 4024 ὲκ
2320 3969 2430 4024 τῶν
2454 3970 2740 4040 προτέρων
2775 3971 2885 4032 τοῖς
2913 3969 3160 4040 ὑστέροις
3218 3969 3287 4023 τὰ
3357 3970 3775 4041 παραδείγματα.

2215 4061 2277 4115 Εἰ
2304 4059 2358 4114 δὲ
2391 4061 2485 4114 καὶ
2520 4059 2726 4113 τούτων
2751 4060 3015 4130 ἠπόρουν,
3075 4058 3192 4113 ἀλλ’
3235 4061 3457 4114 οἴκοθεν
3500 4061 3650 4114 αὐτοὶ
3693 4074 3776 4111 κα-

2213 4155 2443 4226 τορθοῦν
2473 4153 2742 4225 ἠδύναντο
2764 4153 2838 4224 τῷ
2865 4152 3142 4222 Πνεύματι
3175 4152 3560 4224 βοηθούμενοι,
3589 4149 3774 4205 ὥστόἱ.

2217 4248 2384 4319 μόνον
2407 4247 2633 4300 ἕκαστοι
2669 4247 2777 4300 τῶν
2813 4246 2986 4313 ἁγίων
3020 4246 3212 4315 χωρὶς,
3256 4245 3402 4299 ἀλλά
3450 4246 3542 4300 καὶ
3597 4247 3776 4299 πάντες

2212 4340 2351 4408 ὁμοῦ
2405 4343 2542 4409 μετά
2591 4339 2691 4408 τῆς
2759 4339 2868 4390 τῶν
2920 4336 2958 4388 Γ
2966 4335 3156 4406 ραφῶν
3227 4337 3552 4405 συμφωνίας
3616 4334 3775 4386 πάντα

2214 4429 2477 4502 ἐποίησαν
2518 4443 2536 4462 ο
2582 4429 2679 4483 καὶ
2716 4430 2790 4500 μὴ
2822 4428 2982 4498 μόνον
3011 4426 3134 4480 καθ’
3173 4426 3292 4490 ἕνα,
3326 4428 3466 4481 ἀλλὰ
3511 4426 3601 4480 καὶ
3653 4421 3775 4476 κατά

527 4520 626 4573 sed
663 4521 975 4586 congregati
1005 4519 1168 4571 etiam
1217 4533 1408 4573 omnes
1441 4519 1647 4583 omnia,
1691 4531 1906 4572 servata
1965 4533 2101 4572 cnn-

2214 4521 2429 4581 πλείους
2459 4519 2558 4590 τὴν
2597 4518 2771 4588 αὐτὴν
2804 4517 2936 4586 περὶ
2965 4516 3075 4569 τῶν
3106 4516 3288 4570 αὐτῶν
3311 4517 3626 4586 προείλοντο
3652 4508 3774 4580 γνὼ·

526 4609 713 4662 eordia
739 4609 1177 4678 Scripturarutn,
1211 4620 1438 4679 egerunt
1472 4624 1486 4663 :
1521 4626 1700 4682 neque
1737 4620 1946 4664 tantum
1973 4609 2107 4679 {sin-

533 4699 780 4767 gulatim,
805 4699 901 4754 sed
932 4700 1243 4770 complures
1270 4717 1488 4772 quoque
1529 4701 1694 4756 simul
1748 4701 1993 4756 eamdem
2042 4702 2110 4755 de

530 4787 727 4842 iisdem
787 4789 1029 4844 habuere
1079 4793 1431 4850 sententiam.
1471 4791 1660 4862 Neque
1696 4790 1945 4847 docendo
1978 4807 2109 4846 suos

532 4893 797 4952 putarunt
826 4883 1126 4940 habendam
1159 4902 1281 4942 esse
1303 4902 1414 4956 prae
1465 4887 1643 4942 oculis
1699 4900 2102 4955 usquequaque

527 4975 968 5030 convenientiam
1007 4977 1413 5047 Scripturarutn
1443 4995 1459 5044 ;
1503 4976 1797 5048 pugnando
1825 4993 1951 5032 vero
1982 4994 2106 5031 cum

526 5066 860 5121 adversariis
898 5065 1064 5122 al.nm
1100 5084 1224 5123 esse
1279 5078 1502 5124 modum
1561 5068 1955 5134 adhibendum,
2013 5071 2105 5125 sed

526 5170 740 5225 contra,
763 5161 945 5230 priora
975 5159 1078 5216 illis
1109 5161 1262 5216 luere
1302 5176 1444 5232 opus
1503 5168 1724 5230 propter
1775 5161 2104 5230 posteriora.

526 5254 705 5322 Atque
741 5262 800 5306 ut
824 5269 983 5307 nemo
1017 5252 1336 5323 apparentia
1395 5260 1608 5306 tantum
1671 5252 1986 5316 attendens,
2026 5253 2106 5307 la-

482 5355 733 5400 -tentem
788 5358 917 5398 vero
956 5359 1061 5397 non
1118 5343 1384 5398 eﬂ‘odteus
1427 5342 1748 5396 thesaurum
1799 5345 1902 5398 sibi
1956 5344 2111 5398 iteret

527 5451 690 5490 causa
715 5435 947 5497 erroris,
971 5443 1295 5504 putaretque
1329 5435 1466 5488 duce
1497 5434 1562 5487 ad
1587 5434 1885 5504 praecipitia
1947 5435 2108 5488 lumi-

532 5543 600 5582 ne
629 5526 728 5591 uti,
765 5527 888 5581 illas
916 5527 1081 5580 etiam
1105 5526 1320 5578 viarum
1346 5526 1694 5594 asperitates,
1725 5527 1828 5580 hoc
1851 5537 1935 5579 est
1963 5526 2104 5590 loca,

529 5632 648 5689 quae
702 5616 953 5670 videntur
997 5631 1246 5670 asserere
1293 5618 1612 5686 pugnantia,
1658 5619 2103 5689 complanabant,

527 5705 888 5773 eumdemque
915 5705 966 5758 in
1001 5705 1259 5759 omnibus
1294 5721 1516 5760 sensum
1545 5709 1850 5762 consistere
1880 5709 2106 5761 demon-

529 5796 800 5846 strabant.
841 5795 915 5847 Ita
949 5796 1113 5850 veluti
1147 5796 1422 5850 couununi
1453 5797 1684 5853 consilio
1739 5810 1851 5852 tum
1888 5798 2103 5867 publice

2215 4628 2324 4681 μην
2346 4625 2357 4637 ·
2381 4609 2491 4662 οὐδ’
2525 4610 2807 4678 ἡγήσαντο
2835 4609 2962 4670 τοὶς
3018 4606 3118 4675 μὶν
3169 4603 3410 4668 οἰκείους
3457 4605 3775 4658 διδάσκοντες

2210 4705 2310 4772 τῆς
2342 4701 2449 4755 τῶν
2505 4701 2736 4771 Γραφῶν
2790 4699 3110 4767 συμφωνίας
3163 4696 3525 4767 στοχάζεσθαι
3589 4706 3774 4747 πανταο

2211 4793 2330 4863 χο),
2391 4791 2517 4852 τοὺς
2574 4791 2630 4842 δὲ
2673 4790 2805 4858 πρὶς
2858 4790 2982 4852 τοὺς
3036 4786 3313 4848 ἐναντίους
3374 4786 3588 4852 ἀγῶνας
3635 4780 3773 4834 ἄλλον

2210 4883 2334 4936 τινα
2384 4869 2720 4935 διατίθεσθαι
2771 4881 2972 4953 τρόπον
3001 4895 3014 4911 ·
3073 4878 3390 4931 τούναντίον
3433 4877 3540 4948 γὰρ
3593 4871 3774 4944 μᾶλλον

2212 4973 2435 5026 καὶτῶν
2459 4974 2744 5044 προτέρων
2775 4973 2956 5035 αὐτοῖς
2986 4969 3096 5025 τῶν
3142 4970 3387 5041 ὑστέρων
3435 4968 3591 5039 χάριν
3637 4963 3775 5026 ὲδέη⁶

2214 5081 2295 5118 σε.
2331 5065 2440 5118 Καὶ
2475 5063 2616 5117 ὥστε
2642 5063 2846 5133 μηδένα
2896 5062 2975 5134 τῷ
3035 5063 3348 5133 φαινομένῳ
3405 5063 3564 5131 μόνον
3622 5067 3774 5123 προς·

2215 5155 2430 5225 ἔχοντα,
2464 5156 2553 5208 τὸν
2590 5153 2634 5207 δ’
2686 5155 3004 5224 ἐγκείμενον
3035 5155 3135 5206 οὐκ
3174 5151 3540 5222 ἀνορύττοντα
3587 5148 3772 5216 θησαυο

2213 5250 2328 5319 ρον,
2365 5248 2574 5317 πλάνης
2600 5248 2770 5301 αἴτιον
2791 5246 2940 5310 αύτῷ
2961 5246 3312 5316 γεγενῆσθαι,
3340 5245 3436 5298 καὶ
3477 5242 3676 5297 οἴεσθαι
3702 5233 3768 5302 τῷ

2213 5341 2356 5410 φωτὶ
2386 5339 2626 5411 χρῆσθαι
2659 5339 2794 5409 πρὸς
2825 5341 2950 5402 τοὺς
2978 5339 3262 5409 κρημνοὺς
3292 5335 3498 5406 όδηγῷ,
3539 5333 3629 5386 κα)⁵
3656 5330 3769 5382 ἀνο-

2212 5431 2330 5494 δίας
2362 5435 2460 5494 τὰς
2491 5431 2758 5492 δοκούσας
2786 5431 3085 5498 διαφωνίας
3107 5429 3356 5500 ἐξῄρουν,
3390 5429 3483 5480 καὶ
3509 5423 3600 5477 τὸν
3623 5416 3770 5473 αὐτὸν

2212 5523 2300 5576 διὰ
2340 5523 2558 5576 πάντων
2591 5522 2864 5585 σώζεσθαι
2895 5521 3020 5574 νοῦν
3053 5522 3430 5575 ἀπεδείκνυον.
3486 5516 3636 5571 Οὕτω
3683 5526 3771 5562 κι-

2213 5618 2394 5686 θὰπερ
2425 5617 2534 5670 ἀπὸ
2567 5617 2910 5686 συνθήματος
2937 5619 3030 5669 καὶ
3061 5619 3215 5686 κοινῇ
3257 5617 3348 5669 καὶ
3385 5614 3492 5684 ἰδίᾳ
3518 5610 3608 5664 καὶ
3642 5622 3766 5658 παν-

2212 5712 2380 5779 ταχοῦ
2416 5710 2512 5764 καὶ
2540 5711 2672 5779 πρὸς
2707 5711 2889 5762 πᾶσαν
2920 5709 3124 5777 χρείαν,
3144 5709 3333 5762 τούτου
3369 5707 3600 5776 μάλιστα
3645 5698 3716 5749 τεά
3745 5722 3768 5732 -

2213 5821 2319 5855 των
2351 5804 2699 5872 ὲ·;ρρῦντισ..ν,
2758 5801 2832 5865 ὠς
2863 5798 3025 5853 τοῦτο
3062 5802 3352 5871 κεφάλαιον
3386 5797 3444 5850 ὃν
3479 5794 3652 5856 αὐτοῖς
3679 5788 3765 5854 τῆς
