4038 6418
515 426 614 488 491

1628 402 2011 469 GENNADII
2049 401 2158 465 (ΖΡ.
2197 395 2713 462 PATRIARCILE

3665 392 3777 462 4θῖ

521 540 670 590 itane
699 546 831 601 ergo
879 524 1377 600 philosophandum
1412 530 1497 577 est
1543 520 1612 577 de
1652 517 1935 590 proposita
1972 527 2109 585 quo-

2216 513 2313 568 τοῦ
2346 515 2674 584 πράγματος
2708 514 2821 583 ἔχει
2849 529 2863 580 ;
2898 511 3176 584 Οὖμενουν
3199 530 3213 544 ο
3255 512 3635 582 ἐκπορεύεσθαι
3665 514 3761 583 γὰρ

518 644 627 698 que
675 622 941 681 materia?
992 619 1236 675 Minime.
1288 613 1590 671 Procedere
1633 611 1838 681 quippe
1879 606 2032 661 illum
2082 618 2115 659 ιι

516 721 678 783 Filio,
713 727 1017 782 rursusque
1047 725 1156 765 non
1189 705 1512 778 procedere,
1545 701 1780 757 omnino
1802 707 1888 754 est
1911 698 2116 766 impos-

517 812 697 868 sibile.
742 808 929 863 Restat
981 804 1146 874 igitur
1174 810 1231 855 ut
1271 798 1506 853 alterum
1536 794 1754 849 illorum
1792 792 1863 845 sit
1896 801 2112 843 rerum.

518 908 587 960 At
635 909 890 958 neutrum
933 896 1062 951 licet
1090 908 1121 950 e
1160 891 1451 961 Scriptura
1488 885 1666 958 planis
1717 882 1901 937 verbis
1950 880 2115 935 desu-

519 1010 715 1051 mere:
743 987 1113 1058 colligendum
1159 999 1293 1054 ergo
1341 991 1427 1036 est
1472 995 1538 1034 ex
1577 974 1904 1047 quibusdam
1962 971 2115 1037 aliis,

517 1100 641 1156 quae
663 1080 947 1151 Scriptura
965 1076 1111 1131 dicat
1132 1083 1341 1142 aperte.
1369 1069 1445 1124 Ea
1475 1068 1639 1139 igitur
1671 1062 2069 1121 consideranda
2101 1078 2115 1114 :

519 1151 585 1234 iit
614 1176 658 1231 si
690 1171 910 1244 quidem
934 1167 1118 1223 omnia
1142 1163 1437 1233 Scriptura:
1464 1160 1578 1215 loca
1616 1157 1940 1212 Latinorum
1972 1151 2115 1207 afﬁr-

520 1265 743 1321 mationi
781 1253 1381 1325 favent,amplectenda
1421 1249 1512 1304 illa
1540 1257 1667 1303 est:
1708 1246 1754 1302 si
1793 1259 1920 1298 vero
1947 1255 2115 1312 nega-

519 1359 652 1415 tioni
702 1358 1062 1416 Graecorum,
1115 1346 1412 1416 rejieienda
1463 1339 1774 1396 aﬂirmatio.
1812 1334 2004 1391 Veluti
2065 1334 2114 1388 si

519 1451 661 1506 mitti
698 1464 729 1504 a
787 1445 951 1501 Patre
1004 1452 1059 1497 et
1110 1440 1250 1495 Filio
1284 1452 1300 1493 :
1333 1438 1380 1493 si
1434 1435 1560 1502 quia
1622 1431 1826 1485 dicitur
1875 1425 2114 1498 Spiritus

518 1553 832 1611 utriusque,
877 1551 990 1591 non
1038 1533 1216 1588 solius
1274 1527 1526 1583 videlicet
1578 1522 1780 1589 Patris,
1812 1520 1908 1576 sed
1948 1517 2113 1573 modo

518 1609 737 1708 quidem
790 1631 1060 1695 veritatis,
1124 1626 1288 1681 modo
1332 1638 1461 1676 vero
1506 1617 1713 1675 Christi
1760 1624 1817 1672 et
1868 1611 2027 1679 Filii;
2064 1609 2110 1666 si

517 1704 663 1804 quod
706 1727 893 1783 omnia
931 1738 1051 1793 qua:
1090 1719 1253 1775 Pater
1295 1717 1478 1781 habet,
1531 1711 1642 1767 sint
1675 1709 1843 1765 etiam
1876 1704 2033 1771 Filii;
2064 1704 2111 1761 si

2215 606 2356 660 αὐτὸ
2407 606 2560 674 παρὰ
2590 605 2686 659 τοῦ
2723 605 2881 671 Υίοῦ,
2907 605 3005 659 καὶ
3038 605 3203 659 πάλιν
3247 605 3343 659 οὒκ
3374 605 3763 676 ἐκπορεύεσθαι,

2221 697 2482 764 καθάπαξ
2522 697 2811 752 ἀδύνατον.
2841 694 3107 750 Λείπιιαι
3130 696 3311 750 τοίνυν
3336 695 3556 767 θάτερον
3574 694 3764 750 τούτων

2220 789 2420 859 ἀληθὲς
2449 784 2610 844 εἶναι.
2674 788 2816 842 Ἀλλ’
2868 789 3155 860 οὐδέτερον
3190 787 3398 842 τούτων
3426 790 3489 841 ἐκ
3519 787 3616 855 τῆς
3640 786 3767 856 Γρα-

2221 882 2327 951 φῆς
2360 878 2661 952 διαρρήδην
2693 879 2815 934 ἐστι
2846 879 3054 933 λαϐεῖν.
3085 878 3298 934 Οὐκοῦν
3330 878 3393 932 ἐκ
3420 893 3577 933 τινων
3611 875 3768 931 ἄλλων

2220 970 2381 1025 τοῦτο
2436 971 2771 1041 συνάγεσθαι
2837 971 2923 1025 δεῖ
2977 972 3231 1044 φανερῶς
3289 971 3408 1024 ἐκεῖ
3461 969 3765 1040 λεγομένων.

2219 1061 2403 1116 Ταῦτα
2422 1062 2606 1115 τοίνυν
2622 1062 2833 1115 δίκαιόν
2854 1064 2968 1116 ἐστι
2992 1062 3223 1133 θεωρεῖν
3246 1077 3260 1093 ⁸
3290 1063 3383 1116 καὶ
3406 1062 3456 1115 ει
3484 1061 3577 1131 μὲν
3608 1060 3768 1114 πάντα

2216 1153 2287 1208 τὰ
2317 1153 2415 1224 τῆς
2448 1153 2675 1224 Γραφῆς
2707 1156 2774 1223 τῇ
2811 1153 2923 1208 τῶν
2953 1155 3202 1209 Λατίνων
3242 1154 3433 1225 βοηθεῖ
3462 1154 3767 1221 καταφάσει,

2216 1244 2423 1316 ταύτην
2467 1245 2684 1300 ἑλέσθαι
2711 1262 2726 1279 ν
2753 1248 2803 1300 εί
2851 1246 2909 1300 δὲ
2950 1249 3017 1317 τῇ
3061 1247 3172 1301 τῶν
3217 1248 3467 1318 Γραικῶν
3494 1246 3765 1314 ἀποφάσει,

2216 1338 2319 1408 τὴν
2367 1339 2676 1406 κατάφασιν
2721 1337 3033 1408 ἀτιμάζειν.
3091 1335 3218 1393 Οίον
3266 1342 3316 1394 εί
3367 1340 3429 1394 τὸ
3478 1336 3770 1407 πέμπεσθαι

2217 1431 2372 1501 παρὰ
2405 1431 2618 1503 [ἰατρὸς
2644 1434 2739 1486 καὶ¹
2770 1432 2902 1486 Υἰού
2926 1447 2941 1463 ο
2973 1432 3021 1485 εί
3055 1432 3116 1486 τδ
3147 1432 3243 1486 καὶ
3277 1432 3599 1504 ἀμφοτέρων
3632 1429 3769 1498 λέγε-

2218 1522 2341 1577 σθαι
2395 1522 2647 1595 Πνεῦμα,
2674 1523 2735 1578 ού
2778 1523 2945 1595 μόνον
2972 1523 3217 1594 δηλονότι
3271 1523 3500 1595 Πατρος,
3532 1521 3772 1577 ἀλλ’ἐνθα

2219 1615 2320 1682 μὲν
2375 1613 2659 1684 ἀληθείας,
2690 1614 2820 1669 ἔνθα
2874 1616 2932 1669 δὲ
2989 1615 3232 1687 Χριστοῦ
3290 1618 3385 1670 καὶ
3442 1613 3603 1669 riui“
3634 1614 3679 1666 εί
3719 1612 3773 1666 τδ

2216 1705 2394 1761 πάντα
2428 1705 2498 1761 τὰ
2523 1694 2856 1777 τοῦἽῐιῑτρδς
2886 1708 3032 1780 ἐχειν
3056 1709 3152 1762 καὶ
3182 1708 3272 1762 τὸν
3305 1709 3434 1763 Υίόν
3453 1724 3466 1738 ·
3491 1708 3538 1761 εί
3559 1706 3617 1760 τὸ
3640 1705 3774 1775 παρά

518 1797 764 1891 accipere
807 1834 838 1872 a
881 1816 1039 1878 Filio,
1080 1823 1136 1866 et
1164 1806 1539 1863 annuntiare.:
1577 1801 1624 1857 si
1663 1800 1780 1854 dari
1823 1797 2110 1868 discipulis

2216 1799 2310 1854 τοῦ
2341 1800 2472 1855 Υἱοῦ
2497 1799 2801 1871 λαμϐάνειν
2835 1801 2931 1854 καὶ
2962 1800 3320 1869 άναγγέλλειν
3340 1815 3355 1828 ’
3380 1801 3428 1853 εί
3462 1798 3520 1852 τὸ
3545 1799 3651 1860 τοῖς
3677 1814 3773 1866 μα-

518 1866 764 1891 ..-υννη
808 1866 838 1872 _
881 1866 978 1872 ,η
1026 1866 1039 1878 ,
1969 1866 1978 1868 ἡ

517 1914 781 1985 Spiritum
843 1902 1220 1963 insumatiune
1270 1909 1571 1965 corporea;
1625 1892 1672 1947 si
1723 1890 1872 1962 quod
1935 1887 2110 1945 Filius

2216 1893 2413 1965 θηταῖς
2462 1866 2819 1964 ἐμφυσήματι
2850 1866 3156 1964 σωματικῷ
3186 1895 3247 1947 τι
3285 1892 3510 1961 Πνεῦμα
3534 1891 3770 1946 δίδοσθαιο

516 1983 695 2062 mittat
731 2003 883 2057 illum
912 2015 942 2054 a
979 1999 1163 2061 Patre,
1197 1994 1340 2048 sicut
1374 1988 1535 2044 Pater
1566 1985 1731 2040 mittit
1763 1984 2015 2039 eumdem
2057 1984 2108 2036 in

2216 1986 2267 2039 εί
2314 1986 2375 2039 τὸ
2408 1985 2655 2054 πέμπειν
2706 1984 2841 2038 αὐτὸ
2886 1989 2980 2039 τὸν
3036 1985 3164 2039 Υίδν
3212 1986 3366 2057 παρὰ
3412 1983 3504 2038 τοῦ
3561 1983 3771 2053 Πατρδῖν

517 2101 733 2154 nomine
766 2096 921 2158 Filii;
967 2092 1015 2147 si
1065 2090 1194 2160 quia
1244 2086 1450 2141 missus
1489 2079 1690 2135 arFilio
1739 2078 2011 2150 glorificet
2044 2077 2107 2131 il-

2217 2074 2409 2146 ὥσπερ
2440 2077 2467 2128 ὁ
2502 2076 2693 2147 Πατὴρ
2742 2074 2879 2129 αὐτὸ
2933 2076 3145 2146 πέμπει
3193 2078 3252 2128 ἐν
3303 2076 3382 2146 τῷ
3428 2073 3649 2143 ὀνόματι
3689 2070 3771 2126 τοῦ

514 2202 624 2250 tum
647 2232 662 2255 ,
696 2185 1158 2261 quemadmodum
1195 2180 1369 2233 Filius
1397 2193 1426 2231 a
1448 2174 1621 2230 Patre
1654 2173 1858 2230 missus
1885 2171 2104 2243 glorill-

2216 2167 2349 2261 riui}
2374 2183 2389 2198 '
2412 2169 2459 2261 εί
2489 2168 2551 2220 τὸ
2583 2168 2942 2238 πεμπόμενον
2985 2168 3051 2222 ἐκ
3078 2166 3176 2220 τοῦ
3206 2167 3341 2221 Υίοῡ
3370 2165 3577 2230 δοξάζει
3604 2161 3769 2222 αὐτὸν,

511 2295 601 2342 eat
655 2299 779 2338 eum
830 2297 861 2336 a
921 2291 1032 2348 quo
1065 2276 1268 2329 missus
1303 2279 1440 2326 est:
1497 2267 1544 2324 si
1593 2267 1710 2321 lucc
1741 2264 1925 2320 omnia
1978 2273 2113 2318 sunt

2216 2259 2459 2329 ὥσπερό
2501 2258 2629 2323 Υἱὸς
2676 2258 3012 2323 ἀποσταλεὶς
3065 2259 3131 2312 ἐκ
3180 2258 3277 2312 τοῦ
3331 2257 3543 2327 Πατρδς
3582 2255 3771 2323 δοξάζει

515 2372 864 2433 aliirmationi
910 2382 1178 2432 consona,
1223 2362 1475 2419 habenda
1522 2366 1609 2416 est
1639 2358 1731 2413 illa
1763 2371 1862 2427 pro
1893 2369 2021 2411 vera
2051 2364 2109 2410 et

514 2479 685 2526 certa.
710 2465 923 2521 Rursus
945 2463 991 2518 si
1015 2475 1121 2532 qua
1148 2467 1279 2514 sunt
1299 2459 1589 2526 perspicua
1609 2450 1915 2521 Scriptura:
1937 2450 2111 2512 dicta,

515 2577 637 2629 qua:
683 2559 903 2613 faveant
954 2548 1320 2623 propositioni
1374 2544 1648 2602 asserenti
1689 2542 1953 2613 Spiritum
1994 2556 2104 2595 non

518 2652 812 2724 procedere
845 2664 908 2703 cx
943 2644 1106 2709 Filio,
1140 2640 1416 2711 negatioui
1447 2637 1859 2692 adlireremlum.
1887 2634 1942 2688 Si
1972 2647 2106 2689 vero

513 2722 722 2808 omnia,
747 2754 860 2794 uno
889 2737 1149 2806 quopiam
1182 2738 1412 2798 excepto
1431 2766 1447 2790 ,
1483 2741 1588 2781 non
1617 2725 1774 2780 decet
1803 2723 1933 2778 illud
1962 2722 2107 2776 arri-

514 2849 664 2906 pere,
697 2831 839 2887 forte
879 2827 1104 2882 aliunde
1135 2818 1403 2892 pendens,
1444 2819 1662 2886 quodve
1704 2815 1887 2886 possit
1917 2817 2106 2884 expla-

2209 2352 2304 2407 τὸν
2332 2350 2737 2406 ἀποστείλαντα
2765 2367 2780 2382 ·
2808 2353 2857 2406 εί
2888 2352 2955 2405 τά
2990 2349 3216 2406 τοιαῦτα
3246 2351 3427 2406 πάντα
3450 2353 3514 2422 τῇ
3544 2347 3772 2418 καταφά-

2210 2460 2299 2499 σει
2326 2442 2570 2515 συνᾴδει,
2621 2443 2798 2513 ἀληθῆ
2832 2443 2929 2498 καὶ
2962 2444 3164 2513 κυρίαν
3208 2442 3384 2508 αὐτὴν
3418 2443 3611 2513 πρέπει
3639 2441 3770 2512 νομί-

2213 2538 2354 2603 ζειν.
2377 2536 2491 2590 Καὶ
2524 2536 2710 2603 πάλιν,
2742 2538 2792 2590 εί
2834 2538 2914 2607 τῷ
2950 2536 3025 2606 μὴ
3058 2537 3460 2607 ἐκπορεύεσθαι
3485 2536 3543 2590 τὸ
3571 2534 3769 2601 Πνεῦμα
3882 2555 3887 2561 ·

2210 2630 2276 2683 ἐκ
2302 2629 2397 2683 τοῦ
2431 2627 2562 2682 Υίοῦ
2592 2625 2895 2698 διαρρήδην
2943 2627 3003 2679 ἐν
3049 2627 3117 2697 τῇ
3171 2626 3366 2697 Γραφῇ
3415 2643 3536 2680 τινα
3567 2623 3770 2694 κείμενα

2216 2723 2533 2793 συνηγορεῖ,
2565 2722 2631 2790 τῇ
2684 2719 2965 2789 ἀποφάσει
3020 2718 3445 2790 προστίθεσθαι.
3493 2720 3552 2772 Εἰ
3597 2717 3648 2770 δὲ
3690 2715 3772 2769 καὶ

2213 2815 2391 2868 πάντα
2421 2816 2553 2884 πρὶν
2578 2811 2700 2876 ἐνός
2733 2827 2900 2876 τινος,
2945 2810 3335 2881 δραξαμένους
3362 2809 3584 2867 ἄλλοθεν
3613 2811 3767 2879 ἠρτη-

514 2899 634 2982 nari
660 2939 758 2996 per
787 2920 961 2978 multa
991 2919 1120 2980 alia,
1151 2924 1315 2985 atque
1347 2927 1446 2983 per
1474 2914 1575 2964 hoc
1608 2907 1878 2963 utramvis
1907 2908 2109 2961 contir-

2216 2908 2379 2977 μένου
2404 2906 2593 2976 τυχὸν,
2622 2905 2657 2977 ἢ
2680 2904 2769 2958 διὰ
2802 2904 3015 2958 πολλῶν
3042 2904 3221 2958 ἄλλων
3243 2903 3668 2975 φανερούμενον,
3689 2899 3773 2953 καὶ

517 2995 671 3074 mare
716 3012 1068 3076 sententiam,
1110 3003 1441 3075 contemptis
1493 3001 1640 3066 aliis,
1695 3013 1817 3069 quae
1871 3005 2112 3064 possunt

2216 3000 2388 3069 τούτῳ
2419 2997 2775 3070 βεϐαιοῦντας
2804 2997 2903 3067 τὴν
2926 2995 3081 3062 δόξαν
3111 2997 3389 3067 ὁποτέραν
3420 2998 3484 3051 ἂν
3519 2996 3654 3048 είποι
3679 3007 3769 3054 τις,

516 3106 822 3180 oppositam
874 3103 1096 3158 firmare
1143 3099 1480 3170 opinionem,
1514 3091 1662 3164 quod
1718 3104 1846 3145 vero
1892 3090 2112 3144 videtur

2216 3091 2322 3145 τῶν
2353 3091 2532 3145 ἄλλων
2565 3088 2868 3160 ύπερορᾷν,
2902 3087 2938 3142 ἃ
2984 3090 3051 3159 τῇ
3112 3089 3213 3158 μὲν
3270 3089 3622 3159 ἀντικειμένῃ
3660 3081 3772 3153 δόξῃ

519 3175 890 3261 contrarium,
912 3205 967 3250 et
1007 3194 1207 3264 placet,
1242 3189 1484 3259 facitque
1538 3186 1851 3245 nobiscum,
1885 3180 2108 3235 minimc

2216 3186 2433 3257 βοηθεῖν
2457 3184 2604 3256 ἔχει,
2636 3183 2698 3237 τὸ
2747 3183 2804 3236 δὲ
2854 3182 3051 3235 δοκοῦν
3099 3181 3466 3237 ἀνθίστασθαι
3510 3181 3654 3250 φίλον
3694 3175 3775 3229 καὶ

521 3295 765 3349 inferunt
798 3309 813 3346 :
849 3292 964 3344 haec
1014 3285 1180 3357 igitur
1225 3279 1551 3339 calumniari
1586 3292 1692 3333 non
1735 3282 1973 3346 oportet,
2004 3271 2107 3328 sed

2216 3277 2507 3348 σύμμαχον
2535 3276 2832 3342 ἐπάγεται,
2862 3273 2936 3344 μὴ
2962 3273 3475 3343 συκοφαντοῦντας,
3504 3273 3632 3328 ἀλλὰ
3659 3267 3776 3342 μᾶλα

518 3387 593 3442 ita
627 3387 1045 3454 interpretantes
1076 3376 1285 3441 omnia,
1315 3382 1376 3428 ut
1398 3373 1715 3428 cohaereant
1740 3367 2104 3424 conveniant-

518 3494 625 3549 que
653 3477 795 3533 inter
842 3490 923 3540 se,
968 3469 1449 3543 dijudicantesque
1492 3464 1754 3534 pauciora
1804 3472 1860 3518 et
1906 3463 2113 3516 obscu-

521 3569 665 3623 riora
692 3580 790 3637 per
828 3578 893 3619 ea
932 3576 1055 3633 quae
1099 3558 1254 3629 plura
1292 3563 1424 3611 sunt
1463 3564 1518 3609 et
1564 3552 1824 3617 clariora,
1855 3560 1971 3605 tum
2005 3550 2104 3605 de-

521 3674 670 3714 mum
718 3656 786 3711 de
835 3650 1123 3711 sententiis
1150 3647 1432 3703 tutissime
1478 3642 1865 3715 pronuntiare,
1895 3649 1951 3696 et
1979 3654 2102 3694 eam

518 3750 738 3822 quidem
773 3743 1067 3815 amplecti,
1095 3752 1218 3810 qua:
1247 3737 1401 3801 facit,
1442 3742 1504 3788 ut
1537 3732 1823 3802 Scriptura
1858 3727 2008 3783 nulla
2038 3740 2105 3783 ex

521 3850 679 3914 parte
710 3854 897 3895 secum
926 3842 1150 3908 pugnet,
1191 3846 1314 3902 quae
1345 3842 1475 3884 vero
1503 3825 1665 3881 aliter
1702 3836 1765 3879 se
1798 3822 1986 3887 habet,
2020 3833 2108 3874 re-

517 3936 712 4006 jicere,
738 3942 902 4002 atque
958 3927 1028 3983 ad
1067 3927 1170 3980 hoc
1196 3916 1544 3993 potissimum
1576 3915 1837 3972 adbibere
1863 3914 2110 3969 rationes

521 4005 589 4082 ad
624 4025 864 4082 absurda
898 4021 1266 4075 deducentes:
1292 4012 1425 4069 illud
1461 4025 1632 4067 unum
1657 4006 1884 4065 omnino
1912 4005 2113 4063 absur-

520 4121 651 4175 dum
700 4124 982 4180 caventes,
1021 4126 1091 4166 ne
1120 4107 1419 4178 Scriptum
1464 4104 1585 4160 loca
1634 4101 1965 4158 collidamus
1993 4106 2110 4165 ,-et

521 4212 836 4284 opinionem
867 4217 1197 4277 sequamur,
1237 4218 1359 4270 qua:
1395 4199 1595 4254 bellum
1631 4197 1773 4253 inter
1806 4193 2107 4263 Scriptura:

530 4301 834 4362 sententias
860 4300 1083 4355 excitet.
1115 4293 1253 4349 Nam
1302 4293 1546 4362 alioquin
1594 4287 1906 4360 bujusmodi
1943 4287 2116 4341 dedu-

522 4398 732 4455 ctiones
755 4394 823 4449 ad
857 4389 1196 4462 impossibile
1223 4388 1277 4441 iu
1301 4401 1364 4440 ca
1388 4388 1455 4440 dc
1481 4398 1591 4455 qua
1619 4383 1831 4453 agimus
1855 4378 2109 4440 materia,

524 4489 793 4546 invalidas
817 4486 1080 4550 arbitror,
1109 4489 1277 4551 atque
1298 4489 1368 4534 ut
1404 4493 1513 4532 uno
1545 4476 1713 4532 verbo
1742 4474 1947 4538 dicam,
1975 4473 2113 4527 insi-

2208 3368 2301 3422 λον
2331 3366 2533 3422 ἅπανθ’
2574 3365 2650 3429 ὡς
2685 3364 2751 3418 ἂν
2780 3365 3039 3435 ἀλλήλοις
3082 3365 3477 3435 συνάπτοιντο,
3508 3369 3598 3420 καὶ
3633 3359 3774 3432 συνᾲ-

2202 3461 2344 3516 δοιεν
2376 3458 2851 3530 ἐξηγησαμένους,
2881 3458 2978 3511 καὶ
3020 3458 3136 3520 τοῖς
3169 3459 3394 3514 πλείοσι
3426 3462 3519 3514 καὶ
3546 3464 3775 3530 φανερω-

2208 3554 2393 3625 τέροις
2423 3553 2490 3606 τὰ
2520 3552 2728 3606 ἐλάττω
2753 3552 2848 3606 καὶ
2880 3552 3237 3623 ἀσαφέστερα
3300 3555 3614 3626 κρίναντας,
3645 3552 3773 3605 ἐκεῖ·

2209 3644 2305 3696 θεν
2355 3642 2450 3695 καὶ
2501 3639 2774 3712 περὶτῶν
2823 3642 2991 3707 δοξῶν
3037 3641 3300 3712 ἀσφαλῶς
3353 3643 3773 3714 άποφαίνεσθαι’

2214 3732 2311 3787 καὶ
2346 3733 2447 3805 τὴν
2479 3731 2579 3803 μὲν
2614 3733 2797 3787 αίτίαν
2823 3732 3122 3802 γινομένην
3146 3733 3239 3788 τοῦ
3268 3734 3365 3790 διὰ
3392 3737 3607 3791 πάντων
3630 3734 3776 3804 ἑαυτῆ

2212 3823 2313 3895 τὴν
2343 3823 2572 3896 Γραφὴν
2602 3826 2947 3894 συμφωνεῖν,
2972 3824 3182 3897 ταύτην
3211 3828 3512 3897 αἱρεῖσθαι,
3539 3827 3631 3899 τὴν
3652 3828 3692 3881 δ’
3713 3826 3780 3886 ὠς

2212 3915 2419 3986 ἑτέρως
2449 3915 2685 3985 ἔχουσαν
2716 3915 3169 3986 ἀποπέμπεσθαι,
3200 3918 3297 3971 καὶ
3335 3921 3457 3984 ταῖς
3487 3920 3566 3977 είς
3597 3918 3776 3973 ἄτοπον

2212 4007 2546 4077 άπαγωγαῖς
2580 4009 2675 4061 ἐπὶ
2710 4007 2906 4062 τούτου
2939 4008 3177 4077 μάλιστα
3209 4011 3494 4081 χρῆσθαι·
3522 4011 3579 4065 ἐν
3600 4010 3779 4065 ἄτοπον

2214 4102 2301 4157 διὰ
2339 4101 2561 4156 πάντων
2590 4101 3064 4172 φυλαττομένους,
3092 4103 3154 4155 τὸ
3183 4101 3255 4156 τά
3278 4104 3384 4175 τῆς
3417 4104 3635 4176 Γραφῆς
3667 4113 3780 4167 συγ·

2217 4198 2443 4272 κρούειν
2472 4198 2610 4271 πρὸς
2637 4197 2868 4268 ἄλληλα,
2909 4199 3006 4254 καὶ
3042 4197 3204 4266 δόξαν
3243 4202 3417 4273 τιμᾷν
3447 4201 3671 4268 πολέμου
3699 4193 3779 4249 καὶ

2221 4292 2401 4362 μάχης
2456 4288 2670 4353 τούτοις
2706 4291 2925 4344 αἰτίανο
2982 4291 3105 4342 ἐπεὶ
3156 4291 3228 4344 τά
3277 4306 3345 4359 γε
3402 4292 3539 4348 ἄλλα
3589 4285 3777 4358 σαθρὸς

2211 4382 2460 4456 ⁴ιιγοῦμαι
2513 4383 2612 4447 τὰς
2647 4380 2908 4445 τοιαύτας
2946 4381 3206 4451 μεθόδους
3234 4383 3331 4437 ἐπὶ
3365 4383 3477 4438 τῶν
3508 4375 3780 4453 προκειμέο

2218 4448 2475 4538 idem
2504 4471 2567 4526 τὸ
2593 4460 2704 4526 πᾶν
2733 4471 2910 4525 εἰπεῖν
2944 4448 3274 4534 ἐπιϐούλους
3293 4486 3311 4502 ο
3347 4470 3444 4525 καὶ
3472 4448 3647 4541 ῥᾴδιον
3692 4448 3779 4533 μὲν

523 4583 710 4639 diosas
754 4583 897 4653 (nec
926 4590 1059 4633 vero
1091 4572 1309 4631 didicile
1343 4580 1425 4626 est
1461 4570 1530 4626 ad
1561 4570 1911 4625 incommoda
1966 4582 2113 4639 qua:-

2222 4567 2537 4636 άπαγαγεῖν
2583 4565 2851 4635 ἀλλήλους
2902 4562 3001 4616 ἐπὶ
3043 4566 3113 4616 τὰ
3143 4564 3515 4634 χείριστα,.τδ
3541 4562 3596 4616 δὲ
3624 4557 3779 4614 πάντα

525 4691 635 4748 que
654 4689 759 4730 nos
775 4673 1010 4729 invicem
1042 4658 1445 4731 deduCere,sed
1469 4663 1685 4720 facilius
1705 4672 1793 4720 est
1813 4662 2000 4719 omnia
2022 4663 2119 4717 de-

527 4770 792 4835 clinare);
817 4768 1134 4837 quamiuam
1169 4761 1300 4816 licet
1330 4758 1545 4814 nullutn
1575 4772 1641 4813 ex
1677 4755 1765 4811 liis
1794 4762 2117 4827 sequeretur

529 4862 857 4933 perieulum,
907 4858 1103 4912 merito
1155 4869 1266 4910 non
1307 4855 1463 4909 decet
1515 4851 1636 4907 illas
1682 4848 1991 4904 admittere.
2044 4845 2119 4902 De

528 4953 730 5026 quibus
774 4953 922 5008 enim
972 4964 1004 5005 e
1046 4947 1334 5019 Scriptura
1373 4961 1483 5000 non
1534 4944 1659 5000 licet
1693 4942 1944 5011 accipere
1991 4953 2119 5008 pro-

531 5045 803 5108 nuntiata,
838 5040 933 5098 sed
961 5048 1177 5110 oportet
1208 5050 1310 5091 nos
1343 5035 1679 5105 eonjecturis
1714 5033 1794 5086 uti
1834 5029 1904 5085 ad
1936 5026 2120 5084 feren-

530 5137 657 5192 dam
704 5134 1072 5196 sententiam,
1104 5131 1171 5186 ad
1205 5144 1269 5184 ca
1306 5127 1514 5182 nullum
1559 5126 1768 5180 crimen
1814 5131 1897 5177 est
1924 5118 2121 5175 alfcrre

529 5231 694 5286 etiam
724 5228 1084 5285 deductiones
1107 5224 1173 5279 ad
1200 5220 1561 5292 impossibile,
1589 5226 1643 5273 et
1679 5213 1930 5286 quamvis
1957 5208 2118 5266 aliam

531 5321 1084 5394 argumentationem,
1126 5330 1250 5384 qua:
1281 5329 1379 5368 nos
1405 5314 1572 5366 ducat
1606 5313 1672 5362 ad
1707 5306 2118 5376 asscquendum

531 5417 605 5482 id,
636 5416 785 5486 quod
841 5431 965 5472 esse
1004 5412 1190 5468 verius
1223 5408 1457 5465 videtur.
1503 5405 1659 5459 Nune
1697 5416 1820 5457 vero
1866 5416 1990 5454 eum
2040 5407 2121 5454 tut

533 5510 883 5579 pronuntiata
928 5507 1088 5563 nobis
1117 5512 1432 5575 suppetant,
1474 5506 1709 5569 quarum
1756 5495 1939 5566 aliqua
1984 5490 2121 5547 satis

530 5614 653 5658 esse
684 5601 843 5655 nobis
884 5606 1137 5670 possunt,
1177 5610 1303 5651 cum
1331 5604 1479 5649 recta
1526 5588 1752 5645 tendant
1786 5590 1853 5640 ad
1886 5586 1938 5640 id
1974 5585 2119 5654 quod

531 5692 819 5761 quarritur,
848 5706 921 5746 ex
967 5689 1249 5761 aliquibus
1280 5697 1462 5741 autem
1497 5685 1625 5738 licet
1668 5679 1875 5734 inferre
1917 5679 2119 5732 verita-

532 5794 661 5845 tem,
696 5783 863 5836 inane
883 5783 1140 5852 quiddam
1171 5790 1254 5836 est
1284 5788 1336 5834 et
1366 5789 1765 5847 supervacuum
1803 5770 2120 5841 huiusmodi

530 5874 1070 5947 argumentationum
1102 5889 1255 5942 usus,
1290 5886 1390 5927 nec
1433 5879 1517 5927 est
1547 5865 1693 5923 aliud
1720 5903 1736 5933 ,
1784 5880 1947 5936 quant
1981 5877 2120 5919 vana

2222 4659 2498 4713 ἐκκλίνειν
2528 4657 2779 4729 μείζονος
2809 4655 3065 4718 εὐκολίας
3086 4671 3102 4686 ο
3134 4654 3317 4709 καίτοι
3348 4656 3446 4711 καὶ
3482 4650 3699 4726 μηδενὸς
3724 4646 3781 4700 ἐκ

2219 4753 2429 4805 τούτων
2481 4748 2754 4821 ἑπομένου
2788 4746 3062 4813 κινδύνου,
3087 4748 3188 4801 οὐκ
3219 4748 3287 4802 ἂν
3337 4748 3577 4816 εὐλόγως
3598 4742 3783 4799 ταύτας

2221 4842 2568 4916 προσίεσθαι.
2606 4841 2745 4909 Περὶ
2783 4839 2884 4907 μὲν
2931 4840 3040 4910 γὰρ
3076 4832 3154 4894 ὧν
3185 4839 3288 4894 οὒκ
3338 4839 3457 4894 ἐστι
3505 4834 3682 4890 λαϐεῖν
3724 4831 3781 4882 ἐκ

2216 4935 2318 5007 τῆς
2348 4935 2576 5005 Γραφῆς
2608 4932 2922 5002 ἀξιώματα,
2959 4931 3098 4986 ἀλλὰ
3130 4932 3214 4987 δεῖ
3247 4933 3343 4987 τοῦ
3375 4932 3589 4993 εἰκότος
3614 4939 3782 4993 στοχα-

2219 5027 2484 5095 ζομένους
2534 5027 2687 5098 ἡμᾶς
2734 5025 3159 5095 ἀποφαίνεσθαι,
3185 5025 3328 5096 πρὸς
3364 5024 3539 5079 ταῦτα
3565 5021 3653 5075 καὶ
3677 5014 3781 5075 ταῖς

2219 5122 2301 5185 είς
2350 5121 2613 5176 ἀδύνατον
2654 5119 2985 5187 ἁπαγωγαῖς
3015 5117 3356 5191 ἀνέγκλητόν
3391 5120 3511 5172 ἐστι
3541 5110 3779 5186 χρῆσθαι»

2220 5215 2316 5267 καὶ⁵
2339 5213 2542 5275 πάσαις
2564 5211 2756 5277 ἄλλαις
2787 5211 3059 5283 μεθόδοις.
3085 5211 3141 5265 αἳ
3169 5212 3310 5284 πρὸς
3336 5211 3441 5279 τὴν
3469 5207 3564 5262 τοῦ
3587 5198 3779 5258 δοκοῦν·

2220 5315 2314 5366 τος
2340 5302 2712 5373 ἀληθεστέρου
2736 5303 3048 5372 κατάληψιν
3073 5303 3225 5373 ἡμᾶς
3255 5300 3545 5372 μέλλουσιν
3566 5287 3779 5361 ὁδηγεῖν

2221 5394 2500 5449 τοσούτων
2528 5393 2585 5448 δὲ
2615 5394 2711 5448 νῦν
2744 5394 2917 5448 ὄντων
2949 5393 3304 5465 ἀξιωμάτων,
3339 5384 3417 5448 ὧν
3444 5390 3513 5444 τὰ
3537 5387 3633 5460 μὲν
3656 5375 3779 5432 «⁸ιύτεῖι

2224 5488 2321 5540 καὶ
2352 5489 2515 5559 μόνον
2547 5488 2733 5558 ἀρκεῖ,
2758 5489 3010 5540 τείνοντα
3041 5487 3176 5557 πρὸς
3206 5480 3284 5539 Vri)
3320 5480 3675 5553 προκείμενον
3696 5467 3784 5524 ἄν·

2224 5595 2443 5649 τικρυς,
2474 5580 2539 5633 ἐκ
2591 5578 2650 5632 δὲ
2679 5578 2791 5633 τῶν
2845 5577 3025 5643 ἔξεστι
3058 5578 3159 5643 τὴν
3194 5573 3462 5646 ἀλήθειαν
3492 5568 3621 5641 ἡμῖν
3653 5572 3782 5628 WE“

2227 5670 2610 5742 περαίνεσθαι,
2642 5672 2901 5739 περιττόν
2931 5688 2983 5724 τι
3018 5670 3207 5743 χρῆμα
3242 5670 3332 5721 καὶ
3381 5663 3606 5737 μάταιον
3635 5657 3664 5724 ἡ
3690 5650 3784 5704 τῶν

2232 5768 2474 5840 μεθόδιον
2526 5768 2734 5822 τούτων
2782 5766 3097 5836 καθέστηκε
3132 5764 3353 5836 χρῆσις,
3407 5759 3497 5813 καὶ
3527 5751 3784 5840 φιλοτιμξα

2232 5861 2394 5931 μόνον
2426 5862 2581 5931 κενή.
2615 5856 2750 5916 Οἶδα
2779 5858 2835 5913 δὲ
2868 5858 2962 5911 καί
2993 5857 3160 5925 ὑμᾶς,
3188 5850 3231 5910 ὦ
3265 5848 3508 5925 Γραικοὶ,
3537 5839 3649 5898 οὐδὲ
3671 5834 3779 5895 ταῖς
