4038 6414
349 375 453 439 ιό

1516 371 1802 437 ORATIO
1839 370 1929 433 lIl
1972 368 2073 431 AD
2109 366 2498 431 SYNODUM.

3524 362 3627 426 4³4

356 494 701 561 ἀποδείξεσιν
740 493 800 551 ἓν
846 512 909 565 γε
956 494 1071 561 τοῖς
1115 494 1382 560 τοιούτοις
1421 492 1787 569 θαρροῦντας,
1819 489 1924 547 ἀλλ⁴

2040 485 2284 557 gloriola:
2319 485 2611 559 cupiditas.
2655 482 2782 539 Scio
2820 499 2949 539 vero
2979 484 3145 541 etiam
3189 498 3309 547 vos,
3334 482 3531 548 Crmci,
3564 497 3630 535 ne

347 590 630 660 οἰομένους
669 587 841 653 αύτὰς
882 586 1134 642 ὕποπτόν
1165 606 1219 642 τι
1246 586 1441 659 χρῆμα
1480 586 1577 639 καὶ
1617 583 1928 657 σφαλερόνο

2036 579 2599 635 demonstrationihus
2648 578 2870 648 quidem
2926 579 2978 632 in
3036 575 3416 648 hujuscemodi
3469 577 3628 631 rebus

350 679 532 754 πολλῷ
563 681 766 753 μᾶλλον
791 681 976 736 τοίνυν
1005 681 1121 744 τοῖς
1151 679 1220 734 δι’
1248 680 1517 737 ἀδυνάτου
1543 677 1924 746 συλλογισμοῖς

2036 671 2335 739 conlidere,
2393 669 2743 726 sedohabere
2792 670 2912 725 illas
2968 680 3252 741 suspectas
3301 679 3357 725 et
3400 668 3626 739 periculi
3672 688 3675 691 ν

347 771 503 828 αὐτοί
527 789 587 825 τε
617 771 1067 843 εὐλαΰηθήσεσθε
1093 770 1358 844 χῄοθαι,
1386 770 1482 832 καὶ
1512 768 1818 845 χρωμένων
1841 767 1932 823 ἀλ-

348 867 456 919 λων
487 864 813 933 φυλάξεσθε.
841 859 1006 920 EievJ.

423 1127 498 1181 Οὐ
542 1126 724 1182 τοίνυν
772 1126 844 1186 τὰ
893 1126 992 1198 μὲν
1031 1110 1137 1200 τῆς
1174 1127 1404 1199 Γραφῆς
1456 1125 1750 1197 ἀξιώματα
1804 1142 1933 1182 συν-

356 1219 551 1275 άπτειν
604 1218 856 1289 ἀλλήλοις
910 1219 1006 1274 καὶ
1057 1218 1443 1290 συμδιδάζειν,
1476 1219 1551 1283 ὡς
1594 1219 1662 1273 ἂν
1693 1217 1933 1291 μάλιστα

353 1311 738 1375 συνάπτοιντο,
769 1310 871 1374 δεῖ,
919 1306 1047 1375 toi);
1083 1310 1141 1365 δὲ
1173 1310 1382 1366 τούτων
1418 1308 1693 1385 ἐξηγητὰς
1741 1309 1801 1363 ὲν
1849 1304 1932 1372 οἷς

348 1404 519 1459 ταῦτὰ
569 1421 628 1457 τε
680 1403 1172 1468 διαλευκαίνοντες,
1237 1405 1335 1456 καὶ
1395 1403 1574 1467 ἄλλως
1638 1403 1770 1475 περὶ
1824 1402 1932 1455 τῶν

346 1496 605 1553 τοιούτων
662 1495 1059 1565 ἀγωνιζόμενοι
1111 1494 1354 1564 λέγουσι,
1409 1495 1642 1566 διαιρεῖν
1694 1493 1930 1557 ἀξιώσο-⁸

351 1606 452 1659 μεν
476 1604 492 1620 ·
522 1587 658 1642 ἀλλά
690 1586 787 1641 καὶ
817 1587 1030 1650 τούτοις
1073 1586 1213 1656 μετά
1244 1588 1342 1657 τῆς
1375 1587 1500 1655 ι’σηῖ
1543 1586 1758 1648 εὐνοίας
1794 1586 1934 1660 χρή·

350 1681 548 1739 οασθαι
575 1681 677 1744 δεῖ,
705 1680 800 1734 καὶ
834 1679 1043 1753 μηδένα
1078 1680 1175 1751 τῆς
1198 1679 1562 1753 ὀφειλομένης
1593 1681 1760 1735 πᾶσιν
1789 1682 1933 1735 ἁπο-

345 1773 547 1828 κλείειν
588 1774 791 1839 αἰδοῦς.
841 1776 903 1828 Ei
935 1774 1046 1846 γὰρ
1087 1775 1217 1840 τοὺς
1271 1776 1372 1845 μὲν
1415 1776 1669 1845 στέργειν
1716 1776 1814 1831 καὶ
1847 1793 1931 1829 τι-

2037 763 2263 832 plenas;
2303 762 2475 817 multo
2523 777 2652 833 ergo
2683 762 2858 833 magis
2890 761 2991 832 ipsi
3035 778 3064 815 a
3096 762 3427 833 syllogismis
3458 760 3627 815 dedu-

2037 853 2292 911 centilms
2321 855 2387 908 ad
2423 853 2766 923 impossibile
2804 853 3113 925 refugietis,
3146 855 3215 909 ab
3244 854 3477 922 aliisque
3507 853 3633 909 illos

2034 945 2426 1002 adhibentibus
2449 945 2738 1009 cavebitis.
2768 946 2961 1007 Ethaec
2982 945 3207 1016 quidem
3233 945 3313 1000 sic
3326 960 3385 1001 se
3403 945 3629 1001 habent.

2109 1120 2225 1177 Non
2265 1117 2435 1177 erunt
2453 1136 2616 1193 porro
2651 1120 2961 1191 Scriptum
2996 1120 3220 1191 quidem
3279 1123 3633 1192 pronuntiata

2039 1215 2389 1273 concilianda
2445 1217 2589 1275 inter
2631 1232 2712 1285 se,
2746 1226 2809 1272 ut
2848 1216 3090 1271 maxime
3138 1227 3357 1288 Oportet
3389 1234 3404 1278 ;
3439 1233 3633 1273 eorum

2036 1322 2169 1365 vero
2196 1308 2547 1381 interpretes,
2588 1320 2683 1365 aut
2713 1308 2807 1364 ubi
2840 1324 2903 1363 ea
2955 1306 3287 1379 dilucidam,
3321 1318 3416 1364 aut
3468 1310 3634 1365 etiam

2036 1399 2130 1455 ubi
2154 1401 2221 1455 de
2243 1400 2353 1457 illis
2384 1400 2689 1471 disputant,
2709 1400 2766 1454 in
2791 1398 3080 1470 oppositas
3111 1398 3413 1455 sententias
3436 1397 3636 1452 distra—

2038 1492 2205 1548 heedi
2239 1507 2255 1554 :
2285 1493 2381 1549 sed
2413 1509 2511 1565 par
2544 1493 2598 1550 in
2632 1492 2754 1549 illos
2774 1508 2995 1564 quoque
3022 1492 3274 1548 navanda
3306 1491 3633 1548 benevolen-

2037 1583 2132 1651 tia,
2169 1584 2756 1659 nulliquedeneganda
2810 1585 2901 1641 illa
2953 1585 3326 1652 observantia,
3368 1600 3491 1657 quas
3516 1598 3635 1639 om-

2035 1678 2201 1734 nibus
2227 1679 2480 1734 debetur.
2512 1677 2646 1732 Nam
2676 1680 2722 1734 si
2761 1680 2862 1735 hos
2889 1680 3111 1750 quidem
3144 1679 3514 1750 recipiendos,
3552 1688 3634 1734 at-

2035 1786 2146 1841 que
2180 1771 2233 1825 in
2279 1771 2486 1826 honore
2547 1771 2850 1836 habendos,
2899 1772 3040 1828 alios
3099 1787 3230 1828 vero
3287 1771 3635 1827 censebimus

350 1868 458 1939 μᾷν
492 1866 872 1938 ψηφιούμεθα,
907 1868 1019 1931 τοῖς
1047 1868 1102 1920 δὲ
1131 1867 1244 1921 δεῖν
1274 1868 1600 1938 ἡγησόμεθα
1644 1869 1720 1941 μὴ
1755 1886 1924 1940 προσ-

2036 1861 2388 1935 rejicicndos,
2408 1871 2664 1933 putantes
2693 1863 2836 1918 inter
2858 1877 2917 1919 se
2943 1852 3066 1920 illos
3094 1879 3370 1935 pugnare;
3394 1866 3632 1934 primum

347 1960 520 2032 ἐχειν,
559 1960 877 2028 νομίζοντες
920 1961 1121 2026 αὐτοὺς
1167 1960 1545 2033 διαφέρεσθαι,
1578 1962 1796 2032 πρῶτον
1826 1961 1931 2032 μὲν

345 2054 467 2106 οὐδὲ
499 2054 598 2122 τῆς
628 2054 756 2121 περὶ
801 2056 900 2116 τάς
932 2054 1160 2123 Γραφάς
1197 2053 1491 2116 εὐλαϐείας
1541 2053 1841 2108 ἀπολαύειν
1876 2071 1929 2107 τι

345 2142 712 2213 δυνησόμεθα,
742 2143 843 2215 τῆς
888 2143 950 2211 ἐξ
991 2144 1226 2199 ἐκείνων
1281 2145 1721 2215 περιγενομένης
1773 2144 1931 2215 εἰρή-

346 2237 540 2306 νηςοὲκ
579 2237 680 2306 τῆς
726 2235 1063 2308 φαινομένης
1110 2238 1226 2290 τῶν
1255 2236 1596 2292 διδασκάλων
1629 2236 1931 2306 διαφωνίας

347 2328 508 2383 πάλιν
540 2331 919 2399 συγχεομένης
947 2370 963 2396 ,
1000 2328 1096 2388 καὶ
1144 2329 1255 2383 τῶν
1307 2328 1521 2388 ἐκεῖθεν
1559 2327 1769 2399 μισθῶν
1798 2331 1930 2399 ἡμῖν

344 2420 433 2475 διὰ
471 2419 568 2492 τὴν
604 2423 748 2476 κατὰ
801 2421 912 2477 τῶν
966 2422 1142 2490 ἁγίων
1184 2421 1559 2491 συκοφαντίαν
1615 2421 1928 2492 ἀπολλυμέθ

345 2528 473 2575 νων,
506 2511 599 2575 οὓς
630 2513 779 2576 εἰκός
826 2515 946 2571 ἐστι
980 2512 1081 2585 τὴν
1120 2511 1223 2582 τῆς
1261 2511 1526 2583 ἀληθείας
1567 2505 1711 2565 εἶναι
1759 2512 1928 2581 φανέη

347 2622 533 2673 ρωσιν.
579 2606 816 2661 Ἔπειτα
841 2607 935 2663 καὶ
968 2607 1030 2661 τὸ
1062 2606 1238 2662 δεινὸν
1260 2605 1485 2660 διπλοῦν
1517 2608 1662 2676 ἡμῖν,
1683 2606 1925 2678 ἀπαντᾷο

343 2698 378 2768 ἦ
412 2701 521 2767 γὰρ
557 2699 736 2764 ἐνίους
772 2699 954 2756 αὐτῶν
1004 2703 1111 2772 τῆς
1177 2700 1235 2754 ἐν
1288 2699 1542 2771 ἁγιότητι
1581 2702 1926 2771 στερήσομεν

342 2792 524 2862 δόξης,
560 2793 651 2848 ἴνα
703 2794 798 2848 καὶ
850 2794 929 2865 τῷ
983 2793 1171 2865 ψεύδει
1213 2795 1549 2866 συγχωρήσῃ
1599 2810 1685 2856 τις
1729 2793 1928 2857 αὐτοὺς

343 2885 690 2952 ὑποκεῖσθαι,
727 2889 823 2940 καὶ
854 2886 1101 2950 δικαίους
1152 2886 1590 2958 παρεωρᾶσθαν
1642 2886 1677 2956 ἢ
1722 2886 1785 2939 τὶ)
1826 2886 1928 2957 τῆς

340 2977 638 3048 διαφωνίας
676 2978 932 3049 ἔγκλημα
962 2981 1056 3032 καὶ
1090 2978 1318 3043 ἄκοντες
1367 2978 1466 3034 ἀπ’
1492 2978 1675 3034 αὐτῶν
1705 2979 1796 3032 ἐπὶ
1825 2980 1926 3043 τὰς

342 3072 566 3143 Γραφάς
619 3073 1044 3143 μεταστήσομεν
1100 3070 1290 3138 πάλιν,
1334 3071 1428 3124 καὶ
1485 3070 1546 3124 τὸ
1598 3068 1833 3142 Πνεῦμα
1863 3070 1926 3125 τὸ

340 3166 520 3236 ᾰγιον,
553 3163 614 3218 οὗ
646 3165 1010 3234 τυγχάνουσιν
1069 3164 1127 3217 at
1183 3163 1221 3216 Γ
1229 3163 1398 3234 ραφαί
1425 3179 1440 3195 ο
1498 3163 1790 3227 κάκείνους
1826 3163 1925 3235 μὲν

339 3260 519 3324 καλῶς
575 3261 876 3328 ἐπιστῆσαι
931 3260 1075 3314 πᾶσι
1137 3258 1236 3312 καὶ
1290 3257 1681 3328 νοονεχόντως,
1715 3257 1813 3328 τὴν
1868 3257 1927 3312 δὲ

340 3349 567 3423 Γραφὴν
625 3351 727 3415 τὰς
778 3351 880 3420 τῆς
909 3351 1179 3424 διαφορᾶς
1218 3352 1403 3415 αἰτίας
1464 3351 1619 3420 σφίσι
1680 3351 1925 3423 προϐάλ-

337 3443 530 3497 λεσθαι
589 3442 908 3515 νομιοῦμεν.
960 3443 1106 3514 Πρὸς
1169 3443 1230 3497 δὲ
1297 3442 1515 3508 τούτοις
1578 3444 1925 3517 σοφωτέρους

337 3538 490 3607 ἡμᾶς
560 3538 657 3591 καὶ
712 3536 1052 3608 ἀγιωτέρους
1123 3537 1352 3591 ἐκείνων
1417 3537 1668 3608 δείξομεν
1722 3537 1923 3605 ὄντας,

336 3629 498 3700 ειπερ
526 3631 688 3701 ἡμεῖς
722 3629 822 3700 μὲν
861 3629 954 3685 καὶ
984 3632 1051 3701 τῇ
1088 3630 1241 3699 παρὰ
1268 3631 1376 3683 τῶν
1408 3631 1648 3702 Γραφῶν
1684 3632 1923 3704 ἀληθείᾳ

337 3721 434 3773 καὶ
466 3722 581 3784 τοῖς
628 3719 810 3794 ἄλλοις
860 3718 970 3774 τῶν
1001 3720 1343 3776 διδασκάλων
1381 3721 1662 3793 δυνάμεθα
1696 3739 1925 3792 συμφω-

337 3812 473 3877 νεῖν,
504 3812 662 3867 αύτοῖ
711 3812 768 3872 δὲ
814 3813 911 3868 καὶ
961 3812 1171 3868 τούτων
1220 3815 1548 3884 ἀμφοτέρων
1594 3811 1921 3884 διήμαρτονο

336 3907 434 3961 καὶ
484 3905 812 3977 νενομίκασι
870 3906 973 3978 μὲν
1026 3906 1175 3975 ειπερ
1214 3906 1318 3967 οὐκ
1368 3906 1519 3975 ἔδει,
1556 3906 1830 3964 ἀθάνατον
1865 3909 1923 3964 δὲ

337 3998 473 4074 πρὸς
504 4004 631 4064 τοὺς
680 4000 949 4071 ἀδελφοὺς
993 4001 1363 4070 ἐνεστήσαντο
1410 4002 1672 4073 πόλεμον.
1705 4003 1924 4057 Μᾶλλον

334 4093 592 4152 δὲταῦτα
635 4093 737 4164 μὲν
781 4090 905 4155 οὔτε
959 4110 1045 4158 τις
1105 4092 1248 4163 ὑπὲρ
1306 4093 1465 4165 ἡμῶν
1513 4093 1762 4160 ἀξιώσει,
1806 4093 1922 4149 οὔθ’

333 4188 480 4259 ἡμᾶς
527 4187 672 4256 ὑπὲρ
709 4187 922 4241 ἑαυτῶν
975 4186 1297 4256 λογίζεσθαι
1338 4191 1468 4259 χρή·
1504 4188 1641 4242 ἀλλά
1672 4187 1922 4259 δείξομεν

335 4278 558 4347 ἀληθῶς
613 4281 809 4349 ἀφυεῖς
860 4279 1015 4344 ὄντες
1076 4279 1260 4336 αὐτῶν
1311 4280 1572 4350 μαθηταὶ,
1614 4279 1709 4335 καὶ
1745 4284 1923 4343 πάντα

338 4371 540 4444 μᾶλλον
569 4370 603 4448 ἢ
638 4373 752 4448 τοῖς
783 4372 895 4425 τῶν
927 4370 1272 4427 διδασκάλων
1305 4371 1491 4440 λόγοις
1531 4372 1919 4449 προσέχοντες,

334 4463 494 4534 είπερ
522 4463 750 4518 ἐκείνων
781 4462 929 4525 ὅπως
961 4460 1227 4532 ἁρμόττει
1253 4463 1368 4526 τοῖς
1402 4463 1510 4517 ύπὺ
1537 4463 1631 4518 τοῦ
1665 4465 1922 4533 Πνεύμα-

2036 1955 2258 2024 quidem
2288 1955 2421 2009 nihil
2449 1954 2557 2008 frui
2589 1955 2747 2009 nobis
2776 1954 3308 2023 licebitrevcrentia,
3339 1970 3447 2025 qua
3480 1954 3629 2010 Scri-

2034 2058 2228 2117 pturas
2255 2049 2617 2112 honoramus,
2656 2047 3023 2105 interturbata
3065 2062 3258 2103 rursus
3285 2062 3422 2117 pace
3480 2047 3633 2103 Scri-

2034 2147 2340 2209 pturarum,
2375 2152 2538 2209 quam
2566 2138 2726 2196 nobis
2756 2139 2832 2193 illi
2852 2153 3134 2210 peperere,
3160 2154 3258 2210 per
3279 2146 3630 2209 apparentem

2034 2246 2270 2301 pugnam
2305 2231 2596 2286 doctorum
2631 2243 2725 2298 ;et
2761 2243 3029 2304 pereunte
3059 2231 3217 2288 nobis
3270 2231 3524 2288 mercede
3555 2231 3633 2288 illi

2031 2329 2234 2393 debita,
2270 2343 2433 2399 quam
2456 2343 2557 2400 par
2572 2339 2659 2385 est
2681 2345 2805 2387 esse
2821 2330 3072 2389 veritatis
3102 2329 3630 2395 manifestationem,

2032 2423 2101 2479 ob
2130 2422 2467 2480 calumniam
2499 2424 2709 2479 sanctis
2742 2424 2974 2479 illatam.
3004 2424 3209 2481 Deinde
3242 2426 3446 2481 malum
3473 2426 3633 2482 nobis

2030 2519 2196 2587 duplo
2228 2519 2407 2590 majus
2438 2519 2532 2575 lict
2559 2538 2575 2577 :
2602 2529 2695 2575 aut
2731 2521 2876 2575 enim
2902 2522 3171 2591 quosdam
3198 2538 3260 2576 ex
3298 2522 3402 2577 illis
3433 2521 3635 2579 sancti-

2031 2611 2161 2665 tatis
2198 2612 2372 2683 gloria
2403 2612 2778 2683 privabimus,
2818 2622 2879 2667 ut
2914 2612 3128 2683 possint
3187 2614 3296 2670 i'lis
3348 2614 3633 2671 mendacia

2034 2705 2222 2769 tribui,
2254 2706 2451 2777 ctjure
2470 2704 2707 2762 debeant
2738 2709 3037 2772 contemni,
3067 2719 3163 2763 aut
3200 2723 3393 2764 rursus
3420 2709 3635 2765 discre-

2032 2797 2231 2864 pantia:
2262 2797 2472 2853 crimen
2506 2800 2573 2853 ab
2595 2799 2675 2855 eis
2700 2800 2767 2855 ad
2799 2801 3114 2871 Scripturas
3145 2801 3225 2857 vel
3254 2802 3410 2857 inviti
3444 2812 3624 2857 trans-

2031 2887 2292 2955 feremus,
2323 2899 2377 2945 et
2402 2890 2629 2961 Spiritui
2670 2905 2860 2950 sancto
2885 2895 3248 2962 ascribemus,
3280 2913 3310 2952 a
3342 2915 3450 2969 quo
3477 2898 3630 2954 Scri-

2032 2992 2207 3052 ptus-te
2236 2996 2531 3040 manarunt
2562 3003 2575 3045 :
2611 2995 2666 3043 et
2694 2986 2818 3044 illos
2842 2989 3060 3058 quidem
3086 2990 3476 3047 arbitrabimur
3496 3009 3631 3050 exa~

2032 3075 2268 3131 minasse
2281 3079 2466 3133 omnia
2494 3089 2636 3136 recte
2654 3087 2819 3151 atque
2836 3082 3152 3152 prudenter,
3176 3083 3512 3157 Scripturam
3537 3104 3633 3144 ve-

2033 3184 2094 3223 ro
2119 3169 2227 3226 illis
2254 3171 2683 3230 dedissecausas
2732 3191 2944 3245 pugnze.
2986 3177 3067 3231 Α]
3125 3179 3239 3233 haec
3268 3180 3633 3248 sapientiores

2032 3275 2155 3323 nos,
2194 3263 2611 3333 sanctioresque
2670 3266 2778 3322 illis
2827 3270 3204 3334 ostendemus,
3262 3271 3308 3327 si
3340 3274 3627 3330 veritatem

2030 3352 2438 3424 Scripturarum
2471 3373 2573 3414 nos
2597 3361 2815 3429 quidem
2842 3364 3058 3434 assequi
3083 3379 3399 3434 possumus,
3418 3377 3473 3422 et
3502 3385 3627 3424 cum

2029 3447 2155 3501 aliis
2205 3449 2526 3505 doctoribus
2600 3452 2982 3520 concordare;
3043 3457 3145 3526 ipsi
3191 3475 3323 3515 vero
3371 3473 3626 3517 neutrum

2026 3548 2157 3594 sunt
2191 3540 2448 3608 assecuti,
2499 3546 2776 3615 clupinati
2801 3536 3079 3619 suntquae
3099 3568 3206 3605 non
3235 3556 3543 3623 oportebat,
3573 3566 3631 3614 et

2029 3629 2231 3685 bellum
2264 3646 2389 3688 cum
2423 3634 2688 3693 fratribus
2740 3651 3063 3711 perpetuum
3117 3658 3502 3718 susceperunt.
3542 3650 3625 3707 Au

2025 3736 2157 3778 vero
2188 3739 2287 3779 nec
2316 3725 2602 3797 quisquam
2643 3730 2804 3788 nobis
2838 3734 2953 3789 haec
2977 3735 3268 3792 tribuenda
3326 3744 3623 3811 putaverit,

2027 3830 2130 3871 nec
2159 3832 2260 3874 nos
2284 3833 2349 3879 ea
2375 3820 2445 3879 de
2475 3822 2634 3880 nobis
2662 3829 2905 3896 cOgltare
2935 3826 3203 3886 debemus
3228 3850 3243 3898 ;
3279 3835 3373 3889 sed
3441 3847 3625 3894 osten-

2025 3910 2223 3968 demus
2265 3928 2455 3971 revera
2482 3915 2695 3986 ineptos
2724 3933 2826 3974 nos
2877 3935 3000 3976 esse
3048 3921 3267 3981 illorum
3321 3928 3622 3997 auditores,

2024 4012 2077 4058 et
2104 4004 2325 4074 quidvis
2350 4007 2535 4079 potius
2565 4011 2869 4075 attendere,
2925 4030 3088 4084 quam
3125 4017 3268 4073 dicta
3320 4033 3623 4093 praecepto—

2024 4111 2181 4162 rum;
2214 4114 2338 4154 cum
2383 4099 2458 4154 illi
2493 4103 2653 4157 nobis
2701 4106 2921 4175 egregia
2971 4107 3301 4165 documenta
3350 4113 3620 4182 dederint,

2023 4189 2214 4259 quales
2239 4206 2339 4247 nos
2367 4196 2656 4248 conVeuiat
2693 4206 2956 4266 praestare
2984 4199 3050 4253 ad
3076 4214 3166 4267 ea,
3195 4216 3320 4272 quas
3352 4218 3382 4258 a
3413 4204 3620 4275 Spiritu

2023 4281 2224 4339 dictata
2251 4294 2400 4353 sunt,
2437 4293 2492 4341 ct
2522 4286 2732 4342 idoneis
2765 4291 3033 4360 exemplis
3061 4292 3369 4350 doctrinam
3433 4296 3619 4356 firma-

2023 4371 2175 4440 rint;
2211 4389 2312 4431 nos
2336 4390 2466 4431 vero
2496 4380 2778 4435 contrario
2835 4383 2998 4438 modo
3053 4384 3133 4439 uti
3195 4387 3446 4445 velimus.
3504 4389 3618 4448 Nec

2023 4480 2154 4522 vero
2178 4467 2342 4522 etiam
2369 4483 2585 4539 aequum
2617 4470 2844 4533 omnino
2878 4480 2983 4537 est,
3019 4476 3169 4546 ipsos
3197 4480 3439 4550 quidem,
3489 4485 3620 4539 dum

333 4572 425 4618 τος
476 4555 792 4626 λεγομένοις
845 4553 1282 4623 προσφέρεσθαι,
1317 4554 1501 4621 καλῶς
1539 4559 1674 4629 ημῖν
1704 4560 1922 4632 ὑφηγη-

2029 4575 2089 4615 se
2126 4560 2434 4630 praeberent
2476 4563 2711 4618 aliorum
2772 4565 3123 4647 interpretes,
3188 4583 3446 4646 tanquam
3509 4579 3624 4633 exi-

335 4647 611 4718 σαμένων,
644 4649 741 4700 καὶ
782 4646 1227 4718 παραδείγμασιν
1278 4648 1489 4713 ἱκανοῖς
1523 4649 1628 4722 τὴν
1658 4651 1915 4706 διδασκα-

332 4739 456 4793 λίαν
521 4739 982 4811 βεϐαιωσάντων,
1030 4739 1188 4794 αὐτοὶ
1254 4742 1608 4799 παντάπασιν
1658 4745 1920 4810 ἐναντίως

332 4831 566 4905 Χρῆσθαι
603 4831 929 4903 βουλόμεθα·
988 4833 1099 4889 Καὶ
1154 4832 1263 4905 μὴν
1320 4834 1444 4888 οὐδὲ
1497 4834 1708 4890 δίκαιον
1757 4837 1917 4905 ὅλως,

332 4926 574 4991 ἐκείνους
623 4926 724 4996 μὲν
767 4925 1046 4999 ἐξηγητὰς
1088 4924 1270 4979 ἄλλων
1331 4926 1813 4999 καθισταμένους,
1843 4931 1920 4994 ὡς

333 5017 589 5087 μέγιστόν
616 5033 672 5071 τι
694 5017 802 5071 τῶν
832 5017 1057 5087 ἀγαθῶν
1097 5017 1287 5082 αὐτοῖς
1319 5019 1623 5091 ἀπονεῖμαι
1649 5020 1750 5092 τὴν
1781 5038 1920 5093 συμ-

333 5111 578 5181 φωνίαν,
622 5112 771 5183 ἡμᾶς
820 5111 878 5165 δὲ
937 5112 1208 5169 τάκείνων
1267 5110 1427 5177 αὖθις
1484 5111 1918 5186 ἐξηγουμένους,

332 5203 433 5270 τῆς
471 5202 809 5274 τηλικαύτης
871 5200 1063 5272 ὥσπερ
1116 5202 1387 5275 φθονῆσαι
1445 5208 1659 5282 φορᾶς·
1691 5209 1790 5263 καὶ
1842 5204 1919 5264 ὧν

332 5294 491 5353 αὐτοὶ
545 5294 660 5358 τοῖς
714 5294 897 5359 ἀλλοις
950 5294 1291 5362 μετέδωκαν,
1350 5297 1563 5354 τούτων
1608 5299 1700 5369 ὑφ’
1756 5300 1918 5372 ἡμῶν

333 5386 687 5458 στερηθῆναι.
730 5386 869 5439 Ἀλλ’
901 5388 950 5440 εί
1006 5391 1102 5446 καὶ
1152 5389 1384 5461 μηδενὸς
1415 5391 1581 5448 ἄλλον
1610 5394 1775 5464 χάριν
1816 5412 1917 5465 χα-

329 5478 510 5543 λεπῶς
537 5481 669 5550 ἡμῖν
697 5479 905 5547 ἕξουσι,
935 5483 997 5537 τό
1032 5499 1096 5553 γε
1128 5483 1572 5554 καταψεύδεσθαι
1608 5487 1705 5558 τῆς
1730 5489 1915 5543 αὐτῶν

332 5568 524 5638 σοφίας
558 5570 653 5622 καὶ
689 5571 910 5641 ἀρετῆς,
943 5572 1040 5629 καὶ
1072 5572 1229 5628 ταῦθ’
1274 5573 1370 5628 ὑπ’
1405 5575 1589 5630 αὐτῶν
1618 5576 1913 5652 ὠφελημέσ

329 5677 451 5724 νους
491 5662 562 5714 τὰ
595 5663 850 5731 μέγιστα,
891 5667 983 5719 καὶ
1020 5667 1241 5720 πάντων
1274 5668 1463 5734 αὐτοῖς
1494 5670 1715 5725 δικαίαν
1747 5673 1914 5747 χάριν

332 5750 690 5819 ὀφείλοντας,
744 5754 918 5810 δεινὸν
969 5757 1031 5810 ού
1100 5758 1305 5828 φαῦλον
1352 5761 1697 5832 ποιήσονται.
1770 5766 1910 5822 Οὔτε

327 5844 436 5915 γὰρ
486 5844 662 5914 ἁγίοις
705 5845 827 5903 οὔτε
878 5852 1292 5924 σοφοῖς-δοκεῖν
1346 5853 1531 5918 αὐτοῖς
1592 5858 1921 5929 περιέσταιν

2024 4655 2194 4709 mium
2223 4655 2483 4726 quiddam
2522 4657 2630 4714 illis
2658 4662 3006 4718 concordiam
3036 4666 3297 4723 tribuisse
3332 4686 3347 4736 ;
3378 4687 3477 4727 nos
3523 4688 3621 4727 au-

2023 4757 2131 4803 tem
2168 4764 2360 4805 rursus
2394 4750 2599 4821 scripta
2650 4769 2840 4810 eorum
2896 4755 3351 4830 interpretantes,
3407 4773 3616 4821 tantam

2022 4842 2433 4910 quodammodo
2459 4843 2570 4900 illis
2601 4845 2853 4904 invidere
2884 4849 3188 4921 fortunam,
3219 4866 3273 4910 ct
3310 4872 3508 4928 negare
3540 4861 3613 4932 ip~

2021 4933 2099 4991 sis
2132 4935 2275 5009 bona
2307 4937 2420 5005 illa,
2459 4939 2664 5011 quibus
2697 4942 2798 5014 ipsi
2847 4944 2986 5002 alios
3029 4950 3404 5007 cumularunt.
3461 4952 3616 5021 Quod

2019 5028 2067 5082 sl
2101 5029 2308 5085 nullam
2344 5030 2506 5087 aliam
2541 5034 2611 5089 ob
2632 5049 2856 5093 causam
2906 5039 3067 5096 nobis
3103 5044 3530 5111 suecensebuut,
3563 5057 3617 5104 at

2021 5129 2170 5176 certe
2202 5120 2592 5180 molestissime
2624 5123 2824 5192 ferent,
2873 5129 3010 5185 falso
3067 5146 3099 5186 a
3151 5133 3310 5191 nobis
3362 5141 3617 5195 accusari

2022 5213 2310 5273 scientiam
2343 5230 2408 5270 ac
2442 5216 2699 5275 virtutem
2731 5236 2914 5289 suam,
2969 5223 3133 5295 idque
3193 5240 3318 5282 cum
3373 5229 3442 5284 ab
3504 5230 3614 5289 illis

2019 5306 2197 5363 aﬂ‘ecti
2225 5309 2400 5365 simus
2424 5309 2704 5369 beneficiis
2735 5315 3011 5379 maximis,
3040 5318 3111 5372 ob
3144 5333 3266 5389 quae
3325 5321 3432 5378 illis
3489 5339 3607 5380 omo

2020 5400 2107 5455 nia
2143 5402 2372 5471 gratiam
2404 5402 2605 5461 referre
2628 5407 2914 5463 debemus.
2946 5406 3131 5478 Neque
3160 5413 3307 5467 enim
3351 5430 3475 5470 esse
3521 5428 3615 5474 aut

2019 5493 2198 5552 sancti
2237 5507 2334 5551 aut
2362 5499 2505 5553 docti
2550 5499 2904 5567 videbuntur,
2939 5503 3032 5574 qui
3064 5507 3339 5561 senserint
3367 5519 3424 5563 et
3476 5510 3612 5569 scri-

2018 5589 2228 5657 pserint
2260 5605 2381 5661 qua:
2403 5599 2531 5647 sunt
2565 5608 2594 5648 a
2618 5592 2860 5651 veritate
2892 5595 3103 5663 aliena;
3135 5597 3244 5653 imo
3266 5601 3431 5656 etiam
3460 5603 3608 5672 digni

2018 5682 2366 5749 videbuntur,
2402 5686 2494 5756 qui
2543 5701 2734 5756 punias
2780 5687 2932 5742 luant
2983 5706 3178 5760 graves
3238 5703 3457 5765 propter
3512 5713 3609 5753 eos

2015 5774 2108 5843 qui
2147 5773 2359 5846 decepti
2392 5787 2540 5834 sunt.
2576 5778 2848 5834 Praeterea
2878 5797 2975 5835 nec
3002 5784 3258 5841 doctores
3286 5788 3383 5854 illi,
3407 5792 3606 5861 quibus

2018 5866 2280 5925 honorem
2305 5869 2622 5941 deferimus,
2662 5872 2939 5928 habebunt
2974 5875 3156 5947 potius
3185 5883 3412 5952 gratias,
3440 5901 3603 5958 quan
