4038 6414
313 376 422 442 497
1492 384 1778 446 ORATIO
1809 385 1906 447 III

2033 398 2042 442 ι
2077 388 2456 456 SYNODUM.
3490 403 3598 464 498

318 509 440 560 γειν
477 495 608 562 περὶ
659 492 768 547 τῶν
805 494 1010 560 αὐτῶν,
1043 497 1408 568 ἐμαχόμεθα,
1463 501 1558 553 καὶ
1611 502 1751 571 πρὸς
1799 502 1898 572 τὴν

2033 503 2230 571 lentur,
2265 511 2488 578 quando
2515 508 2794 565 silentium
2819 512 3007 567 civiles
3041 528 3261 584 quoque
3308 515 3454 586 leges
3507 535 3600 574 su-

318 585 584 654 ἀλήθειαν
615 586 786 656 αὐτὴν
817 587 1218 657 ἠναντιούμεθα
1257 593 1322 644 ἄν
1349 608 1362 623 ο
1397 590 1430 662 ἢ
1459 593 1556 656 τὰς
1587 592 1698 646 τῶν
1724 593 1902 648 ὄντων

2033 604 2168 650 nunt
2200 612 2296 665 pro
2327 611 2554 651 assensu
2592 614 2605 662 ;
2641 614 2763 652 cum
2793 600 3127 657 assentiente
3175 617 3307 658 vero
3357 604 3600 674 conﬂigit

325 678 591 748 ὑπάρξεις
629 679 699 732 ἐκ
747 679 959 732 πολλῶν
1003 697 1168 734 τινων
1217 684 1314 735 καὶ
1347 683 1617 754 διαφόρως
1663 687 1903 754 ἐνυπαρ-

2033 702 2195 752 nemo,
2231 687 2276 742 si
2333 690 2530 757 sapiat.

321 771 524 841 χόντων
580 772 767 834 αὐτοῖς
831 773 1182 827 συνίστασθαι
1237 775 1506 844 βούλεται.
1584 777 1724 833 Οὔτε
1773 778 1954 834 τοίνυν
2005 780 2099 833 ἐπὶ
2154 779 2363 842 τούτοις
2419 781 2824 852 διαφερόμεθα,
2875 783 2998 838 οὗτε
3053 785 3210 853 λόγος
3259 789 3355 840 καὶ
3414 788 3596 860 σιωπὴ

321 865 633 935 πεφύκασιν
669 868 816 937 ἡμᾶς
847 869 1245 938 συρρηγνύναιο
1273 871 1587 928 τούναντίον
1615 873 1724 943 γὰρ
1777 874 1982 944 μᾶλλον
2011 875 2108 930 καὶ
2136 876 2479 931 διαλλάττειν
2512 877 2784 941 δοκοῦσιν,
2855 880 3012 951 εἴπερ
3050 882 3106 933 ὲν
3155 881 3256 951 ἴσῳ
3331 887 3398 955 τῇ
3464 901 3593 952 συγ-

323 964 614 1017 καταθέσει
673 967 735 1016 τὸ
783 966 883 1033 τῆς
923 965 1083 1034 σιγῆς
1131 968 1228 1020 καὶ
1277 967 1384 1022 ὑπὸ
1432 970 1545 1024 τῶν
1594 970 1894 1024 πολιτικῶν
1935 971 2281 1042 λαμϐάνεται
2360 975 2545 1046 νόμων
2581 992 2596 1006 ·
2636 976 2772 1046 πρὸς
2821 974 2879 1029 δὲ
2922 975 3014 1028 τὸν
3049 977 3411 1032 συναινοῦντα
3443 979 3603 1033 πόλε-

328 1073 424 1124 μος
454 1056 629 1119 οὐδεὶς
654 1055 777 1111 οὐδὲ
812 1056 964 1128 μάχη
993 1057 1073 1129 τῷ
1099 1075 1162 1127 γε
1198 1061 1326 1114 νοῦν
1369 1063 1571 1132 ἔχοντι.

397 1151 456 1202 Et
490 1149 588 1217 μὲν
606 1147 702 1202 οὖν
733 1149 890 1203 ἄλλον
913 1153 1037 1206 τινὰ
1061 1152 1266 1223 τρόπον
1292 1154 1356 1207 ὲκ
1395 1155 1507 1210 τῶν
1535 1155 1640 1225 τῆς
1677 1157 1910 1228 Ἐκκλη-

329 1242 445 1305 σίας
473 1241 813 1295 διδασκάλων
854 1243 1075 1315 εἴχομεν
1111 1245 1421 1316 εἰληφότες,
1451 1242 1496 1317 ᾧ
1526 1249 1627 1313 τὰς
1672 1251 1732 1315 ἐξ
1761 1251 1910 1304 ὲκεί-

326 1353 432 1388 νων
494 1337 628 1405 ἡμῖν
697 1337 1140 1408 ἀποτικτομένας
1187 1342 1638 1414 ἀμφισϐητήσεις
1682 1346 1907 1399 λύεσθαι

327 1426 428 1490 δεῖ,
457 1431 550 1480 καὶ
579 1421 623 1494 ᾧ
657 1427 1004 1498 δυνησόμεθα
1037 1437 1339 1488 συνάπτειν
1365 1437 1613 1501 ἐκείνους
1637 1438 1696 1491 ὲν
1729 1434 1812 1501 οἷς
1842 1439 1907 1492 ἂν

328 1518 717 1590 διαφερόμενοι
781 1523 1104 1592 φαίνοιντο,
1178 1526 1291 1580 τῶν
1352 1529 1485 1598 ἡμῖν
1547 1530 1911 1600 ἐγνωσμένων

329 1611 537 1662 τούτων
571 1611 962 1684 ἠμελημένων,
1020 1616 1114 1668 καὶ
1150 1610 1234 1685 οἷς
1278 1618 1528 1690 χρῆσθαι.
1572 1621 1709 1690 πρὸς
1746 1621 1912 1693 άλλη-

333 1700 458 1762 λους
488 1701 784 1772 εἰώθαμεν,
809 1705 1006 1776 ἐκείνῳ
1031 1706 1099 1778 δὴ
1127 1709 1222 1762 καὶ
1248 1712 1541 1780 χρηστέον.
1580 1713 1642 1767 Et
1668 1713 1725 1766 δὲ
1753 1713 1913 1766 τοῦτο

335 1790 438 1860 μὲν
466 1793 566 1846 οὐκ
617 1793 764 1848 ἐστιν
811 1797 1018 1866 εὑρεῖν,
1053 1799 1115 1853 οὐ
1140 1799 1249 1870 γάρ
1279 1799 1548 1870 ἠδύναντο
1599 1803 1915 1873 ἀνθρώποις

2091 1152 2148 1207 Si
2171 1152 2295 1221 quis
2323 1152 2488 1222 igitur
2513 1159 2595 1206 est
2625 1151 2767 1208 alius
2793 1151 2988 1208 modus
3007 1165 3037 1206 a
3067 1151 3388 1214 doctoribus
3414 1149 3603 1206 Eccle-

2019 1244 2116 1329 sia-
2152 1243 2307 1300 nobis
2364 1244 2621 1308 traditus,
2679 1259 2791 1316 quo
2843 1243 3168 1300 dirimend‘ae
3217 1245 3328 1299 sint
3373 1250 3602 1299 contro-

2019 1333 2230 1399 versias,
2259 1351 2377 1405 qua:
2402 1349 2498 1404 per
2553 1335 2678 1389 illos
2741 1334 3016 1397 oriuntur,
3067 1342 3129 1388 et-
3175 1347 3284 1402 quo
3326 1331 3604 1404 possimus

1986 1416 2318 1482 'COneiliare
2359 1426 2479 1482 illos
2513 1427 2655 1482 inter
2687 1441 2768 1492 se,
2804 1426 2894 1481 ubi
2951 1424 3251 1481 dissentire
3303 1425 3557 1481 videntur
3589 1443 3604 1490 ;

2019 1518 2353 1590 posthabitis
2384 1519 2536 1574 hisee
2565 1534 2705 1588 quos
2731 1518 3006 1582 novimus,
3034 1526 3089 1572 et
3113 1517 3317 1588 quibus
3353 1517 3432 1571 uti
3464 1516 3608 1572 inter

2023 1625 2123 1664 nos
2153 1612 2417 1672 solemus,
2449 1625 2546 1678 age
2573 1609 2724 1662 illum
2753 1596 3128 1664 adhibeamus.
3175 1606 3284 1662 Sed
3339 1607 3387 1678 si
3442 1607 3604 1661 talenti

2023 1702 2264 1774 reperire
2295 1702 2513 1756 modum
2548 1718 2657 1755 non
2682 1700 2852 1768 lie-ct;
2888 1716 3065 1771 neque
3123 1701 3269 1756 enim
3327 1707 3602 1770 poterant,

2024 1807 2150 1846 cum
2183 1804 2365 1846 sermo
2393 1789 2504 1844 illis
2532 1789 2768 1845 esset'atl
2798 1789 3047 1844 homines
3079 1797 3321 1844 nostram
3352 1799 3408 1843 et
3470 1789 3607 1857 ipsis

330 1899 390 1935 τε
421 1883 797 1956 διαλεγόμενοι
851 1888 948 1942 καὶ
1008 1889 1169 1942 αὐτοὶ
1215 1891 1315 1960 τὴν
1367 1892 1648 1962 ἡμετέραν
1691 1892 1912 1964 ἔχοντες

2033 1892 2276 1936 naturam
2317 1881 2646 1937 habentibus
2680 1891 2776 1948 ;_et
2804 1899 2897 1953 per
2914 1891 3206 1938 consuetos
3236 1884 3402 1938 hosce
3419 1882 3608 1936 conci-

335 1965 522 2041 φύσιν,
553 1970 636 2040 οἷς
671 1977 717 2028 δ’
758 1978 993 2031 ἐπὶτῶν
1032 1981 1271 2053 Γραφῶν
1320 1983 1476 2037 αὐτοὶ
1525 1987 1639 2048 τοῖς
1697 1985 1917 2039 εἰωθόσι

332 2065 548 2129 τούτοις
604 2068 715 2120 τῶν
766 2068 1076 2140 διαλλαγῶν
1127 2074 1442 2144 ἐχρήσαντο
1496 2077 1765 2147 τρόποις,
1823 2080 1920 2134 καὶ

335 2157 468 2224 ἡμῖν
500 2156 711 2212 ἐοίκασι
739 2162 1142 2230 συμϐουλεύειν
1177 2167 1300 2238 μηδ’
1333 2167 1424 2221 ἐπ’
1459 2169 1642 2224 αὐτῶν
1674 2171 1919 2241 βελτίους

335 2247 529 2310 ἄλλους
561 2248 784 2318 ζητεῖν,
819 2252 982 2322 ἡνίκα
1019 2254 1086 2310 ἂν
1137 2256 1233 2328 δὲῃ
1281 2262 1718 2328 συμφωνοῦντας
1755 2262 1922 2333 άλλη-

336 2340 447 2403 λθις
475 2341 816 2410 δείκνυσθαι,
858 2344 983 2398 οὕτε
1021 2349 1417 2418 παραιτεῖσθαι
1450 2352 1533 2404 δεῖ
1561 2352 1661 2423 τὴν
1692 2355 1923 2408 ἐκείνων

337 2432 597 2502 εἰρήνην,
639 2429 704 2505 ἧς
744 2434 981 2508 ἤρτηται
1023 2439 1090 2491 τὰ
1125 2440 1225 2507 τῆς
1278 2423 1438 2510 ἦμῶν
1471 2444 1750 2512 ὁμονοίας,
1793 2445 1923 2499 οὗτε-

334 2524 591 2594 δυσχερές
644 2528 794 2580 ἐστιν
850 2527 931 2593 οἷς
989 2532 1076 2599 ἐφ’
1117 2534 1277 2604 ἡμῶν
1331 2537 1673 2608 ἐχρησάμεθ’
1705 2539 1773 2592 ἂν
1824 2540 1920 2607 τῆς

339 2618 592 2685 ὁμονοίας
623 2620 894 2690 σημείοις,
950 2623 1040 2677 διὰ
1088 2626 1300 2680 τούτων
1337 2627 1436 2696 τὴν
1471 2630 1781 2700 σύμπνοιαν
1830 2633 1933 2691 καὶ,

338 2711 397 2762 τὸ
429 2715 646 2778 φρονεῖν
679 2714 885 2783 ἀδελφὰ
915 2717 1196 2782 κάκείνοις
1231 2720 1592 2790 ψηφίζεσθαι.
1623 2723 1762 2779 Οὔτε
1800 2727 1922 2778 xiv-

336 2803 490 2856 δννὸν
515 2821 636 2856 τινα
669 2809 948 2871 προσεῖναι
987 2809 1067 2878 τῷ
1115 2811 1404 2882 πράγματι
1471 2816 1756 2870 πιστεύειν
1785 2817 1924 2880 ὅλως

339 2896 511 2960 εἰκός.
541 2899 782 2966 Ἔμοιγε
809 2900 916 2971 γὰρ
947 2903 1260 2958 τούναντίον
1313 2907 1517 2974 μᾶλλον
1546 2908 1714 2972 δοκεῖ,
1757 2913 1925 2981 μηδὲν

341 2990 408 3044 ἂν
435 2991 851 3063 ἀσφαλέστερον
881 2995 1076 3048 τούτου
1104 2998 1366 3064 γενέσθαι
1398 3003 1776 3066 τοῖςιεύθύνας
1808 3004 1923 3074 βίον

341 3100 400 3134 τε
453 3083 548 3135 καὶ
586 3083 744 3153 δόξης
779 3087 982 3150 ὁμοίως
1037 3089 1234 3142 δώσειν
1269 3091 1653 3160 ὑπειληφόσιν.
1709 3097 1769 3148 Εἰ
1818 3097 1925 3168 γὰρ

2023 1973 2311 2028 liationntn
2346 1971 2563 2035 modos,
2592 1973 2793 2042 quibus
2821 1972 2921 2040 ipsi
2950 1972 3033 2027 usi
3063 1982 3195 2026 sunt
3254 1971 3320 2025 ad
3379 1986 3606 2038 compo-

2022 2067 2204 2121 nenda
2237 2065 2538 2132 Scriptura!
2564 2065 2705 2128 loca,
2739 2064 2900 2120 nobis
2925 2064 2976 2118 id
3010 2063 3226 2120 concilii
3259 2064 3390 2118 dare
3420 2063 3609 2119 viden.

2023 2168 2136 2224 tur,
2172 2165 2231 2212 ut
2261 2158 2440 2213 nullos
2465 2173 2778 2226 (inmanius
2807 2157 3086 2222 meliores,
3117 2172 3210 2226 per
3253 2170 3394 2224 quos
3448 2168 3610 2225 opor-

2026 2261 2156 2316 teat,
2193 2268 2316 2306 cum
2347 2266 2484 2320 opus
2517 2251 2698 2312 fuerit,
2735 2251 2967 2321 probare
3003 2249 3247 2320 ipsorum
3271 2264 3490 2319 quoque
3513 2247 3611 2302 do-

2023 2357 2237 2397 etorum
2265 2341 2740 2408 convenientiam;
2771 2340 3016 2411 profecto
3035 2355 3148 2395 nec
3173 2355 3367 2410 pacem
3389 2340 3604 2393 illorum

2023 2434 2286 2489 debemus
2328 2435 2549 2488 missam
2587 2434 2790 2499 facere,
2820 2449 2883 2487 ex
2918 2448 3025 2503 qua
3048 2433 3244 2504 pendet
3275 2441 3462 2486 nostra
3480 2448 3612 2486 con—

2024 2529 2206 2581 cordia
2240 2545 2254 2594 ;
2290 2543 2388 2580 nec
2413 2526 2631 2582 dillicile
2661 2535 2764 2590 est,
2803 2543 2897 2596 per
2924 2542 3044 2596 qua:
3069 2539 3168 2580 nos
3187 2525 3340 2594 signa
3363 2533 3609 2580 nostram

2027 2619 3001 2690 Sigtlilical'cttltts-COIICOI‘di:Ittt,,pCI‘
3029 2619 3142 2674 haec
3175 2619 3363 2674 eadem
3393 2618 3607 2673 illorum

2026 2714 2463 2768 convenientiam
2496 2723 2550 2768 ot
2597 2716 3014 2768 cmtscnsiouem
3077 2711 3375 2767 declat-aure.
3428 2711 3616 2779 Neque

2028 2807 2196 2858 ullutn
2233 2807 2457 2858 omnino
2487 2805 2587 2857 hac
2614 2804 2666 2857 in
2696 2820 2752 2856 re
2777 2803 3076 2872 prriettittttl
3109 2805 3338 2856 subesse
3375 2818 3610 2856 censen-

2029 2900 2155 2951 dum
2182 2910 2267 2950 est
2297 2913 2314 2962 ;
2345 2894 2476 2948 mihi
2504 2896 2648 2950 enim
2680 2895 2894 2949 videtur
2930 2895 3110 2964 potius
3137 2893 3498 2956 contratiutn,
3528 2896 3610 2946 ni-

2031 2990 2108 3044 ltii
2136 3005 2293 3061 posse
2325 2991 2496 3044 tutius
2526 2990 2842 3059 contingere
2884 2989 3221 3049 hominibus,
3258 2990 3355 3057 qui
3386 3002 3445 3041 se
3465 2989 3611 3042 cxis-

2031 3084 2227 3136 titnant
2256 3081 2566 3137 reddituros
2600 3083 2864 3135 rationem
2903 3083 3022 3134 vita:
3057 3081 3259 3149 pariter
3290 3095 3354 3134 ac
3406 3080 3620 3148 opinio—

343 3176 435 3226 καὶ
466 3177 564 3244 τῆς
609 3175 867 3246 ἀληθείας
924 3179 1231 3248 ἐμέλλομεν
1287 3181 1461 3254 ταύτῃ
1513 3182 1923 3255 διαμαρτάνειν,

2033 3175 2139 3231 nis.
2172 3175 2437 3241 Quamvis
2468 3175 2612 3229 enim
2644 3175 2715 3227 ita
2752 3173 2992 3228 lutut'utn
3022 3185 3189 3236 esset,
3223 3182 3277 3225 ut
3308 3189 3336 3225 a
3391 3171 3621 3226 veritate

343 3269 504 3338 ἱκανὴ
538 3272 671 3339 πρὸς
701 3271 836 3324 Θεὸν
869 3273 1002 3341 ἡμῖν
1043 3274 1109 3327 ἂν
1139 3273 1228 3340 εἴη
1285 3277 1642 3348 παραίτησις,
1685 3280 1746 3332 τὸ
1794 3279 1924 3350 βου-

342 3359 577 3432 ληθῆναι
635 3364 734 3433 μὲν
787 3366 1015 3435 εἰρήνην
1077 3367 1236 3435 ἄγειν
1310 3369 1454 3438 μετὰ
1514 3371 1786 3439 πολέμους
1821 3391 1924 3443 μα-

345 3455 535 3523 κροὶις,
567 3456 662 3510 καὶ
693 3459 794 3526 τὴν
831 3457 1002 3528 αὐτὴν
1049 3462 1180 3528 περὶ
1231 3461 1342 3513 τῶν
1375 3463 1508 3531 πρὶν
1539 3464 1922 3534 ἀμφισϐητου-

347 3548 524 3613 μένων
549 3548 773 3618 γνώμην
808 3549 1013 3617 λαϐεῖν,
1058 3551 1279 3615 ἑαυτοῖς
1307 3553 1364 3606 δὲ
1397 3554 1621 3626 θαρρεῖν
1647 3555 1748 3608 οὐκ
1775 3555 1926 3626 ἔχον-

345 3655 444 3699 τας
476 3639 568 3691 ἐπὶ
600 3639 700 3702 τὰς
737 3640 959 3709 Γραφὰς
997 3639 1216 3695 ἀπιδεῖν
1252 3640 1504 3706 καὶτοὺς
1546 3644 1923 3710 διδασκάλους

346 3727 682 3796 φαινομένης
712 3729 770 3782 δέ
815 3747 962 3790 τινος
1001 3731 1106 3784 κάν
1154 3731 1374 3794 τούτοις
1423 3733 1723 3806 διαφορᾶς,
1772 3735 1929 3808 {vou-

349 3820 624 3889 μηθέντας
663 3822 738 3886 ώς
792 3822 1059 3877 ἀδύνατον
1117 3829 1232 3888 τοῖς
1295 3826 1402 3879 ὑπὸ
1452 3826 1544 3880 τοῦ
1612 3827 1931 3898 Πνεύματος

347 3911 734 3980 ἑνηχουμένοις
786 3914 1161 3985 ὲναντιότητός
1239 3933 1293 3969 τι
1355 3917 1451 3970 καὶ
1511 3917 1720 3990 πλάνης
1785 3921 1930 3990 ῐχνος

350 4005 656 4071 προσεῖναι,
692 4006 788 4059 καὶ
837 4005 1205 4078 βουληθέντας
1256 4010 1425 4064 πᾶσιν
1457 4009 1660 4081 ὁμοίως
1694 4013 1796 4082 τὴν
1833 4014 1934 4082 τῆς

349 4093 665 4164 ἁγιωσύνης
701 4094 861 4159 δόξαν
914 4098 1134 4166 τηρεῖν,
1165 4097 1497 4163 διαλλακτὰς
1537 4100 1741 4171 μᾶλλον
1793 4102 1824 4172 ἢ
1858 4102 1937 4156 δι-

353 4186 560 4248 καστὰς
608 4185 794 4240 αὐτῶν
824 4187 1158 4256 γεγονέναι·
1194 4190 1292 4243 καὶ
1329 4191 1570 4262 συνάψαι
1611 4192 1714 4262 μὲν
1765 4192 1935 4264 ά).λὴ-

350 4276 463 4339 λοις
499 4277 744 4340 ἐκείνους
806 4278 882 4343 ὡς
932 4280 1219 4351 ἐνεχώρει,
1279 4283 1622 4353 συναφθῆναι
1672 4282 1720 4336 δ’
1748 4284 1938 4338 ἔπειτα

351 4371 446 4421 καὶ
500 4369 676 4436 αὐτοὶ,
730 4371 826 4422 καὶ
878 4371 1089 4442 ταύτην
1135 4372 1212 4437 ὡς
1263 4375 1685 4447 ἀσφαλεστέραν
1719 4377 1937 4431 ἑλέσθαι

350 4459 453 4528 τῆς
502 4462 729 4531 εἰρήνης
760 4453 902 4531 ὁδδν,
935 4465 1060 4527 ταῖς
1104 4464 1296 4528 ἄλλαις
1331 4465 1547 4519 πολλῶν
1579 4484 1638 4519 τε
1671 4469 1767 4522 καὶ
1802 4485 1939 4539 προο

2027 3268 2436 3333 aberraremtts,
2469 3266 2663 3322 idonea
2694 3275 2878 3321 tamen
2912 3265 3071 3320 nobis
3098 3275 3244 3321 esset
3272 3265 3416 3334 apud
3452 3264 3619 3319 Deum

2026 3361 2333 3423 excusatio,
2366 3360 2519 3430 quod
2579 3374 2768 3430 pacem
2835 3359 3036 3413 habere
3096 3358 3436 3412 voluerimus
3503 3367 3623 3427 post

2027 3451 2188 3521 longa
2221 3451 2474 3517 dissidia,
2497 3453 2870 3521 depositisque
2894 3449 3294 3506 controversiis
3340 3452 3394 3503 in
3456 3464 3620 3502 unam

2027 3557 2222 3599 Omnes
2255 3543 2334 3598 ire
2371 3547 2700 3600 sententiam
2740 3561 2754 3600 :
2785 3561 2910 3598 cum
2944 3558 3074 3598 vero
3143 3540 3302 3596 nobis
3363 3541 3466 3611 ipsi
3515 3557 3624 3595 non

2028 3635 2454 3700 euttlideremus,
2479 3635 2547 3690 ad
2582 3635 2892 3704 Scripturas
2923 3635 3328 3690 accurrerimus
3358 3642 3412 3688 et
3433 3634 3625 3690 docto-

2031 3743 2120 3782 res
2152 3736 2494 3798 :apparente
2528 3742 2656 3781 vero
2691 3726 2745 3780 in
2789 3726 2857 3782 iis
2887 3726 3051 3781 etiam
3085 3725 3452 3794 discrepantia
3487 3739 3626 3794 qna-

2032 3818 2182 3881 dam,
2215 3817 2752 3874 consideraverimus
2779 3818 2991 3872 nullum
3013 3831 3134 3872 esse
3151 3831 3318 3886 posse
3336 3813 3626 3886 vestigium

2033 3927 2228 3982 pugna:
2257 3923 2310 3966 et
2342 3911 2551 3966 erroris
2592 3912 2646 3966 in
2682 3911 2796 3968 illis
2829 3912 2925 3982 qui
2970 3921 3100 3966 sunt
3149 3909 3391 3980 Spiritus
3442 3909 3626 3966 ablata

2034 4005 2210 4060 edocti
2247 4017 2264 4058 :
2303 4005 2658 4074 volentesque
2727 4005 2986 4059 omnibus
3056 4019 3212 4073 mque
3298 4017 3629 4058 conservare

2035 4095 2348 4166 opinionem
2379 4095 2714 4162 sanctitatis,
2775 4094 3159 4152 conciliatores
3210 4092 3393 4160 potius
3454 4106 3619 4160 quam

2032 4185 2249 4256 judices
2278 4185 2522 4255 ipsorum
2553 4185 2862 4242 sederimus
2898 4201 2914 4239 :
2943 4192 2997 4239 et
3027 4184 3102 4237 illi
3138 4183 3356 4252 quidem
3394 4197 3425 4236 a
3462 4183 3620 4237 nobis

2038 4275 2220 4347 quoad
2236 4276 2356 4344 ejus
2379 4275 2492 4331 ﬁeri
2516 4277 2695 4346 potuit
2729 4276 2785 4330 in
2813 4292 2973 4330 unam
3008 4274 3217 4331 reducti
3250 4273 3623 4339 concordiam,

2039 4377 2230 4439 postea
2264 4383 2394 4422 vero
2420 4375 2472 4423 et
2503 4383 2607 4441 uos
2634 4357 2772 4423 uniti
2805 4367 3098 4433 fuerimus,
3130 4367 3448 4436 delectaque
3476 4379 3506 4418 a
3530 4380 3626 4418 no-

2043 4461 2128 4517 bis
2159 4461 2275 4517 hzec
2306 4462 2457 4531 pacis
2486 4461 2574 4516 via
2605 4461 2682 4515 nti
2711 4459 2899 4527 tutior,
2951 4460 3076 4515 aliis
3119 4458 3288 4513 multa
3337 4463 3394 4511 et
3455 4454 3630 4511 mani-

356 4552 541 4622 φανῶν
590 4554 859 4608 κινδύνων
915 4555 1373 4628 συνεζευγμένων
1424 4557 1639 4624 τούτοις
1691 4562 1930 4632 ἡγοῦμαι

2045 4556 2184 4610 festa
2222 4553 2555 4612 habentibus
2604 4554 2897 4624 conjuncta
2955 4551 3220 4623 pericula.
3285 4549 3412 4604 llaec
3473 4548 3633 4618 plane

353 4646 448 4700 καὶ
498 4647 638 4702 πάνυ
670 4647 763 4701 τὸν
799 4649 1190 4720 φιλάνθρωπον
1239 4650 1744 4723 δυσωπηθήσεσθαι
1783 4653 1940 4709 δικα-

355 4738 508 4808 στὴν,
542 4741 636 4794 καὶ
687 4743 1028 4812 συγγνώμης
1085 4742 1348 4808 ᾁξιώσειν
1402 4744 1612 4813 πολλῆς
1657 4746 1786 4810 τοὺς
1819 4747 1942 4800 ἐπι-

355 4830 712 4902 θυμήσαντας
750 4835 850 4902 μὲν
892 4834 1003 4888 τῶν
1058 4835 1341 4904 μεγίστων
1368 4874 1384 4901 ,
1427 4835 1724 4906 ἑλομένους
1773 4837 1832 4890 δέ
1885 4855 1940 4891 τι

357 4925 450 4982 καὶ
485 4926 977 4996 παρακινδυνεύειν
1013 4927 1155 4998 ὑπὲρ
1190 4926 1397 4992 αὐτῶν,
1428 4927 1542 4982 τῶν
1577 4929 1635 4982 δὲ
1671 4929 1941 4984 κινδύνων

359 5019 672 5083 συνιδόντας
702 5036 760 5072 τε
797 5022 892 5072 καὶ
923 5019 1256 5092 στέρξαντας
1304 5022 1397 5074 τὸν
1443 5023 1806 5092 κουφότερον.
1841 5017 1942 5092 Οἷς

356 5108 463 5180 γὰρ
511 5110 731 5187 ἅπαντα
795 5108 1049 5179 θεμένοις
1104 5111 1290 5173 καλῶς
1342 5111 1443 5164 οὐκ
1500 5111 1784 5181 ἐξεγένετο
1837 5117 1944 5186 τῆς

355 5199 704 5272 ποθουμένης
743 5201 1006 5271 ἀληθείας
1049 5205 1239 5272 τυχεῖν
1271 5246 1285 5268 ,
1319 5203 1530 5258 τούτων
1581 5205 1642 5257 οὐ
1701 5210 1947 5282 πονηρίᾳ

355 5291 602 5363 γνώμης,
634 5291 774 5346 ἀλλὰ
812 5295 878 5363 τῇ
908 5293 1204 5366 δυσχερείᾳ
1251 5295 1352 5365 τῆς
1399 5294 1676 5366 ἀληθείαις
1713 5301 1948 5371 ἐπιγρά-

357 5383 556 5450 φεσθαι
587 5382 754 5436 δεῖτὸ
786 5383 1069 5456 ἀτύχημα.
1109 5386 1234 5439 ’Ότι
1267 5387 1368 5457 μὲν
1396 5387 1585 5451 τοίτιιν
1612 5393 1738 5456 τοὺς
1775 5393 1851 5464 μὴ
1879 5392 1952 5447 τὰ

358 5471 497 5524 αὐτὰ
541 5475 653 5536 τοῖς
711 5473 931 5529 πλείοσι
985 5477 1302 5545 φάσκοντας
1353 5476 1672 5552 ὓεολόγους,
1723 5486 1824 5555 οὐχ
1875 5485 1950 5548 ὡς

360 5563 590 5627 ἐκείνοις
643 5565 1029 5634 ἀντιλέγοντας
1062 5609 1078 5634 ,
1117 5567 1234 5629 dit}:
1273 5573 1350 5640 ὥς
1411 5575 1541 5630 ἄλλο
1597 5592 1650 5628 τι
1691 5574 1954 5644 βουλομέ-

362 5671 484 5721 mu;
515 5655 623 5711 τῶν
676 5656 995 5726 ἀναγκαίων
1037 5661 1538 5739 ὲπιτημαίνεσοαι,
1599 5666 1730 5737 περὶ
1782 5666 1832 5720 δ’
1876 5661 1954 5722 ὧν

364 5742 518 5798 εἷπον
571 5748 774 5801 ἐκεῖνοι
833 5750 936 5819 τὴν
1001 5751 1134 5829 ἴσην
1193 5760 1422 5830 ἔχοντας
1460 5758 1715 5828 γνώμην,
1753 5760 1955 5830 πρέπει

364 5840 526 5906 νοεῖν,
585 5839 644 5892 ὲκ
701 5840 912 5895 πολλῶν
953 5842 1152 5929 eum
1191 5852 1396 5922 ὁμοίων
1431 5851 1763 5923 συνάγεσθαι
1793 5851 1957 5905 δυνα-

2044 4648 2282 4702 arbitror
2343 4646 2838 4703 clen'tentissimutn
2893 4645 3135 4717 judicent
3195 4646 3338 4710 atqui
3394 4642 3637 4712 bonique

2045 4739 2348 4806 facturum,
2384 4739 2709 4808 ren’amque
2740 4738 2956 4793 abunde
2989 4738 3242 4792 daturam
3298 4734 3636 4795 hominibus,

2043 4830 2137 4900 qui
2176 4846 2364 4887 rerum
2400 4831 2624 4902 quidem
2655 4831 3020 4884 maximarum
3053 4829 3233 4884 aﬂ'ecti
3263 4827 3470 4882 iuerint
3493 4825 3639 4880 desi-

2043 4921 2227 4991 dario,
2251 4937 2460 4993 proque
2496 4921 2606 4978 illis
2633 4921 2855 4994 aliquod
2881 4921 3043 4976 etiam
3078 4919 3387 4992 periculum
3452 4916 3640 4971 subire

2045 5016 2366 5070 voluerint:
2398 5029 2464 5067 ex
2519 5012 2778 5084 periculis
2839 5021 3020 5066 autem
3078 5008 3436 5078 cognoverint
3489 5004 3640 5059 adie-

2048 5109 2270 5179 ri‘ntque
2306 5107 2668 5162 levissimum.
2705 5105 2917 5184 Quibus
2947 5103 3116 5165 enim,
3160 5101 3251 5156 ubi
3280 5098 3464 5153 omnia
3497 5106 3643 5152 recte

2025 5211 2215 5272 atque
2251 5201 2444 5256 ordine
2466 5199 2885 5270 disposuissent,
2932 5211 3039 5250 non
3090 5190 3644 5258 suecessitexoptattn

2051 5291 2301 5347 veritatis
2350 5291 2642 5355 assecutio,
2680 5287 2824 5344 haud
2861 5301 3042 5357 prava:
3088 5284 3309 5339 illorum
3366 5281 3640 5336 voluntati

2051 5383 2212 5437 debet
2239 5380 2436 5437 ascribi
2458 5381 2638 5436 exitus
2669 5377 2878 5438 infelix.
2904 5376 3003 5431 sed
3025 5375 3208 5429 arduae
3267 5371 3512 5427 veritatis
3559 5371 3642 5424 in-

2054 5475 2355 5546 d‘agationi.
2383 5474 2538 5542 Quod
2565 5473 2734 5544 igitur
2767 5469 3176 5536 intelligendum
3210 5467 3304 5532 sit,
3357 5464 3642 5535 theologos

2055 5568 2150 5636 qui
2183 5581 2290 5620 non
2321 5564 2655 5620 conveniunt
2681 5577 2806 5618 cum
2837 5559 3110 5630 pluribus,
3143 5569 3492 5626 nequaquam
3534 5556 3645 5612 illis

2057 5658 2363 5724 adversari,
2415 5657 2511 5710 sed
2570 5654 2709 5710 velle
2767 5651 3027 5721 quiddam
3098 5650 3245 5706 aliud
3273 5650 3642 5707 necessarium

2060 5754 2394 5824 signiﬁcare,
2421 5750 2606 5806 eadem
2636 5764 2768 5804 vero
2810 5745 3018 5801 sentire
3063 5758 3187 5813 quae
3241 5742 3315 5798 illi
3359 5743 3427 5799 de
3482 5745 3645 5800 rebus

2065 5862 2158 5918 per
2181 5861 2274 5902 eos
2302 5842 2616 5915 explicatis,
2653 5838 2834 5911 colligi
2858 5845 3036 5909 potest
3058 5852 3125 5894 ex
3149 5837 3333 5896 multis
3351 5837 3470 5895 aliis
3495 5839 3649 5896 sitni-
