4038 6444
307 350 401 411 τοι

1434 355 1721 418 ORATIO
1765 356 1862 417 ΙΙΙ
1898 358 2000 417 AD
2027 357 2419 426 SYNODUM.

3454 362 3561 422 5‘33

294 468 436 539 πρὸς
457 464 746 535 διαφόρου,
772 465 1054 530 ἀπιδόντες
1081 468 1308 532 ἐννοίας.
1335 469 1446 524 Καὶ
1467 470 1521 523 τί
1545 469 1884 540 θαυμαστὸν,

1995 470 2059 525 Ει
2094 473 2226 539 quid
2263 480 2498 538 mirum,
2535 475 2757 544 quando
2803 474 2976 529 sacris
3008 473 3243 543 eloquiis
3280 473 3384 528 hoc
3428 473 3568 528 idem

305 561 437 614 ὅπου
483 557 581 613 καὶ
621 559 734 620 τοῖς
767 557 972 626 λογίοις
1008 558 1170 612 τοῦτο
1219 560 1580 630 συμϐέϐηκε;
1631 560 1747 624 ποῦ,
1777 560 1878 630 μὲν

307 649 476 720 μείζω
506 647 600 701 τοῦ
629 646 760 700 Υἱοῦ
797 649 890 701 τὸν
926 648 1155 717 Πατέρα
1182 648 1436 718 λέγουσιν
1467 649 1735 720 ἐναργῶς,
1770 648 1875 704 ποῦ

303 741 359 795 δὲ
383 741 477 812 τὴν
500 742 555 793 ἐν
585 740 768 810 σφίσιν
818 742 1040 811 ίσότητα
1072 726 1325 813 (ρανερῶς
1368 742 1831 814 ἀποφαινομένοις
1858 760 1874 811 ;

305 839 398 886 καὶ
421 832 571 885 ταῦτ’
599 832 661 884 ού
699 831 861 900 μόνον
889 834 1018 901 περὶ
1056 834 1157 903 τῆς
1208 833 1403 903 διπλῆς
1438 835 1495 888 ὲν
1521 834 1602 905 τῷ
1654 833 1877 907 Χριστῷ

302 921 483 977 νοοῦσι
509 922 728 992 φύσεως
759 923 808 975 οἱ
840 922 1175 989 διδάσκαλοι,
1217 925 1335 980 ἀλλ’
1366 926 1497 980 ἔνιοι
1543 928 1752 981 τούτων
1781 927 1878 982 καὶ

304 1013 432 1084 περὶ
455 1012 555 1083 τὴν
582 1012 734 1066 θείαν
759 1013 923 1083 φύσιν
949 1014 1115 1068 αὐτοῦ
1147 1015 1531 1088 συγχωροῦσιν
1563 1019 1875 1089 ἀμφότερα*

306 1105 397 1156 καὶ
426 1103 600 1173 μείζω
629 1103 729 1174 μέν
759 1121 893 1173 φασι
918 1105 997 1177 τῷ
1025 1107 1207 1177 αἰτίῳ,
1234 1109 1298 1161 οὐ
1333 1107 1505 1177 μείζω
1528 1110 1585 1163 δὲ
1617 1110 1780 1166 πάλιν
1807 1112 1875 1181 τῇ

305 1194 485 1263 φύσει·
520 1196 614 1248 καὶ
646 1195 773 1267 περὶ
808 1196 903 1250 τοῦ
943 1197 1110 1251 αὑτοῦ
1158 1198 1484 1269 πράγματος
1523 1200 1590 1255 τὰ
1638 1201 1874 1256 ἀντικεί-

305 1301 442 1353 μενα
489 1284 732 1355 λέγουσι,
786 1287 922 1354 πρὸς
955 1288 1084 1342 ἄλλο
1134 1290 1318 1360 μέντοι
1352 1292 1446 1344 καὶ
1491 1291 1621 1346 ἀλλο
1665 1293 1877 1348 τούτων

300 1376 584 1447 ἑκάτερον.
623 1378 737 1432 Καὶ
792 1378 877 1441 τίς
911 1378 977 1432 ἂν
1011 1381 1304 1448 καταλέγοι
1326 1382 1424 1448 τὰς
1459 1385 1518 1437 ὲν
1562 1385 1674 1448 τοῖς
1709 1384 1876 1450 θείοις

300 1468 498 1539 λογίοις
521 1469 786 1535 δοκούσας
829 1470 1151 1541 διαφωνίας,
1200 1474 1380 1527 ἄλλων
1416 1475 1485 1528 δι’
1515 1474 1645 1530 ἄλλο
1671 1493 1724 1530 τι
1781 1477 1877 1530 καὶ

302 1564 521 1618 πάντων
562 1562 782 1632 ἀληθῶς
821 1563 1174 1633 λεγομένων;
1210 1566 1305 1617 καὶ
1343 1554 1452 1620 τῶν
1504 1566 1604 1638 μὲν
1655 1568 1875 1633 οἰκείως

303 1654 392 1707 καὶ
444 1651 806 1723 καταλλήλως
843 1656 910 1723 τῇ
961 1652 1057 1708 τοῦ
1094 1653 1349 1724 Σωτῆρος
1389 1654 1627 1727 θεότητι,
1676 1655 1786 1709 τῶν
1816 1657 1874 1712 δὲ

301 1730 688 1816 ταπεινότερόν
738 1762 797 1798 τε
849 1746 946 1798 καὶ
994 1745 1489 1817 ἀνθρωπικώτερον
1529 1750 1870 1818 νοουμένωνς

1989 566 2262 637 contigit?
2289 569 2568 638 Siquidem
2597 569 2683 621 illa
2714 568 2929 623 Patrem
2957 568 3120 622 modo
3147 576 3398 622 asserunt
3423 579 3575 634 aper-

1992 667 2045 714 te
2090 660 2348 731 majorem
2396 659 2552 727 Filio,
2584 662 2747 717 modo
2785 676 2915 716 vero
2957 660 3323 729 mqualitatem
3382 673 3588 714 eorum-

1990 751 2281 808 manifeste
2312 753 2649 824 signiﬁcant.
2678 753 2841 823 idque
2867 752 3119 808 doctores
3142 766 3246 805 non
3279 750 3459 806 solum
3491 749 3578 804 in-

1989 842 2239 914 telligunt
2292 843 2363 901 de
2404 845 2606 916 duplici
2664 855 2859 899 natura
2899 842 3129 906 Christi,
3192 841 3287 898 sed
3348 840 3572 910 quidam

1984 935 2150 990 etiam
2184 944 2476 1006 utrumque
2506 937 2573 992 de
2603 936 2786 991 divina
2832 937 2953 1005 ejus
3004 943 3199 989 natura
3231 932 3573 994 concedunt;

1983 1031 2039 1079 et
2054 1023 2318 1094 majorem
2347 1026 2565 1096 quidem
2599 1027 2776 1089 aiunt.
2800 1041 2988 1088 causa,
3017 1038 3125 1080 non
3159 1022 3422 1092 majorem
3455 1035 3577 1075 rur-

1984 1129 2101 1181 sus,
2135 1102 2364 1183 natura:
2399 1127 2473 1187 ;et
2526 1119 2802 1174 contraria
2851 1118 2920 1173 de
2966 1118 3154 1171 eadem
3197 1130 3255 1170 re
3280 1115 3576 1172 afﬁrmant.

1983 1218 2173 1259 verum
2215 1208 2284 1262 ad
2315 1208 2464 1263 aliud
2495 1219 2550 1265 et
2572 1210 2721 1264 aliud
2767 1210 2962 1264 lierttm
2997 1218 3313 1277 utrumque.
3351 1203 3420 1259 Et
3452 1203 3579 1273 quis

1982 1306 2274 1352 enunieret
2324 1314 2446 1368 quae
2477 1299 2531 1354 in
2555 1299 2855 1370 Scriptum
2888 1297 3072 1353 verbis
3109 1309 3353 1364 pugnare
3388 1293 3578 1348 viden-

1984 1385 2249 1442 tur?cum
2265 1384 2372 1444 alio
2389 1390 2494 1444 alia
2513 1401 2781 1463 spectent.
2801 1398 2854 1447 et
2870 1389 3053 1445 omnia
3081 1404 3203 1443 vera
3225 1389 3334 1443 sint
3350 1388 3439 1441 ?et
3462 1386 3576 1441 han:

1982 1478 2203 1548 quidem
2250 1481 2552 1539 Salvatoris
2599 1484 2871 1539 divinitati
2905 1482 3187 1553 aptissime
3245 1492 3574 1550 congruant,

1984 1568 2074 1623 illa
2101 1585 2223 1626 vero
2248 1572 2514 1630 humilius
2541 1575 2966 1644 humanitasque
2994 1572 3409 1642 intelligantur?
3433 1569 3573 1624 Num

1983 1660 2151 1733 igitur
2180 1666 2364 1723 omnia
2391 1665 2534 1720 inter
2566 1681 2627 1722 se
2647 1667 2898 1737 opposita
2926 1666 3369 1730 constituemus;
3407 1672 3461 1717 et
3488 1666 3571 1718 vel

1983 1753 2268 1812 credemus
2297 1758 2611 1825 contrariis,
2645 1758 2729 1815 vel
2763 1759 3058 1829 scligentes
3091 1772 3153 1812 ea
3183 1771 3304 1828 quae
3333 1756 3573 1824 placent,

299 1830 424 1907 Ἆρ’
461 1835 557 1890 οὖν
589 1835 842 1906 ἀλλήλοις
890 1836 1071 1891 πάντα
1113 1841 1553 1909 συγκρούσομεν,
1580 1841 1740 1912 καὶῆ
1792 1860 1884 1894 πι-

1995 1844 2147 1903 [idem
2206 1847 2314 1902 illis
2365 1842 2726 1916 habebimus,
2782 1852 2993 1922 reliqua
3049 1864 3179 1904 vero
3233 1856 3293 1903 ut
3349 1848 3577 1902 minimc

303 1928 602 2000 στεύσομεν
626 1931 739 1991 τοῖς
763 1930 1192 1999 ἀντικειμένοις,
1222 1931 1255 2002 ἢ
1287 1931 1358 1984 τὰ
1386 1932 1647 1987 δοκοῦντα
1676 1933 1883 1988 τούτων

300 2019 572 2091 ἑλόμενοι,
613 2022 705 2075 καὶ
730 2021 942 2085 τούτοις
969 2021 1376 2086 ἀποδεδωκότες
1400 2023 1499 2096 τὴν
1530 2025 1740 2092 πίστιν,
1769 2025 1882 2080 τῶν

301 2110 530 2175 λοιπῶν,
566 2112 638 2176 ὡς
676 2113 772 2184 οὐχ
793 2115 927 2183 ἡμῖν
952 2114 1320 2184 ἀρεσκόντων,
1350 2117 1846 2191 καταφρονήσομεν
1864 2137 1879 2186 ;

313 2203 473 2259 ’Λλλά
503 2204 650 2258 δέδια
677 2205 751 2274 μὴ
780 2204 984 2275 μᾶλλον
1013 2205 1173 2269 δίκας
1213 2206 1352 2278 όφλή
1365 2224 1546 2278 σωμεν
1584 2208 1683 2280 τῆς
1717 2226 1885 2263 κατα-

303 2296 545 2362 φάσεως,
578 2295 609 2365 ἢ
646 2294 876 2366 χάριτας
899 2296 1160 2367 λάϐωμεν
1192 2299 1291 2366 τῆς
1326 2298 1636 2367 εὐλαϐείας,
1681 2301 1884 2370 μᾶλλον

300 2384 345 2438 δ’
375 2385 520 2457 ὑπὲρ
547 2387 876 2456 ἀμφοτέρων
901 2387 1058 2451 δίκας
1089 2387 1420 2459 ὲκτίσωμεν,
1452 2388 1550 2444 ἆτε
1583 2390 1766 2454 κακῶς
1789 2393 1884 2448 καὶ

303 2477 473 2549 ἄμφω
524 2479 845 2541 ποιοῦντες·
882 2480 945 2533 οὐ
976 2483 1087 2549 γὰρ
1139 2482 1278 2552 ἡμῖν
1311 2499 1377 2549 γε
1426 2482 1709 2549 δικασταῖς
1744 2481 1886 2541 εἶναι

303 2571 509 2626 τούτων
538 2571 819 2641 ἁρμόττει,
846 2572 904 2624 οὔ
939 2571 1139 2640 μᾶλλον
1174 2571 1206 2643 ἢ
1239 2571 1608 2638 διδασκάλοις.
1671 2573 1884 2629 Οὐκοῦν

305 2664 484 2722 πάντα
512 2662 613 2734 μὲν
643 2665 840 2733 ἐπίσης
866 2663 1196 2732 νομίσαντας
1225 2663 1424 2735 ἀληθῆ,
1460 2666 1696 2722 ἑκάστου
1722 2667 1769 2722 δ’
1792 2670 1887 2724 αύ-

304 2756 408 2809 τῶν
442 2755 799 2816 ἀποδιδόντας
853 2756 1055 2817 αἰτίαν,
1116 2752 1294 2809 καίτοι
1349 2756 1445 2810 καὶ
1473 2756 1664 2812 τούτου
1715 2761 1887 2832 χωρὶς

304 2846 492 2911 ἁπλῶς
521 2847 721 2900 οὑτωσὶ
754 2845 848 2900 καὶ
879 2846 1257 2912 ἀνεξετάστως
1305 2847 1516 2918 ἔπρεπε
1572 2853 1885 2920 πείθεσθαι,

303 2937 415 2992 ἀλλ’
441 2940 598 3007 ὅμως
626 2938 726 2990 οὐκ
758 2937 908 2991 ἔστιν
934 2939 1018 3006 ἐφ’
1041 2939 1166 2991 ὅτου
1191 2937 1298 2993 τῶν
1318 2940 1632 3012 λεγομένων
1662 2944 1888 3015 ζητοῦν-

305 3048 393 3094 τες
424 3031 618 3086 αἰτίαν
662 3032 763 3085 οὐκ
806 3034 1190 3104 ἐντευξόμεθα,
1235 3037 1329 3090 καὶ
1359 3037 1508 3107 ἡμᾶς
1536 3037 1737 3101 αὐτοὺς
1787 3038 1885 3093 τοῦ

298 3125 568 3194 πολεμεῖν
589 3124 859 3196 ἀλλήλοις,
879 3128 1166 3201 κάκείνους
1185 3128 1285 3198 τῆς
1304 3127 1569 3183 ἀδυνάτου
1590 3128 1888 3199 διαφωνίας
1914 3156 1962 3220 c

306 3215 728 3283 ἀπαλλάξασθαι
761 3220 1052 3289 προσήκει.

386 3309 552 3364 Ἀ).λά
588 3308 696 3380 μὴν
747 3312 839 3364 καὶ
888 3312 968 3366 δτι
1019 3313 1147 3377 τοὺς
1206 3312 1462 3378 εἰπόντας
1510 3331 1561 3367 τι
1598 3311 1739 3385 περὶ·
1784 3313 1891 3368 τῶν

307 3401 689 3471 προκειμένων
710 3403 824 3465 τοῖς
850 3404 1176 3471 σεσιγηκόσι
1209 3404 1506 3458 συνάπτειν
1532 3403 1593 3457 οὗ
1630 3403 1890 3474 χαλεπὸν,

304 3493 422 3547 οὐδὲ
448 3492 617 3561 λόγου
646 3493 756 3546 δεῖν
788 3495 1029 3566 ἠγοῦμαι
1061 3495 1364 3552 δεικνύναι.
1416 3496 1536 3551 Ἵνα
1568 3496 1678 3565 γὰρ
1731 3495 1893 3567 ποιρῶ

308 3585 458 3654 λόγον
474 3585 579 3639 καὶ
602 3587 817 3657 σιωπὴν
841 3587 1137 3654 ἐξετάζειν,
1162 3590 1258 3642 καὶ
1277 3589 1363 3650 τίς
1387 3587 1655 3655 ἑκατέρου
1682 3586 1892 3642 τούτων

306 3679 338 3748 ἡ
369 3679 539 3747 φύσις
565 3692 581 3708 ⁸
612 3678 830 3750 πρῶτον
859 3681 958 3750 μὲν
1001 3680 1179 3743 οὐδεὶς
1230 3682 1297 3736 ἂν
1336 3681 1686 3753 ίσχυρίσαιτο
1732 3697 1893 3735 κατε-

307 3773 591 3837 γνωκότας
619 3771 713 3825 τοῦ
746 3771 1014 3842 δόγματος
1039 3775 1169 3845 σιγῇ
1210 3772 1508 3842 παρελθεῖν
1530 3772 1684 3827 αὐτό.
1712 3772 1890 3827 Ὅπου

308 3861 414 3932 γὰρ
442 3862 572 3916 οὐδὲ
598 3864 723 3927 τοὺς
751 3863 1015 3932 λέγοντας
1045 3863 1237 3924 ἁπλῶς
1270 3863 1307 3919 ἃ
1331 3865 1552 3934 λέγουσι
1595 3863 1891 3935 νομίζομεν

309 3957 577 4019 ἐπαινεῖν,
611 3954 678 4009 ἂν
709 3953 784 4026 μὴ
831 3957 942 4009 τῶν
990 3955 1286 4027 βελτίστων
1334 3950 1438 4011 ὧσί
1466 3974 1634 4024 τινες,
1691 3959 1785 4011 καὶ
1817 3950 1891 4011 ὧν

310 4047 532 4117 ἀνάγκη
557 4048 667 4108 τοῖς
697 4045 933 4117 δόγμασι
961 4048 1090 4113 τοὺς
1111 4048 1307 4115 λόγους
1339 4048 1610 4120 συνᾴδειν,
1647 4049 1811 4120 σχολῇ
1837 4048 1890 4118 γ’

309 4139 373 4195 ἄν
414 4157 506 4204 τις
553 4137 668 4209 δοίη
701 4136 780 4208 τῷ
832 4139 990 4209 σιγᾷν
1034 4138 1270 4193 ἔπεσθαι
1314 4140 1376 4194 τδ
1433 4140 1889 4208 κατεγνωκέναι;

310 4231 416 4285 εἴτε
446 4230 561 4301 γᾶρ
593 4222 726 4299 περὶ
764 4225 839 4285 ὧν
874 4231 1050 4295 οὐδεὶς
1083 4226 1240 4285 εἶπεν
1289 4233 1510 4300 ἐσίγων,
1545 4232 1642 4286 καὶ
1679 4231 1891 4286 πολλῶν

310 4321 484 4376 ἄλλων
545 4319 764 4390 ἀληθῶν
823 4320 1359 4391 καταψηφιούμεθα’
1413 4320 1557 4375 οὕτω
1603 4321 1778 4377 ταῦτά
1826 4338 1890 4392 γε

315 4418 605 4480 κρίναντες
641 4411 676 4481 ἢ
712 4413 824 4474 τοῖς
861 4411 1203 4467 διδασκάλων
1248 4412 1430 4481 λόγοις
1481 4414 1666 4468 πᾶσαν
1711 4413 1892 4485 όριού-

1984 1945 2137 2006 grata
2166 1938 2523 2010 rejiciemus?
2554 1941 2660 1997 Sed
2688 1957 2879 1997 vereor
2909 1955 2979 1997 ne
3012 1950 3194 2010 potius
3225 1939 3577 2004 damnemur.

1984 2030 2129 2098 quod
2165 2031 2281 2087 haec
2312 2034 2835 2104 eontempserimus,
2883 2048 3046 2102 quam
3103 2032 3376 2087 referatur
3422 2030 3577 2085 nobis

1983 2122 2158 2193 gratia
2180 2161 2197 2188 ,
2233 2123 2378 2192 quod
2412 2124 2679 2180 adversus
2715 2125 2806 2180 illa
2850 2124 3216 2180 reverentiam
3257 2122 3577 2177 adhibueri-

1984 2230 2147 2283 inus;
2198 2217 2311 2272 imo
2355 2232 2487 2273 vero
2535 2233 2727 2288 pmnas
2782 2218 3022 2283 luamus,
3072 2217 3220 2286 quod
3283 2221 3577 2282 utrumque

1986 2310 2129 2367 male
2166 2310 2489 2378 fecerimus;
2525 2328 2632 2367 non
2664 2312 2811 2367 enim
2847 2310 3110 2367 convenit
3153 2314 3348 2365 barum
3388 2325 3572 2363 rerum

1986 2417 2089 2459 nos
2123 2418 2244 2458 esse
2274 2404 2510 2474 judiees,
2541 2419 2649 2460 non
2684 2392 2858 2475 magis
2880 2414 3028 2459 certe
3057 2419 3220 2473 quam
3257 2401 3574 2470 magistros.

1986 2493 2175 2567 Itaque
2214 2498 2480 2554 habentes
2511 2499 2692 2553 omnia
2719 2501 2922 2567 pariter
2952 2512 3048 2567 pro
3077 2496 3240 2559 veris,
3272 2504 3325 2550 et
3351 2509 3575 2554 causam

1986 2586 2218 2656 singulis
2242 2588 2582 2658 assignantes
2612 2606 2627 2643 :
2658 2589 2905 2657 quamvis
2928 2588 3066 2644 citra
3098 2588 3199 2641 hoc
3225 2587 3388 2641 etiam
3413 2599 3580 2656 opor-

1989 2686 2128 2733 teret
2174 2680 2498 2748 simpliciter
2549 2695 2612 2735 ac
2648 2680 2767 2735 sine
2812 2680 2926 2735 ullo
2967 2680 3222 2734 «:sariiine
3261 2678 3420 2733 fidem
3472 2677 3579 2731 illis

1990 2770 2232 2824 tribuere
2261 2787 2276 2841 ς
2310 2785 2433 2825 cum
2469 2780 2649 2826 tamen
2687 2771 2897 2826 nullum
2929 2769 3001 2825 sit
3030 2770 3095 2825 de
3125 2784 3258 2839 quo,
3292 2769 3335 2823 si
3367 2783 3580 2838 quaera-

1990 2871 2100 2925 tur,
2133 2861 2317 2918 afferri
2351 2880 2460 2918 non
2493 2863 2673 2931 possit
2720 2878 2887 2919 causa
2919 2878 2936 2919 :
2968 2872 3024 2919 et
3053 2876 3152 2917 nos
3189 2861 3340 2931 ipsos
3373 2860 3581 2915 mutuis

1989 2952 2446 3020 conflictionilms,
2478 2964 2531 3009 ct
2559 2954 2684 3010 illos
2706 2954 2938 3009 liberare
2960 2960 3176 3024 oportet
3202 2952 3553 3008 dissensione

1991 3058 2109 3115 qua:
2145 3044 2293 3099 nulla
2333 3046 2547 3101 ratione
2580 3045 2919 3101 admittenda
2948 3053 3052 3101 est.

2068 3305 2221 3373 ρηυά
2260 3321 2387 3360 vero
2422 3306 2637 3360 dimcile
2670 3321 2780 3360 mn
2829 3305 2898 3360 sit
2932 3304 3237 3362 concordes
3289 3303 3583 3358 ostendere

1998 3415 2094 3455 eos
2139 3398 2233 3466 qui
2264 3402 2330 3454 de
2363 3399 2466 3454 bac
2493 3399 2718 3452 materia
2754 3398 2918 3452 locuti
2963 3405 3113 3463 sunt,
3144 3404 3309 3465 atque
3335 3394 3458 3450 illos
3490 3395 3583 3465 qui

1999 3498 2306 3553 tacuerunt,
2343 3507 2409 3545 ne
2441 3491 2650 3544 ratione
2682 3490 2902 3559 quidem
2933 3488 3175 3543 arbitror
3205 3502 3346 3556 epus
3370 3501 3492 3541 esse
3528 3496 3589 3539 ut

1999 3583 2277 3653 probetur.
2313 3582 2385 3637 Ut
2422 3583 2568 3637 enim
2621 3581 2873 3636 omittam
2912 3581 2979 3635 de
3004 3580 3219 3635 dicendi
3261 3595 3326 3634 ac
3369 3579 3584 3657 tacendi

1998 3674 2049 3727 vi
2093 3674 2469 3743 plii-‘osopliari
2495 3713 2511 3739 ,
2543 3688 2774 3744 quaeque
2816 3673 2888 3728 sit
2922 3673 3212 3742 utriusque
3245 3681 3438 3725 natura
3491 3686 3582 3724 ex-

2000 3764 2236 3834 plicare:
2267 3765 2500 3834 primmn
2539 3765 2960 3835 quidemnemo
2999 3763 3366 3826 contunderit,
3402 3769 3461 3815 ut
3492 3761 3617 3828 qui,

1999 3863 2310 3920 tacuerunt,
2345 3856 2470 3910 ideo
2513 3855 2622 3912 sint
2654 3856 2738 3911 usi
2783 3854 3030 3921 silentio,
3077 3855 3224 3925 quod
3256 3853 3362 3908 hoc
3388 3851 3586 3922 dogma

1998 3947 2342 4004 damnarent.
2375 3948 2432 4003 Si
2457 3948 2604 4004 enim
2633 3963 2729 4003 eos
2757 3947 2850 4018 qui
2876 3947 2943 4002 de
2974 3963 3033 4003 re
3060 3947 3241 4017 aliqua
3265 3944 3590 4016 simpliciter

2000 4039 2398 4112 pronuntiant,
2435 4054 2543 4096 non
2601 4040 2864 4094 continuo
2912 4038 3147 4108 probare
3196 4037 3581 4092 existimamus

1998 4147 2119 4206 qua:
2139 4131 2350 4197 dicunt,
2369 4130 2473 4187 nisi
2491 4130 2602 4186 sint
2618 4146 2683 4186 ex
2704 4144 2934 4186 numero
2952 4127 3463 4199 probatissimorum
3485 4129 3587 4183 lio-

1998 4223 2297 4287 minum,ct
2315 4237 2547 4291 quorum
2571 4235 2852 4277 sermones
2874 4234 3099 4275 necesse
3115 4228 3199 4275 est
3221 4213 3347 4274 cuni
3372 4220 3592 4289 dogma-

2000 4314 2145 4370 tibus
2165 4314 2480 4381 convenlre;
2498 4313 2622 4384 quis
2641 4312 2797 4369 facile
2816 4312 3171 4373 concesserit.
3186 4325 3249 4368 ea
3268 4326 3389 4382 qua:
3406 4317 3593 4365 tacen-

2001 4405 2412 4477 tur,improbari
2427 4406 2452 4461 ἲ
2469 4406 2594 4462 Sive
2609 4406 2751 4460 enim
2771 4420 2832 4461 ea
2852 4411 3162 4469 tacuerunt,
3180 4403 3246 4459 de
3270 4403 3472 4475 quibus
3493 4419 3593 4460 ne-

320 4503 458 4572 μεθα
489 4502 590 4572 τὴν
616 4501 899 4571 ἀλήθειαν,
935 4502 1028 4554 καὶ
1055 4501 1222 4569 μηδὲν
1266 4496 1407 4555 εἶναι
1448 4503 1696 4574 φήσομεν
1727 4503 1889 4558 πλέον

1998 4514 2090 4553 mo
2124 4499 2339 4554 locutus
2370 4507 2475 4564 est,
2506 4498 2760 4568 sequitur
2790 4505 2851 4552 ut
2883 4496 3051 4552 multa
3070 4490 3310 4568 quoque
3328 4497 3432 4552 alia
3460 4511 3588 4554 vera

315 4593 424 4648 οὐδ’
450 4591 602 4664 αὐτῷ
631 4592 711 4662 τῷ
738 4592 885 4664 Θεῷ,
932 4591 962 4646 δ
994 4594 1107 4656 τοῖς
1136 4592 1450 4661 ἀνθρώποις
1489 4593 1889 4648 ἀποκαλύπτων

1999 4589 2349 4654 damnemus,
2376 4590 2567 4659 sicque
2594 4590 2662 4644 de
2691 4590 2778 4645 liis
2807 4589 3119 4658 opinantes.
3148 4589 3434 4644 doctorum
3462 4603 3584 4644 ser-

317 4685 623 4757 προσθήσει
650 4685 718 4757 τῇ
758 4683 857 4755 τῆς
886 4684 1128 4749 πίστεως
1176 4683 1447 4755 ἀληθείᾳο
1497 4687 1610 4739 εἴτε
1643 4686 1775 4756 περὶ
1821 4677 1889 4741 ὧν

2001 4680 2254 4737 monibus
2284 4681 2567 4738 ueritatem
2609 4697 2830 4736 omnem
2866 4681 3476 4747 circumscriberemus,
3505 4679 3592 4734 ni-

320 4775 612 4846 είρήκασιν
641 4773 845 4846 ἕτεροι,
895 4775 946 4828 εἱ
1000 4775 1100 4844 μὲν
1146 4776 1247 4828 οὐκ
1276 4775 1479 4840 ειδότες
1507 4774 1544 4832 ἃ
1568 4776 1681 4840 τοῖς
1714 4776 1900 4841 ἄλλοις

321 4864 517 4930 ἐδόκει,
549 4865 653 4919 οὐκ
669 4865 876 4936 ἀρετῆς
902 4864 1012 4936 ἀρα
1043 4866 1137 4919 καὶ
1162 4865 1263 4935 τῆς
1307 4866 1440 4938 περὶ
1472 4866 1572 4930 τὰς
1621 4867 1779 4935 δόξας
1806 4868 1901 4938 δρ-

322 4956 546 5027 θότητος
580 4951 764 5023 ἆθλον,
783 4955 901 5011 ἀλλ’
923 4956 1138 5020 εὐνοίας
1163 4957 1424 5028 ἀμοιϐὴν,
1455 4959 1547 5012 καὶ
1577 4958 1716 5021 ὅλως
1760 4961 1901 5031 πρὸς

321 5047 423 5118 τὴν
447 5047 602 5117 σφῶν
622 5047 806 5103 αὐτῶν
834 5047 1090 5116 βούλησιν
1110 5050 1209 5111 τὰς
1246 5051 1412 5120 τιμὰς
1443 5049 1633 5114 αὐτοῖς
1667 5050 1904 5121 συνεχώ-

326 5153 475 5209 ρουν’
509 5139 607 5195 καὶ
631 5137 709 5203 ὡς
736 5138 882 5192 ἔοικε
911 5140 1042 5202 τοὺς
1080 5140 1209 5210 περὶ
1233 5139 1407 5194 ταῦτα
1441 5140 1790 5213 παρεξῄεσαν
1818 5140 1905 5196 v6-

329 5244 482 5296 μους,
507 5230 558 5283 εί
594 5223 671 5299 μὴ
701 5230 806 5299 πρὸ
842 5230 953 5284 τῶν
984 5230 1166 5301 γερῶν
1212 5232 1315 5295 τὰς
1368 5232 1604 5287 ἑκάστου
1648 5232 1903 5305 πράξεις,

327 5321 423 5372 καὶ
443 5320 569 5384 τοὺς
596 5320 816 5390 ἀγῶνας
846 5322 953 5392 πρὸ
984 5321 1094 5374 τῶν
1129 5322 1413 5392 στεφάνων
1445 5323 1731 5393 ἐξήταζον.
1759 5326 1825 5379 Et
1846 5324 1905 5379 δὲ

328 5411 553 5474 εἰδότες,
585 5412 776 5483 ὥσπερ
818 5415 926 5483 ἀρα
972 5415 1069 5468 καὶ
1106 5413 1330 5486 ᾔδεσαν,
1383 5414 1486 5469 οὐκ
1516 5414 1623 5470 ἔδει
1666 5416 1908 5491 δημοσίᾳ

329 5501 455 5567 τοὺς
487 5503 743 5567 εἰπόντας
775 5505 1200 5576 ἀνακηρύττειν,
1234 5506 1331 5560 καὶ
1366 5506 1465 5561 σὺν
1505 5506 1754 5579 εὐφημίᾳ
1783 5509 1907 5562 τού-

331 5610 437 5649 των
472 5597 806 5668 μεμνῆσθαι,
834 5597 931 5651 καὶ
962 5597 1074 5651 τῶν
1097 5599 1185 5651 ἐπ’
1213 5600 1383 5670 ἀρετῇ
1418 5599 1515 5653 καὶ
1562 5604 1726 5671 σοφτᾳ
1758 5617 1908 5671 πρω-

334 5685 495 5740 τείων
543 5687 736 5751 αὐτοὺς
791 5689 1268 5760 ἀπαραγράπτους
1309 5691 1598 5762 μάρτυρας
1636 5690 1908 5758 γίνεσθαι,

334 5783 422 5837 καλ
459 5783 568 5848 τοῖς
601 5782 677 5861 μὴ
727 5784 1016 5839 πείθεσθαι
1065 5783 1417 5855 βουλομένοις
1457 5784 1493 5840 ἃ
1536 5785 1630 5839 καὶ
1661 5785 1773 5849 τοῖς
1805 5787 1908 5848 τὰς

2004 4773 2186 4843 liilque
2215 4772 2462 4831 dicemus
2492 4789 2786 4845 superesse
2812 4775 2903 4830 vel
2937 4773 3041 4844 ipsi
3090 4773 3222 4841 Deo,
3246 4773 3393 4843 quod
3433 4786 3591 4828 reve-

2002 4863 2166 4919 laudo
2197 4863 2515 4920 hominibus
2543 4865 2743 4921 addere
2772 4866 2953 4936 possit
2982 4865 3051 4921 ad
3081 4863 3207 4921 ﬁdei
3252 4863 3537 4921 veritatem
3571 4879 3588 4918 :

2003 4955 2119 5010 sive
2160 4963 2450 5011 tacuerunt
2489 4971 2612 5027 quae
2645 4956 2715 5012 ab
2745 4958 2869 5013 aliis
2900 4957 3051 5013 fuere
3082 4964 3339 5019 tractata,
3375 4957 3421 5011 si
3467 4955 3594 5025 qui-

2004 5044 2126 5100 dem
2157 5059 2285 5108 cum
2336 5045 2617 5101 nescirent
2648 5047 2778 5118 quid
2825 5048 2948 5102 aliis
2991 5047 3292 5114 videretur,
3324 5047 3588 5103 honorem

2005 5135 2174 5208 igitur
2212 5137 2323 5192 illis
2360 5137 2701 5213 tribuebant,
2737 5154 2846 5194 non
2881 5138 3104 5192 virtutis
3141 5151 3295 5205 ergo,
3328 5146 3494 5204 atque
3531 5145 3591 5190 ut

2007 5228 2290 5301 praemium
2330 5243 2476 5285 sanae
2509 5228 2816 5299 opinionis,
2846 5228 2941 5284 sed
2979 5227 3372 5282 benevolentia
3400 5241 3591 5293 canSn,

2009 5330 2175 5392 atque
2205 5322 2429 5377 omnino
2453 5320 2520 5375 ad
2550 5337 2708 5377 suum
2739 5320 3029 5375 arbitrium
3060 5337 3073 5374 :
3108 5327 3163 5374 et
3208 5318 3377 5388 leges,
3419 5327 3479 5374 ut
3510 5318 3594 5371 vi-

2011 5416 2140 5471 dere
2166 5426 2270 5484 est,
2305 5416 2615 5485 lmjusmodi
2644 5429 2826 5469 rerum
2859 5411 3293 5482 perfringebant,
3326 5424 3437 5465 non
3461 5423 3594 5464 exa-

2013 5505 2288 5562 minantes
2325 5519 2452 5562 ante
2504 5506 2728 5577 praernia
2764 5505 2909 5576 'quid
2950 5505 3184 5575 quisque
3212 5502 3484 5574 gesserit,
3538 5507 3594 5552 (ιι

2015 5608 2142 5653 ante
2171 5613 2402 5655 coronas
2435 5605 2701 5668 quantum
2737 5597 3051 5653 certaverit.
3079 5596 3137 5650 Si
3171 5608 3298 5649 vero
3328 5606 3454 5647 cum
3488 5589 3596 5647 sci-

2014 5697 2154 5752 rent,
2182 5698 2240 5743 ut
2271 5690 2511 5758 profecto
2544 5688 2812 5756 sciebant,
2836 5703 2943 5744 non
2970 5685 3257 5756 oportebat
3299 5682 3366 5739 ab
3394 5682 3462 5737 iis
3498 5697 3594 5750 pu.

2015 5780 2153 5837 blice
2195 5779 2404 5835 laudari
2443 5781 2654 5851 (ποειιυί
2690 5781 3091 5845 disseruerant,
3139 5787 3195 5835 et
3224 5772 3587 5834 honorificam
