4038 6420
477 329 591 392 503

1519 343 1895 410 GENNADII
1927 351 2036 416 ΟΡ.
2075 354 2596 426 PATRIARCILE

3635 375 3742 441 508

469 457 660 499 eorum
687 447 1022 505 mentionem
1052 450 1187 520 fieri,
1212 461 1267 508 et
1298 456 1701 526 amplissimum
1751 459 1868 516 dari
1905 463 2055 517 testi-

469 537 711 559 _”_.___‘_
788 539 925 559 ____..
983 557 1006 559 μ
1050 542 1062 554 .
1398 548 1410 559 .
1481 549 1492 559 .
1634 551 1646 559 .
1773 554 1784 559 -
1972 557 1981 559 μ

2165 468 2318 540 ίερᾶς
2345 476 2570 546 Γραφάς
2605 479 2970 548 ἀτιμάζουσιν
3005 481 3274 539 ἀπειλεῖν.
3318 482 3463 540 Οὔτε
3497 485 3607 555 γὰρ
3660 507 3747 559 μι-

469 537 738 602 monium,
781 539 927 608 quod
982 542 1188 612 primas
1227 545 1304 600 illi
1336 548 1560 605 tulerint
1599 551 1818 610 virtutis
1863 563 1918 610 et
1951 557 2050 610 do-

465 633 690 695 ctrinae,
724 633 1015 705 minasque
1040 651 1148 692 non
1179 641 1620 699 auscultantibus
1645 652 1899 718 proponi,
1931 663 2053 720 qua:

423 755 430 764 -
459 721 660 794 jactari
694 725 870 781 solent
907 726 963 781 in
1009 743 1104 785 eos
1135 731 1230 800 qui
1270 747 1457 790 sacras
1487 737 1713 808 paginas
1746 755 1853 797 non
1888 758 2052 797 vene-

467 823 685 869 rantur.
721 814 910 886 Neque
940 821 1087 874 enim
1125 834 1220 878 aut
1249 824 1448 896 dogma
1491 828 1750 899 exiguum
1787 842 1891 899 est,
1935 835 2054 905 dig-

465 921 707 978 numque
766 911 914 980 quod
987 921 1421 986 contemnatur;
1482 931 1578 976 aut
1643 925 1867 992 putandi
1924 937 2053 982 sunt

464 999 584 1063 illi,
634 1002 784 1070 quod
833 1002 1030 1060 fratres
1079 1008 1327 1064 colerent
1379 1013 1891 1087 observarentque,
1951 1035 2052 1075 ro-

465 1091 635 1148 luisse
705 1097 1096 1166 parripendere
1142 1106 1494 1170 sententiam,
1525 1123 1647 1178 qua:
1707 1110 1812 1166 sibi
1866 1121 2053 1167 tanto-

466 1197 595 1251 pere
642 1185 999 1256 displiceret,
1040 1202 1093 1245 et
1127 1202 1654 1267 corrumpendorum
1704 1215 2050 1274 posterorum

467 1275 714 1331 oumium
750 1289 1007 1338 auctores
1035 1284 1137 1353 ipsi
1168 1286 1358 1343 rideri.
1390 1291 1546 1356 Quod
1573 1293 1617 1348 si
1648 1311 1744 1359 per
1773 1297 1948 1351 solum
1977 1299 2051 1352 si-

470 1367 699 1423 lentimn
736 1384 1031 1442 sperarunt
1060 1391 1119 1432 se
1151 1379 1432 1435 victoriam
1472 1395 1852 1454 reportaturus
1889 1362 1959 1444 ab
1989 1390 2054 1444 iis

472 1462 567 1529 qui
605 1463 768 1519 verba
796 1465 1061 1535 fecerunt,
1100 1479 1154 1524 et
1196 1487 1560 1541 persuasuros
1609 1481 1868 1537 munibus
1893 1491 1954 1537 ut
1987 1484 2055 1538 ab

470 1550 686 1606 illorum
715 1559 985 1611 sententia
1011 1560 1394 1626 abhorrerent,
1439 1582 1540 1623 nee
1578 1571 1888 1626 eruditione
1919 1589 2058 1642 prte-

469 1643 770 1710 stantium,
817 1663 919 1703 nec
965 1651 1254 1708 doctorum
1303 1655 1354 1708 id
1411 1655 1548 1713 foret
1588 1679 1601 1716 :
1645 1671 2057 1731 exspectassent

467 1733 614 1787 enim
649 1735 1031 1808 impossibilia,
1071 1759 1193 1814 quae
1227 1749 1389 1803 etiam
1424 1767 1533 1805 non
1567 1764 2052 1810 eveneruntznam

469 1831 705 1884 maxima
755 1841 807 1887 et
841 1837 1127 1902 potissima
1168 1842 1319 1898 orbis
1352 1853 1622 1900 terrarum
1670 1863 1794 1916 pars
1827 1864 1923 1904 cos
1964 1865 2054 1906 se-

467 1921 677 1989 quitur,
721 1925 811 1991 qui
840 1925 906 1980 de
957 1929 1060 1986 hoc
1089 1934 1342 2004 dogmate
1390 1945 1520 1992 sunt
1551 1939 1742 1995 locuti.
1782 1941 1914 1998 Esse
1957 1959 2056 1997 au-

467 2022 573 2068 tem
602 2017 887 2072 ductorum
928 2022 1160 2080 dixerim
1187 2067 1201 2093 ,
1236 2044 1342 2083 non
1377 2046 1500 2100 qua:
1532 2043 1676 2088 recta
1711 2043 1842 2090 sunt
1873 2037 2052 2100 eﬂ'ari.

467 2114 519 2158 et
570 2120 744 2175 prava
798 2117 1008 2170 tantum
1062 2118 1445 2186 supprimere;
1483 2123 1576 2176 sed
1626 2124 1739 2180 hmc
1790 2128 1952 2180 etiam
2001 2129 2052 2181 in

471 2196 711 2252 medium
748 2201 1014 2269 proferre,
1051 2216 1217 2276 atque
1263 2225 1454 2268 omnes
1504 2213 1709 2270 hortari
1762 2227 1820 2271 ut
1871 2233 1931 2273 ea
1973 2218 2057 2272 fu-

471 2288 656 2356 giant;
716 2300 771 2346 et
803 2308 867 2348 eo
913 2297 1087 2367 magis
1120 2309 1272 2365 tunc,
1300 2316 1422 2356 cum
1459 2305 1574 2358 haec
1620 2309 1735 2375 ipsa
1765 2307 2057 2363 laudantur

469 2379 539 2432 ab
567 2383 711 2450 aliis,
747 2394 800 2439 et
834 2387 1055 2456 plurimi
1082 2390 1214 2446 fiunt
1241 2394 1381 2466 yiris
1411 2406 1470 2450 et
1503 2397 1634 2467 ipsis
1664 2399 1860 2467 doctis,
1891 2410 2056 2470 atque

467 2471 534 2526 ad
569 2478 1008 2542 persuadendum
1045 2482 1278 2540 idoneis.
1305 2487 1412 2542 Aut
1439 2490 1483 2544 si
1513 2492 1740 2547 omnino
1768 2509 1864 2562 per
1889 2495 2053 2549 silen-

469 2565 603 2619 tium
633 2567 682 2621 id
713 2584 773 2623 se
799 2570 1086 2630 eﬂecturos
1105 2576 1515 2645 existimabant,
1546 2592 1600 2635 at
1620 2591 1767 2638 certe
1794 2599 1823 2638 a
1852 2601 2055 2655 ρτωοδ-

467 2657 574 2712 niis
622 2661 903 2722 abstinere
941 2667 1234 2736 debebant,
1262 2686 1312 2727 et
1344 2687 1376 2726 α
1419 2689 1635 2731 summo
1669 2676 1894 2732 honoris
1919 2687 2053 2732 tem-

466 2766 658 2821 perare
693 2756 934 2822 cumulo,
968 2758 1095 2813 dum
1127 2775 1222 2816 eos
1259 2772 1523 2818 ornarent
1549 2765 1828 2832 laudibus,
1859 2768 1952 2837 qui
1987 2770 2054 2823 de

469 2849 570 2902 hoc.
603 2847 858 2918 dogmate
885 2851 1240 2922 disputarunt
1269 2874 1282 2910 :
1314 2859 1551 2914 scientes
1595 2874 1911 2915 sermonem
1957 2863 2055 2916 ho-

470 2939 750 2993 norarimu
795 2941 1014 2997 silentio
1061 2945 1200 2999 nihil
1237 2954 1534 3004 attestaute
1578 2950 1701 3018 plus
1734 2951 2051 3006 valiturum.

470 3028 767 3097 Oportebat
793 3032 937 3087 cnim
972 3033 1108 3089 nihil
1138 3038 1364 3093 omnino
1395 3040 1593 3109 dicere,
1629 3051 1684 3099 et
1717 3057 1784 3098 eo
1822 3053 2053 3099 conten.

468 3129 555 3176 tos
591 3138 714 3178 esse
739 3165 752 3190 ,
791 3126 838 3180 si
879 3140 1069 3181 eorum
1104 3129 1197 3200 qui
1230 3131 1504 3200 dogmatis
1541 3136 1876 3193 mentionem
1911 3139 2052 3195 fece-

469 3223 597 3270 runt
631 3217 773 3272 dicta
808 3232 980 3274 sacrm
1017 3219 1317 3293 Seripturae
1353 3226 1531 3283 verbis
1559 3232 2047 3300 erantcontraria;

473 3315 567 3360 aut
593 3309 638 3362 si
672 3323 767 3377 per
793 3308 885 3363 illa
915 3309 1077 3366 fiebat
1111 3321 1170 3367 ut
1205 3314 1416 3385 aliquid
1447 3332 1514 3372 ex
1551 3319 1822 3376 confessis
1874 3325 2047 3378 everti

468 3400 759 3458 manifeste
790 3403 1160 3474 contingeret.
1207 3407 1363 3466 Nunc
1405 3421 1587 3468 autem
1623 3429 1748 3469 cum
1780 3416 1914 3470 nihil
1948 3418 2053 3471 tale

467 3494 560 3558 sit,
593 3493 876 3567 suffragari
912 3499 1058 3552 nulla
1085 3514 1171 3554 res
1193 3511 1370 3570 potest
1405 3517 1596 3559 eorum
1633 3506 1874 3575 silentio,
1906 3511 2051 3579 quod

468 3601 598 3641 sane
632 3603 895 3644 assensus
928 3591 1109 3659 potius
1141 3593 1456 3662 opinionem
1488 3611 1598 3666 prze
1629 3613 1690 3653 se
1723 3597 1850 3665 fert,
1886 3617 2048 3670 quam

469 3678 610 3750 fugae
667 3691 724 3736 et
771 3683 1099 3752 negationis.
1146 3684 1255 3740 Sed
1302 3696 1448 3753 esto,
1479 3687 1632 3743 ’nihil
1670 3690 1743 3745 illi
1788 3691 2048 3758 dixerint,

471 3772 843 3839 improbantes
886 3774 1106 3844 quidem
1150 3781 1509 3844 sententiam,
1541 3783 1635 3836 sed
1684 3781 1914 3838 fratrum
1958 3786 2053 3840 ho-

472 3863 590 3942 uori
637 3865 1023 3934 consulentes,
1055 3869 1290 3940 litesque
1316 3879 1370 3925 et
1404 3887 1618 3944 pugnas
1666 3877 1909 3932 excitare
1958 3895 2054 3933 no-

471 3961 672 4028 lentes,
711 3977 822 4017 rem
876 3964 1220 4021 obvolrerint
1240 3967 1478 4036 silentio,
1511 3972 1750 4039 atquein
1780 3973 2055 4043 profundo

470 4055 652 4110 cordis
697 4054 1099 4113 dissensionem
1158 4061 1508 4116 occultarint.
1559 4061 1760 4119 Verum
1791 4069 1873 4136 {ex
1926 4067 2051 4132 hoc,

471 4163 596 4200 cum
628 4148 935 4203 formidinis
962 4159 1016 4204 et
1046 4153 1331 4220 pravitatis
1363 4156 1678 4224 susp’cione
1709 4172 1816 4212 non
1850 4170 2053 4221 careat,

472 4237 714 4292 futurum
747 4248 866 4293 erat
919 4248 978 4294 ut
1019 4255 1124 4294 non
1163 4243 1338 4313 magis
1373 4245 1554 4299 caeteri
1606 4260 1798 4302 omnes
1827 4263 1949 4302 cum
1991 4249 2057 4304 iis

472 4329 965 4398 coniungerentur,
1001 4347 1166 4401 quant
1203 4331 1391 4400 api-rte
1419 4333 1891 4406 disjungerentur.
1919 4336 2053 4392 Nam

473 4431 600 4475 ante
630 4423 815 4476 omnia
859 4423 928 4477 de
980 4423 1208 4478 veritate
1239 4425 1503 4483 sollicitos
1555 4443 1682 4484 esse
1729 4429 1852 4486 illos
1895 4445 2058 4500 opor-

2157 567 2298 642 κρόν⁸
2319 583 2372 620 τι
2397 567 2458 621 τὸ
2478 567 2657 639 δόγμα
2681 570 2774 623 καὶ
2801 566 2914 626 οἷον
2938 571 3006 626 ἀν
3051 575 3565 645 καταφρονηθῆναι,
3618 577 3743 632 οὔτι

2156 663 2226 731 τῇ
2256 661 2385 731 περὶ
2421 663 2549 726 τοὺς
2585 663 2855 733 ἀδελφοὺς
2886 664 3148 736 εὐλαϐείᾳ
3177 666 3341 736 δόξης
3364 666 3541 732 οὕτως
3563 670 3746 731 αὐτοῖς

2157 756 2587 825 ἀπαρεσκούσης
2625 757 2915 826 ὀλιγωρεῖν
2954 758 3021 813 ἂν
3050 758 3467 830 ⁴Ιιὸουλήθησαν,
3511 762 3606 815 καὶ
3648 761 3745 831 τῆς

2156 847 2266 900 τῶν
2293 849 2432 915 μετά
2462 847 2638 903 ταῦτα
2663 851 2886 904 πάντων
2916 851 3126 920 φθορᾶς
3162 851 3314 906 αὐτοὶ
3344 852 3524 906 δοκεῖν
3554 853 3740 909 αἴτιοι.

2169 939 2331 992 ’Ᾱλλά
2361 939 2468 1011 μὴν
2495 941 2545 992 εἰ
2574 939 2655 1011 τῷ
2688 941 2916 1010 σιγῆσαι
2939 941 3103 1010 μόνον
3125 943 3367 1011 ἤλπισαν
3393 942 3741 1012 περιέσεσθαι

2157 1031 2266 1084 τῶν
2299 1030 2583 1096 εἰπόντων,
2613 1033 2709 1086 καί
2737 1033 2951 1086 πείσειν
2977 1033 3190 1096 πάντας
3219 1035 3320 1103 τῆς
3342 1034 3566 1086 ἐκείνων
3587 1032 3743 1101 δόξης

2159 1125 2519 1193 ἀφίστασθαι,
2551 1123 2676 1180 οὔτε
2707 1126 2844 1197 πρὸς
2879 1127 3062 1196 σοφῶν
3081 1124 3207 1180 οὔτε
3240 1125 3381 1196 πρὸς
3405 1123 3742 1180 διδασκάλων

2156 1218 2315 1272 τοῦτὸ
2340 1220 2391 1287 γ’
2423 1219 2488 1272 ἂν
2516 1215 2584 1291 ἦν
2609 1235 2624 1250 ο
2657 1221 2726 1273 τὰ
2749 1237 2804 1273 τε
2831 1220 2940 1290 γὰρ
2987 1218 3230 1274 ἀδύνατα
3259 1217 3510 1288 γίνεσθαι
3545 1207 3768 1302 προσε-Ἰ

2156 1311 2352 1365 δόκων·
2387 1310 2582 1366 οὔκουν
2611 1314 2733 1367 οὐδὲ
2766 1314 3080 1382 γεγόνασιν,
3118 1312 3256 1368 ἀλλά
3279 1311 3342 1365 τὸ
3366 1311 3620 1365 πλεῖστον
3650 1310 3744 1364 νῦν

2154 1402 2257 1466 τῆς
2289 1403 2617 1473 οἰκουμένης
2649 1404 2744 1457 καί
2785 1403 3075 1456 κάλλιστον
3107 1401 3246 1471 μετά
3279 1400 3392 1454 τῶν
3438 1400 3742 1470 εἰρηκότων

2158 1493 2296 1547 ἐστί·
2323 1495 2418 1548 καὶ
2446 1494 2784 1549 διδασκάλων
2811 1493 3022 1564 εῖποιμ⁹
3054 1493 3120 1547 ἂν
3145 1493 3208 1549 οὐ
3238 1492 3300 1546 τὸ
3334 1492 3405 1546 τὰ
3438 1491 3538 1562 μὲν
3559 1491 3743 1558 ἀγαθά

2158 1587 2366 1655 λέγειν,
2403 1586 2470 1640 τὰ
2499 1586 2556 1640 δὲ
2609 1585 2789 1656 φαῦλα
2823 1587 2983 1656 μόνον
3039 1585 3221 1656 σιγᾷν,
3257 1583 3396 1637 ἀλλά
3420 1582 3520 1636 καὶ
3567 1581 3743 1636 ταῦτα

2160 1678 2434 1746 παράγειν
2472 1679 2553 1740 εἰς
2585 1677 2774 1746 μέσον,
2807 1676 2904 1730 καὶ
2951 1673 3176 1744 φεύγειν
3208 1675 3381 1729 ἀπασι
3412 1674 3704 1742 παραινεῖν
3731 1690 3744 1704 ·

2161 1771 2254 1826 καὶ
2293 1769 2471 1839 πολλῷ
2504 1770 2711 1837 μᾶλλον
2740 1769 2942 1822 ὁπόταν
2980 1767 3084 1822 ὑπό
3117 1784 3281 1822 τινων
3315 1765 3492 1820 ἀλλων
3518 1765 3748 1834 ἐπαινῆ-

2161 1880 2250 1915 ται
2275 1860 2468 1928 ταῦτα,
2507 1860 2603 1914 καὶ⁸
2633 1860 2729 1915 τοῦ
2767 1859 2968 1923 παντὸς
3000 1858 3128 1924 ἀξια
3157 1859 3439 1930 κρίνηται,
3472 1859 3746 1914 κάκείνων

2162 1953 2344 2024 σοφῶν
2375 1955 2466 2006 καὶ
2496 1952 2704 2006 πείθειν
2737 1952 2904 2006 ὄντων
2930 1951 3118 2019 ἀξίων.
3151 1952 3215 2005 El
3245 1951 3304 2005 δὲ
3341 1953 3435 2005 καὶ
3459 1951 3560 2023 τὴν
3585 1949 3746 2019 σιγὴν

2159 2049 2296 2112 ὅλως
2325 2047 2577 2116 ἐνόμιζον
2612 2046 2761 2100 τοῦτ’
2785 2045 2920 2098 αὐτὸ
2955 2043 3440 2115 καταπράξας-θαι,
3469 2043 3578 2097 ἔδει
3619 2044 3743 2110 φείο

2157 2139 2344 2194 δεσθαι
2375 2139 2482 2192 τῶν
2509 2138 2930 2210 ἀνακηρύξεων,
2965 2139 3060 2191 καὶ
3095 2139 3170 2208 μὴ
3204 2140 3318 2201 τοῖς
3351 2137 3494 2192 κατὰ
3519 2137 3629 2189 τῶν
3663 2135 3744 2187 εί-

2160 2231 2372 2284 πόντων
2398 2231 2644 2293 ἐπαίνοις
2677 2231 2859 2284 πᾶσαν
2883 2227 3196 2298 ὑπερϐολὴν
3229 2225 3396 2296 τιμῆς
3426 2223 3742 2294 παρελθεῖν,

2158 2321 2366 2386 εἰδότας
2398 2321 2474 2384 ὡς
2526 2321 2684 2390 λόγος
2719 2322 2860 2390 μετά
2911 2321 3080 2390 τιμῆς
3141 2320 3354 2387 σιωπῆς
3415 2315 3742 2387 ἀμαρτύρου

2161 2411 2400 2485 βελτίων
2424 2414 2598 2467 ἔσται’
2633 2414 2742 2467 ἔδει
2777 2411 2886 2484 γάρ
2911 2413 3199 2481 ἀγαπῆσαι
3239 2411 3400 2480 μόνον
3449 2409 3742 2477 σιγῶντας,

2158 2508 2206 2560 εί
2239 2506 2306 2559 τα
2345 2506 2455 2558 τῶν
2490 2506 2760 2560 εἰπόντων
2791 2509 2903 2568 τοῖς
2931 2505 3095 2575 ίεροῖς
3117 2505 3323 2571 λογίοις
3355 2503 3671 2567 ἀνθίστατο,
3710 2501 3742 2569 ἢ

2157 2598 2210 2650 εί
2231 2614 2282 2649 τι
2305 2595 2414 2648 τῶν
2439 2595 2896 2666 ὁμολογουμένων
2920 2593 2979 2659 ἐξ
3008 2593 3188 2646 αὐτῶν
3215 2591 3466 2661 φανερῶς
3495 2591 3745 2645 συνέϐαι-

2157 2707 2248 2744 νεν
2305 2688 2690 2760 ἀναιρεῖσθαι·
2721 2688 2817 2740 νῦν
2875 2687 2932 2740 δὲ
2984 2685 3218 2755 μηδενὸς
3268 2685 3422 2748 ὄντος
3471 2684 3740 2745 τοιούτου,

2155 2778 2463 2848 ἀϐοήθητος
2495 2778 2676 2841 αὐτοῖς
2712 2778 2745 2847 ἡ
2780 2777 2962 2847 σιωπὴ
2991 2775 3372 2839 κατελείπετο,
3403 2776 3498 2828 καί
3525 2790 3738 2841 συγκαο

2155 2870 2430 2934 ταθὲσεως
2467 2869 2671 2941 μᾶλλον
2710 2868 2742 2937 ἢ
2777 2867 2959 2938 φυγῆς
3005 2867 3104 2921 καὶ
3150 2867 3437 2936 ἀρνήσεως
3495 2869 3740 2935 φέρουσα

2155 2962 2332 3029 δόξαν.
2365 2961 2579 3016 Κείσθω
2599 2961 2654 3014 δὲ
2694 2961 2792 3016 καὶ
2818 2961 3232 3028 κατεγνωκότας
3262 2959 3362 3028 μὲν
3408 2957 3511 3012 οὔκ
3540 2957 3740 3022 εἰπεῖν,

2156 3056 2332 3125 φειδοῖ
2361 3055 2419 3109 δὲ
2454 3055 2555 3125 τῆς
2584 3053 2694 3107 τῶν
2722 3052 2970 3124 ἀδελφῶν
2997 3051 3228 3123 ἀτιμίας
3273 3053 3370 3105 καὶ
3402 3051 3480 3121 τῷ
3509 3051 3586 3123 μὴ
3611 3049 3740 3121 βού-

2080 3185 2124 3244 c
2157 3147 2349 3202 λεσθαι
2378 3147 2618 3218 πόλεμον
2647 3145 2887 3217 ἐγείρειν
2918 3146 3013 3200 καὶ
3064 3145 3265 3217 μάχην,
3297 3145 3389 3198 ἐπὶ
3431 3143 3531 3214 τὴν
3576 3143 3738 3212 σιγὴν

2157 3242 2371 3297 ἀπιδεῖν
2413 3242 2510 3295 καὶ
2543 3242 2644 3312 τὴν
2703 3241 2762 3294 ἐν
2813 3239 2890 3310 τῷ
2943 3239 3098 3309 βάθει
3145 3239 3349 3310 κρύψαι
3424 3239 3736 3293 διάστασιν.

2169 3333 2332 3388 Ἀλλὰ
2374 3331 2534 3388 τοῦτο
2581 3331 2789 3394 δειλίας
2816 3328 2958 3400 ὁμοῦ
2990 3329 3086 3383 καὶ
3136 3327 3406 3398 πονηρίας
3454 3326 3577 3396 ἔχον
3610 3327 3739 3380 ὑπό-

2158 3442 2310 3480 νοιαν
2344 3425 2405 3478 οὐ
2439 3424 2641 3494 μᾶλλον
2677 3423 2904 3495 ἔμελλεν
2951 3423 3135 3486 αὐτοῖς
3183 3419 3554 3492 προσάξεσθαι
3601 3419 3740 3472 πάν-

2155 3535 2277 3580 τας,
2303 3517 2335 3588 ἢ
2367 3516 2686 3585 περιφανῶς
2708 3517 3062 3586 ἀποστήσειν.
3090 3515 3202 3568 Καὶ
3225 3512 3333 3582 γὰρ
3358 3511 3460 3580 πρὸ
3483 3511 3581 3580 τῆς
3609 3509 3740 3578 ἀλη-

2157 3607 2309 3672 θείας
2351 3609 2564 3670 οὖδενὸς
2601 3607 2914 3678 φροντίζειν
2969 3607 3160 3676 ἐχρῆν,
3214 3604 3452 3660 καὶτῶν
3505 3602 3736 3671 ἀγώνων

2155 3697 2311 3752 οὐδὲν
2341 3699 2408 3751 ἂν
2431 3698 2584 3769 ἥδιον
2609 3693 2700 3768 ἦν,
2753 3697 2812 3763 ἐξ
2854 3693 2930 3752 ὧν
2959 3696 3117 3750 αὐτοί
3169 3712 3230 3748 τε
3279 3697 3375 3749 καὶ
3419 3694 3621 3757 πάντες
3669 3693 3736 3747 ἂν

2155 3791 2466 3860 ὠφελοῦντο
2495 3807 2510 3824 ’
2561 3790 2656 3855 οὒς
2698 3791 3057 3858 ἀναδυόμενοι
3123 3790 3287 3860 μέχρι
3336 3790 3563 3851 παντίις,
3611 3785 3736 3840 οὔτε

2157 3878 2492 3948 θαρροῦντες
2525 3879 2712 3947 σφίσιν
2760 3879 2968 3944 αὐτοῖς,
3008 3878 3122 3931 οὗθ’
3152 3879 3295 3949 ὑπὲρ
3322 3880 3420 3949 τῆς
3466 3877 3578 3932 τῶν
3599 3878 3737 3931 ὅλων

2159 3970 2436 4038 σωτηρίας
2483 3971 2668 4023 πονεῖν
2723 3970 3044 4040 ἀνεχόμενοι
3097 3969 3318 4032 πάντως
3385 3967 3596 4033 ἔδειξαν
3648 3967 3735 4022 ἄν.

2171 4059 2310 4114 Ἀλλ’
2337 4057 2491 4112 οὐδὲν
2517 4057 2726 4112 τούτων
2758 4059 3018 4112 ἁπάντων
3044 4061 3156 4122 τοῖς
3190 4059 3489 4129 μακαρίοις
3507 4058 3738 4119 ἐκείνοις

2160 4151 2502 4221 προσάπτειν
2526 4150 2751 4214 εὐσεϐές
2777 4153 2929 4204 ἐστιν
2949 4150 3086 4212 ὅλως
3120 4151 3210 4203 καὶ
3240 4151 3452 4204 δίκαιον
3471 4164 3487 4181 ο
3517 4150 3740 4202 τοῦνανο

2156 4243 2273 4296 τίον
2304 4244 2415 4312 γὰρ
2443 4245 2538 4298 καὶ
2565 4245 2796 4316 προνοίᾳ
2826 4246 2919 4298 καὶ
2944 4245 3107 4314 σοφία
3133 4243 3230 4296 καὶ
3258 4246 3324 4314 τῇ
3355 4244 3454 4306 τῆς
3477 4242 3739 4313 ἀληθείας

2161 4337 2364 4408 σπουδῇ
2393 4338 2556 4408 μέχρι
2583 4337 2677 4391 τοῦ
2727 4337 3016 4406 γινομένου
3055 4339 3258 4399 παντὸς
3295 4335 3636 4406 ἀφιγμένους
3663 4335 3742 4390 δι-

2159 4427 2408 4482 καιότατ’
2441 4428 2508 4482 ἂν
2549 4431 2669 4492 ταῖς
2702 4429 2808 4482 τῶν
2845 4429 3108 4498 Πατέρων
3148 4429 3246 4481 καὶ
3281 4428 3623 4481 διδασκάλων
3660 4445 3742 4481 τι-

477 4516 657 4581 tebat;
689 4529 790 4569 nec
819 4514 1015 4570 fuisset
1073 4517 1372 4587 quidquam
1401 4519 1700 4588 jurundius
1734 4523 2048 4576 certamini-

2164 4518 2291 4586 μαῖς
2323 4517 2518 4579 αὐτοὺς
2551 4517 2933 4588 περιέποιμενο
2964 4517 3056 4570 καὶ
3099 4517 3321 4571 πάντων
3351 4517 3554 4587 ὁμοίως
3579 4510 3656 4572 ὧν
3685 4534 3742 4570 τε

451 4606 611 4669 'bus,
643 4621 762 4674 qum
791 4606 898 4662 illis
931 4607 1062 4674 ipsis
1087 4621 1252 4678 atque
1280 4602 1540 4666 omnibus
1584 4612 1874 4668 utilitatem
1911 4623 2056 4668 attu-

478 4699 669 4754 lissent
693 4715 707 4753 :
743 4709 998 4755 cmterunt
1027 4701 1130 4770 ipsi
1163 4717 1222 4756 ea
1247 4703 1464 4772 penitus
1488 4704 1843 4776 refugientes,
1871 4715 2056 4762 osten-

481 4791 690 4846 dissent
743 4807 804 4847 se
859 4793 1018 4863 plane
1059 4809 1157 4850 nee
1208 4796 1445 4864 propriis
1499 4799 1774 4854 conlidere
1825 4801 2056 4865 viribus,

477 4895 577 4935 nec
625 4881 763 4937 velle
808 4898 910 4952 pro
973 4885 1254 4941 communi
1306 4888 1548 4942 omnium
1608 4891 1784 4945 salute
1841 4889 2058 4946 luboies

481 4972 742 5043 perferre.
783 4975 950 5046 Atqui
985 4977 1177 5033 horum
1217 4981 1463 5035 omnium
1499 4983 1898 5053 nihiltprorsus
1934 4984 2058 5036 hea-

477 5066 546 5120 tis
580 5066 687 5121 illis
721 5067 856 5123 vitis
885 5069 1158 5125 ascribere
1190 5070 1339 5140 pium
1379 5081 1429 5126 et
1457 5072 1668 5141 justum
1698 5084 1783 5128 est
1813 5091 1826 5126 :
1865 5082 2056 5127 contra

475 5172 603 5212 vero
647 5159 962 5230 arquissime
1018 5160 1262 5216 debitum
1313 5162 1567 5220 Patribus
1625 5180 1690 5218 ac
1740 5164 2058 5220 doctoribus

478 5252 741 5306 honorem
784 5253 893 5308 illis
947 5254 1343 5322 tribuerimus;
1401 5267 1460 5311 ut
1518 5258 1610 5327 qui
1673 5259 2056 5327 providentia,

473 5345 1074 5418 scientia,\'irtutisque
1095 5350 1279 5404 studio
1314 5348 1685 5418 pervenerint,
1727 5365 1834 5420 quo
1873 5367 2059 5420 perve-

476 5437 594 5490 nire
629 5438 880 5494 hon‘tines
913 5451 1172 5508 possunt;
1206 5441 1396 5510 etjure
1426 5441 1534 5496 illis
1579 5442 1809 5512 gratiam
1852 5443 2045 5498 habue-

478 5529 650 5585 rimus
687 5541 909 5600 propter
939 5533 1147 5598 omnia,
1174 5542 1286 5587 tum
1320 5550 1439 5602 qua:
1477 5536 1707 5589 reticere
1741 5535 2054 5600 voluerunt,

477 5623 619 5685 quod
665 5637 837 5678 causa
870 5634 1060 5680 nostra
1110 5635 1408 5696 utrumque
1456 5627 1704 5692 fecerint,
1733 5639 1788 5680 et
1836 5629 2054 5697 quidem

479 5709 750 5777 sapienter
783 5712 1104 5766 admodum.
1151 5713 1270 5768 Non
1316 5725 1538 5770 tacuere
1575 5715 1756 5785 igitur,
1796 5717 1922 5779 quia
1967 5731 2055 5769 ne-

480 5800 718 5855 ces-sario
750 5800 1111 5870 damnarent;
1145 5819 1243 5861 nec
1289 5805 1449 5862 infert
1477 5807 1770 5870 ,sileutium
1818 5807 2056 5863 nccc5si.

2163 4604 2318 4662 εἷπον
2341 4602 2414 4663 ὧν
2453 4627 2510 4662 τε
2545 4610 2771 4678 σιγῆσαι
2795 4609 3137 4679 προείλοντο,
3191 4608 3408 4662 δικαίαν
3446 4609 3635 4673 αὐτοῖς
3666 4612 3744 4662 εί·-

2160 4697 2385 4769 δείημεν
2406 4698 2590 4769 χάριν,
2635 4698 2711 4763 ὡς
2755 4699 2896 4768 ὑπὲρ
2941 4697 3100 4767 ἡμῶν
3144 4695 3535 4773 προελομένοις
3568 4698 3746 4768 ἀμφό-

2159 4809 2323 4860 τερα,
2367 4795 2464 4845 καὶ
2511 4793 2654 4845 πάνυ
2689 4791 2892 4859 σοφῶς.
2947 4791 3060 4844 Οὐκ
3091 4790 3202 4860 ἄρα
3236 4790 3648 4857 κατεγνωκότες
3687 4788 3745 4854 ἐξ
3773 4765 3803 4808 δ’

2162 4887 2414 4956 ἀνάγκης
2452 4886 2743 4955 ἐσίγησαν,
2783 4882 2896 4937 οὐδ’
2928 4884 3041 4954 ἔχει
3068 4900 3120 4935 τι
3151 4881 3288 4951 πρὲις
3310 4881 3557 4954 ἀνάγκης
3587 4881 3747 4950 λόγον

2162 4980 2196 5048 ἠ
2236 4977 2416 5048 σιωπὴ
2449 4980 2559 5033 τοῖς
2587 4994 2649 5046 γε
2681 4975 2822 5030 κατα
2863 4975 2959 5029 τοῦ
3000 4975 3162 5039 λόγου
3206 4974 3378 5045 ταύτῃ
3415 4973 3744 5044 χρωμένοις.

2165 5071 2303 5126 Εἰδὲ
2329 5071 2477 5139 λέγοι
2514 5087 2619 5134 τις,
2659 5069 2794 5139 μηδὲ
2836 5068 3153 5122 τούναντίον
3183 5067 3294 5120 δεῖν
3342 5065 3741 5136 ίσχυρίξεσθαι,
3783 5116 3794 5140 ,

2161 5163 2236 5226 ὼς
2271 5163 2378 5233 ἄρα
2411 5164 2476 5231 τῇ
2507 5163 2688 5231 σιωπῇ
2713 5162 2812 5228 τὴν
2838 5160 2994 5224 δόξαν
3025 5161 3378 5229 κρατύνουσι,
3411 5159 3502 5212 καὶ
3526 5159 3747 5228 δηλοῦσι
3792 5171 3799 5182 “

2161 5255 2369 5324 ταύτην
2408 5253 2804 5324 ἀποδεχόμενοι
2827 5267 2839 5282 ο
2877 5252 3115 5320 μάλιστα
3146 5251 3246 5319 μὲν
3279 5249 3375 5304 καὶ
3416 5249 3565 5302 τοῦτ’
3597 5251 3746 5302 ἐστὶν

2161 5349 2361 5410 εἰπεῖν,
2396 5346 2472 5408 ὡς
2496 5347 2543 5398 εί
2570 5345 2664 5399 καὶ
2707 5347 2782 5414 μὴ
2812 5343 3163 5397 παντάπασιν
3207 5341 3453 5412 ἀκριϐῶς
3483 5342 3742 5410 ἀποδεχο-

2165 5441 2343 5510 μένων
2377 5435 2445 5509 ἦν
2469 5439 2528 5492 τὸ
2552 5439 2733 5509 σιγᾷν,
2760 5437 2897 5490 ἀλλά
2932 5454 2996 5504 γε
3034 5434 3234 5506 μᾶλλον
3260 5435 3354 5488 τοῦ
3395 5437 3687 5500 συναινεῖν⁹
3716 5433 3744 5502 ἢ

2162 5531 2257 5584 τοῦ
2283 5533 2466 5599 μισεῖν
2497 5530 2591 5584 καὶ
2625 5531 2988 5599 καταφρονεῖν
3031 5527 3315 5592 ἀπόδειξιν
3347 5526 3461 5596 ἔχει
3491 5543 3506 5558 ·
3549 5523 3661 5593 ἐγὼ
3694 5523 3744 5577 δὲ

2163 5625 2392 5693 νομίζω,
2426 5627 2566 5696 μήτε
2606 5625 2868 5689 καθάπαξ
2911 5623 3313 5694 ἀτιμαζὸντων,
3358 5623 3496 5691 μήτε
3539 5620 3741 5689 σφόδρα

2164 5716 2513 5787 θαρρούντων
2550 5714 2688 5769 εἶναι
2721 5720 2782 5787 τῇ
2816 5716 2964 5787 δόξῃ.
3011 5713 3458 5785 Παραιτοῦμαίὸ
3496 5713 3662 5781 ὑμᾶς,
3701 5714 3744 5764 ὼ

2165 5808 2414 5880 Γραικοὶ,
2443 5809 2567 5880 περί
2601 5802 2676 5862 ὧν
2703 5809 2880 5878 μέλλω
2907 5809 3086 5878 λέγειν
3106 5823 3118 5836 ·
3143 5806 3204 5860 οὐ
3233 5807 3342 5877 γὰρ
3373 5805 3743 5875 ἀποφαινόμε-
