4038 6414
107 373 134 401 ο

262 357 375 420 505-

1397 361 1683 422 ORATIO
1720 363 1808 424 ιιι
1843 366 1945 426 Al)
1979 340 2361 430 svnoouu.

3426 367 3532 429 59.3

258 487 341 529 vo;
367 467 489 522 ούδὲ
515 469 738 538 κρατεῖν
769 469 1096 542 βουλόμενος
1133 472 1333 542 ταῦτα,
1383 475 1507 529 οὐδὲ
1551 479 1684 548 περὶ
1713 494 1836 530 του-

1959 481 2070 534 tatis
2113 482 2376 535 rationem
2411 481 2478 536 iis
2537 481 2628 550 qui
2677 481 2956 536 silentium
3010 481 3246 536 aderunt
3281 481 3347 536 ad
3377 482 3534 536 dam-

256 564 388 618 τωνὶ
422 563 533 615 τῶν
583 564 969 634 προκειμένων
1007 565 1212 635 μᾶλλον
1252 568 1381 639 ὑμῖν
1418 569 1452 638 ἢ
1476 571 1607 639 περ).
1636 570 1840 634 παντὸς

257 655 490 718 ἐκείνοις
526 657 898 727 σεσιγημένου
938 657 1037 729 τὴν
1074 659 1219 730 ἐμὴν
1253 660 1557 732 προτίθημι
1589 661 1837 733 γνώμην.

267 749 464 818 Ὁρᾶτε
495 750 605 819 γάρ
659 765 727 820 με
762 750 866 804 κάν
904 752 1018 814 τοῖς
1069 743 1382 823 ἔμπροσθεν
1423 753 1741 824 εἰρημένοις
1781 755 1844 806 τὸ

255 840 416 907 δόξαν
468 841 840 912 προσκρούειν
893 842 1026 912 ὑμῖν
1069 843 1178 906 ἕως
1229 845 1362 914 ἐξῆν
1418 844 1837 915 φυλαξάμενον·

259 932 435 986 καίτοι
494 933 607 994 τοῖς
681 931 782 1002 τῆς
854 932 1117 1004 ἀληθείας
1180 935 1518 1000 ὲξιτσσταῖς,
1565 933 1692 989 οὔτε
1748 937 1839 988 λέο

258 1039 447 1089 γουσιν
499 1023 614 1078 οὔτ’
681 1021 977 1079 ἀκούουσιν
1041 1027 1306 1099 ἁρμόττει
1374 1020 1565 1081 τούτου
1617 1025 1838 1098 φροντί-

258 1113 394 1178 ζειν.

1945 569 2153 624 nandos
2191 585 2288 624 eos
2317 570 2413 638 qui
2457 585 2566 624 non
2609 579 2921 626 tacuerunt.
2955 571 3010 626 Si
3046 571 3336 642 quisjvero
3363 572 3532 637 (lieni,

1944 675 2121 728 neque
2181 661 2522 716 contrarium
2583 675 2708 716 esse
2765 664 3085 732 pugnaciter
3145 663 3547 723 inferendum.-

1947 766 2143 821 ncmpe
2172 752 2241 807 ab
2285 751 2393 807 illis
2427 767 2521 821 per
2566 754 2848 808 silentium
2891 755 3207 823 Opinionem
3258 753 3530 816 roborarie,

1945 855 2124 911 eoque
2161 841 2364 898 indicio
2397 844 2721 912 significari,
2777 852 3055 910 receptam
3112 843 3254 898 hanc
3301 858 3425 898 esse
3465 843 3534 894 ah

1949 932 2058 986 illis
2104 947 2119 986 ι
2171 933 2491 1002 responderi
2547 933 2766 1003 quidem
2847 933 3052 1001 Optime
3129 941 3364 1003 potest:
3416 931 3530 987 Etsi

1945 1027 2174 1079 tacendo
2205 1023 2532 1091 innuebant,
2561 1039 2672 1080 non
2713 1025 2939 1079 omnino
2974 1024 3123 1078 illam
3157 1024 3264 1078 sibi
3295 1023 3541 1092 probari,

1947 1115 2129 1185 potius
2164 1123 2350 1172 tamen
2391 1115 2734 1186 signiﬁcasse
2777 1130 3092 1180 assensum,
3139 1131 3304 1185 quam
3348 1115 3534 1169 odium

257 1223 310 1272 et
345 1226 739 1287 contemptum.
778 1215 894 1288 Ego
932 1230 1062 1272 vero
1107 1214 1368 1278 arbitror,
1416 1212 1693 1271 silentium
1734 1210 1839 1266 hoc
1901 1202 2081 1266 luisse
2153 1210 2436 1266 hominum
2487 1226 2588 1268 nec
2627 1212 2852 1267 omnino
2883 1212 3291 1282 reprobandum
3321 1212 3537 1280 opinio—

257 1333 404 1382 nem,
446 1329 544 1371 nec
580 1328 774 1370 rursus
806 1311 954 1367 velut
993 1311 1220 1368 omnino
1270 1319 1444 1365 tutam
1493 1309 1642 1364 illam
1691 1307 2112 1379 recipientium.
2137 1304 2338 1371 Quaeso
2368 1313 2551 1360 autem
2579 1320 2610 1359 a
2635 1304 2810 1369 vobis,
2850 1303 3062 1392 Graeci,
3117 1312 3177 1358 ut
3241 1321 3362 1374 quze
3421 1307 3538 1363 die-

259 1416 419 1462 tutus
463 1419 609 1469 sum,
661 1401 734 1457 ita
764 1417 795 1456 a
829 1416 916 1456 me
949 1399 1056 1456 dici
1111 1398 1480 1462 existimetis,
1514 1413 1624 1452 non
1672 1399 1832 1466 quasi
1871 1397 2034 1452 velim
2083 1406 2292 1452 certam
2363 1397 2482 1466 ipse
2548 1397 2905 1467 pronuntiare
2931 1395 3287 1457 sententiam,
3325 1407 3381 1452 et
3412 1409 3538 1454 rata

258 1517 381 1560 esse
402 1514 524 1571 quae
555 1495 776 1569 profero
809 1511 826 1550 :
867 1508 1047 1568 neque
1081 1494 1227 1566 enim
1259 1507 1362 1563 ego
1397 1507 1544 1548 nunc
1573 1493 1746 1563 magis
1777 1494 1843 1547 de
1876 1491 2156 1562 proposita
2194 1490 2423 1546 materia
2464 1490 2598 1561 quid
2632 1492 2865 1547 sentiam
2942 1490 3184 1560 profero.
3228 1505 3409 1559 qnam-
3467 1495 3535 1551 dc

258 1597 366 1653 alia
394 1594 587 1667 quavis
629 1607 690 1649 re
729 1606 892 1662 quam
925 1589 1002 1646 illi
1050 1591 1350 1645 tacuerint.
1371 1589 1435 1645 Et
1479 1589 1674 1645 videtis
1720 1588 1832 1660 ipsi
1910 1595 2114 1659 quanta
2202 1602 2296 1658 per
2342 1595 2516 1643 totum
2554 1602 2862 1644 sermonem
2900 1587 3182 1657 diligentia
3217 1590 3346 1644 illud
3379 1603 3540 1644 cave-

259 1695 388 1759 rim,
410 1708 478 1748 ne
507 1689 683 1763 quoad
711 1689 834 1760 ejus
869 1686 985 1742 ﬁeri
1020 1694 1212 1758 posset
1254 1695 1467 1742 vestras
1497 1685 1835 1743 offenderem
1875 1699 2039 1740 aures
2089 1699 2104 1738 :

2159 1699 2475 1756 quanquam
2566 1683 2633 1740 iis
2681 1683 2776 1754 qui
2831 1684 3115 1740 veritatem
3209 1683 3551 1756 inquirmtt,‘

259 1801 453 1846 curare
491 1785 546 1841 id
594 1784 823 1840 minime
872 1784 1150 1846 convenit,
1179 1783 1295 1839 sive
1341 1782 1528 1838 dicant
1573 1781 1701 1852 ipsi,
1730 1779 2134 1836 sive‘audiant.

342 1877 488 1946 Ἐγὼ
530 1875 735 1942 τοίνυν,
775 1875 913 1945 ὅπερ
960 1872 1136 1938 εἶπον,
1181 1875 1311 1939 τοὺς
1360 1875 1552 1944 ἁγίους
1596 1873 1843 1946 ἠγοῦμαι

2019 1869 2132 1940 Ego
2159 1870 2343 1940 igitur,
2367 1870 2512 1941 quod
2545 1869 2680 1932 dixi,
2722 1878 2947 1925 sanctos
2977 1871 3215 1925 arbitror
3259 1869 3392 1925 nihil
3419 1875 3552 1951 esse:

265 1970 433 2042 μηδὲν
464 1968 939 2040 ἀποφαινομένους
974 1969 1104 2037 περὶ
1155 1961 1230 2022 ὧν
1270 1968 1451 2040 ἕτεροι
1481 1969 1704 2036 λέγουσι
1736 1983 1842 2036 φαι

261 2062 456 2133 νερῶς,
486 2059 609 2114 οὔτε
660 2059 868 2129 σφόδρα
929 2058 1396 2130 συνηγοροῦντας,
1431 2061 1480 2113 εί
1534 2059 1617 2113 δεῖ
1663 2057 1845 2126 λέγειν

262 2153 456 2219 οὕτως,
495 2151 609 2206 οὔτ’
635 2150 1088 2222 ἐναντιουμένους
1127 2151 1386 2218 καθάπαξ
1424 2151 1588 2207 τοῦτο
1630 2153 1806 2205 ποιεῖν
1829 2167 1842 2182 ·

261 2249 325 2301 τὸ
356 2245 456 2316 μὲν
489 2248 597 2315 γὰρ
630 2247 822 2318 πόῤῥω
856 2245 956 2315 τῆς
994 2245 1475 2316 ὲκείνωνάρετῆς
1509 2246 1606 2300 καὶ
1653 2243 1848 2313 σοφίας

262 2337 405 2404 ἐστὶ,
435 2336 496 2391 τὸ
533 2335 580 2390 δ’
610 2331 756 2406 εἶχεν
803 2335 871 2389 ἂν
915 2335 1075 2404 λόγον
1103 2336 1298 2390 οὐδένα
1341 2337 1554 2399 πάντας
1581 2334 1718 2405 ὁμοῦ
1750 2353 1850 2388 κα.

266 2429 454 2498 θάπερ
507 2426 875 2497 συνθεμένους
930 2424 1185 2488 ἑλέσθαι,
1242 2425 1340 2479 κατ⁹
1404 2425 1638 2495 δόγματι
1696 2425 1856 2496 παρὰ·

263 2519 482 2574 πολλῶν
537 2517 960 2588 ὁμολογουμένῳ
1023 2517 1366 2588 συνηγορίαν
1424 2516 1571 2569 οὕτω
1645 2517 1852 2585 νεκρὰν

264 2609 704 2676 εἰσενέγκασθαι.
763 2607 906 2662 Ἀλλ’
962 2604 1120 2677 οἶμαι
1151 2607 1380 2672 τούτους
1434 2609 1466 2678 ἢ
1530 2607 1630 2676 τὴν
1689 2610 1848 2676 δόξαν

265 2699 707 2772 ἀμφιγνοούντας
734 2699 810 2764 ὡς
855 2698 1127 2769 ἀκινδύνῳ
1176 2699 1490 2770 χρήσασθαι
1524 2702 1590 2771 τῇ
1624 2701 1774 2770 σιγῇ,
1814 2700 1850 2769 ἦ

267 2797 342 2865 τῇ
382 2794 482 2864 μὲν
523 2791 714 2864 γνώμῃ
764 2793 904 2862 μετὰ
934 2791 1044 2846 τῶν
1074 2793 1340 2846 εἰπόντων
1381 2792 1629 2858 ἑστάναι,
1659 2793 1754 2846 τοῦ
1791 2791 1848 2845 δὲ

266 2884 615 2953 δημοσιεύειν
650 2883 822 2954 αὐτὴν
853 2882 1220 2953 ἀποσχέσθαι,
1259 2883 1451 2954 ἕτερόν
1501 2900 1554 2937 τι
1585 2900 1846 2954 προνοου-

269 2977 489 3044 μένους.
545 2974 657 3028 Kal.-
707 2972 916 3029 τούτων
980 2973 1243 3046 ἑκάτερον
1301 2974 1590 3036 εὐλαϐείας
1642 2991 1699 3029 τε
1754 2975 1850 3027 καὶ

266 3066 525 3138 προνοίας
568 3065 958 3137 προσηκούσης
987 3066 1166 3135 ἁγίοις
1208 3066 1355 3120 ἐστὶν
1389 3065 1688 3131 ἀπόδειξις.
1720 3066 1848 3120 Είτε

265 3159 378 3228 γὰρ
415 3159 446 3222 ὃ
478 3158 553 3229 μὴ
590 3158 944 3213 παντάπασιν
995 3158 1266 3230 ἐθάρρουν
1323 3160 1520 3223 εἰπεῖν,
1557 3159 1672 3212 ἀλλ’
1725 3159 1848 3213 οὐδὲ

1951 1957 2167 2014 locutos
2192 1960 2260 2015 de
2287 1974 2378 2025 eo,
2418 1959 2561 2030 quod
2616 1959 2715 2014 alii
2735 1960 2927 2016 dicunt
2974 1969 3179 2029 aperte,
3243 1971 3533 2030 propterea

1949 2051 2096 2122 quod
2129 2050 2202 2105 illi
2237 2067 2338 2108 nec
2373 2053 2603 2108 multum
2634 2051 2902 2118 faverent,
2943 2051 2991 2107 si
3016 2051 3098 2106 ita
3123 2051 3411 2107 dicendum
3429 2063 3537 2113 est,

1951 2159 2051 2201 nec
2074 2130 2222 2200 illud-
2243 2145 2470 2201 omnino
2493 2146 2780 2216 rejicerent
2807 2163 2821 2200 :
2856 2145 2962 2200 hoc
2990 2144 3133 2199 enint
3164 2159 3193 2198 a
3221 2143 3420 2198 virtute
3445 2159 3541 2198 eo-

1953 2253 2074 2293 rum
2105 2247 2160 2294 et
2183 2240 2410 2301 scientia
2445 2226 2631 2310 procul
2660 2239 2814 2296 abest
2841 2255 2854 2294 :
2900 2238 3030 2292 illud
3058 2240 3240 2292 autem
3269 2236 3415 2290 nulla
3443 2251 3537 2290 ra-

1952 2327 2098 2383 tione
2123 2329 2428 2384 niteretur:
2462 2330 2618 2401 quasi
2652 2344 2846 2386 omnes
2895 2328 3317 2384 communicatis
3344 2327 3534 2384 cousi-

1966 2420 2056 2476 liis
2093 2420 2143 2474 id
2181 2420 2386 2483 l'acere,
2431 2430 2484 2476 et
2508 2421 2705 2490 dogma
2754 2420 3072 2477 confessum
3113 2435 3142 2474 a
3169 2419 3358 2474 tuultis
3403 2419 3541 2473 adeo

1952 2510 2152 2580 frigida
2176 2511 2390 2567 ratione
2420 2511 2611 2568 fulcire
2650 2511 2944 2567 voluerint.
2988 2511 3092 2567 Sed
3129 2522 3260 2580 puto
3289 2511 3541 2567 illos-aut

1949 2600 2018 2654 de
2047 2617 2104 2654 re
2127 2616 2248 2671 qua:
2267 2602 2370 2657 sibi
2396 2610 2512 2656 erat
2542 2603 2795 2673 ambigua
2830 2605 3087 2668 tacuisse,
3114 2605 3281 2658 tutius
3307 2603 3412 2657 hoc
3439 2603 3540 2657 du-

1950 2703 2176 2750 centes:
2204 2706 2298 2751 aut
2331 2696 2472 2751 idem
2499 2697 2738 2752 sensisse
2770 2698 2984 2767 quidem
3016 2700 3158 2766 quod
3191 2697 3278 2751 alii
3311 2711 3402 2766 qut
3425 2710 3538 2750 rem

1949 2797 2134 2855 aperte
2164 2789 2455 2854 dixerunt,
2483 2787 2576 2844 sed
2595 2790 2926 2844 abstinuisse
2945 2805 2972 2842 a
2991 2788 3541 2857 sententia-divulga—

1951 2881 2118 2946 tionc,
2146 2881 2400 2950 quiddam
2433 2882 2578 2936 aliud
2607 2881 2997 2950 prospicientes
3025 2898 3039 2935 :
3071 2895 3304 2950 quorum
3329 2890 3544 2934 ll‘ll'u'lll-

1949 2986 2056 3042 que
2070 2973 2334 3029 cautelam
2349 2983 2401 3028 et
2425 2973 2813 3044 providentiam
2827 2989 2920 3029 eos
2939 2975 3274 3035 adhibuisse,
3291 2969 3556 3043 rprm'sar'

1950 3074 2072 3119 ctos
2093 3064 2266 3130 decet,
2320 3073 2530 3120 eertum
2564 3066 2824 3120 iudicium
2872 3078 2973 3120 est.
3008 3066 3064 3120 Si
3093 3068 3238 3121 enim
3267 3067 3546 3136 prieterire

1967 3156 2187 3212 silentio
2219 3157 2269 3212 id
2297 3158 2608 3223 voluerunt,
2649 3158 2793 3228 quod
2831 3159 3056 3212 omnino
3091 3159 3273 3213 dicere
3304 3173 3410 3212 non
3446 3173 3544 3211 aue

264 3207 376 3305 τῶζ
421 3207 740 3322 ἀνιηκέστων
785 3250 985 3322 ᾔδεσαν
1018 3211 1111 3316 ὃν,⁸
1138 3211 1304 3304 τοῦτο
1359 3207 1853 3320 σιγῇνπαρελθεῖν,

2220 3207 2268 3212 __
2307 3207 2608 3223 --ην---Ἰ
2654 3207 2793 3228 1----
3095 3207 3272 3213 νη---
3304 3207 3410 3212 __--_

1962 3249 2182 3312 debant,
2203 3263 2304 3304 nec
2324 3256 2498 3304 tamen
2520 3265 2615 3319 pro
2628 3249 2962 3305 exsecrando
2985 3250 3258 3305 habebant
3274 3249 3547 3312 dogmate.

266 3343 364 3398 καὶ
418 3342 518 3406 τὰς
570 3342 634 3396 ἐκ
681 3359 742 3396 τε
788 3342 884 3396 τοῦ
914 3345 1254 3413 .μαρτυρεῖν
1289 3342 1353 3397 ἐκ
1396 3359 1455 3396 τε
1508 3342 1605 3396 τοῦ
1637 3342 1858 3398 διώκειν

269 3435 507 3503 ὑποψίας
537 3435 731 3503 φυγεῖν
765 3433 1176 3495 ἐϐουλεύσαντο,
1219 3433 1524 3504 θαυμαστοὶ
1572 3437 1666 3506 τῆς
1698 3435 1859 3488 εὐλα-

268 3526 423 3589 ϐείας
475 3525 604 3593 εἰσὶ,
639 3523 709 3578 δι’
760 3526 828 3596 ἢν
881 3525 1121 3588 καὶτοῖς
1161 3525 1254 3579 ὑπ’
1308 3525 1492 3580 αὐτῶν
1532 3527 1857 3597 εἰρημένοις

267 3615 776 3687 ἀναμφισϐητήτως
853 3615 1218 3687 προσκεῖςθαι
1285 3616 1493 3669 δίκαιον
1565 3619 1858 3680 ἅπανταςδ

268 3709 382 3763 εῐτε
410 3711 474 3762 ὲκ
512 3708 607 3762 τοῦ
638 3705 881 3778 φανερὰν
924 3707 1201 3762 ποιεῖσθαι
1244 3707 1342 3775 τὴν
1369 3707 1550 3776 δόξαν,
1582 3723 1861 3779 συνεωρα-

269 3801 429 3862 κότες
474 3817 527 3853 τι
569 3799 682 3853 τῶν
717 3800 819 3853 οὐκ
869 3800 1175 3870 ἀμεινόνων
1231 3799 1522 3870 ἑψόμενον,
1557 3803 1860 3871 κατασχεῖν

269 3893 443 3966 αὐτὴν
473 3896 530 3948 ὲν
564 3894 753 3964 σφίσιν
804 3895 1090 3967 ἐνόμισαν,
1126 3897 1407 3951 έπαινετοὶ
1445 3897 1547 3968 τῆς
1578 3897 1859 3968 προνοίας.

271 3988 338 4040 Et
400 3985 510 4056 γὰρ
568 3987 679 4040 τῶν
741 3986 918 4056 λόγων
974 3988 1162 4051 αὐτοῖς
1221 3987 1318 4042 ἀτε
1371 3989 1710 4043 διδασκάλων
1769 3991 1865 4044 καὶ

270 4078 536 4148 Πατέρων
583 4077 770 4149 έχουσι
814 4079 996 4152 τάξιν,
1033 4081 1066 4150 ἡ
1112 4080 1222 4134 τῶν
1271 4081 1364 4134 ὑπ’
1392 4081 1590 4146 αὐτοὺς
1625 4081 1865 4149 ὠφέλεια

268 4172 424 4233 τέλος
465 4170 691 4242 ἔμελλεν
727 4167 886 4236 εἶναι,
917 4173 1018 4225 οὐκ
1066 4171 1172 4226 ἔδει
1221 4173 1292 4226 τὰ
1329 4172 1608 4244 βλάψοντα
1642 4187 1868 4243 προστι-

273 4251 426 4317 θέναι
452 4265 469 4295 δ
505 4266 598 4317 καὶ
633 4263 735 4318 τὸν
762 4265 934 4336 ἀληθῆ
974 4266 1069 4319 καλ⁵
1095 4265 1275 4318 κοινὸν
1303 4264 1587 4321 κάντεῦθα·
1609 4265 1866 4320 διδάσκα-

268 4356 363 4411 λον
411 4357 846 4428 προεστήσαντο,
889 4357 946 4417 ὃς
1007 4357 1180 4413 πολλά
1240 4357 1349 4412 τῶν
1398 4359 1699 4428 ἀξιολόγων
1753 4377 1859 4413 κα-

271 4452 438 4520 τεῖχε,
496 4449 666 4520 μήπω
742 4449 1079 4517 δυναμένους
1123 4434 1340 4503 ’ἐκεῖνα
1400 4449 1694 4520 βαστάζειν
1741 4451 1870 4513 τοὺς

1959 3340 2412 3410 suspicionesque
2443 3340 2723 3396 evitandas
2747 3350 3032 3412 puttrunt,
3061 3358 3181 3412 qua:
3205 3343 3443 3398 subortce
3461 3356 3550 3394 es-

1961 3432 2236 3493 sent,sive
2263 3433 2340 3512 illi
2358 3433 2553 3502 dogma
2581 3432 2930 3502 probassent,
2955 3433 3068 3489 sive
3100 3435 3506 3505 improbassent
3535 3455 3548 3488 :

1964 3523 2273 3579 admirabili
2308 3539 2444 3579 sane
2477 3524 2732 3579 cautione
2767 3533 2896 3580 sunt
2928 3525 3031 3591 usi,
3065 3525 3136 3580 ob
3158 3541 3323 3597 quam
3360 3543 3551 3581 omnes

1965 3613 2113 3670 dicta
2143 3628 2331 3669 eorum
2369 3614 2524 3684 sequi
2555 3615 2673 3670 sine
2701 3615 2810 3670 ulla
2842 3615 3178 3670 hmsitatione
3205 3616 3458 3672 debeant.
3491 3616 3559 3671 Si‘

1963 3720 2093 3762 vero
2123 3704 2347 3762 infausti
2378 3705 2589 3776 aliquid
2645 3721 2974 3777 prospexere
3004 3718 3437 3764 consecuturum
3457 3704 3461 3709 “
3485 3725 3550 3764 ex

1964 3797 2405 3868 promulgatione
2445 3797 2609 3869 hujus
2640 3800 2946 3866 sententiae,
2977 3807 3034 3854 et
3061 3800 3287 3868 proinde
3314 3801 3557 3857 retinen-

1964 3889 2088 3943 dam
2119 3888 2194 3944 illi
2222 3891 2366 3959 apud
2391 3905 2452 3946 se
2485 3889 2841 3961 iudicarunt:
2876 3891 3150 3947 laudanda
3185 3891 3434 3962 profecto
3462 3901 3547 3947 est

1966 3979 2082 4035 hinc
2102 3981 2468 4050 providentia.
2495 3980 2634 4038 Cum
2656 3983 2802 4037 enim
2832 3983 3180 4039 sermonibus
3203 3999 3396 4038 eorum
3429 3983 3557 4039 linis

1968 4081 2114 4127 esset
2139 4073 2480 4143 propositus,
2507 4073 2718 4130 utilitas
2745 4074 3028 4128 hominum
3056 4074 3159 4129 sibi
3187 4074 3552 4134 subditorum,

1969 4179 2165 4235 nempe
2189 4171 2247 4220 ut
2285 4163 2539 4220 Patribus
2587 4180 2653 4222 ae
2685 4165 3031 4232 doctoribus,
3066 4165 3400 4236 proferenda
3443 4181 3550 4221 non

1969 4264 2134 4313 erant
2193 4257 2264 4312 ab
2297 4257 2426 4325 illis,
2463 4272 2584 4328 quae
2633 4257 2829 4314 obesse
2875 4267 3162 4329 poterant:
3199 4256 3361 4327 idque
3392 4258 3557 4313 etiam

1970 4348 2220 4418 exemplo
2271 4347 2383 4403 veri
2415 4351 2838 4419 communisque
2865 4348 3112 4404 omnium
3171 4347 3441 4420 magistri,
3465 4350 3556 4418 qui

1975 4441 2143 4496 multa
2159 4441 2301 4495 scitu
2320 4440 2482 4510 digna
2507 4455 2614 4496 non
2642 4442 2857 4511 aperuit
2875 4439 3057 4498 sciens
3073 4454 3134 4495 ea
3162 4441 3406 4495 nondum
3430 4455 3562 4495 suos

271 4543 603 4605 ἀποστόλους
643 4540 801 4602 εἰδώς
827 4557 840 4572 ·
871 4541 927 4594 τί
973 4545 1083 4611 γὰρ
1115 4542 1310 4611 ὄφελος
1357 4541 1622 4612 ἀληθείας
1655 4541 1855 4612 ὑψηλο-

1970 4531 2112 4586 l‘erre
2140 4543 2303 4602 posse
2343 4533 2644 4603 apostolos.
2677 4532 2820 4598 Quid
2851 4533 2996 4589 enim
3031 4533 3250 4604 prodest
3277 4531 3564 4589 sublimior

270 4633 438 4704 τέρας
461 4635 573 4696 τοῖς
605 4633 700 4684 ἐπὶ
742 4630 852 4684 τῶν
880 4631 1295 4704 ταπεινοτέρων
1323 4633 1611 4698 ἀϐεϐαίοις
1655 4635 1736 4687 ἔτι
1765 4638 1858 4689 καὶ

272 4725 693 4795 κλονουμένοις;
730 4723 855 4776 Ὀτι
913 4721 963 4776 δ’
1009 4722 1276 4793 ἑκάτερον
1329 4722 1539 4778 τούτοιν
1598 4724 1738 4778 πολὺ
1796 4726 1858 4778 τὺ

272 4811 495 4882 ,τύλογον
521 4813 658 4884 ἔχει,
691 4813 785 4865 καὶ
810 4811 946 4865 πολὺ
989 4813 1191 4883 μᾶλλον
1225 4813 1257 4883 ἢ
1305 4813 1366 4866 τὸ
1395 4814 1656 4867 τάναντία
1698 4814 1860 4881 δοξάε

274 4906 390 4972 ζειν
417 4906 542 4970 τοὺς
575 4903 1164 4970 διδασκάλους,ο5κουν
1188 4904 1329 4958 ὥστε
1362 4907 1458 4960 καὶ
1488 4904 1862 4976 παραϐάλλειν

274 4999 498 5063 ἐξεῖναι,
546 5000 642 5050 καὶ
691 4997 776 5050 ὃτι
834 4999 1154 5063 συνάπτειν,
1213 4997 1288 5060 ὡς
1339 4997 1581 5068 εἴρηται,
1636 4997 1861 5060 τούτους

274 5086 429 5139 οὒδέν
487 5087 604 5138 ἐστι
669 5084 928 5154 χαλεπὸν,
979 5087 1244 5152 ὁπότερον
1289 5085 1356 5139 ἂν
1412 5088 1620 5141 τούτων
1673 5087 1860 5158 μέλλοι

278 5179 526 5250 κρατεῖν,
560 5177 786 5230 αὐτόθεν
845 5171 1003 5246 οἶμαι
1057 5178 1219 5246 δῆλον
1271 5178 1446 5233 ἅπασι
1504 5180 1862 5236 καθεστάναι.

279 5271 341 5323 El
398 5270 498 5339 μὲν
549 5269 661 5338 γὰρ
715 5269 919 5335 ἀγαθόν
961 5287 1012 5323 τι
1069 5270 1261 5339 χρῆμα
1309 5271 1406 5324 καὶ
1465 5270 1668 5340 πολλῆς
1711 5271 1864 5337 ἀξιον

277 5362 554 5431 εὐφημίας
603 5363 637 5428 ὴ
677 5363 806 5430 περὶ
836 5354 992 5414 ταῦτ’
1042 5361 1304 5414 εὐλάϐεια
1341 5363 1478 5416 πᾶσι
1533 5362 1706 5427 δοκεῖ,
1744 5364 1864 5429 πῶς

279 5454 340 5506 οὗ
388 5453 472 5506 δεῖ
537 5449 742 5520 ταύτην
792 5455 902 5516 τοῖς
964 5453 1212 5524 ἀρίστοις
1277 5452 1690 5524 προσάπτεσθαι
1758 5455 1865 5508 τῶν

282 5545 619 5615 ἀνθρώπων;
659 5545 706 5597 εἰ
751 5544 810 5598 δὲ
860 5545 954 5599 καὶ
1004 5547 1103 5616 μὴ,
1141 5546 1234 5598 καὶ
1286 5547 1487 5608 πάντες
1519 5545 1738 5600 ἅπαντα
1781 5548 1868 5602 λέ-

283 5655 472 5706 γουσιν
495 5637 554 5691 οὕ
597 5653 659 5704 γε
695 5637 832 5707 μετά
863 5638 960 5706 τῆς
993 5639 1116 5707 ἴσης
1149 5637 1342 5706 σοφίας
1380 5639 1477 5690 καὶ
1522 5639 1621 5709 τῆς
1657 5639 1867 5694 ἄνωθεν

285 5728 659 5800 χάριτος,ἁλλ’
699 5729 816 5782 ἔστι
847 5747 927 5793 τις
956 5731 1014 5783 ὲν
1049 5729 1235 5793 αὐτοῖς
1271 5730 1869 5801 καθάπεράγιωσύνης

287 5821 378 5876 καὶ
410 5821 520 5876 τῶν
555 5819 695 5892 ὑπὲρ
743 5821 1023 5888 εὐσεϐείας
1058 5821 1307 5891 ἀγώνων,
1337 5822 1481 5879 οὕτω
1521 5824 1616 5878 καὶ
1674 5825 1866 5896 σοφίας

1965 4625 2165 4678 veritas
2189 4623 2259 4679 iis
2276 4626 2372 4694 qui
2408 4624 2590 4679 adhuc
2622 4623 2676 4678 in
2722 4623 3112 4681 humilioribus
3155 4626 3384 4680 nutant?
3408 4623 3564 4692 Quod

1964 4724 2146 4773 autem
2169 4725 2467 4788 utrumque
2482 4717 2676 4773 horum
2700 4717 2871 4773 solida
2891 4718 3107 4775 ratione
3124 4719 3567 4786 nitatur,multo4

1963 4826 2072 4880 que
2091 4811 2266 4880 magis
2294 4810 2365 4866 sit
2397 4811 2596 4865 rationi
2624 4819 3082 4878 consentaneum,
3116 4826 3279 4883 quam
3320 4827 3568 4867 asserere

1963 4904 2221 4958 doctores
2251 4903 2395 4957 inter
2430 4917 2489 4959 se
2516 4918 2780 4974 pugnare,
2814 4915 2875 4960 ut
2904 4905 3052 4961 nulla
3080 4913 3245 4976 queat
3273 4903 3416 4959 inter
3452 4893 3567 4957 haec

1964 5007 2082 5049 esse
2099 4995 2455 5064 comparatio:
2479 4997 2754 5066 quodque,
2774 4997 3091 5052 utrumlibet
3119 5011 3304 5051 verum
3327 4996 3563 5053 dicatur,

1968 5087 2117 5142 nullo
2157 5091 2376 5159 negotio
2405 5088 2621 5158 possint
2652 5089 2732 5144 illi
2761 5091 2900 5144 inter
2929 5105 2990 5146 se
3015 5088 3322 5153 conciliari,
3345 5102 3442 5157 per
3504 5103 3565 5142 se

1968 5178 2146 5244 ipsum
2187 5180 2423 5234 arbitror
2479 5195 2604 5237 esse
2632 5181 2887 5236 omnibus
2934 5179 3308 5235 manifestum.
3348 5177 3482 5231 Nam
3516 5179 3562 5232 si

1971 5271 2112 5324 bona
2151 5285 2238 5326 res
2264 5277 2316 5326 et
2343 5272 2530 5327 multis
2549 5273 2715 5344 digna
2739 5271 3032 5342 praeconiis
3069 5271 3281 5326 videtur
3305 5270 3563 5325 omnibus

1967 5363 2146 5418 cautio
2174 5364 2228 5418 in
2256 5363 2567 5436 hujusmodi
2606 5363 2856 5434 negotiis,
2885 5379 2983 5419 cur
3001 5364 3222 5434 optimis
3255 5363 3567 5419 hominilzus

1971 5457 2060 5512 illa
2087 5471 2197 5512 non
2225 5457 2500 5512 tribuatur
2525 5455 2555 5510 ?
2579 5454 2676 5512 Sin
2704 5471 2832 5511 vero
2869 5456 3049 5519 aliter,
3086 5465 3139 5511 ct
3163 5471 3354 5511 omnes
3374 5459 3560 5510 omnia

1971 5548 2163 5604 dicunt
2197 5563 2304 5603 non
2331 5549 2448 5619 pari
2473 5548 2722 5603 doctrina
2760 5547 3076 5617 cmlestique
3130 5549 3325 5618 gratia,
3349 5548 3441 5601 sed
3475 5556 3560 5600 est

1975 5641 2116 5696 inter
2155 5655 2252 5697 eos
2283 5643 2359 5694 uti
2435 5640 2743 5695 sanctitatis
2821 5638 3177 5710 labontmque
3225 5655 3320 5710 pro
3372 5640 3568 5710 pietate

1974 5742 2383 5801 susceptorum,
2433 5731 2508 5786 ita
2555 5747 2773 5800 quoque
2807 5732 3048 5785 St-ientiae
3090 5732 3555 5801 facundiieqtteuc

1975 5826 2174 5881 divina:
2199 5824 2407 5894 gratiis,
2467 5840 2562 5893 per
2592 5840 2756 5894 quam
2785 5825 2898 5880 lucc
2925 5824 3104 5879 omnia
3133 5825 3329 5879 dantur
3357 5835 3408 5880 et
3441 5841 3572 5880 cen-
