4038 6444
207 1488 218 1506 Ι

203 1512 234 1639 i

270 379 374 446 509

1407 391 1696 462 ORATIO
1732 397 1823 464 IIl
1865 400 1968 468 AI)
2008 401 2396 474 SYNODUM.

3446 413 3552 480 510

265 497 382 604 ἀλλ’
413 501 471 552 ἑν
505 496 588 564 οἷς
629 503 730 572 μὲν
759 498 1068 578 ἐθάρρησεν
1113 508 1362 578 ἕκαστος,
1387 513 1676 583 ἀραρότως
1726 514 1842 571 εἷπε

1962 529 2082 583 dem
2113 529 2282 600 loqui,
2316 531 2559 588 scientia:
2590 542 2725 597 erat,
2757 545 2860 603 qua
2887 532 3121 604 quisque
3149 525 3422 604 pollebat:
3447 536 3554 588 non

267 592 362 646 καὶ
395 597 716 664 προσφυῶς,
742 598 902 662 ἄλλος
964 600 1010 654 δ’
1053 601 1182 658 ἄλλο
1236 621 1287 656 τι
1337 605 1502 660 πλέον
1549 610 1813 682 ἐτόλμησε
1845 629 1860 644 ’

267 683 450 738 καὶτὸ
482 685 584 755 μὲν
613 687 888 760 θαρρῆσαι
931 691 1031 762 τῆς
1061 694 1296 749 ἑκάστου
1336 704 1532 768 σοφίας
1561 701 1858 771 ἐτύγχανε,

264 773 330 827 τὸ
359 775 416 828 δὲ
459 778 534 846 μὴ
584 780 926 852 πλανηθῆναι
971 787 1072 852 τῆς
1119 786 1408 854 ἀληθείας,
1441 791 1540 860 τῆς
1573 793 1671 845 τοῦ
1721 794 1859 848 Θεοῦ

267 864 495 937 χάριτος
526 865 618 943 ἦν,
650 872 751 942 τήν
781 891 842 928 τε
881 878 1108 949 γνώμην
1143 878 1268 951 μεθ’
1315 875 1382 955 ἦς
1416 881 1649 953 ἐζήτουν
1681 885 1860 939 ἀσπα-

268 957 524 1030 ζομένου,
560 956 658 1017 καὶ
691 965 791 1037 τὴν
829 971 1145 1039 προθυμίαν
1188 974 1286 1028 καὶ
1328 955 1420 1029 τὸν
1455 977 1620 1031 πόνον
1653 981 1861 1032 οἰκτεί-

271 1067 458 1120 ροντος
477 1069 494 1084 ο
522 1054 618 1108 καὶ
644 1061 757 1123 τοῖς
790 1061 891 1130 μὲν
922 1059 1343 1137 εὐλαϐεστέροις
1377 1070 1438 1121 οὐ
1475 1069 1858 1139 μεμφομένου,

267 1144 383 1204 τοῖς
423 1144 479 1198 δὲ
511 1144 778 1218 θαρροῦσι
807 1151 991 1215 καλῶς
1019 1155 1363 1227 παρέχοντος
1386 1158 1493 1228 τὴν
1526 1161 1856 1230 ἀσφάλειαν.

269 1235 483 1291 Οὐκοῦν
517 1239 613 1293 καὶ
650 1242 800 1312 ἡμᾶς
831 1245 944 1301 τῶν
974 1247 1075 1317 μὲν
1099 1249 1184 1302 δεῖ
1219 1248 1322 1320 τὴν
1375 1248 1670 1306 εὐλάϐειαν
1700 1257 1860 1309 ἔπαιε

269 1328 403 1392 νεῖν,
442 1328 550 1382 τῶν
579 1326 637 1384 δὲ
673 1331 975 1404 θαυμάζειν
1019 1336 1117 1405 τὴν
1160 1341 1479 1410 παρρησίαν
1510 1357 1526 1373 ⁸
1577 1345 1674 1397 καὶ
1705 1344 1860 1415 νομί-

269 1417 387 1481 ζειν
431 1421 531 1490 μὲν
573 1423 746 1494 ἀληθῆ
787 1427 858 1480 τά
905 1431 1060 1501 κοινῇ
1115 1430 1273 1502 παρά
1300 1432 1520 1487 πάντων
1549 1433 1854 1506 ἠξιωμένα,

268 1511 356 1578 ἐφ’
399 1511 434 1565 ἃ
481 1513 538 1566 δὲ
591 1514 1034 1588 προεληλύθασιν
1081 1521 1250 1587 ἔνιοι,
1315 1525 1480 1597 σοφίᾳ
1529 1542 1589 1578 τε
1641 1527 1856 1596 μείζονι

266 1605 362 1656 καὶ
390 1607 454 1676 τῇ
488 1609 639 1678 παρά
681 1609 776 1664 τοῦ
807 1612 1128 1682 Πνεύματος
1157 1617 1448 1687 συμμαχίᾳ
1491 1617 1852 1688 θαρροῦντες,

269 1693 409 1761 μηδὲ
485 1691 694 1750 τούτων
764 1705 1170 1772 καταφρονεῖν·
1239 1706 1368 1776 μηδ’
1442 1707 1475 1778 ἦ
1558 1713 1854 1779 προπετεῖς

265 1783 474 1837 οῐεσθαι
525 1787 656 1851 τοὺς
701 1789 980 1858 είπόντας,
1016 1794 1049 1866 ἦ
1083 1796 1331 1866 νομίζειν
1383 1800 1746 1854 ἐλαττοῦσθαί
1799 1820 1852 1856 τι

1968 623 2255 679 aberrasse
2307 631 2489 679 autem
2523 638 2552 677 a
2615 624 2868 691 veritate,
2926 624 3020 681 Dei
3072 641 3292 690 munus,
3325 625 3559 680 -voluu-

1966 721 2132 770 tatem
2166 730 2358 771 eorum
2385 731 2494 786 qua
2528 716 2866 786 quaerebant,
2933 725 3214 786 acceptam
3270 717 3552 779 habentis,

1969 807 2326 878 studiumque
2355 823 2419 864 ac
2449 808 2694 863 laborem
2737 807 3218 864 commiserantis:
3280 817 3334 864 et
3369 820 3554 863 caute-

1966 899 2125 954 telam
2186 899 2408 968 quidem
2465 898 2784 954 adhibentes
2848 912 2955 954 non
3011 898 3552 969 objurgantis,rrete

1968 998 2149 1044 autem
2195 989 2534 1046 conﬁdentia
2585 989 2867 1047 utentibus
2923 989 3275 1044 securitatem
3316 989 3551 1056 largien-

1965 1080 2057 1135 tis.
2109 1077 2176 1134 Et
2241 1093 2340 1134 nos
2394 1078 2562 1149 igitur
2585 1075 2878 1148 oportetin
2917 1075 3012 1130 bis
3065 1073 3290 1144 quidem
3320 1072 3549 1128 laudare

1962 1173 2291 1238 cautionem,
2375 1171 2430 1224 in
2511 1169 2618 1225 illis
2705 1183 2838 1225 vero
2929 1166 3191 1238 loquendi
3243 1165 3556 1220 libertatem

1963 1265 2264 1322 admirari:
2324 1272 2381 1319 et
2439 1277 2565 1319 vera
2623 1260 2845 1332 quidem
2905 1259 3254 1324 existimare,
3307 1272 3430 1328 qua:
3485 1258 3554 1311 ab

1961 1357 2221 1414 omnibus
2280 1369 2437 1427 aque
2509 1362 2639 1412 sunt
2693 1350 3087 1423 pronuntiata:
3143 1350 3189 1405 si
3247 1364 3355 1416 qua
3422 1364 3554 1404 vero

1960 1451 2172 1524 prolata
2209 1455 2340 1506 sunt
2391 1463 2421 1504 a
2478 1445 2806 1518 quibusdam
2856 1445 2997 1499 ultra
3030 1442 3560 1514 ,progredientibus,

1961 1553 2077 1601 tum
2105 1538 2495 1600 abundantiori
2527 1536 2777 1592 doctrina
2802 1533 2976 1600 fretis,
3012 1543 3126 1589 tum
3184 1532 3393 1588 auxilio
3428 1531 3553 1602 Spia

1958 1637 2122 1702 ritus,
2157 1647 2504 1705 nequaquam
2537 1629 2951 1701 parvipendere,
2973 1640 3154 1696 neque
3184 1640 3277 1682 eos
3306 1627 3398 1695 qui
3425 1639 3556 1695 proa

1956 1727 2155 1792 tulere,
2190 1722 2516 1780 temerarios
2545 1719 2770 1784 ducere,
2825 1725 2921 1772 aut
2947 1730 3043 1771 eos
3073 1715 3164 1784 qui
3223 1722 3544 1772 tacuerunt.

1957 1819 2232 1874 mirentur
2258 1814 2576 1872 existimare
2601 1810 2746 1881 quod
2773 1811 3112 1864 bonorentur
3140 1807 3321 1872 alteri,
3344 1807 3554 1863 sancti-

265 1876 396 1977 ’ξοὺξ
438 1879 772 1977 σξγήσαγῖςις
816 1887 880 1938 ἐκ
927 1886 1030 1977 τῆς
1072 1890 1154 1953 εἰς
1192 1890 1417 1958 ἑτέρους
1447 1895 1637 1966 τιμῆς»
1671 1893 1711 1967 ἢ
1750 1896 1842 1967 τὴν

1957 1909 2154 1965 tatisve
2174 1906 2433 1977 opinione
2456 1876 2701 1974 privatos
2724 1909 2936 1970 putare,
2955 1897 3000 1953 si
3023 1898 3153 1968 quid
3173 1912 3272 1952 nos
3299 1911 3399 1968 pro
3420 1912 3562 1953 vero

266 1967 328 2019 ἐν
364 1968 615 2042 ἁγιότητι
639 1972 798 2042 δόξαν
825 1975 1008 2032 αὐτῶν
1048 1984 1467 2052 παραιρεῖσθαι,
1489 1985 1557 2040 ἂν
1596 1987 1690 2041 καὶ
1721 1988 1852 2042 ἄλλο

265 2076 320 2113 τι
354 2063 668 2135 νομίζωμεν
694 2068 916 2138 ἀληθὲς,
949 2065 1026 2126 ὧν
1055 2073 1216 2129 αὐτοὶ
1243 2069 1541 2148 θαρροῦσιν
1565 2080 1845 2137 ἐπέκεινα.

268 2152 332 2208 El
363 2155 475 2227 γὰρ
523 2157 662 2229 μηδὲ
695 2162 796 2231 τῆς
844 2161 904 2216 ὲν
955 2163 1206 2236 ἁγιότητι
1265 2161 1428 2239 δόξης
1476 2173 1574 2224 καὶ
1627 2172 1735 2224 τῶν
1778 2172 1846 2226 δι’

263 2246 482 2320 ἐκείνην
529 2253 818 2321 στεφάνων
866 2256 1068 2327 ἐπίσης
1108 2260 1314 2324 πάντες
1353 2261 1638 2332 μετέσχον,
1670 2264 1848 2317 καίτοι

263 2341 464 2404 πάντες
495 2342 838 2414 ᾠκειωμένοι
889 2347 968 2416 τῷ
997 2347 1140 2418 Θεῷ,
1177 2353 1271 2403 καὶ
1326 2353 1544 2423 γνήσιοι
1581 2355 1845 2422 φανέντες

259 2437 472 2492 ἐκείνου
503 2439 871 2510 θεραπευταὶ,
898 2441 1025 2495 οὔτε
1062 2442 1297 2514 βαθμοῖς
1326 2461 1438 2498 τισι
1486 2446 1844 2516 διαφέροντες

259 2531 563 2586 ἀδικεῖσθαι
587 2533 927 2604 νομίζουσιν,
966 2536 998 2604 ἢ
1031 2536 1293 2604 φθονοῦσι
1341 2540 1451 2601 τοῖς
1485 2539 1844 2611 ὑψηλοτέροις

257 2625 306 2678 σί
335 2626 733 2696 ταπεινότεροι,
760 2627 923 2697 σχολῇ
956 2644 1020 2695 γε
1052 2630 1150 2700 τῆς
1186 2629 1476 2702 ἁγιότητος
1525 2633 1715 2687 εἵνεκα
1749 2637 1843 2689 καὶ

256 2719 354 2788 τὴν
383 2719 484 2786 τῆς
515 2717 777 2788 ἀληθείας
814 2719 1018 2788 γνῶσιν
1072 2722 1272 2790 ἐπίσης
1320 2725 1839 2800 συμμεριοῦνται,ἢ

257 2809 511 2880 χαλεπῶς
563 2811 810 2864 οἴσουσιν
862 2815 928 2867 ἄν
986 2829 1072 2874 τις
1127 2815 1220 2868 καὶ
1283 2818 1348 2886 τῇ
1410 2816 1511 2881 τῆς
1581 2819 1882 2885 ἀληθείας

256 2906 456 2972 γνώσει
501 2907 599 2976 τὴν
631 2906 898 2976 διαφοράν
950 2908 1136 2973 αὐτοῖς
1179 2909 1524 2980 ἀφορίζοιτο.
1562 2912 1623 2965 Ei
1655 2913 1710 2967 δὲ
1743 2915 1838 2967 καὶ

255 2998 352 3070 τὴν
394 3000 697 3070 μέλλουσαν
744 3001 1094 3071 εὐδαιμονῗαν
1150 3002 1252 3074 τὴν
1301 3005 1398 3058 τοῦ
1450 3004 1587 3058 Θεοῦ
1632 3006 1839 3074 γνῶσιν

253 3090 650 3160 ἀποφαίνονται
695 3093 920 3154 πάντες,
951 3093 978 3146 ὃ
1011 3094 1164 3146 ἐστιν
1212 3095 1245 3162 ἡ
1296 3093 1489 3163 πρώτη
1538 3095 1632 3149 καί
1666 3097 1838 3151 καθα-ι

256 3187 470 3258 ρωτάτη
521 3188 740 3251 πάντως
787 3187 1034 3257 ἀλήθεια.
1083 3187 1184 3258 τῆς
1232 3187 1291 3242 δὲ
1338 3189 1600 3260 διαφοραὶ
1647 3190 1840 3245 πολλαὶ

1955 1997 2256 2055 habeamus
2271 1996 2416 2052 ultra
2436 2010 2601 2067 quam
2622 1994 2727 2064 ipsi
2751 1989 2996 2062 proferre
3009 1998 3139 2047 sunt
3153 1989 3295 2044 ausi.
3324 1987 3383 2043 Si
3400 1989 3546 2044 enim

1953 2090 2264 2167 sanctitatis
2295 2088 2504 2158 opinio,
2528 2094 2583 2142 et
2612 2099 2816 2142 corona
2855 2098 3021 2154 quam
3041 2082 3226 2153 adepti
3258 2092 3545 2152 propterea

1950 2192 2101 2248 sunt,
2140 2179 2369 2236 nonfuit
2401 2178 2659 2236 omnibus
2711 2175 2959 2248 aequalis:
3001 2184 3334 2231 cumtamen
3357 2187 3550 2228 omnes

1950 2273 2062 2332 Deo
2078 2274 2231 2331 chari
2249 2273 2470 2336 fuerint.
2488 2282 2542 2328 et
2554 2272 2792 2342 germani
2813 2268 2985 2339 ipsius
3000 2268 3262 2333 cultores,
3274 2273 3329 2320 et
3344 2264 3548 2320 nullam

1949 2368 2053 2424 sibi
2075 2376 2267 2438 putant
2294 2366 2409 2421 ﬁeri
2431 2363 2714 2434 iniuriam,
2743 2361 2890 2434 quod
2911 2359 3170 2432 gradibus
3219 2357 3546 2430 quibusdam

1949 2458 2226 2525 diii‘erant,
2258 2453 2754 2528 nequeindivident
2783 2452 3072 2509 inferiores
3091 2450 3546 2510 sublimioribus;

1948 2555 2132 2609 minus
2154 2561 2306 2606 certe
2323 2555 2545 2619 prepter
2566 2544 2913 2602 sanctitatem
2951 2558 3048 2612 pro
3070 2556 3225 2611 atque
3252 2541 3546 2596 certabunt

1947 2643 2192 2698 veritatis
2214 2638 2544 2711 cognitione,
2567 2645 2661 2690 aut
2681 2635 2904 2690 umleste
2930 2633 3125 2699 l‘ercnt,
3151 2634 3197 2708 si
3220 2633 3344 2701 quis
3363 2633 3548 2703 cogni-

1946 2743 2013 2792 ta:
2026 2731 2267 2790 veritatis
2283 2729 2640 2788 dili'erentiam
2655 2731 2792 2785 inter
2809 2727 2930 2784 illos
2946 2725 3263 2782 constituat.
3282 2724 3399 2780 Jam
3420 2741 3548 2780 vero

1944 2825 1992 2882 si
2017 2823 2278 2879 visionem
2304 2821 2396 2876 Dei
2418 2836 2541 2875 esse
2580 2818 2969 2874 beatitudinem
2992 2814 3230 2870 futuram
3253 2830 3442 2871 omnes
3469 2815 3550 2870 af-

1945 2917 2186 2983 ﬁrmant,
2207 2911 2296 2986 qui
2317 2915 2487 2985 prima
2509 2921 2562 2969 et
2581 2912 2872 2982 purissima
2891 2913 3011 2966 siue
3029 2908 3402 2965 dubioveritas
3422 2919 3508 2964 est
3533 2906 3546 2951 ε

1944 3010 2109 3081 hujus
2136 3018 2317 3064 autem
2364 3007 2594 3062 visionis
2646 3005 2830 3060 multa:
2876 3003 3194 3062 dimrrentiae
3239 3003 3550 3074 graduSquu

1941 3117 2064 3158 esse
2084 3100 2402 3166 creduntur,
2439 3095 2900 3168 quemadmodum
2945 3105 2998 3151 et
3029 3095 3548 3164 beatitudinis:qua

1941 3192 2151 3246 ratione
2176 3190 2288 3258 liat,
2315 3200 2374 3245 ut
2403 3190 2509 3269 illis
2531 3189 2621 3244 hic
2642 3188 2804 3244 etiam
2832 3187 3077 3244 veritatis
3111 3188 3292 3243 lumen
3317 3185 3551 3242 diversis

253 3281 349 3333 καὶ
403 3279 626 3349 βαθμοὶ,
655 3281 815 3351 εἴπερ
862 3282 955 3332 καὶ
1008 3281 1109 3349 τῆς
1149 3280 1503 3351 εὐδαιμονίας
1550 3277 1693 3336 εἶναι
1749 3301 1840 3338 πι-

1950 3287 2118 3341 modis
2147 3301 2255 3340 non
2305 3283 2576 3346 illuxerit,
2625 3283 2773 3354 quod
2802 3281 3026 3337 luminis
3064 3281 3433 3352 praeuuntium
3485 3295 3551 3333 ac

254 3372 556 3436 στεύονται,
591 3372 714 3436 πῶς
765 3373 826 3426 οὐ
871 3373 1154 3426 κάνταῦθα
1198 3373 1299 3442 τῆς
1331 3373 1596 3444 ἀληθείας
1622 3375 1685 3430 τὸ
1721 3377 1838 3445 φῶς

252 3463 526 3531 διαφόρως
577 3464 765 3532 σφίσιν
812 3463 1156 3532 ἐπέλαμψεν,
1200 3463 1228 3516 ὃ
1258 3464 1355 3518 τοῦ
1415 3469 1591 3533 φωτὸς
1626 3467 1840 3521 ἐκείνου

253 3558 560 3628 πρόδρομον
592 3558 688 3612 καὶ
737 3556 1008 3626 σύμϐολον
1037 3551 1140 3628 ἦνς
1183 3551 1254 3610 Ἢ
1286 3559 1404 3621 πῶς
1453 3560 1554 3630 οὐχ
1583 3561 1738 3630 ἡμῖν,
1771 3559 1839 3613 ἂν

251 3653 381 3707 ἄλλο
431 3669 483 3706 τι
520 3651 793 3722 λέγωμεν,
837 3650 913 3717 ὼς
970 3653 1488 3722 καταψευδομένους
1539 3653 1719 3705 αὐτῶν
1747 3652 1838 3722 ἀρ-

252 3746 533 3816 γιοῦνται;
576 3745 850 3812 προφάσει
882 3745 979 3812 τῆς
1029 3747 1111 3808 εἰς
1141 3744 1320 3806 ἐνίους
1364 3742 1552 3806 αἰδοῦς
1585 3741 1840 3810 ὁριζομέ-

253 3859 363 3905 νοις
395 3841 496 3909 μέν
545 3847 648 3890 που
683 3835 783 3905 τὴν
818 3834 950 3905 περὶ
995 3836 1106 3888 τῶν
1134 3833 1298 3888 θείων
1324 3833 1604 3903 ἀλήθειαν,
1635 3835 1703 3906 ἢν
1728 3822 1845 3887 οὐδ’

249 3937 307 3988 ὲν
334 3933 410 4002 τῷ
439 3931 686 4003 μέλλοντι
719 3928 819 3999 βίῳ
847 3927 1173 4000 περιλαϐεῖν
1208 3927 1438 3982 δυνατὸν
1471 3929 1596 3991 τοὺς
1623 3930 1832 3998 ταύτης

251 4025 535 4086 ἑπῦπταςο
578 4019 912 4090 ἀτιμάζουσι
985 4020 1044 4072 δὲ
1103 4019 1204 4090 τὴν
1259 4018 1370 4072 τῶν
1421 4019 1598 4074 ἄλλων
1659 4017 1833 4089 ἁγίων

250 4115 617 4182 σπουδὴνακαὶ⁴
663 4113 763 4182 τὴν
795 4112 983 4184 χάριν,
1022 4111 1117 4165 καὶ
1154 4113 1219 4183 ἣν
1270 4111 1524 4167 ἐντεῦθεν
1568 4113 1832 4185 ἀλήθειαν

249 4208 615 4279 ὲπορίσαντο;
663 4204 876 4268 ’Δλλως
926 4203 974 4256 τ’
1047 4204 1099 4256 εί
1161 4205 1262 4272 μὲν
1319 4203 1500 4258 πάντα
1559 4207 1832 4277 μέλλομεν

248 4299 598 4363 ὑποπτεύειν,
621 4297 657 4352 ἃ
693 4298 768 4368 μὴ
799 4300 954 4368 κοινῇ
990 4297 1086 4351 καὶ
1119 4296 1379 4370 καθάπερ
1411 4297 1505 4368 ἀφ’
1535 4299 1652 4364 ἐνὸς
1701 4301 1824 4353 στό·

250 4407 416 4466 ματος
466 4395 669 4456 πάντες
710 4391 921 4464 ἠξίουν,
947 4391 1107 4455 ἄλλος
1151 4392 1219 4446 ἂν
1269 4394 1356 4463 εἴη
1411 4393 1567 4462 λόγος
1595 4408 1609 4424 '
1649 4395 1832 4450 καίτοι

246 4490 315 4545 τά
352 4491 452 4559 μὲν
503 4489 749 4557 παρόντα
796 4484 1037 4558 λύσομεν
1082 4487 1210 4550 ἴσως
1257 4486 1465 4552 καλῶς,
1501 4488 1596 4540 καὶ
1649 4489 1830 4541 πόνων

247 4583 396 4654 ἡμᾶς
445 4580 646 4644 αὐτοὺς
677 4577 1088 4649 ἀπαλλάξομεν,
1122 4579 1627 4649 καταψηφιούμεθα
1660 4580 1717 4634 δέ
1749 4600 1832 4635 τι-

248 4690 354 4728 νων
387 4671 692 4737 παντελῶς,
725 4674 818 4725 καὶ
867 4670 963 4724 τοῦ
1012 4669 1180 4741 χοροῦ
1207 4670 1316 4724 τῶν
1361 4671 1703 4726 διδασκάλων
1733 4675 1834 4728 αὐ-

247 4766 372 4828 τοὺς
427 4764 850 4836 ἀποκλείσομεν,
899 4757 982 4827 οἷς
1035 4764 1093 4818 αί
1141 4763 1251 4817 τῶν
1302 4764 1568 4833 Πατέρων
1622 4765 1833 4820 σύνοδοι

253 4859 422 4912 πᾶσαι
467 4857 565 4912 καὶ
609 4857 711 4928 τὴν
743 4857 852 4910 τῶν
880 4857 1202 4930 κορυφαίων
1237 4858 1394 4925 τάξιν
1427 4858 1734 4930 ἀπένειμαν
1755 4876 1766 4890 ·
1799 4859 1836 4914 δι

248 4952 354 5021 γάρ
402 4951 572 5005 πλείω
617 4950 728 5003 τῶν
758 4951 936 5009 ἄλλων
979 4949 1135 5006 εἷπον
1182 4953 1404 5018 ἐκεῖνοι,
1434 4951 1606 5005 ταῦτα
1648 4952 1836 5022 σχεδόν

247 5049 393 5101 ἐστιν
425 5047 574 5120 ἅπερ
621 5047 779 5102 εἷπον
804 5063 818 5079 ·
858 5047 1029 5110 οὕτως
1078 5044 1300 5114 ὀξύτητι
1338 5043 1577 5106 διανοίας
1605 5046 1699 5094 καὶ
1735 5043 1834 5112 χά-

250 5157 354 5210 ριτι
397 5139 720 5210 Πνεύματος
762 5139 856 5192 ἐπὶ
906 5138 1162 5192 πλεῖστον
1214 5134 1510 5207 πρκῆλοον,
1547 5134 1712 5188 Πάντ⁹
1742 5129 1837 5188 οὖν

245 5231 424 5285 ἐκεῖνα
457 5231 624 5302 λῆρος
651 5230 902 5298 δόξουσιν
954 5224 1096 5282 εἶναι
1124 5244 1138 5260 ’
1184 5227 1281 5281 καὶ
1310 5227 1529 5295 ἀληθῶς
1561 5226 1836 5295 ληρήσου-

249 5339 332 5377 τιν
361 5326 409 5378 οἱ
452 5323 630 5379 ταῦτα
672 5325 854 5391 λέγειν
887 5322 1219 5393 τολμῶντες.
1249 5321 1310 5372 Ei
1342 5319 1386 5373 δ’
1423 5321 1609 5372 ἐκεῖνα
1655 5321 1835 5374 πάντα

247 5416 622 5488 θαυμάζομεν,
643 5415 744 5470 ποῦ
770 5417 981 5472 δίκαιον
1009 5416 1148 5484 μόνα
1173 5417 1336 5469 ταυτὶ
1363 5415 1438 5484 μὴ
1466 5412 1793 5484 προσίεσθαι
1816 5431 1830 5479 ;

248 5507 279 5578 ἧ
310 5507 417 5578 γάρ
446 5509 538 5561 ἐπὶ
571 5509 792 5562 πάντων
819 5508 929 5561 τῶν
953 5507 1156 5576 ὁμοίων
1186 5507 1268 5558 δεῖ
1296 5506 1392 5575 τὴν
1435 5503 1664 5574 γνώμην
1697 5507 1829 5557 tati-

247 5613 344 5663 την
405 5599 656 5672 νικᾷν,ἢ
723 5599 846 5670 μηδ’
909 5599 995 5668 ἐφ’
1054 5599 1172 5661 ἑνός
1219 5615 1364 5661 τινος
1417 5593 1558 5649 εἶναι
1597 5598 1817 5664 κυρίαν.

1951 3379 2258 3451 symbolum
2294 3377 2447 3432 erat?
2478 3375 2649 3432 Nobis
2684 3390 2840 3440 vero,
2868 3376 2911 3430 si
2940 3375 3096 3429 aliter
3122 3374 3392 3438 dicamus,
3417 3389 3553 3442 quo.
3602 3443 3610 3449 ι

1954 3470 2117 3526 modo
2134 3469 2210 3526 illi
2231 3486 2338 3525 non
2357 3478 2740 3532 succenseant,
2758 3475 3019 3538 tanquam
3038 3465 3104 3520 de
3125 3465 3232 3520 illis
3257 3464 3388 3518 l‘alsa
3407 3463 3550 3518 aliir-

1952 3562 2257 3630 mautibus;
2277 3561 2367 3631 qui
2389 3561 2518 3615 dum
2544 3569 2854 3615 reverentes
2873 3558 3183 3628 aliquorum
3203 3556 3374 3611 videri
3399 3557 3543 3610 volu-

1952 3669 2097 3717 mus,
2123 3668 2305 3708 rerum
2326 3652 2633 3708 divinarum
2654 3650 2868 3705 veritati
2889 3647 3183 3702 terminum
3216 3647 3546 3702 statuimus:

1948 3761 2113 3816 quam
2133 3759 2201 3800 ne
2217 3745 2271 3800 in
2292 3743 2477 3799 futuro
2494 3743 2714 3814 quidem
2732 3741 2934 3798 saeculo
2947 3754 3139 3811 capere
3158 3751 3411 3809 poterunt
3425 3743 3548 3808 ejus

1945 3845 2320 3905 spectatores:
2341 3850 2443 3892 nec
2471 3850 2579 3890 non
2599 3835 2832 3912 aliorum
2855 3844 3170 3889 sanetorum
3202 3832 3409 3897 studia,
3436 3833 3548 3886 col-

1942 3930 2223 4001 latamque
2243 3930 2296 3985 in
2317 3944 2411 3984 eos
2429 3929 2684 4000 gratiam,
2700 3933 2755 3982 et
2771 3941 2936 3996 quam
2961 3925 3040 3981 illi
3061 3941 3158 3996 per
3176 3925 3293 3981 ba'c
3309 3932 3548 3990 assecuti

1936 4034 2067 4078 aunt
2083 4020 2364 4079 veritatem
2383 4019 2800 4076 inbonoramus?
2812 4017 2949 4074 Nam
2963 4018 3009 4075 si
3031 4027 3284 4088 suspecta
3295 4017 3550 4075 volumus

1941 4121 2145 4175 habere
2172 4115 2356 4173 omnia
2390 4130 2514 4184 quae
2541 4128 2652 4168 non
2689 4111 2894 4168 fuerint
2915 4110 3283 4166 communiter
3311 4119 3366 4165 et
3385 4111 3544 4180 quasi

1940 4225 2051 4266 uno
2066 4225 2161 4265 ore
2179 4207 2529 4278 pronuntiata
2543 4205 2610 4260 ab
2628 4202 2909 4268 omnibus,
2925 4200 3032 4256 alia
3052 4201 3100 4255 id
3115 4199 3220 4256 erit
3242 4215 3350 4255 res:
3374 4216 3550 4270 quan-

1938 4318 2104 4374 quam
2135 4301 2300 4358 basce
2322 4291 2923 4373 quidem’diﬂieultates
2953 4291 3189 4348 fortasse
3212 4291 3350 4347 bene
3367 4291 3546 4348 dilue-

1944 4413 2089 4463 mus,
2103 4403 2156 4451 et
2171 4392 2433 4450 molestiis
2451 4390 2606 4448 liberi
2628 4389 2858 4454 erimus,
2871 4386 2966 4443 sed
2989 4386 3205 4457 aliquos
3221 4385 3382 4456 plane
3394 4385 3548 4440 dam-

1943 4489 2218 4550 nabimtts,
2233 4493 2288 4541 et
2306 4501 2332 4539 a
2349 4485 2637 4541 doctorum
2657 4490 2806 4539 cmtu
2827 4479 3201 4545 excludemus,
3233 4478 3435 4549 quibus
3453 4485 3540 4532 ta-

1939 4599 2060 4638 men
2085 4580 2268 4636 omnia
2297 4576 2517 4633 Patrum
2539 4574 2776 4653 concilia
2806 4573 2988 4630 locum
3015 4572 3097 4627 vel
3127 4571 3544 4644 corypbazorum

1940 4675 2316 4744 assignarunt.
2337 4671 2470 4739 Quae
2485 4671 2630 4727 enim
2658 4668 2736 4724 illi
2757 4669 3017 4724 addidere
3035 4666 3100 4722 ad
3123 4665 3358 4722 aliorum
3382 4666 3548 4728 dicta,

1942 4768 2059 4824 bzec
2083 4767 2194 4824 fere
2213 4774 2360 4833 sunt,
2381 4780 2500 4837 quae
2517 4763 2652 4821 dixi.
2679 4761 2829 4820 Adeo
2847 4760 3049 4832 ingenii
3073 4759 3327 4817 acumine
3349 4773 3412 4815 ac
3431 4757 3553 4830 Sp?-

1941 4862 2078 4917 ritus
2096 4860 2267 4933 gratia
2287 4845 2559 4932 progressi
2589 4864 2721 4913 sunt
2745 4857 2812 4912 ad
2833 4854 3280 4927 penitusintima.
3297 4851 3433 4909 Esse
3451 4852 3549 4922 igi—

1941 4961 2031 5007 tur
2054 4951 2385 5007 videbuntur
2407 4963 2562 5020 nugae
2584 4947 2676 5004 illa
2709 4948 2892 5004 omnia
2924 4965 2938 5003 :
2976 4955 3033 5001 at
3060 4962 3232 5019 nugas
3263 4960 3391 5000 vere
3413 4945 3540 5000 rll‘u

1945 5047 2107 5110 tient,
2135 5045 2226 5117 qui
2257 5045 2372 5100 haec
2394 5043 2579 5100 dicere
2608 5043 2834 5100 audent.
2864 5040 3022 5109 Quod
3051 5041 3100 5096 si
3127 5038 3286 5094 nobis
3311 5037 3552 5093 admira-

1947 5139 2082 5193 tioni
2117 5146 2245 5193 sunt
2264 5138 2356 5193 illa
2381 5139 2587 5201 omnia,
2608 5151 2706 5192 cur
2739 5136 2854 5190 haec
2867 5133 2981 5187 sola
2998 5129 3413 5200 improbemus?
3435 5129 3546 5182 Aut

1941 5226 2088 5280 enim
2152 5227 2424 5282 sententia
2455 5227 2572 5282 bare
2601 5225 2670 5280 de
2733 5223 3013 5279 similibus
3044 5219 3324 5284 omnibus,
3351 5227 3448 5272 aut
3479 5218 3549 5272 de

1943 5318 2094 5373 nullo
2124 5329 2242 5373 rata
2272 5334 2396 5375 esse
2433 5319 2612 5375 debet.
2652 5315 2806 5384 Quod
2851 5313 3017 5384 igitur
3046 5311 3321 5367 silentium
3355 5325 3454 5380 par
3477 5311 3548 5365 sit

1940 5409 2063 5468 esse
2083 5413 2366 5468 hominum
2396 5426 2738 5482 nequaquam
2763 5403 3310 5479 repugnantiutn,sed
3331 5403 3542 5460 cautela

1943 5507 2236 5573 utentium,
2300 5520 2402 5560 nec
2449 5503 2682 5559 multum
2736 5502 2840 5558 sibi
2908 5503 3009 5554 bac
3064 5499 3115 5554 in
3183 5503 3340 5568 parte
3369 5495 3540 5551 conli-

1935 5595 2205 5661 dentium,
2242 5603 2494 5651 constare
2547 5595 2787 5649 arbitror
2833 5607 2899 5646 ex
2947 5592 3014 5647 iis
3049 5605 3169 5660 qua:
3215 5588 3362 5643 dicta
3393 5594 3544 5643 sunt.

252 5691 369 5746 Ὅτι
402 5695 502 5760 μὲν
525 5693 708 5748 τοίνυν
739 5695 835 5762 τὴν
871 5693 1028 5764 σιγὴν
1071 5693 1171 5744 οὐκ
1222 5691 1679 5757 ἐναντιουμένων,
1712 5692 1827 5746 ἀλλ’
1871 5691 2292 5759 εὖλαϐουμένων
2326 5689 2595 5758 ὑπάρχειν
2627 5687 2798 5753 εἰκδς,
2837 5688 2927 5739 καὶ
2971 5686 3045 5756 μὴ
3116 5683 3325 5754 σφόδρα
3393 5684 3533 5756 ουρ.

255 5784 485 5853 ρεύντων
535 5784 620 5852 ἐφ’
668 5785 884 5846 ἑαυτοῖς
935 5786 994 5836 ἐν
1044 5781 1218 5845 τούτῳ
1271 5781 1349 5850 τῷ
1403 5783 1581 5849 μέρει,
1720 5782 1828 5835 τῶν
1866 5783 2176 5854 εἰρημένων
2209 5775 2364 5848 οἶμαι
2399 5777 2564 5847 δῆλον
2592 5779 2860 5848 ὑπάρχειν

313 5879 600 5948 Μαρτυρεῖ
649 5878 704 5932 δὲ
759 5876 835 5948 τῷ
887 5875 1030 5945 λόγῳ
1085 5879 1179 5930 καὶ
1231 5877 1297 5930 τὰ
1351 5876 1456 5931 τῶν
1495 5876 1664 5945 ἁγίων
1706 5893 1830 5946 συγ-

2018 5874 2072 5931 ld
2109 5876 2180 5933 ita
2223 5890 2344 5932 esse
2381 5883 2654 5929 testantur
2686 5874 2849 5930 θυμω
2911 5873 3114 5944 εςιίμιςι
3170 5882 3534 5939 senuerunt;
