4038 6450
476 392 619 467 ΜΓ

1548 392 1927 455 ΟΕΝΝᾺΙΜΙ
1965 390 2074 453 CP.
2104 390 2631 452 PATRIARCHE

2276 255 2322 265 ,ιο-

3628 397 3725 463 ειν

477 511 531 565 in
564 507 765 578 quibus
804 504 895 560 alii
937 504 1059 560 aliis
1098 504 1463 560 conﬁdentius
1508 504 1654 573 loqui
1687 505 1961 569 videntur,
1992 508 2053 557 ut

2171 502 2488 573 γράμματα,
2525 506 2585 558 ὲν
2632 498 2713 567 οἷς
2772 503 2924 557 ἄλλοι
2981 505 3183 575 μᾶλλον
3216 506 3724 592 ἀλλων-τεθαρρη-

477 604 717 674 quisque
741 602 987 658 scient-ia
1024 609 1131 654 aut'
1169 600 1371 655 collata
1402 601 1575 668 gratia
1607 600 1848 670 pollebat
1879 617 1894 654 :
1959 613 2060 653 nec

478 697 655 765 magis
684 693 864 747 Eatini
895 709 925 747 a
953 692 1182 757 Graecis,
1235 707 1401 762 quant
1458 691 1634 747 Grani
1689 693 1833 747 inter
1864 708 1925 748 se
1957 693 2062 746 hac

483 786 697 840 ratione
723 783 1004 839 tlitfcrunt.
1040 782 1146 838 Sed
1181 797 1360 853 neque
1383 782 1741 852 impossibile,
1765 793 1861 837 aut
1887 783 2061 838 statui

478 892 672 933 eorum
731 876 953 933 videtur
982 877 1167 932 minus
1199 884 1530 946 congruens,
1561 876 1607 932 si
1666 877 2060 947 qnis'asserat,

478 969 608 1024 illus
635 967 857 1040 quidem
901 969 1115 1039 absque
1148 966 1259 1022 ulla
1304 965 1651 1025 haesitatione
1682 968 1875 1024 eadem
1933 982 2062 1022 sm-

479 1062 621 1117 sisse
646 1063 771 1130 qua:
804 1061 937 1115 alii:
974 1060 1177 1116 veritos
1220 1067 1402 1115 autem
1434 1074 1579 1121 esse,
1613 1075 1683 1116 ne
1735 1071 1925 1131 aperta
1983 1062 2067 1115 rei

480 1150 758 1207 confessio
830 1151 1138 1221 periculosa
1206 1151 1353 1207 foret
1428 1151 1887 1221 simplicioribus.
1957 1152 2062 1218 Qui

482 1242 654 1307 enim,
711 1258 778 1299 ne
808 1244 1097 1313 quisquam
1129 1257 1231 1313 per
1253 1256 1316 1298 ea
1360 1257 1483 1313 quae
1508 1243 1857 1310 dicebantur,
1893 1244 2062 1299 ullum

484 1333 836 1389 contraheret
864 1334 1150 1401 damnum,
1185 1337 1365 1403 palam
1397 1335 1843 1392 contradicentes
1887 1351 1951 1391 ea
1977 1336 2067 1391 di-
2094 1360 2103 1371 -

486 1427 742 1483 centilms
808 1427 1109 1484 restitere:
1143 1442 1358 1483 necnon
1415 1430 1485 1482 ea
1533 1427 1682 1482 credi
1720 1425 2078 1498 profer-rique

486 1518 841 1586 prohibuere,
874 1534 995 1588 qua:
1017 1518 1138 1575 aliis
1166 1525 1326 1575 crant
1350 1519 1436 1575 vel
1470 1519 1590 1589 ipso
1617 1519 1928 1590 respirandi
1964 1535 2064 1593 usu

487 1608 663 1677 magis
725 1607 1053 1664 familiaria:
1103 1625 1228 1665 cum
1281 1618 1461 1666 tamen
1524 1609 1662 1681 ipsis
1721 1611 2070 1681 potissimum

487 1706 769 1755 constaret
806 1715 930 1755 vera
985 1701 1075 1756 illa
1122 1715 1275 1766 esse;
1340 1716 1439 1757 cur
1499 1701 1761 1758 censendi
1796 1716 1903 1757 non
1957 1702 2071 1757 sint-

2164 594 2322 657 κότες
2363 594 2623 662 ὁρῶνται,
2660 595 2736 657 ὡς
2780 595 3012 658 ἕκαστος
3065 596 3379 667 ἐπιστήμης
3432 598 3466 667 ἢ
3516 599 3725 666 χάριτος

2164 682 2277 752 εἶχε
2304 701 2319 716 ο
2352 689 2448 742 καὶ
2498 687 2656 740 οὐδὲν
2707 688 2911 757 μᾶλλον
2950 688 3171 742 Λατῖνοι
3206 689 3482 761 Γραικῶν,
3511 690 3553 762 η’
3577 693 3728 760 Γραι-

2163 775 2253 829 κοὶ
2300 777 2441 847 πρὸς
2486 778 2715 844 ἑαυτοὺς
2762 780 2940 853 ταύτῃ
3002 782 3291 851 φαίνονται
3351 782 3728 853 διενηνοχότες.

2191 868 2339 923 Αλλά
2376 871 2485 940 μὴν
2536 871 2632 943 καὶ
2666 872 2743 934 ‘sb
2787 876 2965 928 ταυτά
3005 877 3120 939 τοῖς
3177 876 3361 940 ἀλλοις
3408 876 3729 944 φρονοῦντας

2164 960 2575 1030 ἀναμφιϐόλως,
2609 964 2709 1035 τὴν
2740 964 3038 1034 ὁμολογίαν
3091 966 3169 1030 ὡς
3221 969 3321 1021 ούκ
3372 968 3588 1038 ἀσφαλῆ
3627 970 3732 1034 τοῖς

2167 1052 2564 1121 ἁπλουστέροις
2608 1056 2973 1123 φυλάξασθαι,
3004 1057 3119 1113 οὔτ’
3169 1058 3457 1125 ἀδύνατον,
3490 1058 3610 1112 οὔτε
3642 1060 3732 1131 τῆς

2165 1144 2392 1199 ἐκείνων
2433 1146 2643 1212 τάξεως
2701 1149 2908 1221 ἀπᾷδον
2959 1145 3102 1206 εἶναι
3134 1155 3306 1208 δοκεῖ.
3342 1154 3408 1207 Ol
3442 1153 3549 1224 γάρ
3581 1153 3734 1207 ἕνεκα

2163 1232 2265 1288 τοῦ
2331 1236 2540 1305 μηδένα
2588 1236 2657 1291 ἀν
2713 1239 2780 1293 ἐκ
2823 1240 2936 1294 τῶν
2993 1242 3168 1309 λόγων
3213 1241 3413 1312 βλάϐος
3455 1260 3507 1296 τι
3534 1243 3734 1305 παθεῖν,

2167 1326 2420 1396 φανερῶς
2470 1330 2585 1391 τοῖς
2647 1329 2901 1399 λέγουσιν
2949 1333 3329 1398 ἀντειπόντες,
3384 1334 3479 1388 καὶ
3529 1326 3766 1404 φρονεῖν’

2168 1415 2267 1468 καὶ
2294 1415 2481 1484 λέγειν
2507 1419 2995 1490 ἀπαγορεύσαντες
3035 1423 3072 1478 ἀ
3116 1427 3231 1487 τοῖς
3279 1425 3464 1490 ἀλλοις
3498 1426 3590 1480 καὶ
3625 1427 3731 1488 τοῖς

2167 1508 2443 1581 ἀναπνοῆς
2474 1513 2649 1583 αὐτῆς
2681 1515 3074 1588 συνηθιστερα,
3102 1519 3285 1573 καίτοι
3319 1521 3518 1583 παντὸς
3546 1519 3735 1586 μᾶλλον

2168 1598 2329 1656 αύτοὶ
2354 1601 2513 1657 ταῦτ’
2541 1604 2742 1676 ᾔδεσαν
2780 1607 2982 1679 ἀληθῆ,
3013 1610 3132 1674 πῶς
3164 1610 3266 1663 οὐκ
3311 1611 3479 1665 αὐτοῦ
3519 1611 3582 1683 δὴ
3622 1610 3737 1665 τού-

2168 1711 2262 1747 του
2291 1693 2453 1765 χάριν
2483 1697 2901 1769 προθυμότερον
2926 1701 3193 1769 ἐσίγησαν
3221 1703 3320 1764 ἀνς
3359 1702 3422 1756 τὸ
3450 1704 3558 1773 γὰρ
3593 1703 3737 1772 σιγῆ-

490 1793 633 1848 hanc
658 1793 828 1863 ipsam
865 1794 936 1848 ob
966 1807 1191 1849 causam
1253 1794 1514 1850 libentius
1549 1795 1827 1851 tacuisse?
1884 1794 2068 1850 Itilius

2173 1802 2265 1841 σαι
2299 1784 2397 1891 τεῦ
2427 1787 2608 1841 δοκεῖν
2651 1790 2966 1859 ἀντιλέγειν
3000 1791 3176 1857 δήπου
3228 1795 3558 1864 πραότερον.
3592 1794 3738 1853 Εἰκὸς

485 1885 633 1938 cnim
658 1884 816 1954 plane
834 1895 953 1941 erat
981 1886 1239 1952 tacuisse,
1260 1901 1429 1956 quam
1448 1886 1614 1942 rideri
1645 1887 2063 1943 contradisisse.

483 1973 745 2032 Fortasse
777 1991 904 2033 vero
936 1977 1003 2033 iis
1034 1978 1127 2048 qui
1157 1978 1419 2048 Spiritum
1479 1994 1543 2034 ex
1600 1978 1738 2034 Filio
1773 1979 2070 2047 procedere

484 2066 799 2133 audiebant,
847 2082 949 2124 nec
1000 2068 1206 2124 dictum
1277 2071 1434 2126 valde
1502 2069 1817 2139 capiebant,
1894 2070 2071 2125 multa

485 2159 649 2215 etiam
689 2159 794 2216 alia
827 2160 881 2215 in
926 2170 1163 2216 mentem
1195 2160 1431 2217 absurda
1470 2163 1788 2229 veniebant,
1842 2171 1898 2220 et
1953 2164 2069 2221 hac

488 2252 632 2322 ipsa,
667 2254 721 2308 in
754 2270 878 2325 quae
924 2253 1149 2311 Latinos
1203 2255 1505 2322 deducunt,
1554 2258 1646 2327 qui
1700 2267 1896 2314 contra
1946 2258 2069 2314 illus

484 2345 706 2401 edidere
738 2347 893 2418 longa
926 2346 1237 2409 volumina;
1266 2357 1323 2404 et
1353 2363 1476 2419 qua:
1511 2351 1824 2405 necessario
1878 2351 2071 2407 dicunt

488 2452 554 2491 es
581 2438 835 2507 dogmate
866 2439 1021 2509 sequi
1064 2455 1078 2493 :
1113 2449 1172 2495 ut
1203 2450 1354 2509 puta,
1387 2442 1598 2509 opinari
1635 2442 1744 2497 duo
1770 2442 2066 2513 principia,

488 2538 551 2584 et
587 2528 904 2587 inferiorem
942 2545 1065 2587 esse
1090 2531 1353 2602 Spiritum
1383 2531 1508 2587 aliis
1533 2531 1736 2588 divinis
1793 2533 2067 2602 personis,

489 2631 546 2677 et
586 2623 792 2694 reliqua
841 2622 1184 2693 hujusmodi.
1228 2622 1364 2678 Nam
1419 2624 1465 2680 si
1497 2622 1676 2678 Latini
1721 2624 1788 2679 ad
1823 2625 1938 2680 hac
1983 2640 2069 2679 re-

492 2714 850 2782 spondentes,
878 2723 932 2772 et
967 2730 1144 2787 neque
1176 2730 1235 2772 se
1264 2716 1334 2779 ita
1371 2717 1594 2782 sentire,
1628 2730 1809 2786 neque
1833 2715 2071 2771 absurda

489 2805 579 2861 illa
614 2806 926 2862 necessario
953 2808 1117 2877 sequi
1139 2806 1518 2874 ostendentes,
1554 2805 1793 2862 nondUm
1820 2808 1923 2862 hoc
1951 2822 2071 2875 per-

491 2897 958 2954 snadcre'Grtecis
1001 2911 1275 2968 pomere:
1328 2899 1424 2955 sed
1480 2908 1672 2969 putant
1721 2899 1798 2954 iiii
1852 2899 2074 2969 quidvis

497 2991 703 3065 potius,
732 3004 899 3059 quam
940 2987 1259 3044 Latinorum
1290 2990 1620 3044 sententiam
1653 2989 1738 3044 his
1771 2989 2073 3044 incommo-

489 3079 577 3153 dis
603 3093 815 3134 carere.
861 3078 1013 3132 Adeo
1047 3078 1207 3148 longe
1237 3078 1397 3133 aliter
1427 3078 1495 3132 d'e
1526 3077 1900 3135 additameuto
1946 3094 2070 3135 sen-

2173 1876 2282 1949 γὰρ
2321 1872 2392 1949 ἦν
2444 1879 2571 1942 τοὺς
2624 1878 2927 1946 ἀκούοντας
2955 1883 3019 1937 ὲκ
3045 1883 3140 1937 τοῦ
3195 1884 3332 1938 Υίοῦ
3392 1885 3638 1955 προϊέναι
3682 1885 3738 1937 sb

2172 1966 2419 2036 Πνεῦμα,
2455 1969 2551 2023 καὶ
2600 1971 2676 2039 μὴ
2713 1971 3030 2042 χωροῦντας
3085 1975 3233 2028 πάνυ
3272 1974 3368 2029 τὸν
3410 1976 3586 2045 λόγον,
3613 1976 3737 2031 ἀλλα

2171 2075 2237 2129 γε
2266 2058 2435 2114 πο).λά
2467 2060 2579 2116 τῶν
2619 2063 2840 2117 ἀτόπων
2889 2065 3295 2135 ἐνθυμηθῆναι,
3348 2068 3444 2122 καὶ
3486 2069 3654 2122 ταῦτα
3678 2066 3736 2136 δὴ

2173 2151 2310 2221 πρὸς
2355 2151 2392 2206 ἀ
2425 2153 2692 2217 Λατίνους
2721 2155 3033 2226 ἀπάγουσιν
3069 2159 3120 2212 οἱ
3156 2159 3224 2213 τὰ
3280 2161 3475 2231 μακρὰ
3515 2159 3629 2213 κατ’
3654 2160 3738 2214 αύ-

2170 2242 2280 2298 τῶν
2311 2245 2671 2310 ὲκδεδωκότες
2723 2250 3161 2319 συγγράμματα,
3195 2252 3293 2305 καὶ
3347 2253 3382 2308 ἃ
3435 2270 3596 2323 φασιν
3624 2240 3738 2306 ἀκο-

2172 2336 2390 2391 λουθεῖν
2415 2338 2472 2405 ἐξ
2520 2340 2766 2410 ἀνάγκης
2794 2341 2874 2410 τῷ
2915 2343 3153 2413 δόγματι
3179 2359 3196 2377 ο
3237 2338 3358 2399 οἷόν
3406 2349 3521 2399 ἐστι
3569 2347 3656 2399 καὶ
3686 2345 3739 2398 sb

2172 2430 2354 2492 bist-5t;
2407 2432 2652 2501 νομίζειν
2705 2434 2902 2504 ἀρχάς,
2934 2434 3032 2489 καὶ
3079 2435 3142 2490 sb
3191 2437 3306 2491 τῶν
3364 2437 3542 2493 ἀλλων
3594 2437 3739 2491 θείων

2176 2520 2488 2590 προσώπων
2533 2518 2676 2577 εἷναι
2746 2525 2809 2579 sb
2868 2526 3097 2598 Πνεῦμα
3151 2531 3611 2600 καταδεέστερον,
3656 2530 3738 2582 καὶ

2172 2613 2340 2667 τᾶλλα
2372 2614 2438 2684 δὴ
2487 2614 2555 2668 τά
2602 2614 2852 2673 τοιαῦτα.
2880 2617 2941 2672 Et
2971 2617 3083 2687 γάρ
3128 2620 3357 2676 Λατῖνοι
3387 2622 3515 2693 περὶ
3552 2622 3737 2676 τούτων

2174 2694 2625 2777 ἀπολογούμενοι,
2677 2711 2772 2764 καὶ
2822 2712 2963 2780 μήτε
3018 2714 3241 2782 φρονείν
3291 2716 3461 2781 αὐτὰ,
3516 2713 3637 2784 μήτ’
3686 2711 3738 2777 ἐξ

2175 2800 2420 2870 ἀνάγκης
2472 2801 2705 2856 ἕπεσθαι
2762 2806 2830 2874 τῇ
2885 2805 3012 2875 δόξῃ
3075 2806 3414 2873 δεικνύντες,
3460 2800 3608 2864 οῦπω
3653 2810 3737 2862 καὶ

2173 2894 2415 2964 τήμερον
2449 2896 2631 2947 πεῖσαι
2669 2895 2940 2965 Γραικοὺς
2972 2898 3354 2969 ἠδυνήθησαν,
3396 2900 3514 2954 ἀλλ’
3552 2901 3737 2954 οίονται

2176 2987 2355 3040 πάντα
2408 2986 2608 3055 μᾶλλον
2656 2986 2689 3058 ἦ
2733 2987 2844 3041 τῶν
2897 2989 3121 3043 ἀτόπων
3161 2991 3521 3063 ἀπηλλάχθαι
3552 2994 3737 3048 τούτων

2175 3077 2277 3148 τὴν
2316 3076 2477 3143 δόξαν
2496 3094 2509 3108 ·
2543 3078 2720 3143 οὕτως
2750 3080 3016 3134 ἀκούουσι
3044 3082 3146 3152 τῆς
3177 3085 3529 3155 προσθήκης,
3558 3087 3650 3155 οὐχ
3674 3084 3738 3145 ὡς

493 3171 655 3232 limit,
680 3184 843 3239 quant
880 3170 1046 3225 rulint
1077 3171 1171 3240 qui
1221 3170 1351 3225 illud
1386 3182 1638 3227 asserunt
1668 3189 1682 3227 :
1713 3173 1844 3243 quid
1899 3173 2070 3229 factu-

2178 3170 2244 3224 an
2276 3173 2325 3223 οί
2363 3171 2613 3239 λέγοντες
2651 3172 2965 3242 βούλοιντο,
2999 3173 3053 3227 τί
3102 3175 3301 3229 παθεῖν
3338 3177 3486 3240 είκδς
3526 3172 3593 3245 ἦν
3627 3174 3739 3236 τοὺς

490 3276 585 3316 ros
614 3261 868 3317 homines
904 3262 1313 3326 existimamus,
1346 3264 1559 3318 sanctis
1583 3264 1844 3321 omnibus
1873 3281 1938 3320 ex
1967 3264 2074 3321 Fi-

490 3353 563 3408 liu
582 3351 846 3422 Spiritum
871 3351 1285 3420 allii-ulantibus,
1320 3362 1374 3408 et
1403 3354 1746 3424 simpliciter,
1803 3364 1865 3411 ut
1900 3357 2073 3413 moris

491 3456 577 3500 est
610 3446 739 3511 illis,
765 3445 960 3517 dogma
1003 3445 1108 3500 hoc
1142 3446 1565 3515 proferentibus,
1599 3456 1655 3503 et
1686 3449 1820 3503 nihil
1860 3450 2068 3505 adden-

491 3539 638 3593 tihus
679 3552 743 3592 ex
784 3537 871 3600 iis,
903 3552 1026 3607 qum
1055 3552 1203 3592 nunc
1249 3553 1277 3591 ιι
1329 3537 1540 3593 Latinis
1596 3539 1888 3596 adiurenta
1943 3550 2076 3597 sunt

494 3645 661 3685 eausa
702 3627 1027 3684 defendendi
1087 3629 1379 3699 desinatis,
1413 3638 1467 3685 et
1499 3630 1765 3686 evadendi
1818 3632 1934 3685 luce
1990 3632 2074 3687 in-

490 3716 819 3772 conunoda?
855 3716 965 3787 Ego
994 3716 1140 3772 enim
1194 3718 1438 3773 arbitror
1486 3717 1731 3775 futurum
1792 3722 1964 3776 l‘uisse
2015 3732 2076 3778 ut

492 3810 609 3864 lure
643 3810 859 3880 quidem
893 3809 969 3862 illi
1003 3810 1160 3880 sequi
1214 3810 1453 3867 absurda
1485 3813 1882 3884 epinarentur;
1932 3829 2063 3870 con-

492 3906 794 3960 tradicente
816 3918 946 3960 vero
978 3903 1221 3968 nomine,
1260 3918 1360 3960 nec
1399 3905 1640 3961 cavenda
1676 3905 1770 3960 illa
1796 3919 1919 3961 esse
1950 3907 2063 3961 ad-

493 4002 773 4061 monente,
833 4004 888 4052 et
915 3996 1243 4053 sententiain
1276 3998 1761 4067 amplecterentur,
1809 4005 2070 4068 tanquam
2108 4014 2111 4019 ’

492 4088 640 4144 nulla
670 4088 756 4143 sui
789 4101 853 4145 ex
886 4097 1042 4159 parte
1088 4089 1204 4161 ipsa
1242 4088 1591 4156 inferentem,
1621 4098 1676 4146 et
1708 4088 2073 4146 incommodis

492 4180 644 4236 hisce
666 4189 925 4252 tanquam
952 4182 1096 4236 veris
1132 4178 1289 4236 facile
1314 4182 1737 4237 assentirentur.
1768 4179 1904 4247 Quae
1937 4195 2083 4235 sane-

491 4272 679 4327 omnia
719 4285 820 4343 par
851 4280 936 4327 est
975 4272 1233 4328 doctores
1262 4272 1605 4342 praevidisse,
1639 4272 1872 4342 ideoque
1902 4271 2074 4326 absti-

494 4366 684 4419 nuisse
725 4379 757 4418 a
793 4363 1122 4435 proferenda
1186 4364 1483 4428 sententia,
1535 4364 1797 4434 quodque
1842 4364 2073 4418 multum

491 4456 687 4512 laedere
715 4465 950 4527 poterat,
975 4458 1222 4513 siluisse.
1252 4459 1391 4512 Cum
1424 4457 1573 4512 enim
1609 4456 1685 4512 illi
1721 4457 1789 4512 de
1810 4455 2076 4513 securita-

490 4561 544 4602 te
564 4546 963 4618 discipulorum
1004 4547 1163 4602 valde
1193 4547 1413 4604 solliciti
1462 4562 1560 4603 eos
1615 4547 1821 4618 ubique
1868 4549 2070 4604 eohor-

489 4650 674 4693 tentur
708 4648 766 4693 ut
793 4640 910 4694 sola
958 4647 1263 4709 sequantur
1299 4639 1604 4711 Scriptura;
1626 4639 1816 4704 verba,
1859 4649 1914 4696 et
1936 4636 2071 4696 nihil
2100 4682 2106 4687 .

487 4731 635 4786 aliud
672 4730 889 4787 curiose
945 4733 1251 4803 inquirant,
1308 4746 1473 4802 quam
1510 4732 1674 4788 etiam
1735 4732 1806 4787 ob
1844 4746 2070 4787 causam

489 4825 661 4880 multa
692 4824 990 4895 Scriptum
1010 4823 1133 4880 loca
1157 4823 1434 4894 explicant
1461 4822 1653 4881 contra
1680 4839 2072 4895 quamomnes,
2096 4866 2099 4871 ς

486 4926 541 4969 et
591 4917 810 4987 ipsimet
860 4917 1021 4972 etiam
1051 4918 1338 4983 sentirent,
1363 4931 1466 4973 nec
1508 4916 1680 4973 videri
1741 4918 2076 4989 erubescunt

490 5011 805 5081 hujusmodi
844 5012 1240 5079 sententiarum
1282 5010 1433 5083 plani
1462 5010 1806 5082 interpretes,
1836 5020 1890 5067 et
1942 5024 2074 5082 pro-

487 5102 651 5158 funda
687 5117 795 5158 non
850 5108 1221 5174 penetrantes,
1253 5116 1323 5159 eo
1380 5109 1595 5157 tantum
1657 5101 1912 5165 consilio,
1963 5114 2074 5170 quo

487 5195 701 5250 valeant
743 5195 1076 5266 persuadere
1128 5193 1275 5261 aliis,
1315 5201 1375 5250 ut
1435 5193 1753 5250 contineant
1805 5206 1867 5247 se
1930 5190 2074 5247 intra

486 5290 779 5354 terminos,
836 5295 892 5343 ct
940 5287 1266 5343 temeritatis
1333 5287 1581 5358 pericula
1640 5287 1847 5344 evitent
1888 5302 1902 5342 :
1940 5286 2074 5356 quid

490 5380 709 5445 mirum,
743 5380 790 5435 si
822 5379 921 5435 has
949 5381 1307 5451 cogitationes
1329 5380 1533 5446 secuti,
1557 5379 1673 5434 haec
1704 5378 1821 5451 ipsa
1852 5393 2076 5448 quoque

487 5478 803 5537 tat-uerunt,
832 5481 891 5525 ut
919 5472 1090 5527 multa
1116 5472 1243 5533 alia,
1270 5483 1394 5542 quze
1424 5473 1493 5526 ab
1523 5471 1631 5526 illis
1663 5470 2081 5540 poterantcitra

490 5564 788 5631 perieulum
828 5554 1146 5619 enuntiari?
1176 5562 1480 5634 Oportebat
1523 5565 1669 5619 enim
1723 5578 1831 5617 non
1893 5562 2072 5619 solum

495 5657 673 5710 verbis
696 5671 1049 5711 commonere
1066 5656 1194 5725 quid
1224 5654 1340 5710 tieri
1372 5656 1586 5721 deceat,
1611 5655 1708 5711 sed
1739 5654 1917 5724 rei-psa
1938 5670 2079 5723 quo-

497 5759 604 5811 que
627 5748 802 5813 palam
827 5744 1026 5811 facere,
1051 5756 1103 5801 et
1136 5761 1195 5800 se
1226 5744 1375 5813 ipsos
1406 5746 1720 5816 exemplum
1752 5746 2075 5801 adhibendae

496 5836 765 5891 cautionis
800 5837 1062 5906 praebere.
1127 5838 1383 5894 Sciebant
1417 5839 1615 5911 quippe
1671 5840 1774 5896 hoc
1817 5854 2072 5896 verorum

2175 3257 2521 3330 ἀνθρώπους,
2549 3259 2658 3314 τῶν
2707 3261 2881 3328 ἀγίων
2931 3262 3190 3315 ἀπάντων
3238 3263 3312 3316 ἐκ
3366 3263 3463 3319 τοῦ
3515 3261 3639 3316 Υίοῦ
3687 3258 3739 3311 sb

2176 3352 2401 3429 Πνεῦμα
2425 3349 2716 3419 λεγόντων,
2759 3353 2856 3405 καὶ
2892 3351 3053 3406 τοῦτο
3083 3353 3538 3424 δογματιζόντων
3573 3351 3738 3414 ἁπλῶς

2175 3444 2253 3507 ὡς
2291 3443 2416 3506 ἔθος
2466 3445 2673 3509 αὐτοῖς,
2713 3444 2882 3514 μηδὲν
2932 3443 2991 3497 δὲ
3016 3446 3020 3451 ’
3050 3444 3468 3515 προστιθέντων
3515 3445 3618 3501 τῶν
3657 3443 3741 3495 νῦν

2175 3536 2427 3599 Λατίνοις
2454 3536 2535 3599 είς
2568 3535 2876 3604 ἀπολογίαν
2908 3535 3303 3607 ἐξευρημένων
3333 3537 3429 3592 τοῦ
3467 3537 3737 3605 δόγματος,

2176 3631 2271 3683 καὶ
2310 3626 2447 3698 πρὸς
2476 3626 2576 3691 τὰς
2602 3627 2713 3681 τῶν
2758 3629 2982 3683 ἀτόπων
3028 3628 3238 3683 τούτων
3290 3627 3606 3698 ἀποφυγάς;
3639 3621 3744 3692 ἐγὼ

2175 3722 2285 3791 γὰρ
2337 3715 2512 3790 οἶμαι,
2542 3720 2609 3790 τῇ
2663 3720 2766 3788 μὲν
2826 3720 2958 3792 δόξῃ
3006 3721 3351 3791 νομίσαντας
3407 3719 3629 3775 ἕπεσθαι
3675 3714 3737 3768 si

2175 3811 2424 3877 τοιαῦτα,
2471 3810 2848 3879 ἀντιλέγοντος
2898 3812 2956 3865 δὲ
3008 3812 3261 3883 μηδενὸς,
3330 3813 3508 3879 ταῦτα
3553 3806 3737 3878 φυλάτ-

2175 3901 2365 3955 τεσθαι
2415 3901 2836 3972 παραινοῦντος,
2863 3902 2958 3957 καὶ
3000 3902 3103 3973 τὴν
3133 3903 3297 3969 δόξαν
3344 3905 3422 3969 ὡς
3464 3898 3746 3972 οὐδαμόθεν

2176 3993 2382 4048 τούτων
2409 3994 2592 4047 αἰτίαν
2634 3995 2826 4065 τιμᾷν,
2866 3997 2962 4048 καὶ
3000 3995 3077 4060 ὡς
3121 3996 3359 4068 ἀληθέσι
3384 4000 3498 4062 τοῖς
3533 3994 3739 4056 ἀτόποις

2175 4083 2388 4145 τούτοις
2418 4085 2623 4157 ῥᾳδίως
2654 4083 2723 4138 ἀν
2769 4086 3135 4155 προσθέσθαι.
3175 4089 3244 4142 'A
3274 4089 3340 4159 δὴ
3373 4088 3551 4143 πάντα
3577 4102 3740 4157 προει-

2175 4176 2435 4247 δομένους
2482 4176 2629 4240 εἰκός
2671 4175 2790 4229 ἐστι
2829 4175 3120 4246 φείσασθαι
3163 4176 3269 4248 τῆς
3330 4179 3490 4249 δόξης
3517 4178 3635 4240 τοὺς
3670 4174 3745 4228 δι-

2176 4267 2505 4332 δασκάλους,
2538 4268 2635 4322 καὶ
2688 4271 2915 4338 σιγῆσαι
2947 4268 3009 4323 sb
3047 4269 3266 4340 μεγάλα
3297 4271 3562 4342 βλάπτειν
3596 4266 3743 4323 δυνά-

2181 4376 2363 4429 μενον.
2424 4359 2486 4412 El
2541 4358 2600 4413 δὲ
2657 4363 2752 4414 καὶ
2812 4361 2912 4430 τῆς
2971 4360 3082 4415 τῶν
3142 4361 3409 4433 μαθητῶν
3460 4358 3741 4430 ἀσφαλείας

2181 4448 2388 4522 σφόδρα
2418 4449 2823 4520 φροντίζοντες,
2854 4450 3133 4522 πανταχοῦ
3162 4452 3526 4525 παραινοῦσιν
3566 4450 3742 4512 αὐτοῖς

2106 4514 2151 4568 D
2179 4514 2287 4597 τάν
2319 4514 2390 4597 ’ἐν
2557 4545 2748 4615 Γραφῇ
2800 4514 3115 4617 λεγομένων
3164 4514 3394 4616 ἔχεσθαι
3447 4546 3625 4618 μόνον,
3656 4542 3742 4596 καὶ

2181 4635 2351 4706 μηδὲν
2381 4634 2851 4705 περιεργάζεσθαι
2880 4636 3053 4703 ’πλέον
3078 4652 3093 4668 ο
3131 4636 3276 4692 ὥστε
3324 4639 3424 4692 καί⁵
3467 4636 3632 4691 πολλά
3655 4633 3743 4701 τῆς

2175 4728 2400 4801 Γραφῆς
2430 4728 2759 4801 ἐξηγοῦνται
2793 4733 2859 4801 τῇ
2891 4747 2951 4785 τε
2982 4731 3210 4786 πάντων.
3234 4732 3365 4806 δόξῃ
3390 4733 3485 4786 καὶ
3509 4733 3572 4801 τῇ
3604 4725 3738 4795 σφῶν

2175 4827 2359 4881 αὐτῶν
2406 4828 2708 4892 ἐναντίως·
2760 4828 2871 4893 οὐδ’
2922 4828 3196 4881 αἰδοῦνται
3256 4829 3321 4882 sb
3368 4829 3517 4895 δόξαι
3565 4822 3741 4891 σαφεῖς

2176 4936 2320 4981 τινες
2347 4920 2501 4982 ὄντες
2530 4919 2626 4973 καὶ
2657 4921 2972 4974 ἐπιπόλαιοι
3025 4919 3137 4974 τῶν
3170 4920 3437 4975 τοιούτων
3471 4914 3739 4988 ἐξηγηταὶ.

2180 5013 2340 5084 μόνον
2376 5014 2465 5067 ἵνα
2490 5013 2766 5083 δυνηθῶσι
2793 5015 2981 5069 πεῖσαι
3014 5015 3144 5080 τοὺς
3171 5014 3370 5079 ἀλλους
3407 5014 3540 5068 εἵσω
3575 5009 3742 5082 μένειν

2176 5106 2286 5159 τῶν
2324 5106 2490 5177 ὅρων,
2523 5106 2761 5160 καὶτῶν
2801 5108 2867 5161 ἐκ
2911 5108 3013 5178 τῆς
3040 5108 3381 5177 προπετείας
3413 5098 3740 5174 ἀπηλλάχθαι

2179 5196 2445 5251 κινδύνων
2471 5212 2486 5230 ·
2536 5195 2590 5249 τί
2624 5197 2964 5269 θαυμαστὸν,
2997 5199 3047 5251 εί
3080 5199 3295 5263 τούτοις
3345 5197 3600 5269 ἑπόμενοι
3642 5188 3741 5248 τοῖς

2179 5289 2463 5360 λογισμοῖς
2489 5290 2785 5346 καὶταῦτα
2832 5291 3124 5362 ἐσίγησαν,
3154 5291 3347 5362 ὥσπερ
3390 5289 3539 5362 εὖροι
3572 5299 3651 5346 τις
3677 5279 3736 5333 ἂν

2180 5380 2384 5446 αὐτοὺς
2425 5383 2518 5435 καὶ
2562 5383 2739 5436 πολλά
2769 5382 2906 5437 ἀλλα
2938 5383 3051 5437 τῶν
3081 5383 3385 5446 ἀκινδύνως
3415 5382 3481 5435 ἂν
3525 5369 3737 5447 εἰρημέ·

2179 5489 2287 5527 νων
2317 5478 2713 5546 σεσιγηκόταςς
2755 5476 2864 5531 ἔδει
2915 5476 3021 5548 γὰρ
3059 5475 3135 5548 μὴ
3166 5476 3320 5546 λόγῳι
3348 5473 3510 5542 μόνον
3551 5467 3608 5521 τὸ
3631 5462 3738 5517 δέον

2181 5566 2571 5635 ὑπαγορεύειν,
2621 5566 2760 5621 ἀλλά
2807 5568 2905 5621 καὶ
2958 5568 3126 5640 ἔργῳι
3153 5564 3424 5637 φανεροῦν
3468 5560 3616 5623 αὐτὸ,
3653 5550 3739 5608 καὶ

2130 5712 2141 5725 ρ.
2182 5659 2533 5729 παράδειγμα
2589 5662 2731 5729 σφᾶς
2782 5660 2983 5724 αὐτοὺς
3027 5660 3235 5714 διδόναι
3274 5658 3376 5726 τῆς
3428 5650 3734 5708 εὖλαόείας’

2181 5747 2343 5802 τοῦτο
2393 5750 2501 5820 γὰρ
2550 5750 2826 5821 ἀληθινῶν
2878 5750 3217 5804 διδασκάλων
3254 5748 3452 5822 ᾔδεσαν
3482 5744 3559 5797 ὅν.
3600 5735 3737 5822 Ὲπῖι

2184 5841 2239 5896 δὲ
2290 5842 2380 5894 καὶ
2434 5841 2534 5916 τὴν
2561 5841 2823 5913 ἀλήθειαν
2869 5839 2978 5897 ἀπό
3010 5856 3073 5910 γε
3127 5839 3236 5895 τῶν
3274 5838 3590 5908 σοφωτέρων
3618 5820 3737 5895 κρέ’
