4038 6414
258 377 374 446 $18

1359 398 1362 401 ’
1406 391 1692 454 ORATIO
1738 393 1831 454 III
1866 395 1968 456 AD
2009 396 2380 459 SYNODUM

3441 392 3547 458 514

254 509 422 548 ,πτειν
456 491 558 545 οὐκ
602 490 714 546 ἔδει
736 507 750 523 ‘
793 490 828 568 ἦ
862 495 970 567 γὰρ
1017 493 1084 550 ἂν
1131 498 1356 568 ήδίκουν
1387 503 1453 572 τῇ
1486 505 1594 558 τῶν
1625 505 1845 560 ἀσθενε-

1961 508 2396 563 ιεεοιξυοιοιιιιιι.
2441 507 2710 574 Quoniam
2753 523 2881 565 vero
2913 508 3276 581 sapientiores
3323 525 3542 582 quoque

267 587 475 654 στέρων
539 586 724 656 φειδοῖ
795 588 922 650 τοὺς
998 589 1226 659 ἄμεινον
1284 597 1849 666 παρεσκευασμένους

265 675 658 747 ἀτελεστέρους
687 677 905 744 ἐῶντες,
949 680 1090 749 μηδὲ
1121 683 1218 735 καὶ
1246 683 1464 748 τούτοις
1497 688 1848 755 συμμετρεῖν

265 765 356 817 τὸν
398 766 503 834 τῆς
546 766 900 831 διδασκαλίας
951 769 1109 838 λόγον
1154 771 1478 837 ἐθέλοντες·
1514 774 1679 832 ἀλλον
1727 777 1853 830 τινὰ

265 857 467 928 τρόπον
512 858 609 912 καὶ
653 858 864 927 τούτοις
903 861 1012 932 τὴν
1059 863 1237 934 ἀληθῆ
1286 867 1660 936 προύτίθεσαν
1690 868 1852 934 δόξαν

266 949 542 1021 ἀρκοῦντα
597 953 826 1021 σοφοῖς·
871 952 1126 1022 καθάπερ
1177 954 1288 1009 οὐδ’
1336 957 1492 1011 αὐτοὶ
1543 959 1694 1030 παρά
1742 959 1854 1012 τῶν

267 1042 506 1114 Γραφῶν
551 1042 746 1106 αὐταῖς
794 1044 1024 1114 ἐζήτουν
1051 1043 1236 1112 λέξεσι
1285 1047 1385 1120 τὴν
1413 1048 1704 1121 ἀλήθειαν,
1737 1052 1854 1105 ἀλλ’

267 1134 367 1190 ὅσα
413 1136 529 1198 τοῖς
573 1135 876 1206 διαρρήδην
901 1136 1242 1206 ’λεγομένοις
1295 1140 1392 1210 τὴν
1447 1141 1572 1212 ῖσην
1607 1142 1850 1213 δύναμιν

267 1225 402 1295 εχει,
439 1225 533 1279 καὶ
576 1224 613 1280 ἀ
661 1228 782 1290 ταῖς
840 1227 1307 1298 ὁμολογουμέναις
1353 1233 1488 1302 περὶ
1539 1233 1650 1289 τῶν
1689 1234 1853 1290 θείων

269 1317 501 1381 ἐννοίαις
532 1322 839 1388 συνᾴδουσι,
883 1321 1020 1390 πρὸς
1057 1321 1156 1392 τὴν
1186 1322 1393 1394 ταύτης
1439 1324 1620 1396 θήραν
1663 1327 1853 1396 σφίσιν

267 1412 528 1481 ἐκόμισαν
558 1410 831 1484 ἐξαρκεῖν.
867 1414 1086 1484 Ταύτην
1118 1416 1213 1469 καὶ
1252 1416 1302 1470 oi
1335 1417 1515 1473 λοιποὶ
1562 1418 1672 1473 τῶν
1704 1419 1853 1474 διδα-

271 1501 483 1556 σκάλων
524 1503 730 1556 εἵλοντο
773 1503 873 1573 τὴν
919 1505 1040 1558 ὁδὸν
1088 1507 1146 1558 ἐν
1203 1503 1285 1571 οἷς
1339 1507 1730 1578 ἐδογμάτισαν.

271 1592 380 1661 γαρ
419 1592 500 1646 ὅτι
546 1591 747 1662 ταύτην
777 1593 992 1668 ἐξεῖπον
1051 1597 1152 1666 τὴν
1197 1597 1357 1663 δόξαν
1395 1599 1577 1664 ἄλλοις
1630 1617 1855 1670 σεσιγη-

275 1685 444 1754 μένην
474 1688 747 1738 σκοπείτω
772 1702 877 1750 τις,
912 1686 1029 1738 ἀλλ’
1061 1687 1142 1741 ὅτι
1177 1689 1424 1744 κάκεῖνοι
1470 1692 1646 1745 πολλά
1683 1692 1856 1746 κατέ-

275 1794 401 1846 σχον
430 1779 561 1847 παρ’
607 1777 822 1842 ἑαυτοῖς
857 1773 932 1832 ὧν
954 1779 1220 1850 ἠδύναντο
1267 1781 1449 1852 λέγειν
1476 1802 1490 1815 ο
1525 1784 1561 1839 ἃ
1609 1785 1854 1856 τοσούτῳ

275 1870 448 1940 μείζω
493 1871 737 1925 κίνδυνον
786 1873 918 1934 ἴσως
962 1872 1198 1941 ἤνεγκεν
1229 1875 1297 1928 ἃν
1328 1878 1424 1928 καὶ
1453 1875 1598 1930 οὕτω
1641 1877 1856 1930 πλείοσι
1889 1857 1932 1916 Β

273 1965 380 2018 τῶν
413 1964 739 2034 ἀνθρώπιον,
771 1966 883 2036 ὅσῳ
923 1968 1018 2022 καὶ
1045 1965 1358 2038 βαθυτέρας
1386 1971 1499 2032 τοῖς
1531 1968 1630 2024 ὑπ’
1670 1971 1856 2024 αὐτῶν

269 2057 586 2124 λεγομένοις
619 2058 701 2110 δεῖ
748 2058 1011 2124 διανοίας,
1049 2062 1144 2112 καὶ
1189 2059 1372 2127 πολλῷ
1399 2061 1671 2130 βελτίονος
1704 2063 1857 2132 ἐδέη-

275 2167 370 2204 σεν
412 2150 478 2204 ἂν
515 2153 629 2213 τοῖς
672 2153 1077 2221 σιωπωμένοις.
1113 2153 1309 2223 Ἑτέρα
1360 2155 1419 2208 δέ
1473 2172 1581 2209 τινι
1633 2159 1851 2227 μηχανῇ

272 2243 515 2296 κάκεῖνοι
556 2244 678 2305 τοὺς
725 2243 1160 2314 παρακολουθεῖν
1200 2245 1536 2314 δυναμένους
1573 2241 1647 2300 ῶν
1691 2250 1857 2318 topa-

275 2351 398 2387 νουν
433 2339 755 2403 πεποίηνται
783 2337 1074 2399 κοινωνούς
1098 2351 1113 2366 ο
1145 2339 1238 2390 καὶ
1283 2338 1432 2391 τοῦτ’
1462 2339 1578 2392 ἔστι
1621 2343 1858 2396 συνιδεῖν

275 2429 429 2490 εῖτις
465 2427 647 2481 αὐτῶν
675 2428 786 2492 τοῖς
827 2428 1010 2496 λόγοις
1037 2432 1322 2502 προσέχοι.
1368 2431 1432 2485 Ὃ
1464 2433 1520 2485 δὲ
1549 2433 1678 2490 τοὺς
1711 2435 1857 2488 διδα-

279 2523 506 2585 σκάλους
537 2523 799 2584 ἑκάστους
835 2523 1030 2577 παθεῖν
1080 2525 1226 2587 εἰκάς
1265 2527 1384 2579 ἐστι
1428 2525 1566 2596 πρὸς
1595 2527 1729 2590 τοὺς
1763 2527 1858 2580 ὑπ’

279 2614 459 2669 αὐτῶν
515 2615 889 2683 μυουμένους,
944 2615 1104 2668 τοῦτο
1159 2616 1340 2687 πολλῷ
1396 2619 1664 2688 πρότερον
1719 2619 1858 2689 πρδς

275 2710 457 2762 πᾶσαν
525 2706 691 2762 αὐτοῦ
751 2706 850 2776 τὴν
913 2707 1248 2779 Ἐκκλησίαν
1317 2710 1736 2781 ᾠκονομηκέναι
1796 2715 1856 2764 τδ

279 2799 504 2868 Πνεῦμα
531 2801 631 2867 τῆς
659 2801 919 2870 ἀληθεέας
951 2799 1107 2855 οὐδὲν
1154 2802 1382 2865 ἀπεικὸς
1415 2803 1707 2874 θαυμαατῇ
1748 2821 1856 2857 τινι

276 2892 366 2944 καὶ
383 2894 558 2945 πάντα
581 2891 736 2959 λόγον
755 2891 960 2964 νικώσῃ
989 2895 1238 2964 προνοῖα.
1259 2897 1300 2948 Π
1309 2896 1568 2967 ρούνόησε
1591 2898 1697 2963 γὰο
1722 2898 1852 2950 ἐκα-

274 2987 436 3055 τέρας
486 2984 595 3038 τῶν
628 2985 936 3055 ἀνθρώπων
985 2987 1084 3056 τῆς
1133 2987 1322 3054 ἕξεως,
1359 2990 1455 3041 καὶ
1486 2989 1857 3054 διδασκάλους

274 3075 485 3130 πλάσαν
531 3076 759 3137 ταύταις
797 3075 1223 3147 συμδαίνοντας,
1256 3079 1370 3141 τοῖς
1422 3079 1520 3146 μὲν
1566 3080 1856 3133 ἀτελεστέ-

278 3185 390 3239 ροις
415 3169 556 3232 τοὺς
592 3167 853 3238 εὐλαϐείᾳ
902 3162 1287 3239 χρησαμένους
1338 3171 1630 3242 ἐπέστησε,
1662 3175 1776 3236 τοῖς
1809 3173 1854 3226 δ’

281 3261 632 3333 ὑψηλοτέροις
663 3260 757 3313 τδν
805 3259 934 3314 νοῦν
962 3261 1091 3326 τοὺς
1144 3261 1380 3330 μάλιστα
1441 3265 1857 3336 τεθαρρηκότας

281 3353 450 3422 ἐφῆκε
477 3368 494 3382 ·
533 3351 634 3405 καὶ
680 3350 921 3405 διδάσκει
965 3351 1064 3422 μὲν
1112 3351 1212 3422 τὴν
1256 3354 1568 3422 ἀναγκαίαν
1597 3356 1858 3427 ἀλήθειαν

279 3446 364 3498 διὰ
405 3444 628 3500 πάντων
659 3443 885 3514 ὁμοίως,
913 3439 982 3516 ἧς
1022 3446 1055 3514 ή
1086 3445 1274 3510 πίστις
1323 3449 1473 3500 ποιεῖ
1516 3449 1644 3511 τοὺς
1678 3449 1858 3518 σωθη-

277 3537 538 3606 σομένους
561 3553 575 3568 ·
598 3538 669 3590 ἂν
691 3536 756 3590 δέ
796 3553 881 3598 τις
909 3535 1395 3608 θεωρητικὼτερος
1435 3537 1511 3593 ῶν
1543 3542 1638 3594 καὶ
1673 3541 1860 3610 κρείτ-

273 3645 383 3683 των
431 3629 668 3698 ὑποψίας
725 3628 1010 3694 κινδύνων,
1069 3629 1208 3699 πρὸς
1265 3632 1362 3694 τὰς
1417 3631 1528 3685 τῶν
1590 3632 1859 3700 μειζόνων

277 3723 402 3791 ἄγει
435 3721 686 3791 μυήτεις,
719 3721 815 3772 καὶ
843 3721 1018 3790 τούτῳ
1057 3723 1150 3774 τὺν
1195 3722 1363 3777 πόθον
1421 3725 1856 3795 παραμυθεῖται,

276 3812 547 3876 διακόνοις
575 3811 668 3876 οὓς
706 3811 853 3875 ἰδίως
888 3812 1026 3884 πρὸς
1057 3812 1233 3866 ταῦτα
1276 3817 1668 3886 παρεσκεύακε
1714 3817 1860 3889 χρώ·

281 3923 464 3976 μενον.
499 3904 650 3958 Ὢστ⁹
683 3906 731 3958 εί
759 3904 868 3958 τῶν
898 3905 1073 3973 ἁγίων
1100 3905 1229 3970 τοῦς
1271 3908 1372 3976 μὲν
1421 3909 1856 3980 ἐπαινεσόμεθα,

279 4001 391 4063 τοῖς
425 3997 471 4051 δ’
509 3999 912 4068 ἐπιτιμήσομεν
959 3999 1060 4068 τῆς
1117 3998 1281 4068 σιγῆς
1328 3999 1360 4070 ἦ
1391 4000 1499 4054 τῶν
1534 4001 1731 4070 λόγων,
1765 4003 1860 4056 καὶ

211 4075 220 4082 ’
274 4091 402 4156 τοὺς
438 4089 538 4161 μὲν
580 4088 969 4160 ἐγκρινοῦμεν,
997 4089 1124 4153 τοὺς
1162 4089 1207 4142 δ’
1235 4090 1312 4154 ὡς
1359 4093 1494 4163 ήμῖν
1549 4093 1860 4165 ἀχρήστους

278 4179 720 4252 ἀποπεμψάμεθα
746 4195 762 4212 ο
801 4179 1009 4247 ἐξέστω
1051 4180 1149 4235 καὶ
1207 4181 1352 4235 κατά
1395 4183 1490 4237 τοῦ
1541 4183 1861 4256 Πνεῦματος

276 4274 459 4326 ἐκεῖνα
501 4273 731 4344 τολμᾷν,
770 4273 830 4326 οὐ
884 4276 1048 4345 μόνον
1085 4268 1169 4339 οἷς
1216 4278 1318 4345 τῆς
1364 4279 1582 4348 σιωπῆς
1625 4279 1720 4332 καὶ
1751 4279 1862 4333 τῶν

276 4364 452 4433 λόγων
483 4365 701 4434 ἑκάστῳ
725 4363 948 4432 γέγονεν
979 4365 1180 4429 αἴτιον,
1200 4369 1296 4420 καὶ
1325 4371 1607 4422 κοινωνεῖν
1640 4369 1858 4440 ἀνάγκη

275 4458 365 4512 διά
395 4457 554 4510 τοῦτο
589 4456 696 4510 τῶν
725 4456 902 4526 τιμῶν
933 4458 1027 4511 καὶ
1056 4459 1167 4512 τῶν
1207 4458 1443 4531 ὕϐρεων,
1477 4461 1615 4516 ἀλλά
1643 4464 1736 4516 καὶ
1779 4462 1862 4528 οἷς

1951 1985 2022 2025 se
2050 1969 2400 2038 retinuerint,
2448 1986 2571 2036 qua?
2619 1971 2898 2040 potuerint
2961 1970 3115 2026 cﬂ‘ari
3154 1989 3169 2026 :

1953 599 2134 654 celare
2184 603 2468 656 veritatem
2529 615 2636 655 non
2694 602 3016 659 debebam:
3076 604 3346 673 alioquin,
3406 605 3536 658 dum

1942 688 2263 744 consultum
2291 691 2545 746 volebant
2573 691 3048 759 imbecillioribus,
3074 693 3247 763 iniqui
3285 695 3337 748 in
3363 697 3539 765 mag's

1955 782 2180 838 idoneos
2226 783 2963 856 exstitissent,imperfectos
3007 786 3392 855 relinquendo,
3435 800 3535 841 nec

1945 873 2187 930 voleudo
2220 875 2332 930 illis
2362 876 2530 930 etiam
2564 876 2880 945 impendere
2901 876 3168 931 doctrina:
3198 891 3531 941 sermonem,

1955 965 2065 1019 alio
2095 966 2334 1032 quodam
2379 967 2544 1021 modo
2573 978 2628 1022 et
2657 966 2763 1022 illis
2786 982 2969 1022 veram
3001 967 3381 1037 proponebant
3416 983 3544 1023 sen-

1956 1055 2207 1119 tentiam,
2235 1055 2327 1123 qui
2354 1056 2695 1126 sapientibus
2735 1058 2869 1112 satis
2927 1066 3118 1113 esset:
3175 1059 3540 1126 quemadmo-

1953 1148 2082 1202 dum
2115 1157 2166 1202 et
2219 1147 2320 1217 ipsi
2353 1149 2639 1204 veritatem
2673 1165 2703 1205 e
2737 1149 3042 1220 Scripturis
3072 1165 3183 1204 non
3222 1150 3387 1205 nudis
3413 1165 3540 1204 vcr-

1955 1238 2040 1292 bis
2071 1239 2376 1309 expositam
2415 1241 2792 1310 requirebant,
2826 1241 2921 1297 sed
2976 1242 3043 1296 ad
3097 1240 3544 1310 comperiendam

1955 1329 2102 1385 illam
2137 1331 2272 1386 satis
2299 1345 2422 1386 esse
2454 1331 2556 1386 sibi
2594 1341 2888 1402 putarunt,
2943 1348 3062 1403 quae
3099 1333 3326 1405 perinde
3363 1333 3546 1386 valent

1955 1427 2123 1490 atque
2156 1420 2270 1490 ipsa
2322 1431 2508 1490 aperte
2540 1423 2918 1492 pronuntiata,
2949 1438 3180 1493 qumque
3234 1430 3546 1492 congruunt

1940 1530 2082 1571 'cum
2117 1515 2286 1571 certis
2310 1523 2364 1570 et
2401 1515 2724 1571 iudubitatis
2750 1517 2919 1571 animi
2961 1515 3316 1585 conceptibus
3353 1516 3420 1570 de
3458 1531 3546 1571 re-

1958 1606 2062 1661 bus
2084 1605 2308 1662 divinis.
2354 1603 2505 1661 llanc
2558 1607 2822 1661 et-cmteri
2869 1607 3125 1662 doctores
3172 1605 3344 1662 secuti
3416 1617 3544 1660 sunt

1958 1697 2126 1762 viam,
2167 1697 2295 1751 dum
2336 1708 2670 1768 exponerent
2693 1697 2969 1769 dogmata.
3001 1698 3112 1753 Nec
3147 1698 3276 1753 illud
3307 1713 3544 1767 perpen-

1958 1789 2054 1843 dat
2099 1789 2396 1859 quispiam,
2432 1790 2580 1860 quod
2634 1790 2778 1846 hanc
2825 1791 3152 1844 sententiam
3189 1789 3542 1861 protulerint,

1961 1896 2128 1951 quam
2158 1881 2250 1936 alii
2279 1882 2574 1947 tacuerint,
2617 1882 2712 1937 sed
2753 1884 2898 1951 quod
2925 1891 2979 1936 et
3032 1883 3110 1936 illi
3150 1883 3322 1936 multa
3375 1897 3543 1951 penes

3267 1986 3347 2025 ua:
3393 1981 3544 2026 tanto

1963 1989 2022 2025 SB
2050 1989 2400 2038 rcunuertnt,
2448 1989 2571 2036 (Illi?
2619 1989 2898 2040 βοιιιοῑιιιι
2961 1989 3115 2026 (31131³1
3154 1989 3169 2026 2
3225 1989 3347 2039 qua:
3393 1989 3543 2026 lalllo

1963 2059 2138 2128 majus
2170 2057 2406 2114 fortasse
2438 2059 2741 2128 periculum
2779 2057 3120 2120 attulissent,
3169 2065 3224 2111 ct
3261 2071 3327 2112 co
3374 2057 3543 2126 pluri-

1960 2149 2066 2204 bus
2116 2151 2434 2204 hominibus
2494 2150 2888 2219 perniciosum,
2935 2157 3142 2218 quanto
3198 2147 3543 2216 profundiori

1960 2257 2098 2310 opus
2130 2251 2212 2297 est
2247 2241 2605 2313 intelligentia
2673 2241 2739 2298 ad
2781 2243 3130 2311 percipienda
3169 2255 3292 2311 qua
3321 2241 3398 2296 illi
3458 2241 3545 2295 di-

1960 2342 2122 2396 cunt,
2161 2343 2209 2387 et
2244 2332 2416 2387 multo
2441 2334 2605 2386 etiam
2637 2332 2873 2387 acutiori
2894 2346 3032 2403 opus
3060 2340 3207 2387 esset
3231 2331 3296 2385 ad
3327 2345 3391 2385 ea
3425 2346 3546 2401 qure

1962 2434 2282 2481 tacuerunt.
2311 2424 2416 2479 Sed
2444 2433 2498 2477 et
2525 2424 2601 2478 illi
2631 2423 2893 2493 praeclara
2929 2423 3166 2493 quadam
3187 2422 3299 2477 alia
3326 2424 3550 2478 ratione

1961 2533 2058 2574 eos
2091 2517 2175 2572 sui
2210 2532 2410 2572 sensus
2472 2515 2652 2570 fecere
2708 2514 3030 2585 participes,
3092 2514 3184 2583 qui
3225 2513 3545 2584 huiusmodi

1963 2625 2051 2665 res
2083 2609 2302 2677 assequi
2331 2615 2584 2678 possunt,
2613 2607 2663 2661 id
2721 2607 2866 2676 quod
2931 2607 3243 2677 perspicere
3287 2607 3438 2673 licet,
3499 2607 3546 2660 si

1961 2703 2086 2770 quis
2139 2714 2332 2754 eorum
2383 2699 2554 2754 libros
2595 2698 2739 2768 legat
2796 2699 3084 2752 attentius.
3147 2697 3303 2764 Quod
3355 2708 3542 2754 autem

1963 2807 2058 2862 par
2091 2805 2172 2846 εει
2203 2791 2438 2862 singulis
2469 2789 2771 2861 contigisse
2819 2789 3142 2846 doctoribus
3197 2791 3250 2844 in
3295 2790 3362 2844 iis
3401 2804 3543 2860 quos

1961 2884 2343 2950 instituebant,
2373 2884 2479 2940 hoc
2512 2885 2686 2940 multo
2715 2893 2874 2939 antea
2901 2883 3072 2940 fuisse
3103 2899 3134 2938 a
3162 2883 3368 2954 Spiritu
3403 2883 3550 2938 veri-

1949 2977 2091 3032 tatis
2144 2977 2425 3046 provisum
2471 2977 2524 3030 in
2581 2977 2836 3032 universa
2869 2993 2969 3032 sua
3001 2977 3251 3033 Ecclesia
3298 2992 3412 3032 non
3464 2984 3550 3031 est

1962 3071 2425 3132 dissentaneum,
2480 3070 2790 3125 admirabili
2850 3070 3084 3139 quadam
3150 3077 3204 3125 et
3255 3079 3553 3139 superante

1963 3178 2182 3217 omnem
2237 3161 2455 3217 dicendi
2489 3163 2796 3219 facultatem
2850 3161 3226 3218 Providentia.
3257 3163 3552 3218 Consuluit

1962 3254 2106 3307 enim
2136 3254 2359 3323 utrique
2386 3253 2674 3309 hominum
2698 3253 2900 3321 ordini,
2931 3264 3406 3325 congruentesque
3434 3253 3545 3309 illis

1956 3344 2209 3400 formans
2241 3346 2527 3411 doctores,
2553 3348 3062 3416 imperfectioribus
3091 3347 3310 3418 quidem
3345 3345 3546 3416 praefe—

1963 3441 2036 3495 cit
2063 3441 2279 3496 cautela
2314 3457 2467 3504 usos.
2495 3443 2845 3498 eminentiori
2877 3452 3062 3498 autem
3091 3443 3371 3498 intellectu
3404 3458 3550 3514 pra:-

1961 3533 2091 3588 ditis
2149 3533 2301 3588 dedit
2349 3535 2725 3591 confidentius
2768 3535 3007 3591 locutos.
3059 3534 3128 3589 Et
3170 3535 3544 3592 necessariam

1957 3624 2183 3694 quidem
2214 3639 2310 3694 per
2335 3639 2530 3680 omnes
2552 3640 2709 3697 teque
2739 3627 2899 3682 docet
2933 3625 3239 3692 veritatem,
3274 3642 3379 3696 qua
3412 3626 3548 3682 fides

1965 3717 2164 3772 imbuit
2195 3717 2531 3774 salvandos:
2565 3718 2610 3775 si
2645 3719 2775 3788 quis
2811 3733 2946 3776 vero
2984 3720 3177 3788 majori
3226 3719 3422 3788 polleat
3461 3719 3548 3774 in-

1963 3810 2106 3880 genii
2152 3811 2428 3877 acumine,
2475 3827 2575 3867 nec
2611 3813 2856 3882 pericula
2893 3812 3169 3880 formidet,
3205 3816 3353 3869 hunc
3385 3829 3415 3869 a
3458 3830 3555 3870 su-

1963 3901 2589 3975 blimioraintelligenda
2615 3904 2818 3970 evehit,
2854 3913 2910 3960 et
2945 3904 3216 3961 satisfacit
3239 3905 3358 3976 ejus
3400 3905 3554 3962 desi-

1963 3993 2116 4048 derio
2144 4007 2241 4069 per
2272 4009 2368 4052 eos
2393 4010 2535 4066 quos
2563 3996 2628 4050 ad
2661 3996 2776 4051 hate
2814 3997 3167 4067 peculiariter
3221 4001 3554 4069 praeparavit

1965 4068 2350 4142 administros.
2391 4085 2572 4153 Quare
2599 4086 2645 4143 si
2679 4097 2994 4144 sanctorum
3019 4090 3157 4145 alios
3185 4068 3404 4160 quidem
3435 4093 3556 4146 lau-

1964 4179 2240 4245 dabimus,
2277 4179 2417 4235 alios
2444 4188 2626 4235 autem
2662 4183 3151 4251 reprehendemus,
3179 4185 3324 4253 quod
3359 4193 3550 4240 tacue-

1957 4273 2076 4327 rint
2110 4271 2551 4342 expresserintve
2579 4272 2811 4342 aliquid,
2842 4282 2899 4328 et
2961 4274 3060 4328 hos
3096 4274 3315 4343 quide
3355 4275 3555 4344 proba-

1964 4362 2169 4428 bimus,
2225 4363 2364 4418 alios
2394 4378 2547 4430 vero,
2578 4365 2721 4434 quod
2755 4380 2864 4420 non
2902 4366 3012 4419 sint
3043 4367 3201 4422 nobis
3233 4366 3376 4432 usui,
3422 4365 3552 4436 reji-

1962 4457 2176 4512 ciemus
2215 4472 2228 4509 :
2284 4457 2446 4512 liccat
2481 4459 2594 4512 bmc
2625 4459 2816 4514 eadem
2851 4460 3054 4514 audere
3113 4469 3306 4516 contra
3368 4461 3549 4529 ipsum

278 4550 364 4619 ἐφ’
417 4550 651 4604 ἑκάστου
710 4551 1062 4621 χρησάμενον
1126 4551 1421 4634 φαίνεται,
1482 4554 1576 4607 καὶ
1642 4555 1712 4608 τά
1769 4555 1859 4627 μὲι

1977 4548 2270 4618 Spiritum,
2305 4564 2416 4605 non
2465 4552 2640 4606 solum
2668 4554 2798 4622 quia
2839 4553 2886 4611 is
2919 4553 3082 4607 fuerit
3118 4562 3329 4621 auctor,
3365 4568 3465 4608 cur
3501 4555 3556 4609 hi

277 4642 511 4712 σιγῆσαν
534 4644 601 4696 τὰ
641 4642 690 4695 δ’
721 4642 943 4712 είρηκδς
975 4643 1064 4695 διά
1103 4643 1214 4696 τῶν
1258 4643 1624 4710 διδασκάλων,
1657 4639 1740 4710 οἷς
1775 4647 1865 4700 τὸν

278 4731 375 4802 τῆς
409 4730 669 4801 ἀληθείας
697 4731 856 4800 λόγον
907 4732 1144 4786 ἐνέπνει.
1181 4733 1244 4786 Εἰ
1278 4733 1322 4786 δ’
1354 4733 1412 4787 ἐν
1451 4736 1604 4789 ἐστιν
1657 4738 1862 4804 ἐκεῖνο,

281 4825 377 4878 καὶ
405 4822 668 4894 ἀληθείας
699 4824 935 4895 Πνεῦμα
971 4825 1314 4893 πιστεύεται,
1342 4828 1435 4881 καὶ
1469 4830 1635 4882 πᾶσιν
1663 4830 1866 4898 ὁμοίως

280 4916 560 4988 εὐεργετεῖ
582 4917 707 4979 τοὺς
740 4917 1091 4989 ἀνθρώπους,
1129 4919 1251 4972 οὐδὲ
1281 4921 1346 4974 τά
1383 4920 1494 4975 τῶν
1525 4922 1864 4978 διδασκάλων

283 5007 457 5072 ἄλλως
488 5009 633 5078 ἐχειν
663 5008 869 5062 οἴεσθαι
897 5011 1023 5080 χρή.
1062 5009 1201 5063 Ἀλλ’
1237 5010 1322 5064 ἵνα
1373 5010 1448 5082 μὴ
1485 5011 1656 5065 πολλὰ
1686 5014 1864 5082 λέγων

284 5101 414 5170 ὑμῖν
461 5100 684 5172 ἐνοχλῶ,
735 5100 858 5154 ὃθεν
925 5103 1036 5156 τῶν
1082 5102 1260 5171 λόγων
1314 5104 1523 5158 τούτων
1581 5105 1863 5177 ἠρξάμην,

283 5194 460 5246 ἐκεῖσε
500 5193 663 5248 πάλιν
707 5193 987 5266 ἐπάνειμι.
1021 5196 1085 5250 Et
1119 5197 1220 5266 μὲν
1257 5197 1363 5267 γὰρ
1411 5199 1668 5269 φανερῶς
1715 5202 1868 5254 ἀντι-

284 5284 580 5354 φάσκοντες
629 5287 680 5340 οἱ
711 5288 810 5357 τῆς
850 5287 1178 5357 Ἐκκλησίας
1230 5289 1486 5357 ἑωρῶντο
1531 5288 1864 5358 διδάσκαλοι,

285 5378 377 5430 καὶ
422 5377 546 5449 δίχα
593 5379 960 5450 διαιρεθέντες
1019 5382 1067 5434 οἱ
1129 5381 1231 5450 μὲν
1281 5381 1470 5451 ἔλεγον
1525 5383 1627 5436 οὐκ
1675 5384 1740 5438 ἐκ
1769 5385 1864 5439 τοῦ

284 5469 418 5524 Υίοῦ
457 5471 707 5542 προϊέναι
750 5471 812 5524 τὸ
858 5472 1106 5542 Πνεῦμα,
1139 5475 1188 5526 οἱ
1218 5473 1275 5525 δὲ
1307 5473 1469 5527 τοῦτο
1517 5476 1866 5547 κατέφασκον

285 5555 330 5631 ᾧ
368 5562 461 5617 νῦν
492 5562 709 5632 λέγουσι
738 5563 949 5634 τρόπῳ,
985 5565 1094 5617 ἔδει
1123 5564 1221 5636 τὴν
1254 5565 1351 5634 μὲν
1375 5565 1669 5636 ἀντίφασιν
1703 5571 1866 5642 μέχρι

284 5655 391 5712 τῶν
420 5657 594 5727 λόγων
621 5653 763 5712 εἶναι
810 5659 1132 5727 νομίζοντας
1163 5659 1256 5711 καὶ
1291 5659 1391 5730 τὴν
1427 5659 1633 5731 μάχην,
1666 5662 1779 5728 τοῖς
1808 5663 1866 5715 δὲ

286 5751 520 5820 νοήμασι
577 5750 670 5804 καὶ
723 5751 931 5821 σφόδρα
991 5750 1264 5822 συνῆφθαι
1327 5754 1553 5817 τούτους
1614 5754 1866 5827 ἀλλήλοις

287 5840 718 5913 ὑποτιθεμένοις,
768 5842 1065 5916 πειρᾶτθαι
1130 5843 1231 5912 τῆς
1308 5845 1366 5898 ἐν
1442 5847 1556 5913 τοῖς
1619 5846 1866 5917 ῥήμασιν

1973 4639 2265 4704 tacuerint,
2324 4641 2401 4694 illi
2448 4643 2843 4712 expresserim,
2891 4660 3000 4710 quo
3034 4644 3090 4698 fit
3129 4653 3186 4699 ut
3240 4647 3554 4701 necessario

1969 4739 2025 4786 et
2080 4731 2196 4801 ipse
2253 4733 2544 4804 participet
2593 4733 2832 4789 honores
2892 4743 2948 4790 et
2998 4739 3358 4799 contumelias
3397 4753 3410 4791 :
3445 4741 3556 4808 {sed

1969 4824 2132 4877 etiam
2184 4825 2329 4892 quod
2359 4839 2494 4880 usus
2542 4825 2885 4897 singulorum
2939 4844 3126 4900 opera,
3170 4831 3285 4883 lucc
3331 4832 3551 4900 quidem

1971 4914 2088 4985 ipse
2137 4917 2393 4983 tacuerit,
2439 4917 2527 4971 illa
2596 4933 2726 4973 vero
2765 4935 2861 4989 per
2901 4923 3156 4977 doctores
3199 4923 3553 4991 expresserit,
3590 4954 3599 4962 ς

1971 5009 2173 5078 quibus
2204 5025 2516 5066 sermonem
2573 5013 2821 5066 veritatis
2854 5014 3196 5069 infundebat.
3228 5015 3292 5067 At
3337 5013 3380 5068 si
3414 5030 3556 5068 unus

1969 5100 2061 5155 ille
2087 5109 2191 5166 est,
2237 5113 2292 5156 et
2329 5104 2556 5173 spiritus
2587 5107 2831 5161 creditur
2871 5107 3140 5169 veritatis,
3167 5114 3222 5160 et
3273 5106 3555 5161 beneflciis

1969 5191 2136 5248 allicit
2166 5194 2420 5250 homines
2464 5197 2690 5268 adarque
2726 5214 2820 5266 per
2851 5199 3054 5259 omnia,
3091 5213 3193 5251 ncc
3235 5213 3324 5253 res
3371 5199 3557 5252 docto-

1971 5300 2092 5338 rum
2131 5287 2290 5341 aliter
2311 5303 2370 5343 sc
2394 5288 2594 5344 habere
2621 5290 2878 5360 putanda:
2911 5299 3059 5346 sunt.
3118 5290 3223 5345 Sed
3262 5305 3330 5345 ne
3386 5291 3558 5347 multa

1971 5379 2206 5436 dicendo
2232 5383 2338 5436 sim
2381 5383 2536 5437 vobis
2565 5384 2848 5447 molestus,
2879 5385 2946 5437 ad
2977 5399 3038 5439 ea
3067 5391 3311 5438 revertor
3337 5384 3403 5439 de
3431 5384 3558 5454 qui-

1970 5474 2074 5530 bus
2119 5491 2280 5546 agere
2330 5492 2628 5547 cmpcram.
2689 5476 2746 5532 Si
2787 5483 2943 5534 enim
2995 5478 3254 5533 Ecclesiae
3303 5478 3556 5534 doctores

1971 5572 2318 5641 apertissime
2343 5580 2654 5642 pugnarent
2695 5574 2836 5626 inter
2864 5589 2946 5639 se,
2977 5583 3142 5642 atque
3181 5573 3320 5629 duas
3353 5575 3405 5628 in
3429 5588 3552 5642 par-

1971 5673 2054 5718 tes
2089 5664 2270 5728 divisi,
2318 5665 2371 5732 hi
2409 5664 2630 5733 quidem
2677 5676 2945 5734 negarent
3002 5667 3268 5736 Spiritum
3312 5683 3381 5753 ex‘
3417 5667 3555 5723 Filio

1968 5755 2288 5826 procedere,
2321 5755 2373 5808 hi
2416 5771 2544 5808 vero
2605 5756 2944 5812 aﬂirmarent
2975 5769 3032 5812 ut
3088 5775 3234 5816 nunc
3291 5759 3502 5816 faciunt
3537 5777 3554 5817 :

1969 5854 2267 5918 oporteret,
2321 5847 2725 5905 contrariorum
2782 5851 3146 5910 assertionem
3207 5861 3262 5912 et
3318 5869 3556 5928 pugnam
