4038 6412
315 378 416 439 Ξιιτ

1450 377 1739 437 ORATIO
1776 377 1863 435 Ill
1910 377 2008 434 AD
2036 376 2432 436 SYNODUM.

3466 370 3566 433 518

316 491 524 542 τ.οἑναι
557 489 706 541 δοκεῖ
732 490 794 559 τῇ
827 489 956 559 περὶ
986 488 1192 543 τούτων
1226 492 1428 561 σιωπῇ.
1460 493 1525 561 τῇ
1564 491 1747 561 Γρῖφῇ
1793 492 1888 543 καὶ

1999 491 2243 543 docemla
2304 491 2379 543 rei
2428 489 2653 542 veritate
2709 488 3112 542 abstinuerunt.
3173 488 3323 554 Quod
3383 497 3566 545 autem

324 584 487 652 μοίρᾳ
534 580 642 633 τῶν
680 580 1014 633 διδασκάλων
1063 582 1163 651 μιᾷ
1216 579 1298 643 οἷς
1353 581 1624 651 ὡμίλησε,

319 675 463 726 ἔοικε
522 672 916 743 μαρτυρεῖν,ἢ
966 673 1223 743 καθαρῶς
1278 675 1659 742 ἀποφάσκειν·
1715 674 1892 726 καίτοι

320 766 414 818 καὶ
452 766 699 835 φανερῶς
752 766 1072 836 ἡρνημένην
1123 766 1359 836 χαλεπὸν
1409 767 1562 819 οὐδὲν
1618 766 1735 819 ἔστι
1775 767 1891 827 τοῖς

316 858 565 927 είρηκόσι
601 857 993 920 συνάπτεσθαι,
1100 861 1195 911 καὶ
1234 859 1463 922 πολλοὺς
1507 859 1699 922 ἄλλους
1731 856 1891 927 ἐμέλ-

319 949 481 1016 λομεν
509 948 574 1001 ἂν
605 948 896 1021 συνάπτειν
930 952 1356 1018 συναραμένους.

1690 582 1892 651 μᾶλλον

1999 581 2278 634 silentium
2312 579 2518 634 indicio
2545 580 2612 633 sit
2644 595 2739 634 eos
2777 591 2964 634 contra
3028 582 3229 635 sentire
3280 583 3399 637 aliis
3452 599 3567 638 rem

1997 672 2451 740 cxprimcntibus,
2483 682 2535 725 et
2570 672 2760 725 haberi
2788 673 3113 727 sententiam
3146 673 3215 727 ab
3244 674 3310 726 iis
3345 689 3445 743 pro
3474 675 3545 729 fal

1996 778 2077 827 sa,
2110 762 2221 830 jam
2245 772 2529 817 ostensum
2559 772 2642 817 est
2677 764 2821 817 nulla
2868 767 3077 819 ratione
3105 765 3213 819 dici
3248 782 3406 835 posse
3436 786 3447 821 :
3513 775 3567 821 et

1997 853 2042 907 si
2073 853 2197 921 quis
2240 853 2355 907 lucc
2399 855 2626 907 tacendo
2682 856 3017 924 negationem
3086 872 3283 924 ponere
3328 855 3565 920 videtur,

1996 946 2292 1015 Scriptura:
2326 945 2527 1014 potius,
2554 956 2606 1000 et
2633 948 2792 1003 alteri
2815 947 3103 1002 doctorum
3138 950 3303 1018 parti,
3328 965 3564 1019 quorum

319 1036 724 1094 lucubrationes
772 1040 940 1109 legit,
995 1041 1127 1094 dare
1186 1041 1401 1096 videtur
1449 1039 1871 1103 testimonium,
1912 1054 2073 1107 quam
2134 1039 2419 1107 perspicue
2482 1054 2729 1109 negare:
2783 1056 3091 1110 quanquam
3176 1051 3360 1111 aperte
3403 1043 3567 1097 etiam

321 1131 609 1198 negatione
648 1131 839 1199 posita,
867 1139 1046 1200 potest
1097 1132 1494 1188 allirmantibus
1530 1133 1681 1187 nullo
1758 1131 1976 1200 negotio
2035 1130 2342 1197 conciliari,
2387 1141 2448 1186 ut
2499 1133 2652 1186 multi
2719 1148 2938 1203 quoque
2997 1134 3110 1199 alii,
3167 1135 3212 1189 si
3289 1134 3571 1204 negationi

319 1217 601 1275 favissent.

389 1314 608 1369 Τούτων
634 1311 727 1370 οὖν
749 1315 921 1380 οὕτως
952 1318 1204 1387 ἐχόντων,
1260 1319 1439 1389 μάτην
1473 1320 1770 1389 κοψόμεθα,
1809 1320 1900 1387 ,τά

322 1408 783 1479 συγκεκλωσμένα
835 1410 1152 1473 διιστῶντές
1206 1428 1266 1463 τε
1338 1412 1438 1465 καὶ
1513 1412 1896 1484 συμφύροντες

322 1498 686 1567 τούναντίονῆ
719 1496 973 1564 λέγεται·
1018 1498 1112 1551 καὶ
1143 1498 1419 1562 διαλύσεις
1467 1500 1608 1554 οὕτω
1668 1502 1891 1572 προχεί-

320 1608 443 1661 ρους
476 1589 873 1659 περιοψόμεθα,
929 1591 1121 1662 ῶσπερ
1184 1593 1261 1661 τῷ
1322 1591 1589 1662 πολεμεῖν
1635 1594 1890 1663 ἀλλήλοις

318 1683 410 1735 καὶ
437 1679 613 1733 ταῦτα
649 1683 779 1753 περὶ
805 1681 1065 1737 τοιούτων
1101 1684 1554 1755 φιλοτιμούμενοι
1578 1702 1592 1715 ο
1629 1686 1725 1739 καὶ
1770 1686 1885 1739 δια-

318 1775 586 1843 στήσομεν
641 1775 891 1843 ἀλλήλων
965 1776 1094 1837 τοὺς
1160 1775 1553 1843 διδασκάλους,
1607 1776 1700 1840 οὒς
1747 1777 1886 1831 αύτά

2072 1314 2206 1369 Cum
2239 1313 2403 1383 igitur
2437 1314 2550 1369 haec
2573 1314 2644 1369 ita
2673 1330 2732 1370 se
2761 1314 3017 1384 habeant,
3046 1316 3248 1371 frustra
3277 1315 3571 1385 querimo-

2001 1402 2121 1457 nias
2153 1402 2497 1467 iterabimus,
2530 1417 2653 1472 qua:
2682 1411 2909 1457 consula
2941 1411 3070 1459 sunt
3095 1405 3405 1460 dissuentes
3439 1419 3569 1459 con-

1998 1494 2421 1564 fundentcsque,
2483 1504 2679 1549 contra
2745 1511 2910 1565 quam
2966 1496 3161 1567 adagio
3212 1497 3451 1559 dicitur;
3514 1506 3570 1553 et

1996 1585 2437 1639 conciliationem
2488 1584 2627 1640 adeo
2684 1584 2900 1641 facilem
2942 1588 3303 1659 negligemus,
3338 1590 3565 1659 perinde

1988 1687 2053 1727 ac
2082 1674 2124 1727 si
2158 1673 2363 1729 mutuis
2398 1673 2576 1737 bellis,
2610 1674 2770 1744 idque
2792 1675 2860 1729 de
2896 1676 3060 1731 rebus
3099 1677 3430 1747 lmjusmodi,
3466 1680 3569 1734 lio-

1995 1763 2143 1819 noris
2189 1778 2356 1817 causa
2405 1764 2744 1819 oblectemur
2788 1782 2801 1820 :
2852 1776 2905 1820 et
2935 1767 3185 1823 doctores
3220 1784 3248 1821 a
3285 1769 3567 1825 communi

320 1837 582 1918 συνάπτει
619 1867 715 1919 καὶ
750 1837 855 1935 πρὸ
887 1867 997 1920 τῶν
1030 1868 1249 1921 οἰκείων
1276 1868 1451 1938 λόγων
1495 1837 1577 1921 -τά
1624 1837 1888 1939 πράγμα-

1996 1855 2288 1939 concordia
2323 1855 2721 1925 disjungemus,
2753 1872 2894 1927 quos
2924 1867 3051 1913 ante
3083 1875 3182 1913 sua
3218 1861 3383 1914 etiam
3420 1861 3570 1929 ipso-

317 1976 406 2013 τα.
451 1958 801 2029 Ἀλλ’ὦσπερ
831 1959 929 2012 οὐκ
957 1959 1074 2013 ἐστι
1111 1960 1370 2030 καθαρῶς
1400 1961 1546 2031 ἡμᾶς
1586 1962 1890 2033 εἰρηνεύειν

322 2051 397 2118 μὴ
455 2050 563 2101 τῶν
610 2050 1143 2121 ἀμφισϐητουμένων
1195 2051 1376 2121 κρίσει
1431 2054 1740 2119 λυθέντων,
1794 2055 1891 2108 καί⁵

317 2143 673 2213 διορισθέντον
706 2143 823 2206 ἑνός
856 2160 1002 2206 τινος
1049 2143 1144 2197 τοῦ
1186 2144 1352 2197 πᾶσιν
1392 2144 1721 2213 ἀρέσκοντος
1752 2162 1765 2177 ⁸
1796 2145 1889 2200 ού-

322 2252 429 2298 τως
461 2236 581 2288 οὐδὲ
609 2235 708 2303 τῆς
761 2234 1021 2305 ἀληθείας
1060 2236 1337 2306 ἐπιτυχεῖν
1356 2236 1471 2289 ἔστι
1508 2238 1582 2306 μὴ
1640 2238 1734 2306 τῆς
1783 2239 1891 2291 τῶν

313 2329 490 2393 ἁγίων
519 2326 819 2395 συμπνοίας
844 2327 932 2379 ἐπ’
963 2327 1131 2396 αὐτὴν
1164 2329 1312 2396 ἡμᾶς
1345 2326 1665 2398 ὁδηγούσης.
1714 2328 1889 2398 ’Υπὲρ

321 2415 527 2469 τούτων
557 2416 613 2468 δὲ
636 2416 960 2486 ἀμφοτέρων
989 2418 1123 2486 ἡμῖν
1165 2418 1316 2469 πᾶσα
1353 2419 1386 2486 ἡ
1421 2417 1647 2487 σπουδή.
1682 2416 1810 2470 Ἐπὶ
1837 2420 1890 2470 τί

322 2508 377 2559 δὲ
409 2506 545 2575 πρὸς
589 2504 725 2558 Θεοῦ
758 2506 851 2559 καὶ
878 2505 974 2573 τὴν
1005 2505 1186 2559 αίτίαν
1227 2506 1471 2559 ἀνοίσετε
1502 2505 1594 2558 τοῦ
1650 2506 1724 2575 μὴ
1758 2508 1889 2560 πάν-

324 2614 418 2662 τας
445 2597 569 2659 tot»;
592 2597 945 2660 διδασκάλους
985 2596 1235 2665 στέργειν
1264 2598 1480 2667 ἐπίσης,
1510 2600 1713 2651 ὁπόταν
1737 2599 1889 2669 ὑμῶν

322 2687 416 2739 ἐπὶ
465 2687 555 2741 τοῦ
601 2685 778 2740 κοινοῦ
804 2687 1157 2755 δικαστηρίου
1216 2687 1644 2751 πυνθάνωνταις
1698 2690 1757 2743 ού
1782 2690 1889 2761 γάρ

324 2777 470 2848 οἴμαι
523 2782 648 2850 σιγῇ
694 2778 934 2832 τοιοῦτον
987 2780 1231 2850 ἀδίκημα
1291 2781 1582 2853 παρελθεῖν
1641 2781 1708 2837 ἂν
1764 2785 1889 2847 τοὺς

327 2870 710 2942 ἠμελημένους
767 2884 781 2900 ⁶
828 2872 1032 2942 μᾶλλον
1090 2872 1145 2925 δέ
1227 2872 1378 2925 οὐδὲν
1449 2867 1610 2944 ἦττον
1666 2874 1890 2927 ἐκείνων

326 2964 466 3035 ὑπὲρ
496 2964 717 3016 ἐκείνων
746 2965 841 3016 καὶ
873 2964 922 3015 οἱ
952 2964 1216 3033 τιμᾶσθαι
1244 2964 1529 3027 δοκοῦντες
1573 2966 1889 3034 ἀγανακτή-

327 3074 503 3110 σουσι.
540 3055 613 3108 Τὸ
653 3055 761 3110 τῶν
819 3058 1159 3125 σιγησάντων
1216 3054 1431 3124 ἀξίωμα
1487 3054 1886 3125 προϐαλεῖσθες

325 3147 435 3199 Καὶ
461 3147 566 3217 μὴν
587 3146 767 3199 αὐτῶν
798 3147 1046 3216 ἁγιότητι
1087 3146 1187 3216 μὲν
1241 3146 1393 3199 οὐδὲν
1450 3146 1706 3209 ἐλάττους
1757 3147 1883 3209 εἰσὶ,

326 3239 482 3309 σοφίᾳ
502 3239 556 3292 δὲ
578 3239 672 3293 καὶ
701 3238 836 3293 πολὺ
883 3238 1210 3309 προέχουσιν
1250 3238 1381 3291 ένιοι
1434 3238 1544 3290 τῶν
1598 3236 1885 3293 εἰπόντων.

333 3330 498 3383 Ἀλλά
516 3330 577 3382 τὸ
613 3329 815 3399 πλῆθος
847 3331 1064 3399 ἐρεῖτε;
1103 3313 1213 3382 Καὶ
1256 3327 1363 3398 μὴν
1398 3330 1491 3382 καὶ
1515 3328 1690 3397 τούτῳ
1730 3326 1893 3380 νικῶ-

327 3442 429 3478 σιν.
460 3424 522 3477 El
550 3423 606 3475 δέ
643 3425 741 3485 τας
776 3424 930 3494 παρά
956 3421 1065 3475 τῶν
1091 3421 1329 3475 συνόδων
1357 3423 1546 3491 τιμὰς,
1580 3419 1731 3490 παρά
1765 3417 1890 3488 σφί-

325 3534 377 3569 σι
398 3516 664 3583 δείξουσιν
694 3514 860 3571 οὖσαν
916 3518 1016 3587 τὴν
1042 3516 1345 3588 ὑπεροχήν.
1395 3516 1557 3569 Ἀλλὰ
1590 3515 1666 3585 τῷ
1718 3514 1891 3568 δεινὸν

324 3608 530 3661 οἴεσθαι
560 3608 717 3674 δόξαν
751 3610 826 3678 μὴ
862 3608 1012 3679 ποιρά
1051 3609 1267 3663 πάντων
1304 3606 1442 3676 όμοῦ
1473 3606 1890 3678 κρατυνομένην

325 3700 735 3771 προσδέχεσθαι.
781 3700 924 3753 Ἀλλ’
951 3698 1071 3753 ούδέ
1088 3697 1234 3751 τοῦτ’
1262 3695 1484 3765 εὔλογον
1511 3710 1525 3724 '
1582 3697 1892 3768 ἀντιλέγον-

322 3812 411 3858 τος
441 3797 550 3864 γάρ
571 3794 785 3855 οὐδενὸς
810 3792 1014 3846 οὑτωσὶ
1049 3790 1322 3862 φανερῶς,
1382 3789 1567 3843 ἱκανόν
1614 3790 1765 3843 ἐστιν
1791 3788 1890 3841 αύ-

323 3885 419 3956 τὴν
474 3886 583 3939 ἀπὸ
629 3885 775 3938 δυοῖν
820 3882 1261 3954 μαρτυρεῖσθαιο
1318 3880 1459 3953 αὕτη
1516 3881 1573 3934 δὲ
1620 3878 1890 3934 τοσούτων

322 3979 633 4049 συνηγόρων
665 3978 1000 4047 ηὐπόρηκεν.
1037 3977 1106 4028 Ἦ
1140 3974 1317 4028 καὶτὸ
1347 3973 1479 4043 περὶ
1515 3973 1606 4024 τὸν
1638 3970 1890 4040 Λάζαρον

314 4070 529 4140 θαῦμα,
556 4071 651 4124 καὶ
676 4069 774 4140 τὴν
822 4069 922 4137 τῆς
947 4066 1339 4137 Σαμαρείτιδος
1373 4064 1663 4135 συντυχίαν
1711 4079 1891 4131 παρα-

313 4161 697 4236 δραμούμεθα,
729 4161 811 4214 ὅτι
844 4161 920 4231 μὴ
958 4158 1168 4222 πάντας
1213 4156 1342 4227 ἔσχε
1408 4152 1837 4224 συμφωνοῦντας
1862 4153 1891 4207 ὁ

312 4255 488 4310 ταῦτα
514 4254 687 4322 λέγων
732 4253 857 4314 τοὺς
902 4248 1314 4318 εὐαγγελιστάς.
1354 4243 1487 4302 Εἶτα
1520 4248 1615 4300 καὶ
1646 4246 1773 4307 τοὺς
1832 4245 1890 4298 ἐν

311 4347 428 4407 τοῖς
447 4343 815 4413 δικαστηρίοις
835 4340 1049 4408 ἀγῶνας
1076 4339 1233 4393 ἄλλον
1258 4338 1383 4391 τινά
1407 4336 1706 4391 διετίθεσθε
1756 4335 1887 4406 τρόο

310 4454 443 4502 πον,
469 4437 518 4488 οί
557 4434 835 4504 ἄνθρωποι
863 4432 999 4501 πρὸς
1030 4432 1178 4502 ἡμᾶς
1217 4429 1425 4501 ἐροῦσι,
1468 4430 1561 4483 καὶ
1597 4429 1740 4483 πάνυ
1806 4429 1889 4481 δι-

1996 1962 2115 2000 rum
2141 1932 2285 2002 dicta
2308 1962 2395 2002 res
2422 1947 2549 2016 ipsa:
2576 1947 2917 2018 conjungunt
2944 1968 2957 2003 :
2986 1949 3078 2002 sed
3106 1951 3562 2018 quemadmodum

1998 2038 2111 2093 fieri
2169 2054 2280 2092 non
2330 2047 2505 2107 potest
2553 2051 2611 2093 ut
2644 2054 2765 2092 vera
2802 2056 2900 2110 pax
2940 2042 3263 2096 Conficiatur
3309 2044 3362 2097 ni
3411 2046 3567 2112 prius

1997 2144 2094 2200 per
2118 2129 2386 2198 judicium
2419 2131 2809 2184 controversia:
2836 2130 3117 2197 tollantur,
3152 2142 3204 2187 et
3234 2149 3400 2187 unum
3432 2136 3566 2203 quid

1997 2225 2285 2279 definiatur
2320 2225 2463 2294 quod
2503 2224 2758 2293 omnibus
2800 2226 3013 2295 placeat
3044 2243 3060 2281 :
3098 2227 3172 2280 ita
3210 2242 3308 2282 nec
3354 2232 3563 2283 verita-

1998 2324 2102 2371 tem
2134 2316 2351 2385 assequi
2383 2330 2698 2385 possumus.
2736 2317 2787 2369 ni
2819 2327 3135 2372 sanctorum
3166 2334 3467 2375 consensus
3496 2320 3565 2375 ad

1995 2423 2114 2459 eam
2153 2423 2251 2461 nos
2285 2407 2448 2460 durat
2484 2426 2499 2461 :
2533 2422 2695 2461 omne
2739 2423 2901 2476 porro
2936 2418 3182 2462 nostrum
3225 2410 3467 2464 studiqu
3506 2411 3563 2467 in

1997 2499 2083 2553 liis
2118 2498 2328 2553 duobus
2362 2509 2629 2552 versatur.
2663 2497 2803 2564 Quid
2837 2515 2967 2554 vero
3012 2516 3109 2569 per
3156 2502 3344 2567 Deum,
3390 2505 3553 2558 obse-

1995 2606 2112 2655 cro,
2136 2606 2316 2645 causa:
2345 2590 2603 2653 afferetis,
2639 2607 2738 2645 cur
2771 2608 2877 2645 non
2914 2608 3065 2661 aeque
3097 2594 3349 2649 doctores
3372 2611 3566 2651 omnes

1995 2682 2317 2748 admittatis,
2367 2698 2490 2737 cum
2543 2682 2592 2736 id
2631 2697 2659 2736 a
2704 2683 2858 2739 vobis
2899 2694 3144 2753 qumrent
3173 2686 3241 2740 ’in
3289 2690 3566 2743 communi

1991 2775 2250 2846 judicio?
2276 2774 2461 2845 Neque
2490 2777 2633 2830 enim
2664 2784 2792 2846 puto
2816 2788 3158 2847 contemptos
3184 2788 3384 2834 tantam
3418 2781 3567 2849 inju-

1998 2868 2135 2921 riam
2195 2867 2412 2921 silentio
2459 2869 2837 2937 prmterituros
2873 2886 2888 2924 :
2926 2870 3036 2924 imo
3080 2884 3209 2924 vero
3247 2886 3352 2925 non
3386 2873 3567 2927 minus

1995 2975 2159 3029 quam
2200 2959 2301 3025 illi,
2334 2974 2433 3029 pro
2466 2960 2575 3015 illis
2615 2961 2851 3029 graviter
2882 2961 2986 3016 hoc
3023 2963 3199 3031 ipsum
3237 2963 3441 3017 laturos
3470 2978 3567 3017 eos

1993 3052 2183 3117 etiam,
2217 3052 2313 3121 qui
2349 3052 2599 3107 videntur
2631 3052 2911 3108 honorari.
2948 3053 3339 3109 Auctoritatem
3366 3055 3566 3116 obten-

1995 3144 2139 3199 detis
2166 3158 2356 3200 eorum
2388 3144 2480 3214 qui
2520 3146 2849 3200 tacuerunt?
2875 3148 2941 3201 At
2966 3156 3117 3204 certe
3146 3146 3241 3206 alii
3279 3154 3568 3209 sanctitate

1992 3235 2212 3305 quidem
2256 3249 2369 3289 non
2418 3245 2549 3290 sunt
2583 3234 2915 3303 inferiores;
2960 3239 3181 3307 quidam
3232 3254 3361 3296 vero
3404 3245 3567 3299 etiam

1991 3327 2298 3383 eruditione
2322 3336 2450 3383 sunt
2480 3327 2636 3399 longe
2660 3331 2997 3399 superiores.
3023 3331 3343 3389 Producetis
3374 3336 3562 3389 multi-

1994 3420 2260 3487 tudinem,
2296 3420 2490 3474 ait?at
2516 3421 2586 3474 illi
2624 3422 2723 3476 hac
2745 3423 2909 3476 etiam
2948 3424 3000 3477 in
3037 3432 3188 3493 parte
3224 3426 3469 3482 vincunt.
3506 3428 3564 3483 Si

1992 3510 2225 3566 honores
2266 3526 2296 3565 a
2341 3512 2589 3567 conciliis
2636 3513 2884 3578 delatos;
2941 3516 3231 3571 ostendent
3280 3518 3352 3571 illi
3406 3520 3567 3587 plane

1993 3600 2254 3670 majorem
2276 3616 2375 3671 pro
2398 3617 2455 3657 se
2480 3604 2751 3658 liOuorum
2784 3605 3095 3661 cumulum.
3120 3608 3343 3674 Dicetis,
3366 3610 3564 3666 durum

1990 3692 2160 3747 videri
2197 3693 2352 3748 vobis
2382 3695 2713 3749 sententiam
2749 3696 3013 3766 recipere,
3054 3713 3175 3767 quae
3206 3713 3313 3753 non
3348 3700 3419 3754 sit
3448 3716 3565 3755 orn-

1993 3782 2156 3840 nibus
2205 3786 2452 3856 probata.
2515 3786 2714 3843 Verum
2762 3788 2815 3842 id
2862 3788 3024 3843 etiam
3077 3805 3186 3845 non
3243 3801 3325 3846 est
3368 3792 3567 3848 rationi

1991 3888 2415 3933 consentaneum
2470 3895 2487 3933 :
2534 3895 2659 3935 nam
2716 3895 2841 3936 cum
2899 3885 3100 3951 apertis
3154 3883 3335 3937 verbis
3402 3900 3565 3940 nemo

1991 3969 2348 4033 contradicat,
2382 3970 2517 4025 satis
2544 3981 2628 4027 est
2664 3972 2883 4028 duobus
2920 3973 3061 4027 illam
3100 3976 3333 4032 testibus
3357 3977 3562 4042 fulciri.

1993 4078 2117 4118 cum
2154 4071 2337 4118 tamen
2366 4064 2442 4117 illi
2475 4074 2624 4119 tanta
2652 4066 2793 4120 adsit
2815 4066 2973 4135 copia
3003 4080 3378 4135 patronorum.
3409 4072 3565 4124 Alio-

1990 4156 2124 4224 quin
2174 4163 2560 4223 przetcreamus
2608 4156 2771 4211 etiam
2831 4157 3155 4212 miraculum
3206 4158 3274 4213 de
3325 4159 3558 4226 Lazaro,

1991 4250 2434 4319 colloquiumque
2505 4263 2629 4303 cum
2688 4248 3033 4304 Samaritana
3086 4250 3369 4319 habitum,
3419 4256 3564 4323 quod

1990 4341 2083 4413 qui
2114 4341 2229 4395 haec
2262 4348 2572 4394 narratnon
2596 4354 2788 4395 omnes
2820 4341 3017 4396 habeat
3044 4351 3363 4398 atteslantes
3397 4360 3562 4400 evan-

1992 4434 2236 4503 gelistas.
2287 4430 2491 4484 Deinde
2533 4431 2797 4500 objicient
2838 4430 2994 4486 nobis
3043 4432 3133 4485 alii
3184 4431 3456 4497 homines,
3510 4449 3566 4490 et

313 4527 490 4591 καίως
524 4544 538 4558 ο
573 4525 696 4580 οὗτε
730 4524 838 4595 γὰρ
865 4524 1076 4595 σιωπὴν
1102 4523 1515 4592 προύτιμήσατέ
1564 4538 1695 4575 ποτε
1724 4521 1885 4589 λόγου

1993 4528 2111 4596 jure
2162 4526 2380 4596 quidem
2423 4525 2632 4595 optimo
2676 4542 2689 4579 :
2731 4540 2830 4580 cur
2872 4525 3057 4581 litibus
3098 4526 3239 4596 apud
3277 4528 3565 4584 tribunalia

313 4620 455 4691 πρὸς
492 4618 798 4690 μαρτυρίαν
826 4631 840 4647 ⁶
878 4617 1080 4686 μᾶλλον
1128 4616 1185 4669 δέ
1220 4615 1315 4668 καὶ
1348 4615 1520 4684 ταύτῃ
1576 4612 1722 4683 λόγῳ
1761 4630 1887 4666 συν-

313 4712 603 4785 απτομένη
635 4710 796 4778 λόγου
832 4708 1024 4779 χρείαν
1054 4709 1279 4776 ἐνέμετε
1308 4720 1324 4737 ⁸
1371 4707 1467 4759 καὶ
1502 4707 1646 4777 τρεῖς
1673 4705 1888 4774 λαμόάο

312 4821 500 4865 νοντες
528 4805 811 4873 μάρτυρας
838 4802 944 4854 τῶν
979 4798 1349 4870 ζητουμένων,
1378 4797 1561 4865 ἀξίους
1608 4797 1769 4861 ὄντας
1792 4815 1885 4850 πι-

322 4895 637 4961 στεύεσθαι,
676 4894 793 4947 οὗθ’
816 4895 1025 4955 ἑαυτοῖς
1048 4891 1232 4944 λοιπὸν
1257 4890 1380 4944 οὔτε
1402 4894 1513 4954 τοῖς
1546 4889 1888 4959 παράγουσιν

312 4988 629 5061 ὴνωχλεῖτε,
669 4986 875 5048 πάντας
905 4982 1547 5055 ἀνθρώπους.ζητοῦντες
1601 4981 1888 5051 μάρτυρας

313 5086 492 5156 ἥκειν.
514 5078 762 5152 Οἶμαιτά
783 5081 890 5133 τῶν
908 5079 1082 5134 ἄλλων
1095 5078 1430 5132 διδασκάλων
1451 5076 1734 5145 ἀξιώματα
1756 5092 1887 5145 προ-

314 5176 588 5239 σαλεῖσθε,
616 5172 673 5240 ἐξ
708 5166 781 5225 ὧν
804 5171 1122 5225 ὑπεναντίον
1150 5187 1200 5223 τι
1227 5171 1293 5239 τῇ
1318 5168 1424 5220 τῶν
1444 5168 1702 5220 εἰπόντων
1715 5183 1886 5220 κατα-

316 5266 482 5338 φάσει
519 5265 812 5333 συνάγεται
842 5280 859 5323 ,ο
888 5262 1002 5317 ἀλλ’
1064 5261 1185 5314 οὐδὲ
1245 5260 1393 5313 τοῦτ’
1450 5258 1637 5328 ἐροῦσι
1678 5259 1886 5312 δίκαιον

313 5360 433 5413 οὐδὲ
468 5359 699 5427 νόμιμον
728 5350 890 5422 εἶναι,
920 5356 988 5409 τὰ
1013 5353 1309 5425 διαρρήδην
1344 5352 1609 5421 λεγόμενα
1637 5350 1888 5420 παριδόν-

312 5472 410 5517 τας
442 5454 553 5511 τοίς
588 5450 912 5521 ἀμφιϐόλοις
939 5447 1329 5518 προστίθεσθαι
1366 5461 1383 5477 ο
1415 5445 1731 5497 τούναντίον
1775 5445 1883 5515 γάρ

317 5544 540 5613 μᾶλλον,
570 5545 632 5596 ἐκ
662 5542 770 5597 τῶν
808 5542 1210 5610 φανερωτάτων
1235 5537 1331 5592 καὶ
1377 5535 1552 5590 ταῦτα
1599 5535 1885 5603 κρίνεσθαι

312 5636 413 5689 δεῖ.
453 5637 519 5688 Ἀ
571 5635 679 5704 γάρ
709 5634 896 5701 λέγετε
949 5631 1090 5686 κατὰ
1143 5631 1252 5685 τῶν
1299 5630 1584 5701 ἡμετέρων
1638 5628 1886 5698 ἀδελφῶν

315 5726 623 5796 ἀξιώματα,
648 5727 708 5780 οὐ
740 5727 832 5779 τὸν
868 5726 980 5779 ίσον
1006 5724 1209 5796 τρόπον
1254 5725 1459 5785 πάντες
1483 5721 1667 5774 ἐνόουν
1700 5736 1716 5752 ο
1767 5721 1885 5775 ἀλλ’

316 5818 368 5870 oi
392 5816 485 5886 μὲν
513 5818 589 5882 ὡς
605 5819 702 5891 τὴν
732 5819 1008 5888 ἀπόφασιν
1039 5816 1507 5889 συμπεραίνοντα,
1561 5813 1610 5866 οἱ
1635 5813 1682 5867 δ’
1714 5812 1790 5877 ὡς
1815 5816 1879 5884 τῇ

1992 4621 2157 4673 alium
2213 4620 2502 4688 quemdam
2558 4618 2977 4688 prwscr-ipsistis
3033 4620 3303 4673 modum?
3348 4620 3404 4677 in
3459 4622 3566 4677 illis

1990 4707 2135 4762 enim
2167 4708 2445 4762 silentium
2477 4708 2543 4762 ad
2584 4708 2825 4763 dandum
2868 4711 3249 4765 testimonium
3283 4727 3563 4782 nunquam

1990 4800 2617 4868 scrmoni.pra:tulistis;
2649 4802 2780 4871 quin
2823 4802 2934 4856 imo
2970 4804 3212 4869 silentio,
3251 4804 3297 4859 si
3330 4808 3568 4876 couinno

1991 4903 2137 4946 ctum
2174 4908 2298 4948 cum
2331 4907 2586 4947 sermone
2615 4895 2712 4958 sit,
2742 4909 2900 4948 usum
2939 4895 3213 4951 sermonis
3253 4896 3521 4952 tribuistis
3550 4914 3564 4958 ;

1991 4984 2276 5053 tribusque
2308 4985 2567 5042 adhibitis
2613 4987 2827 5042 idoneis
2873 4989 3108 5044 testibus
3139 4989 3205 5043 de
3256 4990 3418 5044 rebus
3447 5006 3569 5059 quae

1989 5087 2118 5133 sunt
2149 5079 2200 5131 in
2235 5081 2641 5146 controversia,
2678 5097 2781 5136 nec
2808 5082 2966 5136 vobis
3000 5083 3136 5152 ipsis
3178 5082 3429 5150 amplius,
3466 5096 3568 5135 uec

1990 5170 2098 5223 iilis
2129 5185 2158 5223 a
2194 5170 2399 5239 quibus
2431 5174 2689 5242 producti
2731 5182 2863 5228 sunt
2895 5175 3175 5242 negotium
3212 5173 3564 5234 exhibuistis,

1989 5270 2298 5330 quzerentcs
2348 5264 2503 5319 vobis
2538 5278 2731 5321 omnes
2781 5265 3033 5320 homines
3090 5264 3319 5333 proferri
3370 5272 3561 5328 testes,

1990 5353 2251 5409 Fortasse
2298 5354 2533 5408 aliorum
2593 5355 2879 5411 doctorum
2935 5355 3208 5426 objicietis
3262 5354 3562 5421 axiomata,

1990 5461 2020 5499 e
2072 5446 2274 5515 quibus
2327 5449 2670 5502 contrarium
2726 5448 2985 5518 quiddam
3040 5448 3319 5518 colligitur
3369 5462 3562 5503 corum

1989 5536 2360 5601 allirmationi,
2400 5540 2493 5609 qui
2538 5540 2605 5596 de
2642 5542 2746 5597 hoc
2781 5540 3038 5612 dogmate
3071 5541 3240 5597 locuti
3274 5550 3423 5596 sunt.
3456 5541 3560 5595 Sed

1990 5634 2393 5703 respondebunt
2434 5634 2537 5688 hoc
2589 5636 2754 5690 etiam
2804 5651 2904 5689 nec
2954 5635 3164 5704 justum
3220 5648 3319 5688 nec
3352 5632 3565 5702 legibus

1989 5739 2110 5779 esse
2147 5736 2473 5787 consonum,
2508 5733 2565 5775 ut
2605 5722 2911 5779 manifestis
2940 5724 3270 5793 posthabitis
3301 5720 3577 5791 ambigua.

1991 5814 2264 5884 sequenda
2313 5813 2472 5868 sint:
2520 5823 2712 5871 contra
2762 5817 2931 5880 enim,
2981 5832 3044 5873 ex
3097 5816 3574 5875 manifestissimis"
