4038 6428
490 407 592 472 519

1580 358 1959 459 esNNADtt
1985 396 2096 461 cr.
2132 391 2653 458 enuntiante
3630 390 3720 450 :20

487 527 606 581 haec
637 523 800 580 etiam
846 531 974 578 sunt
1007 518 1328 591 jndicanda.
1372 518 1508 572 Nam
1550 535 1674 589 quae
1703 519 1912 573 vocatis
1938 533 2064 573 con-

2180 515 2481 583 ιιαταφὰσει
2517 505 2925 578 συνηγοροῦντα
2958 503 3174 564 πάντως
3217 501 3452 574 ἐδέχοντο
3480 517 3492 534 ο
3537 503 3592 555 οὐ
3612 501 3722 556 τοῦ·

480 617 659 672 Ίτιιτία
687 623 1001 670 nostrorum
1029 613 1260 664 fratrum
1293 609 1594 674 axiomata,
1633 625 1739 663 non
1773 623 1882 664 uno
1907 608 2067 662 modo

486 708 559 760 ab
593 705 852 760 omnibus
881 701 1160 757 intellecta
1193 708 1344 762 sunt,
1379 714 1408 753 a
1441 699 1770 768 quibusdam
1812 700 1958 753 euitn
1991 698 2070 753 sic

479 803 713 865 ‘at-cepta
749 802 896 857 sunt,
926 789 1085 861 quasi
1115 790 1466 859 negationem
1496 789 1873 844 concludentia
1908 805 1921 842 :
1950 790 2072 857 qui-

491 891 616 942 dam
666 900 800 940 vero
852 883 982 950 illa,
1037 893 1096 936 ut
1163 880 1514 936 affirmationi
1565 895 1790 951 prorsus
1837 880 2072 934 faventia

481 979 920 1042 intellexerunt;
957 990 1136 1046 neque
1167 976 1220 1028 id
1257 975 1459 1038 solum,
1491 974 1586 1027 sed
1629 973 1820 1028 multis
1849 987 2073 1043 quoque

491 1069 626 1122 altis
653 1069 938 1121 doctorum
967 1063 1385 1118 auctoritatibus
1419 1063 1500 1118 usi
1529 1071 1658 1116 sunt
1683 1073 1877 1118 vestrm
1907 1077 2072 1131 nega-

481 1161 666 1215 ‘lionis
699 1159 1040 1214 defensores.
1079 1157 1262 1222 Quare
1299 1155 1446 1226 quod
1476 1156 1541 1209 ad
1579 1156 1694 1209 haec
1721 1156 2073 1225 pronuntiata

499 1253 715 1316 attinet,
759 1265 864 1304 non
908 1248 1084 1318 magis
1120 1248 1352 1301 aliorum
1397 1247 1617 1302 silentio
1667 1246 1922 1300 standum
1968 1255 2074 1312 est,

488 1358 662 1411 quam
720 1340 928 1395 nostris
972 1338 1151 1393 dictis.
1203 1339 1390 1408 Neque
1438 1352 1570 1393 vero
1621 1337 1950 1408 confugietis
2003 1338 2073 1392 ad

500 1434 890 1504 ignorantiam,
917 1431 1008 1499 qui
1038 1431 1152 1486 haec
1180 1432 1362 1485 omnia
1389 1432 1556 1501 probe
1588 1431 1765 1491 St-itis.
1795 1438 1848 1484 et
1872 1431 2076 1486 multos

489 1528 639 1580 alios
672 1524 882 1578 habetis
936 1523 1051 1576 suis
1083 1521 1549 1576 obtestationibus
1584 1535 1645 1575 ea
1684 1521 1840 1575 vobis
1879 1534 2077 1590 prepo-

503 1628 732 1681 nentes;
777 1616 914 1670 nihil
951 1617 1098 1672 enim
1147 1624 1251 1679 est,
1315 1613 1464 1684 quod
1511 1612 1905 1682 impedimento
1955 1627 2078 1667 esse

505 1711 695 1780 possit,
734 1709 837 1764 nisi
873 1723 979 1762 una
1011 1708 1283 1763 voluntas.
1309 1706 1473 1772 Quod
1507 1705 1554 1760 si
1592 1705 1824 1760 aliorum
1859 1720 2079 1775 quoque

505 1814 820 1857 sanctorum
847 1800 1192 1870 proferantur
1219 1797 1480 1868 querelre,
1507 1812 1644 1868 quas
1667 1797 1867 1852 missas
1896 1797 2078 1852 facere

2170 623 2231 658 το
2268 606 2325 658 δὲ
2358 606 2542 674 μόνον,
2574 601 2713 656 ἀλλὰ
2739 599 2833 651 καὶ
2880 596 3100 657 πολλοῖς
3132 594 3314 657 ἄλλοις
3338 596 3401 647 ἐκ
3454 594 3556 646 τῶν
3596 595 3725 647 διδα-

2174 698 2393 751 σκάλων
2416 698 2463 748 oi
2499 695 2598 764 τῆς
2651 691 2929 762 ὑμετέρας
2975 687 3369 759 προϊστάμενοι
3424 685 3726 753 ἀποφάσεως

2174 788 2425 860 ἐχρῶντο
2455 788 2638 856 ῥητοῖς
2673 799 2689 816 ⁸
2732 785 2856 838 ὅθεν
2887 783 2948 835 ἔκ
2979 799 3045 849 γε
3071 781 3181 833 τῶν
3219 779 3471 833 τοιούτων
3502 777 3561 832 οὔ
3606 778 3727 846 μᾶλ-

2174 883 2265 935 λον
2298 883 2364 950 τῇ
2398 881 2580 948 σιωπῇ
2603 876 2716 930 τῶν
2741 876 2916 930 ἄλλων
2945 875 2977 943 ἢ
3008 876 3122 935 τοῖς
3158 871 3443 940 ἡμετέροις
3461 869 3630 937 λόγοις
3659 869 3727 922 τί·

2177 973 2368 1026 θεσθαι
2405 971 2536 1041 χρή.
2570 969 2681 1022 Καὶ
2705 967 2812 1038 μὴν
2839 965 2952 1019 οὔτ’
2983 965 3076 1016 ιπὶ
3099 965 3201 1032 τήν
3233 961 3454 1024 άγνοιαν
3477 959 3730 1028 καταφεύ-

2179 1062 2358 1128 ξεσθε,
2394 1060 2548 1115 αὐτοί
2577 1077 2636 1113 τε
2670 1059 2844 1113 ταῦτα
2873 1057 3074 1109 πάντα
3115 1054 3336 1117 εἰδότες,
3395 1051 3488 1106 καὶ
3539 1049 3732 1103 πολλῶν

2176 1155 2355 1211 ἄλλων
2384 1155 2517 1221 ὑμῖν
2542 1148 3091 1220 διαμαρτυρομένων,
3139 1145 3234 1196 καὶ
3276 1143 3370 1196 τοῦ
3439 1143 3512 1212 μὴ
3565 1140 3733 1210 βούλε-

2179 1246 2304 1298 σθαι
2339 1243 2500 1312 μόνον
2532 1240 2741 1310 εἴργειν
2767 1240 3007 1308 ἔχοντος.
3039 1237 3102 1289 Εἰ
3135 1235 3191 1288 δὲ
3227 1235 3323 1288 καὶ
3356 1234 3502 1300 παρά
3523 1232 3626 1284 τῶν
3649 1231 3734 1282 ἀλ-

2177 1337 2286 1390 λων
2317 1335 2492 1401 ἁγίων
2513 1331 2830 1403 προτεθεῖεν
2869 1329 3070 1396 ὀνείδη,
3127 1323 3213 1390 οἷς
3244 1327 3534 1397 προσέχειν
3590 1321 3737 1390 δῆθεν

2182 1428 2502 1499 βουλόμεθα,
2531 1426 2625 1480 καὶ
2650 1425 2836 1478 δίκαια
2871 1423 2972 1493 μὲν
3003 1420 3292 1474 αἰτιᾶσθαι
3322 1417 3444 1481 τοῦς
3469 1415 3733 1483 ἀδελφοὺς,

2176 1519 2328 1588 ἡμᾶς
2359 1518 2416 1570 δὲ
2450 1516 2702 1586 φανερῶς
2725 1515 2954 1578 ἀδικεῖν,
2978 1513 3129 1565 αὐτοὶ
3156 1510 3202 1565 δ’
3233 1512 3291 1564 ἐν
3319 1509 3480 1578 τιμῆς
3516 1506 3738 1574 προσχή-

2185 1629 2317 1682 ματι
2372 1591 2779 1680 συνηδικῆσθαι
2824 1607 2922 1660 καὶ
2985 1601 3451 1671 συνεκὸεδλῆσθαι
3527 1604 3739 1670 φήσειαν

2181 1703 2547 1774 παρελθόντες
2579 1717 2593 1730 ⁸
2627 1701 2689 1754 οὐ
2720 1701 2850 1769 γὰρ,
2881 1695 3061 1768 οἶμαι,
3088 1696 3433 1752 στασιάσουσι
3479 1693 3608 1764 πρὸς
3658 1690 3742 1744 ἀλ-

2183 1793 2399 1863 λήλους,
2435 1791 2525 1845 καὶ
2563 1791 2822 1846 τάναντία
2851 1792 2982 1861 περὶ
3029 1790 3188 1860 ἡμῶν
3244 1787 3568 1858 ψηφιοῦνται
3597 1800 3613 1819 ο
3665 1784 3740 1846 τίς

357 4735 361 4738 ’
436 4736 448 4794 ί
501 4735 876 4789 distrahamus
936 4737 989 4788 in
1045 4735 1358 4790 contrarias
1401 4735 1724 4799 sententias,
1783 4743 1879 4788 aut
1923 4735 2086 4789 dissi-

505 1892 730 1946 ntinime
781 1890 1060 1954 volumus,
1101 1889 1243 1958 quod
1279 1889 1477 1942 fratres
1508 1887 1732 1957 quidem
1765 1887 1913 1957 jus‘te
1943 1903 2075 1942 con-

2185 1887 2316 1958 ἡμῖν
2371 1886 2561 1939 λοιπὸν
2595 1885 2748 1938 ἔσται
2779 1884 3109 1953 καταφυγη;
3149 1881 3207 1935 τὸ
3253 1881 3312 1934 δὲ
3356 1881 3556 1950 μεῖζον,
3595 1878 3742 1930 άπαι-

504 1992 828 2053 querantur,
880 1997 981 2036 nos
1016 1996 1146 2035 vero
1194 1980 1476 2049 propalant
1523 1979 1667 2033 haud
1720 1993 1878 2048 aequa
1927 1980 2075 2034 lance

2183 1980 2368 2034 τοῦντι
2402 1979 2478 2051 τῷ
2501 1979 2736 2050 δεσπότῃ
2759 1977 2892 2049 παρ’
2921 1978 3081 2047 ἡμῶν
3109 1975 3209 2046 τὴν
3231 1977 3457 2047 εἰρήνην
3509 1973 3597 2028 καὶ
3654 1969 3740 2039 τὴν

505 2085 748 2141 utamur,
775 2089 951 2143 seque
981 2075 1167 2129 dicant
1202 2073 1428 2128 honoris
1458 2080 1720 2142 praetextu
1759 2072 1922 2126 simul
1953 2087 2075 2127 cum

2183 2071 2390 2140 γνῶσιν
2453 2071 2554 2141 τῆς
2601 2069 2886 2141 ἀληθείας,
2939 2065 3015 2124 ὧν
3059 2069 3158 2140 τὴν
3188 2069 3288 2136 μὲν
3335 2069 3581 2134 καθάπερ
3633 2061 3742 2115 τινὰ

497 2169 616 2222 illis
647 2167 875 2222 allectos
928 2179 1054 2220 esse
1109 2164 1332 2233 injuria,
1381 2164 1654 2233 simulque
1705 2163 1984 2233 explosos,
2035 2163 2075 2219 si

2181 2162 2391 2233 κλῆρον
2424 2161 2532 2216 ἔδει
2563 2162 2971 2230 διαφυλάττειν,
3013 2161 3114 2232 τὴν
3142 2162 3200 2215 δὲ
3235 2163 3427 2233 φέρειν
3451 2157 3612 2229 ἐχρῆν
3647 2153 3742 2208 ἀπὸ

505 2259 836 2327 prodeuntes
884 2257 939 2311 in
966 2299 973 2306 .
999 2255 1241 2310 medium
1283 2254 1398 2309 haec
1433 2254 1510 2308 illi
1550 2253 1813 2322 objiciant
1852 2271 1867 2309 :
1905 2268 2075 2323 neque

2184 2256 2283 2325 τῆς
2319 2255 2553 2310 ἐνταῦθα
2583 2254 2754 2323 ζωῆς,
2778 2253 2852 2316 ὼς
2882 2253 2950 2306 δι’
2983 2255 3200 2324 έκεῖνης
3231 2256 3404 2322 μόνης
3453 2245 3736 2319 σωθησομέ-

507 2349 652 2405 enim
676 2349 750 2402 ibi
776 2361 999 2418 quoque
1019 2349 1345 2406 contrarias,
1371 2344 1588 2412 opinor,
1625 2354 1926 2413 sequentur
1957 2358 2075 2412 par-

2185 2366 2330 2416 vou;,
2359 2349 2412 2402 τί
2435 2349 2543 2402 τῶν
2582 2349 2839 2404 ἁπάντων
2865 2349 3111 2412 εἰπόντες
3141 2349 3266 2418 οὐχὶ
3320 2348 3417 2402 καὶ
3471 2359 3743 2416 προσαναι-

497 2442 611 2508 tes,
641 2450 696 2496 et
735 2439 1036 2495 sententias
1067 2437 1132 2492 de
1177 2437 1336 2492 nobis
1376 2436 1817 2506 pronuntiabunt
1859 2436 2075 2506 opposi-

2187 2443 2441 2512 σχυντεῖν
2465 2441 2725 2512 δόσαιμεν
2765 2439 2834 2494 ἂν
2880 2440 2975 2492 καὶ
3010 2440 3227 2510 χείρους
3284 2439 3441 2503 δίκας
3487 2435 3742 2504 ὀφείλεινς

500 2540 591 2588 tas
619 2550 631 2587 :
664 2532 790 2602 quid
823 2531 1006 2598 nobis,
1037 2543 1244 2598 quaeso,
1278 2526 1470 2596 refugii
1502 2526 1808 2596 supererit?
1841 2525 1908 2581 Et
1940 2526 2075 2595 quod

2182 2535 2313 2588 ὀῦτε
2364 2535 2474 2603 γὰρ
2521 2532 2619 2603 τὴν
2648 2534 2760 2586 τῶν
2811 2532 3046 2604 Γραφῶν
3102 2531 3343 2603 ἐροῦμεν
3388 2533 3646 2599 ἀσάφειαν
3685 2521 3744 2596 ἦς

509 2623 689 2692 majus
736 2629 842 2685 est,
888 2620 1194 2691 reposcenti
1233 2637 1260 2672 a
1316 2618 1480 2673 nobis
1514 2618 1738 2673 domino
1789 2631 2001 2687 pacem,
2033 2625 2075 2670 cl

2186 2627 2485 2686 τοσούτους
2513 2625 2646 2695 ημῖν
2673 2623 2928 2678 ἐκάθισεν
2957 2625 3242 2695 ἑρμηνεῖς,
3265 2623 3395 2678 οὔτε
3445 2623 3566 2684 τοὺς
3614 2619 3742 2673 διδα-

502 2712 754 2768 veritatis
808 2710 1222 2781 cognitionem;
1283 2723 1516 2778 quarum
1573 2709 1663 2762 illa
1714 2708 1936 2778 quidem
1970 2722 2075 2763 ser-

2191 2719 2436 2782 σκάλους
2469 2720 2803 2789 συνηγόρους
2855 2718 3186 2788 καλέσομεν,
3245 2714 3746 2787 προκατεγνωκότας

506 2805 684 2859 vanda
715 2810 834 2858 erat
864 2817 892 2856 a
928 2801 1089 2857 nobis
1118 2800 1291 2855 veluti
1325 2799 1619 2855 [nereditas
1650 2799 1897 2869 quaedam
1929 2813 1944 2852 :
1973 2800 2075 2854 haec

2191 2811 2412 2876 πάντως
2444 2811 2622 2881 ἡμῶν.
2656 2809 2718 2864 ΕΞ
2746 2811 2802 2864 δὲ
2829 2812 2924 2864 καὶ
2957 2811 3204 2880 μέλλοιεν
3235 2811 3517 2881 παριέναι,
3561 2807 3608 2860 οἱ
3659 2804 3745 2876 μὲν

499 2909 642 2950 νει-ο
675 2909 743 2949 ex
778 2894 883 2948 hac
915 2893 1023 2946 vita
1051 2891 1405 2961 asportanda,
1433 2889 1582 2960 quod
1616 2905 1710 2959 per
1735 2905 1898 2944 unam
1937 2890 2075 2944 illam

2196 2901 2379 2956 αὐτῶν
2414 2906 2507 2956 καὶ
2539 2901 2705 2956 πάλιν
2743 2903 3030 2970 σιγῶντες,
3068 2903 3115 2954 οἱ
3146 2901 3204 2954 δὲ
3249 2901 3516 2955 τάναντία
3562 2912 3747 2968 μαρτυ-

511 2987 584 3040 sit
626 2984 786 3040 nobis
827 2984 976 3039 salus
1014 3001 1028 3038 :
1065 2982 1197 3053 quid
1233 2981 1395 3051 plane
1429 2983 1828 3050 respondentes
1864 2995 1974 3035 non
2007 2981 2075 3035 vi-

2186 2992 2412 3061 ροῦντες
2443 2991 2778 3062 περιφανῶς,
2808 2993 2929 3045 οὐδὲ
2950 2991 3247 3062 διατρίϐειν
3273 2993 3495 3062 ἐάσουσι
3519 2990 3640 3060 περὶ
3657 2989 3745 3050 τὰς

509 3077 743 3132 deamur
781 3076 1008 3144 insuper
1057 3083 1112 3128 et
1161 3072 1473 3143 petulantes
1521 3087 1664 3136 esse,
1716 3086 1780 3125 ac
1825 3071 1974 3143 digni
2021 3073 2075 3127 de

2189 3085 2405 3155 ψήφους
2450 3061 2543 3137 τὸν
2589 3061 2880 3153 δικαστήν.
2927 3061 3082 3136 Ἀλλί
3115 3083 3226 3136 οὐδ’
3265 3061 3490 3154 ἄμεινον
3541 3079 3747 3134 ἐκείνων

501 3168 714 3239 quibus
777 3167 1062 3236 grai-iores
1120 3178 1298 3234 paena:
1343 3163 1676 3219 sumantur?
1729 3161 1864 3218 Nam
1912 3180 2089 3234 neque
2115 3207 2157 3245 η
2191 3177 2451 3230 ἁπάντων
2473 3175 2542 3229 τὰ
2563 3175 2673 3229 τῶν
2701 3174 2936 3245 Γραφῶν
2963 3174 3118 3228 αὐτοὶ
3149 3177 3294 3228 νοεῖν
3321 3176 3654 3245 τολμήσομεν
3671 3170 3747 3222 λέ-

504 3260 923 3328 Scripturarum
964 3256 1354 3311 obscuritatem
1407 3254 1722 3318 aﬂ‘eremus,
1757 3255 1915 3324 cujus
1953 3257 2075 3311 adet

2196 3284 2313 3336 γειν
2343 3282 2358 3296 ⁸
2385 3265 2509 3320 οὔτε
2528 3268 2626 3337 τῆς
2650 3269 2876 3340 εἰρήνης
2905 3268 3244 3338 ἐπιθυμῆσαι
3307 3270 3432 3339 μὲν,
3471 3267 3529 3321 οὖ
3583 3263 3747 3334 τυχεῖν

511 3351 716 3406 multos
748 3349 1033 3408 constituit
1067 3349 1226 3404 nobis
1276 3351 1606 3417 interpretes
1637 3363 1653 3402 :
1691 3363 1867 3418 neque
1900 3348 2065 3403 docto

2193 3360 2251 3413 δὲ
2280 3360 2732 3431 διισχυριούμεθα
2763 3378 2778 3394 ’
2815 3361 2931 3426 πῶς
2955 3364 3063 3434 γὰρ
3094 3363 3143 3414 oi
3185 3363 3284 3414 καὶ
3337 3364 3461 3426 τοὺς
3514 3359 3744 3414 διδλσκά-

516 3459 602 3498 res
633 3443 1024 3498 advocabimus
1051 3449 1335 3511 patronos,
1364 3441 1476 3512 jam
1506 3441 1634 3496 olim
1663 3451 1811 3497 certe
1844 3442 2069 3496 damnat

2192 3453 2318 3516 λους
2372 3453 2623 3524 ἀλλήλοις
2682 3454 3024 3524 ἐκπολεμοῦν
3092 3455 3489 3525 βουληθέντες,
3545 3449 3616 3508 ὧν
3660 3451 3747 3519 τὴν

511 3537 581 3592 ab
614 3536 740 3592 illis.
774 3535 928 3601 Quod
953 3536 999 3589 si
1043 3533 1208 3588 etiam
1245 3532 1520 3597 aﬂuerint,
1556 3533 1608 3588 Iti
1643 3533 1863 3601 quidem
1900 3550 2075 3590 rursus

2192 3545 2451 3614 ὁμόνοιαν
2478 3545 2588 3600 τῶν
2609 3547 2666 3600 ὲν
2697 3547 2832 3617 ἡμῖν
2860 3547 3176 3602 σκανδάλων
3211 3548 3326 3601 ἔδει
3384 3547 3624 3618 γίνεσθαι
3668 3543 3750 3596 λύ-

514 3635 798 3695 tacentes,
832 3626 910 3680 illi
946 3641 1080 3682 vero
1113 3637 1304 3696 aperte
1335 3627 1610 3681 contraria
1643 3626 1959 3681 testimonio
1991 3641 2075 3682 ευ(

2195 3653 2314 3704 etv;
2341 3635 2530 3691 Ἦπου
2563 3640 2723 3710 σιγᾷν
2756 3639 2854 3709 μὲν
2913 3640 3141 3709 ἄμεινον
3189 3641 3350 3696 ἔσται
3409 3641 3573 3713 μηδὲν
3617 3639 3751 3709 έχου-

511 3719 777 3785 dicentes,
817 3733 924 3772 non
954 3719 1276 3788 permittent
1311 3718 1510 3787 judici,
1549 3729 1609 3773 ut
1649 3718 1739 3772 diu
1771 3719 1838 3773 de
1868 3718 2075 3773 ferend:

2194 3745 2280 3781 σιν
2311 3730 2391 3792 είς
2418 3730 2717 3798 ἀπολογίαν
2749 3731 3158 3804 προϐάλλεσθαι
3194 3749 3211 3766 ο
3260 3735 3387 3788 ἀντὶ
3419 3736 3475 3788 δὲ
3517 3734 3614 3803 τῆς
3652 3730 3747 3784 τῶν

511 3811 784 3865 sententia
831 3811 1052 3878 cogitet.
1112 3809 1221 3866 Set:
1276 3825 1455 3879 neque
1502 3811 1830 3866 audebimus
1884 3811 2075 3890 dicere,

2191 3819 2557 3892 ἐγκλημάτων
2578 3822 2877 3892 ὁμολογίας
2909 3823 2981 3877 τά
3029 3824 3134 3896 τῆς
3206 3831 3428 3898 σιωπῆς
3467 3825 3750 3894 ἀποχρήσει

511 3903 710 3959 melius
767 3918 797 3957 a
855 3904 1016 3958 nobis
1051 3918 1216 3974 quam
1284 3907 1352 3957 ah
1405 3903 1512 3959 illis
1561 3904 1823 3958 omnibus
1860 3904 2069 3973 intellig

2192 3912 2270 3982 τῷ
2296 3912 2548 3983 δικαστῇ.
2579 3906 2769 3976 Ὁῦτως
2794 3916 2926 3984 ἡμῖν
2950 3916 3186 3987 διαιρεῖν
3228 3919 3363 3982 τοὺς
3417 3914 3751 3972 διδασκάλους

510 3989 826 4068 Scrip'turas
855 4017 866 4053 :
897 4013 1072 4068 neque
1100 3997 1232 4051 illud
1264 3997 1424 4051 enixe
1454 3995 1871 4064 adﬁrmabimus,
1897 4012 2075 4066 paceni

2191 4004 2290 4072 τῆς
2318 4005 2650 4076 Ἑκκλησῖας
2678 4010 2800 4070 ταῖς
2831 4007 3108 4078 γνώμαις,
3134 4009 3168 4080 ἢ
3220 4011 3549 4082 μαχομένοις
3602 4005 3752 4071 ἀλλή-

507 4104 728 4163 optasse
780 4093 1024 4163 quidem,
1073 4091 1170 4148 sed
1221 4089 1442 4158 assequi
1490 4105 1599 4146 non
1653 4092 1899 4160 potuisse
1933 4109 1946 4145 :
1980 4105 2075 4160 qua

2191 4094 2325 4159 λοις,
2355 4095 2389 4167 ἢ
2430 4097 2616 4160 κακῶς
2638 4097 3014 4167 είρηνεύουσιν
3059 4102 3442 4172 ἀπαραίτητον
3493 4101 3601 4172 ἔχει
3632 4113 3753 4150 παν-

507 4187 656 4241 enim
692 4185 872 4240 fronte
905 4185 1010 4240 hoc
1037 4185 1309 4249 dicamus,
1342 4183 1436 4253 qui
1467 4183 1722 4239 doctores
1750 4185 2075 4240 etianrinter

2190 4187 2420 4258 ταχόθεν
2455 4189 2555 4260 τὴν
2583 4192 2797 4260 μέμψιν
2829 4208 2844 4223 ο
2871 4192 2933 4245 τὸ
2963 4193 3019 4246 δὲ
3051 4196 3352 4248 συνάπτειν
3376 4196 3632 4255 ἐκεῖνο-λς,
3685 4189 3752 4249 ὡς

504 4295 564 4335 se
599 4280 948 4335 committere
982 4278 1344 4340 voluerimus,
1383 4293 1619 4348 quorum
1663 4277 1956 4332 concordia
1992 4278 2075 4332 dc-

2191 4280 2578 4352 καὶπρότερον
2614 4282 2854 4354 εἴρηται,
2884 4286 3024 4350 πρὸς
3064 4288 3249 4341 πᾶσαν
3277 4290 3451 4360 τύχην
3497 4287 3666 4354 ἀρκεῖ.
3699 4283 3750 4335 Ei
3791 4311 3795 4314 -

503 4373 666 4426 bebat
717 4388 746 4425 e
801 4371 981 4425 medio
1042 4371 1234 4424 tollere
1290 4379 1483 4423 nostra
1543 4369 1848 4424 scandala?
1900 4368 2075 4424 Satius

2190 4372 2301 4441 γὰρ
2338 4373 2414 4443 μὴ
2458 4377 2551 4426 καὶ
2580 4375 2648 4428 τὰ
2679 4377 2776 4444 τῆς
2803 4378 3062 4448 ἀληθείας
3093 4381 3263 4448 ήμῐν;
3298 4380 3498 4432 οὑτωσὶ
3546 4372 3750 4445 περιγέ-

505 4465 671 4533 plane
701 4463 806 4518 erit
841 4470 1048 4526 tacere,
1078 4477 1201 4516 cum
1237 4462 1383 4515 nulla
1419 4463 1576 4516 nobis
1606 4461 1787 4515 futura
1821 4461 1891 4517 sit
1918 4477 2075 4517 exeu-

2191 4480 2356 4532 νοιτο,
2390 4466 2562 4519 πολλὰ
2593 4468 2662 4519 τὰ
2694 4467 2791 4538 τὴν
2831 4470 3162 4540 συγγνώμην
3215 4473 3493 4541 πράξοντα
3546 4469 3751 4524 δικαίως

504 4557 694 4608 satio:
738 4554 983 4622 satisque
1024 4555 1130 4608 erit
1173 4553 1346 4622 judici
1392 4551 1757 4607 confessionis
1805 4552 1927 4606 loco
1977 4568 2075 4606 no-

2192 4555 2489 4618 προσέσται
2524 4571 2539 4586 ο
2565 4559 2661 4610 καὶ
2689 4562 2752 4629 τῇ
2787 4561 2923 4630 πρὸς
2949 4563 3076 4624 τοὺς
3107 4563 3249 4615 αἰδοῖ
3295 4564 3508 4616 πολλῶν
3550 4556 3750 4628 ἀγαθῶν

501 4654 680 4698 strum
722 4645 1024 4698 silentium.
1069 4643 1144 4697 ita
1193 4643 1376 4709 nobis,
1421 4645 1468 4699 si
1521 4644 1776 4699 doctores
1827 4643 2075 4699 Ecclesia:

2190 4647 2360 4716 ὲσμδν
2381 4651 2807 4723 συνεπαγομένῃ
2851 4669 2950 4715 τις
2988 4654 3199 4707 ἐκεῖθεν
3232 4655 3470 4718 εὐθύνας
3501 4647 3750 4718 ἐξωνησά-

2193 4737 2352 4806 μεθα.
2385 4738 2530 4791 Ἀλλ’
2554 4730 2652 4792 οὐκ
2679 4740 2795 4793 ἐστι
2820 4741 2930 4796 τῶν
2965 4745 3346 4814 ἐνδεχομένων
3369 4747 3470 4814 τῆς
3509 4741 3750 4810 ἀληθέως

501 4826 786 4892 dentibus,
816 4836 910 4881 aut
942 4842 1049 4882 non
1085 4829 1226 4882 bona
1255 4843 1388 4898 pace
1415 4828 1893 4893 convenientibus,
1927 4825 2082 4894 facit,

504 4931 564 4974 ut
601 4920 750 4974 nulla
783 4936 847 4974 ex
879 4930 1036 4991 parte
1069 4923 1343 4992 possimus
1381 4921 1788 4976 accusationem
1827 4920 2080 4987 evitare;

498 5015 542 5070 si
597 5030 726 5071 vero
779 5015 906 5069 illos
951 5014 1006 5068 in
1061 5015 1417 5069 concordiam
1475 5013 1842 5077 reducamus,
1881 5022 1940 5066 ut
1969 5012 2082 5081 jam

2189 4825 2540 4898 διαμαρτεῖν,
2571 4831 2722 4899 ἡμᾶς
2757 4831 2859 4884 ὑπὸ
2891 4835 2956 4902 τῇ
3013 4833 3121 4886 τῶν
3167 4835 3509 4888 διδασκάλων
3555 4833 3756 4902 εἰρήνῃν,

2189 4919 2250 4971 οὒ
2319 4921 2523 4989 μᾶλλον
2563 4923 2594 4993 ἢ
2645 4925 2933 4988 xix-sivest;
2967 4925 3128 4979 τοῦτο
3171 4928 3362 4980 παθεῖν
3415 4927 3518 4978 ὑπὸ
3569 4925 3628 4991 τῇ
3667 4918 3748 4969 τοῦ

2192 5013 2334 5065 Πνεύ
2347 5031 2519 5082 ματος
2564 5015 2780 5088 ὁδηγὶα.

457 5125 655 5170 ,ειιιιιςει
692 5113 895 5167 dictum
935 5121 1038 5176 est,
1073 5116 1141 5167 ad
1183 5128 1399 5167 omnem
1446 5112 1552 5166 hoc
1627 5111 1762 5166 satis
1827 5119 1910 5164 est
1949 5109 2254 5165 fortunam.
2337 5109 2473 5165 Nam
2555 5113 2683 5168 licet
2730 5115 2804 5168 ita
2849 5116 3012 5169 etiam
3088 5131 3194 5170 non
3251 5084 3440 5172 fiamus
3491 5116 3749 5182 compotes

495 5209 762 5277 veritatis,
798 5209 966 5264 multa
1005 5219 1186 5265 tamen
1222 5218 1407 5274 erunt,
1436 5209 1508 5264 ob
1533 5224 1655 5279 quae
1685 5207 1812 5278 jure
1846 5207 2064 5262 veniam
2110 5223 2418 5262 mereamur
2456 5227 2471 5264 :
2506 5219 2559 5264 ct
2592 5212 2923 5274 reverentia,
2949 5227 3114 5280 quam
3173 5214 3439 5267 adversus
3509 5208 3749 5261 doctores

495 5305 899 5366 adhibebimus,
923 5321 1046 5360 cum
1071 5307 1371 5361 multorum
1403 5321 1589 5361 secutn
1627 5307 1816 5359 alTerat
1840 5321 2070 5360 examen
2115 5306 2409 5371 bonorum,
2445 5308 2578 5362 illud
2619 5308 2786 5362 etiam
2822 5310 3122 5378 praestabit,
3191 5319 3250 5364 ut
3297 5307 3499 5362 nullam
3582 5301 3749 5354 [ιιιυΐο

493 5399 663 5469 judici
696 5400 1244 5482 debeamusreddcre
1267 5404 1558 5458 rationem.
1589 5402 1788 5456 Verum
1826 5405 1942 5457 fieri
2006 5417 2116 5456 non
2191 5413 2388 5472 p0test,
2448 5417 2506 5460 ut
2551 5422 2684 5476 pace
2739 5409 2880 5463 inter
2925 5409 3181 5462 doctores
3220 5407 3537 5461 confirmata
3583 5413 3678 5453 nos
3725 5406 3750 5444 ³

495 5495 728 5546 veritate
773 5492 931 5548 aberr
962 5508 1122 5559 mus;
1156 5494 1301 5549 sicut
1344 5509 1498 5564 aeque
1533 5493 1658 5550 illos
1703 5493 2071 5548 hallucinatos
2110 5510 2234 5549 esse
2313 5496 2656 5567 impossibile
2727 5509 2831 5568 est,
2903 5515 3025 5555 cum
3085 5501 3280 5556 ducem
3327 5496 3608 5552 habuerint
3649 5488 3756 5557 Spi‘

499 5580 694 5633 ritum.
1453 5649 1459 5656 _

573 5667 664 5720 Est
722 5667 887 5737 igitur
940 5668 1045 5723 hac
1084 5669 1168 5724 via
1219 5671 1507 5740 utendum,
1561 5689 1683 5743 qttre
1737 5689 1862 5729 vera
1920 5682 2084 5743 atque

501 5759 752 5826 expedita
787 5768 889 5824 est,
941 5775 1044 5814 nec
1097 5777 1202 5817 non
1240 5780 1632 5836 usquequaque
1668 5769 1964 5822 tutissima.
2025 5767 2082 5822 Si

496 5862 625 5904 vero
662 5851 730 5904 sit
764 5852 905 5908 alius
937 5853 1130 5912 modus
1160 5873 1247 5925 eo,
1299 5874 1458 5928 quem
1517 5860 1652 5925 dixi,
1713 5861 2081 5931 prteStantior,

2270 5676 2490 5747 Ἰιαὺτην
2511 5677 2692 5730 τοίνυν
2730 5678 2950 5732 ἑλέσθαι
2999 5680 3084 5733 δεῖ
3131 5678 3229 5749 τὴν
3259 5677 3434 5746 ἁληθῆ
3491 5693 3547 5728 τε
3604 5674 3758 5727 οὖσαν

2195 5770 2292 5824 καὶ
2319 5768 2758 5840 πρόχειρον’,καὶ
2814 5771 2950 5841 πρὸς
3007 5771 3219 5835 τούτοις
3281 5771 3554 5838 γέμουσαν
3601 5780 3756 5828 σετα-

3645 5869 3687 5886 ﬁ"!

2196 5862 2368 5926 λείας.
2407 5863 2467 5916 Ei
2505 5864 2547 5918 δ’
2578 5862 2727 5916 ἔστιν
2759 5863 2918 5919 ἄλλον
2960 5864 3084 5919 τινὰ
3119 5865 3356 5932 συνάψαι
3393 5860 3591 5929 τρόπον
3645 5869 3697 5902 το
