4062 6444
395 477 500 533 529
1221 479 1317 541 ET
1359 481 1605 544 MARCI
1644 483 1958 547 EPHESII
2004 490 2490 551 TEFTIMONIA
2528 493 2818 555 MUTUA.
3556 500 3661 563 £30

1655 644 3360 669 Mm

3362 660 3445 668 ..ν-ο-
3459 661 3577 669 _......

1312 800 1673 864 EUSEBII
1723 803 1833 863 RE
1840 798 1948 865 NA
1965 800 2259 866 UDOTII
2318 802 2391 865 Μ
2390 801 2539 868 ΟΝΙ
2547 807 2746 868 TUM.

494 1126 777 1195 Superiori
809 1126 1187 1185 Dissertationi
1221 1127 1525 1197 fragmenta
1558 1124 1677 1180 haec
1725 1125 1982 1196 adjicere,
2021 1142 2142 1196 qua.-
2176 1126 2335 1182 noliis
2358 1126 2525 1181 codex
2557 1126 2779 1195 Regius,
2811 1142 2868 1182 η.
2901 1127 3066 1194 2965,
3093 1127 3546 1190 subministravit,
3581 1125 3658 1177 vi-

397 1235 519 1273 sum
552 1229 630 1275 est
666 1235 847 1291 Operae
873 1222 1129 1292 pretium,
1158 1235 1283 1275 cuin
1316 1218 1598 1275 historiam
1635 1216 1899 1272 Gennadii
1934 1233 2261 1287 magnopere
2292 1219 2585 1280 illiistrent.
2616 1226 2669 1275 et
2691 1221 3046 1290 qumstionem
3075 1222 3141 1275 de
3171 1236 3281 1276 uno
3304 1220 3384 1273 vel
3410 1209 3656 1288 pluribus

398 1312 722 1380 Gennadiis,
750 1313 852 1367 nisi
888 1312 1237 1367 vehementer
1270 1309 1532 1374 failiiiiur,
1573 1308 1880 1370 absolvant,
1910 1318 2026 1362 tum
2058 1308 2202 1375 quod
2239 1323 2301 1363 ea
2327 1308 2459 1362 alibi
2490 1317 2708 1366 exstare
2741 1325 2850 1365 non
2893 1312 3294 1366 existimemus.
3327 1307 3502 1362 Verba
3534 1312 3663 1362 sunt

400 1408 566 1464 Marci
604 1406 822 1476 Ephesii
854 1406 922 1462 de
945 1405 1252 1472 Scliolario,
1286 1414 1341 1460 et
1371 1404 1437 1458 ad
1465 1419 1589 1461 eum
1616 1402 1981 1473 praesentibus
2010 1401 2217 1458 Griecis
2243 1405 2428 1458 multis
2470 1404 2732 1473 dignitate
2755 1406 3091 1477 conspicuis,
3114 1415 3166 1459 et
3188 1420 3216 1457 a
3236 1402 3539 1457 Latiuismo
3569 1417 3656 1455 re—

400 1501 723 1557 laetissimis
749 1501 914 1562 dicta,
935 1499 1137 1566 quibus
1158 1497 1261 1567 ipsi
1295 1512 1485 1552 curam
1522 1496 1775 1552 Ecclesiae
1797 1495 2149 1552 defendendae
2176 1498 2492 1563 committit,
2516 1499 2662 1555 illius
2701 1498 2912 1555 scilicet
2941 1516 3083 1569 qum,
3106 1497 3320 1555 Unione
3347 1497 3662 1552 Floreiitina

402 1596 628 1662 insuper
662 1593 871 1658 habita,
906 1606 935 1645 a
969 1590 1290 1646 Latinorum
1318 1588 1708 1643 communione
1750 1596 1897 1642 esset
1927 1587 2293 1644 alienissima.
2320 1588 2433 1644 Illis
2467 1588 2819 1661 subjungitur
2851 1587 3120 1645 Scliolarii
3152 1588 3460 1659 Responsio
3481 1630 3495 1653 ,
3539 1587 3663 1656 qui-

400 1687 504 1742 bus
528 1685 817 1755 pollicetur
850 1697 910 1738 se
934 1680 1102 1736 Marci
1125 1678 1350 1750 Ephesii
1385 1678 1509 1733 loco
1544 1678 1611 1733 ad
1642 1678 1828 1733 ultima
1857 1692 2028 1748 usque
2052 1681 2247 1735 mortis
2276 1679 2520 1749 pericula
2552 1695 2652 1750 pro
2685 1680 2825 1735 avita
2859 1680 2961 1736 fide
3007 1691 3400 1750 pugnaturum.
3432 1680 3554 1734 ila‘c
3582 1679 3662 1733 al-

406 1776 507 1833 teri
532 1791 695 1844 quam
724 1774 1009 1831 Gennadio
1036 1772 1329 1830 convenire
1356 1786 1466 1828 non
1504 1780 1755 1840 possunt,
1789 1770 1836 1824 ei
1873 1772 2084 1826 scilicet
2125 1773 2217 1842 qui
2242 1780 2402 1842 capta
2434 1772 2911 1846 Constantinopoli
2962 1775 3271 1843 patriarcha
3318 1756 3662 1829 renuntiatus

398 1882 525 1938 est;
559 1886 738 1940 neque
769 1870 914 1926 enim
947 1868 1146 1925 cadere
1198 1868 1254 1921 in
1306 1867 1472 1921 alium
1503 1865 1751 1935 quemvis
1781 1872 2015 1935 possunt
2044 1865 2239 1919 laudes
2280 1865 2496 1920 eximia:
2525 1866 2789 1922 doctrina:
2815 1876 2868 1921 et
2899 1867 3244 1937 eloquentiae,
3280 1876 3393 1921 tum
3426 1867 3663 1937 dignitas

401 1966 686 2034 ἄρχοντος,
717 1952 909 2032 nempe
934 1961 1033 2016 viri
1069 1960 1334 2031 primarii,
1370 1959 1549 2030 qualis
1574 1957 1898 2014 Scliolarius
1931 1958 2052 2022 fuit,
2089 1957 2255 2028 index
2290 1972 2484 2027 nempe
2509 1957 2562 2013 in
2607 1958 2728 2013 aula
2763 1960 3052 2028 imperiali.
3083 1958 3240 2026 Quod
3272 1958 3437 2013 etiam
3474 1958 3526 2011 in
3564 1971 3662 2011 ne-

400 2054 549 2126 gotio
580 2053 705 2108 ﬁdei
730 2052 954 2106 humani
992 2050 1198 2118 aliquid
1251 2066 1616 2118 passus,-non
1651 2049 1939 2104 manifeste
1968 2046 2283 2105 Grmcoruni
2322 2049 2625 2104 sententias
2665 2059 3085 2121 propugnasset,
3128 2065 3252 2104 eum
3313 2049 3450 2104 satis
3507 2048 3655 2101 desi-

401 2154 590 2218 gnant,
624 2160 799 2216 eoque
822 2145 1055 2215 pertinet
1085 2145 1312 2214 epistola
1344 2159 1506 2215 quam
1547 2143 1830 2198 Emericus
1877 2142 2124 2213 Bigotius
2146 2142 2343 2197 Allatio
2363 2143 2811 2210 communicavit,
2837 2152 2891 2198 et
2915 2159 3077 2213 quam
3104 2142 3305 2213 Regius
3333 2144 3555 2198 alter'ro
3576 2141 3661 2196 lex

401 2249 785 2307 repraesentat;
823 2238 876 2291 in
899 2252 1003 2307 qua
1031 2236 1244 2293 Marcus
1263 2236 1540 2307 Ephesius
1572 2235 1919 2292 Scliolarium
1947 2234 2297 2290 vehementer
2331 2235 2609 2305 redarguit
2642 2234 2744 2304 (l),
2772 2234 2914 2302 quod
2947 2236 3124 2290 media
3156 2245 3210 2291 et
3234 2245 3662 2305 temperaiiieiita

403 2332 604 2401 quibus
636 2334 766 2388 unio
794 2331 1138 2402 lleriposset,
1196 2346 1304 2386 non
1359 2328 1769 2401 aspernaretur,
1826 2329 1918 2384 sed
1968 2344 2029 2385 ea
2057 2331 2334 2399 probaret.
2384 2327 2519 2383 Nam
2582 2328 2927 2385 Scliolariuin
2977 2328 3310 2383 Florentiam
3348 2329 3561 2385 venisse
3596 2346 3663 2385 eo

405 2421 612 2487 animo,
644 2436 755 2475 non
797 2422 916 2492 ejus
944 2423 1105 2477 modo
1138 2425 1203 2477 ad
1253 2422 1606 2479 Ambrosium
1638 2418 2115 2475 Camaidulensem
2147 2420 2414 2490 Epistula,
2448 2430 2500 2476 et
2542 2420 2677 2476 Acta
2716 2418 2911 2476 Graeca
2933 2459 2947 2483 ,
2980 2421 3072 2476 sed
3107 2420 3411 2492 Syropulus
3442 2420 3659 2490 ipsete-

403 2522 603 2579 statur,
629 2530 756 2569 cum
793 2515 838 2570 is
865 2501 1156 2571 formulam
1193 2517 1394 2573 referat
1415 2518 1483 2571 ab
1509 2516 1603 2571 illo
1631 2515 1981 2581 delineatain,
2018 2517 2319 2570 secundum
2351 2531 2513 2585 quam
2544 2517 2922 2571 controversia
2948 2516 3015 2570 de
3049 2515 3403 2585 proccssione
3428 2515 3664 2584 Spiritus

402 2612 574 2666 sancti
608 2620 1056 2679 componeretur.
1096 2613 1172 2667 Ex
1209 2614 1394 2667 verbis
1419 2612 1707 2679 Gennadii,
1744 2611 1946 2681 quibus
1977 2609 2160 2665 Marco
2189 2611 2525 2679 respondens
2567 2625 2790 2681 operam
2849 2624 3065 2666 onmem
3097 2624 3251 2666 suam
3284 2611 3557 2681 pollicitus
3581 2622 3666 2664 est

400 2704 467 2760 ad
499 2704 753 2760 Ecclesia:
780 2705 985 2761 Graecae
1019 2705 1424 2772 defensionem,
1456 2706 1592 2761 satis
1641 2713 1884 2773 apparet,
1921 2704 2197 2757 nominent
2247 2701 2459 2761 Latinis
2505 2703 2689 2759 minus
2730 2705 3003 2760 addictum
3053 2706 3223 2760 luisse
3273 2721 3338 2758 eo
3367 2703 3459 2774 qui
3498 2703 3659 2759 fidem

407 2796 582 2851 amico
618 2802 797 2851 datam
827 2797 1242 2852 accuratissime
1275 2800 1548 2867 praestitit.
1594 2797 1732 2852 Cum
1760 2805 1940 2849 autem
1966 2810 2130 2861 opera
2165 2794 2433 2850 Gennadii
2468 2795 2585 2851 sive
2612 2794 2880 2850 Scliolarii
2917 2797 3085 2851 multa
3129 2798 3184 2851 in
3209 2795 3422 2851 eodem
3468 2796 3663 2852 codice

404 2888 675 2958 descripta
708 2890 836 2950 sint,
866 2904 992 2958 qua:
1024 2889 1170 2945 illius
1207 2905 1330 2945 esse
1370 2889 1696 2945 certissimis
1721 2904 1784 2943 ex
1828 2888 2057 2943 historia
2096 2889 2428 2944 testimoniis
2457 2887 2892 2955 demonstratur,
2929 2902 2984 2946 et
3004 2906 3126 2960 qua:
3160 2891 3354 2947 referri
3401 2907 3506 2945 non
3540 2903 3667 2955 pos-

404 2993 532 3039 sunt
557 2986 622 3040 ad
647 2985 812 3040 alium
843 2986 913 3041 ab
937 2999 1002 3039 eo
1024 2987 1116 3054 qui
1155 3001 1280 3040 eum
1307 2983 1519 3040 Joanne
1552 2984 1855 3052 Pal-.eologo
1884 2984 1938 3038 in
1978 2982 2191 3038 italiam
2224 2983 2565 3053 navigaverit
2598 3002 2613 3040 :
2646 2999 2711 3040 ex
2739 2984 2848 3041 illis
2873 2987 3136 3041 nonnulla
3166 2995 3382 3041 exstent
3411 2988 3466 3040 in
3497 2984 3665 3037 Brun-

405 3076 599 3132 dusino
628 3086 816 3131 nostro
853 3076 1066 3139 codice,
1089 3076 1180 3147 qui
1218 3077 1507 3132 llomiliam
1547 3077 1615 3132 de
1647 3074 1988 3131 Eiieliaristia
2039 3083 2411 3145 repriesentat,
2434 3075 2502 3130 de
2532 3059 2677 3132 illius
2716 3075 2974 3148 αὐθεντίᾳ
3005 3077 3072 3132 lis
3108 3076 3355 3140 moveri,
3397 3075 3502 3130 nisi
3567 3090 3666 3144 per

405 3178 673 3221 summam
704 3167 1056 3230 calumniam,
1084 3167 1228 3221 nulla
1253 3175 1452 3236 potest.
1479 3167 1576 3223 llis
1597 3165 1946 3237 adiungimus
1966 3175 2211 3220 extrema
2241 3165 2407 3222 Marci
2440 3165 2668 3237 Ephesii
2699 3167 2892 3235 verba,
2920 3167 3079 3238 plena
3116 3166 3227 3222 odii
3265 3174 3322 3221 et
3344 3166 3539 3222 veneni
3572 3166 3669 3220 ad-

406 3272 597 3313 versus
623 3257 848 3315 Latinos
884 3270 936 3315 et
958 3259 1227 3316 Uiiionem
1254 3268 1572 3315 renovatam
1608 3274 1773 3331 opera
1811 3258 2003 3314 lsidori
2031 3258 2337 3315 cardinalis
2380 3260 2541 3332 legati
2576 3261 2885 3331 apostolici,
2916 3261 3006 3317 cui
3030 3260 3330 3333 Gregorius
3355 3258 3667 3332 patriarcha

405 3359 792 3418 consenserat,
820 3353 1023 3423 cuique
1057 3353 1374 3410 Gennadius
1399 3370 1509 3423 prae
1533 3353 1748 3408 caeteris
1770 3354 2082 3416 obstiterat,
2118 3362 2176 3408 ut
2202 3353 2382 3408 Ducas
2417 3367 2675 3410 accurate
2697 3355 2942 3426 scripsit.

478 3441 693 3513 Scripta
720 3455 844 3501 sunt
870 3457 1053 3503 autem
1079 3448 1132 3502 in
1161 3463 1226 3504 eo
1245 3463 1406 3519 quem
1441 3449 1687 3503 diximus
1714 3447 1882 3520 Regio
1906 3447 2115 3516 codice,
2146 3463 2259 3503 non
2289 3448 2478 3504 eadem
2509 3465 2677 3506 manu
2704 3467 2812 3521 qua
2845 3453 3017 3508 codex
3050 3455 3190 3524 ipse,
3225 3450 3323 3508 sed
3354 3450 3483 3517 alia,
3509 3450 3668 3504 docta

407 3537 648 3604 quidem,
687 3551 872 3594 verum
906 3539 1228 3608 ineleganti,
1262 3541 1440 3609 qualis
1462 3555 1605 3609 smpe
1630 3541 1872 3595 virorum
1908 3539 2192 3596 doctorum
2235 3556 2357 3597 esse
2390 3541 2548 3597 solet.

478 3627 738 3696 Sequitur
782 3629 1105 3700 Excerptiiin
1137 3648 1201 3686 ex
1244 3632 1487 3702 Epistola
1520 3632 1787 3688 Gennadii
1827 3633 1894 3688 ad
1929 3633 2224 3699 Maximum
2278 3633 2619 3704 SOpbianum
2662 3644 2717 3691 et
2765 3645 2982 3693 ascetas
3029 3636 3228 3690 montis
3262 3633 3417 3701 Sina,
3471 3634 3524 3689 in
3557 3649 3664 3702 qua

412 3723 620 3779 Latinis
652 3725 928 3794 religionis
954 3742 1121 3783 causa
1170 3728 1512 3783 venientibus
1544 3734 1692 3781 vetat
1746 3727 1863 3783 dari
1898 3727 2322 3797 Eucharistiam,
2353 3729 2447 3784 sed
2480 3729 2777 3799 ἀντίδωρον
2816 3745 2909 3787 seu
2944 3745 3136 3800 panem
3163 3728 3504 3786 benedictum
3546 3728 3665 3783 dari

410 3818 719 3886 permittit:
757 3821 900 3876 unde
923 3829 1072 3891 patet
1105 3836 1265 3891 quain
1295 3810 1488 3891 parum
1535 3821 1639 3891 ipsi
1668 3836 1791 3877 cum
1822 3821 2067 3879 Romana
2107 3820 2350 3880 Ecclesia
2385 3823 2723 3881 conveniret.

477 3996 556 4073 (Ι)
593 3998 726 4056 Vide
747 3999 885 4056 infra
919 4002 976 4056 in
1003 4000 1184 4057 Marco
1219 3999 1479 4071 Ephesio.
1510 3997 1669 4055 Enrr.

1048 4384 1520 4522 ΠΡΟΣ
1622 4385 1973 4520 TON
2049 4324 2652 4520 ZXOAAJ

1518 4502 1520 4512 λ
1622 4385 1973 4520 TON
2049 4324 3028 4523 ZXOAAPION
3106 4468 3122 4495 μ

1666 4639 1897 4727 ΤΟΥ
1934 4640 2405 4730 ΕΦΕΣΟΥ.

904 4987 1301 5084 VERBA
1404 4990 1769 5082 MARCI
1868 4992 2356 5086 EPHESll
2489 4998 3171 5095 MORIENTIS

1459 5202 1559 5263 AD
1611 5200 2032 5266 GEORGIUM
2087 5206 2623 5269 SCHOLARIUM:

1590 5360 1688 5420 (Ea:
1724 5357 1843 5410 Cod.
1871 5360 1980 5412 MS.
2007 5358 2135 5412 Bibl.
2163 5363 2277 5428 Reg.
2303 5364 2467 5427 2963.)

493 5622 654 5689 Λέγω
707 5623 800 5675 καὶ
851 5624 1220 5696 ἀποφαίνομαι
1275 5629 1405 5696 περὶ
1457 5627 1552 5680 τοῦ
1606 5628 1863 5699 ἄρχοντος
1897 5630 1993 5684 τοῦ

2179 5632 2252 5690 De
2279 5630 2521 5703 principe
2546 5628 2835 5687 Scliulario
2866 5629 2984 5685 haec
3008 5644 3122 5688 mea
3165 5640 3248 5687 est
3268 5633 3559 5689 sententia.
3590 5633 3677 5703 lp-

424 5711 747 5781 Σχολαρίου,
778 5714 858 5768 ὅτι
886 5710 1002 5769 οἶδα.
1036 5717 1196 5771 αὐτὸν
1228 5716 1289 5783 ἐξ
1322 5716 1403 5770 ἔτι
1440 5717 1578 5774 πάνυ
1608 5721 1734 5780 νέας
1761 5721 1863 5790 τῆς
1894 5721 1990 5773 αὖ·

2098 5738 2218 5780 sum
2261 5723 2554 5778 admodum
2592 5725 2847 5791 juvenem
2885 5722 3032 5790 novi,
3084 5723 3393 5795 all‘ectiique
3441 5726 3592 5782 illiiin
3625 5734 3678 5782 et

420 5802 516 5856 τοῦ
579 5803 820 5875 ἡλικίας,
872 5809 1265 5883 καὶὴδιάοεσιν
1319 5814 1415 5866 καὶ
1468 5812 1692 5881 ἀγάπην
1749 5813 1857 5883 ἔχω
1911 5814 1991 5878 εἰς

2097 5817 2367 5872 cliaritate
2425 5830 2640 5870 summa
2707 5829 3033 5883 prosequor,
3088 5827 3143 5871 et
3193 5825 3450 5887 tanquam
3506 5820 3674 5874 liliiiiii

423 5898 605 5963 αὐτὸν,
634 5899 726 5951 καὶ
757 5899 830 5964 ὡς
878 5901 1001 5972 ἐμὸν
1045 5904 1157 5956 υἱὸν
1206 5905 1296 5959 καὶ
1331 5904 1483 5972 φίλαν
1528 5907 1737 5977 στέργω
1775 5909 1935 5962 alti;
1963 5925 1974 5940 '

2098 5924 2277 5965 iii-cuin
2335 5917 2388 5964 ct
2425 5909 2659 5964 aiuicuin
2715 5908 2919 5979 diligo,
2955 5910 3221 5968 charitate
3251 5921 3455 5979 quanta
3504 5922 3679 5978 potest
