4062 6406
253 404 344 463 Ml

1242 398 1606 460 EPISTULA
1666 400 1764 460 DE
1816 402 2548 463 PRAEDESTINATIUNE

3398 410 3500 472 542

254 516 416 585 μηδὲν
448 513 846 593 ἀποκρίνεσθαι
885 517 1013 587 περὶ
1043 508 1119 569 ὧν
1154 516 1480 583 ὲπυνθάνου,
1513 516 1740 586 συνήθει
1771 516 1827 570 δὲ

1944 523 2161 591 quidem
2197 524 2328 576 nihil
2360 523 2426 578 ad
2459 538 2519 577 ea
2552 524 2904 593 respondere,
2933 527 2999 589 de
3047 526 3245 596 quibus
3278 543 3511 597 percuti-

259 609 433 676 τραφῇ
465 606 523 658 τὸ
550 607 647 675 τῆς
670 608 886 670 εὐνοίας
907 608 1063 677 χρέος
1094 607 1358 676 πληροῦν.
1402 607 1458 660 '0
1488 607 1597 676 γὰρ
1623 609 1820 677 ήμέτε-

208 740 213 743 ,
254 713 340 766 ρος
376 695 568 764 καιρὸς
598 695 690 747 καὶ
728 697 839 749 τῶν
866 697 1150 766 ἡμετέρων
1193 694 1366 765 ᾤχετο
1394 695 1589 764 λόγων,
1622 697 1824 766 μᾶλλον

254 785 308 838 δὲ
364 786 565 849 παντὸς
597 786 825 855 ἀγαθοῦ,
859 788 952 841 καὶ
996 788 1076 839 δεῖ
1104 788 1202 857 τὴν
1261 788 1502 857 ἐσχάτην
1545 790 1825 859 ἀμορφίαν

255 877 344 931 τοῦ
377 878 569 943 γένους
598 878 656 930 ὲν
681 876 882 931 ἅπαντι
909 880 1198 949 πράγματι
1244 879 1592 950 καθημένους
1624 883 1682 933 ἐν
1717 897 1826 948 γω-

255 967 341 1037 νίᾳ
396 983 499 1019 που
557 966 774 1038 θρηνεῖν
826 971 1025 1038 σιωπῇ,
1078 970 1175 1021 καὶ
1221 968 1321 1039 τὴν
1376 970 1680 1037 ἀπαγωγὴν
1724 969 1824 1039 τῆς

256 1058 504 1127 τοιαύτης
533 1055 861 1122 ἐξαιτεῖσθαι
885 1059 1052 1127 ζωῆς,
1077 1059 1277 1114 ὁπόταν
1304 1060 1531 1130 ἐπινεύῃ
1560 1060 1620 1112 τὸ
1647 1060 1821 1115 Θεῖον.

270 1149 409 1202 ⁹Δλλ’
437 1152 470 1220 ἠ
495 1150 629 1220 πρὸς
656 1151 747 1204 τὸν
776 1150 949 1219 μέγαν
976 1150 1254 1204 Βασίλειον
1276 1150 1439 1213 αἰδὼς
1472 1153 1826 1221 κατηνάγκα-

258 1255 367 1292 σεν.
418 1239 640 1308 Ἐκείνῳ
688 1239 870 1293 τοίνυν
901 1240 1045 1310 ἔχοις
1080 1241 1147 1295 ἂν
1190 1242 1290 1310 τὴν
1323 1242 1500 1312 χάριν,
1532 1246 1632 1312 οὐχ
1674 1243 1826 1312 ὑμῖν,

258 1332 482 1400 ταυτησὶ
515 1330 612 1399 τῆς
641 1331 962 1399 ἀπολογίας.

334 1600 396 1655 Ὁ
449 1600 548 1671 μὲν
598 1600 709 1672 γὰρ
748 1604 922 1672 μέγας
978 1605 1078 1672 τῆς
1120 1603 1449 1672 Ἑκκλησίας
1506 1604 1869 1668 διδάσκαλος»

258 1694 393 1765 φησί
424 1711 549 1762 που,
602 1714 619 1746 ι
664 1695 893 1748 Θάνατοι
924 1695 981 1748 δὲ
1011 1696 1342 1773 ἀπάγονται,
1395 1696 1504 1750 τῶν
1539 1697 1681 1767 ὅρων
1728 1697 1829 1766 τῆς

258 1784 402 1853 ζωῆς
441 1786 860 1856 πληρωθέντων,
891 1785 986 1851 οὒς
1015 1788 1145 1856 περὶ
1175 1787 1409 1841 ἕκαστον
1454 1788 1654 1856 ἔπηξεν
1679 1789 1712 1859 ἡ
1742 1788 1825 1842 δι-

258 1877 388 1930 καία
419 1878 511 1929 τοῦ
538 1876 673 1930 Θ-οῢ
710 1879 913 1948 κρίσις,
946 1877 1229 1947 πόρρωθεν
1258 1879 1319 1931 τὸ
1348 1880 1474 1949 περὶ
1503 1880 1651 1948 ἡμᾶς
1689 1896 1824 1948 συμ-

257 1970 423 2038 φέρον
443 1968 938 2037 προϐλεπομένου.»
980 1969 1051 2021 Σὺ
1069 1969 1148 2033 δὲ,
1173 1971 1433 2024 ὁσιώτατε
1456 1971 1550 2022 καὶ
1577 1970 1822 2037 φίλτατε,

256 2058 477 2112 ἀκούειν
525 2058 708 2126 λέγεις
762 2057 995 2125 πολλῶν,
1041 2059 1255 2123 πολλοῖς
1299 2061 1690 2131 ἐπιχειρήμασι
1752 2060 1828 2130 μὴ

258 2152 522 2205 θελόντων
577 2149 758 2217 τοῦτο,
787 2150 920 2221 μηδὲ
967 2151 1295 2221 δεχομένων.
1328 2153 1491 2207 ’Ὅθεν
1539 2154 1630 2207 καί
1676 2169 1827 2215 τινας

258 2248 440 2301 αὐτῶν
469 2247 560 2299 τὸν
608 2249 780 2317 μέγαν
827 2248 1252 2319 ἐξαιτιωμένους
1304 2250 1397 2302 ἐπὶ
1440 2248 1615 2318 τούτῳ
1666 2246 1829 2299 Βασί-

256 2341 422 2407 λειον,
476 2341 678 2409 λέγειν,
720 2341 795 2404 ὡς
835 2344 900 2395 ὲκ
945 2341 1037 2395 τοῦ
1080 2344 1425 2411 παρήκοντος
1477 2339 1629 2395 εἶπεν
1660 2340 1826 2402 οὕτω,

262 2433 355 2485 καὶ
381 2432 451 2484 δι’
468 2432 746 2509 1ὠιρέλειαν
777 2433 884 2485 τῶν
911 2434 1030 2486 τότε
1064 2434 1274 2486 ἐκείνου
1308 2433 1634 2487 ἀκουόντων.
1674 2427 1829 2486 Εἶναι

263 2524 364 2593 μὲν
390 2523 616 2585 πολλοὺς
651 2523 777 2586 τοὺς
803 2523 973 2576 ταῦτα
1003 2523 1257 2591 λέγοντας
1304 2525 1456 2578 οὐδὲν
1493 2525 1829 2593 θαυμαστόν.

260 2616 344 2667 Τὰ
394 2616 500 2684 γὰρ
536 2615 653 2667 θεῖα
705 2615 800 2667 καὶ
852 2614 1029 2683 ὑψηλὰ
1070 2619 1164 2669 καὶ
1221 2615 1538 2685 φιλοσοφίας
1590 2616 1833 2686 γέμοντα

260 2709 386 2769 τοὺς
420 2706 650 2768 πολλοὺς
697 2705 1076 2777 διαπέφευγεν.
1140 2706 1276 2760 υθεν
1336 2709 1456 2760 οὐδὲ
1511 2707 1617 2778 χρὴ
1662 2709 1834 2760 ποιεῖ-

261 2801 387 2854 σθαι
416 2802 549 2871 πρὸς
578 2803 816 2865 ἐκείνους
841 2792 1000 2871 λόγον
1025 2801 1233 2856 οὐδένα.
1263 2805 1327 2855 Σὲ
1351 2804 1403 2855 δὲ
1430 2802 1645 2866 εὐνοίας
1669 2803 1834 2854 ἕνεκα

259 2898 340 2963 τῷ
380 2896 599 2963 μεγάλῳ
653 2895 991 2967 συνιστῶμεν
1041 2897 1236 2964 Πατρὶ,
1288 2898 1384 2949 καὶ
1428 2896 1503 2964 τῷ
1552 2895 1648 2966 τὴν
1685 2897 1837 2965 ἱερὰν

263 2989 478 3041 ἐκείνου
523 2988 704 3058 ψυχὴν
738 2989 1039 3056 φωτίσαντι
1074 2988 1376 3058 Πνεύματι.
1414 2989 1595 3041 "Esne
1641 2986 1718 3053 δὲ,
1762 2987 1838 3049 ὡς

260 3081 417 3135 αὐτοί
444 3097 626 3147 φασιν,
666 3084 727 3133 ὲκ
760 3080 855 3133 τοῦ
892 3085 1233 3149 παρήκοντος
1261 3080 1531 3147 θεολογεῖν
1573 3096 1694 3131 τινα
1728 3078 1837 3130 τῶν

1927 623 2111 693 elatus
2157 613 2360 680 fueras,
2397 615 2492 671 sed
2530 625 2789 671 consueta
2824 616 3184 688 familiarique
3209 621 3507 686 scriptione

1927 710 2333 764 benevolentiae
2391 708 2632 764 debitum
2692 708 3080 778 persolvendo,
3138 710 3237 765 tibi
3290 711 3506 766 satisfa-
3558 702 3563 705 ’

1928 817 2071 858 cere.
2109 801 2319 856 Etenim
2350 810 2714 871 opportunum
2767 808 2977 868 tempus
3024 807 3079 855 et
3125 804 3328 856 nostris
3377 818 3509 856 cou-

1930 913 2143 953 cessum
2183 896 2526 952 sermonibus
2566 896 2846 967 praeteriit,
2899 897 3009 950 into
3052 897 3230 964 potius
3267 898 3510 961 cujusvis

1931 991 2056 1045 boni
2098 989 2317 1045 occasio
2355 1007 2370 1043 :
2401 988 2529 1057 quin
2559 995 2862 1041 extremam
2898 988 3075 1058 gentis
3108 986 3507 1040 deformitatmn

1932 1082 1988 1136 in
2032 1082 2178 1137 omni
2213 1082 2429 1150 negotio
2452 1079 2802 1135 considentes
2833 1080 2887 1132 in
2913 1078 3112 1148 angulo
3136 1079 3320 1148 lugere
3351 1079 3512 1132 tacite

1931 1173 2129 1229 alicubi
2161 1179 2403 1242 praestat,
2449 1178 2503 1225 et
2562 1154 2939 1225 evocationem
2981 1170 3049 1223 ab
3091 1168 3361 1239 ejusmodi
3401 1169 3512 1221 vita

1930 1278 2246 1334 exposcere,
2290 1258 2518 1332 quando
2539 1260 2750 1316 Numen
2783 1261 2999 1316 annuit.
3029 1262 3134 1316 Sed
3167 1262 3470 1315 reverentia
3496 1298 3515 1321 ,

1930 1368 2033 1423 qua
2087 1354 2349 1409 Basilium
2402 1353 2655 1423 Magnum
2703 1368 3029 1422 prosequor,
3065 1352 3131 1406 ad
3171 1352 3515 1421 responden-

1930 1444 2060 1499 dum
2096 1446 2297 1516 coegit.
2326 1430 2595 1511 Quoc'irca
2630 1443 2860 1515 gratiam
2899 1444 2973 1498 illi
3003 1444 3201 1500 habere
3228 1453 3380 1514 potes
3407 1443 3513 1498 ltu-

1925 1537 2018 1608 jus
2050 1537 2342 1606 Apologiae,
2378 1550 2484 1590 non
2514 1547 2693 1590 autem
2730 1535 2912 1590 nobis.

2005 1625 2298 1702 Enimvero
2346 1642 2582 1698 magnus
2633 1629 2888 1684 Ecclesiae
2935 1628 3127 1683 doctor
3160 1628 3236 1681 ait
3265 1628 3461 1684 alicubi
3497 1646 3512 1682 :

1940 1739 1960 1772 ι
2001 1719 2200 1775 Mortes
2251 1730 2431 1775 autem
2482 1721 2856 1786 inducuntur,
2913 1719 3164 1775 terminis
3198 1720 3323 1774 vine
3357 1721 3521 1774 abso.

1859 1845 1900 1904 Β
1932 1810 2083 1873 Iutis,
2113 1824 2250 1878 quos
2280 1810 2423 1865 circa
2450 1825 2896 1881 unumquemque
2926 1811 3044 1865 fixit
3070 1811 3274 1880 justum
3313 1810 3402 1863 Dei
3431 1810 3521 1879 ju-

1929 1901 2151 1969 dicium,
2178 1902 2387 1958 eminus
2413 1904 2559 1972 quod
2612 1904 2767 1959 nobis
2795 1903 3051 1958 conducit
3077 1903 3513 1974 prospicientis.»

1929 1989 2008 2045 Tu
2041 2006 2192 2058 vero,
2220 1993 2565 2048 sanctissime
2598 2002 2652 2048 et
2682 1994 3272 2058 amicissimeyaudire
3317 1995 3520 2048 multos

1930 2083 2092 2150 dicis,
2136 2085 2228 2154 qui
2268 2084 2516 2155 pluribus
2543 2086 2645 2140 hoc
2684 2087 3023 2155 argumentis
3057 2085 3390 2156 improbant,
3428 2101 3515 2138 re-

1931 2175 2110 2231 futant.
2140 2192 2203 2230 ac
2235 2177 2520 2245 repudiant
2554 2193 2567 2230 :
2598 2176 2728 2245 quin
2769 2178 2933 2230 etiam
2963 2191 3154 2231 eorum
3222 2177 3520 2231 nonnullos

1933 2268 2014 2323 ais
2045 2267 2114 2323 de
2158 2266 2360 2323 Basilio
2389 2283 2587 2338 magno
2614 2269 2683 2322 ob
2716 2268 2768 2321 id
2816 2270 3253 2338 expostulantes,
3288 2284 3523 2337 queren-

1937 2372 2139 2431 tesque"
2168 2360 2350 2416 dicere
2379 2363 2556 2427 illum,
2588 2360 2748 2431 quasi
2780 2361 2924 2416 aliud
2962 2363 3190 2432 agendo.
3223 2372 3276 2416 et
3302 2369 3523 2430 propter

1934 2456 2362 2525 emolumentum
2391 2469 2579 2508 eorum
2612 2455 2705 2523 qui
2742 2463 2871 2508 tunc
2898 2455 3074 2523 ipsum
3099 2454 3413 2517 audiebant,
3445 2452 3523 2506 ita

1934 2549 2037 2603 hoc
2059 2546 2390 2601 enuntiasse.
2424 2546 2578 2612 Quod
2609 2547 2760 2599 multi
2792 2547 2901 2601 sint
2927 2547 3016 2616 qui
3063 2546 3179 2601 haec
3218 2545 3525 2617 proferunt,

1934 2639 2072 2693 nihil
2098 2638 2294 2691 mirum
2331 2644 2411 2691 est
2444 2655 2458 2691 :
2494 2650 2619 2690 nam
2659 2636 2841 2689 divina
2871 2644 2924 2689 et
2957 2637 3211 2691 sublimia
3242 2646 3296 2692 et
3347 2637 3527 2705 philo-

1938 2730 2182 2798 seplticis
2255 2728 2561 2782 rationibus
2630 2719 2902 2780 cumulata
2971 2729 3211 2797 plebeios
3280 2727 3522 2797 fugiunt.

1945 2822 2127 2886 Quare
2155 2834 2223 2873 ne
2265 2819 2429 2872 verba
2475 2819 2693 2887 quidem
2730 2819 2838 2872 ulla
2871 2833 2993 2872 cum
3041 2820 3107 2872 iis
3140 2819 3524 2873 commutanda

1941 2919 2088 2966 sunt.
2116 2910 2191 2964 Te
2229 2924 2361 2964 vero
2413 2911 2802 2965 benevolentiae
2836 2922 3001 2971 causa
3039 2926 3237 2979 magno
3269 2909 3530 2963 concilia-

1943 3017 2065 3056 mus
2097 3000 2263 3067 Patri,
2290 3011 2346 3056 et
2379 3002 2473 3071 qui
2503 3016 2719 3056 sacram
2746 3002 2893 3056 illius
2921 3002 3160 3055 animam
3205 3000 3523 3063 illustravit,

1946 3094 2194 3164 Spiritui.
2237 3094 2366 3149 Esto
2399 3110 2550 3158 sane,
2586 3106 2643 3149 ttt
2671 3095 2760 3150 isti
2798 3095 3006 3157 dicunt,
3043 3096 3281 3164 aliquem
3319 3109 3348 3149 e
3384 3093 3530 3147 veris

261 3158 497 3244 ἀληθῶν
518 3173 807 3242 θεολόγων,
834 3172 968 3226 ἀλλὰ
993 3171 1165 3242 ψευδῆ
1197 3158 1466 3240 θεολογεῖν
1494 3171 1592 3241 οὐχ
1619 3166 1729 3222 οἷον
1758 3186 1840 3233 τε,

1944 3195 1995 3242 et
2027 3196 2176 3240 tanto
2209 3187 2429 3240 nomine
2459 3187 2640 3254 dignis
2666 3187 2937 3254 theologis
2979 3186 3046 3240 de
3107 3186 3214 3239 Deo
3266 3193 3318 3238 et
3367 3185 3531 3238 rebus

200 3268 203 3269 ⁷
261 3267 389 3323 οὔτε
422 3266 725 3335 προῦργου,
746 3264 858 3318 οὔτ’
882 3265 944 3316 ἐκ
963 3262 1058 3316 τοῦ
1093 3264 1435 3333 παρήκοντος
1458 3261 1839 3330 θεολογοῦντα.

268 3361 505 3428 Ἔμελλε
556 3359 612 3413 δὲ
652 3361 716 3413 ἐκ
763 3357 855 3412 τοῦ
908 3358 1250 3427 παρήκοντος
1302 3355 1572 3421 θεολογεϊν
1620 3371 1751 3406 ποτε
1815 3352 1843 3403 ὁ

264 3451 449 3519 πάσης
487 3451 760 3521 προσοχῆς
818 3450 912 3503 καὶ
955 3447 1243 3518 ἀκριϐείας
1293 3445 1494 3505 κανὼν,
1547 3443 1843 3496 καὶταῦτα

265 3543 401 3612 περὶ
450 3543 711 3610 μεγίστου
756 3541 1047 3612 δόγματος,
1093 3541 1188 3592 καὶ
1242 3539 1322 3600 είς
1372 3537 1431 3588 τὸ
1461 3535 1715 3605 δεύτερον
1746 3534 1844 3603 τῆς

266 3635 509 3697 πίστεως
567 3636 863 3703 ἀνήκοντος
911 3633 1136 3702 ἄρθρον,
1172 3633 1267 3685 καὶ
1320 3630 1389 3683 δι’
1422 3626 1690 3697 ὠφέλειαν
1735 3626 1844 3680 τῶν

266 3723 578 3780 ἀκουόντων
613 3722 804 3792 ἔμελλε
839 3721 1010 3791 ψευδῆ
1064 3719 1380 3789 προτιθέναι
1415 3719 1505 3787 δόγ
1519 3733 1701 3789 ματα;
1750 3716 1845 3770 καὶ

267 3818 509 3885 ὠφέλεια
558 3816 666 3870 τῶν
694 3815 998 3869 ἀκουόντων
1038 3812 1104 3866 ἂν
1140 3808 1230 3883 ἦν,
1263 3812 1350 3865 ἵνα
1388 3804 1515 3881 περὶ
1538 3810 1597 3864 τὸ
1628 3807 1762 3880 ἦθός
1792 3825 1845 3862 τι

270 3909 514 3981 βελτίους
543 3909 833 3977 γινόμενοι,
867 3905 1226 3975 ψευδοδοξῶσι
1276 3906 1407 3975 περὶ
1437 3902 1573 3957 Θεοῦ
1605 3904 1702 3955 κα)⁵
1736 3903 1846 3956 τῶν

268 4002 474 4064 θείων;
522 4001 615 4052 καὶ
667 3999 889 4066 ὠφελῶν
938 3997 1131 4058 ἄλλους
1174 3999 1231 4049 ὲν
1284 3998 1525 4065 μικροῖς,
1579 3995 1847 4048 ἔϐλαπτεν

269 4094 465 4147 ὲαυτὶν
495 4096 551 4144 ἐν
574 4094 688 4154 τοῖς
719 4091 995 4160 μεγίστοις
1023 4088 1165 4142 ἑκὼν
1206 4089 1337 4159 περὶ
1376 4089 1486 4142 τῶν
1520 4089 1681 4142 θείων
1710 4087 1848 4158 ψευ-

269 4185 519 4255 δόμενος,
558 4185 650 4237 καὶ
679 4181 850 4235 ταῦτα
882 4182 1018 4250 μηδὲ
1050 4182 1187 4250 πρὸς
1214 4181 1387 4250 δῆμον
1419 4182 1511 4233 τὸν
1546 4180 1702 4249 λόγον
1729 4197 1849 4233 ποι-

269 4279 527 4346 οὐμενος,
561 4276 675 4329 ἀλλ’
708 4277 813 4347 ἰδίᾳ
841 4276 955 4329 τισὶ
987 4275 1441 4344 πεπαιδευμένοις
1475 4292 1533 4327 τε
1574 4275 1672 4327 καὶ
1703 4290 1849 4345 παρ-

271 4368 593 4425 ακολουθεῖν
627 4369 967 4436 δυναμένοις,
1000 4369 1095 4421 καὶ
1151 4368 1257 4438 μὴν
1314 4367 1481 4420 παντὶ
1530 4364 1849 4434 συλλογιζο-

276 4465 447 4532 μένῳ,
481 4462 529 4514 εί
566 4463 660 4514 καὶ
687 4462 890 4525 σκοπός
921 4464 1039 4514 ἐστι
1069 4459 1132 4513 τὸ
1176 4460 1575 4530 συμπέρασμα,
1603 4459 1720 4511 ἀλλ’
1749 4460 1850 4511 οὐκ

272 4556 341 4606 ὲκ
366 4552 462 4613 τοῦ
490 4551 836 4621 παρήκοντος
863 4553 919 4603 αί
950 4551 1245 4620 προτάσεις
1282 4547 1672 4617 λαμϐάνονται.
1706 4548 1850 4617 Πρὸς
1885 4518 1926 4573 D

273 4645 331 4698 δὲ
361 4644 451 4696 τὸν
501 4643 682 4711 λόγον,
725 4644 821 4696 καὶ
872 4644 972 4712 τὴν
1015 4642 1137 4693 κατ’
1168 4639 1331 4694 αὑτὸν
1378 4638 1636 4709 ἀλήθειαν
1666 4639 1853 4701 ἁπλῶς

274 4735 542 4807 δηλονότι,
571 4735 733 4790 αὗται
762 4736 858 4789 καὶ
889 4735 1090 4804 μᾶλλόν
1117 4734 1223 4786 εἰσι
1280 4731 1583 4803 προῦργου,
1615 4731 1690 4794 ὡς
1720 4733 1851 4786 ἄνευ

277 4829 458 4883 αὐτῶν
495 4828 755 4881 ἀδύνατον
804 4826 1221 4896 συμπεραίνειν.
1270 4824 1328 4878 Ὀ
1361 4823 1418 4877 δὲ
1462 4827 1558 4894 τῆς
1598 4823 1854 4894 ἀληθείας

278 4921 598 4982 διδάσκαλος
622 4922 686 4972 ὲκ
709 4918 804 4971 τοῦ
832 4920 1177 4987 παρήκοντος
1211 4918 1500 4985 ποιήσεται
1532 4916 1626 4968 καὶ
1651 4916 1856 4986 παρέρ-

279 5028 392 5078 γως
424 5011 525 5080 τήν
560 5013 622 5063 ἐκ
648 5009 757 5063 τῶν
797 5009 957 5062 θείων
1003 5009 1201 5076 λογίων
1232 5006 1509 5071 ἀπόδειξιν
1536 5024 1550 5071 ;
1598 5009 1646 5060 εί
1673 5009 1729 5060 δὲ
1763 5009 1857 5061 καὶ

281 5104 344 5155 ἐκ
390 5102 466 5171 μὴ
523 5100 759 5170 ἀληθῶν,
815 5099 875 5151 τὸ
918 5102 1102 5152 πεῖσαι
1154 5102 1315 5166 μόνον
1370 5101 1614 5161 σκοπῶν,
1649 5098 1729 5150 ἔτι
1759 5100 1857 5167 τῆς

283 5194 536 5261 ἀληθείας
580 5192 733 5244 ἔσται
786 5191 1126 5257 διδάσκαλος,
1158 5190 1189 5261 ἢ
1217 5193 1498 5258 σοφιστχῐε
1531 5189 1854 5258 ἐναρίθμιος

285 5284 526 5354 pillea;
567 5283 632 5337 El
688 5284 866 5335 τοίνυν
897 5284 960 5334 ἐκ
1015 5283 1111 5350 τῆς
1145 5282 1399 5351 οὐρανίου
1453 5281 1858 5350 προδιατὲιξεως

287 5375 412 5444 περὶ
444 5375 543 5444 τῆς
593 5373 939 5444 ἀνθρωπίνης
971 5372 1111 5441 ζωῆς
1160 5390 1219 5423 τε
1255 5376 1347 5423 καὶ
1397 5370 1672 5439 τελευτῆς,
1707 5372 1849 5423 κειτά

289 5482 343 5517 τε
377 5470 569 5537 χρῦνον
600 5471 695 5520 καὶ
737 5468 937 5538 τρόπον
977 5470 1004 5519 ὁ
1039 5468 1213 5534 μέγας
1260 5465 1419 5535 ἤθελε
1470 5465 1702 5527 πείθειν,
1743 5466 1861 5535 μεθ’

291 5560 562 5629 ὑπομονῆς
595 5561 921 5632 εὐχαρίστου
968 5563 1156 5628 φέρειν
1192 5559 1290 5631 τὴν
1332 5560 1611 5627 τελευτὴν,
1661 5559 1862 5626 μᾶλλον

292 5652 341 5704 5‘s
387 5654 740 5720 ἀναγκάζειν,
785 5655 857 5715 ὡς
909 5654 1084 5714 ἄλλως
1132 5657 1423 5723 μέλλοντας
1479 5653 1859 5721 ἁσεϐὴσειν,ἢ

296 5748 375 5798 τὶν
407 5746 549 5798 θεῖον
576 5746 907 5813 ἁγιοοᾶντας
957 5747 1316 5816 προορισμὺν,
1348 5747 1381 5815 ἢ
1421 5746 1627 5806 εἰδότας
1665 5747 1759 5799 καὶ
1800 5747 1861 5799 οὐ

295 5839 671 5903 φροντίζοντας
827 5838 1122 5910 caleﬁeri);
1178 5840 1379 5896 ἑαυτῶν
1417 5856 1472 5892 τε
1511 5841 1603 5893 καὶ
1644 5843 1749 5894 τῶν
1782 5840 1860 5891 οἱ·

1947 3277 2169 3345 divinis,
2206 3292 2327 3331 cum
2361 3279 2575 3333 licentia
2601 3280 2795 3342 supina
2827 3282 3114 3334 disserere.
3144 3277 3342 3334 Verum
3377 3277 3533 3331 nefas

1945 3378 2031 3424 est
2068 3368 2135 3423 de
2193 3368 2304 3424 Deo
2344 3370 2508 3423 verba
2558 3370 2891 3435 facientem,
2947 3369 3081 3424 falsa
3129 3371 3181 3423 in
3227 3368 3533 3439 theologica

1945 3471 2200 3511 sermone
2230 3458 2541 3521 enuntiare,
2572 3458 2686 3512 sive
2722 3458 2773 3512 id
2806 3473 2835 3512 e
2864 3474 2921 3513 re
2946 3468 2999 3513 et
3020 3474 3085 3513 ex
3117 3459 3381 3526 professo,
3417 3460 3532 3511 sive

1946 3547 2177 3604 remisse
2214 3548 2430 3619 sibique
2480 3549 2816 3618 indulgendo
2843 3558 2986 3620 agat.
3018 3549 3099 3603 An
3134 3565 3264 3605 vero
3289 3550 3532 3606 futurum

1946 3651 2082 3705 erat,
2118 3650 2176 3695 ut
2202 3642 2520 3709 quiomnis
2564 3641 2884 3696 attentionis
2914 3648 2970 3696 et
3004 3649 3206 3695 exactae
3240 3641 3536 3711 diligentia

1948 3732 2134 3802 regula
2170 3741 2289 3807 est,
2325 3734 2390 3789 de
2425 3733 2534 3787 Deo
2567 3747 2807 3803 unquam
2860 3733 3184 3788 dissertaret
3234 3746 3430 3802 praeter
3481 3735 3535 3788 id

1947 3827 2091 3897 quod
2133 3843 2231 3897 par
2260 3836 2341 3881 est
2374 3845 2390 3884 ι
2423 3827 2588 3896 idque
2639 3826 2707 3880 de
2742 3827 2923 3895 magni
2962 3827 3222 3880 momenti
3274 3828 3492 3881 decreto
3515 3864 3533 3891 ,

1947 3929 2003 3975 et
2036 3921 2181 3989 quod
2214 3920 2279 3972 ad
2308 3920 2609 3973 secundum
2646 3918 2768 3971 ﬁdei
2807 3917 3098 3971 articulum
3146 3916 3383 3972 refertur
3426 3932 3442 3969 :
3474 3933 3539 3973 ac

1951 4021 2171 4083 propter
2222 4010 2565 4064 audientium
2613 4011 2959 4065 commodum
3005 4009 3142 4063 scita
3176 4008 3311 4063 falsa
3343 4024 3538 4078 propo-

1951 4103 2141 4160 neret?
2164 4118 2231 4156 an
2265 4102 2428 4157 etiam
2457 4103 2889 4155 emolumentum
2921 4099 3060 4153 foret
3082 4100 3535 4163 attscultautium,

1948 4205 2009 4250 ιιι
2050 4211 2173 4251 cum
2194 4194 2404 4248 ratione
2438 4207 2646 4246 morum
2674 4191 2990 4260 ingeniique
3024 4190 3276 4246 meliores
3306 4190 3500 4245 fierent
3522 4231 3537 4253 .

1952 4288 2089 4344 falsa
2119 4288 2187 4343 de
2217 4288 2324 4341 Deo
2365 4301 2430 4340 ac
2491 4285 2652 4339 rebus
2693 4282 2893 4340 divinis
2926 4284 3320 4354 Opinarentur?
3348 4292 3402 4338 et
3439 4285 3540 4337 do-

1952 4387 2096 4443 ctor,
2133 4378 2268 4433 alios
2295 4377 2349 4430 in
2381 4375 2595 4444 exiguis
2618 4373 2884 4441 iuvando,
2923 4374 3165 4444 seipsum
3199 4374 3255 4428 in
3287 4375 3541 4428 maximis
3606 4404 3613 4407 -

1955 4472 2100 4525 ultro
2134 4468 2376 4530 laederet,
2407 4466 2473 4520 de
2499 4464 2706 4520 divinis
2754 4464 3115 4519 mentiendo?
3144 4479 3267 4519 cum
3314 4478 3542 4533 praeser-

1957 4561 2056 4615 tim
2108 4561 2175 4613 ad
2230 4557 2492 4629 populum
2522 4558 2690 4613 verba
2751 4571 2862 4611 non
2910 4555 3131 4621 faceret,
3159 4556 3253 4610 sed
3289 4554 3544 4625 privatim

1957 4650 2100 4721 apud
2122 4652 2368 4705 eruditos
2388 4649 2672 4720 quosdam,
2692 4658 2746 4704 et
2765 4664 2858 4703 eos
2882 4648 2973 4718 qui
2996 4648 3255 4717 subsequi
3287 4655 3545 4718 possent:

1958 4759 2021 4798 ac
2056 4740 2304 4812 profecto
2335 4741 2485 4795 omni
2518 4751 2964 4812 argumentorum
3003 4740 3309 4795 rationibus
3341 4738 3511 4792 utenti
3532 4778 3550 4801 ,

1959 4834 2214 4901 quamvis
2247 4846 2447 4901 scopas
2478 4832 2549 4885 sit
2573 4831 2879 4895 conclusio,
2910 4846 3020 4885 non
3054 4830 3262 4885 idcirco
3298 4828 3552 4899 proposi-

1960 4925 2137 4977 tiones
2177 4921 2553 4992 perlunctorie
2584 4929 2641 4974 et
2672 4920 2958 4991 neglectim
2987 4929 3278 4976 sumuntur
3314 4939 3327 4975 :
3366 4920 3458 4975 sed
3485 4920 3556 4973 ad

1924 5014 2228 5085 Orationem
2286 5022 2340 5066 et
2374 5013 2654 5067 veritatem
2687 5026 2807 5081 quae
2852 5011 3152 5066 secundum
3203 5012 3373 5078 ipsam
3428 5017 3557 5081 est;
3646 5062 3651 5067 ,

1962 5104 2190 5158 omnino
2220 5104 2562 5174 sumptiones
2591 5104 2671 5158 hac
2702 5103 2915 5158 scilicet
2950 5103 3122 5171 magis
3161 5116 3189 5155 e
3229 5116 3287 5154 re
3332 5109 3464 5154 sunt
3501 5105 3556 5154 et

1964 5195 2280 5261 conferunt,
2307 5198 2527 5263 quando
2562 5196 2681 5250 sine
2706 5195 2835 5262 ipsis
2867 5190 3204 5260 impossibile
3224 5200 3307 5245 est
3330 5189 3554 5244 conclu-

1964 5288 2116 5341 dere.
2151 5288 2218 5340 At
2250 5288 2494 5342 veritatis
2524 5287 2752 5340 antistes
2780 5282 3055 5339 faceretne
3086 5281 3327 5350 segniter
3358 5294 3420 5333 ac
3461 5293 3554 5331 su-

1964 5396 2304 5450 pervacaneo
2329 5396 2358 5434 e
2384 5380 2586 5433 divinis
2611 5377 2849 5433 oraculis
2876 5376 3179 5429 institutam
3215 5372 3556 5427 demonstra-

1969 5473 2211 5527 tionem?
2248 5473 2393 5542 quod
2455 5471 2500 5525 si
2556 5470 2721 5523 etiam
2775 5485 2837 5523 ex
2892 5482 2998 5521 non
3051 5467 3219 5530 veris,
3274 5465 3324 5517 id
3375 5462 3548 5516 solum

1972 5578 2250 5635 spettans,
2282 5575 2338 5617 ut
2368 5564 2715 5632 persuadeat,
2750 5562 2954 5614 sit-eine
2982 5559 3160 5612 adhuc
3189 5557 3436 5611 veritatis
3460 5556 3556 5606 du-

1969 5667 2088 5711 ctor
2108 5658 2232 5723 erit,
2265 5673 2330 5710 an
2368 5656 2545 5726 potius
2582 5657 2632 5708 in
2657 5653 3024 5722 sophistarum
3051 5652 3231 5705 album
3261 5645 3560 5704 referetur?

1972 5750 2240 5815 Quocirca
2268 5749 2366 5803 sia
2402 5746 2614 5801 caelesti
2644 5742 3149 5813 praeconstitutione
3173 5741 3240 5795 de
3272 5740 3556 5795 hominum

1976 5843 2080 5897 vita
2107 5852 2157 5897 et
2192 5841 2368 5905 obitu,
2402 5840 2556 5907 juxta
2581 5846 2795 5905 tempus
2826 5844 2878 5894 ct
2910 5837 3156 5903 modum,
3194 5850 3425 5905 magnus
3465 5838 3551 5889 vir
