4062 6424
570 423 679 489 513

1617 416 2004 480 GENNADII
2046 415 2163 482 ΕΡ.
2196 414 2712 477 ΡΑΤΒΙΑΒΕῙΙίΕ

3694 412 3800 478 ‘Mi

574 533 812 591 suadere
844 530 1042 600 voluit,
1079 545 1204 588 cum
1235 529 1494 602 patientia
1540 542 1809 601 gratoque
1854 531 2038 586 animo
2077 530 2156 586 fe-

2269 525 2429 580 κείων
2470 524 2700 593 ἀλόγου·
2748 523 2850 579 οὐκ
2902 518 2971 595 ἦν
3020 508 3170 592 αὐτῷ
3217 525 3448 596 μάλιστα
3496 526 3801 597 προῦργουό

574 628 804 683 rendam
840 639 964 682 esse
1005 631 1261 688 mortem,
1305 625 1417 679 imo
1440 622 1605 679 etiam
1641 618 1835 694 coger'e
1871 638 2159 695 aggressus

574 726 664 771 est
701 731 796 770 eos
834 716 932 785 qui
972 715 1130 770 aliter
1164 715 1329 785 impie
1360 714 1535 769 acturi
1567 723 1771 777 essent,
1805 713 2053 783 aut'quia
2075 713 2161 768 di-

574 804 761 859 vinam
790 805 1104 877 ignorarent
1126 804 1665 873 praedestinationem
1706 818 1719 853 :
1762 802 1848 858 vel
1879 817 2003 861 cum
2037 816 2157 856 eam

574 904 1006 968 cognoscerent,
1034 896 1155 966 ejus
1188 904 1368 951 tamen
1400 910 1590 951 curam
1619 894 1887 950 haberent
1920 890 2173 959 nullam,"

580 1000 695 1057 pra:
737 984 1034 1041 temeraria
1082 984 1166 1041 sui
1213 999 1554 1055 suorumque
1607 985 1734 1039 vita:
1790 982 2086 1053 cupiditate
2142 1001 2158 1037 :

581 1090 766 1131 nonne
801 1090 983 1131 sermo
1018 1076 1089 1131 de
1142 1074 1326 1130 divina
1376 1074 1831 1147 pra-ordinatione
1874 1083 2162 1142 susceptus

583 1165 821 1221 maxime
866 1163 1235 1221 conducibilis
1272 1163 1373 1232 ipsi
1423 1173 1581 1226 erat,
1624 1163 1878 1233 quicum
1929 1162 2162 1217 veritate

582 1256 815 1310 suadere
840 1254 1098 1312 volebat?
1123 1270 1192 1310 an
1232 1268 1341 1310 non
1372 1255 1536 1310 etiam
1570 1253 1932 1319 discentibus,
1955 1253 2000 1308 si
2037 1253 2160 1322 qui-

578 1346 708 1402 dem
735 1346 1116 1417 obtemperare
1148 1347 1496 1412 statuissent,
1536 1346 1886 1402 utilissimum
1927 1346 2119 1400 luisset
2142 1384 2158 1411 ,

581 1451 706 1490 cum
731 1437 802 1493 ob
834 1437 888 1492 id
924 1437 1162 1492 maxime
1184 1437 1648 1504 persuaderentur
1665 1438 1688 1490 ?
1707 1434 1975 1502 Quocirca
2004 1434 2164 1506 plane

586 1529 828 1600 ineptum
866 1538 950 1585 est
993 1530 1068 1585 ita
1103 1534 1453 1601 expostulare
1485 1530 1555 1584 de
1599 1545 1664 1585 eo
1698 1528 1789 1599 qui
1823 1528 1972 1584 omni
2004 1529 2160 1595 cu!pa

584 1629 763 1675 vacat.
797 1619 995 1676 Verum
1028 1621 1352 1699 prudentius
1397 1630 1882 1692 conquererentur,
1928 1618 1972 1674 si
2016 1617 2162 1673 dice-

587 1724 708 1769 rent
751 1728 767 1769 :
801 1711 919 1769 Non
948 1720 1007 1769 ut
1040 1713 1256 1780 doctus,
1290 1715 1505 1784 sapiens
1544 1729 1608 1767 ac
1660 1712 1901 1793 divinus,
1956 1710 2050 1764 sed
2103 1719 2162 1763 ut

586 1802 750 1859 homo
780 1803 883 1860 hac
920 1805 973 1858 in
1002 1815 1157 1873 parte
1186 1804 1453 1860 duntaxat
1492 1803 1783 1881 ignoravit,
1831 1815 1933 1856 nec
1983 1800 2161 1870 potuit

2262 617 2391 686 napi
2423 616 2521 687 τῆς
2576 616 2728 680 θείας
2781 608 3207 685 προδιατάξεως’
3231 617 3408 683 λόγος,
3436 616 3512 685 τῷ
3560 619 3689 687 μετὰ
3716 619 3799 687 τῆς

2260 711 2524 778 ἀληθείας
2554 711 2766 763 πείθειν
2792 709 3053 774 ἐθέλοντι,
3085 711 3119 781 ἢ
3168 711 3290 779 οὐχὶ
3315 712 3411 765 καὶ
3438 711 3547 774 τοῖς
3578 711 3801 766 διδασκο-

2266 805 2447 875 μένοις
2481 805 2640 873 είπερ
2694 803 2993 873 ἠβούλοντο
3023 801 3329 868 πείθεσθαι,
3373 803 3802 872 προύργιαίτατον

2261 895 2329 948 ἂν
2358 890 2450 963 ἦν,
2474 894 2547 956 ὡς
2574 893 2663 948 διὰ
2688 893 2848 947 τοῦτο
2874 893 3110 962 μάλιστα
3137 891 3499 962 πειθομένοις,
3518 891 3649 945 ὥστε
3677 894 3800 946 πάνυ

2260 987 2480 1055 χυδαῖον
2525 985 2701 1048 οὕτως
2746 982 3094 1050 ἐξαιτιᾶσθαι
3125 983 3220 1036 τὸν
3265 982 3527 1047 καθάπαξ
3567 984 3800 1037 ἀναίτιον.

2274 1077 2437 1132 Ἀλλὰ
2485 1074 2903 1146 φρονιμώτερον
2932 1074 2999 1127 ἂν
3029 1074 3327 1147 ἐξῃτιῶντο
3368 1074 3634 1142 λέγοντες,
3665 1074 3731 1135 ὡς
3761 1078 3802 1127 εἰ

2263 1170 2427 1237 σοφὸς
2462 1163 2530 1239 ἧν
2563 1169 2658 1220 καὶ
2687 1165 2850 1231 θεῖος,
2885 1164 3001 1219 ἀλλ’
3033 1166 3110 1227 ὡς
3154 1162 3440 1235 ἄνθρωπος
3469 1165 3725 1235 ἠγνόησεν
3754 1167 3804 1218 ἐν

2260 1262 2439 1332 τούτῳ
2465 1261 2541 1332 τῷ
2579 1262 2756 1331 μέρει,
2790 1261 2884 1313 καὶ
2920 1259 3019 1313 οὐκ
3050 1258 3291 1330 ἠδυνήθη
3334 1258 3510 1320 καλῶς
3549 1257 3643 1326 τῆς
3687 1257 3804 1325 ἀληο

2263 1354 2389 1415 θοῦς
2421 1356 2516 1406 καὶ
2573 1354 2747 1423 σοφῆς
2776 1352 3067 1417 ἐφικέσθαι
3095 1351 3322 1420 γνώμης
3370 1352 3464 1403 καὶ
3490 1348 3804 1420 διακρίσεως.

2273 1445 2415 1499 Ἀλλ’
2434 1446 2554 1498 οὐδέ
2578 1444 2739 1498 τοῦτο
2768 1443 2929 1511 λόγον
2959 1443 3081 1512 ἔχον
3103 1442 3273 1496 ἐστίν.
3312 1441 3373 1495 ’11
3383 1444 3500 1512 μείς
3525 1442 3628 1510 γὰρ
3651 1442 3805 1494 καίτοι

2262 1536 2353 1592 τδν
2407 1537 2585 1605 μέγαν
2640 1534 2845 1596 εἰδότες
2874 1535 2936 1588 οὐ
2988 1533 3152 1604 σοφίᾳ
3207 1534 3372 1601 μόνον
3417 1532 3805 1603 παρεληλακὸτα

2264 1629 2493 1694 πάντας,
2526 1628 2665 1681 ἀλλὰ
2717 1627 2814 1681 καὶ
2849 1629 2960 1690 τοῖς
2990 1630 3054 1680 ἐκ
3095 1627 3232 1680 Θεοῦ
3265 1626 3567 1696 φωτισμοῖς
3606 1624 3807 1693 διαπρέ-

2260 1720 2458 1790 ψαντα,
2496 1720 2647 1789 ὅμως
2677 1720 2776 1772 οὐκ
2812 1719 2963 1789 αὐτῷ
3003 1719 3269 1787 τιθέμεθα
3314 1720 3514 1788 μᾶλλον
3542 1718 3574 1788 ἢ
3607 1717 3807 1771 Ἀθανα-

2265 1812 2390 1880 σίῳ,
2448 1812 2541 1864 καὶ
2591 1810 2629 1863 Γ
2637 1811 2877 1881 ρηγορίῳ
2910 1810 2987 1881 τῷ
3034 1810 3309 1881 Θεολὸγῳ,
3340 1811 3437 1864 καὶ
3487 1809 3561 1879 τῷ
3616 1808 3806 1875 Νύσσης

586 1895 810 1963 pulchre
848 1869 1035 1951 verant
1067 1895 1393 1965 doctamque
1423 1869 1750 1951 seu-tentiam
1779 1869 2155 1950 discernendi-

2269 1902 2434 1970 αὐτῷ,
2466 1902 2561 1956 καὶ
2603 1902 2982 1971 Δύγουστίνῳ,
3018 1896 3098 1966 οἷς
3130 1905 3298 1955 πᾶσιν
3343 1903 3373 1955 δ
3405 1903 3574 1971 μέγας
3601 1897 3808 1953 ἐνταῦθα

586 2003 695 2057 que
726 1988 834 2043 vim
888 1986 1140 2058 adipisci.
1172 1990 1337 2057 Atqui
1391 2003 1458 2043 ne
1508 1987 1650 2042 istud
1695 1986 1912 2056 quidem
1950 1983 2156 2039 .rationi

581 2091 1012 2135 consentaneum
1046 2091 1149 2135 est.
1186 2081 1396 2135 Etenim
1431 2082 1644 2135 tametsi
1672 2080 2005 2149 exploratum
2041 2093 2157 2146 per-

580 2181 937 2243 spectumque
972 2171 1271 2229 habeamus
1319 2189 1572 2242 magnum
1618 2173 1876 2227 Basiliam
1915 2190 2021 2227 non
2059 2173 2157 2225 do—

581 2263 758 2319 ctrina
811 2274 1022 2320 tantum
1073 2266 1195 2320 aliis
1250 2266 1545 2321 anteivisse
1594 2266 1881 2330 munibus,
1957 2282 2148 2319 verum

580 2355 746 2410 etiam
797 2354 1297 2413 illuminationibus
1352 2372 1381 2411 a
1439 2358 1548 2411 Deo
1608 2358 1842 2427 acceptis
1889 2359 2156 2425 insignem

586 2445 906 2502 exstitisse:
965 2463 1073 2501 non
1115 2448 1239 2516 plus
1273 2457 1450 2502 tamen
1508 2449 1586 2503 illi
1632 2451 1940 2507 tribuimus.
1995 2465 2154 2517 quam

581 2537 901 2605 Athanasio,
943 2537 1204 2605 Gregorio
1251 2539 1552 2609 Theologo,
1596 2549 1650 2593 et
1700 2539 1948 2606 Nysseno
1996 2554 2159 2608 atque

582 2627 909 2698 Augustino,
946 2630 1147 2700 quibus
1176 2631 1433 2687 omnibus
1473 2646 1704 2700 magnus
1749 2632 1834 2686 hic
1880 2633 2157 2696 concimt,

580 2729 636 2774 et
668 2719 725 2774 hi
759 2735 950 2776 omnes
978 2721 1051 2775 illi
1082 2722 1450 2777 consentlunt.
1486 2722 1590 2788 Qui
1618 2730 1796 2776 autem
1836 2722 1951 2775 licri
1988 2730 2164 2789 potest

586 2820 647 2866 ut
673 2812 812 2866 tanti
843 2813 1099 2868 doctores
1152 2813 1206 2867 in
1254 2812 1356 2867 hac
1404 2812 1707 2867 aSScrlioue
1757 2811 1920 2866 simul
1972 2827 2159 2865 errore

582 2900 802 2955 abducti
837 2900 1082 2956 fuerint?
1118 2901 1271 2967 Quod
1319 2910 1500 2954 autem
1543 2901 1730 2955 multis
1781 2901 1832 2954 in
1882 2899 2015 2953 locis
2048 2899 2161 2952 haec

584 2989 773 3045 eadem
798 2998 1027 3057 asserat,
1052 3002 1106 3044 et
1130 3006 1253 3043 eum
1285 3006 1416 3045 cura
1442 3000 1494 3044 et
1517 2989 1943 3057 exaggerationc
1971 2989 2161 3052 multa,

584 3092 648 3138 ut
678 3082 724 3136 si
758 3083 857 3138 hac
884 3083 950 3137 de
983 3099 1041 3137 re
1066 3084 1363 3138 orationem
1402 3084 1467 3137 ad
1504 3084 1791 3138 utilitatem
1828 3082 2158 3152 susciperet,

586 3189 653 3229 ac
686 3175 924 3241 futurum
965 3185 1113 3230 esset
1142 3184 1200 3229 ut
1228 3190 1323 3229 eos
1350 3175 1595 3230 veritatis
1621 3175 1887 3230 sententia
1925 3175 2165 3244 juvaret.

587 3263 682 3332 qui
728 3264 985 3335 subsequi
1027 3280 1091 3320 ac
1142 3268 1422 3336 percipere
1455 3276 1676 3333 possent
1718 3284 1732 3320 :
1774 3267 1994 3321 attende
2038 3268 2167 3336 quid

588 3354 698 3409 alio
722 3355 841 3411 loco
863 3356 1043 3424 dicat;
1088 3366 1143 3412 et
1186 3360 1288 3412 hac
1336 3358 1582 3413 studiosa
1612 3359 1903 3413 sedulitate
1937 3372 2163 3427 compc-

587 3447 719 3514 ries,
753 3448 1171 3519 haudquaquam
1197 3448 1477 3506 fortuitum
1505 3453 1793 3519 quemdam
1833 3466 2165 3507 concursum

588 3556 779 3597 eorum
826 3556 947 3611 quae
995 3542 1311 3597 hominibus
1362 3542 1497 3598 ﬁunt
1545 3542 1944 3598 enuntiandum
1987 3558 2156 3597 esse:

593 3645 851 3703 tanquam
907 3635 953 3689 si
1002 3635 1185 3690 nullus
1231 3636 1542 3690 moderatur
1590 3636 1659 3691 ‘et
1712 3651 1968 3706 princeps
2014 3636 2161 3689 hunc

591 3725 857 3781 mundutn
882 3736 1114 3797 regeret,
1136 3740 1330 3795 pravas
1362 3726 1460 3780 tibi
1490 3726 1776 3795 opiniones
1803 3728 2167 3796 suggerendo;

592 3817 852 3871 duntaxat
877 3831 907 3871 a
934 3817 1197 3872 limitibus
1228 3816 1443 3886 pietatis
1476 3816 1728 3872 excidere
1757 3833 2008 3873 caveas.t
2034 3817 2167 3871 Nam

591 3907 685 3978 qui
725 3922 825 3963 nos
859 3907 1015 3963 ﬁnxit
1040 3919 1093 3963 et
1123 3908 1391 3963 animavit
1423 3907 1585 3973 Deus,
1622 3910 1906 3981 proprium
1942 3924 2168 3966 conces-

590 4005 663 4059 sit
692 4003 892 4075 cuique
916 4005 1109 4060 animm
1133 4004 1393 4076 degenda:
1426 4006 1554 4061 vita:
1578 4015 1804 4069 statum,
1829 4016 1995 4077 atque
2034 4006 2171 4062 alios

591 4096 716 4152 aliis
749 4097 949 4153 limites
985 4098 1163 4153 exitus
1198 4098 1334 4154 lixit.
1376 4097 1588 4154 Etenim
1619 4099 1764 4154 hunc
1797 4100 2015 4168 quidem
2053 4100 2170 4169 plué

590 4205 678 4246 res
716 4189 769 4245 in
805 4192 949 4248 mole
979 4192 1226 4262 corporis
1262 4194 1458 4249 etluce
1493 4207 1672 4248 moras
1708 4191 1886 4247 facere
1915 4190 2170 4248 Numinis

587 4283 925 4353 dispensatio
963 4286 1155 4339 statuit
1193 4300 1210 4339 :
1240 4284 1392 4338 illum
1437 4299 1566 4339 vero
1591 4284 1756 4338 citius
1784 4283 2016 4338 vinculis
2047 4299 2172 4337 cor-

594 4375 778 4444 poreis
832 4372 967 4431 solvi
997 4374 1301 4439 constituit,
1338 4376 1495 4443 juxta
1530 4374 1915 4429 inenarrabilis
1956 4357 2171 4445 sapien—

587 4468 679 4523 tiae
703 4482 768 4522 ac
804 4467 1029 4537 justitize
1059 4482 1171 4522 suae
1207 4467 1464 4523 rationes.
1502 4467 1969 4533 Quemadmodum
2000 4468 2167 4525 exiiis

2269 1997 2488 2067 συνᾴδει
2518 1995 2822 2059 Βασίλειος,
2848 1997 2944 2049 καὶ
2975 1989 3121 2050 οὗτοι
3157 1997 3360 2057 πάντες
3382 1993 3549 2063 αὐτῷ.
3582 1993 3683 2045 Καὶ
3710 1990 3808 2052 πῶς

2267 2084 2377 2141 οἷόν
2428 2106 2483 2140 τε
2523 2087 2894 2157 ,τηλικούτους
2928 2087 3283 2149 διδασκάλους
3330 2086 3469 2155 ὁμοῦ
3498 2085 3622 2155 περὶ
3674 2083 3810 2135 τοῦτο

2267 2177 2609 2245 πλανηθῆναι
2632 2177 2691 2228 τὸ
2716 2162 2884 2246 μέρος
2909 2194 2922 2242 ;
2948 2177 3029 2228 ὅτι
3052 2176 3106 2229 δὲ
3129 2176 3400 2246 πολλαχοῦ
3426 2176 3493 2228 τὰ
3515 2173 3645 2227 αὐτὰ
3665 2170 3811 2225 ταῦτά

2269 2284 2427 2335 φησι,
2452 2268 2545 2319 καὶ
2579 2268 2717 2333 μετὰ
2741 2267 2940 2334 πολλῆς
2964 2269 3061 2336 τῆς
3088 2266 3509 2333 ἐπεξεργασίας,
3539 2265 3609 2326 ὡς
3636 2260 3809 2332 προῦρ-

2269 2376 2365 2425 γου
2396 2361 2485 2411 τ“.ν
2515 2376 2581 2411 πε
2592 2360 2644 2427 pl.
2678 2358 2885 2410 τούτων
2914 2358 3070 2423 λόγον
3108 2358 3264 2411 ποιού
3276 2376 3457 2426 μενος,
3490 2358 3581 2411 καὶ
3607 2354 3810 2423 ὠφελεῖν

2273 2449 2481 2517 μέλλων
2513 2452 2577 2517 τῇ
2617 2448 2742 2517 δόξῃ
2789 2447 2888 2516 τῆς
2935 2448 3196 2517 ἀληθείας
3226 2451 3358 2514 τοὺς
3412 2444 3810 2516 παρακολουθεῖν

2267 2542 2603 2610 δυναμένους
2628 2559 2643 2572 ’
2671 2543 2834 2597 ἄκουε
2860 2542 2912 2594 τί
2943 2559 3108 2612 φησιν
3133 2542 3394 2613 ἀλλαχοῦ,
3430 2544 3518 2595 καὶ
3541 2537 3811 2597 σπουδάσας

2270 2636 2548 2704 εὑρήσεις,
2582 2634 2655 2704 μὴ
2697 2634 3006 2703 αὐτόματόν
3043 2650 3162 2687 τινα
3196 2634 3365 2705 εἴπῃς
3415 2631 3690 2701 συντυχίαν
3720 2627 3810 2680 τῶν

2273 2726 2571 2795 γινομένων
2618 2726 2951 2795 ἀνθρώποις,
2995 2726 3073 2790 ὡς
3128 2728 3361 2796 μηδενὸς
3403 2726 3693 2795 προστάτου
3737 2718 3811 2771 τὸν

2270 2818 2475 2886 κόσμον
2504 2815 2943 2884 οἰκονομοῦντος,
2983 2817 3197 2885 πονηρὰ
3240 2817 3490 2886 δόγματα
3524 2811 3808 2879 ὑποτιθέμε·

2273 2926 2361 2971 νος
2399 2910 2632 2975 σεαυτῷ,
2675 2908 2809 2977 μηδὲ
2839 2909 3077 2978 ἐκπέσῃς
3107 2908 3213 2960 τῶν
3238 2909 3388 2978 ὅρων
3415 2909 3511 2977 τῆς
3540 2904 3807 2962 εὐσεϐείας.

2279 3018 2299 3053 ε
2326 3003 2383 3054 '0
2413 3004 2519 3070 γὰρ
2558 3002 2768 3062 πλάσας
2797 3002 2944 3071 ἡμᾶς
2977 3006 3071 3053 καὶ
3089 3000 3357 3069 ψυχὼσας
3379 3001 3529 3065 Θεὸς,
3558 2999 3683 3053 ἰδίαν
3708 2996 3814 3048 ἐδω-

2274 3109 2370 3145 κεν
2398 3093 2603 3161 ἑκάστῃ
2636 3091 2781 3159 ψυχῇ
2811 3091 2909 3160 τὴν
2942 3090 3034 3143 τοῦ
3072 3091 3186 3159 βίου
3216 3091 3520 3162 διαγωγὴν,
3547 3089 3636 3143 καὶ
3662 3086 3814 3142 ἄλλοις

2197 3221 2237 3280 C
2272 3180 2461 3241 ἄλλους
2495 3180 2654 3249 ὅρους
2711 3180 2881 3248 ἔπηξε
2921 3181 3018 3249 τῆς
3061 3180 3266 3243 ἐξὸδου.
3324 3181 3427 3233 Τὸν
3461 3180 3559 3249 μὲν
3607 3178 3704 3245 γὰρ
3742 3170 3815 3275 af}

2274 3272 2460 3324 πλεῖον
2492 3273 2808 3341 περιμεῖναι
2844 3275 2909 3342 τῇ
2951 3273 3225 3342 παρουσίᾳ
3272 3273 3380 3342 τῆς
3420 3270 3617 3341 σαρκὸς
3644 3263 3815 3338 ᾠκονό-

2278 3379 2454 3431 μησε’
2491 3363 2584 3415 τὶν
2612 3364 2668 3415 δὲ
2720 3364 2915 3415 θᾶττον
2969 3362 3312 3432 ἀπολυθῆναι
3361 3365 3469 3417 τῶν
3510 3360 3710 3431 δεσμῶν
3734 3353 3814 3409 τοῦ

2277 3454 2529 3525 σώματος
2556 3457 2860 3523 διετάξατο,
2907 3458 3047 3510 κατὰ
3075 3458 3202 3521 τοὺς
3230 3458 3337 3528 τῆς
3377 3461 3614 3532 ἀρῤήτου
3652 3453 3816 3522 σοφίας

2276 3547 2471 3599 ἑαυτοῦ
2502 3548 2598 3601 καὶ
2626 3547 2974 3617 δικαιοσύνης
3017 3549 3231 3618 λόγους.
3271 3550 3490 3621 Ὠσπερ
3532 3545 3619 3603 οὖν
3645 3546 3690 3600 oi
3720 3544 3818 3603 ταῖς

2274 3641 2522 3709 εἱρκταῖς
2550 3640 2940 3709 ἐμπίπτοντες,
2977 3642 3028 3693 οἱ
3063 3642 3161 3709 μὲν
3188 3641 3282 3694 ἐπὶ
3313 3644 3536 3697 πλείονα
3566 3640 3741 3711 χρόνον
3762 3637 3817 3701 τῇ

2273 3731 2520 3782 κακώσει
2569 3729 2679 3781 τῶν
2724 3729 3117 3800 δεσμωτηρίων
3164 3732 3645 3792 ἐναποκλείονται,
3687 3726 3730 3778 οἱ
3771 3722 3818 3773 δὲ

2271 3821 2577 3892 ταχυτέραν
2624 3820 2944 3890 εὑρίσκουσι
2976 3823 3077 3891 τὴν
3108 3824 3205 3892 τῆς
3246 3822 3623 3883 κακοπαθείας
3667 3817 3819 3871 ἀπαλ-

2271 3913 2446 3983 λαγήν
2473 3930 2485 3943 ο
2523 3912 2665 3966 οὕτω
2690 3913 2783 3965 καὶ
2815 3913 2871 3964 αί
2921 3914 3113 3983 ψυχαὶ,
3149 3914 3205 3967 αί
3241 3915 3346 3983 μὲν
3378 3918 3471 3968 ἐπὶ
3511 3914 3641 3967 πολὺ
3671 3921 3820 3980 προσ·

2274 4008 2598 4075 κατέχονται
2637 4008 2703 4075 τῇ
2737 4005 2851 4075 ζωῇ
2879 4005 3075 4077 ταύτῃ,
3107 4007 3163 4057 αξ
3202 4006 3258 4059 δέ
3304 4008 3394 4061 ἐπ’
3439 4006 3670 4067 ἔλαττον,
3699 3996 3820 4053 κατά

2270 4098 2371 4166 τὴν
2415 4096 2574 4161 ἀξίαν
2603 4097 2699 4164 τῆς
2748 4096 3039 4165 ἀναλογίας
3091 4098 3352 4162 ἑκάστου,
3406 4099 3582 4169 σοφῶς
3611 4094 3699 4149 καὶ
3741 4090 3820 4160 βα·-

2272 4190 2429 4254 θέως,
2461 4188 2536 4252 ὡς
2565 4189 2666 4241 οὐκ
2717 4187 2784 4241 ἂν
2819 4189 3066 4255 ἐφίκοιτο
3100 4189 3224 4253 νοῦς
3264 4189 3593 4262 ἀνθρώπων,
3622 4186 3685 4241 τὰ
3713 4181 3821 4251 περὶ

2271 4280 2504 4334 ἕκαστον
2539 4281 2700 4349 ἡμῶν
2744 4280 2839 4335 τοῦ
2875 4282 3164 4345 κτίσαντος
3194 4281 3680 4351 ⁷προϐλεπομένου.
3725 4274 3821 4328 Οὐκ

2269 4373 2489 4434 ἀκούεις
2522 4371 2768 4440 λέγοντος
2802 4373 2891 4425 τοῦ
2916 4373 3113 4425 Δαϐίδ·
3151 4391 3170 4425 ι
3208 4374 3477 4444 Ἐξάγαγε
3505 4377 3567 4426 ἐκ
3600 4364 3821 4441 φυλακῆς

2268 4467 2368 4535 τὴν
2398 4464 2582 4536 ψυχήν
2618 4482 2721 4533 μου
2754 4482 2769 4532 ;
2808 4483 2827 4517 ι
2856 4467 2958 4520 οὐκ
3007 4467 3249 4538 ἤκουσας
3277 4469 3409 4539 περὶ
3441 4466 3533 4521 τοῦ
3567 4464 3728 4532 ἁγίου,
3754 4459 3821 4512 ὃτι

587 4560 682 4627 qui
714 4561 766 4614 in
792 4574 1064 4615 carcerem
1103 4560 1417 4627 truduntur,
1445 4559 1538 4614 alti
1564 4561 1913 4616 diuturniore
1949 4572 2159 4631 tempo-

2269 4557 2510 4631 ἀπελύθη
2539 4557 2705 4611 αὐτοῦ
2741 4560 2775 4629 ἡ
2808 4558 2993 4630 ψυχῆς
3032 4560 3082 4611 τί
3108 4560 3164 4612 δε
3213 4560 3462 4630 Συμεὼν.
3495 4561 3586 4615 ὅτε
3614 4560 3821 4621 ἐνηγκα-

587 4654 667 4707 ris
692 4653 872 4721 spatio
893 4652 1155 4707 custodia.-
1179 4666 1463 4707 carcerum
1490 4651 1736 4706 molestia
1762 4664 2047 4719 vexantur,
2076 4654 2166 4708 alii

588 4740 982 4810 promptiorem
1017 4741 1301 4796 iuveniunt
1328 4755 1587 4796 aerumna
1627 4740 2004 4799 liberationem
2045 4762 2057 4798 ε
2091 4743 2171 4799 sic

586 4835 748 4887 etiam
790 4848 854 4888 ex
886 4832 1174 4889 animabus
1202 4834 1322 4888 alim
1368 4833 1561 4905 perdiu
1614 4838 1739 4889 vitae
1789 4834 1954 4905 hujus
2002 4851 2167 4890 usura

589 4926 834 4981 fruentes
868 4924 1196 4993 detinentur,
1226 4927 1345 4980 alia:
1389 4928 1625 4984 breviori
1675 4929 1936 4999 temporis
1998 4930 2169 4984 inter-

587 5020 753 5085 vallo,
787 5036 888 5091 pro
918 5020 1098 5074 meriti
1151 5020 1423 5091 cujusque
1458 5020 1667 5076 ratione
1699 5030 1752 5075 et
1792 5022 2167 5091 proportione,

584 5127 711 5165 cum
754 5122 860 5166 tam
908 5110 1016 5166 alte
1060 5121 1115 5166 et
1156 5113 1429 5181 sapienter
1461 5114 1621 5182 (adeo
1657 5122 1715 5168 ut
1745 5128 1900 5168 mens
1930 5113 2169 5167 humana

591 5219 657 5258 eo
686 5206 970 5275 pervenire
1004 5206 1260 5276 nequeat)
1288 5208 1380 5275 qui
1411 5208 1615 5263 creavit
1652 5223 1752 5263 nos
1790 5209 2082 5278 prospiciat
2106 5223 2168 5262 ea

588 5313 711 5365 qua:
740 5298 806 5353 ad
842 5297 1088 5369 singulos
1115 5301 1375 5354 mortales
1406 5302 1703 5369 pertinent.
1726 5298 1845 5355 Non
1880 5301 2037 5355 audis
2068 5300 2171 5354 Da-

588 5390 767 5444 videm
798 5400 1102 5456 canentem,
1132 5389 1314 5446 «Educ
1333 5392 1401 5446 de
1424 5406 1642 5446 carcere
1666 5391 1903 5445 animam
1931 5390 2165 5447 meam?»

590 5478 708 5534 Non
751 5473 1093 5545 auscultasti,
1144 5483 1212 5538 de
1244 5492 1434 5537 saneto
1467 5483 1699 5548 dictum,
1740 5482 1971 5538 solutam
2005 5481 2172 5538 fuisse

593 5573 763 5639 ipsius
793 5575 1069 5628 animam?
1098 5574 1238 5640 Quid
1272 5590 1402 5629 vero
1428 5573 1685 5644 Symmn,
1719 5575 1939 5643 quando
1968 5576 2173 5643 ample-

595 5674 754 5720 xatus
773 5676 857 5719 est
888 5666 1171 5721 Dominum
1198 5666 1470 5721 nostrum?
1486 5667 1700 5735 qualem
1732 5667 1915 5721 emisit
1949 5666 2173 5720 vocem?

588 5769 774 5810 nonne
805 5758 962 5821 hanc,
991 5758 1175 5812 «Nunc
1193 5758 1421 5812 dimittis
1444 5773 1661 5813 scrtum
1687 5767 1863 5823 tuum,
1890 5756 2167 5812 bonum?»

591 5842 730 5901 Nam
765 5848 829 5905 ad
869 5850 1027 5905 titam
1063 5866 1181 5921 qua;
1233 5850 1283 5907 in
1333 5852 1546 5921 superis
1582 5851 1718 5907 locis
1762 5851 2017 5921 agitanda
2052 5860 2167 5917 est,

2268 4652 2456 4705 λίσατο
2486 4652 2579 4705 τὸν
2605 4652 2809 4722 Κύριον
2836 4653 2869 4723 ὴ
2880 4652 3019 4721 μῶν,
3052 4652 3214 4706 ποίαν
3244 4656 3431 4723 φωνὴν
3457 4653 3663 4723 ἀφῆκεν
3685 4663 3700 4712 ;
3722 4643 3822 4711 οὐχ,

2269 4745 2350 4798 ὅτι
2381 4762 2399 4795 ι
2426 4744 2542 4798 Νῦν
2568 4744 2822 4807 ἀπολύεις
2846 4745 2936 4796 τὸν
2958 4742 3148 4797 δοῦλόν
3170 4760 3284 4809 σου,
3303 4746 3549 4799 Δέσποτα
3571 4760 3584 4807 ;
3611 4761 3627 4792 ι
3643 4737 3713 4807 τῷ
3732 4735 3823 4803 γὰρ

2271 4839 2613 4907 ἐπειγομένῳ
2641 4838 2776 4906 πρὸς
2801 4836 2899 4907 τὴν
2921 4836 3037 4889 ἄνω
3055 4835 3337 4903 διαγωγὴν
3364 4833 3639 4906 βαρυτέρα
3666 4828 3823 4890 πάσης

2271 4928 2567 4989 κολάσεως,
2600 4929 2696 4979 καὶ
2729 4925 3113 4995 δεσμωτηρίου
3145 4925 3371 4993 παντὸς,
3404 4927 3436 4996 ἡ
3467 4924 3601 4994 μετὰ
3625 4918 3711 4972 τοῦ
3740 4912 3819 4967 σώ-

2275 5021 2442 5091 ματός
2474 5022 2585 5072 ἐστι
2609 5019 2883 5088 διατριϐή.
2912 5036 2931 5069 ι
2959 5016 3145 5070 Ταῦτα
3173 5019 3274 5083 μὲν
3296 5018 3354 5069 ὲν
3382 5018 3461 5069 ἐνὶ
3492 5016 3629 5082 λόγῳ
3657 5005 3823 5077 φησίν.

2284 5113 2382 5165 Ἐκ
2428 5111 2523 5163 τοῦ
2568 5113 2913 5179 παρήκοντος
2959 5108 3052 5162 οὖν
3080 5107 3399 5179 δογματίζει
3442 5108 3539 5178 τὴν
3577 5097 3827 5170 πατρικὴν

2271 5196 2408 5273 ὁμου
2437 5204 2533 5257 καὶ
2559 5202 2890 5271 δεσποτικὴν
2922 5202 3051 5273 περὶ
3084 5200 3186 5271 τῆς
3216 5200 3567 5272 ἀνθρωπίνης
3590 5193 3724 5261 ζωῆς
3744 5185 3828 5238 καὶ

2276 5300 2665 5369 μεταστάσεως
2704 5296 2967 5365 πρόνοιαν
2992 5310 3007 5326 ⁸
3045 5295 3139 5349 καὶ
3177 5293 3315 5356 ὅλως
3347 5294 3439 5346 τὸν
3470 5291 3608 5343 θεῖον
3652 5289 3704 5336 ἐν
3730 5279 3829 5339 τοῖς

2272 5388 2586 5457 ἀνθρώποις
2621 5385 2956 5455 προορισμὸν
2989 5387 3083 5438 καὶ
3119 5384 3485 5453 ῦποδείγμασι
3518 5379 3609 5432 καὶ
3640 5387 3827 5444 γραφι-

2274 5484 2399 5543 καῖς
2449 5478 2761 5543 ἀποδείξεσι
2813 5477 2953 5547 μετᾶ
3007 5476 3208 5545 πολλῆς
3255 5476 3520 5529 δεικνύων
3572 5462 3826 5524 σπουδῆςὶ

2275 5576 2469 5629 Καίτοι
2500 5591 2587 5642 γε,
2612 5575 2660 5625 εἰ
2686 5576 2821 5641 πρὸς
2869 5571 3257 5637 ἀντιλέγοντας
3284 5568 3523 5621 ἐποιεῖτο
3550 5563 3637 5614 τὸν
3663 5557 3826 5622 λόγον.

2276 5663 2417 5728 εἶδες
2451 5665 2518 5717 ἂν
2552 5665 2735 5717 πᾶσαν
2765 5661 2862 5731 τὴν
2885 5660 3037 5728 ἱερὰν
3057 5659 3285 5730 Γραφὴν
3308 5658 3470 5712 αὐτὸν
3497 5652 3823 5720 ἐπιφέρονται

2289 5757 2449 5811 Ἀλλὰ
2500 5758 2592 5808 καὶ
2630 5752 2909 5821 πανταχοῦ
2954 5752 3065 5804 τῶν
3111 5751 3277 5803 αὐτοῦ
3330 5749 3522 5814 λόγων,
3562 5740 3826 5811 προδιατε-

2276 5869 2301 5905 τ
2348 5849 2544 5919 illi???
2582 5848 2911 5907 “iV-$13101;
2942 5843 3038 5912 τῆς
3064 5843 3206 5913 ζωῆς
3233 5843 3290 5896 τὸ
3317 5839 3465 5904 τέλος
3500 5834 3678 5891 καλεῖ·
3716 5826 3823 5880 κάνσ
