4062 6472
500 430 602 491 547

1552 413 1936 506 (ΞΕΝΝᾼΒΙῙ
1976 412 2085 474 CP.
2125 409 2644 473 PATRIARCHE

3685 407 3790 469 MS

501 545 648 600 illico
717 538 1046 601 reducendo.
1104 534 1372 591 hortando
1424 531 1787 600 solanquue,
1848 531 2118 600 itemque,

2222 531 2388 592 ιοιῶν,
2427 529 2516 582 ὅτε
2535 531 2710 600 ’χάριν
2743 527 3073 595 ἐπιπέμπων
3109 524 3312 594 ἐνίησι,
3363 525 3436 576 τὰ
3486 522 3546 578 δὲ
3571 524 3660 578 διὰ
3692 540 3792 579 των

503 633 768 706 urgendo,
800 646 925 687 eum
963 629 1014 683 id
1049 627 1293 696 expedit,
1329 625 1526 693 partim
1562 607 1793 678 la‘tcnter
1823 621 2086 676 obscure-

502 743 629 798 que,
665 725 864 796 partim
913 731 1099 792 aperte
1147 720 1213 774 iis
1243 719 1334 790 qui
1372 720 1436 772 ad
1476 719 1591 772 haec
1642 715 1883 770 animum
1933 713 2090 766 adhi-

501 819 633 874 bent
664 835 679 871 :
742 830 805 870 ac
837 815 1034 885 partim
1077 814 1390 868 immediate
1419 819 1474 865 et
1507 809 1722 878 absque
1759 803 2094 861 adminiculo

504 924 603 980 per
649 909 894 978 seipsum
941 906 1203 971 eiiiciens,
1253 907 1468 973 quoties
1514 902 1745 974 gratiam
1778 897 2094 952 immittens

505 1002 779 1064 infundit,
853 1000 1048 1068 partim
1103 1013 1200 1068 per
1243 996 1466 1066 angelos
1517 992 1810 1055 custodes,
1859 1003 2117 1060 quorum,

505 1095 707 1163 singuli
741 1095 1058 1148 hominibus
1089 1090 1322 1160 singulis
1356 1087 1618 1157 assignati
1651 1101 1715 1140 ac
1745 1079 2050 1152 praescripti
2081 1119 2095 1144 ,

508 1186 743 1240 incitant
781 1183 848 1238 ad
875 1185 1102 1247 bonum,
1127 1191 1177 1236 et
1200 1197 1230 1236 a
1257 1181 1564 1234 daemonum
1594 1177 1808 1245 insidiis
1836 1173 2097 1235 liberant,

506 1291 644 1344 quas
676 1275 892 1330 occulte
930 1280 1151 1328 struunt
1190 1273 1244 1328 in
1275 1273 1378 1326 hoc
1418 1270 1614 1324 itinere
1645 1284 1754 1336 quo
1783 1266 1864 1339 (ut
1901 1264 1978 1319 ait
2005 1265 2104 1316 Da-

509 1369 626 1439 vid)
679 1366 1102 1437 proliciscimur,
1138 1379 1249 1420 non
1300 1363 1496 1417 animae
1537 1363 1554 1382 ⁹
1589 1372 1845 1422 tantum,
1914 1369 2100 1411 verum

508 1465 670 1517 etiam
735 1463 858 1516 vitae
911 1470 1114 1516 nostra:
1164 1467 1429 1529 quantum
1483 1455 1689 1510 conniti
1741 1461 1970 1523 possunt
2001 1467 2016 1503 :
2047 1462 2104 1505 et

511 1553 903 1623 cogitationum
935 1553 1300 1606 humanarum
1351 1547 1782 1602 imbecillitatem
1836 1541 2104 1596 corrobo-

510 1654 659 1711 rant,
685 1653 744 1698 ut
777 1645 859 1699 sic
888 1644 940 1697 in
981 1657 1181 1713 genere
1212 1641 1426 1708 loquar.
1462 1639 1650 1708 Neque
1703 1637 1846 1690 enim
1879 1634 1959 1686 fas
1996 1638 2100 1697 est,

511 1752 612 1791 nec
641 1743 854 1805 oportet
885 1749 946 1788 ea
982 1733 1239 1788 audacter
1268 1729 1514 1799 aggredi,
1554 1742 1676 1796 quae
1729 1740 1828 1779 nec
1879 1722 2108 1777 investi-

512 1829 649 1899 gari,
687 1843 789 1882 nec
818 1842 1044 1880 numero
1067 1821 1457 1894 comprehendi
1491 1828 1757 1890 possunt:
1785 1817 1914 1871 dum
1939 1815 2104 1868 vitam

511 1933 731 1974 omnem
768 1919 841 1972 ita
873 1917 1226 1971 moderantur
1257 1915 1310 1968 in
1347 1912 1414 1967 iis
1445 1913 1509 1965 ad
1558 1911 1610 1964 id
1659 1907 1802 1979 quod
1835 1907 2103 1976 optimum

509 2018 615 2072 est,
646 2018 705 2062 ut
733 2008 876 2062 nulla
908 2006 962 2060 in
1013 2022 1071 2060 re
1104 2006 1289 2059 divina
1315 2003 1536 2058 bonitas
1567 2003 1784 2056 recedat
1811 2015 1838 2052 a
1871 2010 2099 2068 paterna

511 2098 854 2170 providentia
915 2096 969 2150 in
1021 2095 1246 2160 liberos,
1290 2093 1602 2162 quicunque
1649 2090 1798 2144 illam
1850 2090 2108 2142 adamarit

510 2194 717 2258 vitam;
767 2204 960 2260 parum
1010 2188 1349 2249 admodum,
1402 2194 1458 2239 et
1504 2199 1567 2239 ex
1613 2182 1732 2252 lege
1765 2191 2000 2246 tantum,
2043 2183 2110 2235 de

511 2280 764 2354 praesenti
795 2279 1033 2334 solliciti.
1066 2277 1236 2332 Porro
1278 2277 1400 2330 vitae
1443 2274 1604 2329 ﬁnem
1649 2274 1784 2344 ipsis
1815 2272 2060 2327 immittit
2095 2309 2110 2333 ,

513 2383 608 2429 aut
638 2375 766 2429 sinit
797 2371 1113 2442 praeparari,
1144 2368 1446 2426 secundmn
1480 2376 1694 2436 tempus
1739 2374 1793 2421 et
1842 2365 2063 2420 modum
2096 2404 2110 2428 ,

513 2465 606 2535 qui
639 2465 763 2518 aliis
793 2463 966 2534 ipsius
1014 2461 1373 2532 providentia:
1405 2458 1696 2530 generibus
1728 2465 2016 2522 consonet,
2049 2465 2104 2509 et

514 2558 728 2612 ueteris
759 2570 946 2610 eorum
980 2553 1074 2624 qui
1101 2552 1557 2615 determinantur,
1594 2548 1878 2616 obsequiis
1903 2556 1959 2601 et
1984 2557 2106 2600 stu-

514 2651 641 2716 diis,
695 2649 890 2704 decore
946 2647 1446 2716 convenienterque
1495 2643 1656 2700 saluti
1687 2641 1946 2711 prepriae.
1983 2639 2113 2694 Ρτοο

515 2755 700 2812 pterea
731 2741 870 2794 Deus
903 2751 954 2794 et
979 2739 1265 2809 providere
1293 2737 1552 2792 omnibus
1581 2749 1704 2804 quae
1731 2734 1799 2786 ah
1828 2733 1947 2802 ipso
1971 2730 2112 2786 facta

517 2843 666 2897 sunt,
714 2832 916 2886 dicitur
960 2839 1067 2885 :ct
1111 2830 1310 2884 divina:
1361 2827 1724 2898 «providentia
1780 2825 1981 2878 bonum
2045 2822 2112 2876 ad

516 2925 698 2978 omnia
729 2924 982 2993 pertinet,
1010 2935 1134 2991 quae
1171 2919 1666 2990 quomodoeunque
1688 2915 1994 2972 exsistendi
2023 2928 2114 2967 ca-

517 3018 671 3086 pacia
707 3024 839 3069 sunt
881 3031 895 3066 :
942 3017 1033 3068 sed
1083 3012 1476 3082 praedestinare
1525 3008 1849 3065 rationalem
1896 3013 2110 3060 tantum

519 3118 800 3170 naturam,
834 3106 1111 3161 hominem
1146 3104 1428 3167 nimirum,
1459 3101 1832 3156 existimatur.
1883 3098 2034 3151 Adeo
2061 3105 2118 3150 ut

522 3201 670 3254 idem
707 3198 776 3252 sit
825 3197 877 3250 in
934 3197 1158 3250 homine
1198 3195 1499 3258 duntaxat,
1557 3190 1900 3262 providentia
1939 3187 2031 3242 Dei
2063 3195 2117 3242 et

521 3287 930 3361 pranlestinatio
964 3303 978 3340 :
1011 3297 1254 3355 utroque
1285 3287 1427 3340 enim
1459 3285 1772 3340 declaratur
1799 3284 1935 3338 ratio
1965 3281 2118 3337 ordi-

523 3383 610 3436 nis
653 3387 719 3434 ad
773 3379 1046 3449 proprium
1101 3377 1263 3432 linem
1309 3375 1635 3439 accedendi;
1675 3375 1900 3429 omnino
1935 3385 2116 3429 autem

524 3483 578 3526 ct
611 3471 861 3524 absolute
897 3485 1002 3522 non
1035 3468 1175 3521 idem
1205 3477 1304 3534 est,
1342 3467 1434 3520 sed
1471 3481 1596 3536 pars
1631 3465 1986 3534 providentia
2031 3480 2123 3522 ex-

525 3572 729 3632 empta.
763 3561 968 3616 Caetera
1023 3560 1224 3629 quippe
1267 3561 1451 3612 Omnia
1498 3559 1562 3612 ad
1602 3558 1761 3612 linem
1796 3558 2122 3613 ordinantur

528 3665 736 3708 ﬂatura:
785 3667 899 3707 sua:
953 3659 1370 3722 congruentem,
1422 3666 1487 3704 ae
1540 3651 1812 3704 ducuntur
1849 3651 2028 3704 solum
2065 3667 2124 3716 ιιι

527 3751 791 3796 statutum
823 3741 956 3811 ipsis
989 3749 1072 3795 est
1099 3740 1251 3805 duci,
1282 3755 1388 3794 non
1427 3740 1638 3794 ducunt
1664 3753 1724 3794 se
1751 3756 1764 3802 ;
1799 3741 1962 3794 homo
1995 3755 2124 3795 vero

527 3844 652 3882 cum
690 3829 754 3882 ad
794 3830 956 3884 linem
1003 3829 1358 3884 excellentem
1392 3828 1790 3883 determinetur
1824 3843 1853 3880 a
1894 3829 2027 3894 Deo,
2070 3838 2124 3883 et

529 3935 555 3974 e
582 3919 745 3974 domo
797 3921 1028 3975 ducatur
1076 3921 1241 3976 simul
1287 3929 1341 3974 et
1387 3920 1672 3991 adjuvetur
1701 3923 1770 3980 ab
1799 3924 1992 3992 angelo
2027 3937 2126 3977 cu-

529 4013 702 4067 stode.
729 4011 914 4084 Itaque
939 4015 1079 4070 sicut
1109 4015 1224 4084 ipse
1255 4015 1405 4070 solus
1435 4015 1586 4069 novit
1618 4015 2114 4085 prazdestinandos,

529 4107 602 4160 ita
639 4117 921 4177 postquam
961 4125 990 4161 ιι
1034 4109 1342 4178 semetipsis
1388 4123 1610 4178 quoque
1640 4109 1928 4164 intulerint
1959 4123 2124 4166 omne

529 4200 669 4267 quod
699 4201 766 4252 ah
797 4201 998 4254 eximia
1023 4198 1316 4269 divinaque
1342 4199 1394 4254 in
1429 4202 1575 4270 ipsos
1607 4200 1969 4256 beneﬁcentia
2001 4215 2120 4254 ma-

530 4293 762 4353 naverit,
805 4307 1042 4360 emnquc
1079 4291 1216 4346 sciat
1273 4299 1332 4345 ut
1363 4293 1761 4348 determinandi
1793 4295 1921 4360 sint,
1953 4293 2122 4349 etiam

533 4393 658 4435 ante
699 4398 860 4450 quam
911 4384 1299 4451 destinentur;
1366 4399 1466 4438 nec
1517 4385 1668 4453 prius
1714 4394 1926 4439 tantum
1963 4400 2128 4455 quam

535 4473 949 4542 pl'azdestinati,
1009 4483 1063 4527 et
1118 4478 1282 4528 linem
1347 4476 1587 4528 assecuti
1639 4475 1878 4541 fuerunt,
1939 4491 2128 4531 verum

2195 623 2576 691 φυλαττόντων
2601 621 2876 690 ἀγγέλων,
2907 613 2982 674 ὧν
3016 621 3252 684 ἕκαστος
3301 620 3535 687 ἑκάστῳ
3569 620 3672 672 τῶν
3706 623 3794 673 ἁν-

2196 717 2434 786 θρώπων
2488 715 2914 786 ἀφωρισμένος,
2967 715 3110 766 κινεῖ
3169 713 3272 780 μὲν
3335 714 3482 780 πρδς
3539 711 3796 780 τάγαθὸν,

2196 807 2531 862 ἀπαλλάττει
2574 807 2633 860 δὲ
2680 806 2776 875 τῆς
2808 805 2916 858 τῶν
2948 803 3222 873 δαιμόνων
3266 802 3527 870 ἐνέδρας,
3570 803 3637 873 ἢν
3673 803 3800 854 ὑπο-

2199 901 2540 970 κρύπτουσιν
2565 899 2624 950 ὲν
2648 900 2712 968 τῇ
2747 897 2850 966 ὀδῷ
2873 895 3067 965 ταύτῃ,
3097 895 3242 948 κατὰ
3274 895 3375 948 τὸν
3413 895 3606 957 Δαϐὶδ,
3706 913 3802 948 πο-

2201 991 2492 1062 ρευόμεθα,
2547 991 2608 1044 οὐ
2651 993 2768 1047 ταῖς
2817 991 3083 1058 ψυχικαῖς
3113 987 3298 1057 μόνον,
3363 988 3508 1040 ἀλλὰ
3560 990 3656 1040 καὶ
3687 991 3802 1050 ταῖς

2202 1083 2368 1148 ζωαῖς
2399 1081 2560 1153 ἡμῶν
2592 1083 2716 1135 ὅσον
2747 1081 3006 1135 δύνανται
3029 1097 3044 1112 ο
3083 1084 3180 1132 καὶ
3208 1082 3316 1146 τὴν
3366 1077 3669 1133 ἀσθένειαν
3698 1079 3803 1132 τῶν

2205 1177 2564 1247 ἀνθρωπίνων
2612 1173 2892 1242 λογισμῶν
2923 1173 3183 1241 ἐνισχύει,
3224 1172 3428 1235 ἁπλῶς
3481 1173 3686 1234 εἰπεῖν,
3739 1171 3798 1222 οὗ

2204 1270 2314 1339 γὰρ
2353 1264 2464 1322 οἷόν
2512 1268 2572 1321 τέ
2612 1267 2780 1330 ἐστιν,
2813 1265 2938 1318 οὔτε
2967 1265 3050 1318 δεῖ
3077 1265 3184 1317 τῶν
3229 1263 3682 1331 ἁνεξιχνιὰστων
3707 1263 3796 1314 καὶ

2207 1361 2600 1432 ἀναριθμήτων
2630 1359 2979 1430 κατατολμᾷν
3003 1375 3020 1392 ο
3047 1359 3146 1428 τὴν
3173 1358 3276 1427 μὲν
3313 1357 3472 1427 ζωὴν
3498 1357 3690 1410 πᾶσαν
3718 1355 3804 1408 οὗ·

2207 1473 2315 1518 τως
2350 1452 2657 1523 οἰκονομῶν
2687 1451 2872 1513 αὐτοῖς
2907 1451 3042 1518 πρὸς
3075 1449 3136 1503 τὸ
3168 1447 3488 1518 βέλτιστον,
3523 1447 3602 1510 ὡς
3643 1447 3804 1517 μηδὲν

2207 1548 2304 1618 τὴν
2339 1547 2494 1599 θείαν
2525 1545 2838 1616 ἀγαθὸτητα
2869 1544 2968 1614 τῆς
3016 1541 3297 1614 πατρικῆς
3349 1541 3622 1610 προνοίας
3655 1543 3803 1592 ἐκλε-

2210 1639 2458 1692 λοιπέναι
2517 1641 2634 1701 τοῖς
2687 1635 2920 1699 τέκνοις,
2982 1635 3172 1689 ὀπόσοι
3223 1636 3330 1703 τῆς
3379 1635 3538 1704 ζωῆς
3597 1629 3806 1698 tatam;
3865 1695 3872 1699 _

2211 1732 2400 1801 ἐρῶσι,
2437 1733 2533 1801 τῆς
2563 1729 2846 1800 παρούσης
2879 1729 3036 1796 ὀλίγα
3065 1729 3162 1782 καὶ
3193 1727 3344 1781 κατὰ.
3396 1728 3567 1794 νόμον
3600 1722 3807 1793 φροντί-

2213 1824 2418 1889 ζοντες.
2449 1824 2522 1878 Τὸ
2548 1824 2604 1877 δὲ
2633 1824 2732 1890 τῆς
2768 1821 2916 1892 ζωῆς
2955 1821 3108 1883 τέλος
3147 1821 3338 1883 αὐτοῖς
3389 1813 3801 1884 ιπιπὲλιπων,ῆ

2213 1915 2738 1986 παρασκευάζεσθαι
2794 1913 3096 1984 συγχωρῶν
3139 1912 3284 1965 κατά
3341 1928 3404 1964 τε
3463 1911 3667 1979 χρόνον
3717 1905 3804 1958 καὶ

2211 2011 2434 2080 τρόπον,
2472 2004 2585 2062 οἷον
2615 2007 2680 2062 ἂν
2708 2009 2920 2076 γένοιτο
2948 2007 3068 2068 ταῖς
3095 2004 3293 2066 ἄλλαις
3318 2002 3496 2056 αὐτοῦ
3531 1998 3804 2070 προνοίαις
3887 2062 3892 2070 4

2215 2099 2462 2170 συνᾷδον,
2497 2098 2634 2168 πρὸς
2655 2099 2714 2150 τὸ
2741 2094 3001 2158 καθάπαξ
3027 2093 3319 2162 ὁρισθῆναι
3353 2090 3547 2153 καλῶς
3575 2091 3668 2142 καὶ
3692 2089 3802 2147 τα”ς

2213 2192 2322 2244 τῶν
2377 2192 2713 2261 ίριζομένων
2772 2187 3295 2257 παρακολουθήσεσι
3354 2183 3454 2237 καὶ
3519 2181 3799 2242 σπουδαῖς,

2215 2280 2355 2350 ὑπὲρ
2383 2284 2482 2350 τῆς
2535 2281 2742 2341 οἰκείας
2777 2277 3054 2348 σωτηρίας
3105 2276 3470 2346 πρεπόντως.
3504 2274 3606 2326 Διὰ
3639 2269 3800 2324 ταῦτα

2213 2374 2308 2426 καὶ
2341 2373 2588 2442 προνοεῖν
2639 2371 2740 2437 μὲν
2781 2371 3040 2424 ἁπάντων
3075 2370 3102 2422 ὁ
3135 2369 3270 2430 Θεὸς
3305 2367 3538 2434 λέγεται
3580 2364 3688 2416 τῶν
3718 2356 3802 2413 ὑπ’

2214 2467 2398 2521 αὐτῶν
2423 2470 2750 2534 γεγονότων.
2784 2465 2877 2517 καὶ
2907 2462 2966 2516 τὸ
2997 2461 3097 2530 τῆς
3123 2461 3276 2521 θείας
3311 2460 3576 2529 προνοία;
3607 2453 3798 2522 ἀγαθὸν

2216 2559 2296 2621 εις
2328 2558 2506 2610 πάντα
2538 2557 2715 2626 διήκει
2750 2557 2821 2608 τὰ
2848 2554 3102 2608 ὁπωσοῦν
3126 2553 3222 2606 τοῦ
3276 2548 3424 2609 εἶναι
3475 2551 3765 2622 μετέχοντα
3785 2556 3796 2572 ³

2216 2650 2532 2722 προορίζειν
2564 2649 2622 2703 δὲ
2653 2649 2753 2718 τὴν
2793 2648 3021 2716 λογικὴν
3054 2647 3218 2714 φύσιν
3269 2648 3442 2716 μόνον
3473 2646 3567 2698 τὸν
3605 2641 3800 2709 ἄνθρω-

2221 2761 2340 2798 πον.
2381 2742 2470 2805 Ὠς
2499 2737 2641 2796 εἶναι
2690 2741 2890 2795 ταυτὶν
2929 2741 3028 2810 μὲν
3071 2738 3158 2791 ἐπ’
3191 2737 3498 2810 ἀνθρώπου
3558 2743 3798 2804 πρόνοιαν

2219 2833 2357 2888 Θεοῦ
2391 2835 2488 2888 καὶ
2531 2833 2896 2902 προορισμὺν,
2937 2831 3184 2900 ἐκατέρῳ
3214 2831 3333 2901 γὰρ
3369 2831 3396 2882 ό
3439 2827 3598 2894 λόγος
3627 2819 3799 2894 δηλοῦ-

2219 2942 2307 2979 ται
2355 2925 2454 2995 τῆς
2480 2926 2558 2985 είς
2593 2924 2654 2978 τὸ
2700 2925 2901 2976 οἰκεῖον
2934 2922 3141 2986 τάξεως
3169 2921 3328 2983 τέλο,
3354 2936 3368 2951 ο
3406 2918 3592 2978 ἅπλῶς
3637 2915 3711 2972 δὲ.
3740 2910 3794 2964 οὗ

2219 3017 2438 3080 ταυτὸν,
2483 3018 2619 3070 ἀλλὰ
2662 3017 2828 3086 μέρος
2877 3015 2976 3084 τῆς
3021 3015 3286 3083 προνοίας
3314 3011 3675 3086 ἐξῃρημένον.
3722 3003 3794 3055 Ti

2226 3109 2324 3174 μὲν
2359 3107 2467 3177 γὰρ
2498 3106 2635 3160 ἄλλα
2670 3107 2956 3160 τάττονται
2982 3107 3114 3175 πρὸς
3149 3105 3309 3168 τέλος
3341 3108 3408 3174 τῇ
3440 3101 3620 3156 αὐτῶν
3653 3095 3796 3166 φύσει

2146 3219 2188 3278 C
2224 3199 2532 3266 cistotxov,
2581 3195 2678 3250 καὶ
2715 3196 2941 3262 ἄγονται
2996 3193 3158 3264 μόνον
3199 3193 3279 3258 ὡς
3333 3181 3642 3262 saxeam
3681 3189 3800 3253 ἄγε-

2228 3287 2373 3354 σθαι,
2411 3287 2512 3340 οὐκ
2545 3287 2770 3355 ἄγουσιν
2804 3285 2974 3338 ἑαυτά
2999 3301 3012 3316 ο
3048 3283 3346 3352 ἄνθρωπος
3381 3284 3440 3336 δὲ
3495 3281 3626 3351 πρός
3659 3276 3798 3335 τέλος

2227 3378 2526 3447 ὑπερφυὲς,
2557 3375 2872 3445 ὁριζόμενος
2901 3375 3000 3445 μὲν
3033 3376 3135 3428 ὑπὸ
3162 3375 3305 3431 θεοῦ
3341 3374 3481 3444 πρὸς
3511 3371 3688 3430 αὐτὸν,
3717 3365 3800 3417 καὶ

2226 3469 2439 3522 οἴκοθεν
2485 3469 2542 3521 δὲ
2575 3469 2842 3538 ἀγόμενος
2875 3467 3010 3537 ἅμα,
3047 3453 3165 3522 καί
3191 3469 3423 3538 ἀγγέλῳ
3459 3465 3656 3538 φύ).ακι
3686 3461 3802 3533 βοη-

2229 3563 2526 3632 θούμενος·
2557 3563 2634 3626 ὡς
2675 3563 2768 3616 οῦν
2821 3562 2984 3624 αὐτὸς
3033 3563 3193 3632 μόνος
3229 3563 3397 3625 εἰδὼς
3443 3563 3570 3622 τοὺς
3597 3555 3800 3628 ὁρισθη-

2229 3655 2516 3726 σομένους,
2544 3653 2737 3719 οὕτως,
2769 3653 2990 3708 ἐπειδὰν
3038 3657 3132 3707 καὶ
3167 3655 3225 3707 τὸ
3271 3653 3410 3723 παρ’
3437 3652 3643 3706 ἑαυτῶν
3675 3648 3802 3700 εἰσε-

2228 3752 2500 3820 νέγκωσιν
2529 3750 2698 3816 ἅπαν,
2736 3751 2801 3819 τῇ
2836 3748 2957 3818 θείᾳ
3005 3748 3132 3819 περὶ
3168 3747 3378 3813 αὐτοὺς
3427 3747 3521 3801 xa‘t
3555 3736 3802 3811 ὑπερφυεῖ

2228 3845 2405 3913 δωρεᾷ
2432 3858 2445 3875 ο
2501 3843 2596 3895 καὶ
2630 3841 2809 3904 εἰδὼς,
2841 3841 2920 3906 ὡς
2959 3840 3377 3910 όρισθήσονται,
3412 3840 3507 3894 καὶ
3553 3835 3678 3904 πρὶν
3702 3833 3803 3899 όρι·

2233 3935 2446 4000 σθῆναι.
2499 3932 2634 3986 Οὐδὲ
2672 3933 2803 4004 πρὶν
2833 3932 3118 4001 ὁρισθῆναι
3150 3933 3341 4000 μόλον,
3373 3931 3468 3984 καὶ
3515 3924 3604 3980 τοῦ
3635 3919 3802 3976 τέλους

2231 4029 2414 4094 τυχεῖν
2437 4040 2453 4059 ο
2487 4025 2620 4078 ἀλλὰ
2666 4025 2762 4094 καὶ
2797 4024 2930 4094 πρὶν
2957 4025 3156 4086 αὐτους
3188 4022 3486 4091 γεγονέναι
3534 4017 3625 4071 καὶ
3653 4008 3799 4070 εἶναι,

2233 4115 2548 4184 προορίζειν
2591 4115 2830 4182 λέγεται.
2862 4116 2974 4169 Καὶ
3019 4117 3438 4185 προωρισμένοι
3473 4111 3631 4167 πάλιν
3672 4099 3802 4160 οὗτοι

2235 4205 2548 4262 καλοῦνται.
2590 4208 2700 4260 Καὶ
2754 4205 3030 4276 προώρισε
3071 4207 3170 4274 μὲν
3199 4207 3451 4278 σωθῆναι
3482 4203 3619 4264 ,τοὺς
3647 4193 3803 4257 σωξο⁶
3853 4247 3865 4262 .

2237 4297 2453 4366 μένους,
2485 4295 2677 4368 ὥσπερ
2706 4295 2804 4350 καὶ
2844 4297 3005 4361 σώζει
3025 4311 3040 4328 ⁸
3091 4295 3256 4360 σώζει
3289 4298 3376 4364 δὲ,
3413 4297 3490 4360 ὠς
3524 4293 3616 4346 καὶ
3645 4282 3802 4350 σωθῆ-

2233 4406 2324 4440 ναι
2347 4387 2658 4458 προώρισεν
2685 4403 2700 4418 ε
2741 4387 2930 4455 ὥσπερ
2959 4387 3025 4440 αὖ
3055 4388 3104 4441 οἱ
3137 4387 3400 4454 καθάπαξ
3429 4380 3802 4455 ἀφηνιάζοντες

2233 4483 2333 4550 τῆς
2367 4479 2504 4550 πρὸς
2534 4479 2628 4532 τὸν
2675 4481 2803 4549 ὅρον
2827 4479 2970 4544 ὀδοῦ,
3007 4478 3040 4549 ἢ
3091 4479 3499 4548 πλαγιάζοντες
3544 4472 3689 4528 ἐνθεν
3717 4467 3804 4520 κὰ-

534 4565 696 4616 etiam
728 4563 1047 4630 priusquam
1081 4565 1184 4632 ipsi
1217 4568 1330 4618 nati
1365 4573 1493 4618 sunt
1521 4567 1896 4635 existuntque,
1921 4567 2118 4637 praede:

2237 4573 2418 4625 κεῖθεν
2445 4570 2686 4638 ἑκόντες,
2717 4571 2814 4624 καὶ
2841 4570 2944 4640 τὴν
2978 4570 3072 4623 τοῦ
3104 4571 3242 4624 Θεοῦ
3283 4571 3419 4643 περὶ
3453 4565 3648 4626 αὐτοὺς
3678 4563 3802 4614 ἀκυ-

547 4656 755 4709 siinare
811 4655 1034 4709 dicitur.
1085 4657 1162 4710 Ac
1219 4656 1590 4725 prardestinati
1628 4673 1846 4719 ,rursus
1913 4659 1968 4713 hi
2033 4675 2129 4714 vo-

541 4756 760 4801 cantur.
824 4747 889 4800 Et
925 4747 1340 4816 praedestinavit
1371 4746 1587 4816 quidem
1635 4762 1730 4804 eos
1771 4749 1862 4817 qui
1909 4764 2134 4805 servan-

509 4846 626 4918 ‘tnr
691 4837 990 4891 servandos
1045 4853 1210 4902 esse,
1277 4837 1739 4906 quemadt‘nodum
1799 4841 1962 4894 etiam
2015 4855 2137 4896 ser-

542 4936 629 4981 vat
667 4944 679 4980 :
717 4943 879 4996 porro
903 4927 1088 4984 salvos
1125 4927 1278 4991 facit,
1318 4939 1378 4983 ut
1413 4937 1467 4982 et
1517 4932 1820 4986 servandos
1852 4934 2136 5002 pra-desti-

541 5029 708 5074 navit.
741 5018 994 5087 Proinde,
1061 5021 1239 5088 utqui
1278 5036 1334 5074 se
1383 5021 1730 5086 exorbitant,
1783 5023 2079 5078 ιΙυΠνοιιιιιι
2109 5041 2137 5078 a

471 5102 474 5106 ’
542 5115 624 5163 via
653 5111 714 5164 ad
741 5112 1033 5166 terminum
1053 5113 1306 5179 ducente,
1333 5123 1428 5166 ant
1449 5112 1780 5182 obliquando
1799 5126 1991 5184 sponte
2013 5117 2142 5170 hinc

543 5203 688 5269 inde,
729 5218 792 5256 ae
828 5205 916 5258 Dei
961 5220 1084 5274 erga
1122 5205 1267 5273 ipsos
1301 5201 1539 5258 studium
1583 5205 1797 5260 irritum
1838 5207 2138 5273 reddendo,

547 5298 715 5366 quod,
745 5305 802 5348 ut
831 5296 1089 5350 destinari
1119 5307 1339 5366 possent
1385 5314 1447 5351 ac
1482 5298 1903 5365 prindestinandi
1935 5308 2140 5365 essent,

547 5390 722 5442 n.odis
753 5389 1013 5442 omnibus
1047 5391 1364 5444 ostendunt.
1442 5390 1634 5460 Itaque
1685 5407 1714 5444 a
1751 5392 1917 5445 limite
1951 5391 2145 5448 merito

547 5482 888 5544 excidentes,
915 5483 1280 5550 ri-proliantur
1305 5481 1490 5551 utique
1516 5493 1735 5550 propter
1761 5483 1994 5552 seipsos,
2022 5500 2146 5538 eum

549 5575 770 5626 incensio
802 5573 934 5642 ipsis
965 5590 1024 5626 se
1053 5574 1316 5628 obtulerit
1345 5575 1680 5642 experientia
1713 5575 1835 5629 linis
1867 5577 2146 5645 repulsam

553 5663 943 5730 cognoscendi.
967 5661 1086 5717 Jam
1121 5680 1246 5717 vero
1271 5681 1298 5718 a
1322 5663 1430 5720 Deo
1459 5666 1756 5734 reprobati,
1782 5667 1942 5719 etiam
1971 5669 2149 5736 prius—

557 5769 719 5820 quam
757 5753 975 5822 iuerint,
1001 5758 1309 5822 exsistunt;
1337 5775 1441 5813 non
1478 5758 1622 5828 quod
1655 5761 1707 5812 in
1750 5761 2146 5829 sempiternum

560 5845 852 5904 reprobare
904 5847 1050 5910 velit,
1085 5848 1178 5904 sed
1222 5851 1363 5912 quod
1415 5850 1755 5916 praescicntia
1813 5853 2054 5916 praescial
2096 5852 2150 5907 in

2237 4661 2462 4733 ροῦντες
2513 4663 2776 4734 σπουδὴν,
2805 4663 2878 4734 ἢν,
2904 4663 2980 4726 ὡς
3017 4663 3085 4716 ἂν
3139 4663 3412 4735 όρίζοιντό
3447 4678 3506 4715 τε
3558 4658 3650 4712 καὶ
3699 4654 3802 4719 ὀρι-

2239 4754 2438 4820 σθεῖεν,
2464 4755 2600 4808 πᾶσι
2651 4755 2879 4824 τρόποις
2935 4756 3332 4813 ἐνδείκνυνται.
3382 4755 3494 4809 Καὶ
3524 4749 3662 4804 οὔτω
3718 4735 3802 4792 τίσῦ

2238 4845 2366 4914 ὅρου
2406 4846 2636 4910 δικαίως
2666 4847 3050 4913 ἐκπίπτοντες,
3088 4847 3590 4919 ἀποδοκιμάζονται
3623 4839 3714 4910 μὲν
3743 4831 3802 4885 δι’

2241 4937 2490 5002 ἑαυτοὺς,
2525 4940 2748 4993 ἐπειδὰν
2793 4942 2821 4994 ὁ
2853 4941 3048 5012 καιρὸς
3075 4943 3259 5004 αὐτοῖς
3291 4941 3486 5008 ἐπιστῇ
3534 4933 3626 4988 τοῦ
3659 4927 3802 4994 πείρᾳ

2242 5030 2446 5097 γνῶναι
2477 5031 2576 5102 τὴν
2608 5035 2702 5086 τοῦ
2752 5035 2943 5097 τέλους
2979 5035 3292 5100 ἀπότευξιν.
3329 5035 3422 5101 Τῷ
3454 5031 3509 5084 δὲ
3537 5025 3650 5094 Θεῷ
3679 5035 3803 5088 πρ⁹”

2243 5123 2810 5195 αποδεδοκιμασμένοι
2846 5126 2939 5180 καὶ
2974 5127 3104 5196 πρὶν
3128 5127 3393 5194 ,γενέσθαι
3443 5119 3802 5190 τυγχά“σό“δ³ι-ἰ

2245 5214 2343 5282 οὑκ
2397 5212 2472 5277 ὡς
2520 5215 2755 5280 aitet-tto;
2805 5215 3238 5286 ἀποδοκιμάζειν
3286 5215 3547 5274 ἐθέλοντι,
3605 5198 3802 5260 ἀλλ’ὡς

2247 5305 2480 5368 αἰωνίως
2538 5307 3229 5379 ἀποδοκιμασθησομένους
3279 5307 3466 5370 είδότι,
3515 5300 3606 5355 καὶ
3641 5293 3800 5348 πᾶσαν

2247 5396 2347 5462 τὴν
2375 5397 2500 5466 περὶ
2531 5398 2730 5462 αὐτοὺς
2757 5400 3154 5469 ἀκυρώσαντας
3185 5399 3279 5452 τοῦ
3311 5395 3446 5451 Θεοῦ
3491 5391 3582 5446 καὶ
3613 5381 3800 5449 De?!“

2253 5491 2530 5558 πρδνοιανι
2566 5494 2662 5544 καὶ
2700 5491 2802 5562 τὴν
2831 5492 2970 5562 πρὸς
3003 5493 3062 5545 τὸ
3095 5494 3278 5563 τυχεῖν
3307 5489 3404 5544 τοῦ
3439 5485 3622 5542 τέλους
3655 5488 3797 5528 σπου·

2253 5581 2371 5650 δήν.
2425 5582 2587 5638 Ἀλλὰ
2616 5560 2790 5636 ταῦτά
2820 5560 2921 5652 μέν
2951 5585 3091 5646 ἰδίας
3125 5560 3220 5636 κᾶι
3253 5582 3496 5654 μεγάλης
3536 5573 3694 5626 δεῖται
3719 5560 3799 5654 τῖε

2255 5674 2660 5740 πραγματείας.
2703 5675 2861 5726 ἰτέον
2893 5675 2950 5726 δὲ
2998 5673 3093 5726 νῦν
3129 5675 3220 5726 ἐπὶ
3251 5674 3307 5726 τὸ
3343 5666 3702 5741 προκείμενον.
3729 5643 3794 5741 Οθ

2254 5765 2363 5831 γὰρ
2401 5765 2648 5832 περὶτοῦ
2698 5766 2845 5818 θείου
2877 5766 3220 5836 προορισμοῦ
3268 5759 3558 5820 διαλαϐεῖν,
3596 5744 3719 5802 ἀλλὰ
3747 5735 3796 5787 τὸ

2197 5922 2201 5926 _
2258 5854 2489 5920 κινῆσαν
2519 5855 2608 5908 τὸν
2645 5857 2822 5922 μέγαν
2859 5856 3126 5922 φωστῆρα
3166 5856 3334 5922 δείξαι
3361 5838 3670 5918 βουλόμεθα.
