4062 6410
256 402 367 461 549

1221 389 1584 459 EPISTQLA
1624 389 1722 449 DE
1775 389 2525 455 PRREDESTINATIUNE.

3417 395 3522 459 550

251 523 412 566 omne
461 520 634 562 mrum
687 500 1077 574 reprobandos,
1127 516 1454 571 omnemque
1499 516 1624 571 erga
1674 500 1823 569 ipsus
1877 501 1969 555 Dci
2000 500 2179 559 Patris
2204 512 2258 558 et
2298 504 2606 562 Servatoris
2668 508 3062 575 providentiam
3122 509 3331 565 irritam
3389 511 3521 566 eB‘e-

255 615 439 660 cturos
467 617 531 656 ac
566 601 807 656 studium
851 600 918 654 ad
968 599 1127 654 tinent
1161 598 1585 671 assequendum.
1623 595 1822 652 Verum
1883 596 1999 652 bare
2046 599 2306 667 peculiari
2386 617 2696 672 magnoque
2744 605 2986 674 indigent
3048 612 3285 658 tractaui
3321 620 3334 656 :
3375 620 3523 660 nunc

257 699 320 752 ad
354 696 691 766 propositum
734 693 1100 747 accedendum
1141 701 1243 746 est.
1278 691 1488 746 Etenim
1520 706 1628 744 non
1660 690 1729 744 de
1751 690 1932 745 divina
1963 692 2445 762 pmdestinatione
2472 696 2901 766 disputationem
2936 696 3246 764 instituere,
3271 698 3365 754 sed
3389 701 3524 770 quid

255 801 511 854 magnum
552 785 733 838 lumen
770 780 1013 836 incitarit
1042 779 1330 834 ostendere
1369 780 1643 834 volumus.

337 877 463 928 Ἐπὶ
492 874 704 935 τούτοις
730 873 832 940 ήδη
863 871 1064 932 καλῶς,
1093 869 1405 922 σκοπείσθω
1440 870 1549 939 γὰρ
1594 870 1712 940 ἅμα
1736 866 1831 921 καὶ

2003 866 2119 925 Jam
2144 868 2326 941 ‘super
2355 873 2441 928 his
2495 873 2721 941 pulchre
2762 888 2821 929 se
2864 888 2948 928 res
2983 873 3162 927 habet.
3199 871 3371 927 Simul
3422 875 3525 927 uti-

258 966 586 1029 τούναντίον,
620 965 700 1025 εἰς
744 962 916 1030 μείζω
954 962 1053 1028 τῆς
1104 959 1360 1029 ἀληθείας
1401 961 1718 1029 βεϐαίωσιν,
1758 960 1835 1022 ὡς

259 1061 367 1128 ἄρα
395 1058 495 1122 τῆς
540 1054 888 1125 ἀνθρωπίκης
917 1054 1060 1120 ζωῆς
1098 1068 1158 1104 τε
1189 1053 1283 1103 καὶ
1328 1051 1607 1121 τελευτῆς,
1639 1069 1834 1122 προαι-

263 1152 409 1223 ρέσει
435 1166 493 1201 τε
531 1148 711 1200 αὐτῶν
735 1146 832 1199 καὶ
863 1144 1024 1215 φύσει
1055 1144 1151 1198 καὶ
1181 1144 1320 1215 τύχῃ
1345 1144 1832 1213 καταλειπομένων

261 1240 324 1292 ἂν
357 1238 628 1303 καθάπαξ,
674 1237 706 1306 ἢ
747 1236 840 1288 καὶ
874 1236 1015 1306 μόνῃ
1067 1238 1133 1305 τῇ
1171 1238 1325 1306 κοινῇ
1378 1237 1473 1289 καὶ
1507 1236 1833 1311 προσκαίρῳ

259 1331 389 1401 περὶ
416 1330 481 1382 τὰ
512 1329 692 1394 ζῶντα
727 1329 907 1382 πάντα
949 1330 1199 1399 προνοίᾳ,
1233 1328 1515 1399 οἰχήσεται
1548 1329 1647 1397 μὲν
1675 1329 1707 1398 ή
1740 1327 1834 1381 τοῦ

260 1424 371 1483 τοῖς
403 1419 712 1489 ἀνθρώποις
744 1420 1001 1487 κειμένου
1026 1420 1212 1482 τέλους
1239 1420 1535 1485 ὲπίτευξις.
1562 1416 1637 1472 Οὒ
1666 1419 1835 1473 καθά-

263 1502 372 1577 παξ
398 1513 549 1574 ὄντος
581 1513 917 1583 ὑπερφυοῦς,
958 1512 1132 1574 οὐδεὶς
1162 1511 1306 1580 αύτῷ
1344 1512 1715 1581 προσαχθῆναι
1746 1510 1835 1563 δύ-

261 1621 441 1670 ναται,
470 1605 545 1674 μὴ
571 1603 664 1656 τοῦ
690 1603 918 1672 θεμένου
947 1620 1005 1655 τε
1035 1606 1130 1656 καὶ
1158 1604 1440 1668 ὁρίσαντος
1463 1603 1641 1672 τούτῳ
1669 1619 1837 1672 προσ-

263 1698 505 1763 άγοντος,
545 1696 625 1766 τῷ
668 1696 814 1748 λύειν
841 1696 939 1758 τὰς
966 1696 1184 1759 ’πολλὰς
1218 1696 1454 1749 ἐνταῦθα
1489 1697 1831 1766 δυσχερείας,

263 1789 357 1842 καὶ
388 1785 677 1848 τοσαύταις
706 1788 824 1849 ταῖς
856 1787 1176 1857 εἰρημέναις
1209 1786 1473 1855 μεθόδοις.
1517 1787 1626 1838 Καὶ
1655 1787 1835 1855 μάτην

265 1880 364 1949 μὲν
392 1879 651 1946 Μωῦσῆς,
690 1881 838 1931 καὶὸ
875 1878 943 1932 δι’
974 1878 1139 1931 αὑτοῦ
1190 1878 1600 1946 παιδιγωγικὸς
1645 1879 1830 1948 νόμος,

262 1967 396 2038 πρὸς
433 1967 604 2034 μείζω
630 1967 965 2036 τεταγμένος
1000 1966 1161 2037 νόμον
1196 1970 1290 2021 καὶ
1323 1967 1655 2038 τελεώτερον
1680 1983 1694 1997 ·
1735 1966 1834 2036 μά-

261 2074 363 2127 την
417 2058 474 2111 δὲ
503 2059 652 2110 πᾶσα
683 2059 716 2128 ἡ
751 2058 878 2128 περὶ
929 2058 1026 2125 τῆς
1061 2058 1170 2110 τῶν
1215 2042 1523 2127 ἀνθρώπων
1557 2058 1834 2127 σωτηρίας

264 2148 489 2219 σπουδὴ,
525 2148 826 2218 συλλήϐδην
874 2150 1069 2207 εἰπεῖν.
1102 2151 1177 2204 Οὐ
1223 2150 1332 2220 γὰρ
1360 2150 1444 2203 δεῖ
1481 2151 1603 2217 καθ’
1628 2151 1834 2206 ἕκαστα

263 2242 464 2311 λέγειν.
509 2243 566 2296 ’0
610 2242 668 2296 δὲ
697 2242 837 2307 θεῖος
890 2245 1228 2315 προορισμὸς
1273 2245 1374 2297 οὐκ
1421 2244 1575 2298 ἔσται
1622 2244 1830 2309 λοιπὸν,

261 2332 335 2396 ὡς
366 2333 487 2386 οὔτε
520 2333 703 2396 αὐτοῖς
734 2334 1102 2404 προσάγοντος
1134 2334 1275 2385 κατὰ
1319 2333 1510 2403 καιρὸν
1538 2332 1737 2395 αὐτοὺς
1761 2331 1836 2400 τῷ

263 2423 375 2493 ὅρῳ
406 2408 497 2475 καὶ
526 2422 603 2493 τῷ
637 2422 823 2493 σκοπῷ
851 2440 864 2452 ·
895 2422 1010 2477 οὗθ’
1040 2422 1219 2491 ἑαυτῷ
1250 2424 1555 2493 πόρρωθεν,
1586 2425 1682 2476 καὶ
1706 2423 1836 2491 πρὶν

263 2512 514 2581 γενέσθαι
545 2514 741 2578 αὐτοὺς
786 2515 1248 2585 προσαγηοχὸτος.
1295 2515 1357 2567 Ἦ
1393 2514 1449 2566 δὲ
1470 2513 1591 2567 θεία
1637 2530 1833 2566 συναν-

263 2603 608 2673 αιρεθήσεται
684 2605 913 2675 πρόνοια
987 2604 1047 2657 οὐ
1101 2602 1217 2656 τῶν¹
1263 2603 1621 2674 ἀνθρωπίνων
1676 2604 1837 2673 μόνον

266 2693 625 2763 πραγμάτων,
654 2693 788 2747 ἀλλὰ
819 2697 912 2748 καὶ
944 2695 1163 2749 πάντων
1189 2694 1395 2762 σχεδόν.
1429 2693 1542 2763 Τὴν
1572 2693 1683 2762 γὰρ
1713 2709 1838 2745 ποι-

267 2776 572 2852 κιλωτάτην
602 2784 696 2837 καὶ
725 2783 1047 2853 σοφωτάτην
1076 2784 1186 2837 τῶν
1236 2783 1593 2854 ἀνθρωπίνων
1627 2783 1837 2854 διοίκη-

265 2892 349 2928 σιν
376 2876 524 2939 τέλος
548 2877 581 2946 ἡ
605 2876 849 2946 ἡμετέρα
878 2875 1060 2937 πίστις
1104 2879 1198 2930 καὶ
1225 2877 1436 2948 καρπὸν
1468 2877 1707 2929 ποιεῖται
1736 2876 1836 2946 τῆς

264 2965 638 3036 ἁπλουστέρας
665 2964 762 3019 τοῦ
796 2967 994 3030 παντὸς
1017 2967 1362 3036 διοικήσεως.
1405 2967 1560 3019 Ἐπεὶ
1588 2968 1686 3021 καὶ
1708 2966 1839 3020 ὑπο-

265 3056 548 3127 τεταχέναι
582 3059 611 3111 ὁ
650 3057 781 3121 Θεὸς
831 3046 1051 3126 λέγεται
1094 3059 1173 3128 τῷ
1214 3058 1491 3129 ἀνθρώπῳ
1525 3058 1706 3112 πάντα
1734 3059 1838 3112 ὑπὸ

266 3150 391 3212 τοὺς
432 3149 594 3212 πόδας
627 3149 811 3216 αὐτοῦ,
864 3150 939 3213 ὡς
968 3150 1060 3204 ἐπὶ
1106 3152 1216 3213 τοῖς
1269 3149 1452 3220 ἔργοις
1488 3150 1597 3205 τῶν
1635 3150 1837 3221 χειρῶν

267 3239 425 3293 αὐτοῦ
447 3241 799 3307 καταστάντι,
828 3243 917 3296 καὶ
947 3241 1120 3313 βραχύ
1150 3261 1201 3295 τι
1222 3243 1357 3312 παρ’
1381 3244 1645 3312 ἀγγέλους
1675 3244 1837 3313 ἠλατ-

265 3331 516 3401 τωμένῳ.
547 3332 640 3384 Διὸ
670 3333 762 3385 καὶ
786 3331 883 3401 τῆς
916 3332 1024 3385 τῶν
1057 3333 1362 3404 ἀνθρώπων
1396 3335 1665 3402 γενέσεως
1696 3351 1841 3388 παυ-

273 3423 525 3493 σομένης,
557 3426 650 3477 καὶ
675 3426 709 3494 ή
736 3423 843 3478 τῶν
887 3425 1157 3493 οὐρανίων
1221 3428 1697 3481 συναναπαύσεται
1753 3428 1838 3481 κί-

1935 974 2040 1031 que
2091 971 2375 1029 specletur
2402 963 2565 1016 etiam
2599 964 2966 1028 contrarium,
3010 972 3069 1017 ut
3112 963 3320 1018 veritas
3351 967 3524 1034 magis

1937 1052 2244 1108 stabiliatur
2283 1071 2297 1108 :
2335 1064 2591 1123 tanquam
2628 1055 2672 1109 si
2710 1056 2947 1110 humana
2983 1058 3090 1110 vita
3124 1066 3288 1125 atque
3337 1057 3522 1112 obitus

1936 1144 2168 1199 consilio
2198 1153 2251 1199 ct
2288 1155 2497 1199 natura:
2526 1154 2582 1199 et
2616 1144 2850 1200 fortunae
2881 1144 3050 1201 semel
3077 1145 3526 1215 derelinqueret:-

1938 1244 2042 1302 tur,
2081 1234 2164 1288 vel
2225 1236 2325 1290 soli
2376 1238 2652 1291 communi
2697 1244 2752 1291 et
2782 1247 3119 1306 opportunae
3167 1238 3528 1306 providentiae

1936 1341 2058 1396 quae
2092 1327 2349 1381 omnibus
2382 1326 2695 1381 viventibus
2748 1328 3023 1393 consulit;
3060 1328 3135 1382 ita
3176 1313 3525 1383 evanesceret

1935 1418 2197 1487 propositi
2250 1418 2372 1473 finis
2424 1418 2735 1475 hominibus
2764 1420 3056 1474 assccutio.
3084 1419 3188 1486 Qui
3221 1435 3343 1474 eum
3376 1434 3530 1488 prore

1937 1524 2033 1564 sus
2057 1518 2308 1564 naturam
2339 1509 2781 1576 superet,nullus
2805 1509 2869 1563 ad
2897 1509 3073 1577 ipsum
3100 1518 3279 1579 potest
3305 1507 3525 1574 adduci,

1937 1602 2045 1656 nisi
2087 1603 2134 1656 is
2162 1603 2252 1668 qui
2282 1602 2472 1655 statuit
2504 1611 2558 1655 et
2588 1600 2798 1667 delinit,
2835 1604 2901 1654 ad
2941 1615 3064 1655 eum
3097 1602 3355 1665 adducat,
3388 1600 3529 1654 mul-

1939 1700 2020 1746 tas
2060 1692 2151 1747 hic
2183 1693 2443 1747 solvendo
2493 1693 2862 1758 difﬁcultates,
2895 1702 2948 1747 et
2996 1701 3079 1746 tot
3113 1703 3331 1761 tamque
3365 1692 3530 1747 variis

1937 1787 2040 1839 viis
2075 1796 2130 1839 et
2173 1786 2478 1840 rationibus
2509 1800 2631 1854 qua:
2679 1785 2837 1839 dictae
2868 1792 3014 1839 sunt.
3048 1786 3117 1837 At
3163 1783 3362 1838 frustra
3394 1798 3529 1839 sane

1936 1876 2114 1931 Moses
2140 1885 2194 1930 et
2220 1892 2314 1946 per
2338 1893 2464 1932 eum
2516 1877 2734 1932 condita
2775 1878 2860 1931 lex
2914 1877 3235 1931 instituendi
3271 1877 3377 1929 vim
3434 1877 3528 1930 ba-

1937 1968 2098 2033 beus,
2124 1975 2140 1991 ‘
2175 1969 2239 2021 ad
2279 1970 2585 2039 graviorem
2622 1978 2675 2021 et
2700 1967 3078 2036 perfectiorem
3114 1967 3287 2034 legem
3318 1964 3529 2021 coiisli—

1941 2067 2055 2113 tuta
2090 2075 2102 2111 :
2139 2059 2414 2115 incassum
2461 2062 2624 2114 etiam
2675 2061 2855 2116 omnis
2897 2062 2961 2115 de
3016 2061 3191 2115 salute
3242 2060 3527 2114 hominum

1940 2166 2070 2206 cura
2102 2160 2155 2207 et
2188 2151 2518 2218 so‘lieitudo,
2546 2162 2605 2206 ιιι
2636 2152 2795 2206 simul
2824 2151 3005 2206 omnia
3037 2151 3268 2206 dicendo
3291 2151 3530 2218 comple-

1941 2256 2058 2298 οισι-
2093 2262 2104 2299 :
2144 2259 2242 2298 nec
2268 2244 2410 2297 enim
2445 2245 2719 2314 sigillatim
2753 2232 2982 2314 qumque
3002 2244 3347 2299 enuntianda
3377 2252 3529 2299 sunt.

1940 2333 2141 2403 Utique
2180 2334 2379 2389 divinae
2421 2336 2890 2403 prmtlestinationi
2924 2336 3078 2390 locus
3112 2351 3222 2391 non
3251 2332 3533 2403 relinque-

1938 2440 2046 2494 tur,
2068 2444 2190 2483 eum
2220 2443 2320 2483 nec
2345 2430 2576 2483 exsistat
2611 2428 2702 2496 qui
2741 2429 2989 2484 homines
3016 2429 3302 2484 commode
3332 2444 3533 2500 oppor-

1938 2527 2175 2587 tuneque
2204 2518 2489 2573 admoveat
2518 2519 2754 2573 termino
2778 2526 2831 2572 et
2861 2528 3039 2583 metm,
3066 2534 3240 2589 neque
3276 2535 3404 2575 vero
3435 2519 3532 2588 qui

1940 2611 2047 2668 sibi
2099 2611 2314 2666 eminus
2349 2611 2669 2680 priusquam
2718 2610 2830 2664 nati
2865 2611 2973 2666 sint
3019 2612 3327 2666 adduxerit.
3364 2613 3535 2668 Porro

1939 2701 2123 2757 divina
2151 2702 2313 2757 simul
2344 2702 2563 2757 tolletur
2591 2702 2959 2771 providentia,
3006 2718 3113 2757 non
3163 2704 3533 2759 humanarum

1941 2795 2104 2849 modo
2146 2810 2353 2859 rerum,
2383 2795 2476 2849 sed
2505 2804 2555 2848 et
2589 2796 2837 2849 omnium
2874 2797 3288 2865 propemodum.
3318 2798 3532 2852 Etenim

1940 2872 2369 2939 diversissimam
2402 2899 2466 2938 ac
2519 2885 3006 2953 prudentissimam
3046 2874 3409 2942 humanarum
3448 2904 3536 2944 re-

1940 2990 2062 3039 rum
2091 2974 2645 3039 administrationrm,
2694 2976 2828 3031 ﬁdes
2867 2985 3049 3032 nostra
3081 2980 3239 3033 linem
3276 2979 3537 3035 fructum-

1940 3083 2047 3139 que
2085 3067 2214 3121 facit
2263 3067 2616 3136 simplicioris
2667 3070 3048 3126 universorum
3101 3072 3540 3142 gubernationis.

1941 3160 2393 3231 Quandoquidem
2432 3160 2574 3214 Deus
2601 3162 2786 3216 omnia
2818 3165 3023 3218 homini
3052 3165 3366 3222 subdidisse
3405 3168 3540 3223 diei-

1943 3261 2051 3317 tur,
2079 3262 2132 3307 et
2160 3252 2317 3322 quasi
2348 3252 2582 3320 pedibus
2619 3254 3015 3322 substravisse,
3047 3265 3109 3311 ut
3134 3257 3181 3312 ci
3214 3258 3305 3328 qui
3346 3273 3544 3328 propo-

1943 3344 2083 3398 situs
2113 3353 2196 3398 est
2235 3345 2501 3414 operibus
2541 3361 2807 3400 manuum
2846 3362 3092 3411 suarum,
3126 3366 3143 3399 ι
3174 3358 3228 3403 et
3260 3349 3543 3419 paululum

1943 3434 2105 3488 distat
2158 3435 2229 3489 ab
2275 3436 2503 3505 angelis,
2548 3455 2567 3487 ι
2604 3445 2655 3492 et
2712 3426 2988 3494 mentibus
3024 3439 3341 3494 caelestibus
3375 3455 3545 3510 prope

273 3530 444 3584 νησις,
493 3515 561 3568 τὰ
619 3515 739 3569 θεῖά
782 3531 916 3584 φασι
973 3516 1162 3583 Γόγια,
1194 3517 1268 3579 ὡς
1323 3518 1508 3590 ἐκείνῃ
1558 3519 1838 3590 προύργου

1944 3538 2285 3596 cxmquatur.
2323 3527 2528 3581 Idcirco
2557 3543 2678 3582 cum
2714 3528 2955 3584 hominis
2988 3530 3276 3600 progenies
3306 3531 3542 3599 desinet,

273 3604 578 3675 τεταγμένη
632 3604 894 3658 δουλεύιν.
956 3606 1125 3659 Ἀλλὰ
1161 3608 1231 3661 τὰ
1286 3608 1387 3677 μὲν
1450 3610 1587 3663 ἄλλα
1634 3611 1832 3680 ἐῶμεν.

271 3699 404 3769 Περὶ
432 3699 489 3753 δὲ
514 3700 621 3754 τῶν
666 3700 970 3771 ἀνθρώπων
1008 3703 1087 3765 τίς
1136 3703 1289 3757 ἔσται
1320 3702 1508 3757 λοιπὸν
1539 3708 1584 3776 ιή
1615 3706 1708 3759 τοῦ
1744 3707 1838 3758 οὐ·

273 3792 456 3861 ρανίου
492 3792 704 3861 [πατρὸς
737 3794 964 3861 πρόνοια
993 3812 1011 3862 ;
1040 3796 1087 3847 εἰ
1117 3795 1272 3860 τέλος
1301 3799 1399 3865 μὲν
1439 3797 1620 3852 αὐτῶν
1656 3798 1718 3851 τὸ
1746 3816 1838 3851 τυ-

269 3886 381 3953 χεῖν
405 3884 503 3953 τῆς
539 3886 813 3955 μακαρίας
845 3886 1010 3957 ζωῆς.
1038 3889 1156 3952 ὁδὸς
1188 3889 1243 3941 δὲ
1276 3891 1308 3960 ἡ
1340 3891 1575 3946 ἐνταῦθα
1604 3892 1737 3961 ζωὴ,
1771 3892 1840 3962 ἢν

267 3975 445 4038 καλῶς
490 3976 766 4040 ὁδεύοντες
815 3977 1166 4048 ἐφικνοῦνται
1199 3981 1294 4035 τοῦ
1339 3983 1551 4046 τέλους.
1599 3983 1737 4051 Οὔτε
1783 3984 1840 4036 δε

268 4068 444 4131 καλῶς
458 4068 689 4134 ὁδεύειν,
711 4067 834 4122 οὔτε
855 4071 948 4123 τοῦ
967 4071 1157 4134 τέλους
1171 4075 1460 4144 τυγχάνειν
1481 4074 1694 4145 ἔχουσιν
1710 4075 1841 4127 ἄνευ

268 4158 423 4213 Θεοῦ.
466 4158 525 4212 '0
548 4158 604 4211 δὲ
624 4159 725 4228 τῆς
758 4160 1066 4229 ὁδοιπορίας
1087 4162 1286 4228 αὐτῶν,
1320 4165 1590 4237 τουτέστι,
1625 4164 1725 4234 τῆς
1752 4167 1843 4217 ὲν·

269 4251 436 4305 ταῦθα
451 4251 595 4320 ζωῆς
610 4251 683 4321 μὴ
703 4252 998 4319 φροντίζει,
1019 4254 1326 4324 ἀρχομένης
1341 4272 1399 4306 τε
1416 4259 1508 4307 καὶ
1525 4256 1843 4325 ιπροϐαινού·

271 4357 365 4412 σης
389 4343 484 4397 καὶ
523 4344 925 4414 τελειουμένης,
963 4345 1110 4409 ὅπως
1151 4346 1218 4399 ἂν
1263 4347 1332 4401 δι’
1362 4349 1538 4418 αὐτῆς
1571 4349 1843 4402 εύοδοῖντο

266 4434 401 4504 πρὸς
425 4433 484 4487 τὸ
502 4434 651 4499 τέλος
668 4435 849 4499 καλῶς
868 4437 1298 4507 ὑπερπηδῶντες
1318 4440 1499 4494 πᾶσαν
1521 4443 1844 4514 δυσχέρειαν

263 4527 326 4592 ἐξ
349 4527 591 4596 ἀπείρων
617 4528 963 4581 συναντῶσαν
988 4529 1097 4582 τῶν
1118 4530 1359 4600 τρόπων,
1392 4532 1527 4603 μηδὲ
1562 4537 1847 4605 πατρικῶς

263 4618 575 4688 οἰκονομοίη
602 4620 669 4673 τὰ
712 4620 900 4687 τέκνα,
934 4620 1048 4673 ἀλλ’
1075 4622 1185 4692 ἐῴη
1234 4623 1395 4692 μόνον
1436 4625 1577 4678 αὐτὰ
1628 4626 1845 4695 φύσεώς

234 4724 323 4767 ¹τε
355 4706 609 4780 ἀσθενείᾳ
656 4712 749 4763 καὶ
798 4710 1177 4781 προαιρέσεως
1224 4714 1485 4785 ἀστασίᾳ,
1541 4718 1635 4769 καὶ
1672 4717 1845 4788 τύχης

266 4799 458 4871 ἀλογίᾳ
501 4800 783 4872 φέρεσθαι,
815 4801 884 4854 δι’
919 4794 993 4855 ὧν
1041 4803 1304 4857 ἀδύνατόν
1358 4809 1507 4859 ἐστιν
1537 4807 1631 4860 τοῦ
1673 4808 1844 4879 ὑπερ-

1945 3635 2054 3671 uua
2105 3620 2268 3673 etiam
2323 3621 2634 3674 caelestium
2686 3621 2902 3675 orbium
2954 3624 3122 3676 motio
3168 3623 3455 3691 consistet,
3486 3633 3544 3693 ut

1940 3711 2124 3765 divina
2151 3711 2307 3766 aiunt
2353 3714 2597 3777 oracula,
2654 3714 2914 3784 tanquam
2951 3714 3020 3768 ad
3073 3715 3220 3772 hunc
3268 3716 3428 3772 linem
3487 3725 3545 3775 ut

1941 3805 2142 3859 serviat
2196 3806 2270 3859 illi
2330 3809 2647 3862 couStituta.
2695 3807 2891 3863 Verqu
2934 3808 3049 3864 lucc
3103 3819 3158 3863 et
3215 3811 3318 3864 alia
3373 3813 3545 3867 missa

1944 3894 2235 3951 faciamus.
2306 3896 2412 3950 Pro
2471 3898 2786 3954 hominibus
2858 3907 3041 3955 autem
3123 3917 3377 3972 quaenam
3438 3900 3551 3959 erit’

1945 3987 2204 4056 deinceps
2246 3983 2454 4043 Patris‘
2484 3989 2706 4043 aatherei
2748 3990 3128 4059 providentia?
3173 3993 3441 4062 siquidem
3478 3992 3545 4046 li-

1949 4077 2037 4131 nis
2082 4078 2476 4149 prmmiumque
2510 4081 2757 4149 ipsorum
2794 4092 2880 4137 est
2923 4082 3091 4136 vitam
3133 4083 3348 4137 beatam
3388 4100 3544 4142 asse-
3616 4140 3623 4145 .

1945 4169 2061 4240 qui.
2103 4168 2223 4224 Vita
2271 4186 2400 4226 vero
2452 4187 2574 4240 quae
2602 4172 2691 4227 hic
2720 4173 2960 4243 degitur,
2992 4173 3079 4227 via
3113 4183 3217 4236 est,
3251 4189 3415 4243 quam
3452 4178 3544 4244 qui

1946 4259 2175 4329 pulchre
2236 4260 2570 4325 coniiciunt,
2627 4261 2692 4317 ad
2762 4269 2963 4316 metam
3036 4262 3379 4332 perveniunt.
3437 4264 3544 4321 Sed

1948 4366 2125 4422 neque
2156 4353 2249 4407 ulli
2302 4353 2527 4427 pulchre
2568 4356 2671 4407 iter
2721 4354 2851 4408 illud
2884 4354 3125 4421 ingredi,
3165 4371 3338 4427 neque.
3383 4357 3543 4414 linem

1951 4445 2202 4501 obtinere
2238 4423 2481 4516 unquam
2528 4446 2734 4518 absque
2789 4447 2898 4503 Deo
2933 4458 3181 4517 possunt.
3227 4449 3327 4506 Hic
3359 4462 3544 4508 autem

1949 4538 2053 4594 viae
2125 4538 2194 4594 ab
2257 4539 2366 4594 illis
2428 4551 2661 4609 coeptae,
2720 4539 3083 4610 procedentis
3137 4552 3190 4598 et
3248 4540 3524 4614 perfectae,

1964 4632 2066 4683 hoc
2132 4638 2213 4684 est
2279 4632 2403 4686 vitae
2447 4648 2609 4700 quam
2662 4632 2754 4688 hic
2809 4634 3054 4705 exigunt,
3115 4651 3300 4690 curam
3374 4641 3549 4694 rat‘u-

1952 4736 2188 4790 nemque
2258 4721 2486 4779 haberet
2543 4723 2790 4789 nullam,
2851 4735 2905 4780 ut
2964 4743 3061 4799 per
3105 4744 3225 4784 eam
3285 4745 3549 4800 prospere

1954 4814 2274 4875 accederem
2300 4815 2365 4868 ad
2396 4816 2648 4870 ultimum
2682 4817 2905 4881 bonum.
2933 4834 3151 4876 omnem
3173 4821 3546 4878 difﬁcultatem

266 4889 433 4955 φυοῦς
465 4889 673 4942 ἐκείνου
702 4888 886 4953 τέλους
908 4895 1115 4961 τυχεῖν,
1150 4893 1246 4943 καὶ
1266 4894 1521 4946 τοσοῦτον
1554 4898 1838 4962 πριινοοῖτο

1950 4922 2012 4960 ex
2041 4908 2343 4962 innumeris
2370 4908 2548 4965 modis
2581 4921 2959 4966 occurrentem
2996 4913 3152 4971 facile
3207 4917 3548 4987 pulchreque

266 4978 375 5032 τῶν
407 4979 636 5045 τέκνων,
685 4981 810 5034 ὅσον
842 4981 938 5035 καὶ
989 4983 1097 5035 τῶν
1144 4983 1305 5052 βοῶν,
1342 4986 1443 5038 οὐκ
1493 4985 1843 5040 εἰδικώτατον

269 5089 389 5125 τινα
427 5074 646 5139 τρόπον.
695 5072 836 5126 Ἀλλ’
865 5077 893 5127 ὁ
935 5073 1208 5144 μακάριος
1260 5076 1469 5138 Παῦλος
1510 5078 1568 5129 ἐν
1602 5081 1667 5148 τῇ
1706 5078 1845 5148 πρὸς

272 5167 586 5236 Κορινθίους
619 5168 678 5221 οὐ
716 5167 903 5236 μέλειν
933 5167 1010 5237 τῷ
1044 5168 1162 5237 Θεῴ
1192 5185 1324 5237 φησι
1370 5172 1634 5239 περὶτῶν
1666 5171 1803 5240 βοῶν
1830 5185 1841 5197 ·

269 5260 363 5328 οὐχ
412 5258 486 5321 ὡς
535 5258 659 5328 μηδ’
713 5259 849 5321 ὅλως
906 5261 1070 5330 μέλον
1100 5261 1251 5330 αὐτῷ
1303 5261 1440 5331 βοῶν
1490 5279 1546 5314 τε
1601 5264 1693 5315 καὶ
1736 5264 1846 5316 τῶν

268 5353 487 5423 ὁμοίων,
536 5352 652 5406 ἀλλ’
683 5344 889 5420 ὡς’τῆς
935 5352 1064 5423 περὶ
1106 5355 1315 5407 τούτων
1364 5357 1624 5426 προνοίας
1676 5358 1845 5427 μηδε-

276 5448 399 5516 μίαν
434 5447 617 5515 σχεδὸν
655 5446 792 5515 πρὸς
822 5447 920 5516 τὴν
949 5445 1214 5515 περὶτῶν
1246 5446 1554 5515 ἀνθρώπων
1581 5449 1844 5517 πρόνοιαν

184 5604 193 5615 .
270 5537 491 5609 ἐχούσης
522 5538 848 5608 παράθεσιν.
888 5537 976 5600 Ὠς
1008 5537 1214 5606 ταύτην
1252 5538 1414 5607 μόνον
1455 5539 1718 5593 δύνασθαι
1747 5541 1843 5594 καὶ

272 5633 464 5701 χρῆναι
488 5631 773 5686 καλεῖσθαι
803 5633 1061 5700 πρόνοιαν
1091 5631 1307 5700 ἀληθῶς
1335 5635 1427 5686 καὶ
1455 5636 1714 5703 φροντίδα
1747 5634 1843 5687 τοῦ

273 5725 408 5778 θεῖου
456 5727 654 5787 παντὸς
693 5724 882 5776 ’ένεκεν
916 5724 1123 5777 δικαίου
1163 5727 1256 5779 καὶ
1305 5726 1487 5794 λόγου.
1532 5728 1752 5782 Τοιὶτων
1785 5730 1844 5782 δὲ

273 5818 699 5892 ἀναιρουμένων,
732 5816 805 5880 ὡς
856 5816 1092 5888 εἴρηται,
1130 5818 1250 5888 εἰκῆ
1288 5821 1386 5889 μὲν
1429 5819 1549 5874 Ἰὼϐ
1602 5823 1842 5877 ἐπαινεῖ-

1951 5007 2277 5065 superantes
2306 5015 2321 5052 :
2356 5014 2532 5069 neque
2564 5000 2763 5057 liberos
2796 5004 2995 5060 allecto
3030 5019 3258 5074 paterno
3295 5009 3548 5065 modera-
3614 4992 3627 4997 ι

1956 5100 2125 5155 retur,
2162 5091 2258 5145 sed
2289 5106 2385 5169 eos
2414 5101 2623 5147 tantum
2657 5104 2710 5149 et
2739 5096 3098 5152 imbecillitati
3133 5109 3341 5154 natura:
3370 5110 3422 5154 et
3453 5117 3547 5157 V0-

1953 5179 2178 5236 luntatis
2209 5182 2587 5241 inconstantiae
2625 5188 2987 5254 permitteret,
3022 5204 3085 5242 ac
3112 5190 3347 5244 fortuna:
3372 5200 3546 5246 teme-

1942 5276 2098 5329 ‘ritati
2142 5276 2227 5346 agi
2285 5276 2413 5331 ferri
2449 5279 2655 5333 sineret
2696 5297 2709 5333 :
2745 5282 2946 5349 quibus
2988 5290 3136 5336 certe
3169 5282 3346 5337 modis
3392 5282 3546 5338 nefas

1953 5377 2034 5424 est
2069 5369 2230 5423 linem
2270 5369 2421 5424 illum
2452 5372 2544 5439 qui
2590 5382 2841 5425 na:uram
2888 5372 3103 5427 excedit
3133 5373 3421 5444 consequi,
3453 5388 3545 5430 eo-

1954 5457 2186 5526 demque
2229 5469 2389 5528 pacto
2421 5461 2755 5528 prospiceret
2802 5462 3015 5526 liberis,
3051 5478 3162 5532 quo
3196 5463 3368 5517 bobus
3408 5478 3544 5518 con-

1953 5550 2100 5612 snlit,
2141 5565 2248 5602 non
2273 5551 2531 5619 peculiari
2568 5556 2807 5607 maxime
2832 5556 3006 5609 cura?
3032 5553 3381 5609 Verumcnim
3414 5570 3544 5609 vero

1955 5641 2142 5695 beatus
2180 5641 2403 5706 Paulus,
2434 5648 2484 5697 in
2515 5642 2753 5713 Epistola
2783 5649 2848 5700 ad
2874 5647 3209 5714 Corinthios,
3235 5648 3345 5703 Deo
3376 5646 3544 5702 haud-

1956 5750 2232 5804 quaquam
2260 5751 2404 5790 ειη-αξ
2433 5736 2597 5789 boves
2622 5751 2743 5791 esse
2767 5737 3032 5794 aliiruiat:
3055 5755 3163 5794 tton
3192 5740 3338 5809 quod
3378 5739 3543 5794 boum

1953 5843 2017 5884 ac
2050 5828 2309 5883 similium
2347 5843 2530 5884 curam
2559 5843 2785 5898 prorsus
2826 5832 3108 5904 abiecerit,
3142 5835 3232 5891 sed
3258 5832 3385 5906 quia
3418 5848 3542 5904 pro-
