4062 6404
298 312 406 380 553

1252 321 1622 384 EPISTULA
1669 322 1765 380 DE
1812 320 2577 382 PILEDESTINATIONE

3445 319 3547 385 554

293 430 584 502 specialem
639 433 897 490 nimirum
935 435 1079 493 circa
1131 437 1377 494 homines
1426 437 1843 507 providentiam,
1877 443 1932 490 et
1970 450 2312 504 qu-ecunque
2348 436 2473 491 huic
2515 437 2567 490 in
2603 435 2881 492 hominum
2921 438 3148 508 negotiis
3173 444 3542 493 consentanea

293 535 419 584 sunt
462 543 475 580 :
507 541 575 580 an
615 526 890 583 incassum
943 530 1056 586 haec
1091 531 1242 594 dicit,
1282 532 1366 585 vel
1402 531 1578 599 potius
1607 529 1835 585 dicunt?
1863 526 2004 582 absit
2035 528 2136 582 hoe
2173 529 2350 598 plane.

374 619 540 689 Ὁρᾷς
571 619 670 686 τῆς
702 621 950 685 ἐναντίας
975 623 1130 693 δόξης
1163 621 1415 688 τεθείσης
1445 623 1502 686 ἐξ
1538 621 1864 684 ὑποθέσεως,

2041 617 2235 685 Viden,
2281 628 2338 673 ut
2389 618 2642 689 Opinione
2673 621 2946 675 contraria
2980 623 3276 678 eonsﬁtuta
3315 639 3379 678 ex
3418 637 3552 679 con-

293 710 393 763 ὅσα
422 711 531 762 τῶν
567 707 786 779 ἀληθῶν
816 710 1119 782 ἀναιρεῖται
1144 729 1158 778 ;
1193 712 1392 781 μᾶλλον
1412 711 1467 764 δὲ
1498 710 1651 764 οὐδὲν
1683 709 1867 779 σχεδξν

293 800 664 862 ὐπῖλείπεται.
715 802 796 856 Τά
850 802 960 873 γὰρ
1001 804 1065 856 ὲκ
1116 804 1214 873 τῆς
1248 805 1399 875 ἱεράς
1447 802 1670 875 Γραφῆς
1719 818 1866 872 παρ-

289 897 506 965 ηγμένα
557 895 653 948 νῦν
705 895 834 951 ἄλλο
903 898 1002 967 μὲν
1064 898 1228 952 ἄλλου
1292 898 1594 970 μυστηρίου
1661 896 1866 965 πλῆρες

291 989 410 1042 ἐστι
430 1007 444 1020 ·
477 988 653 1043 πάντα
678 989 734 1042 δὲ
771 991 910 1045 αὐτὰ
947 991 1043 1043 σὺν
1073 991 1323 1054 ἐκείνοις,
1359 992 1490 1060 μιᾶς
1519 993 1614 1060 τῆς
1643 1005 1864 1059 προκει-

293 1081 459 1151 μένης
491 1083 622 1150 ἡμῖν
647 1081 782 1154 ὕλης
811 1084 1116 1154 εὐρυτάτης
1161 1082 1346 1154 οὔσης,
1376 1083 1524 1138 ἔνδον
1558 1082 1724 1137 ἐστίν.
1754 1074 1864 1144 Ἶῐς

290 1172 657 1244 σαλευομένης
694 1172 782 1240 ἂν,
814 1173 968 1228 οὐδὲν
1015 1175 1240 1228 ἐκείνων
1275 1175 1427 1244 μένει
1470 1174 1676 1229 λοιπόν.
1713 1173 1773 1226 Εἰ
1803 1172 1862 1225 δὲ

291 1266 492 1323 πάσαις
529 1265 795 1333 ἀνάγκαις
823 1268 849 1318 ό
881 1267 1024 1329 θεῖος
1067 1267 1262 1337 κρατεῖ
1303 1265 1660 1336 προορισμδς,
1696 1264 1862 1334 μέρος

289 1351 362 1405 ὢν
395 1345 489 1421 τῆς
520 1352 670 1416 θείας
716 1355 998 1424 Προνοίας,
1025 1355 1086 1407 τὸ
1135 1357 1389 1425 μέγιστον
1423 1355 1514 1408 καὶ
1553 1355 1728 1424 δόγμα
1759 1355 1861 1423 τῆς

289 1447 529 1509 πίστεως
567 1447 980 1518 ἀναντίρρητον,
1010 1451 1101 1502 καὶ
1148 1447 1398 1519 καθάπερ
1433 1447 1729 1517 σύνδεσμος
1763 1447 1862 1516 τῆς

291 1539 526 1602 πίστεως
585 1539 734 1606 ὅλης.
791 1542 900 1594 Καὶ
944 1541 994 1593 οἱ
1053 1541 1150 1610 μὲν
1205 1541 1314 1595 τῶν
1361 1541 1666 1610 ἀνθρώπων
1725 1539 1860 1609 πρὸς

289 1630 387 1701 τήν
411 1630 628 1684 αἰώνιόν
653 1632 761 1684 είσι
809 1631 1210 1701 προωρισμένοι
1240 1631 1407 1702 ζωὴν,
1433 1628 1514 1694 οἷς
1536 1632 1628 1686 καὶ
1661 1631 1710 1684 οἱ
1748 1631 1863 1684 ἐλε-

288 1721 508 1786 ούμενοι
559 1723 1103 1794 συναριθμείσθωσαν
1150 1723 1286 1779 νῦν’
1345 1726 1393 1778 oi
1445 1725 1500 1778 δὲ
1549 1723 1644 1779 ἀπ’
1690 1723 1862 1792 αὐτῆς

290 1814 848 1887 ἀποδεδοκιμασμένοι
903 1817 1141 1885 εὐλόγως
1183 1817 1276 1870 καὶ
1308 1816 1375 1870 τὰ
1405 1817 1547 1870 κατὰ
1581 1816 1682 1886 τὴν
1716 1814 1862 1884 ζωὴν

289 1883 534 1962 ἑκάστου.
568 1908 666 1962 καὶ
715 1908 971 1978 τελευτὴν
1007 1911 1073 1979 τῇ
1125 1908 1399 1974 έπιτεύξει
1449 1908 1545 1962 τοῦ
1587 1906 1859 1977 τέλους,ἤ

289 1995 599 2061 ἀποτεύξει,
644 1997 860 2061 οἰκείως
895 1997 1319 2052 συνδιατίθενται
1341 2015 1356 2030 ·
1395 1998 1471 2061 ὡς
1501 1999 1708 2051 ἐπίπαν
1742 1998 1862 2067 μὲν,

291 2090 507 2157 καὶτῆς
535 2091 762 2143 ἑκάστου
794 2091 1061 2161 πονηρίας
1091 2091 1124 2160 ἢ
1171 2091 1398 2161 ἀρετῆς,
1447 2091 1539 2144 καὶ
1578 2089 1866 2152 εὐϐουλίας

289 2185 322 2255 ἢ
351 2183 619 2248 ἀϐουλίας,
651 2184 716 2252 τῇ
750 2183 976 2256 τοιαύτῃ
1008 2183 1376 2252 συνεργούσης
1403 2183 1598 2253 ἐφεξῆς
1624 2181 1865 2245 διατάξει

289 2277 382 2329 τοῦ
414 2277 583 2341 θείου,
607 2274 721 2329 ἔστι
762 2275 815 2328 δὲ
844 2276 932 2330 ὅτε
982 2276 1075 2328 καὶ
1105 2276 1258 2344 παρὰ
1281 2277 1378 2347 τὴν
1402 2274 1674 2345 ἑκατέρων
1701 2277 1758 2329 ὲν
1787 2274 1865 2346 τῷ

291 2363 603 2434 παραυτίκα
635 2363 865 2434 μελέτην
896 2380 955 2418 τε
987 2364 1080 2417 καὶ
1107 2365 1367 2436 σπουδὴν,
1400 2365 1462 2418 τὸ
1488 2367 1700 2435 πρέπον
1733 2368 1859 2428 ταῖς

291 2448 470 2508 αὐτῶν
500 2454 647 2520 ἕξεσι
683 2455 779 2508 καὶ
811 2453 1011 2521 ἀξίαις,
1041 2456 1135 2508 καὶ
1164 2454 1299 2520 ζῶσι
1325 2457 1417 2510 καὶ
1443 2456 1765 2511 τελευτῶσιν
1790 2459 1866 2512 οἱ-

289 2547 666 2616 κονομούντος,
701 2547 776 2610 ὡς
824 2546 892 2601 ἂν
946 2547 1220 2611 ποικίλαις
1267 2565 1326 2602 τε
1373 2549 1466 2604 καὶ
1501 2548 1864 2620 πολυτρόποις

295 2637 557 2702 μεθόδοις,
603 2638 696 2690 καὶ
730 2637 917 2701 ἄλλαις
973 2638 1059 2692 ἔπ’
1106 2638 1284 2692 ἄλλων
1317 2640 1688 2710 κρινομέναις,
1722 2641 1862 2694 κατὰ

289 2732 387 2800 τὴν
417 2729 720 2800 εὐρυτάτην
745 2731 839 2783 καὶ
863 2731 1140 2802 πάνσοφον
1162 2731 1326 2786 αὐτοῦ
1351 2733 1639 2802 διοίκησιν,
1668 2734 1695 2786 ό
1722 2731 1864 2796 θεῖος

290 2823 422 2892 περὶ
469 2822 666 2893 αὐτοὺς
698 2824 1030 2894 προορισμός
1073 2823 1372 2892 ἐξανύοιτο,
1412 2825 1445 2895 ἡ
1489 2824 1585 2878 τοῦ
1617 2827 1741 2894 ὅρου
1772 2825 1863 2895 δη-

291 2912 465 2967 λονότι
501 2917 595 2969 καὶ
637 2914 823 2978 τέλους
865 2915 1137 2980 ὲπίτευξις
1182 2915 1214 2986 ἢ
1265 2915 1574 2981 άπότευξις.
1611 2916 1863 2986 Εἰλήφθω

292 3007 402 3072 γὰρ
445 3003 540 3056 νῦν
568 3003 763 3068 κοινῶς
815 3006 1170 3076 προορισμός,
1199 3005 1275 3069 ὡς
1326 3007 1666 3077 προορισμοῦ
1710 3008 1863 3076 γένος

291 3097 386 3148 καὶ
415 3096 866 3166 άποδοκιμασίας.
894 3098 1003 3168 Τῆς
1033 3098 1090 3152 δὲ
1130 3097 1237 3151 τῶν
1263 3097 1567 3170 ἀνθρώπων
1598 3099 1765 3170 ζωῆς,
1793 3098 1862 3169 ἥν

288 3188 355 3240 ἄν
383 3187 596 3241 οἴκοθεν
628 3190 1048 3261 προαιροίντο,ῆ
1086 3190 1585 3260 συμπροσαγούσης
1614 3190 1692 3260 τῷ
1717 3189 1861 3244 τέλει

289 3281 431 3348 μετὰ
463 3280 574 3348 τῆςι
594 3278 802 3335 ἄνωθεν
851 3282 1193 3351 συνεργείας,
1225 3281 1258 3352 ἢ
1289 3281 1604 3353 άφιστὼσης
1641 3281 1732 3334 τοῦ
1773 3282 1857 3336 τέ·
1889 3305 1933 3364 c

285 3371 417 3434 λους
477 3373 614 3440 μετὰ
665 3374 766 3443 τῆς
817 3372 1024 3427 ἐκεῖθεν
1090 3373 1530 3443 ὲγκαταλείψεως
1559 3389 1574 3405 °
1625 3373 1864 3440 εὐλόγως

286 3463 387 3516 καὶ
416 3465 448 3532 ή
487 3462 776 3531 μετάθεσις
816 3463 916 3534 μὲν
945 3463 1054 3517 ἀπὺ
1075 3467 1172 3535 τῆς
1207 3463 1466 3534 τοιαύτης
1500 3464 1669 3532 ζωῆς,
1699 3467 1767 3534 τῇ
1801 3481 1862 3518 τε

287 3556 432 3625 πρὸς
461 3557 521 3609 τὸ
545 3555 698 3618 τέλος
725 3554 852 3625 ὁδῷ,
879 3553 1027 3609 τοῦτ’
1070 3555 1186 3608 ἔστι
1217 3557 1283 3626 τῇ
1316 3555 1570 3627 παρούσῃ
1600 3555 1737 3626 ζωῇ,
1771 3555 1866 3610 καὶ

287 3651 354 3718 τῇ
399 3647 519 3716 μετ’
557 3646 724 3718 αὐτὴν
758 3647 935 3720 οἰκείᾳ
979 3645 1075 3700 τοῦ
1119 3646 1307 3710 τέλους
1345 3645 1616 3714 ἐπιτεύξει
1656 3649 1688 3716 ἢ
1728 3648 1866 3701 άπο-

285 3740 492 3804 τεύξει,
541 3738 864 3809 σύμμορφός
900 3743 1014 3792 δστι
1041 3739 1137 3793 καὶ
1163 3739 1484 3811 συνᾲδουσα,
1517 3739 1708 3809 ὥσπερ
1741 3739 1870 3808 μεθ-

287 3833 442 3904 όριον
466 3827 600 3885 οὐσα
627 3831 738 3886 τῶν
768 3829 924 3893 ζωῶν
965 3832 1314 3903 ἀμφοτέρων,
1342 3832 1439 3886 καὶ
1463 3831 1565 3902 τῆς
1591 3831 1733 3899 ὀδοῦ,
1769 3833 1866 3886 καὶ

289 3924 387 3979 τοῦ
419 3924 606 3989 τέλους
636 3924 822 3994 ὥσπερ
871 3925 1136 3994 συνάφεια
1160 3941 1175 3958 ο
1215 3926 1329 3978 ἐστι
1380 3925 1480 3995 μὲν
1514 3925 1604 3978 ὅτε
1639 3925 1732 3978 καὶ
1761 3941 1867 3994 φα-

289 4018 458 4088 νερᾶς
489 4015 653 4086 οὔσης
682 4018 817 4073 πᾶσι
848 4015 946 4087 τῆς
970 4017 1251 4087 τελευτῆς,
1281 4018 1429 4081 ὅπως
1457 4017 1572 4089 ἔχει
1603 4016 1740 4086 πρὸς
1766 4017 1868 4087 τὴν

287 4112 456 4174 εὐθὺς
507 4109 889 4180 διαδεξομένην
928 4109 1072 4181 ζωὴν
1121 4110 1334 4176 ἀθλίαν,
1385 4110 1418 4182 ἦ
1457 4110 1754 4180 μακαρίαν,
1791 4109 1868 4172 ὡς

288 4202 386 4255 ἐπὶ
416 4199 525 4254 τῶν
569 4199 914 4269 δικαιοσύνης
965 4200 1211 4270 ἓνεκα,ἥ
1259 4201 1566 4265 εὐσεϐείας,
1603 4200 1868 4269 αἱρουμέ-

288 4309 395 4346 νων
426 4291 680 4362 θνήσκειν
710 4290 1010 4362 προδήλως,
1038 4292 1136 4345 οὐκ
1162 4292 1290 4347 ἄνευ
1319 4291 1454 4346 Θεοῦ
1483 4292 1577 4346 καὶ
1603 4293 1701 4362 τῆς
1730 4292 1868 4346 ἄνω-

288 4383 380 4439 θεν
437 4383 743 4448 ἐπιπνοίας,
775 4384 804 4437 ὃ
852 4384 1125 4455 προσήκει
1167 4387 1280 4448 τοῖς
1317 4385 1575 4455 μάρτυσι,
1607 4384 1701 4438 καὶ
1734 4385 1868 4438 πᾶσι

286 4479 400 4536 τοῖς
440 4477 555 4547 μετ’
591 4477 796 4547 άρετῆς
843 4480 936 4531 καὶ
966 4477 1036 4532 δι’
1074 4475 1241 4547 αὐτὴν
1288 4476 1603 4540 τελευτῶσι,
1651 4476 1758 4532 κᾶν
1793 4477 1868 4548 μὴ

287 4568 542 4640 φανερῶς
577 4569 653 4640 τῷ
702 4571 986 4642 μαρτυρίῳ
1036 4570 1448 4642 προσάγωντοιι,
1495 4569 1609 4624 ἀλλ’
1643 4571 1870 4624 ἐπιϐου-

287 4659 574 4730 λευόμενοι
605 4660 792 4733 βιαίως
832 4662 1137 4731 ἐξάγωνται
1167 4663 1265 4730 τῆς
1297 4661 1442 4733 ζωῆς
1472 4664 1566 4718 καὶ
1595 4679 1866 4734 συκοφανο
1899 4643 1946 4702 θ

289 4754 567 4822 τούμενοι,
615 4755 648 4826 ἢ
709 4755 801 4809 ἐπὶ
853 4755 963 4809 τῶν
1017 4755 1299 4825 φυγόντων
1349 4757 1442 4808 τὸν
1493 4758 1718 4823 κόσμον,
1771 4759 1868 4811 καὶ

292 4843 517 4914 σταυρῷ
565 4845 881 4918 πρέπουσαν
928 4843 1212 4914 ζησάντων
1241 4843 1410 4914 ζωὴν,
1457 4845 1549 4900 καί
1580 4843 1771 4914 ὁμοίαν
1797 4847 1862 4916 τῇ

292 4929 405 5003 ζωῇ
460 4931 717 5002 τελευτὴν
768 4932 1186 5002 άπαράκλητον,
1237 4931 1394 4987 ὲνίων
1443 4931 1498 4986 δὲ
1531 4934 1624 4986 καὶ
1679 4933 1864 4988 ἄδικον

292 5025 696 5094 ὑφισταμένων,
736 5022 771 5096 ἢ
804 5025 1111 5078 τούναντίον
1141 5025 1235 5078 ἐπὶ
1273 5025 1382 5079 τῶν
1411 5025 1497 5079 ἐπ’
1531 5025 1738 5090 ἀδίκοις
1770 5025 1866 5080 καὶ

293 5118 552 5189 πονηροῖς
580 5117 917 5188 τολμήμασι,
955 5119 1050 5173 καὶ
1078 5120 1143 5188 τῇ
1174 5119 1271 5189 ὅλῃ
1312 5118 1660 5189 συμμόρφοις
1687 5117 1865 5172 αὐτῶν

293 5210 406 5281 ζωῇ
435 5210 534 5280 τὴν
562 5211 877 5282 πρέπουσαν
901 5210 1280 5280 ὑφισταμένων
1305 5209 1494 5282 βιαίως
1523 5209 1722 5276 ἔξοδον.

1971 709 2205 776 ditione,
2237 721 2369 780 quot
2400 729 2524 767 vera
2556 713 2769 768 decreta
2798 715 2863 767 de
2899 715 3077 769 medio
3106 717 3385 772 tollantur?
3414 719 3546 788 quin

1970 800 2077 855 imo
2109 802 2244 856 nihil
2293 805 2686 872 propemodum
2738 804 2931 874 reliqui
2980 817 3082 861 est.
3124 807 3330 862 Etenim
3366 823 3431 862 ex
3462 809 3550 865 his

1967 901 2088 955 qua:
2119 903 2181 941 cx
2216 903 2372 966 saera
2427 891 2710 962 Scriptura
2746 894 2906 948 modo
2939 904 3068 950 sunt
3104 897 3361 963 abducta,
3399 899 3546 954 aliud

1966 979 2184 1048 quidem
2218 982 2326 1036 alio
2372 985 2633 1054 mysmrio
2666 983 2881 1053 plenum
2930 996 3033 1040 est.
3086 986 3188 1041 Sed
3225 990 3339 1043 haec
3365 993 3547 1046 omnia

1967 1084 2090 1126 cum
2127 1073 2234 1128 illis
2263 1074 2403 1129 intra
2433 1090 2594 1130 unam
2626 1092 2657 1132 e
2687 1078 2961 1148 preposita
2992 1079 3147 1134 nobis
3176 1083 3400 1134 materia
3431 1098 3552 1151 qnze

1967 1161 2233 1219 latissime
2260 1176 2427 1235 patet,
2462 1169 2813 1223 continentur
2855 1185 2872 1224 :
2905 1186 3010 1240 qua
3055 1181 3300 1238 nutante,
3336 1175 3550 1228 illorum
3588 1177 3592 1180 ’

1966 1254 2101 1309 nihil
2138 1257 2191 1309 in
2227 1267 2500 1326 posterum
2532 1271 2797 1316 remanet.
2827 1263 2981 1328 Quod
3012 1264 3056 1318 si
3088 1280 3242 1320 sacra
3277 1267 3556 1336 prmdcsti-

1965 1349 2114 1401 natio
2139 1349 2393 1404 oumibus
2416 1352 2694 1420 praepollet
2725 1355 3164 1420 necessitatibus,
3195 1375 3318 1413 cum
3355 1363 3552 1418 divinte

1965 1436 2321 1497 Providentia:
2353 1457 2478 1510 pars
2502 1445 2574 1499 sit
2611 1447 2870 1511 maxima,
2903 1457 2956 1502 et
2983 1449 3103 1504 lidei
3139 1452 3416 1507 decretum
3457 1456 3548 1510 cui

1965 1533 2245 1587 adversari
2275 1550 2379 1589 non
2407 1535 2557 1601 licet,
2585 1553 2651 1594 ac
2673 1540 2836 1596 veluti
2870 1541 2994 1597 ﬁdei
3021 1545 3189 1599 totius
3212 1548 3548 1603 eouvinctio:

1954 1629 2016 1675 et
2052 1621 2299 1681 homines
2330 1627 2526 1696 partim
2561 1631 2628 1684 ad
2675 1642 2935 1686 aeternam
2973 1635 3136 1688 vitam
3172 1647 3298 1690 sunt
3344 1639 3552 1706 praede-

1963 1713 2175 1780 stinati,
2224 1732 2457 1786 quorum
2506 1736 2734 1779 numero
2771 1726 2932 1778 etiam
2984 1741 3130 1782 nunc
3180 1727 3549 1798 ascribuntur,

1963 1805 2162 1874 quibus
2199 1808 2571 1866 misericordia
2607 1814 2665 1867 lit
2719 1831 2733 1868 :
2767 1816 2964 1883 partim
3017 1818 3084 1872 ab
3125 1817 3242 1885 ipsa
3278 1823 3549 1888 reprobati

1966 1903 2094 1949 sunt
2135 1913 2149 1948 :
2178 1896 2301 1965 jure
2325 1901 2520 1955 merito
2542 1902 2706 1957 etiam
2744 1920 2864 1974 qua:
2893 1907 2958 1959 ad
2991 1907 3155 1961 vitam
3201 1911 3466 1978 cujusque
3497 1923 3552 1965 et

1967 1987 2196 2067 obitum
2227 2000 2480 2058 spectant
2510 2032 2526 2056 ,
2601 1995 2726 2050 linis
2779 1998 3172 2054 consecutione
3208 2003 3292 2054 vel
3337 2003 3549 2070 repulsa

1973 2079 2318 2144 peculiariter
2345 2098 2453 2138 una
2478 2084 2848 2153 disponuntur
2885 2104 2901 2143 :
2934 2091 3091 2159 quasi
3121 2093 3346 2147 omnino
3384 2097 3546 2150 unius

1967 2171 2233 2244 cujusque
2265 2175 2622 2244 improbitate
2655 2190 2710 2233 et
2740 2183 2960 2248 virtute,
2988 2192 3040 2238 et
3085 2185 3229 2240 bono
3269 2187 3353 2240 vel
3399 2189 3544 2244 mulo

1967 2263 2194 2319 consilio
2229 2266 2357 2322 huic
2381 2268 2474 2322 Dei
2503 2272 2883 2328 constitutioni
2911 2275 3166 2347 deinceps
3195 2291 3546 2348 cooperante.

1967 2354 2244 2410 Interdum
2299 2360 2465 2413 etiam
2506 2361 2662 2432 juxta
2711 2373 3074 2437 utrorumque
3119 2385 3305 2424 curam
3346 2382 3400 2426 et
3432 2383 3550 2428 stu-

1967 2447 2141 2523 dium.
2165 2462 2398 2518 repente
2439 2453 2687 2524 vestigio,
2721 2459 2864 2525 quod
2896 2459 3138 2528 ipsorum
3184 2462 3457 2519 habitibus
3495 2479 3553 2522 et

1969 2538 2181 2593 meritis
2231 2541 2491 2596 decorum
2537 2553 2646 2608 est,
2678 2554 2735 2600 et
2768 2546 3079 2606 viventibus
3106 2559 3160 2606 et
3189 2556 3550 2612 morientibus

1965 2643 2168 2686 numen
2209 2633 2350 2702 regit
2383 2635 2447 2688 ac
2477 2638 2832 2694 moderatur:
2868 2643 3011 2697 sicut
3036 2646 3201 2702 variis
3229 2663 3294 2703 ac
3316 2650 3550 2707 diversis

1966 2719 2259 2776 admodum
2289 2723 2467 2778 modis
2501 2733 2555 2780 et
2585 2728 2895 2786 rationibus
2922 2748 3044 2803 qua?
3068 2735 3187 2790 aliae
3222 2737 3276 2791 in
3307 2739 3427 2795 aliis
3453 2742 3546 2809 ju-

1967 2811 2240 2881 dicantur,
2283 2816 2582 2870 secundum
2639 2819 2960 2877 latissimam
2997 2834 3050 2878 ct
3084 2828 3544 2897 sapientissimam

1965 2904 2139 2975 ipsius
2183 2906 2714 2966 administrationem
2739 2951 2755 2976 ,
2793 2913 2980 2971 divina
3011 2918 3156 2974 circa
3186 2936 3280 2977 eos
3337 2927 3547 2993 praede-

1965 2998 2186 3052 stiuatio
2217 2999 2475 3068 perlicere
2500 3009 2706 3071 posset,
2746 3004 3006 3062 nimirum
3032 3009 3218 3064 limitis
3239 3027 3302 3066 ac
3329 3018 3548 3073 termini

1966 3091 2282 3146 consecutio
2329 3092 2412 3146 vel
2451 3095 2687 3164 repulsa.
2716 3095 2976 3153 Sumatur
3001 3101 3145 3156 enim
3203 3119 3348 3160 nunc
3399 3123 3556 3163 com-

1966 3180 2202 3235 muniter
2229 3183 2635 3252 prmdestinatio
2655 3204 2671 3254 ;
2689 3188 2838 3244 velut
2861 3205 3032 3259 genus
3058 3195 3552 3262 pratdcstinationis

1965 3277 2020 3324 et
2079 3274 2476 3342 reprdbationis
2526 3293 2540 3329 :
2588 3280 2808 3348 quando
2857 3281 3137 3340 hominum
3194 3287 3327 3356 vita,
3385 3307 3550 3358 quam

1967 3365 2109 3432 apud
2134 3379 2192 3419 se
2217 3367 2450 3437 quisque
2479 3368 2626 3424 domi
2660 3371 2885 3441 elegerit
2905 3414 2919 3436 ,
2952 3383 3046 3429 aut
3075 3376 3240 3433 simul
3278 3381 3347 3434 ad
3384 3381 3548 3439 linem

1969 3455 2188 3512 adducit
2219 3473 2343 3512 cum
2389 3461 2704 3532 adjumento
2739 3469 3141 3535 cooperationis
3172 3471 3241 3524 ab
3273 3473 3380 3528 alto
3407 3490 3422 3540 ;
3452 3485 3550 3530 unt

1968 3561 1999 3601 a
2030 3547 2136 3602 line
2167 3548 2388 3603 abducit
2420 3565 2544 3606 cum
2583 3552 2960 3621 derelictione,
3001 3574 3119 3627 quae
3166 3560 3409 3618 indidem
3445 3568 3545 3634 lit;

1967 3651 2335 3697 consentanea
2367 3646 2528 3699 etiam
2555 3646 2855 3703 demutatio
2890 3651 2960 3705 ab
2985 3651 3249 3717 ejusmodi
3283 3656 3390 3710 vita
3419 3673 3552 3712 con-

1968 3746 2172 3801 gruens
2198 3733 2297 3787 vim
2321 3750 2440 3802 qua:
2469 3735 2534 3791 ad
2568 3737 2730 3793 linem
2761 3740 3042 3810 perducit;
3069 3742 3170 3798 hoc
3191 3755 3276 3800 est
3297 3753 3552 3816 praesenti

1968 3823 2113 3888 vitae,
2147 3835 2200 3881 et
2230 3829 2490 3896 peculiari
2522 3837 2642 3900 post
2676 3845 2796 3887 eam
2843 3833 2967 3888 linis
3010 3836 3284 3906 adeptioni
3337 3849 3432 3896 aut
3466 3859 3552 3898 re-

1971 3916 2138 3986 pulsae
2171 3917 2468 3976 conformis
2497 3931 2578 3976 est
2612 3931 2774 3992 atque
2806 3940 3138 3995 consonans;
3169 3931 3393 3998 perinde
3416 3949 3483 3990 ac
3502 3935 3551 3990 si

1971 4011 2025 4065 in
2061 4013 2298 4068 conlinio
2341 4029 2486 4070 esset
2535 4018 2824 4089 utriusque
2855 4025 3000 4088 vitm,
3041 4033 3105 4078 ,ει
3143 4036 3402 4097 tanquam
3447 4034 3549 4088 via;

1971 4114 2135 4174 atque
2164 4104 2287 4161 linis
2317 4108 2531 4177 copula.
2577 4109 2885 4180 Aliquando
2934 4115 3077 4169 enim
3125 4133 3247 4170 cum
3300 4120 3551 4178 interitus

1971 4193 2231 4249 omnibus
2247 4195 2318 4250 sit
2338 4198 2689 4267 conspicuus,
2715 4209 2772 4254 ut
2799 4203 2958 4258 habet
2983 4222 3040 4260 se
3061 4206 3126 4260 ad
3155 4209 3319 4262 vitam
3350 4229 3553 4266 acrum-

1972 4301 2158 4346 nosatn
2209 4296 2303 4341 aut
2353 4290 2562 4343 beatam
2620 4308 2740 4362 qua:
2797 4295 2981 4349 statim
3043 4307 3335 4368 exceptura
3392 4315 3476 4357 est
3530 4322 3544 4360 :

1971 4379 2426 4449 quemadmodum
2470 4382 2522 4436 in
2551 4385 2618 4439 iis
2651 4387 2744 4455 qui
2765 4387 2994 4455 justitiaa
3024 4406 3193 4447 causa
3225 4403 3318 4448 aut
3339 4395 3552 4463 pietatis

1971 4475 2146 4545 palam
2191 4476 2328 4530 mori
2360 4477 2600 4543 voluere,
2633 4495 2739 4534 non
2787 4481 2995 4550 absque
3045 4482 3176 4552 Deo,
3209 4497 3263 4542 et
3309 4487 3550 4559 inspira-

1975 4566 2124 4622 tione
2153 4582 2272 4635 quae
2315 4568 2601 4624 desursum
2644 4573 2826 4638 venit;
2859 4577 3005 4643 quod
3053 4578 3383 4648 martyribus
3414 4595 3550 4638 cou-

1973 4661 2142 4725 venit,
2190 4667 2355 4728 atque
2403 4663 2662 4719 omnibus
2713 4665 2807 4734 qui
2851 4682 2972 4721 cum
3015 4669 3213 4725 virtute
3241 4680 3296 4727 et
3327 4685 3550 4745 propter

1975 4751 2150 4820 ipsam
2197 4752 2538 4820 moriuntur;
2576 4756 2789 4810 tametsi
2825 4757 3110 4815 manifeste
3145 4762 3405 4832 martyrio
3440 4780 3549 4822 non

1972 4845 2403 4911 admoveantur;
2443 4845 2537 4900 sed
2574 4845 2791 4903 insidiis
2839 4859 2892 4904 et
2940 4851 3234 4909 calumniis
3285 4856 3554 4925 appetiti,

1973 4936 2084 4991 vita
2119 4935 2421 5006 spolientur
2453 4953 2469 4991 :
2498 4948 2594 4992 aut
2641 4938 2711 4995 iis
2753 4939 2846 5010 qui
2898 4941 3084 5013 fugere
3136 4945 3422 5013 mundum,
3469 4949 3558 5004 vel

1974 5027 2122 5083 cruci
2153 5039 2542 5098 congruentem
2563 5029 2838 5102 agitarent
2862 5035 3048 5102 vitam,
3076 5049 3140 5089 at:
3168 5037 3398 5092 similem
3433 5038 3556 5094 vita;

1974 5120 2181 5174 obitum
2214 5121 2613 5178 consolationis
2656 5133 2933 5194 expertem
2967 5142 2982 5180 :
3017 5141 3140 5179 cum
3176 5127 3419 5182 nonnulli
3453 5129 3557 5183 ini-

1973 5226 2141 5282 quam
2171 5212 2294 5265 vitae
2322 5213 2582 5282 degendae
2611 5215 2909 5284 mortisque
2950 5217 3246 5273 subeunda:
3286 5219 3553 5273 rationem

294 5305 556 5361 insistunt
591 5318 608 5357 :
642 5314 735 5358 aut
767 5311 974 5369 contra,
1011 5302 1080 5358 iis
1111 5302 1525 5358 convenientem
1557 5303 1649 5374 qui
1690 5304 1761 5361 ob
1790 5303 1992 5375 injusta
2027 5314 2081 5361 et
2128 5305 2398 5361 scelerata
2443 5305 2692 5363 facinora
2761 5308 2857 5363 toti
2930 5309 3176 5379 ipsorqu
3241 5309 3365 5364 vitae
3414 5324 3554 5367 con-

293 5413 567 5465 sentanea,
612 5410 1005 5470 congruentem
1065 5401 1342 5458 interitum
1399 5393 1662 5458 violenter
1713 5387 2005 5460 su-ll‘eruut.

364 5499 440 5550 Οὐ
469 5498 627 5566 μόνον
655 5483 720 5550 δὲί
740 5497 806 5566 τῇ
838 5498 1018 5566 κρίσει
1049 5497 1156 5550 τῶν
1181 5495 1484 5564 ἀνθρώπων
1513 5497 1690 5566 σαφής
1717 5497 1868 5549 ἐστιν

297 5589 330 5660 ἡ
358 5589 582 5658 τοιαύτη
610 5589 833 5659 τελευτὴ
860 5589 963 5642 ποῦ
983 5589 1324 5672 φέρειηάλλὰ
1351 5590 1463 5651 τοῖς
1496 5588 1636 5657 ὑπὲρ
1664 5589 1867 5660 ἀρετῆς

299 5698 356 5734 τε
391 5681 488 5734 καὶ
517 5681 799 5744 εὐσεϐείας
843 5680 1102 5747 θνήσκειν
1134 5682 1592 5752 προαιρουμένοις
1641 5682 1871 5752 λαμπρὰ

303 5773 396 5826 καὶ
431 5773 644 5843 ποικίλη
679 5775 712 5842 ἡ
753 5774 1002 5843 οὐράνιος
1049 5773 1399 5841 ἐπιφαίνεται
1451 5772 1747 5846 μαρτυρίαι,
1779 5780 1870 5827 καὶ

649 5870 728 5930 PA
749 5891 756 5920 τ
779 5887 920 5930 ιιοι,⁹
967 5871 1078 5930 Gn.
1135 5869 1316 5930 CLX.

2051 5495 2251 5554 Verum
2287 5515 2393 5554 non
2427 5498 2637 5566 judicio
2675 5505 2880 5554 tantum
2922 5497 3206 5553 hominum
3255 5496 3555 5553 dilucidum

1977 5601 2076 5654 est.
2105 5607 2214 5662 quo
2243 5591 2430 5646 tendat
2464 5607 2612 5648 mors
2641 5591 2908 5661 ejusmodi
2954 5605 2969 5643 :
3012 5595 3107 5647 sed
3139 5605 3235 5662 pro
3265 5589 3462 5645 virtute
3499 5597 3556 5644 et

1981 5683 2177 5753 pietate
2209 5684 2344 5736 mori
2385 5682 2754 5752 cupientibus,
2781 5685 2990 5739 clarum
3015 5692 3068 5739 et
3090 5685 3298 5741 varium
3330 5692 3557 5753 apparet

1981 5773 2200 5828 cmleste
2267 5772 2666 5844 testimonium,
2729 5786 2783 5832 et
2844 5775 3200 5832 [auxiliarium
3248 5779 3436 5834 oculos
3491 5788 3559 5836 ac

3077 5870 3154 5934 18
