4062 6410
484 297 592 359 Ξ·55

1586 298 1968 357 GENNADII
2011 298 2117 359 CP.
2165 296 2365 356 PA'l‘li
2380 297 2691 358 [ARCIIE

3661 298 3766 363 556

474 424 687 472 tuentes
717 412 980 480 percellit.
1013 411 1294 466 Interdum
1328 411 1491 465 etiam
1528 411 1730 466 multos
1757 409 1892 478 fugit
1922 424 2072 463 mor-

2178 407 2274 471 τὰς
2309 407 2418 461 τῶν
2449 409 2720 462 συνόντων
2749 408 2901 477 Mer;
2934 410 3030 463 καὶ
3055 409 3236 480 ψυχὰς
3283 410 3766 480 καταπλήττουσα.

473 508 544 564 tis
583 508 873 573 terminus,
916 515 1112 574 praeter
1153 521 1248 559 eos
1285 511 1379 573 qui
1414 504 1736 558 sustinent:
1779 503 2073 573 aliquando

471 617 541 657 nc
574 601 709 671 ipsis
740 600 959 668 quidem
996 598 1083 652 hic
1116 597 1462 667 conspicitur
1493 597 1671 654 donec
1695 607 1827 653 sunt
1869 598 1920 652 in
1954 611 2075 651 eor-

472 706 628 762 pore,
659 690 741 745 vel
780 690 910 744 dum
948 689 1113 743 etiam
1151 690 1339 758 expiat
1376 688 1632 744 interitus
1663 688 1850 744 divina
1882 688 2074 758 benig-

473 784 668 847 nitate,
727 781 773 836 si
826 781 1103 835 violentus
1156 781 1261 846 sit;
1313 779 1515 850 quibus
1561 780 1844 834 decretum
1909 778 2074 833 fuerit

471 871 721 927 sullicere
755 887 930 940 usque
963 873 1099 927 adeo
1143 871 1392 942 expiari,
1425 881 1483 925 ut
1512 869 1945 925 misericordiam
1978 868 2075 922 ob-

476 962 711 1016 tinentes
740 962 901 1015 linem
936 960 1159 1015 beatum
1194 960 1583 1015 nanciscantur
1618 978 1632 1014 :
1669 959 1754 1013 vel
1782 960 1911 1013 dum
1937 959 2073 1013 alios

414 1034 417 1037 ’
468 1050 643 1118 juvat,
676 1050 720 1105 si
752 1050 1037 1105 exordium
1073 1050 1145 1106 sit
1192 1049 1530 1105 infelicitatis
1575 1066 1695 1120 quae
1749 1050 1857 1104 illic
1881 1060 1987 1112 est,
2019 1058 2076 1103 ct

478 1144 869 1214 improbitatis,
910 1158 1033 1213 qua:
1081 1143 1170 1198 hic
1222 1153 1530 1208 exercetur,
1594 1152 1757 1211 atque
1810 1141 2072 1197 iudicium

474 1235 969 1290 animadversionis
997 1244 1221 1304 prepter
1253 1235 1455 1303 ipsam,
1507 1235 1557 1288 vi
1610 1233 1946 1300 inducatur;
1979 1241 2076 1288 aut

474 1332 845 1386 additamenta
873 1330 1105 1384 miseria:
1132 1345 1251 1399 qua:
1281 1330 1355 1383 ibi
1384 1337 1488 1396 est,
1524 1326 1668 1382 facto
1698 1328 1750 1381 in
1784 1327 2071 1398 improbis,

476 1424 520 1477 si
552 1425 761 1493 absque
801 1424 1044 1477 cruciatu
1076 1437 1222 1476 tnors
1262 1420 1426 1476 luerit
1458 1439 1471 1477 :
1518 1431 1610 1476 aut
1642 1421 1709 1477 ad
1746 1437 2072 1491 compensa-

475 1519 683 1573 tionem
715 1516 953 1584 aliquam
980 1515 1205 1586 jnstitia:
1232 1516 1322 1571 hic
1362 1524 1520 1580 actm,
1553 1515 1712 1586 quasi
1745 1515 1848 1570 alia
1884 1517 2073 1585 pravi-

475 1620 561 1665 tas
595 1611 836 1680 ipsorum
878 1609 988 1665 illic
1067 1610 1209 1677 quod
1247 1625 1346 1680 par
1390 1617 1445 1664 et
1498 1608 1778 1679 proprium
1808 1617 1893 1664 est
1922 1622 2075 1663 acce-

475 1703 611 1773 perit
635 1701 884 1771 ;ju9titia
911 1702 996 1755 hic
1022 1701 1264 1757 exhibita
1292 1702 1602 1757 viventibus
1626 1710 1679 1756 et
1704 1700 2069 1756 morientibus

2185 494 2342 548 Ἔστι
2385 495 2433 550 δ’
2461 496 2548 548 ὅτε
2593 497 2689 549 καὶ
2722 496 2976 551 λανθάνει
3013 497 3112 567 μὲν
3154 500 3280 562 τοὺς
3325 498 3557 563 πολλοὺς
3585 501 3647 563 τὸ
3674 500 3772 556 πέ-

2182 603 2283 656 ρας
2328 589 2427 657 τῆς
2461 588 2743 656 τελευτῆς,
2797 589 2936 661 πλὴν
2980 590 3161 645 αὐτῶν
3201 591 3308 645 τῶν
3356 592 3768 664 ὑφισταμένων,

2179 681 2350 733 ἐνίοτε
2385 679 2523 751 μηδὲ
2558 682 2742 746 αὐτοῖς
2781 681 3019 737 ἐνταῦθα
3058 683 3461 754 συκορώμινον,
3493 684 3600 749 ἕως
3628 685 3771 740 εἰσὶν

2177 775 2236 827 ὲν
2264 774 2341 843 τῷ
2370 772 2607 844 σώματι,
2645 776 2741 829 καὶ
2786 776 2817 847 ἢ
2855 776 3229 849 καθαιροὺσης
3275 779 3373 847 τῆς
3401 778 3663 850 τελευτῆς
3706 779 3773 833 ἐκ

2177 866 2331 932 θείας
2358 867 2775 940 φιλανθρωπίας
2813 869 2880 924 ἂν
2912 869 3087 939 βίαιος
3221 866 3303 936 οἷς
3333 873 3525 942 ἀρκεῖν
3559 873 3627 927 ἂν
3650 889 3775 938 κρι-

2178 958 2295 1030 θείη
2327 958 2580 1013 τοσοῦτον
2629 960 2975 1031 καθήρασθαι
3006 963 3143 1031 πρὸς
3186 962 3249 1016 τὸ
3283 965 3469 1034 τυχεῖν
3503 964 3769 1034 ἐλεουμέ-

2177 1066 2300 1113 νους
2336 1051 2525 1116 τέλους
2571 1052 2911 1120 εὐδαίμονος,
2956 1054 2988 1124 ἢ
3021 1054 3148 1118 τοὺς
3198 1054 3394 1118 ἄλλους
3424 1054 3767 1127 ὠφελούσης,

2178 1144 2246 1198 ἂν
2293 1144 2584 1216 προοίμιον
2622 1147 2720 1213 τῆς
2761 1149 2878 1199 ἐκεῖ
2919 1148 3373 1217 κακοδαιμονίας,
3423 1149 3519 1202 καὶ
3547 1149 3647 1218 τῆς
3682 1151 3773 1203 ὲν-

2178 1238 2352 1291 ταῦθα
2381 1239 2669 1307 πονηρίας,
2703 1240 2799 1292 καὶ
2831 1239 2901 1293 δι’
2926 1241 3097 1310 αὐτὴν
3132 1241 3485 1312 ἀποστροφῆς
3519 1240 3770 1307 ἔνδειξις,

2179 1328 2374 1399 βιαίως
2426 1330 2726 1398 ὲπάγηται,
2774 1330 2866 1383 καὶ
2896 1329 2928 1401 ἤ
2963 1332 3283 1403 προσθήκης
3328 1333 3394 1402 τῇ
3438 1332 3556 1384 ἐκεῖ
3603 1348 3774 1383 κακο-

2177 1421 2435 1494 δαιμονῖα
2462 1420 2627 1493 οὑσης
2669 1424 2727 1475 ἐν
2756 1425 2867 1485 τοῖς
2905 1427 3187 1493 πονηροῖς,
3220 1424 3285 1477 ἂν
3317 1423 3583 1485 ἁνώδυνος
3671 1440 3686 1454 ο
3730 1421 3765 1492 ἢ

2180 1514 2317 1585 πρὸς
2351 1514 2589 1585 ἀμοιῦήν
2630 1532 2750 1569 τινα
2808 1505 3156 1586 δῖκαιοσύνης
3204 1514 3442 1570 ἐνταῦθά
3491 1530 3658 1579 τινος,
3691 1514 3769 1576 ὡς

2177 1605 2244 1660 ἂν
2276 1607 2376 1676 τῆς
2408 1606 2577 1675 ἄλλης
2630 1608 2900 1677 πονηρίας
2939 1609 3121 1661 αὐτῶν
3155 1609 3274 1661 ἐκεῖ
3323 1608 3387 1660 τὸ
3418 1607 3535 1659 δέον
3569 1605 3664 1659 καὶ
3690 1605 3769 1658 οἱ·

2179 1702 2324 1753 κεῖον
2376 1700 2857 1773 προσληψομένης,
2906 1704 2940 1773 ἠ
3001 1702 3240 1755 ἐνταῦθα
3295 1701 3615 1769 δικαιοσῦνη
3669 1700 3771 1753 καὶ

477 1810 586 1849 non
645 1809 875 1865 prorsus
931 1793 1179 1848 mercede
1245 1792 1494 1849 fraudata
1543 1794 1709 1849 fuerit
1740 1812 1753 1847 :
1788 1794 2063 1849 interdum

2178 1792 2313 1854 ζῶσι
2336 1764 2432 1847 καῖ
2464 1764 2885 1867 τελέθτέῦσιίμὴ
2920 1764 3179 1862 καθάπαξ
3199 1796 3429 1867 ἄμισθος
3561 1764 3767 1849 ’ἐνίοτε

476 1888 642 1943 etiam
679 1886 1064 1943 nonnullorum
1098 1886 1353 1956 precibus
1398 1902 1599 1943 numen
1628 1887 1911 1955 elargitur.
1951 1885 2068 1942 Non

474 1981 619 2035 enim
646 1979 905 2034 omnibus
936 1994 1114 2048 neque
1140 1980 1387 2033 omnium
1423 1982 1561 2035 votis
1597 1978 1958 2049 gratiﬁcatur;
2006 1994 2071 2033 ac

474 2075 744 2130 diversam
774 2071 829 2125 in
862 2073 995 2138 ipsis
1024 2072 1145 2125 vitae
1167 2083 1375 2126 sortem
1413 2070 1679 2127 decernit.
1710 2071 1923 2125 Etenim
1947 2072 2069 2138 qui-

476 2167 597 2222 dam
629 2164 753 2219 vita:
792 2166 1000 2218 exitum
1030 2164 1218 2219 dolore
1248 2173 1529 2223 carentem
1581 2172 1636 2218 et
1665 2172 1915 2234 pacatum
1964 2163 2070 2217 sibi

475 2268 846 2329 apprecantur
873 2274 886 2312 :
911 2256 1000 2311 alii
1026 2271 1349 2327 generosum
1377 2258 1557 2327 potius
1584 2266 1637 2312 ct
1662 2257 1753 2327 qui
1786 2254 2070 2310 materiam

476 2356 613 2424 ipsis
635 2353 892 2409 exhibeat
922 2353 1206 2422 sapientiae
1239 2352 1405 2407 studii
1430 2392 1445 2417 ,
1475 2362 1528 2407 et
1570 2352 1727 2407 bona:
1762 2351 1903 2422 spei.
1933 2349 2069 2405 Nam

476 2448 561 2503 sic
596 2463 626 2501 e
658 2447 769 2501 vita
802 2444 1059 2515 migrare,
1097 2444 1185 2500 vel
1222 2459 1552 2499 coronarum
1600 2455 1956 2512 augmentum
2008 2443 2074 2497 iis

475 2538 578 2611 .qnl
615 2540 865 2605 honeste,
900 2538 1070 2607 probe
1105 2538 1300 2607 pieque
1327 2518 1623 2591 admodum
1666 2536 1941 2602 vixerunt,
1973 2545 2069 2590 aut

474 2632 841 2705 expiationem
874 2631 1168 2702 perfectam
1200 2630 1717 2696 absolutionemque
1740 2628 2070 2709 omnisrea-

485 2739 574 2783 tus
609 2725 678 2781 iis
709 2725 802 2795 qui
840 2724 976 2795 lapsi
1003 2734 1153 2790 sunt,
1184 2736 1505 2793 comparare
1533 2730 1741 2776 certum
1771 2730 1880 2775 est.
1923 2720 2070 2776 Sub-

475 2822 756 2877 ntinistrat
788 2830 975 2875 autem
1009 2819 1194 2875 divino
1217 2818 1363 2873 circa
1404 2818 1655 2887 quemvis
1686 2815 1917 2885 judicio,
1953 2826 2068 2871 tum

478 2910 735 2966 diversus
763 2908 889 2962 vitat
922 2915 1120 2974 status,
1167 2908 1304 2962 ordo
1335 2916 1389 2960 et
1433 2908 1772 2977 propositum
1794 2949 1807 2972 ,
1844 2908 1898 2962 in
1936 2924 2073 2963 uno-

474 3017 717 3071 quoque,
749 3009 866 3053 tum
896 2999 1183 3055 electionis
1205 2998 1609 3067 voluntatisque
1638 3015 1831 3055 rursus
1862 2999 1915 3053 in
1950 3000 2071 3069 plu-

479 3097 664 3162 ribus,
690 3105 746 3150 et
762 3094 975 3150 ordinis
994 3093 1405 3159 communione,
1427 3094 1492 3147 ad
1511 3093 1784 3147 diversum
1810 3094 1864 3147 in
1883 3094 2073 3161 singu-
2101 3117 2144 3176 ο

475 3188 568 3252 lis,
593 3195 649 3240 et
678 3186 929 3243 eumdem
973 3188 1025 3240 in
1062 3184 1310 3255 pluribus
1343 3186 1462 3240 vitae
1491 3199 1775 3240 excessum
1810 3185 2075 3241 delinien-

477 3283 636 3337 dum.
672 3279 1001 3349 Eeqnmnam
1038 3292 1204 3349 porro
1255 3293 1411 3333 meus
1458 3277 1592 3332 satis
1632 3278 1829 3332 virium
1860 3285 1917 3332 et
1944 3292 2076 3333 acu-

476 3375 643 3429 minis
696 3373 965 3435 haberet,
1017 3371 1084 3426 ad
1136 3369 1407 3424 inlinitam
1459 3368 1551 3425 Dei
1604 3370 2072 3438 dispensationem

478 3465 916 3536 investigandam
950 3464 1001 3519 iu
1045 3463 1313 3533 ejusmodi
1355 3464 1519 3518 rebus
1549 3478 1579 3518 e
1614 3464 1789 3518 sacris
1816 3464 2073 3534 'eloquiis

477 3574 544 3614 ac
568 3558 769 3614 divinis
797 3557 936 3614 actis
985 3555 1343 3625 colligendam
1364 3555 1388 3609 ?
1406 3554 1874 3622 Quemadmodum
1909 3556 2076 3626 igitur

479 3650 901 3721 sapientissima
938 3658 992 3704 et
1022 3649 1205 3702 divina
1240 3648 1649 3703 administratio
1696 3648 1843 3702 circa
1882 3649 2074 3704 mortis

479 3742 702 3797 modum
734 3751 839 3805 est,
863 3741 1013 3811 juxta
1042 3739 1402 3796 Providentiae
1423 3739 1599 3808 ipsius
1625 3740 2071 3795 constitutionem

472 3835 538 3888 in
571 3847 904 3903 unoquoque
932 3832 1215 3887 hominum
1254 3846 1269 3884 :
1312 3831 1396 3886 sic
1436 3832 1601 3886 etiam
1644 3831 1790 3886 circa
1823 3847 2077 3887 commu-

479 3921 707 3977 tat-iouis
739 3932 951 3991 tempus
975 3920 1252 3976 diversam
1277 3930 1332 3976 et
1359 3921 1568 3975 variam
1600 3921 2071 3991 dispensatimrem

475 4014 717 4068 divinam
752 4015 933 4069 videre
965 4022 1068 4068 est.
1111 4011 1244 4068 Nam
1276 4014 1345 4068 iis
1376 4014 1470 4084 qui
1504 4014 1555 4067 in
1581 4013 1870 4085 juventute
1904 4016 2072 4070 vitam

481 4123 606 4162 cum
641 4117 817 4163 morte
843 4116 1207 4171 commutant,
1242 4106 1352 4161 vita
1379 4106 1636 4176 eripitur,
1666 4120 1734 4161 eo
1768 4106 1910 4175 quod
1938 4116 2076 4160 tem-

480 4200 631 4270 poris
670 4199 991 4255 accessione
1022 4199 1198 4254 virtus
1231 4208 1286 4253 et
1321 4199 1681 4269 intelligentia
1716 4200 1958 4268 ipsorum
1988 4201 2041 4254 in
2062 4231 2075 4243 ο

482 4305 826 4349 cretnentum
853 4301 1144 4362 acceptura
1175 4307 1283 4345 non
1320 4300 1505 4358 esset;
1550 4292 1645 4346 sed
1682 4293 1735 4346 iu
1770 4292 1923 4362 pejus
1955 4309 2074 4347 mu-

478 4393 682 4439 tatnra.
736 4385 875 4440 Aliis
919 4385 1028 4438 vita
1082 4394 1432 4453 prorogatur,
1486 4386 1579 4450 qui
1630 4399 1895 4439 concessa
1948 4385 2073 4439 vitae

2174 1885 2231 1938 δὲ
2268 1887 2362 1940 καὶ
2393 1887 2583 1958 εὐχαῖς
2634 1906 2794 1942 τινων
2827 1892 3188 1960 χαριζόμενον
3234 1889 3294 1943 τὸ
3346 1878 3510 1953 θεῖοῆ
3564 1890 3625 1943 οὑ
3655 1890 3768 1959 γὰρ

2176 1978 2378 2040 πάσαις
2408 1978 2530 2030 οὑδὲ
2562 1979 2782 2031 πάντων
2811 1981 3123 2050 χαρίζεται,
3152 1982 3253 2052 τὴν
3290 1982 3549 2051 διάφορον
3580 1985 3638 2035 ἐν
3665 1983 3766 2034 αὑ-

2174 2070 2287 2132 τοῖς
2317 2070 2411 2122 τοῦ
2447 2068 2565 2139 βίου
2592 2072 2893 2142 ψηφίζεται
2920 2073 3094 2143 λῆξιν.
3124 2077 3187 2128 Ol
3221 2076 3323 2145 μὲν
3356 2077 3464 2145 γὰρ
3489 2076 3769 2130 ἀνώδυνον

2176 2162 2272 2214 καὶ
2324 2163 2599 2233 εἰρηνικὸν
2648 2167 2833 2229 αὑτοῖς
2881 2166 3134 2236 εὔχονται
3182 2167 3244 2222 τὸ
3305 2168 3399 2221 τοῦ
3456 2167 3574 2238 βίου
3609 2168 3768 2231 τέλος

2177 2254 2444 2326 ὑπάρξειν
2470 2271 2486 2285 ο
2517 2258 2567 2310 oi
2611 2257 2666 2311 δὲ
2704 2259 2950 2327 γενναῖον
3007 2258 3232 2328 μᾶλλον,
3269 2261 3366 2315 καὶ
3409 2259 3546 2331 ὓλην
3574 2261 3767 2324 αὐτοῖς

2179 2350 2419 2419 παρέχον
2447 2348 2764 2419 φιλοσοφίας
2799 2352 2893 2405 καὶ
2926 2351 3139 2408 εὔελπι.
3173 2352 3247 2407 Τὸ
3276 2354 3387 2424 γὰρ
3420 2353 3563 2408 οὑτω
3591 2371 3766 2424 μετα-

2178 2441 2372 2509 στῆναι
2417 2441 2511 2495 τοῦ
2558 2442 2676 2512 βίου
2712 2444 2745 2514 ἢ
2787 2445 3070 2514 στεφάνων
3106 2445 3426 2516 προσθήκην
3454 2448 3565 2510 τοῖς
3596 2448 3766 2516 ἀκρι-

2179 2530 2288 2594 ϐῶς
2322 2529 2670 2601 βεϐιωκόσιν,
2707 2534 2739 2604 ἢ
2772 2534 3044 2605 κάθαρσιν
3076 2538 3295 2591 τελείαν
3328 2540 3421 2592 καὶ
3463 2537 3617 2590 λύσιν
3646 2540 3768 2591 ἐνοο

2176 2622 2280 2692 χῆς
2310 2624 2531 2695 ἀπάσης
2564 2629 2677 2690 τοῖς
2717 2628 3060 2693 ἐπναικόσιν,
3091 2628 3296 2683 οἴδασιν
3335 2632 3418 2683 δν.
3458 2629 3768 2702 ’Υπουργεῖ

2177 2714 2236 2768 δὲ
2262 2718 2327 2785 τῇ
2367 2717 2489 2788 θείᾳ
2540 2720 2670 2788 περὶ
2705 2720 2938 2774 ἕκαστον
2990 2723 3172 2793 κρῗσει
3213 2724 3247 2794 ἦ
3279 2740 3336 2775 τε
3376 2724 3630 2795 διάφορος
3669 2724 3767 2778 τοῦ

2179 2807 2297 2879 βίου
2333 2810 2487 2874 τάξις
2517 2826 2577 2864 τε
2605 2813 2699 2865 καὶ
2750 2814 3067 2883 προαίρεσις
3099 2817 3157 2869 ἐν
3200 2817 3438 2885 ἑκάστῳ,
3474 2820 3566 2871 καὶ
3599 2819 3632 2887 ἡ
3664 2817 3767 2885 τῆς

2178 2903 2553 2973 προαιρέσεως
2576 2900 2645 2958 αὖ
2678 2907 2734 2959 ἐν
2759 2907 2970 2961 πλείοσι
2996 2910 3086 2962 καὶ
3115 2912 3215 2980 τῆς
3246 2910 3453 2973 τάξεως
3484 2891 3765 2977 χοι-ωνία,

2177 2995 2313 3064 πρὸς
2345 2995 2405 3047 τὸ
2442 2996 2699 3065 διάφορον
2733 3002 2793 3052 ὲν
2834 3000 3110 3065 ἑκάστοις,
3143 3002 3176 3073 ἢ
3209 3003 3269 3056 τὸ
3295 3003 3427 3057 αὑτὸ
3455 3007 3514 3057 ὲν
3546 3005 3767 3068 πολλοῖς

2177 3087 2239 3139 τὸ
2267 3087 2366 3158 τῆς
2396 3086 2542 3159 ζωῆς
2575 3088 2857 3158 ὁρίζεσθαι
2890 3093 3065 3155 τέλος.
3118 3095 3227 3147 Καὶ
3258 3098 3411 3157 ποῖος
3441 3094 3509 3149 ἂν
3540 3096 3767 3165 ἐξαρκέ-

2183 3196 2297 3233 σειε
2327 3179 2451 3245 νοῦς
2499 3183 2599 3253 τὴν
2632 3183 2860 3254 ἄπειρον
2890 3187 3196 3255 ἀνιχνεύειν
3244 3186 3340 3239 τοῦ
3373 3186 3520 3241 θείου
3559 3191 3766 3241 οίκονο-

2184 3272 2313 3342 μίαν
2341 3276 2400 3329 ὲν
2425 3276 2536 3339 τοῖς
2563 3275 2828 3338 τοιούτοις
2860 3278 2925 3330 ἐκ
2951 3277 3058 3330 τῶν
3080 3278 3240 3332 θείων
3257 3278 3296 3331 Γ
3303 3279 3511 3348 ραφῶν,
3542 3281 3770 3335 καὶτῶν

2179 3362 2339 3419 θείων
2381 3365 2562 3436 ἔργων
2615 3366 3053 3438 συλλεγομένην;
3112 3370 3325 3440 Ὥσπερ
3373 3370 3466 3426 οὖν
3492 3374 3642 3445 -περὶ
3673 3373 3768 3427 τὸν

2176 3459 2381 3529 τρόπον
2410 3459 2511 3523 τῆς
2559 3459 2817 3527 τελευτῆς
2851 3461 3223 3531 ποικιλωτάτη
3272 3466 3369 3515 καὶ
3412 3464 3686 3532 πάνσοφος
3734 3466 3766 3535 ὴ

2180 3552 2298 3604 θεία
2327 3552 2632 3621 οἰκονομία,
2664 3553 2808 3607 κατὰ
2835 3552 2933 3623 τὴν
2963 3554 3048 3625 ἐφ’
3081 3555 3298 3627 ἑκάστῳ
3320 3556 3431 3609 τῶν
3460 3557 3769 3628 ἀνθρώπων

2177 3644 2277 3713 τῆς
2325 3647 2492 3699 αὖτοῦ
2525 3647 2793 3717 Προνοίας
2852 3648 3098 3714 διάταξιν
3126 3667 3139 3680 ·
3178 3649 3321 3704 οὑτω
3371 3651 3463 3704 καὶ
3505 3654 3635 3722 περὶ
3676 3653 3768 3704 τὸν

2178 3735 2372 3805 χρόνον
2393 3735 2496 3805 τῆς
2531 3739 2924 3805 μεταστάσεως
2969 3739 3228 3810 διάφορον
3257 3741 3352 3794 καὶ
3383 3743 3635 3815 ποικίλην
3669 3745 3769 3814 τὴν

2180 3827 2332 3881 θείαν
2360 3829 2679 3899 οἰκονομίαν
2720 3830 2872 3885 ἐςτιν
2905 3834 3060 3905 ὀρᾷν.
3092 3835 3157 3887 Ol
3196 3837 3296 3904 μὲν
3329 3836 3436 3905 γὰρ
3467 3840 3526 3889 ὲν
3551 3838 3768 3908 νεότητι

2183 3920 2544 3990 μεθίστανται
2574 3924 2673 3994 τῆς
2701 3924 2846 3994 ζωῆς
2875 3929 3079 3995 ταύτης
3110 3928 3505 3999 ἁρπαζόμενοι,
3540 3930 3612 3992 ὡς
3663 3932 3768 3996 τῆς

2178 4012 2287 4063 τῶν
2339 4013 2549 4081 χρόνων
2600 4014 2923 4086 προσθήκης
2964 4017 3026 4069 οὑ
3057 4017 3156 4087 τὴν
3203 4020 3406 4089 ἀρετὴν
3455 4020 3638 4074 αὑτῶν
3672 4022 3771 4074 καὶ

2178 4104 2277 4173 τὴν
2308 4104 2527 4158 σύνεσιν
2555 4106 2741 4170 αὔξειν
2772 4107 3096 4179 μελλούσης,
3121 4112 3257 4165 ἀλλὰ
3285 4113 3648 4181 μεταϐάλλειν
3675 4116 3772 4172 ἐπὶ

2178 4199 2238 4250 τὸ
2296 4200 2476 4267 χεῖρον
2502 4214 2515 4228 ⁸
2553 4201 2617 4251 -οἱ
2652 4200 2710 4253 δὲ
2766 4202 3176 4272 συγχωροῦνται
3220 4205 3320 4274 ζῇν
3352 4209 3417 4275 τῇ
3472 4209 3569 4275 τῆς
3620 4207 3771 4276 ζωῆς

2180 4290 2491 4362 προσθήκῃ,
2556 4292 2923 4362 προκόψοντες
2969 4295 3062 4349 ἐπὶ
3113 4297 3374 4365 τάγαθὸν,
3423 4298 3518 4351 καὶ
3570 4299 3771 4365 ἄλλους

2178 4379 2555 4449 ὠφελήσοντες
2588 4383 2666 4453 τῷ
2706 4384 2827 4436 καθ’
2860 4385 3087 4448 ἑαυτοὺς
3120 4387 3506 4457 ὑποδείγματι,
3548 4390 3580 4460 ἢ
3614 4392 3774 4444 τούν-

478 4492 667 4542 ιιειιιιι,
710 4491 939 4545 magnos
984 4477 1037 4528 in
1084 4476 1227 4529 bono
1282 4475 1560 4543 profectus
1621 4475 1840 4544 facturi,
1898 4486 2067 4547 atque

2178 4474 2387 4539 αντίον,
2412 4470 2553 4525 ὥστε
2593 4475 2690 4545 τῆς
2720 4475 2831 4529 τῶν
2859 4477 3115 4549 πατέρων
3165 4480 3443 4550 ἁμαρτΐας
3474 4481 3775 4551 μέλλοντας

470 4569 604 4622 aliis
633 4566 906 4636 profuturi
938 4575 1068 4621 sunt
1111 4566 1363 4635 exemplo
1413 4582 1518 4620 suo
1555 4583 1569 4621 :
1601 4566 1683 4621 vel
1717 4583 1780 4621 ex
1810 4567 2064 4631 adrerso,

472 4660 605 4726 quia
633 4657 875 4712 futurum
901 4665 1047 4711 esset
1074 4665 1137 4711 ut
1169 4665 1453 4724 parentum
1487 4659 1693 4727 peccati
1719 4658 1912 4713 ﬁerent
1945 4675 2071 4726 par-

478 4750 692 4818 ticipes,
728 4763 792 4802 ac
818 4747 1027 4818 ﬂagitii,
1055 4763 1245 4803 eorum
1278 4763 1469 4817 poenas
1503 4748 1597 4804 hic
1628 4749 1860 4805 luerent.
1898 4751 2073 4806 Imbe-

477 4842 705 4897 cillitate
740 4855 867 4895 vero
904 4849 958 4895 et
987 4842 1236 4909 corporis
1273 4841 1477 4895 morbis
1506 4843 1699 4896 vexati'
1732 4841 2068 4917 afﬂiguntur,

476 4941 533 4987 et
562 4941 791 4986 mortem
820 4931 1045 4997 obeunt,
1080 4931 1327 5000 plerique
1366 4933 1569 5001 quibus
1600 4948 1750 4988 mors
1775 4945 1902 4988 ante
1923 4935 2067 4988 diem

477 5024 820 5087 conceditur,
855 5033 913 5078 ιιι
945 5034 1125 5079 errata
1156 5024 1361 5080 leviora
1401 5025 1622 5080 interitu
1651 5025 2067 5080 condouentnr:

462 5130 534 5175 -at
564 5119 752 5173 vivunt
776 5118 997 5188 quidam
1034 5118 1224 5188 utique
1256 5116 1466 5173 diutius
1520 5128 1579 5172 ιιι
1624 5119 1957 5187 plurimum,
2002 5117 2069 5173 ad

468 5227 638 5265 usum
674 5222 727 5266 et
752 5214 957 5265 bonum
991 5210 1265 5281 publicum
1294 5210 1418 5264 :alii
1461 5219 1654 5266 contra
1676 5211 1739 5264 ad
1771 5210 2068 5279 perniciem
2115 5198 2123 5206 ’

479 5302 711 5372 reipubl.
747 5318 873 5358 cum
908 5303 1055 5371 digni
1111 5302 1222 5358 sint
1270 5303 1492 5371 utrique
1548 5317 1562 5354 :
1614 5298 1669 5353 hi
1704 5302 1923 5368 quidem
1974 5302 2070 5372 qtti

476 5395 919 5453 subministrent.
951 5394 1023 5447 illi
1056 5404 1237 5447 autem
1268 5392 1357 5460 qui
1390 5392 1573 5446 divina
1600 5391 1943 5460 benignitate
1975 5410 2072 5461 po-

477 5492 705 5548 ttantur,
748 5493 841 5537 aut
868 5498 1056 5537 aversa
1081 5497 1112 5536 a
1155 5483 1263 5537 Deo
1289 5489 1493 5538 mente.
1526 5481 1815 5536 Excedunt
1846 5499 2010 5551 porro
2040 5500 2070 5539 c

475 5577 584 5628 vita
611 5576 676 5628 ad
714 5577 1002 5630 utilitatem
1049 5583 1197 5630 certe
1245 5588 1402 5628 suam
1439 5574 1701 5639 celerius,
1750 5575 1845 5630 sed
1873 5591 2070 5634 eorum

478 5668 679 5721 damno
718 5667 918 5736 quibus
952 5666 1170 5721 illorum
1200 5666 1307 5720 vita
1336 5665 1710 5721 emolumento
1740 5678 1877 5732 erat,
1923 5681 2072 5738 post-

474 5773 643 5826 quam
688 5758 898 5829 indigni
937 5760 1051 5828 ipsa
1099 5757 1323 5814 iud:cati
1387 5756 1611 5816 iuerint.
1661 5759 1737 5814 Ex
1779 5760 1843 5817 iis
1876 5772 2060 5819 autent

2184 4565 2429 4633 γίνεσθαι
2482 4569 2799 4631 κοινωνοὺς,
2835 4570 2941 4622 καῖ’
2961 4571 3062 4640 τὴν
3108 4573 3206 4641 τῆς
3234 4573 3514 4643 ἁμαρτίας
3545 4575 3775 4631 ἐκείνων

2179 4658 2337 4728 δίκην
2365 4660 2588 4729 ὑπέχειν
2616 4661 2872 4717 ἐνταῦθα.
2908 4646 2970 4717 Οἱ
2995 4665 3049 4717 δὲ
3083 4664 3436 4729 ἀσθενοῦντες
3462 4668 3557 4721 καὶ
3586 4669 3776 4740 ἁρῥω-

2183 4748 2435 4812 στοῦντες
2486 4752 2864 4806 κακοπαθοῦσι
2909 4755 3005 4808 καὶ
3041 4756 3370 4825 θνήσκουσιν
3400 4758 3603 4826 ἱκανοὶ,
3629 4755 3713 4822 οἷς
3741 4762 3775 4830 ἡ

2156 4842 2406 4912 ⁴τελευτὴ
2439 4844 2535 4897 καὶ
2569 4847 2675 4916 πρδ
2707 4845 2856 4915 ὥρας
2884 4852 3250 4919 συγχωρεῖται
3280 4868 3294 4883 ο
3324 4849 3466 4904 ὥστε
3496 4853 3566 4905 τά
3591 4853 3706 4921 ἅμα
3719 4871 3777 4925 ρ-

2180 4937 2401 5004 τήματα
2429 4937 2540 4990 τῶν
2590 4940 2935 5011 κουφοτέρων
2968 4941 3097 4995 ὄντα
3129 4945 3195 5013 τῇ
3234 4944 3459 5015 τελευτῇ
3512 4945 3777 5000 διαλύσα·

2183 5026 2334 5082 σθαι.
2387 5028 2493 5081 Καὶ
2543 5029 2677 5093 ζῶσι
2720 5032 2820 5100 μέν
2875 5049 3018 5096 τινες
3049 5035 3142 5087 ἐπὶ
3191 5035 3356 5088 πλέον
3402 5037 3775 5104 κοινωφελῶς,

2181 5117 2332 5171 ἄλλοι
2361 5119 2418 5172 δὲ
2448 5120 2761 5175 τούναντίον
2814 5125 3203 5190 κοινοόλαϐῶς,
3234 5127 3398 5192 ἀξίων
3415 5128 3597 5204 ⁹ὄντων
3645 5132 3780 5186 ἑκα-

2180 5212 2355 5281 τέρων
2384 5212 2492 5265 τῶν
2544 5215 2645 5284 μὲν
2702 5217 3020 5285 ὑπουργεῖν.
3068 5218 3180 5272 τῶν
3240 5222 3296 5273 δὲ
3346 5221 3643 5276 ἀπολαύειν
3675 5225 3778 5291 τῆς

2182 5304 2332 5368 θείας
2384 5307 2760 5381 εὑμενείας,ἢ
2815 5311 2915 5379 τῆς
2967 5312 3120 5375 θείας
3169 5315 3550 5386 ἀποστροφῆς.
3603 5317 3777 5371 Μεθί-

2182 5413 2406 5451 στανται
2434 5398 2491 5451 δέ
2518 5417 2664 5465 τινες
2711 5403 2869 5468 αὖθις
2899 5405 2983 5457 ἐπ’
3019 5404 3393 5478 ὠφελείᾳομὲν
3426 5408 3639 5461 ἑαυτῶν
3675 5412 3777 5465 τά·

2182 5505 2320 5557 χιον,
2358 5490 2638 5562 ζημίᾳθὲ
2690 5494 2801 5546 τῶν
2834 5497 2898 5548 ἐκ
2950 5498 3049 5565 τῆς
3098 5496 3323 5551 ἐκείνων
3371 5500 3776 5568 ὠφελουμένων

2181 5577 2351 5647 ζωῆς,
2379 5583 2600 5637 ἐπειδὰν
2631 5585 2803 5656 αὐτῆς
2833 5588 3105 5656 κριθῶσιν
3137 5592 3274 5656 άνάξ
3300 5609 3371 5644 οι.
3407 5592 3529 5644 Τῶν
3557 5591 3602 5643 δ’
3638 5594 3772 5645 ἑαυ-

2179 5674 2294 5736 τοῖς
2330 5675 2514 5741 μόνοις
2533 5677 2628 5730 καὶ
2648 5678 2768 5748 Θεῷ
2799 5679 3020 5744 ζώντων
3066 5683 3248 5747 ἄλλοις
3278 5684 3346 5737 δι’
3379 5685 3540 5748 άλλας
3569 5685 3718 5737 αἰτία
3740 5706 3772 5750 ·,

2181 5764 2495 5838 ὠφελίμους
2533 5771 2741 5841 αὐτοῖς,
2769 5775 2802 5843 ἡ
2858 5773 2969 5845 ζωὴ
3018 5777 3358 5847 μακρύνεται
3395 5777 3427 5849 ἢ
3476 5778 3776 5848 συντέμνε-
