4062 6414
282 380 397 448 δὸτ

1249 376 1369 435 ΕΡὶ
1384 374 1624 434 STOLA
1664 372 1769 432 DE
1817 373 1912 431 Pii
1926 371 2598 437 .EDES’HNATIONE.

3453 373 3557 437 55.8

272 508 383 556 ται,
414 488 512 545 καὶ
561 484 929 561 προδηλοῦταί
962 504 1026 554 γε
1068 487 1284 550 πολλοῖς
1314 487 1515 555 αὐτῶν,
1544 488 1640 542 καὶ
1683 485 1865 550 ἄλλοις

1984 485 2064 556 tui
2112 487 2353 556 sibiipsis
2385 494 2596 541 tantum
2647 495 2701 542 et
2734 487 2846 544 Deo
2879 488 3093 557 vivunt,
3125 488 3405 546 nonnullis
3433 505 3567 560 pro-

275 586 402 653 περὶ
451 583 634 636 αὐτῶν
668 580 1055 651 προδηλοῦτκι.
1086 581 1199 635 Καὶ
1238 579 1380 634 οὕτω
1428 583 1506 650 τῷ
1543 582 1732 650 τρόπῳ
1759 579 1860 648 τῆς

273 675 530 744 τελευτῆς
565 677 592 726 ὁ
619 674 819 743 χρόνος
846 673 1019 742 αὐτῆς
1044 674 1101 724 ὲν
1131 672 1210 744 τῷ
1239 672 1505 741 πανσόφῳ
1527 690 1590 725 πε
1602 673 1655 742 ρὶ
1677 671 1861 724 αὐτῶν

276 767 492 838 συνᾴδει
542 766 837 837 θελήματι,
900 767 978 830 ὡς
1029 768 1200 820 ἐνίοτε
1245 766 1344 835 μὲν
1398 767 1493 819 καὶ
1542 767 1654 827 τοῖς
1683 762 1868 827 καλῶς

275 859 770 927 ἐπισκεπτομένοις
800 858 1032 929 ὁρᾶσθαι
1057 858 1345 921 δύνασθαι,
1378 858 1475 911 καὶ
1502 856 1705 927 μᾶλλον
1732 857 1871 909 ἀπο.

273 952 640 1013 καλύπτοντος
695 950 790 1003 τού
823 950 979 1016 Θεοῦ,
1027 951 1088 1004 τὸ
1117 951 1174 1005 δὲ
1216 950 1469 1004 πλεῖστον
1517 949 1595 1020 τῷ
1624 947 1743 1020 Θεῷ
1772 948 1873 1020 μὲν

276 1045 568 1113 ἐγνῶσθαι,
604 1043 816 1107 πάντας
847 1043 903 1095 δὲ
941 1043 1226 1098 λανθάνειν
1255 1041 1603 1114 ἀνθρώπους.

1974 589 2092 649 pter
2139 580 2276 636 alias
2318 595 2515 636 causas
2562 581 2695 650 ipsis
2742 583 2906 639 utiles
2938 584 3051 638 vita
3104 584 3450 654 producitur,
3482 584 3567 641 vel

1973 672 2269 740 corripitur
2309 688 2323 725 :
2367 687 2432 729 ac
2461 674 2785 743 prmsagitur
2826 691 2958 731 sane
2991 677 3263 747 plerisque
3291 676 3563 747 ipsorum,

1975 772 2143 834 atque
2167 764 2289 819 aliis
2314 765 2381 819 de
2416 766 2549 835 ipsis
2581 768 3055 838 przesignitieatur.
3087 766 3276 839 Itaque
3307 769 3567 824 interitus

1978 857 2188 927 generi,
2223 867 2437 928 tempus
2474 859 2650 928 ipsius
2687 860 2740 913 in
2775 859 3182 929 sapientissimo
3227 860 3296 915 de
3331 869 3567 930 utroque

1981 951 2258 1005 voluntate
2289 938 2532 1007 concinit
2561 959 2587 1018 ;“
2609 951 2748 1007 adeo
2781 960 2840 1007 ut
2887 952 3184 1020 aliquando
3226 953 3392 1007 etiam
3447 952 3572 1022 pul-

1980 1043 2112 1097 ehre
2165 1044 2613 1126 inspectantibus
2641 1045 2811 1101 videri
2841 1045 3034 1115 possit,
3062 1044 3157 1099 sed
3197 1045 3369 1099 multo
3399 1044 3574 1115 magis

277 1139 546 1194 revelante
593 1137 706 1192 Deo
743 1156 756 1193 :
791 1148 857 1192 ut
904 1137 1200 1209 plurimum
1250 1146 1433 1192 autem
1491 1136 1600 1192 Deo
1647 1136 1873 1206 quidem
1924 1146 2220 1207 utrumque
2274 1151 2641 1210 perSpectum.
2710 1149 2830 1205 est,
2881 1154 3077 1196 omnes
3125 1154 3257 1195 vero
3313 1139 3567 1195 homines

272 1231 422 1287 latet.

350 1323 572 1379 Τούτων
608 1323 867 1378 ἁπάντων
894 1326 952 1377 αἱ
986 1324 1132 1394 ἱεραὶ
1164 1324 1400 1395 ἱστορίαι
1446 1324 1673 1394 πλήρεις
1705 1325 1863 1378 εἰσίν.

273 1418 341 1471 Ai
393 1418 503 1472 τῶν
553 1418 812 1487 Πατέρων
855 1406 1154 1488 διακρίσεις
1200 1415 1309 1470 τῶν
1368 1416 1552 1485 ἱερῶν,
1587 1419 1647 1468 οὐ
1688 1416 1868 1486 μάτην

277 1510 798 1581 συγγεγραμμέναι,
838 1509 899 1563 οὐ
956 1510 1137 1579 μάτην
1184 1509 1721 1577 ἀναγινωσκόμεναι,
1750 1509 1869 1569 τοῖς

277 1586 416 1678 μετὰ
439 1606 538 1674 τῆς
560 1603 819 1671 ἀληθείας
843 1600 981 1672 ὁμοῦ
1024 1603 1118 1655 καὶ
1145 1602 1246 1671 τῆς
1278 1600 1490 1655 ἑαυτῶν
1514 1601 1864 1670 φροντίζουσι

281 1698 579 1767 σωτηρίας.
629 1694 770 1748 Ἀλλ’
815 1693 843 1747 ὃ
880 1693 1070 1762 μεῖζόν
1120 1694 1262 1758 ἑστι,
1306 1693 1511 1748 τούτων
1545 1692 1860 1764 ἁπάντωνή

284 1791 406 1845 θεία
432 1791 593 1858 γέμει
616 1789 655 1842 Γ
661 1789 831 1859 ραφὴ,
862 1787 1073 1853 λέξεσιν
1093 1788 1307 1853 αὐταῖς,
1335 1784 1371 1841 ἃ
1394 1784 1491 1840 νῦν
1519 1800 1859 1856 γεγραπται,

283 1881 599 1949 βεϐαιοῦσα,
647 1883 697 1934 εἰ
744 1882 838 1934 καὶ
875 1882 1171 1949 συντομίας
1204 1878 1367 1950 χάριν
1401 1879 1502 1942 τὰς
1532 1879 1620 1947 ἐφ’
1648 1878 1866 1945 ἑκάστῳ

1984 1883 2141 1946 liunt,
2179 1898 2300 1950 qua:
2340 1897 2486 1936 nunc
2524 1883 2726 1952 scripta
2780 1891 2911 1937 sunt

279 1975 491 2029 τούτων
534 1975 592 2042 ἐξ
622 1974 793 2040 αὐτῆς
826 1973 1161 2044 παρήκαμεν
1197 1972 1527 2044 μαρτυρίας.
1562 1971 1686 2027 Οὐδ’
1730 1971 1868 2041 αὐτὴ

280 2070 490 2131 πάντας
522 2069 726 2136 ἱστορεί
769 2066 895 2127 τοὺς
928 2065 1187 2136 τρόπους,
1240 2065 1527 2136 ἀμήχανον
1551 2065 1661 2134 γάρ
1685 2081 1701 2098 ο
1732 2064 1872 2118 ἀλλὰ

281 2160 503 2231 βραχεῖς
556 2176 708 2221 τινας
738 2157 985 2223 τούτους,
1018 2160 1096 2219 ὡς
1144 2156 1212 2210 ἂν
1271 2155 1331 2221 ἑξ
1376 2156 1559 2209 αὐτῶν
1615 2156 1713 2209 καὶ
1745 2157 1874 2225 περὶ

277 2254 391 2307 τῶν
425 2249 831 2321 ἀγνοουμένων,
863 2249 940 2312 ὡς
993 2249 1395 2320 σιωπωμένων,
1430 2248 1657 2319 βεὸαἵαν
1707 2252 1870 2318 ἡμεῖς

282 2345 386 2415 τὴν
415 2344 544 2414 περὶ
571 2343 668 2413 τῆς
703 2341 965 2413 Προνοίας
997 2341 1215 2411 ἔχωμεν
1245 2342 1462 2409 atoma,-
1483 2343 1550 2412 ἢν
1579 2343 1640 2394 οὐ
1672 2358 1876 2409 γεννω-

284 2434 463 2504 μένων
500 2433 666 2502 μόνον
708 2433 867 2503 ἡμῶν
896 2437 993 2486 καὶ
1023 2431 1265 2496 ζώντων,
1297 2431 1437 2485 ἀλλὰ
1482 2432 1576 2485 καὶ
1608 2432 1871 2499 μεθιστα-

288 2527 469 2596 μένων
509 2525 758 2579 ὲντεῦθεν
795 2526 1055 2589 ποιεῖται,
1103 2524 1178 2587 ὡς
1206 2525 1274 2595 τῇ
1314 2522 1436 2594 θείᾳ
1491 2525 1704 2594 πρέπον
1729 2524 1879 2575 ἐστὶν

288 2617 420 2687 ἀξίᾳ
466 2616 563 2669 καὶ
596 2615 895 2683 ἀγαθότητι
937 2614 1034 2668 καὶ
1087 2613 1271 2683 σοφίᾳ.
1326 2614 1548 2669 Μᾶλλον
1579 2614 1635 2666 δὲ
1681 2614 1879 2667 ταυτόν

285 2711 406 2762 ἐστι
459 2708 522 2761 τὸ
574 2706 795 2769 ζώντων
843 2706 1003 2777 ἡμῶν
1047 2706 1322 2776 προνοεῖν,
1366 2705 1463 2758 καὶ
1511 2706 1570 2756 τὸ
1598 2705 1746 2768 τέλος
1780 2704 1880 2772 τῆς

287 2801 436 2869 ζωῆς
467 2802 654 2854 ὁποῖον
685 2798 837 2851 ἔσται
885 2799 981 2852 καὶ
1027 2798 1113 2851 ὅτε
1171 2797 1248 2867 μὴ
1283 2797 1540 2863 καθάπαξ
1581 2798 1879 2869 ὐπερορᾷν.

291 2895 359 2947 Ὀ
394 2894 493 2962 τῆς
543 2890 777 2945 ἐνταῦθα
816 2890 963 2960 ζωῆς
996 2890 1142 2960 ὅρος,
1170 2888 1268 2942 καὶ
1315 2888 1512 2960 πέρας,
1549 2890 1645 2943 καὶ
1696 2889 1881 2959 κρίσις

281 2987 406 3041 ἑστι
435 2985 531 3039 καὶ
562 2983 821 3054 σφραγὶς,
852 2983 947 3035 καὶ
986 2975 1047 3035 οὗ
1079 2979 1365 3052 προύργου
1404 2982 1609 3043 πάντες
1645 2982 1695 3035 οἱ
1740 2979 1882 3044 ζῶν-

283 3097 380 3144 τες
438 3077 846 3149 φροντίζουσιν,
902 3074 960 3128 οἵ
1003 3090 1064 3126 τε
1110 3073 1477 3143 ἀπευχὸμενοι
1506 3072 1597 3126 τὸν
1650 3072 1885 3125 θάνατον

283 3169 521 3238 ἐγγύθεν
554 3168 734 3239 ἥκειν,
766 3165 822 3219 οῖ
844 3182 904 3219 τε
940 3164 1253 3234 εὐχόμενοι,
1292 3161 1568 3230 διαφόρως
1599 3160 1874 3228 ἑκάτεροι.

2042 1318 2142 1377 llis
2175 1319 2435 1377 omnibus
2465 1320 2638 1391 plenae
2668 1329 2799 1375 sunt
2828 1320 3073 1376 historiae
3105 1334 3276 1376 suone
3301 1361 3317 1384 ,
3349 1329 3402 1375 et
3432 1337 3568 1377 sau-

1970 1423 2184 1469 ctornm
2233 1412 2457 1468 Patrum
2505 1413 2930 1480 dijudicatienes
2974 1429 3080 1467 non
3127 1412 3327 1468 frustra
3377 1414 3575 1469 litteris

1970 1511 2324 1580 consignatae,
2378 1524 2477 1565 nec
2524 1511 2761 1565 inaniter
2812 1512 3004 1577 lectae,
3044 1511 3110 1564 iis
3164 1511 3387 1579 quidem
3425 1522 3574 1567 certe

1975 1603 2203 1671 quibus,
2238 1616 2366 1656 cum
2407 1603 2677 1665 veritatis,
2717 1612 2829 1657 tum
2866 1604 3061 1677 salutis
3109 1619 3222 1658 sum
3255 1620 3385 1659 cura
3430 1620 3572 1673 prae—

1975 1698 2139 1766 cipua
2165 1705 2271 1750 est.
2313 1695 2418 1751 Sed
2447 1695 2595 1765 quod
2629 1695 2805 1765 majus
2847 1705 2954 1762 est,
2982 1696 3066 1750 his
3096 1696 3354 1751 omnibus
3386 1696 3570 1751 divina

1975 1789 2192 1858 eloquia
2236 1789 2434 1844 referta
2476 1799 2628 1853 sunt,
2677 1806 2798 1858 qua:
2835 1789 3019 1844 verbis
3044 1789 3267 1845 disertis
3302 1805 3364 1844 ca
3395 1790 3571 1844 stabi-

2958 1899 2972 1933 :
3019 1883 3241 1937 tametsi
3291 1884 3572 1938 brevitatis

1974 1975 2149 2047 gratia
2184 1974 2497 2029 testimonia
2529 1989 2692 2041 super
2723 1988 3058 2043 unoquoque
3100 1975 3302 2029 horum
3341 1983 3565 2043 praeter-

1976 2069 2265 2122 misimus:
2289 2085 2464 2136 neque
2497 2069 2613 2134 ipsa
2642 2066 2926 2137 Scriptura
2958 2083 3153 2123 omnes
3176 2076 3574 2122 commemorat

1975 2157 2169 2210 modos
2207 2157 2284 2225 (id
2337 2156 2484 2210 enim
2532 2172 2595 2209 ex
2631 2172 2696 2211 co
2730 2172 2929 2227 genere
2966 2166 3051 2212 est
3105 2157 3250 2225 quod
3300 2152 3413 2210 ﬁeri
3463 2173 3571 2212 non
3634 2196 3641 2201 -

1975 2250 2201 2317 potrst),
2235 2263 2421 2301 verum
2451 2262 2654 2317 paucos
2682 2257 2892 2302 tantum
2919 2248 3208 2318 quosdam,
3239 2256 3299 2303 ut
3323 2262 3389 2301 ex
3418 2247 3570 2316 ejus-

1978 2338 2123 2393 modi
2148 2338 2313 2393 etiam
2349 2340 2419 2393 de
2443 2340 2643 2407 ignotis
2674 2339 2838 2392 veluti
2869 2340 3087 2395 silentio
3119 2338 3437 2410 praeteritis,
3470 2352 3569 2394 nos

1978 2429 2193 2484 ﬁrmam
2238 2432 2303 2484 de
2342 2430 2687 2485 Providentia
2719 2430 2878 2485 [idem
2919 2431 3238 2493 habeamus,
3262 2447 3424 2503 quam
3459 2447 3571 2487 non

1981 2525 2347 2580 nobis'solum
2379 2528 2481 2595 qui
2506 2506 2784 2580 nascim’ur
2812 2537 2868 2582 et
2897 2526 3152 2590 vivimus,
3180 2542 3369 2580 verum
3405 2526 3569 2580 etiam

1945 2690 1953 2696 _
1981 2619 2067 2673 his
2094 2619 2187 2688 qui
2223 2621 2497 2674 excedunt
2526 2621 2671 2686 hinc,
2701 2620 2944 2687 adhibet,
2984 2628 3043 2675 ut
3077 2619 3276 2675 divinae
3304 2619 3571 2675 decorum

1982 2722 2068 2766 est
2114 2712 2420 2781 dignationi
2468 2721 2523 2765 et
2564 2710 2791 2767 bonitati
2846 2727 2912 2766 ac
2947 2711 3230 2781 sapientiae
3260 2731 3274 2767 :
3306 2712 3416 2768 imo
3443 2727 3572 2768 vero

1989 2804 2132 2857 idem
2170 2815 2256 2858 est
2286 2802 2598 2858 viventibus
2632 2804 2790 2859 nobis
2822 2804 3130 2872 providere,
3166 2812 3219 2858 et
3251 2803 3376 2863 vita:
3407 2807 3571 2858 tinem

1985 2895 2167 2965 qualis
2203 2896 2274 2950 sit
2303 2894 2527 2950 finiturus
2570 2903 2626 2951 et
2663 2897 2884 2966 quando
2932 2906 3222 2963 venturus,
3262 2912 3369 2952 non
3402 2898 3574 2952 semel

1988 2990 2319 3058 prospicere.
2355 2989 2420 3042 At
2455 2990 2720 3044 terminus
2754 2990 2878 3044 vitae
2906 3005 3027 3059 quae
3055 2990 3142 3044 hic
3179 2991 3360 3062 agitur
3388 2990 3573 3052 limes,

1984 3080 2272 3150 judicium,
2323 3081 2677 3150 sigillumque
2724 3092 2814 3137 est
2849 3099 2863 3136 :
2895 3092 2951 3137 et
2999 3080 3053 3136 id
3102 3098 3285 3153 operae
3334 3085 3570 3153 pretium

1989 3173 2150 3242 cujus
2181 3188 2375 3229 omnes
2411 3174 2502 3243 qui
2534 3174 2728 3229 vivunt
2769 3189 2959 3228 curam
2993 3175 3193 3231 habent
3224 3194 3238 3231 :
3272 3185 3382 3231 tam
3413 3178 3449 3233 ii
3478 3179 3574 3248 qui

289 3264 452 3317 Ἐστι
469 3260 515 3314 δ’
540 3261 629 3313 ὅτε
657 3259 752 3313 καὶ
771 3259 884 3321 τοῖς
906 3257 1089 3318 αὐτοῖς
1107 3254 1367 3323 ἀγόμενοι
1390 3252 1694 3321 λογισμοῖς,
1722 3249 1878 3302 ἀκού-

1987 3239 2330 3319 detestantur
2352 3239 2581 3320 mortem
2612 3280 2777 3335 prope
2795 3265 3244 3336 accedere,quam
3266 3268 3358 3337 qui
3381 3239 3589 3338 optant

288 3371 413 3410 ουσι
448 3354 559 3423 γὰρ
583 3352 661 3416 τὸ,
701 3351 792 3405 Ἐν
819 3343 861 3417 ᾧ
893 3347 1041 3420 εὐρω
1072 3362 1153 3408 σε,
1185 3347 1303 3399 ἐκεῖ
1327 3342 1616 3414 καὶὸιρινῶ
1641 3359 1721 3395 σε.
1748 3342 1885 3394 Τίνα

284 3449 346 3504 δὲ
371 3450 534 3517 λόγον
587 3445 710 3514 ἔχον
770 3442 892 3497 ἐστὶ
937 3444 1039 3512 τῆς
1075 3440 1176 3510 μὲν
1224 3442 1332 3493 τῶν
1386 3436 1693 3508 ἀνθρώπων
1738 3434 1886 3506 ζωῆς

289 3543 437 3597 οὕτω
463 3530 767 3608 ’πατρικῶς
795 3537 885 3590 τὸν
912 3535 1045 3589 Θεὸν
1088 3533 1340 3604 προνοεῖν
1368 3568 1383 3595 ,
1415 3531 1512 3600 τῆς
1549 3528 1604 3582 δὲ
1627 3527 1885 3597 τελευτῆς

294 3636 482 3689 αὐτῶν
518 3631 723 3702 μηδένα
751 3628 1023 3683 ποιεῖσθαι
1053 3626 1255 3695 λόγον;
1304 3624 1338 3693 ἡ
1372 3625 1471 3694 μὲν
1502 3623 1611 3692 γὰρ
1647 3619 1885 3674 ἐνταῦθα

291 3728 412 3799 ζωὴ
451 3727 733 3795 ὁδοιπορία
761 3724 845 3786 τίς
887 3724 1001 3775 ἐστι
1035 3720 1170 3792 πρὸς
1199 3720 1260 3771 τὸ
1290 3716 1656 3788 προκείμενον
1680 3713 1835 3775 τέλος
1866 3727 1880 3743 ο

289 3826 317 3876 ὁ
358 3822 412 3874 δὲ
444 3820 676 3882 θάνατος
724 3818 825 3887 τὴν
874 3815 1110 3869 ἐνταῦθα
1161 3811 1330 3867 παύει
1375 3809 1542 3877 ζωήν.
1587 3806 1699 3861 Καὶ
1729 3807 1879 3858 πάσα

296 3914 400 3985 μὲν
431 3913 665 3966 ἑκάστου
699 3905 927 3977 σπουδὴ,
961 3908 1116 3959 πᾶσα
1143 3904 1201 3958 δὲ
1226 3901 1423 3956 σθεόθεν
1449 3898 1685 3971 χορηγία
1716 3913 1879 3950 συνα-

291 4006 631 4059 ποπαύεται.
654 4001 834 4054 Πολλὰ
853 3999 910 4052 δὲ
939 3997 1008 4050 τὰ
1039 3995 1300 4050 ποιοῦντα
1335 3995 1429 4048 τὸν
1459 3993 1712 4047 θάνατον’
1741 3989 1884 4043 ὥστε

292 4097 492 4152 καὶτὰ
522 4094 622 4165 τὴν
666 4094 812 4162 ζωὴν
840 4091 1087 4145 παύοντα
1133 4087 1359 4157 ταύτην,
1396 4085 1496 4155 τὴν
1546 4083 1714 4154 μόνην
1752 4081 1886 4151 ὕλην

295 4165 413 4244 τῶν
447 4187 576 4258 περὶ
604 4187 754 4256 ἡμᾶς
783 4182 1048 4255 προνοιῶν
1077 4180 1173 4234 τοῦ
1207 4177 1366 4239 Θεοῦ,
1414 4177 1483 4230 δι’
1510 4170 1585 4230 ὧν
1615 4174 1751 4245 πρὸς
1785 4174 1886 4225 αὐ-

297 4284 395 4335 τὸν
425 4277 746 4350 ὁριζόμεθα.
797 4274 971 4335 Αὐτὸς
995 4273 1106 4343 γάρ
1129 4274 1249 4326 ἐστι
1294 4270 1356 4324 τὸ
1383 4270 1538 4331 τέλος
1584 4267 1764 4338 ἡμῶν,
1797 4266 1887 4319 os.

297 4375 342 4428 δ’
369 4374 446 4435 είς
475 4371 604 4424 ἄλλο
634 4368 787 4432 τέλος
815 4368 961 4437 ἡμᾶς
993 4364 1167 4435 ὁρίζει
1197 4361 1328 4435 παρ’
1359 4364 1572 4417 ἑαυτόν.
1611 4359 1822 4414 Οὐκοῦν
1849 4359 1882 4429 ἡ

292 4462 537 4532 τοσαύτη
595 4461 723 4531 περὶ
772 4461 921 4530 ἡμᾶς
972 4457 1069 4511 τοῦ
1122 4455 1261 4509 Θεοῦ
1314 4454 1543 4525 πρόνοια
1602 4452 1886 4523 πάρεργον

1986 3357 2213 3429 propius
2247 3357 2483 3424 adesse;
2516 3357 2835 3413 dill‘erenter
2876 3361 3097 3430 utrique
3127 3376 3141 3414 :
3176 3376 3574 3432 nonnunquam

1986 3451 2150 3503 etiam
2183 3449 2378 3505 iisdem
2434 3450 2745 3506 rationibus
2793 3452 3001 3508 inducti
3031 3469 3045 3507 :
3080 3454 3398 3509 auscultant
3427 3457 3572 3515 enim

1990 3540 2092 3593 hoc
2126 3556 2138 3593 :
2176 3557 2194 3592 ι
2230 3539 2285 3594 In
2317 3555 2426 3609 quo
2468 3551 2519 3595 te
2554 3550 2702 3596 statu
2737 3542 3025 3609 invenero,
3075 3545 3239 3598 etiam
3283 3554 3334 3600 te
3357 3546 3572 3615 judica-

1986 3633 2079 3687 ilO.
2114 3650 2133 3684 ι
2172 3632 2343 3698 Quam
2377 3641 2560 3688 autem
2597 3633 2826 3689 haberet
2857 3635 3162 3702 rationem,
3195 3639 3321 3692 vitae
3351 3639 3572 3707 quidem

1988 3722 2274 3777 hominum
2311 3723 2384 3778 ita
2418 3736 2645 3793 paterne
2691 3724 3147 3795 indulgenterque
3177 3726 3346 3780 Deum
3376 3744 3576 3783 consu-

1988 3812 2121 3875 lere.
2158 3823 2388 3869 mortem
2430 3831 2561 3872 vero
2595 3818 2838 3885 ipsorum
2872 3816 3016 3870 nulla
3066 3819 3416 3887 providentia
3449 3837 3576 3890 pro-

1988 3904 2180 3972 sequi?
2209 3903 2344 3959 Nam
2375 3922 2495 3975 quae
2524 3908 2611 3963 hic
2641 3909 2879 3977 agitatur
2912 3909 3041 3975 vita,
3067 3911 3153 3964 via
3177 3915 3424 3981 qua-dam
3450 3930 3574 3983 pro-

1989 4009 2320 4064 gressusque
2344 4005 2430 4050 est
2480 3999 2547 4051 ad
2591 3996 2749 4052 linem
2786 3999 3166 4068 propositum;
3200 4016 3348 4057 mors
3388 4012 3572 4060 autem

1991 4089 2154 4140 vitam
2186 4087 2328 4141 hanc
2356 4095 2513 4143 metae
2532 4091 2792 4145 admovet
2823 4106 2838 4144 :
2868 4106 2932 4144 ac
2959 4106 3121 4145 omne
3144 4107 3280 4147 sane
3301 4095 3576 4163 cujusque

1985 4177 2231 4231 studium
2285 4179 2576 4248 omnisque
2623 4179 2838 4250 largitio
2889 4180 2989 4235 Dei
3033 4196 3260 4237 munere
3311 4199 3575 4240 concessa

1989 4284 2096 4324 una
2117 4268 2319 4324 cessat.
2344 4268 2512 4325 Multa
2548 4286 2714 4340 porro
2735 4280 2862 4328 sunt
2893 4287 3015 4343 quas
3040 4280 3272 4328 mortem
3300 4275 3570 4332 all‘ernnt:

1988 4359 2063 4414 ita
2092 4369 2149 4414 ut
2177 4377 2298 4430 quae
2332 4362 2496 4414 vitam
2532 4362 2675 4416 hanc
2718 4365 3056 4433 opprimunt,
3086 4367 3202 4421 sola
3243 4368 3315 4422 sit
3344 4371 3573 4426 materia

1988 4455 2304 4524 multiplicis
2337 4453 2428 4508 Dei
2467 4453 2825 4524 providentiae
2858 4456 3007 4513 circa
3033 4474 3153 4520 nos,
3191 4475 3288 4531 per
3312 4477 3477 4531 quam
3505 4465 3575 4520 ad

294 4558 453 4613 ἔσται
488 4556 598 4608 τῶν
632 4552 894 4606 ποικίλων
919 4551 1014 4605 καὶ
1055 4549 1413 4618 πολυτρόπων
1444 4544 1633 4599 αἰτιῶν
1663 4544 1757 4600 τοῦ
1789 4544 1878 4597 θα-

1990 4544 2165 4615 ipsum
2204 4546 2567 4600 destinamur.
2606 4547 2904 4603 Enimvero
2937 4550 3053 4619 ipse
3086 4549 3210 4606 linis
3244 4565 3430 4609 noster
3462 4566 3571 4621 est,

296 4650 487 4711 νάτου,
538 4646 634 4700 καὶ
678 4645 849 4716 τύχης
907 4642 1004 4696 καὶ
1058 4643 1393 4711 αὐτομάτου,
1429 4636 1524 4692 καὶ
1572 4636 1682 4690 τῶν
1741 4637 1883 4691 κατὰ

299 4738 651 4812 συμϐεϐηκὸς
704 4736 1017 4805 λεγομένων
1056 4735 1150 4786 καὶ
1205 4732 1425 4785 πάντων
1474 4730 1585 4784 τῶν
1632 4728 1885 4783 ὁπωσοῦν

297 4834 492 4896 ὄντων,
530 4829 672 4883 κατὰ
706 4828 966 4896 πρόνοιαν
996 4825 1187 4889 ὅντων,
1220 4823 1253 4894 ἢ
1289 4822 1511 4892 μᾶλλον,
1539 4823 1566 4875 ὁ
1609 4819 1686 4891 μὴ
1723 4837 1888 4889 προν-

297 4925 466 4987 τίζων
492 4921 654 4975 ὁπότε
698 4918 795 4971 καὶ
828 4918 976 4979 ὅπως
1010 4917 1038 4970 ὁ
1068 4915 1298 4976 θάνατος
1335 4915 1436 4982 τὴν
1480 4910 1629 4981 ζωὴν
1660 4910 1883 4974 παύσει,

300 5017 400 5069 καὶ
428 5015 527 5083 τὴν
555 5002 764 5083 ταύτης
794 5010 1182 5080 καρποφορῐαν
1230 5006 1344 5068 τοῖς
1374 5003 1509 5069 ζῶσι
1555 5001 1883 5068 σπουδαίως,

298 5108 412 5163 οὐδ’
439 5108 586 5169 ὅπως
634 5105 913 5175 ζήσονται,
946 5102 1042 5153 καὶ
1077 5099 1129 5152 τί
1163 5097 1367 5161 ζῶντες
1417 5095 1699 5159 ἀνύσουσι,
1745 5096 1885 5148 πάνυ

302 5199 356 5251 τί
392 5199 651 5269 φροντιεῖ.
686 5196 749 5249 Ei
778 5195 834 5248 δὲ
865 5192 1025 5246 τοῦτο
1053 5188 1246 5259 ψεῦδός
1269 5205 1328 5241 τε
1353 5188 1450 5240 καὶ
1475 5187 1762 5252 ἀδύνατον,
1791 5187 1888 5239 καὶ⁵

290 5290 375 5353 ,δι’
408 5289 572 5343 αὐτοῦ
604 5287 772 5358 μόνου
809 5283 1226 5339 κατευοδούνται
1261 5279 1400 5351 πρὸς
1441 5278 1503 5331 τὸ
1528 5277 1682 5340 τέλος
1711 5276 1890 5345 ὁριζό-

308 5398 484 5451 μενοι,
511 5382 709 5435 ὁπόσον
737 5379 804 5434 ἂν
833 5378 929 5432 καὶ
962 5373 1176 5429 οἴκοθεν
1218 5371 1523 5425 σπεύὸωσιν
1549 5368 1605 5422 οἴ
1629 5385 1694 5438 γε
1722 5385 1890 5421 σπου-

305 5476 444 5529 δαῖοι
472 5489 487 5504 ⁸
518 5473 759 5541 εὐλόγως
819 5471 916 5526 καὶ
966 5470 1047 5540 τῷ
1081 5466 1181 5535 τῆς
1224 5464 1376 5533 ζωῆς
1429 5462 1615 5533 μέτρῳ
1660 5463 1796 5531 πρὸς
1826 5463 1889 5514 τδ

309 5568 589 5635 συμφέρον
617 5565 884 5635 κέχρηται
913 5560 1022 5615 τῶν
1057 5556 1414 5630 ὁριζομένων,
1449 5556 1546 5609 καὶ
1577 5556 1768 5622 μετρεί
1789 5552 1887 5623 τὴν

305 5652 453 5725 ζωὴν
483 5657 512 5708 ὁ
545 5656 707 5724 μόνος
743 5655 965 5726 μετρεῖν
1023 5653 1363 5722 δυνάμενοςς
1413 5652 1509 5705 καὶ
1537 5650 1605 5705 τὸ.
1630 5648 1887 5704 ποιοῦντα

308 5748 410 5814 τὴν
450 5748 730 5817 τελευτὴν,
782 5746 949 5799 αὐτοῦ
1001 5744 1338 5809 κελεύοντος,
1385 5744 1418 5816 ἦ
1474 5742 1886 5814 συγχωροῦντος

309 5841 403 5893 καὶ
433 5839 507 5912 μὴ
540 5839 862 5907 κωλύοντος,
889 5838 1095 5910 ταύτην
1135 5838 1399 5893 ποιοῦσιν.
1432 5857 1449 5890 ι
1485 5836 1752 5892 "Ament
1778 5837 1885 5907 γὰρ

1990 4651 2166 4704 neque
2201 4636 2266 4688 ad
2310 4637 2476 4689 alium
2514 4650 2615 4690 nos
2661 4637 2823 4691 linem
2857 4637 3126 4707 destinat,
3179 4652 3376 4711 praeter
3409 4660 3573 4714 quam

1989 4725 2251 4792 seipsum.
2294 4725 2552 4797 Nunquid
2587 4740 2720 4796 ergo
2749 4737 2903 4783 tanta
2937 4727 3030 4783 Dei
3065 4731 3117 4784 in
3147 4747 3249 4786 nos
3282 4736 3572 4802 providen-

1992 4820 2085 4882 tia,
2109 4820 2264 4888 qnasi
2284 4819 2634 4875 corollarium
2654 4820 2763 4874 erit
2782 4822 3053 4877 variarum
3081 4825 3578 4900 mnltipliciumqne

1994 4910 2253 4965 interitus
2285 4927 2598 4975 causarum,
2632 4925 2686 4967 et
2717 4913 2953 4970 fortuna:
2979 4926 3034 4970 et
3080 4931 3246 4973 easus
3286 4931 3342 4974 et
3386 4936 3573 4976 eorum

1989 5017 2111 5073 qua:
2128 4996 2233 5073 per
2258 5003 2514 5059 accidens
2540 5005 2816 5070 dicuntur,
2844 5019 2898 5061 et
2920 5010 3165 5064 omnium
3198 5018 3319 5078 qum
3346 5021 3575 5083 quomo-

1989 5096 2276 5165 docunqne
2315 5096 2589 5151 exsistunt
2613 5097 2768 5168 juxta
2800 5097 3245 5155 Providentiam?
3277 5117 3344 5155 an
3390 5107 3574 5173 potius

1993 5187 2183 5260 (Dens)
2220 5201 2328 5241 non
2360 5197 2541 5253 curat,
2572 5190 2792 5257 quando
2839 5199 2895 5244 et
2941 5207 3048 5259 quo
3080 5201 3238 5260 pacto
3281 5208 3434 5249 more
3479 5210 3572 5250 ex-

1979 5278 2152 5374 1pellet
2182 5281 2370 5346 vitam,
2404 5282 2634 5350 ejusque
2659 5280 2924 5348 frttctutn,
2952 5284 3021 5338 iis
3049 5284 3142 5354 qui
3177 5286 3402 5342 honeste
3425 5298 3476 5343 et
3503 5304 3574 5344 ex

1989 5378 2191 5427 virtute
2235 5374 2428 5427 vivunt
2472 5390 2487 5428 :
2529 5380 2631 5430 nec
2678 5376 2957 5444 quomodo
2993 5375 3208 5451 cquique
3243 5380 3467 5446 vivent,
3517 5394 3573 5437 et

1989 5464 2121 5534 quid
2153 5464 2381 5520 vivendo
2405 5466 2713 5535 perticient,
2732 5468 2959 5525 omnino
2983 5460 3258 5526 sollicitus
3279 5471 3408 5526 erit?
3428 5477 3574 5543 quod

1989 5557 2035 5613 si
2070 5558 2171 5612 hoc
2199 5558 2548 5613 mendacium
2572 5569 2676 5623 est,
2702 5570 2757 5616 et
2788 5560 2902 5614 ﬁeri
2931 5560 3158 5631 nequit:
3182 5578 3246 5618 ac
3274 5578 3371 5633 per
3404 5566 3571 5622 Deum

1990 5652 2168 5707 solunl
2201 5666 2462 5721 prospere
2490 5650 2771 5713 ducuntur
2821 5650 2887 5704 ad
2941 5653 3102 5707 linem
3156 5659 3247 5724 qui
3297 5659 3576 5725 praedesti-

1994 5755 2230 5815 nanzur,
2272 5751 2761 5815 quantumcunque
2814 5758 2912 5798 sua
2964 5743 3149 5802 indole
3194 5746 3577 5814 inilusu'iaque

1993 5836 2330 5905 lcstiuarint,
2352 5836 2580 5892 virtutes
2612 5836 2803 5907 utique
2837 5848 3089 5895 amantes
3127 5857 3143 5896 :
3179 5839 3339 5895 etiam
3377 5841 3576 5899 rationi
