4062 6438
493 383 600 449 559

1521 375 1895 438 ΟΕΝΝΛΒΙΙ
1929 375 2039 440 cr.
2076 334 2597 443 marinam:

3648 383 3757 445 560

489 503 872 565 congruenter,
923 492 1046 545 vitte
1080 488 1301 544 modulo
1333 487 1401 543 ad
1439 502 1631 542 eorum
1662 490 1755 558 qui
1787 489 2060 544 destinam

2180 491 2245 543 ἐκ
2272 489 2367 543 τοῦ
2419 490 2652 560 ἐσχάτου
2696 486 2857 561 μέχρι
2891 488 2985 543 καὶ
3031 487 3126 543 τοῦ
3170 489 3405 560 ἐσχάτου
3466 490 3703 562 ίσχυρῶς
3733 498 3762 549 ὸ

489 602 577 646 tnr
606 587 1030 640 emolumentum
1065 583 1271 647 utitur;
1302 590 1359 635 et
1394 582 1560 635 vitam
1596 583 1836 635 ntetitur.
1864 580 1957 650 qui
1987 593 2077 634 so-

488 681 574 734 lus
602 677 776 730 metiri
820 682 997 745 potest
1029 692 1044 729 :
1077 683 1130 728 et
1160 688 1283 743 qua:
1317 681 1544 726 mortem
1577 672 1798 742 pariunt
1843 671 1963 739 ipso
1988 670 2077 738 ju-

488 770 674 828 bente,
714 765 1180 827 antconcedente,
1215 762 1405 816 saltem
1444 777 1551 815 non
1584 772 1825 825 vetante,
1878 761 2075 816 interi-

485 869 596 911 tum
633 856 891 911 ellieimu.
927 872 947 905 ε
985 853 1216 923 Attiugil
1245 852 1386 906 enim
1418 867 1446 906 a
1478 852 1584 906 line
1615 867 1790 921 usque
1817 852 1881 906 ad
1913 852 2074 906 liuent

487 950 700 1004 fortiter
727 966 739 1000 :
770 966 787 998 ι
819 956 876 999 nt
913 947 964 1001 in
995 944 1272 1014 Sapientia
1312 944 1532 998 dicitur.
1572 963 1591 995 ι
1619 941 1685 997 Ει
1718 944 1829 998 duo
1858 958 2076 1011 passer-

422 1082 425 1087 -
489 1042 595 1097 culi
625 1057 745 1095 asse
779 1055 948 1109 parvo
976 1046 1267 1104 va-neunt;
1297 1045 1465 1107 atque
1500 1052 1644 1091 unus
1674 1051 1738 1091 ex
1787 1036 1923 1106 ipsis
1962 1051 2072 1090 non

487 1134 644 1188 cadet
670 1133 721 1183 in
756 1142 896 1184 terra
924 1130 1130 1193 absque
1154 1130 1312 1183 Patre
1336 1143 1491 1182 meo:
1522 1146 1542 1180 ι
1575 1130 1652 1196 (et
1673 1141 1794 1192 quae
1816 1127 2073 1198 deinceps

486 1222 854 1294 sequuntur):
886 1223 1145 1275 Dominus
1179 1221 1296 1290 ipse
1339 1231 1526 1276 noster
1559 1221 1659 1276 ait.
1700 1219 1857 1287 Quod
1889 1230 2069 1275 autem

486 1334 591 1371 non
617 1331 807 1369 Olllltt‘s
837 1324 957 1367 sunt
987 1313 1241 1378 studiosi,
1272 1328 1448 1381 neque
1488 1311 1557 1365 ad
1587 1322 1845 1367 aeternam
1888 1313 2056 1366 vitam

486 1409 870 1477 pradestinati,
900 1409 1001 1460 hoc
1024 1406 1159 1459 nihil
1195 1405 1260 1458 ad
1289 1420 1423 1459 rem.
1449 1404 1659 1458 Etenim
1688 1403 1877 1458 suﬁicil
1904 1404 2068 1457 etiam

486 1514 608 1557 eum
650 1516 846 1566 magno
870 1501 1029 1554 Patre
1055 1498 1280 1561 Basilio,
1314 1497 1457 1567 quod
1493 1497 1891 1567 praedestinatis
1926 1493 2105 1553 allixi.

485 1605 611 1649 sunt
647 1592 738 1646 Dei
771 1606 1036 1646 concessu
1080 1590 1206 1645 vitae
1234 1589 1474 1653 limites;
1502 1596 1551 1642 et
1587 1588 1651 1642 ad
1677 1588 2068 1656 sempiternum

487 1688 688 1740 bomun
713 1685 848 1754 ipsis
879 1683 1252 1739 extenduntur
1279 1690 1373 1736 aut
1404 1679 1834 1742 contrahuntur,
1863 1681 2070 1749 pariter

485 1791 611 1833 cum
651 1777 834 1831 aureis
883 1785 1047 1844 atque
1088 1772 1362 1844 argenteis
1416 1786 1649 1842 qua‘qtte
1698 1772 1752 1825 in
1803 1770 2065 1825 honorem

2180 581 2332 645 Θεὸς,
2362 599 2382 634 ι
2408 584 2466 635 ἐν
2489 585 2554 652 τῇ
2578 582 2751 654 Σοφίᾳ
2767 583 2987 651 λέγεται
3012 598 3027 612 ο
3052 583 3147 638 καὶ
3177 600 3196 635 ι
3230 581 3336 636 Δύο
3366 585 3625 652 στρουθία
3655 588 3757 640 ἀσ-

2180 675 2370 745 σαρίου
2396 676 2680 741 πωλεῖται,
2705 677 2798 731 καὶ
2815 675 2873 728 ἓν
2893 674 2953 741 ἐξ
2981 675 3162 730 αὑτῶν
3185 676 3246 730 οὐ
3278 679 3528 731 πεσεῖται
3550 678 3630 742 είς
3659 680 3761 751 τὴν

2177 767 2281 836 γῆν
2305 765 2435 819 ἀνευ
2458 765 2554 819 τοῦ
2577 767 2787 836 Πατρός
2810 783 2932 835 μου,
2962 784 2981 818 ι
3009 767 3105 820 καὶ
3138 766 3206 821 τὰ
3234 765 3382 837 ἑξῆς,
3407 767 3570 833 αὑτὸς
3590 771 3619 823 ό
3645 771 3761 825 Κύ-

2179 873 2295 928 pro;
2321 857 2480 928 ήμῶν
2508 874 2665 929 φησι.
2700 858 2775 911 Τὸ
2805 857 2861 910 δέ
2899 857 2975 929 μὴ
2999 858 3208 922 πάντας
3238 855 3382 913 εἶναι
3408 860 3757 929 σπουδαίως,

2178 949 2315 1018 μηδέ
2368 950 2507 1019 πρὸς
2557 950 2659 1023 τὴν
2697 952 3026 1022 προαιώνιον
3072 953 3527 1024 προωρισμένους
3569 952 3752 1024 ζωὴν,

2173 1039 2326 1093 οὐδὲν
2362 1040 2496 1111 πρὸς
2546 1041 2639 1094 τὸν
2688 1041 2867 1110 λόγον.
2911 1043 3099 1112 Ἀρκεῖ
3144 1043 3253 1112 γὰρ
3301 1044 3397 1097 καὶ
3444 1046 3579 1113 ἡμῖν
3616 1044 3757 1115 μετά

2172 1131 2268 1184 τοῦ
2305 1133 2544 1201 μεγάλου
2577 1133 2789 1205 Πατρδς
2825 1134 3109 1188 Βασιλείου
3153 1135 3215 1189 τὸ
3251 1136 3366 1199 τοῖς
3399 1138 3753 1209 προωρισμέ-

2172 1241 2284 1287 νοις
2310 1225 2619 1295 πεπηγέναι
2645 1224 2832 1279 θεόθεν
2861 1227 2929 1281 τὰ
2955 1227 3059 1297 τῆς
3088 1226 3234 1295 ζωῆς
3267 1227 3463 1297 μέτρα,
3490 1227 3587 1280 καὶ
3614 1227 3752 1294 πρὸς

2171 1316 2233 1370 τὸ
2284 1317 2456 1370 ἀῖδιον
2492 1319 2771 1389 συμφέρον
2816 1321 3002 1381 αὐτοῖς
3050 1320 3408 1380 ἐκτείνεσθαι.
3447 1320 3479 1390 ἢ
3527 1321 3753 1374 συστέλ-

2170 1409 2361 1463 λεσθαι
2396 1412 2508 1475 τοῖς
2552 1414 2773 1480 χρυσοῖς
2808 1427 2867 1463 τε
2911 1411 3007 1465 καὶ
3045 1413 3307 1481 ἀργυροίς
3351 1412 3444 1463 καὶ
3471 1413 3553 1474 εἰς
3581 1410 3750 1481 τιμὴν

2173 1500 2416 1565 σκεύεσι,
2454 1501 2598 1554 κατὰ
2630 1501 2721 1555 τὸν
2766 1502 2999 1567 Παῦλον,
3036 1502 3198 1572 οἵπερ
3245 1502 3613 1574 ἀναρίθμητοι
3648 1504 3749 1572 μέν

2170 1589 2301 1656 εισι,
2333 1591 2427 1643 καὶ
2458 1590 2653 1645 τούτου
2691 1591 2853 1662 χάρις
2881 1593 2915 1663 ή
2969 1594 3210 1660 γένεσις,
3230 1595 3325 1655 ⁴είς
3357 1594 3749 1663 ἀναπλήρωσιν
3778 1632 3788 1642 .

2169 1681 2279 1733 τῶν
2314 1681 2594 1755 πεσόντων
2621 1682 2918 1754 οὐρανόθεν
2947 1684 3215 1753 ἀγγέλων.
3246 1685 3366 1754 Θεῷ
3391 1685 3448 1740 δὲ
3479 1689 3749 1755 γινωσκό-

2174 1787 2329 1840 μενοι
2380 1772 2549 1843 μόνῳ,
2594 1774 2691 1828 καὶ
2742 1773 2836 1827 ὑπ’
2889 1775 3055 1831 αὑτοῦ
3104 1776 3466 1846 φανεροῦντσί
3508 1793 3654 1840 τινες
3685 1776 3747 1843 ἐξ

485 1876 614 1924 sunt
647 1868 817 1931 vasis,
849 1882 914 1920 ex
950 1865 1012 1919 Β.
1041 1864 1243 1931 Paulo;
1283 1864 1376 1933 qui
1408 1863 1626 1930 quidem
1658 1870 1786 1917 sunt
1810 1865 2060 1918 innume-

2168 1858 2372 1923 αὐτῶν,
2398 1860 2491 1924 οὓς
2516 1862 2582 1916 ἂν
2611 1862 2883 1934 βούλοιντο
2913 1866 3282 1935 φανεροῦσθαι
3323 1866 3623 1930 κάνταῦθα,
3653 1868 3748 1923 καὶ

461 1956 533 2017 ’τί
563 1978 577 2015 :
608 1970 770 2030 atque
797 1966 1085 2028 eapropter
1113 1957 1396 2027 generatio
1421 1965 1505 2011 est
1536 1955 1601 2009 ad
1625 1955 2063 2026 supplementum

483 2055 803 2121 angelorum
834 2051 928 2121 qui
971 2065 1003 2104 e
1022 2047 1179 2105 caelis
1206 2049 1550 2103 exciderunt.
1580 2045 1645 2099 lli
1672 2062 1795 2100 cum
1828 2046 1939 2103 Deo
1960 2048 2062 2103 soli

482 2153 903 2216 cognoscantur,
949 2150 1003 2197 et
1042 2140 1112 2196 ab
1149 2155 1215 2196 eo
1260 2138 1677 2194 manilestemur
1724 2138 1946 2208 quidam
1995 2154 2064 2194 ex

484 2239 639 2308 ipsis,
675 2250 816 2303 quos
849 2234 1012 2289 etiam
1049 2233 1137 2287 hic
1167 2228 1507 2286 nianil‘estari
1543 2230 1795 2295 voluerit,
1824 2238 1881 2285 et
1923 2246 2064 2301 quos

485 2329 661 2384 latere
709 2325 861 2380 nefas
900 2333 1005 2379 est.
1056 2322 1278 2384 lleiude.
1326 2317 1787 2390 quemadmodum
1818 2320 2066 2389 providet

480 2422 703 2493 quidem
730 2417 984 2473 omnibus
1020 2417 1073 2470 in
1106 2415 1215 2469 vita
1243 2412 1581 2476 hominibus,
1613 2413 1706 2466 sed
1732 2412 2061 2477 dil'l‘erenter,

481 2524 541 2570 et
574 2526 672 2579 pro
700 2510 895 2566 merito
925 2523 991 2563 ac
1020 2507 1285 2579 dignitate
1322 2505 1598 2575 cujusque
1638 2520 1653 2557 :
1695 2505 1774 2559 sic
1803 2504 1965 2558 etiam
1996 2504 2064 2560 de

481 2606 588 2661 ﬁne
637 2604 903 2672 ipsorum,
940 2612 1037 2670 par
1078 2607 1159 2652 est
1197 2597 1407 2651 varium
1459 2595 1659 2650 habere
1710 2596 1959 2650 ordinem
2010 2605 2065 2650 et

480 2706 787 2766 respectum
819 2693 959 2764 apud
984 2690 1227 2746 divinum
1248 2688 1543 2760 judicium.
1573 2686 1786 2741 Etenim
1810 2689 2064 2743 omnibus

476 2790 696 2861 quidem
732 2784 1047 2841 hominibus
1089 2781 1319 2853 praeficit
1371 2781 1644 2850 angelum.
1683 2779 1787 2832 Sed
1829 2795 1935 2835 non
1970 2794 2065 2835 ea-

479 2879 604 2935 dem
645 2875 823 2945 augeli
847 2871 1214 2927 sollicitudine
1242 2872 1450 2939 potitur
1472 2869 1708 2924 inlidelis
1738 2879 1903 2939 atque
1935 2868 2063 2924 lide-

479 2971 550 3028 lis
585 2986 600 3023 :
632 2982 809 3037 ineque
834 2965 1116 3034 improbus
1143 2963 1350 3033 pariter
1389 2976 1453 3016 ea
1485 2954 1789 3015 l‘ruitnr'ac
1835 2962 2060 3031 probus,

480 3060 698 3120 tametsi
725 3058 897 3116 ambo'
920 3057 1029 3113 sint
1061 3055 1267 3110 ﬁdeles.
1308 3052 1496 3125 Itaque
1523 3055 1614 3111 hic
1644 3070 1865 3125 quoque
1894 3055 2061 3110 vitam

483 3138 749 3209 nostram-
775 3148 1044 3212 otnniutu,
1089 3154 1145 3201 et
1191 3145 1396 3201 exitum
1434 3145 1720 3201 delinitum
1761 3162 1904 3213 esse,
1940 3163 2061 3203 om-

481 3245 614 3299 nino
651 3254 937 3298 necessum
965 3246 1068 3294 est.
1101 3237 1273 3292 Porro
1297 3236 1558 3294 dill‘erens
1587 3239 1736 3294 circa
1771 3240 1885 3295 haec
1912 3240 2063 3310 judi-

482 3338 630 3393 cium
658 3334 811 3404 juxta
843 3346 1032 3386 eorum
1080 3331 1174 3400 qui
1218 3331 1412 3385 vivunt
1454 3330 1793 3395 discrimina,
1824 3332 1932 3388 Deo
1958 3332 2059 3388 soli

482 3435 832 3499 perspectum
854 3432 956 3486 est,
983 3438 1108 3477 eum
1135 3437 1308 3493 pauca
1339 3423 1496 3477 nobis
1522 3423 1630 3479 sint
1660 3424 1916 3489 revelata,
1944 3435 2059 3478 tum

477 3536 544 3575 ex
573 3517 776 3574 divinis
811 3514 1033 3570 Litteris
1062 3523 1175 3568 tum
1201 3529 1265 3570 ex
1302 3514 1543 3569 historiis
1580 3517 1778 3584 sacris,
1816 3527 1873 3570 ut
1903 3526 2060 3572 antea

388 3678 396 3685 ι
479 3610 785 3666 luculenter
808 3606 1162 3677 exposuimus
1194 3623 1209 3661 :
1253 3620 1431 3675 neque
1477 3622 1693 3676 aequum
1728 3617 1811 3662 est
1841 3623 1940 3663 nos
1966 3623 2060 3678 ag-

476 3705 628 3775 gredi
676 3716 739 3755 ea
791 3715 913 3770 quae
963 3714 1139 3766 neque
1188 3699 1577 3768 comprehendi
1625 3709 1836 3769 queunt
1886 3715 2060 3769 neque

477 3794 616 3850 tradi
648 3808 662 3847 :
689 3803 746 3851 et
779 3793 847 3846 ab
880 3791 951 3846 iis
978 3804 1101 3859 qua:
1145 3790 1522 3845 conceduntur
1566 3798 1623 3845 et
1668 3795 1869 3845 dantur
1902 3791 2060 3845 nobis

476 3884 544 3939 ad
576 3881 1036 3952 cognoscendum,
1063 3879 1382 3935 dissidendo
1414 3879 1733 3936 abscedere.
1779 3882 1845 3936 Et
1877 3890 2057 3936 tamen

474 3990 600 4030 cum
628 3972 1039 4042 reprobatorum
1068 3980 1125 4025 et
1152 3969 1591 4026 misericordiam
1616 3971 1937 4040 adeptorum
1974 3971 2056 4026 vi-

481 4077 591 4120 tam
628 4063 815 4118 divino
842 4062 1038 4133 subjici
1087 4061 1254 4131 iugo;
1303 4071 1416 4117 tum
1464 4060 1564 4131 ipsi
1598 4064 1900 4132 placentem
1928 4067 2059 4119 edu-

474 4159 710 4214 ctionem
741 4172 772 4210 e
806 4155 917 4209 vita
941 4194 957 4220 ,
992 4155 1093 4210 hos
1124 4169 1339 4224 quoque
1369 4152 1642 4208 sustinere
1680 4154 1862 4208 divina
1895 4153 2056 4209 docet

476 4251 779 4320 Scriptura.
812 4247 1117 4303 Ostendnnt
1147 4246 1309 4301 etiam
1338 4244 1586 4301 violentae
1612 4254 1813 4300 mortes
1842 4246 2056 4315 populis

482 4342 728 4396 inductae
777 4350 831 4392 et
882 4335 1246 4407 principibus,
1284 4336 1496 4391 ardenti
1541 4336 1656 4391 zelo
1699 4337 1922 4406 iustitiae
1957 4351 2054 4391 an-

476 4436 727 4501 gelorum
775 4427 1310 4484 subininistrantium
1356 4442 1421 4483 ac
1486 4427 1891 4497 pmplutarum,
1943 4443 2052 4485 non

2166 1948 2261 2014 οὒς
2292 1950 2583 2007 λανθάνειν
2615 1953 2900 2009 ἀδύνατον.
2938 1956 3191 2022 Ἔπειτα,
3236 1957 3489 2029 καθάπερ
3521 1959 3746 2028 προνοεί

2168 2041 2271 2113 μὲν
2300 2044 2521 2097 πάντων
2552 2046 2610 2098 ἐν
2643 2048 2708 2117 τῇ
2742 2045 2855 2116 ζωῇ
2887 2047 2997 2101 τῶν
3031 2047 3355 2120 ἀνθρώπων,
3390 2049 3527 2103 ἀλλά
3557 2049 3746 2117 διαφέ-

2169 2150 2276 2205 ρως
2303 2138 2401 2190 καὶ
2453 2138 2594 2192 κατά
2626 2138 2727 2208 τήν
2774 2138 2932 2203 ἀξίαν
2985 2139 3266 2195 ἑκάστων·
3306 2140 3451 2195 οὑτω
3490 2142 3584 2196 καὶ
3612 2143 3744 2210 περὶ

2165 2226 2261 2280 τοῦ
2291 2228 2477 2291 τέλους
2512 2228 2694 2282 αὐτῶν
2721 2230 2976 2301 ποικίλην
3001 2230 3149 2294 clunt
3167 2231 3312 2302 ἔχειν
3338 2232 3492 2304 παρά
3520 2236 3586 2303 τῇ
3616 2232 3738 2307 θείᾳ

2165 2319 2347 2387 κρίσει
2379 2319 2478 2389 τήν
2513 2319 2665 2385 τάξιν
2695 2320 2790 2374 καὶ
2823 2320 2924 2393 τὴν
2962 2320 3287 2392 ἀπόδλεψιν.
3328 2322 3438 2376 Καὶ
3465 2324 3599 2379 πᾶσι
3633 2324 3737 2394 μὲν

2163 2412 2272 2479 γὰρ
2298 2412 2609 2481 ἀνθρώποις
2639 2415 2925 2482 ἐφίστησιν
2952 2414 3225 2483 ῑάγγελον,
3259 2414 3375 2469 ἀλλ’
3416 2415 3479 2470 οὑ
3512 2415 3613 2485 τῆς
3642 2415 3742 2468 αὑ-

2163 2503 2264 2572 τῆς
2300 2504 2565 2559 ἀπολαύει
2602 2505 2697 2559 τοῦ
2731 2506 2962 2574 ἀγγέλου
3013 2507 3343 2576 κηδεμονίας
3381 2509 3410 2560 ό
3441 2509 3631 2570 πιστὸς
3658 2505 3740 2576 τῷ

2163 2594 2399 2665 ἀπίστῳ,
2442 2597 2553 2649 οἱδ⁹
2583 2596 2613 2650 ό
2651 2595 2852 2665 φαῦλος
2884 2597 2960 2668 τῷ
2992 2598 3205 2669 ἀγαθῷ,
3256 2598 3360 2652 κᾶν
3405 2591 3539 2653 ὦσιν
3570 2597 3743 2666 ἄμφω

2171 2688 2352 2740 πιστοί
2380 2704 2394 2718 ο
2425 2688 2569 2743 οὕτω
2598 2689 2879 2744 κάνταῦθα
2924 2689 3023 2762 τὴν
3055 2691 3155 2756 μὲν
3193 2690 3340 2762 ζωὴν
3369 2690 3528 2760 ἡμῶν
3566 2689 3744 2743 ἀπάν-

2165 2795 2273 2832 των
2304 2779 2401 2833 καὶ
2432 2780 2494 2834 τὸ
2518 2781 2672 2845 τέλος
2719 2781 2952 2852 ὡρίσθαι
2993 2783 3143 2835 πᾶσα
3188 2782 3404 2852 ἀνάγκη
3427 2794 3443 2810 ·
3476 2780 3511 2851 ή
3538 2779 3596 2833 δὲ
3626 2780 3741 2835 διά-

2165 2888 2331 2941 φορος
2363 2873 2491 2943 περὶ
2518 2872 2691 2927 ταῦτα
2729 2874 2908 2944 κρίσις
2943 2873 3085 2927 κατὰ
3119 2874 3217 2934 τὰς
3242 2872 3350 2926 τῶν
3381 2870 3599 2937 ζώντων
3626 2870 3744 2924 δια-

2166 2946 2337 3033 φορὰς
2361 2964 2438 3034 τῷ
2471 2964 2590 3033 Θεῷ
2642 2965 2913 3032 ἔγνωσται
2949 2966 3116 3036 μόνῳ,
3139 2964 3503 3033 ὀ).ίγων,ήμίν
3531 2964 3741 3017 ἀποκα-

2162 3056 2472 3126 λυφθέντων
2498 3056 2561 3111 ἐκ
2582 3075 2640 3110 τε
2667 3057 2775 3110 τῶν
2798 3056 2958 3109 θείων
2986 3055 3242 3126 Γριφῶν,
3270 3057 3335 3111 Ex
3359 3072 3415 3109 τε
3440 3054 3549 3108 τῶν
3576 3056 3659 3125 ίερ
3680 3058 3737 3111 ὒν

2168 3150 2437 3218 ἱστοριῶν,
2468 3149 2543 3213 ὡς
2583 3149 2885 3219 φθάσαντες
2915 3148 3288 3218 διεξήλθομεν.
3313 3149 3421 3201 Καὶ
3444 3150 3503 3202 οὑ
3531 3148 3741 3201 δίκαιον

2165 3242 2337 3311 ἡμᾶς,
2364 3241 2452 3295 διὰ
2481 3242 2540 3294 τδ
2571 3241 2648 3313 μὴ
2681 3241 2944 3296 δύνασθαι
2986 3245 3096 3305 τοῖς
3126 3243 3536 3312 ἀκαταλήπτοις
3559 3258 3618 3296 τε
3644 3244 3747 3296 καὶ

2169 3333 2243 3404 μὴ
2275 3333 2581 3402 δεδομένοις
2632 3335 2953 3405 ἐπιχειρεῖν,
3000 3332 3096 3387 καὶ
3138 3333 3248 3388 τῶν
3289 3334 3747 3403 όμολογοιρένων

2163 3426 2259 3479 καὶ
2287 3424 2593 3494 δεδομένων
2646 3427 2782 3496 ήμῖν
2811 3426 3009 3480 ειδέναι
3047 3425 3464 3492 διαπιστοῦντας
3500 3427 3745 3496 ἀφίσταο

2163 3515 2305 3570 σθαι.
2342 3516 2538 3570 Καίτοι
2574 3517 2635 3570 τὸ
2666 3519 2883 3582 καὶτὰς
2930 3518 3040 3572 τῶν
3087 3517 3668 3589 ἀποδεδοκιμασμένων
3700 3519 3739 3590 ἢ

2157 3605 2476 3677 ἠλεημένων
2504 3608 2651 3670 ζωὰς
2680 3608 2756 3678 τῷ
2788 3608 2919 3679 θείῳ
2948 3605 3271 3663 ὑποκεῖσθαι
3302 3606 3482 3679 ζυγῷ,
3512 3608 3606 3663 καὶ
3632 3607 3741 3680 τὴν

2160 3698 2309 3769 αὑτῷ
2346 3699 2614 3754 δοκοῦσαν
2655 3701 2941 3772 ἐξαγωγὴν
2980 3703 3045 3756 ἐκ
3084 3702 3181 3757 τοῦ
3230 3702 3349 3771 βίου
3383 3703 3476 3756 καὶ
3507 3702 3744 3765 τούτους

2159 3788 2514 3857 ὑφίστασθαι,
2553 3793 2586 3863 ή
2642 3791 2765 3846 θεία
2813 3793 3057 3848 διδάσκει
3089 3793 3304 3865 Γραφή.
3353 3793 3464 3847 Καὶ
3512 3792 3743 3862 δηλοῦσι

2158 3883 2260 3953 μὲν
2294 3885 2342 3936 oi
2379 3884 2545 3955 βίαιοι
2589 3885 2811 3939 θάνατοι
2842 3887 3109 3957 πλήθεσιν
3157 3885 3486 3957 ἐπαχθέντες
3516 3887 3611 3939 καὶ
3634 3886 3743 3955 ἀρ·

2157 3991 2338 4044 χουτι,
2385 3975 2535 4046 ζήλῳ
2583 3975 2932 4047 δικαιοσύνης
2957 3977 3226 4046 -ἀγγέλων
3274 3977 3741 4048 ὑπηρετουμένων

2156 4068 2252 4120 καὶ
2282 4068 2600 4137 προφητῶν,
2630 4069 2729 4122 οὑκ
2749 4069 2878 4123 ἀνευ
2902 4069 3039 4124 θεοῦ
3059 4086 3075 4102 ·
3101 4068 3326 4140 δηλοῦσι
3350 4068 3407 4124 δὲ
3434 4069 3491 4124 al
3515 4069 3605 4123 διά
3623 4068 3739 4123 τῶν

2157 4161 2457 4230 προφητῶν
2500 4161 2882 4233 ἀπειληθεῖσαι
2918 4163 3107 4216 πόλεσι
3151 4179 3213 4216 τε
3240 4162 3335 4216 καὶ
3374 4162 3583 4216 ἔθνεσιν
3611 4162 3738 4227 ἐξο-

2154 4252 2504 4321 λοθρεύσειςο
2545 4254 2641 4307 καὶ
2680 4254 2712 4323 ἢ
2751 4254 3011 4327 μετανοίᾳ
3054 4254 3484 4324 καταφυγόντων
3513 4254 3608 4308 ἐπὶ
3637 4253 3737 4307 τὸν

2154 4344 2290 4398 Θεὶν
2320 4346 2695 4414 πεπαυμέναι,
2730 4345 2763 4414 ἢ
2812 4345 3202 4415 άμετανοήτων
3243 4345 3545 4413 μεινάντων
3574 4345 3736 4412 γενό-

2158 4453 2318 4507 μεναι
2339 4451 2354 4466 °
2390 4436 2447 4490 αἱ
2483 4436 2795 4506 προσθῆκαι
2838 4439 2933 4502 τῆς
2963 4437 3110 4506 ζωῆς
3140 4437 3304 4499 ἐνίοις
3333 4438 3733 4506 μετανοήσασι,

476 4527 597 4578 siue
633 4522 881 4578 numine.
913 4519 970 4574 ld
993 4532 1206 4589 quoque
1232 4518 1509 4574 declarant
1538 4520 1710 4575 ruina)
1735 4528 1790 4574 et
1812 4519 2050 4590 depopu-

2163 4529 2297 4599 μετά
2320 4528 2419 4600 τὴν
2443 4529 2542 4599 τῆς
2586 4528 2735 4600 ζωῆς
2766 4530 3155 4598 ἀπαγόρευσιν,
3200 4528 3266 4582 ὲκ
3305 4526 3440 4582 Θεοῦ
3470 4526 3737 4597 μηνυθεί-⁸

408 4678 412 4683 ,
477 4616 728 4678 lationes,
748 4626 886 4683 quas
914 4623 1066 4666 tates
1088 4609 1314 4665 urbibus
1333 4619 1383 4666 et
1402 4610 1655 4681 gentibus
1676 4611 2052 4666 comminatim

479 4712 715 4773 fuerant,
761 4706 1071 4773 eaedemque
1108 4702 1190 4757 vel
1238 4702 1555 4773 pmnitentia
1606 4719 1794 4759 eorum
1845 4702 1938 4773 qui
1987 4703 2054 4758 ad

480 4801 650 4855 Deum
684 4797 1067 4867 confugerant,
1093 4802 1418 4863 cessarunt;
1449 4795 1532 4850 vel
1557 4796 1627 4850 ob
1657 4795 2052 4865 impmnitentia

476 4892 776 4948 obduratos
811 4896 1209 4944 remanserunt.
1233 4886 1570 4955 Incrementa
1598 4892 1721 4942 vita:
1745 4889 1798 4941 in
1827 4888 2053 4957 quihus-

476 4987 601 5039 dam
634 4986 728 5053 qui
768 4983 1143 5056 rcsipuerant,
1172 4990 1460 5048 postquam
1486 4980 1555 5034 de
1591 4984 1697 5034 vita
1726 4981 2051 5049 despon.lis-

477 5085 625 5137 sent,
657 5077 878 5129 interitu
911 5089 940 5127 a
970 5072 1081 5129 Deo
1120 5073 1395 5128 declarato
1426 5080 1481 5126 et
1509 5071 1680 5140 signis
1709 5074 2052 5142 ostentisque

476 5169 733 5222 orimibus
762 5166 1058 5236 conspicuo
1092 5162 1264 5219 facto.
1285 5164 1523 5217 Auanias
1557 5177 1683 5216 vero
1710 5172 1764 5217 et
1786 5162 2048 5233 Sappltira

470 5259 762 5316 exanimati
792 5268 940 5322 sunt,
976 5272 1085 5311 non
1137 5254 1313 5320 l’etri,
1356 5254 1448 5308 sed
1483 5253 1577 5307 Dei
1622 5254 1840 5320 virtute,
1886 5271 2047 5325 quem

472 5354 786 5415 iuvet-arat;
827 5364 891 5404 ac
936 5350 1102 5403 Petm
1144 5363 1254 5402 non
1289 5354 1552 5416 pnes-eme
1596 5355 1650 5399 et
1698 5346 2045 5400 mendacium

472 5452 749 5511 arguente,
780 5441 1181 5509 exspirassent,
1207 5439 1283 5492 ita
1312 5439 1523 5492 volente
1551 5435 1680 5493 Deo.
1701 5437 1766 5491 Et
1791 5449 1921 5507 quot
1953 5441 2051 5493 ho-

473 5538 645 5589 mines
675 5535 865 5588 insane
898 5533 989 5601 jus
1014 5531 1301 5594 violantes,
1330 5528 1594 5583 violenter
1633 5545 1663 5583 e
1705 5529 1841 5584 vivis
1884 5546 2046 5585 exce-

471 5628 651 5681 dunt?
685 5630 810 5680 dum
844 5624 987 5679 alius
1012 5624 1171 5676 aham
1202 5621 1396 5676 suﬂert
1426 5622 1762 5690 violentiam,
1787 5637 1850 5677 ac
1879 5610 2047 5678 latent

475 5718 744 5784 homines,
776 5720 906 5772 dum
937 5716 1206 5769 violentia:
1235 5717 1487 5769 ell'ectutn
1537 5726 1809 5793 patentem
1863 5718 2044 5771 consi-

468 5803 661 5860 derant
699 5822 712 5858 :
740 5820 927 5859 verum
962 5802 1182 5859 caeleste
1204 5805 1267 5857 ad
1292 5804 1344 5858 id
1370 5813 1703 5859 manu-mum
1737 5804 2042 5861 subducere

2159 4637 2258 4689 σης
2285 4623 2387 4690 τῆς
2411 4621 2694 4689 τελευτῆς,
2735 4622 2830 4675 καὶ
2865 4620 3118 4689 σημείοις
3144 4619 3279 4672 πᾶσι
3305 4619 3547 4687 φανερᾶς
3577 4632 3734 4685 γενο-

2157 4712 2351 4780 μένης.
2398 4710 2647 4773 Ἁνανίας
2690 4709 2745 4763 δὲ
2776 4711 2871 4762 καὶ
2899 4711 3185 4780 Σάπφειρα
3221 4707 3623 4777 ἀποψύξαντες,
3663 4706 3730 4758 οὑ

2154 4806 2223 4871 τῇ
2253 4802 2349 4856 τοῦ
2402 4803 2630 4873 Πέτρου,
2662 4801 2817 4872 τῇδὲ
2858 4800 2953 4855 τοῦ
2988 4799 3125 4854 Θεοῦ
3173 4800 3419 4866 δυνάμει,
3450 4800 3509 4852 ὃν
3553 4800 3581 4852 ὁ
3626 4798 3734 4852 Πέ-

2153 4907 2282 4960 τρος
2311 4890 2655 4952 ἐπεκαλεῖτο,
2688 4890 2782 4943 κηρὶ
2812 4889 2908 4942 τοῦ
2956 4890 3163 4960 Πέτρου
3200 4888 3274 4960 μὴ
3305 4887 3602 4959 παρόντος,
3633 4889 3732 4939 καὶ

2154 4983 2213 5036 τὸ
2243 4982 2435 5052 ψεῦδος
2470 4982 2809 5052 ἐλέγχοντος,
2841 4981 3124 5048 ἀπέψυξαν
3170 4981 3237 5035 ἄν
3268 4996 3283 5013 ο
3305 4978 3448 5034 οὑτω
3472 4978 3567 5033 τοῦ
3590 4976 3732 5032 Θεοῦ

2154 5074 2504 5145 βουλομένου.
2543 5074 2655 5126 Καὶ
2700 5073 2860 5126 πόσοι
2906 5073 3018 5126 τῶν
3065 5071 3368 5142 ἀνθρώπων
3415 5071 3735 5139 ἀνηκέστως

2155 5164 2602 5234 παρανομοῦντες
2633 5163 2829 5231 βιαίως
2858 5162 3165 5231 ἐξάγονται,
3214 5162 3372 5224 ἄλλος
3400 5159 3569 5231 ἄλλην
3604 5162 3738 5228 ὑφι-

2156 5258 2419 5326 στάμενοι
2480 5255 2639 5326 βίαν,
2693 5256 2940 5318 καὶτοὺς
2994 5254 3318 5324 ἀνθρώπους
3378 5251 3734 5313 λανθάνουσι,

2154 5348 2565 5418 σκοπουμένους
2614 5349 2713 5418 μὲν
2745 5349 2804 5402 τὸ
2850 5350 2948 5418 τῆς
2995 5346 3117 5418 βίας
3147 5347 3496 5416 φαινόμενον,
3532 5341 3631 5412 τὴν
3659 5342 3734 5394 δι’

2151 5441 2405 5510 οὐράνιον
2445 5440 2581 5511 πρὸς
2639 5441 2801 5494 τοῦτο
2851 5441 3025 5511 ῥοπὴν
3074 5439 3389 5507 λογίζεσθαι
3436 5436 3560 5506 μηδ’
3593 5437 3741 5499 ὅλως

2151 5534 2373 5602 ἐφικνου
2381 5534 2572 5604 μένους
2591 5550 2606 5600 ;
2631 5535 2694 5586 Δί
2715 5535 2772 5587 δέ
2793 5534 3050 5605 πρόδηλοι
3069 5534 3178 5588 τῶν
3198 5532 3443 5587 θανάτων
3460 5532 3553 5585 καὶ
3576 5531 3737 5601 παρὰ

2150 5625 2314 5693 φύσιν
2341 5625 2680 5693 ἀπαλλαγαὶ,
2727 5627 2827 5697 τῆς
2876 5630 2940 5680 ἐκ
2992 5627 3202 5696 νεκρῶν
3248 5624 3603 5686 ἀναστάσεως
3643 5624 3718 5674 οὑ-

2148 5716 2237 5769 δέν
2279 5716 2658 5787 διαφέρουσαι,
2712 5719 3099 5788 παρείσθωσαν
3129 5719 3185 5770 ἐν
3229 5719 3406 5786 τιὺτῳ
3438 5714 3516 5785 τῷ
3550 5716 3735 5784 μέρει,

2146 5808 2223 5872 ὡς
2250 5812 2311 5880 τῇ
2350 5811 2457 5863 τῶν
2485 5813 2922 5881 προωρισμένων
2967 5786 3121 5877 τάξέι
3155 5810 3574 5881 σνμὸαἰνουσιιι,
3605 5808 3736 5860 τότε
