4062 6410
320 452 419 518 561

318 657 604 726 συμφέρον
631 655 840 718 αὐτοῖς,
889 654 1090 725 καὶτῷ
1124 655 1293 710 αὐτοῦ
1348 657 1579 728 συνᾷδον
1614 656 1904 727 θελήματι,

315 749 503 803 ἄλλοτε
551 746 609 798 δὲ
665 747 762 800 καὶ
820 748 891 799 δι’
946 747 1237 818 ἀμφότερα
1287 748 1703 819 συγχωροῦντος
1752 751 1906 819 σφίσι

317 840 701 911 μεθίστασθαι,
754 839 787 908 ἦ
830 841 929 908 τῆς
972 839 1190 909 φύσεως
1243 840 1649 910 ύπουργούσης,
1698 842 1731 913 ἥ
1784 842 1907 914 βίας

314 934 645 1001 τυραννικῆς
697 931 1025 1002 ἐξαγούσης.
1071 933 1255 988 Ἱκανὰ
1303 934 1407 1005 μὲν
1450 934 1544 990 οὖν
1588 936 1686 989 καὶ
1729 935 1906 992 ταῦτα

314 1024 408 1077 τὸν
461 1024 731 1094 ἡμέτερον
781 1026 1018 1095 ἐκφῆναι
1074 1029 1282 1080 σκοπὸν
1339 1028 1435 1081 ἐπὶ
1493 1029 1756 1083 συστάσει
1806 1030 1906 1099 τῆς

315 1116 579 1181 ὀληθείας
616 1117 715 1186 οὐχ
748 1112 914 1188 ἦττον
944 1118 980 1189 ἦ
1035 1118 1139 1189 τῆς
1165 1119 1259 1174 τοῦ
1290 1121 1619 1176 διδασκάλου
1652 1122 1901 1193 γνώμης.

318 1209 382 1261 Εἰ
419 1208 476 1262 δὲ
523 1210 582 1261 ἐν
616 1211 682 1279 τῇ
718 1209 890 1281 Σοφίᾳ
937 1209 1181 1279 λέγεται,
1218 1229 1237 1265 ι
1278 1213 1338 1266 ’0
1367 1212 1501 1276 Θεὸς
1528 1213 1763 1269 θάνατον
1803 1213 1906 1269 οὐκ

317 1301 539 1370 ὲκοίησε
564 1316 580 1333 ο
623 1318 643 1353 ι
668 1301 830 1355 τοῦτο
862 1302 1005 1355 κατὰ
1027 1303 1125 1373 τὴν
1155 1304 1339 1358 αἰτίαν
1367 1304 1462 1359 τοῦ
1495 1307 1731 1361 θανάτου
1767 1307 1906 1360 vos!-

318 1410 429 1469 ται.
457 1392 533 1445 Οὐ
559 1392 670 1462 γάρ
706 1392 853 1446 θέλει
880 1392 972 1447 τὸν
1000 1392 1232 1450 θάνατον
1260 1395 1371 1450 τῶν
1401 1395 1707 1467 ἀνθρώπων
1734 1414 1906 1469 προη-

319 1464 625 1554 γὸυμένως,
651 1483 777 1538 οὔτε
814 1488 980 1551 ποιεῖ,
1028 1486 1222 1559 ὥσπερ
1262 1486 1387 1541 οὐδὲ
1430 1464 1529 1559 τήν
1562 1488 1745 1542 αἰτίαν
1782 1464 1907 1544 τού-

317 1595 412 1631 του
437 1579 538 1646 τήν
564 1577 846 1649 ἁμαρτίαν
871 1593 888 1610 °
920 1578 1060 1633 ἀλλὰ
1089 1579 1191 1651 τὴν
1234 1579 1334 1653 τῆς
1367 1580 1717 1653 δικαιοσύνης
1750 1580 1905 1653 τάξιν

320 1671 414 1723 καὶ
448 1671 590 1725 πάνυ
625 1669 970 1741 βουλόμενος,
998 1666 1067 1745 ἦς
1105 1675 1223 1727 ἐστι
1269 1672 1331 1727 τὸ
1360 1676 1475 1738 τοῖς
1519 1675 1903 1747 ἁμαρτάνουσι

317 1762 478 1834 ,δίκην
507 1762 813 1832 ἐπάγεσθαι
859 1764 1108 1839 ἑπομένῃ
1137 1763 1378 1835 θελήσει,
1411 1765 1562 1819 θέλει
1608 1767 1776 1821 αὑτὸν
1809 1769 1904 1822 καὶ

320 1858 498 1909 ποιεῖ·
534 1857 585 1909 εἰ
636 1855 731 1911 καὶ
782 1857 970 1919 ἐλέους
1004 1856 1306 1929 ὑπερσολῇ.
1354 1858 1449 1912 καὶ
1492 1858 1899 1932 φιλανθρωπίᾳ.

1280 446 1658 508 EPISTOLA
1708 448 1807 508 DE
1841 443 2618 513 PREDESTINATIONE.

319 566 421 636 μὲν
474 560 917 625 ἀπαλλάττοντος
960 562 1054 616 τοῦ
1101 561 1241 616 Θεοῦ
1275 563 1619 634 παραδόξως,
1669 564 1744 628 ὡς
1771 563 1907 619 οὕτω

2016 566 2348 636 neutiquam
2387 566 2786 637 aggrediuntur

3492 451 3606 515 £62

2835 582 2849 621 :
2898 568 2994 624 sed
3026 568 3332 629 manifeste
3362 585 3388 620 a
3429 576 3608 626 ntnrte

2010 665 2065 710 et
2098 670 2220 723 qua:
2257 665 2452 724 praeter
2499 665 2749 711 naturam
2799 666 2928 713 sunt
2976 658 3350 720 liberationes,
3394 658 3526 711 nihil
3574 674 3603 711 a

2009 746 2422 815 resurrettione
2473 745 2788 805 dill‘erentes
2816 791 2830 814 ,
2887 749 3376 820 pra-terminantur
3414 749 3515 803 hac
3549 749 3602 802 in

2009 848 2189 908 parte,
2233 848 2431 911 utpote
2472 856 2595 910 ψιαι
2627 841 2807 895 ordini
2844 843 3356 911 prazdestinatorum
3391 841 3606 897 contin-

2008 942 2138 1003 gant
2171 947 2187 986 :
2222 940 2351 987 tunc
2377 934 2596 1003 quidem
2633 933 2940 991 incredibili
2983 934 3143 988 modo
3180 934 3443 990 liberantc
3472 934 3603 997 Deo,

2006 1022 2153 1093 quod
2186 1022 2266 1087 sic
2304 1023 2438 1089 ipsis
2463 1023 2759 1095 expediat,
2792 1032 2845 1079 et
2882 1039 3073 1079 eorum
3107 1025 3373 1079 voluntati
3423 1006 3606 1079 conci-

2007 1124 2103 1177 nat
2134 1130 2149 1168 :
2186 1115 2324 1171 alias
2356 1132 2484 1171 vero
2522 1117 2685 1170 etiam
2722 1125 2946 1186 propter
2982 1126 3278 1185 utrumque
3324 1115 3434 1171 Deo
3473 1132 3607 1170 cou-

2006 1208 2239 1277 cedcnte
2268 1208 2405 1278 ipsis
2433 1217 2490 1261 ut
2523 1207 2760 1279 migrent
2794 1222 2825 1262 e
2862 1206 2994 1273 vita,
3035 1216 3130 1262 aut
3171 1217 3363 1261 natura
3395 1208 3603 1262 subrui;

2008 1300 2299 1363 nistrante.
2333 1310 2427 1354 aut
2460 1301 2506 1353 vi
2539 1300 2824 1372 tyrannica
2863 1303 3138 1371 exigente.
3185 1300 3464 1356 Suilii-ient
3505 1302 3605 1370 igi-

2009 1402 2097 1453 tur
2149 1395 2263 1449 hate
2315 1393 2382 1447 ad
2432 1408 2660 1463 scopum
2719 1403 2967 1449 nostrum
3024 1394 3434 1459 clucidattdum,
3484 1412 3600 1450 non

2010 1487 2193 1555 minus
2257 1486 2324 1540 ad
2381 1486 2630 1545 veritatis
2698 1486 3254 1550 commemlatiOnem,
3315 1502 3480 1557 quant
3538 1489 3605 1541 ad

2008 1578 2262 1642 Det-toris
2289 1579 2614 1643 sententiam
2653 1579 2936 1633 tuendam.
2969 1577 3128 1646 Quod
3160 1580 3202 1633 si
3238 1579 3290 1633 in
3321 1579 3600 1651 Sapientia

2006 1671 2230 1736 diritur,
2296 1689 2316 1724 ι
2352 1670 2492 1726 Deus
2555 1681 2787 1725 mortem
2848 1687 2955 1724 non
3008 1670 3174 1734 fecit,
3214 1689 3233 1723 ι
3290 1670 3395 1726 hoc
3452 1671 3603 1741 juxta

2005 1780 2232 1827 causam
2296 1764 2491 1820 mortis
2543 1762 2885 1832 intellignur.
2936 1761 3069 1816 Nam
3104 1777 3212 1818 non
3260 1762 3376 1818 vult
3424 1764 3605 1817 homio

2010 1871 2138 1909 num
2185 1864 2413 1909 mortem
2458 1854 2750 1925 pransipue,
2808 1869 2986 1923 neque
3042 1852 3211 1908 facit:
3242 1853 3390 1908 sicut
3423 1868 3602 1922 neque

321 1949 417 2002 καὶ
463 1948 652 2004 τοῦτον
698 1949 813 2013 τοίς
845 1949 1062 2013 τέκνοις
1095 1950 1311 2025 μυρίοις
1353 1951 1578 2023 τρόποις
1624 1953 1904 2020 οἰκονομεῖ

2014 1962 2229 2014 causam
2268 1946 2464 2017 ipsius,
2508 1955 2788 2018 peccatum
2832 1964 2845 1999 :
2877 1947 2970 2001 sed
3015 1945 3158 2015 quod
3198 1945 3426 2017 justitiae
3452 1946 3602 1999 ordi-

320 2041 457 2110 πρὸς
491 2040 550 2094 τὸ
573 2040 806 2111 βέλτιον,
843 2042 940 2096 καὶ
983 2043 1124 2113 πρὸς
1156 2044 1483 2114 εὐεργεσίαν
1525 2046 1593 2116 τῇ
1619 2048 1772 2119 κοινῇ
1805 2046 1899 2099 τοῦ

319 2133 511 2200 γένους
540 2133 726 2203 ποινῇ,
754 2132 890 2203 πρὸς
921 2132 1014 2198 οὓς
1045 2134 1111 2188 ἂν
1133 2133 1403 2206 βούλοιτο,
1434 2137 1529 2189 καὶ
1553 2136 1765 2206 πρέπον
1790 2137 1898 2207 εἴη,

320 2224 604 2294 πατρικῶς
640 2226 972 2298 ἀποχρῆται.
1010 2226 1121 2281 Καὶ
1155 2228 1241 2282 διὰ
1286 2227 1447 2282 τοῦτο
1472 2230 1531 2282 ἰν
1562 2231 1627 2299 τῇ
1671 2236 1719 2287 α’
1747 2243 1762 2260 ⁰
1792 2230 1903 2284 τῶν

322 2316 613 2371 [lactistth
630 2316 849 2385 λέγεται
874 2333 889 2349 ⁸
915 2336 935 2371 ι
968 2316 1173 2389 Κύριος
1195 2318 1422 2374 θανατοί
1436 2320 1531 2375 καὶ
1554 2318 1816 2388 ζωογονεῐ
1836 2340 1850 2355 ·
1878 2340 1898 2373 ι

316 2409 416 2479 οὐχ
436 2411 519 2472 ὡς
571 2408 677 2483 ἰδίᾳ
721 2410 1056 2480 πράττοντος
1110 2412 1274 2483 μόνον
1322 2413 1608 2484 ἑκάτερον,
1644 2412 1674 2466 δ
1708 2418 1905 2468 ταυτόν

319 2501 436 2553 ἐστι
463 2499 541 2570 τῷ
578 2501 827 2565 θέλοντος
868 2503 1133 2572 ἑκάτερον
1155 2502 1428 2571 γίνεσθαι,
1458 2502 1535 2568 ὡς
1561 2504 1729 2561 αὑτοῦ
1760 2505 1906 2574 ζωῆς

320 2594 412 2645 καὶ
445 2591 682 2647 θανάτου
715 2592 814 2663 τὴν
868 2593 1120 2660 ἐξουσίαν
1163 2595 1407 2666 ἔχοντος,
1455 2595 1572 2650 ἀλλ’
1603 2596 1680 2660 ὡς
1715 2600 1810 2651 καὶ
1846 2601 1906 2651 ἐν

319 2684 395 2751 τῷ
444 2684 713 2739 θανατοῦν
764 2686 1030 2750 πολλάκις
1080 2669 1483 2758 ζωογονοῦντος
1531 2691 1629 2744 καὶ
1670 2692 1780 2749 -τδν
1811 2692 1906 2746 τοῦ

319 2777 551 2833 θανάτου
599 2779 793 2851 χρόνον
819 2780 920 2835 καὶ
955 2781 1161 2850 τρόπον
1208 2783 1345 2850 πρδς
1372 2780 1435 2835 τὺ
1478 2784 1782 2857 συμφέρον,
1812 2784 1908 2838 καὶ

320 2869 418 2939 τὴν
453 2872 884 2942 προωρισμένην
915 2869 1086 2939 ζωὴν,
1120 2871 1339 2936 πολλοῖς
1372 2872 1788 2944 οἰκονομοῦντος
1813 2876 1908 2931 καὶ

318 2962 626 3024 τάττοντος.
647 2963 757 3015 Καὶ
779 2957 936 3025 αὖθις
964 2964 1012 3016 εἰ
1035 2962 1094 3018 ἐν
1111 2961 1190 3033 τῷ
1229 2960 1634 3034 Ἐκκλησιαστῇ
1662 2963 1905 3032 λέγεται,

324 3075 345 3109 ι
383 3057 623 3126 ’Δφῆκεν
647 3056 831 3121 ὁΘεδς
862 3057 955 3113 τὸν
979 3056 1273 3130 ἄνθρωπον
1301 3058 1362 3112 ιν
1378 3060 1444 3130 τῇ
1476 3057 1644 3129 βουλῇ
1664 3059 1762 3129 τῆς
1794 3076 1911 3129 χει-

324 3150 415 3218 ρός
438 3149 623 3214 αὑτοῦ,
659 3168 678 3203 ι
708 3150 757 3203 εἰ
790 3150 884 3206 καὶ
914 3150 1153 3222 μάλιστα
1194 3150 1326 3224 περὶ
1370 3151 1480 3207 τῶν
1501 3151 1908 3224 ἀποδεδοκιμα-

322 3243 533 3309 σμένων
575 3241 735 3296 τοῦτο
771 3246 946 3299 νοοίτο
973 3244 1063 3309 ἂν,
1093 3244 1228 3299 ἀλλὰ
1257 3244 1354 3300 καί
1388 3247 1554 3305 πᾶσιν
1584 3246 1775 3311 ἁπλῶς
1804 3247 1904 3317 τήν

319 3337 417 3404 τῆς
445 3335 933 3411 αὐτεξουσιότητος
982 3337 1298 3409 ἐλευθερίαν
1346 3343 1790 3411 προσμαρτυρεί.
1828 3340 1905 3394 Ού

321 3430 428 3497 γὰρ
477 3430 714 3493 ἄκοντας
767 3410 918 3487 ἕλκει
963 3430 1103 3500 πρδς
1158 3431 1439 3499 τάγαθὸνο
1474 3426 1520 3501 ᾧ
1551 3431 1599 3487 δ’
1631 3410 1699 3487 ἂν
1754 3433 1914 3488 αὐτοὶ

322 3520 753 3592 προαιρούμενοι
781 3521 1099 3597 πράττοιεν,
1135 3524 1376 3592 ἐπόπτης
1405 3524 1558 3580 ἐστὶν
1599 3525 1784 3587 αὐτὸς,
1815 3524 1913 3585 καὶ

320 3612 611 3683 διανομεῦς
662 3614 774 3673 τῶν
831 3615 1219 3686 ἁρμοττόντων
1277 3615 1521 3685 ἑκάστῳ,
1558 3618 1657 3672 καὶ
1689 3615 1779 3669 διὰ
1810 3616 1914 3688 τὴν

322 3705 777 3778 αὐτεξουσιότητα
796 3706 893 3780 τῆς
925 3706 1074 3771 θείας
1103 3708 1205 3763 οὐκ
1248 3707 1594 3777 ὲξαιροΰνται
1643 3709 1912 3787 Προνοίας

323 3796 437 3851 οὔτ’
472 3800 565 3852 ἐπὶ
593 3798 654 3853 τὸ
678 3801 886 3871 χεῖρον,
912 3799 1027 3854 οὔτ’
1051 3799 1146 3854 ἐπὶ
1172 3801 1230 3853 τὸ
1255 3799 1464 3871 βέλτιον
1486 3801 1697 3867 αὐτοῖς,
1723 3801 1914 3868 ἁπλῶς

321 3891 377 3945 δὲ
405 3891 614 3956 άγαθόν
644 3909 705 3947 τε
739 3893 834 3948 καὶ
865 3893 1102 3949 δίκαιον.

2007 2060 2132 2103 nem
2165 2041 2392 2103 omnino
2429 2040 2557 2094 velit
2589 2058 2602 2095 :
2633 2039 2793 2109 cujus
2845 2053 3042 2093 munus
3076 2046 3194 2102 est,
3239 2038 3595 2107 peccantibus

2005 2152 2200 2208 pronas
2228 2136 2491 2205 irrogare,
2510 2132 2867 2202 consequenti
2890 2131 3190 2192 voluntate.
3210 2130 3325 2184 vult
3352 2130 3525 2198 ipsam
3552 2139 3607 2183 et

2008 2228 2131 2284 facit
2157 2246 2170 2293 ;
2199 2226 2303 2283 etsi
2338 2223 2730 2283 misericordiae
2759 2237 3010 2283 excessu.
3030 2229 3085 2275 et
3116 2222 3447 2293 benignitate
3473 2238 3604 2288 erga

2008 2317 2451 2381 ltontines.etiaut
2485 2313 2675 2381 liberis
2700 2313 2910 2369 obitum
2940 2313 3243 2377 innumeris
3271 2301 3444 2367 modis
3497 2312 3609 2367 dis-

2007 2421 2202 2482 pensat
2251 2408 2319 2464 ad
2350 2409 2542 2471 melius
2570 2415 2626 2463 et.
2656 2407 2722 2461 ad
2752 2405 3490 2479 beneﬁcentiam,communi
3515 2421 3606 2474 ge-

2008 2501 2507 2583 neris-supplicio;
2553 2515 2680 2570 erga
2728 2514 2823 2554 eos
2854 2514 2995 2567 quos
3031 2498 3284 2562 voluerit,
3316 2505 3371 2551 et
3406 2499 3606 2571 derens

2011 2596 2196 2659 fuerit,
2233 2605 2464 2665 paterno
2495 2590 2692 2646 aﬂ'ectu
2734 2590 3094 2661 indulgendo.
3132 2588 3196 2643 Et
3229 2601 3512 2659 propterea
3551 2591 3603 2643 iu

2007 2692 2185 2762 primo
2217 2690 2422 2757 Regum
2451 2689 2673 2755 dieitur,
2716 2686 3014 2742 «Dominus
3055 2684 3345 2740 mortitieat
3374 2691 3431 2739 et
3464 2683 3603 2737 vivi-

2010 2782 2155 2837 licat.
2186 2798 2207 2832 ι
2244 2780 2360 2835 Non
2398 2789 2654 2850 tanquam
2702 2777 2921 2846 proprie
2964 2791 3131 2847 agens
3186 2775 3364 2830 solum
3397 2775 3607 2827 altern-

2009 2880 2155 2927 trnm
2185 2889 2198 2925 :
2224 2870 2370 2942 quod
2403 2870 2542 2924 idem
2566 2880 2650 2925 εει
2679 2884 2743 2923 ac
2771 2867 2816 2933 si
2836 2868 3041 2924 diceret
3088 2868 3276 2922 volens
3303 2877 3599 2935 utrumque

2012 2967 2151 3030 fieri,
2206 2981 2271 3021 eo
2317 2963 2465 3033 quod
2498 2962 2613 3033 ipse
2647 2962 2772 3016 vitae
2816 2970 2873 3017 et
2919 2961 3112 3017 mortis
3154 2969 3475 3031 potestatem
3508 2959 3610 3013 ha-

2011 3061 2137 3116 beat
2176 3074 2190 3114 :
2229 3057 2328 3115 sed
2358 3057 2515 3127 quasi
2541 3057 2706 3111 etiam
2747 3057 2803 3111 in
2838 3056 3220 3111 mortilleando
3255 3071 3399 3126 smpe
3431 3054 3607 3109 viviti-

2009 3160 2119 3217 cet,
2147 3166 2214 3206 ac
2247 3150 2442 3206 mortis
2475 3157 2693 3219 tempus
2727 3158 2781 3203 et
2829 3148 3051 3204 modum
3089 3148 3156 3203 ad
3185 3148 3237 3204 id
3272 3147 3417 3218 quod
3447 3162 3611 3217 expe-

2022 3245 2123 3309 dit,
2168 3251 2222 3302 et
2256 3244 2423 3298 vitam
2472 3240 2917 3314 prmdestinatam
2968 3242 3154 3296 multis
3205 3241 3517 3296 moderetur
3551 3248 3607 3292 et

2015 3337 2254 3397 ordinet.
2281 3337 2359 3395 Ae
2387 3351 2581 3392 rursus
2614 3335 2659 3392 si
2693 3336 2748 3389 in
2777 3334 3103 3391 Ecclesiaste
3136 3333 3361 3396 dicitur.
3402 3353 3420 3385 ι
3462 3333 3609 3386 ιιι-ιε·
3712 3328 3719 3329 “

2017 3434 2140 3501 quit
2192 3430 2336 3487 Deus
2410 3431 2690 3487 hominem
2743 3429 2797 3485 itt
2867 3444 3062 3483 mamts
3120 3442 3234 3482 Suae
3303 3426 3607 3495 consilio.»

2020 3525 2245 3580 Etiamsi
2272 3523 2341 3579 de
2375 3523 2688 3594 reprobatis
2718 3523 3064 3593 potissimum
3094 3520 3197 3575 hoc
3227 3518 3455 3589 intelligi
3486 3533 3615 3589 pos-

2006 3618 2114 3682 sit,
2147 3617 2408 3677 erunibus
2455 3625 2636 3673 tamen
2684 3614 2936 3670 absolute
2984 3621 3275 3667 attestatur
3307 3611 3613 3665 libertatem

2023 3707 2240 3765 arbitrii
2276 3724 2291 3762 :
2326 3724 2432 3763 non
2484 3707 2631 3764 enim
2683 3706 2883 3761 invitos
2933 3706 2999 3760 ad
3049 3705 3254 3759 bonum
3299 3702 3488 3758 trahit.
3542 3701 3618 3757 At

2021 3816 2210 3857 eorum
2237 3815 2359 3871 qua:
2403 3800 2649 3855 volentes
2705 3808 2920 3869 agerent
2948 3796 3209 3861 [luminas
3229 3795 3616 3862 eStins,eetor

2025 3903 2081 3947 et
2111 3892 2437 3949 distributor
2462 3907 2652 3946 corum
2682 3907 2805 3961 qua:
2832 3889 3103 3959 quadrant
3133 3889 3448 3959 unicuique.
3492 3887 3617 3942 Haec

323 3996 540 4057 propter
563 3988 794 4044 liberum
832 3989 1124 4045 arbitrium
1153 4003 1262 4045 non
1309 3990 1630 4048 eximuntur
1665 4006 1693 4046 a
1725 3989 1917 4046 divina
1961 3986 2337 4054 Providentia,
2370 4001 2551 4057 neque
2575 3989 2630 4041 in
2672 3978 2868 4041 melius
2908 4001 3087 4058 neque
3150 3986 3203 4040 in
3238 3987 3393 4056 pejus
3456 3983 3613 4058 ipsis,

324 4081 417 4136 srd
460 4083 689 4139 omnino
718 4083 777 4139 in
808 4081 1014 4149 bonum
1044 4092 1099 4139 et
1118 4083 1353 4153 justum.

393 4176 619 4241 Τούτοις
650 4180 745 4232 καὶ
792 4179 904 4243 τοίς
950 4178 1216 4243 τοιούτοις
1261 4178 1291 4232 ὀ
1326 4178 1505 4249 μέγας
1550 4178 1691 4251 ἢχθη
1743 4176 1908 4233 Βασί-

323 4270 491 4334 λειος,
524 4272 711 4324 ἐκεῖνα
746 4270 876 4341 περὶ
903 4269 1014 4325 τῶν
1046 4270 1143 4341 τῆς
1178 4268 1325 4340 ζωῆς
1354 4271 1499 4340 ὅρων
1528 4270 1808 4324 διδάσκειν
1841 4269 1911 4324 τὸ.

322 4363 508 4425 τέκνα,
544 4364 744 4432 καὶτῷ
792 4363 924 4435 θείῳ
959 4366 1260 4434 προσάγειν
1294 4363 1495 4427 αὐτοὺς
1529 4364 1781 4419 ἐντεῦθεν
1819 4362 1912 4417 θε-

324 4452 551 4522 λήματι,
602 4451 881 4524 προῦργου
916 4452 1018 4524 μὲν
1063 4452 1356 4522 θεολογῶν,
1398 4453 1681 4524 ἑπομένως
1727 4453 1786 4508 δὲ
1817 4457 1910 4507 καὶ

324 4543 460 4613 πρὸς
494 4544 562 4597 τά
610 4543 717 4615 non
771 4543 1092 4612 λυσιτελῶς,
1137 4543 1167 4597 ὃ
1201 4547 1312 4609 τοῖς
1362 4543 1706 4610 διδασκάλοις
1738 4547 1909 4600 πᾶσιν

2086 4169 2182 4228 His
2208 4184 2272 4230 ac
2301 4166 2500 4226 talibus
2523 4182 2752 4237 magnus
2775 4167 3001 4223 Basilius
3028 4165 3295 4222 adductus
3324 4176 3405 4222 est
3430 4173 3488 4220 ut
3524 4165 3615 4221 llla

2014 4269 2083 4326 de
2122 4270 2246 4326 vitae
2276 4267 2478 4324 ﬁnibus
2508 4266 2732 4321 doceret
2763 4264 2927 4330 lilios,
2960 4272 3123 4335 atque
3155 4278 3250 4319 eos
3277 4267 3341 4318 ad
3373 4262 3615 4318 divinant

2014 4363 2351 4427 voluntatem
2388 4359 2515 4414 inde
2546 4358 2840 4412 adduceret
2869 4373 2884 4423 ;
2917 4357 3170 4413 consulto
3204 4355 3424 4425 quidem
3457 4356 3617 4410 theo-

2013 4458 2198 4530 logum
2231 4470 2397 4527 agens
2422 4454 2490 4509 de
2513 4451 2623 4509 Deo
2644 4442 2991 4511 diss’érendo,
3012 4457 3409 4519 consequenter
3429 4460 3612 4505 autem

2013 4552 2222 4606 utiliter
2253 4565 2541 4606 sermones
2581 4547 2648 4604 ad
2684 4563 2867 4603 mores
2896 4546 3219 4613 referendo;
3270 4546 3323 4600 in
3370 4562 3480 4615 quo
3513 4545 3615 4599 do-
3660 4582 3666 4587 .

324 4636 712 4690 ὲσπούδασται.
750 4638 860 4693 Καὶ
890 4639 940 4692 εἰ
971 4636 1289 4709 μηδαμόθεν
1316 4637 1544 4692 ἄλλοθεν
1577 4639 1645 4691 tit
1686 4638 1907 4695 τοιαῦτα

2021 4652 2208 4699 ctores
2262 4642 2458 4700 dotales
2508 4643 2754 4697 studium
2817 4651 2981 4711 atque
3044 4657 3269 4713 Operam
3321 4640 3611 4697 culloranl.

324 4723 469 4797 εἶχεν
514 4728 733 4794 εἰδέναι,
775 4727 869 4782 τοῦ
910 4728 1045 4799 γοῦν
1078 4731 1363 4802 προφήτου
1397 4729 1565 4784 Δασὶδ
1596 4730 1741 4797 me"
1774 4733 1913 4803 ἠμέ-

326 4836 428 4889 ραν
464 4820 632 4890 ήκουε
666 4820 940 4889 λέγοντος,
979 4822 1075 4875 καὶ
1102 4821 1204 4876 οὐκ
1255 4821 1323 4876 ἂν
1348 4816 1463 4891 εἶχε
1505 4821 1598 4876 τδν
1626 4821 1721 4878 τοῦ
1761 4821 1911 4879 θείου

325 4912 556 4983 κάτοχον
590 4911 1069 4983 παρακρούεσθαι.
1105 4914 1312 4968 Ἦκουε
1339 4914 1395 4968 δὲ
1424 4912 1592 4968 αύτοῦ
1624 4913 1907 4983 λέγοντος’

329 5023 347 5054 ι
390 5004 657 5071 Γνώρισόν
704 5022 818 5074 μοι,
850 5005 1047 5077 Κύριε,
1075 5004 1194 5059 ὁδὸν
1223 4999 1346 5079 ὲνῇ
1391 5008 1768 5077 πορεύσομαι·
1814 5008 1911 5061 καὶ

324 5096 589 5166 γνὼρισόν
621 5110 713 5166 μοι
735 5096 796 5171 τὸ
814 5099 987 5169 πέρας
1020 5114 1123 5168 μου
1145 5100 1239 5152 καὶ
1267 5098 1359 5151 τὸν
1379 5099 1616 5169 ἀριθμὸν
1635 5098 1745 5155 τῶν
1776 5101 1912 5171 ἡμε-

327 5189 435 5256 ρῶν
461 5206 563 5259 μου
583 5189 669 5253 τίς
689 5190 859 5244 ἐστιν.
892 5210 911 5243 ι
943 5189 1160 5246 Οὐκοῦν
1190 5191 1323 5263 παρ’
1347 5192 1550 5252 εἰδότος
1584 5190 1771 5262 ἐζήτει
1802 5211 1907 5265 μα-

326 5279 458 5345 θεῖν,
487 5280 563 5344 ὡς
593 5281 691 5335 καὶ
718 5281 1030 5351 ὡρισμένον
1064 5282 1289 5347 εἰδότος,
1319 5283 1414 5337 καὶ
1446 5284 1640 5355 μαθεῖν
1667 5285 1912 5355 ὡρισμέ-

330 5387 432 5425 νον.
459 5372 573 5425 Καὶ
608 5372 697 5427 ἵνα
728 5375 924 5445 μηδεὶς
953 5374 1052 5447 ἔχῃ
1084 5376 1286 5445 λέγειν,
1311 5375 1386 5440 ὡς
1417 5375 1537 5448 ᾔδει
1567 5376 1669 5444 μὲν
1703 5379 1730 5430 ὁ
1757 5376 1911 5443 Θεὸς,

327 5464 419 5515 καὶ
446 5464 536 5517 διὰ
564 5464 725 5519 τοῦτο
756 5467 1169 5524 ἀποκαλύπτειν
1203 5463 1381 5534 εἶπεν,
1430 5470 1591 5540 εἰπερ
1626 5470 1910 5538 ἠϐούλετο,

322 5554 423 5607 οὐκ
453 5549 569 5624 εἶχε
599 5555 657 5608 δὲ
680 5558 947 5627 πράττειν
977 5560 1037 5611 ὲν
1068 5560 1182 5623 τοῖς
1221 5558 1489 5623 τοιούτοις
1523 5563 1589 5631 τῇ
1625 5561 1786 5630 φύσει
1820 5564 1915 5617 καὶ

322 5647 432 5708 τοῖς
462 5645 643 5709 ἄλλοις
691 5649 884 5714 αἰτίοις
930 5650 1247 5713 ὃπως-ποτὲ
1274 5651 1430 5705 ταῦτ’
1457 5653 1785 5723 ἐπιτρέψας,
1818 5654 1913 5708 ἀ).-

324 5735 487 5807 λαχοῦ
516 5739 680 5793 πάλιν
698 5739 864 5808 φησίν
885 5756 896 5769 ·
918 5760 937 5793 ι
963 5742 1234 5811 Ἑξάγαγε
1254 5746 1317 5797 ἐκ
1337 5745 1713 5817 φυλακῆςτήν
1735 5746 1915 5819 ψυχήν

330 5846 454 5898 μου.
491 5848 511 5883 ι
539 5831 649 5885 Καὶ
672 5832 774 5886 οὐκ
795 5833 978 5903 ἐζήτει
1011 5833 1192 5886 θανεῖν
1222 5836 1433 5902 ἁπλῶς,
1467 5838 1648 5892 εἴτουν
1669 5841 1914 5893 ἀπαλλα-

327 5923 512 5992 γῆναι,
561 5923 723 5981 τοῦτο
780 5927 890 5998 γὰρ
942 5927 1038 5981 καὶ
1086 5927 1164 6001 μή
1201 5929 1494 6001 ζητούντος
1536 5932 1731 6003 ἔμελλέ
1783 5951 1913 5989 ποτε

2017 4735 2172 4804 Quod
2195 4736 2239 4790 si
2264 4734 2685 4807 haudquaquam
2709 4735 2930 4790 aliunde
2954 4733 3078 4788 talia
3106 4744 3386 4806 perspecta
3412 4732 3613 4787 habere

2021 4837 2225 4903 posset,
2265 4829 2459 4884 saltem
2494 4828 2818 4899 prophetam
2850 4828 3107 4883 Davidctn
3138 4826 3383 4896 quntidie
3410 4829 3615 4895 dicen-

2020 4931 2129 4976 tem
2176 4920 2522 4976 auscultabat
2577 4936 2591 4973 :
2652 4936 2753 4987 nec
2807 4920 3000 4994 utique
3052 4921 3320 4992 patuisset
3369 4920 3611 4975 alﬂatum

2018 5000 2246 5077 nu'mitte
2275 5014 2570 5083 rxplodcre
2591 5031 2603 5068 :
2624 5014 2901 5080 audiebat,
2935 5014 3177 5083 inquam,
3196 5023 3373 5066 vatem
3403 5011 3612 5082 regium

2018 5105 2314 5168 dicentem,
2352 5125 2370 5158 ι
2412 5105 2602 5162 Notam
2639 5106 2723 5160 lae
2755 5105 2884 5160 n'ihi
2914 5104 3054 5160 viam
3081 5104 3134 5165 in
3159 5118 3261 5174 qna
3304 5103 3609 5175 ambulem,

2016 5207 2073 5254 ct
2122 5208 2311 5261 notum
2362 5198 2449 5253 fac
2500 5199 2633 5259 mihi
2691 5201 2891 5266 linem;
2946 5204 3002 5252 et
3046 5210 3340 5261 numerum
3399 5195 3610 5249 dierum

2018 5305 2268 5344 meorum
2312 5291 2437 5361 quis
2481 5300 2585 5346 est.
2640 5308 2659 5342 ι
2716 5289 2985 5357 Quocirca
3041 5291 3110 5343 ab
3156 5301 3222 5342 eo
3265 5287 3357 5357 qui
3400 5287 3614 5342 scit-hat

2019 5381 2236 5438 discere
2266 5385 2566 5454 qumrcbat,
2592 5391 2649 5437 ut
2677 5383 2746 5438 ab
2774 5398 2840 5438 eo
2869 5382 3035 5447 etiam
3068 5380 3159 5450 qui
3183 5379 3610 5451 determinatam

2020 5477 2213 5542 sciret,
2261 5486 2317 5531 ct
2368 5476 2584 5531 discere
2639 5476 2834 5531 avebat
2886 5475 3032 5545 quod
3089 5473 3419 5529 destinatum
3468 5483 3608 5528 erat.

2021 5569 2199 5638 Atque
2254 5577 2312 5623 ut
2361 5583 2522 5623 nemo
2570 5568 2757 5623 dicere
2791 5577 2962 5639 queat
3000 5564 3147 5638 quod
3184 5565 3352 5618 sein-1
3385 5563 3610 5632 quidem

2022 5660 2187 5726 Deus,
2222 5669 2276 5715 et
2313 5661 2515 5714 idcirco
2553 5659 2795 5714 revelare
2831 5666 3037 5728 pOSset,
3075 5657 3119 5713 si
3151 5655 3370 5725 quidem
3404 5652 3609 5707 vellet:

2022 5756 2396 5808 verumtamen
2436 5765 2544 5803 nou
2594 5750 2822 5805 haberet
2867 5764 3029 5820 agere
3062 5748 3114 5802 in
3158 5747 3361 5801 talibus
3414 5754 3611 5799 natura

2022 5843 2254 5913 aliisque
2285 5844 2473 5899 causis
2509 5861 2522 5896 :
2550 5846 2826 5913 quoutodo
2870 5844 2954 5899 his
2987 5841 3295 5912 pertttissiS.
3325 5840 3452 5893 alibi
3492 5854 3612 5891 Πιτ-

2023 5951 2120 5993 sus
2164 5936 2257 6003 ait,
2291 5955 2310 5989 ι
2353 5936 2504 5994 Educ
2540 5952 2569 5994 c
2620 5937 2871 5995 tuatodia
2903 5938 3143 5995 attimatn
3183 5949 3383 5991 meatu.
3435 5948 3453 5983 ι
3511 5929 3611 5986 Ubi
