4062 6438
434 482 541 553 εδει

1282 545 1310 566 δ

1517 478 1895 541 ΟΕΝΝΑΒΙΙ
1937 482 2021 540 CP
2073 479 2585 540 PATRIARCHE

3601 481 3704 546 56$

434 615 542 654 που
565 596 838 662 quaerebat
855 595 1027 649 emori
1048 594 1416 660 omnino,ltoc
1441 603 1547 660 est,
1572 596 1850 651 discedere
1869 612 1897 648 e
1922 595 2029 650 rita

2150 595 2409 663 γίνεσθαι,
2465 596 2599 648 ἀλλὰ
2633 593 2762 665 θείῃ
2800 594 3094 665 ἐξαχθῆναι
3127 594 3412 664 θελήματι,
3461 597 3554 647 καὶ
3585 598 3715 664 πρὶν

437 689 568 749 (hoc
606 688 751 742 enim
782 688 945 742 etiam
975 702 1082 740 non
1112 688 1374 755 quaerenti
1404 698 1725 741 eventurum
1773 697 1891 741 erat
1924 687 2021 740 ali-

438 780 703 850 quando),
739 795 921 837 verum
972 778 1188 849 petebat
1255 779 1437 834 divina
1499 779 1657 833 educi
1721 780 2025 844 voluntate,

435 875 600 929 etiam
636 873 953 944 priusquam
1002 873 1065 925 ad
1116 881 1453 927 senectutem
1494 872 1822 941 perveniret.
1869 871 2023 927 Ideo-

441 982 549 1038 que
607 968 716 1022 alio
767 966 888 1021 loco
935 965 1101 1030 dicit,
1146 983 1165 1016 ι
1218 963 1295 1019 Ne
1325 980 1549 1020 revoces
1584 981 1670 1019 me
1703 967 1755 1019 in
1796 965 2024 1021 dimidio

440 1059 653 1114 dierum
696 1072 964 1111 meorum.
1007 1057 1198 1126 rAtqni
1232 1072 1336 1112 non
1383 1057 1657 1126 quaerebat
1687 1057 1834 1127 quod
1873 1058 2021 1112 inso-

441 1148 560 1203 lens
586 1157 703 1201 erat
739 1148 939 1203 dirinze
972 1147 1345 1214 providentia,
1377 1147 1503 1202 talis
1542 1162 1666 1201 cum
1701 1155 1868 1212 esset,
1903 1156 1957 1201 et
1993 1163 2022 1202 a

442 1236 649 1308 Spiritu
704 1248 894 1293 sancto
945 1239 1194 1301 edoctus,
1227 1252 1474 1307 quaenam
1508 1249 1695 1305 petere
1718 1248 2023 1308 oporteret.

443 1330 808 1398 Quamobrem
863 1330 1046 1386 educit
1080 1330 1222 1384 Deus
1270 1330 1507 1385 hominis
1550 1331 1791 1385 animum
1823 1345 1890 1385 ex
1925 1331 2030 1386 hac

442 1425 579 1484 sita,
615 1439 737 1477 cum
767 1424 840 1477 ita
870 1423 1240 1483 COItSlilllt’lil,
1267 1422 1350 1475 vel
1384 1423 1435 1475 in
1464 1421 1694 1476 dimidio
1719 1438 1905 1483 cursu,
1933 1429 2029 1476 aut

443 1532 671 1584 prorsus
707 1517 760 1570 in
804 1527 957 1585 parte
1005 1516 1235 1585 quadam
1294 1530 1562 1569 mensura:
1600 1504 2026 1579 ‘comntunioris,

445 1611 701 1665 omnibus
733 1610 823 1678 qui
850 1611 902 1663 iu
933 1608 1045 1661 vita
1082 1608 1397 1677 pcrsistuut,
1428 1616 1483 1661 et
1508 1605 1655 1661 addit
1695 1614 1747 1659 et
1778 1605 2029 1660 conscin-

448 1700 549 1763 dit,
583 1703 725 1756 sicut
757 1701 961 1754 dictum
991 1708 1075 1754 cst
1103 1700 1272 1766 prius.
1309 1699 1437 1753 dum
1470 1709 1561 1752 aut
1596 1699 1677 1753 sic
1726 1697 1846 1768 ipse
1880 1697 2022 1766 judi-

2128 689 2205 749 εἰς
2232 688 2409 756 γῆρας
2437 686 2633 741 ἐλθεῖν.
2657 688 2765 741 Καὶ
2800 687 2886 739 διὰ
2909 686 3071 740 τοῦτό
3091 705 3255 756 φησιν
3283 685 3513 755 ἀλλαχοῦ
3536 704 3547 718 ·
3576 706 3595 738 ε
3622 689 3714 756 Μὴ

2125 778 2409 850 ἀναγάγῃς
2442 797 2506 844 με
2544 781 2602 831 ἒν
2630 778 2817 848 ἡμίσει
2847 779 3068 847 ἡμερῶν
3091 796 3215 847 μου.
3243 797 3261 829 ι
3292 778 3406 831 υύκ
3439 778 3622 847 ἐζήτει
3654 778 3715 831 δὲ

2125 870 2187 923 τὸ
2220 871 2388 937 ἄηθες
2417 873 2484 939 τῇ
2519 873 2639 940 θείᾳ
2678 852 2908 940 προνοίᾳ
2935 871 3182 933 τοιοῦτος
3210 870 3305 934 ὢν,
3341 873 3435 925 καὶ
3464 869 3617 935 εἰδὼς
3651 870 3717 923 ἐκ

2126 964 2221 1018 τοῦ
2252 964 2567 1033 Ιινεύματος
2594 965 2629 1020 ἃ
2649 966 2729 1018 δεῖ
2754 963 3049 1018 αίτεῖσθαι.
3081 962 3296 1017 Οὐκοῦν
3324 964 3506 1031 ἐξάγει
3527 966 3554 1016 ὁ
3581 964 3718 1028 Θεὸς

2126 1059 2226 1127 τὴν
2256 1058 2351 1109 τοῦ
2399 1056 2693 1126 ἀνθρώπου
2724 1054 2904 1125 ψυχὴν
2943 1057 3041 1122 τῆς
3086 1053 3323 1107 ἐνταῦθα
3365 1054 3533 1123 ζωῆς,
3567 1059 3719 1107 ἒπει-

2128 1148 2226 1202 δὰν
2256 1148 2493 1218 βουληθῇ
2531 1150 2588 1200 ὲν
2623 1149 2698 1216 τῷ
2745 1147 2959 1217 ἡμίσει,
3012 1146 3043 1215 ἢ
3074 1144 3213 1207 ὅλως
3265 1145 3421 1213 μέρει
3457 1146 3588 1205 τινὶ,
3618 1144 3715 1198 τοῦ

2132 1243 2269 1294 πᾶσι
2297 1241 2620 1308 καινοτέρου
2671 1239 2872 1309 μέτρου
2917 1240 3030 1300 τοῖς
3059 1240 3116 1290 ὲν
3144 1240 3209 1307 τῇ
3258 1236 3370 1306 ζωῇ
3404 1237 3715 1306 διαρκι-ὖσι,

2129 1332 2227 1385 καὶ
2287 1331 2618 1402 προστίθησι
2673 1331 2765 1383 καὶ
2815 1331 3124 1398 συντέμνει,
3192 1330 3445 1397 καθάπερ
3500 1328 3716 1398 εἴρηται

2135 1423 2426 1495 πρότερον,
2456 1423 2489 1494 ἦ
2528 1423 2675 1477 οὕτω
2707 1424 2912 1494 κρίνων
2940 1423 3121 1486 αὐτὶς,
3155 1422 3188 1492 ἦ
3221 1424 3317 1475 καὶ
3357 1423 3471 1485 τοῖς
3493 1423 3719 1491 εὐχομέ-

2136 1534 2246 1579 νοις
2307 1518 2696 1587 χαριζόμενος,
2761 1516 2955 1587 ὲκείνῳ
3026 1515 3173 1586 μόνῳ
3238 1518 3716 1583 προεγνωσμένον,

2137 1607 2390 1679 καθάπερ
2423 1608 2550 1677 ὅρου
2580 1609 2675 1662 καὶ
2704 1609 2962 1678 πέρατος,
2993 1607 3022 1661 δ
3053 1608 3165 1670 τοῖς
3195 1605 3376 1676 ἔργοις
3409 1605 3722 1660 τελευταῖον

2134 1699 2393 1755 ἐκϐαίνει.

446 1808 555 1865 cat,
589 1809 680 1853 aut
716 1800 1065 1869 prconttlibtts
1094 1798 1450 1867 gratitiratnr,
1491 1798 1721 1853 ilti‘soli
1759 1798 2176 1867 praecognitum,
2211 1812 2474 1869 tanquam
2537 1799 2591 1854 in
2652 1799 2886 1868 termino
2940 1807 2995 1856 et
3038 1798 3208 1853 limite
3270 1804 3449 1864 esset,
3489 1794 3722 1868 quodin

446 1894 702 1965 aperibus
737 1894 983 1948 ultimum
1022 1892 1299 1948 nsuvenit.

522 1985 973 2056 Quandoquidem
1006 2001 1137 2037 vero
1192 1985 1461 2047 nonnulli,
1506 1992 1562 2041 ul
1613 1984 1720 2055 ais,
1779 1984 2039 2040 Basilium
2074 1988 2117 2044 Β

444 2075 700 2145 Magnum
735 2084 1082 2137 accusantes,
1112 2090 1175 2129 ac
1207 2087 1488 2144 propterea
1522 2091 1632 2129 non
1665 2074 2036 2140 admittentes,

447 2182 641 2221 rursus
672 2165 1062 2234 expostulant;
1097 2176 1149 2219 tu
1184 2182 1348 2230 nunc,
1387 2169 1471 2220 vir
1509 2166 1881 2229 sanctissime,
1916 2181 2040 2234 per—

445 2258 641 2328 repisli
679 2259 936 2328 praeclare
965 2267 1077 2311 tmn
1112 2258 1549 2320 accusationem,
1584 2268 1695 2310 tum
1729 2240 2047 2326 expostula:

450 2353 677 2415 tionem,
721 2358 1008 2420 quantum-
1039 2349 1345 2422 prudentiaa
1397 2364 1461 2403 ac
1508 2348 1758 2403 veritatis
1822 2350 2040 2404 habeat.

447 2443 908 2500 Animadvertisti
937 2458 1103 2512 porro
1138 2458 1262 2497 eum
1299 2458 1403 2495 non
1438 2441 1811 2512 perfunctorie
1836 2455 2044 2495 sermo-

446 2552 574 2591 nem
604 2536 754 2591 bunc
782 2535 1144 2605 theologicam
1175 2534 1502 2597 instituisse,
1529 2533 1622 2587 sed
1654 2535 1708 2588 in
1742 2549 1861 2587 rem
1893 2542 1946 2588 et
1973 2548 2038 2587 ex

445 2628 693 2699 profess»
720 2646 741 2684 τ
774 2628 887 2683 haec
913 2639 967 2682 et
996 2628 1173 2697 capita
1208 2636 1260 2680 et
1295 2638 1469 2682 metas
1503 2628 1717 2695 pictatis
1752 2627 2039 2679 nominan-

449 2724 522 2778 do
565 2737 638 2778 :a
684 2724 884 2793 quibus
918 2736 1016 2790 par
1055 2736 1163 2775 non
1212 2735 1335 2775 esse
1368 2733 1697 2788 quemquam
1745 2717 2035 2772 deflectere

448 2814 707 2873 audivisti
740 2832 769 2869 a
805 2815 980 2874 nobis.
1017 2816 1220 2884 quippe
1256 2827 1381 2867 cum
1419 2814 1473 2865 in
1510 2812 1576 2865 iis
1609 2825 1801 2865 omnes
1847 2811 2041 2865 docto-

448 2923 542 2964 res
584 2912 725 2963 inter
763 2922 823 2963 se
853 2904 1233 2969 consentiant;
1291 2904 1401 2956 imo
1434 2902 1596 2963 etiam
1653 2901 1836 2955 divina
1875 2915 2039 2971 opera

449 2998 741 3070 legumque
760 3009 963 3054 statuta
995 2998 1287 3052 concinant
1323 3011 1338 3050 :
1375 3005 1428 3048 tu
1459 2995 1599 3064 :rqui
1637 2995 1877 3064 bonique
1913 3009 2044 3048 eon—

451 3093 622 3150 sules.
664 3107 785 3161 qua:
819 3105 885 3144 ex
929 3090 1113 3145 multis
1143 3104 1314 3159 pauca
1362 3089 1456 3143 tibi
1488 3103 1633 3141 nunc
1657 3087 2039 3156 exposuimus,

452 3195 719 3254 quantum
755 3183 993 3237 enodare
1025 3183 1179 3236 licuit
1210 3183 1451 3237 doctoris
1479 3180 1662 3235 eximii
1697 3196 1818 3235 cum
1844 3180 2042 3235 divinis

452 3274 763 3329 renonibus
790 3274 924 3343 ipsis
959 3273 1371 3327 cohaerentiam.
1402 3270 1631 3336 Quando
1665 3278 1845 3322 autem
1881 3284 2041 3337 argu-

456 3380 642 3425 menta
678 3369 732 3421 in
769 3366 1113 3421 contrarium
1146 3364 1363 3418 miseris
1395 3363 1574 3427 nobis,
1612 3378 1731 3432 qua:
1763 3372 1812 3416 te
1846 3375 1875 3413 a
1907 3362 2042 3414 ntttl-

455 3463 529 3518 tis
579 3444 799 3515 audisse
847 3458 1036 3513 dicis:
1076 3456 1361 3511 mittemus
1393 3454 1558 3509 etiam
1608 3456 1673 3507 ad
1720 3462 1771 3507 te
1824 3453 2041 3507 illorum

455 3553 781 3609 sedationes.
818 3549 1085 3616 Quoniam
1126 3563 1250 3602 vero
1290 3548 1402 3600 haec
1438 3545 1620 3599 Basilii
1655 3544 1829 3613 Magni
1866 3559 2044 3597 asser—

457 3648 534 3701 tio
562 3646 627 3700 ad
654 3645 891 3699 divinam
929 3641 1459 3712 pra-destinationem
1502 3639 1694 3701 tendit,
1736 3638 1902 3692 habes
1928 3652 2047 3690 am-

456 3740 609 3810 plum
656 3747 709 3788 ct
754 3735 1094 3790 luculentum
1134 3748 1443 3787 sermonem
1480 3742 1725 3786 uostrmn
1761 3731 1829 3784 de
1868 3731 2047 3799 provi-

458 3832 646 3887 dentia
682 3830 774 3883 Dei
816 3842 870 3881 et
897 3827 1373 3895 prmdestinatioue
1410 3825 1487 3893 (l)
1510 3868 1523 3888 ,
1561 3826 1625 3878 al
1660 3840 1772 3878 rem
1806 3835 1861 3878 et
1892 3838 2048 3875 nsum

461 3939 596 3978 tunc
629 3933 682 3977 et
727 3921 918 3975 scdulo
950 3919 1242 3973 admodum
1283 3935 1309 3969 a
1356 3916 1517 3970 nobis
1557 3920 1952 3985 conscriptum.
1986 3918 2051 3983 (0

420 4030 756 4071 “commune
822 4012 1235 4068 infortunium!
1299 4026 1331 4063 ο
1397 4009 1810 4064 ιιιοεειίςεὶιηθηι
1885 4011 2050 4061 vitam

466 4109 711 4176 meam!)
745 4107 853 4163 illic
883 4106 1045 4163 etiam
1078 4120 1297 4161 omnem
1337 4102 1505 4158 ferme
1538 4103 1772 4158 solutam
1807 4103 2053 4157 invenies

457 4204 840 4273 qmestionem,
890 4216 996 4254 non
1048 4212 1143 4253 eos
1192 4198 1396 4257 solum,
1436 4198 1489 4249 in
1549 4196 1750 4265 quibus
1808 4194 2053 4247 nonnulli

459 4272 752 4350 fluctuant.
788 4293 1001 4347 Etenim
1031 4292 1338 4345 dubitantes
1366 4303 1433 4341 an
1466 4289 1546 4341 fas
1587 4296 1757 4348 esset,
1794 4286 1904 4355 jam
1946 4288 2051 4340 hu-

458 4402 683 4443 manam
709 4384 945 4453 eligendi
970 4384 1250 4452 optionem
1279 4380 1551 4433 emi-arent
1588 4393 1710 4431 esse
1770 4386 2059 4431 autumant

462 4480 519 4531 in
548 4477 617 4530 iis
647 4490 769 4545 qua:
799 4474 902 4529 sub
930 4473 1256 4526 electionem
1286 4470 1510 4528 cadunt,
1535 4478 1623 4521 aut
1655 4469 1928 4532 coronari,
1960 4477 2055 4521 aut

461 4567 648 4636 puniri
722 4564 1079 4634 praepollente
1140 4561 1325 4615 divina
1397 4559 1899 4629 praedesﬁnatione.
1974 4562 2055 4613 An

2228 1984 2384 2038 Ἐπεὶ
2416 1985 2473 2037 δέ
2517 2001 2683 2050 τινες,
2730 1983 2806 2048 ὡς
2854 1984 2981 2056 φῄς,
3043 1984 3205 2038 αὐτὸν
3255 1984 3348 2038 τὸν
3416 1986 3588 2055 μέγαν
3622 1985 3727 2040 Βαο

2146 2073 2346 2129 σίλεισν
2405 2074 2757 2145 αίτιὼμενοι,
2818 2077 2913 2129 καὶ
2962 2075 3050 2128 διὰ
3092 2074 3253 2128 τοῦτο
3305 2076 3378 2145 μὴ
3431 2076 3730 2146 προσιέμε-

2141 2188 2248 2234 νοι,
2295 2167 2452 2233 αὖθις
2483 2169 2865 2234 ὲξαιτιῶνταιθ
2910 2169 2975 2221 σὺ
3013 2167 3127 2229 νῦν,
3159 2167 3446 2232 ὁσιώτατε,
3485 2169 3726 2237 συνῆκας

2150 2262 2250 2332 μὲν
2280 2261 2379 2332 τὴν
2422 2263 2665 2315 αἰτίασιν
2696 2263 2791 2314 καὶ
2834 2261 2935 2329 τὴν
2965 2260 3267 2325 ὲξχιτίασιν
3296 2261 3499 2326 καλῶς,
3530 2260 3730 2314 ὁπόσον

2145 2353 2261 2424 ἔχει
2292 2352 2611 2423 φρονήσεώς
2652 2369 2711 2405 τε
2758 2353 2854 2406 καὶ
2876 2351 3157 2420 ·ἁληθείας
3185 2367 3199 2382 ·
3243 2350 3447 2421 ἔμαθες
3477 2351 3533 2404 δὲ
3565 2351 3732 2403 αὐτὸν

2144 2447 2245 2499 οὐκ
2290 2447 2355 2499 ἐκ
2408 2445 2503 2498 τοῦ
2539 2445 2886 2514 παρήκοντος
2944 2442 3300 2510 θεολογοῦντα
3355 2441 3546 2509 ταῦτα,
3594 2441 3731 2495 ἀλλὰ

2147 2535 2453 2607 προῦργου,
2509 2537 2603 2589 καί⁴
2650 2535 2813 2606 ὅρους
2856 2535 3143 2598 εὐσεϐείας
3190 2533 3384 2600 ταῦτα,
3429 2534 3524 2586 καὶ
3558 2535 3732 2603 κεφά-

2146 2628 2271 2681 λαια
2310 2628 2671 2697 ὀνομάζοντα,
2711 2622 2787 2682 ὦν
2820 2629 2896 2697 μὴ
2942 2628 3144 2697 χρῆναι
3175 2629 3380 2698 μηδένα
3408 2626 3732 2698 ,παρεξιέναι

2144 2721 2387 2791 ἤκουσας
2422 2720 2551 2790 παρ’
2589 2720 2768 2792 ἡμῶν,
2798 2721 2895 2773 καὶ
2925 2720 3060 2773 πᾶσι
3088 2723 3199 2782 τοῖς
3231 2720 3575 2781 διδασκάλοις
3618 2721 3735 2781 τοῖς

2144 2812 2353 2878 ὁμοίοις
2398 2811 2821 2879 συμφωνοῦντα,
2867 2811 3070 2881 μᾶλλον
3097 2810 3152 2864 δὲ
3198 2813 3306 2872 τοῖς
3348 2809 3515 2872 θείοις
3547 2808 3736 2880 ἔργοις

2145 2904 2239 2955 καὶ
2282 2903 2467 2973 νόμοις
2501 2903 2818 2974 συνᾴδοντα,
2863 2901 2975 2975 [Ῑσ.
3011 2901 3187 2955 ταῦτα
3231 2888 3390 2972 δέχου
3431 2904 3462 2975 ἢ
3502 2901 3628 2955 ἄλλο
3651 2900 3732 2972 τι]

2146 2997 2294 3064 ἆπερ
2331 2997 2395 3047 ὲκ
2424 2995 2637 3048 πολλῶν
2673 2995 2831 3058 ὀλίγα
2870 3011 2952 3049 σοι
3002 2994 3097 3047 νῦν
3128 2995 3448 3065 ἐξεθέμεθα.
3498 2995 3622 3047 ὅσον
3650 2994 3738 3048 αἱ·

2147 3087 2404 3152 νίξασθαι
2435 3087 2534 3148 τὴν
2562 3088 2658 3142 τοῦ
2698 3087 3022 3142 διδασκάλου
3055 3087 3186 3157 πρὸς
3217 3091 3342 3151 τοὺς
3369 3087 3547 3149 θείους
3576 3086 3738 3138 κανόο

2145 3199 2242 3243 νας
2288 3183 2638 3252 ἐφαρμογήν.
2688 3182 2923 3235 ὐπὸταν
2955 3183 3010 3234 δὲ
3041 3183 3133 3234 καὶ
3165 3181 3262 3244 τὰς
3311 3182 3393 3244 είς
3426 3180 3738 3234 τούναντίον

2149 3277 2525 3347 ἐπιχειρήσεις
2554 3276 2777 3349 πέμψῃς
2806 3279 2961 3345 ἡμῖν,
2989 3275 3053 3338 ἃς
3082 3276 3380 3345 ἀκηκοέναι
3404 3276 3585 3340 λέγεις
3610 3272 3739 3325 πολ-

2150 3368 2257 3420 λῶν
2284 3385 2299 3401 ο
2331 3369 2624 3439 πέμψομέν
2661 3388 2742 3423 σοι
2798 3371 3069 3425 κάκείνων
3098 3371 3197 3432 τὰς
3243 3370 3450 3430 λύσεις.
3494 3368 3648 3421 Ἐπεὶ
3680 3366 3739 3419 δὲ

2147 3462 2180 3529 ἡ
2210 3461 2304 3514 τοῦ
2340 3462 2600 3529 Μεγάλου
2649 3463 2938 3517 Βασιλείου
2983 3464 3262 3533 ἀπόφασις
3291 3461 3431 3531 αὕτη
3478 3461 3613 3530 πρὸς
3646 3459 3743 3514 τὸν

2156 3552 2302 3609 θεῖον
2334 3555 2530 3624 ἀνήκει
2562 3554 2918 3624 προορισμδν,
2945 3554 3090 3624 ἔχεις
3116 3555 3208 3607 τὸν
3237 3552 3406 3607 πολὺν
3434 3552 3562 3619 περὶ
3588 3551 3741 3614 θείας

2151 3647 2412 3718 προνοίας
2434 3647 2530 3699 καὶ
2552 3646 2891 3717 προορισμοῦ
2921 3647 3079 3714 λόγον
3100 3646 3278 3717 ἡμῶν,
3314 3644 3592 3715 προῦργου
3619 3644 3743 3696 τότε

2152 3740 2248 3793 καὶ
2278 3739 2418 3793 πάνυ
2454 3737 2762 3801 σπουδαίως
2806 3738 3302 3807 συγγεγραμμένον
3337 3739 3493 3807 ἡμῖν.
3530 3736 3595 3787 Ὢ
3640 3738 3744 3803 τῆς

2152 3832 2339 3897 κοινῆς
2385 3831 2675 3900 δυστυχίας
2709 3831 2722 3883 !
2769 3832 2832 3883 Ὢ
2862 3830 2965 3900 τῆς
2996 3830 3138 3900 ὲμῆς
3187 3830 3527 3905 λυίγροτάτης
3557 3826 3737 3896 ζωῆςί

2168 3922 2318 3974 Ἐκεῖ
2346 3922 2440 3974 καὶ
2475 3924 2657 3974 πᾶσαν
2684 3921 2870 3989 σχεδὸν
2904 3920 3176 3988 λυομένην
3207 3919 3439 3990 ἀπορίαν
3466 3919 3744 3989 εὑρήσεις,

2156 4014 2218 4066 οὐ
2256 4014 2416 4083 μόνον
2446 4013 2636 4075 αὐτὰς,
2671 4011 2760 4079 ὑφ’
2787 4006 2862 4065 ὧν
2887 4028 3034 4074 τινες
3062 4010 3404 4066 σαλεύονται.
3454 4009 3749 4079 Ἀπἰροῦιι

2157 4122 2247 4168 τες
2280 4094 2408 4172 γάρ,
2447 4106 2495 4157 εί
2546 4104 2774 4156 δυνατόν
2832 4104 2973 4168 ἐστι,
3025 4103 3213 4156 λοιπὸν
3234 4102 3343 4181 τὴν
3391 4100 3747 4171 ἀνθρωπίνην

2161 4199 2484 4267 προαίρεσιν
2511 4198 2756 4266 ἐνεργεῖν
2788 4196 2847 4249 ὲν
2876 4198 2989 4258 τοῖς
3029 4196 3396 4264 προαιρετοῖς,
3436 4193 3587 4262 καὶῆ
3620 4209 3750 4245 cte-

2161 4291 2461 4359 φανοῦσοαι
2492 4291 2524 4360 ἣ
2563 4288 2911 4353 κολάζεσθαι,
2944 4286 3041 4339 τοῦ
3071 4287 3221 4341 θείου
3251 4284 3581 4355 κρατοῦντος
3616 4300 3751 4353 προ-

2160 4383 2418 4454 ορισμοῦ,
2455 4385 2549 4437 καὶ
2595 4384 2643 4435 εἰ
2677 4383 2906 4435 δυνατόν
2943 4383 3059 4433 ἐστι
3106 4378 3468 4451 χρησιμεύειν
3501 4379 3631 4447 ἡμῖν
3668 4377 3751 4431 ἔτι

2161 4478 2262 4539 τὰς
2290 4480 2370 4538 εἰς
2399 4477 2458 4528 τδ
2503 4476 2650 4529 θεῖον
2686 4475 2872 4544 εὐχὰς,
2913 4475 3007 4527 καὶ
3042 4476 3170 4543 περὶ
3203 4474 3314 4525 τῶν
3360 4473 3423 4524 ἐκ
3452 4471 3623 4540 τύχης
3654 4472 3752 4524 καὶ

2165 4570 2478 4640 αὐτομάτου
2531 4570 2841 4638 λεγομένων
2892 4568 3162 4636 γίνεσθαι,
3215 4567 3310 4619 καί
3355 4582 3478 4618 τινα
3524 4564 3753 4617 τοιαῦτα

419 4672 425 4678 ’
463 4657 633 4712 etiam
686 4655 803 4711 fieri
845 4653 1020 4725 possit
1054 4662 1110 4707 ut
1139 4666 1326 4721 preces
1383 4653 1448 4707 ad
1497 4650 1666 4707 Deum
1713 4651 1846 4722 fusae
1898 4654 2044 4707 utiles

2167 4661 2526 4732 ἀποροῦντες,
2561 4662 2656 4713 καὶ
2695 4661 2770 4729 μὴ
2800 4660 3088 4730 δυνάμενοι
3119 4658 3291 4724 λύειν,
3318 4658 3411 4711 τὸν
3442 4658 3586 4710 θεῖον
3618 4657 3770 4709 ἀπο-ε

467 4751 650 4805 adhuc
675 4749 789 4804 sint
824 4766 838 4802 :
868 4755 924 4802 et
955 4746 1023 4801 de
1058 4746 1126 4800 iis
1151 4761 1273 4815 qua:
1306 4759 1438 4798 casu
1471 4760 1535 4797 ac
1567 4745 1792 4798 fortuito
1828 4747 1941 4799 fieri
1972 4747 2059 4799 di-

464 4851 687 4896 cuntur.
725 4836 935 4893 llaec'et
964 4836 1231 4904 ejusmodi
1265 4836 1428 4889 dubia
1469 4837 1753 4899 habentes,
1788 4851 1911 4905 quas
1943 4839 2051 4891 sol-

420 4940 425 4945 ‘
460 4949 593 4988 Vere
633 4932 864 4988 minime
900 4941 1146 5003 possent,
1176 4930 1415 4984 divinam
1445 4930 1738 4985 destruunt
1768 4930 2059 4996 przrdesti-

465 5022 770 5086 nationem,
790 5029 852 5076 ut
877 5021 1239 5092 quaestionum
1264 5020 1783 5090 dubitationumque
1807 5036 2056 5076 causam.

418 5134 426 5143 ·
465 5116 583 5171 Illic
606 5116 720 5171 haec
741 5114 925 5169 omnia
941 5113 1151 5168 videbis
1176 5112 1441 5167 medicata
1466 5114 1711 5167 veritatis
1738 5114 2056 5183 pharmace:

470 5207 784 5277 ibidemque
830 5206 995 5261 etiam
1050 5205 1446 5260 Damascenum
1497 5204 1764 5261 Joannem
1817 5209 2060 5263 invenies

466 5298 836 5369 pulcherrime
862 5298 1293 5377 consentientem
1338 5297 1594 5362 antistiti,
1648 5308 1814 5366 atque
1849 5308 1910 5353 ut
1947 5299 2064 5368 ipse

418 5412 423 5417 ·
469 5391 712 5446 Joannes
746 5392 1010 5446 voluisset
1059 5407 1074 5443 :
1121 5389 1378 5458 idemque
1412 5391 1643 5457 gratiam
1681 5393 1845 5444 habet
1871 5394 1938 5447 iis
1970 5394 2065 5461 qui

473 5487 539 5540 ad
568 5498 901 5541 consensum
955 5481 1244 5537 inducunt.
1277 5482 1481 5537 Ibidem
1524 5484 1760 5539 divinam
1799 5484 2067 5543 Providen

548 5740 626 5811 (τί)
659 5738 819 5794 llnnc
852 5748 1144 5811 tractatum
1181 5749 1234 5795 et
1293 5740 1430 5795 alios
1456 5747 1566 5793 lrcs
1599 5755 1737 5810 quos
1768 5738 1835 5793 de
1870 5739 2058 5794 eodem

480 5808 801 5877 arqu'mento
840 5808 1155 5865 Gennadius
1195 5811 1539 5864 elucuhrmit
1566 5854 1577 5870 ,
1609 5808 1736 5863 "huc
1780 5826 1949 5879 nstlttt‘
1981 5812 2032 5862 in

482 5882 682 5941 editos,
710 5893 775 5932 ex
801 5880 925 5932 cod.
951 5880 1126 5933 Grazc.
1161 5879 1360 5937 Paris,
1388 5880 1653 5933 Gennadii
1690 5883 2064 5946 mtlngt':t,t!tis,

421 5946 431 5959 '
486 5946 878 6004 descrzbendos
896 5951 1210 6027 curavimus
1235 5964 1358 6004 cum
1380 5950 1501 6004 aliis
1525 5950 1770 6018 ejusdem
1788 5967 2071 6020 optumus

2164 4754 2524 4818 σκευάζονται
2580 4753 2941 4824 προορισμδν,
2989 4752 3065 4815 ὡς
3112 4752 3220 4805 τῶν
3268 4751 3517 4822 ἀποριῶν
3567 4751 3781 4807 αὐτοῖς.

2124 4848 2360 4900 ναίτιον.
2420 4846 2573 4899 Ἐκεῖ
2616 4846 2792 4898 ταῦτα
2852 4846 3029 4898 πάντα
3083 4844 3202 4912 ὄψει
3263 4843 3622 4911 ίατρευόμενα
3673 4841 3757 4910 τῷ

2166 4939 2454 5008 φαρμάκῳ
2491 4938 2591 5007 τῆς
2620 4937 2897 5007 ἀληθείας.
2943 4938 3095 4989 Ἐκεῖ
3128 4936 3224 4990 καὶ
3263 4937 3357 4989 τὸν
3392 4933 3757 5003 Δαμασκηνὸν

2179 5029 2435 5099 Ἰωάννην
2471 5028 2947 5099 ωμδιΰαξὸμενον
2998 5028 3255 5097 εὑρήσεις
3289 5027 3367 5097 τῷ
3416 5024 3759 5095 καθηγεμόνι

2172 5125 2314 5177 πάνυ
2351 5123 2555 5189 καλῶς,
2588 5123 2684 5176 καὶ
2712 5123 2784 5185 ὡς
2814 5122 2879 5176 ἂν
2912 5121 3074 5184 αὐτὸς
3104 5122 3133 5173 ὁ
3163 5119 3305 5182 θεῖος
3347 5119 3605 5186 Ἰωάννης
3635 5116 3753 5187 βουο

2168 5213 2386 5284 ληθείη,
2422 5216 2515 5267 καλ⁵
2548 5214 2728 5284 ,χάριν
2777 5215 2890 5283 ἔχει
2934 5214 3046 5273 τοῖς
3100 5212 3551 5280 συμδιόάζουσιν.
3612 5209 3765 5261 Ἐκεῖ

2168 5308 2271 5376 τὴν
2295 5306 2448 5359 θείαν
2482 5308 2747 5377 Πρόνοιαν
2776 5308 2836 5358 οὑ
2869 5304 3145 5377 χωλεύων,
3171 5307 3266 5359 καὶ
3294 5305 3425 5373 πρὶν
3452 5302 3764 5371 ὁμολογεῖν,

2170 5399 2432 5469 ἀναιρῶν,
2463 5399 2538 5459 ὼς
2577 5398 2625 5450 οἱ
2680 5399 2867 5451 πολλοὶ
2899 5398 2966 5452 δι’
2996 5400 3225 5467 ἄγνοιαν
3278 5397 3579 5464 πάσχουσιν
3604 5407 3620 5423 ·
3646 5391 3765 5445 ἀλλ’

2175 5488 2250 5552 ὡς
2282 5489 2447 5553 αὐτὸς
2481 5488 2737 5558 βούλεται
2787 5490 2988 5552 καύτὲς
3019 5488 3346 5550 ὲκθειάσεις,
3386 5486 3479 5538 καὶ
3517 5483 3593 5546 ὡς
3631 5483 3767 5535 ἀπο-

2180 5741 2480 5807 θιιροιιοιὶ›;
2509 5748 2583 5803 at,
2617 5737 3164 5807 ntjam‘monuimus,
3196 5750 3383 5791 moras
3415 5730 3766 5807 trahentibus

2180 5802 2612 5880 descriptoribus
2644 5802 2870 5871 nostris,
2909 5810 3093 5863 omnia
3126 5807 3195 5861 ad
3219 5809 3425 5863 calcem
3475 5802 3769 5860 voluminis

2178 5883 2472 5949 otnandare
2503 5899 2544 5933 c-
2570 5885 2768 5951 gintur.
2806 5883 2959 5933 i.[tl'l'.
