4062 6410
341 457 445 523 565
536 460 544 469 ’

1293 466 1659 534 EPISTOLA
1699 472 1797 534 DE
1824 471 2601 543 ΡΒᾸΞΒΕΞΤΙΝΑΤΙΟΝΕ.

3495 481 3600 541 {iiii

342 569 683 641 καλυφθῆναι
710 574 823 632 τοῖς
845 574 1056 640 τέκνοις
1090 577 1376 650 ἠθέλησεν,
1405 578 1487 648 οἷς
1510 586 1793 657 εὐδόκησε,
1819 587 1918 659 τὴν

2025 586 2177 654 tiam,
2210 605 2318 646 non
2354 591 2694 657 claudicans,
2727 599 2778 644 et
2810 590 3135 662 priusquam
3162 590 3450 646 confossus
3486 597 3560 646 sit
3585 631 3601 656 ,

343 663 723 732 ἁρμόττουσαν
767 668 953 732 αὐτοῖς
1000 670 1065 724 ἐκ
1115 672 1436 742 φιλοσοφίας
1484 677 1649 731 δοῦσα
1699 680 1917 748 πρῶτον

345 759 724 828 παρασκευήν.
767 757 858 824 Ὠς
891 756 989 815 οὖν
1049 762 1263 817 ἐκείνου
1307 783 1391 819 σοι
1443 767 1728 838 τοῦλόγου
1781 772 1919 843 πρὸς

345 848 525 902 πάντα
554 848 915 920 ἀρκέσαντος,
959 854 1111 907 οὐδὲν
1143 855 1240 908 νῦν
1268 860 1392 928 περὶ
1433 860 1626 914 τούτου
1655 879 1919 934 πραγμα-

344 940 634 1009 τευόμεθαο
668 943 761 997 Σοὶ
799 946 878 1014 δὲ,
926 948 1170 1016 φίλτατε.
1205 951 1334 1021 περὶ
1368 952 1467 1021 μὲν
1496 954 1611 1006 τῶν
1645 956 1786 1025 ὅρων
1817 959 1918 1025 τῆς

346 1032 693 1105 ἀνθρωπίνης
728 1034 872 1105 ζωῆς
921 1039 1162 1107 ἀρκείτω
1203 1044 1339 1112 πρὸς
1369 1045 1495 1105 τοὺς
1542 1047 1816 1112 ἐναντίους
1857 1049 1919 1103 τὸ

349 1123 440 1176 τοῦ
477 1124 758 1179 Βασιλείου
800 1129 963 1196 μόνον
991 1129 1227 1201 ἀξίωμα,
1254 1135 1302 1187 εί
1337 1135 1411 1206 μὴ
1435 1135 1662 1192 δύνασαι
1694 1139 1916 1193 ἀντεπιο

346 1215 550 1281 χειρεϊν
596 1215 780 1278 αὐτοῖς
811 1217 908 1271 καὶ
951 1217 1102 1273 λύειν
1145 1224 1245 1285 τὰς
1285 1224 1520 1295 ἀπορίας
1555 1240 1570 1256 ο
1618 1228 1769 1279 τουτὶ
1807 1229 1918 1297 γὰρ

346 1306 519 1357 ποιεῖν
564 1307 623 1359 ὲν
673 1311 783 1372 τοῖς
824 1310 1089 1375 τοιούτοις
1131 1316 1411 1386 φρονίμων
1460 1318 1646 1372 ἐστίν·
1696 1318 1827 1390 ἅμα
1860 1320 1918 1372 δὲ

345 1396 439 1449 καὶ
486 1397 592 1451 ὑπὸ
639 1400 748 1454 τῶν
802 1405 1200 1474 καθηγεμόνων
1235 1409 1340 1476 τῆς
1396 1410 1726 1480 Ἐκκλησίας
1775 1413 1919 1466 οὕτω

347 1492 521 1544 ποιεῖν
559 1497 1013 1566 κεκανονισμένον
1047 1500 1161 1552 ἐστὶ
1193 1504 1285 1555 καὶ
1310 1506 1747 1575 προωρισμένον.
1780 1506 1919 1576 Περὶ

344 1580 401 1635 δὲ
428 1580 525 1673 τοῦ
563 1583 711 1637 θείου
742 1589 1078 1658 προορισμοῦ
1109 1591 1353 1673 ἀρκείτω
1381 1611 1465 1648 σοι
1493 1595 1553 1649 τὸ
1581 1595 1676 1650 τοῦ
1705 1597 1918 1652 Παύλου

346 1672 583 1743 ἀξίωμα,
640 1676 726 1730 ἵνα
772 1677 848 1749 μὴ
887 1679 1031 1749 λέγω
1081 1683 1181 1752 τῆς
1223 1672 1376 1755 ἱερᾶς
1408 1687 1626 1758 ἁπάσης
1673 1690 1917 1762 Γραφῆς.

358 1765 453 1820 Ἐκ
486 1771 811 1837 περιουσίας
836 1772 891 1826 δέ
916 1791 976 1827 σε
1002 1777 1067 1845 τῇ
1103 1776 1228 1849 δόξῃ
1249 1778 1351 1849 τῆς
1381 1780 1637 1851 ἀληθείας
1661 1784 1918 1851 ἐνιδρύων

345 1856 517 1930 ταύτῃ
551 1860 755 1930 καλῶς,
784 1865 877 1917 τὸν
905 1867 1080 1935 μέγαν
1106 1870 1406 1943 προτίθημι
1427 1872 1700 1944 Μάξιμον,
1729 1874 1917 1947 ὥσπερ

346 1948 765 2023 ὲπισφράγισμα
802 1959 869 2028 τῇ
900 1958 1009 2011 τῶν
1048 1961 1222 2028 ἁγίων
1255 1964 1349 2017 καὶ
1399 1967 1580 2034 σοφῶν
1613 1968 1708 2021 καὶ
1740 1967 1917 2021 θεολό-

254 2074 259 2077 -
348 2054 460 2107 γων
487 2044 764 2112 σφραγῖδι,
794 2045 854 2099 δν
879 2049 1077 2102 ταυτόν
1106 2051 1220 2103 ἐστι
1256 2052 1344 2106 διὰ
1388 2055 1549 2108 τοῦτο
1585 2058 1680 2111 καὶ
1709 2057 1918 2122 πάντας

350 2130 664 2195 προσθεῖναι
712 2136 838 2200 τοὺς
874 2138 979 2207 πρὸ
1022 2140 1206 2199 αὑτοῦ.
1254 2144 1494 2213 Ἐκεῖνος
1545 2148 1653 2218 γὰρ
1701 2148 1920 2213 πλείους

362 2222 751 2291 Ἐκατοντάδας
776 2231 1087 2300 κεφαλαίων
1140 2235 1376 2301 ἐξέθετο,
1413 2238 1449 2292 ἃ
1481 2241 1794 2296 Γνωστικὰ
1826 2242 1919 2296 καὶ

350 2318 676 2387 Θεολογικὰ
697 2322 1015 2393 ἐπιγράφει,
1048 2325 1210 2380 ἄλλου
1250 2329 1544 2397 κεφαλαίου
1573 2334 1920 2389 παντάπασιν

349 2407 517 2479 ἄλλην
545 2410 801 2466 ὑπόθεσιν
826 2414 1205 2485 διοριζομένου
1230 2436 1243 2450 ·
1277 2422 1373 2475 καὶ
1401 2421 1589 2494 ὥσπερ
1617 2425 1920 2495 ἀποφάσεις

297 2511 300 2514 ’
351 2500 447 2555 καὶ
472 2502 630 2572 ὅρους
656 2504 824 2560 ταῦτα
852 2508 1125 2573 συνέθετο,
1158 2509 1233 2575 ὡς
1261 2512 1628 2585 Ἱπποκράτης
1659 2517 1757 2582 μέν
1791 2534 1920 2570 ποτε

260 2602 263 2605 ·
348 2595 472 2657 τοὺς
492 2595 816 2666 λεγομένους
840 2600 1249 2672 Ἇφορισμοὺς,
1264 2606 1389 2668 τοὺς
1408 2606 1463 2660 δὲ
1488 2609 1766 2677 Καρπσὺς
1789 2610 1921 2663 Πτο-

346 2682 588 2754 λεμαῖος.
618 2688 692 2742 Τὸ
720 2690 897 2746 τοίνυν
933 2699 984 2746 κ’
1017 2695 1315 2764 κεφάλαιον
1348 2697 1512 2751 αὑτοῦ
1539 2699 1640 2768 τῆς
1683 2699 1725 2755 δ’
1761 2702 1921 2754 Ἐκα-

351 2778 601 2844 τοντάδος
630 2781 831 2837 οὑτωσὶ
855 2785 1151 2857 διορίζεται
1170 2804 1185 2822 ο
1210 2784 1282 2862 ’ᾮ
1304 2793 1492 2863 τρόπῳ
1511 2791 1757 2863 βούλεται
1777 2797 1804 2849 ὁ
1821 2796 1921 2867 τὴν

351 2869 583 2926 ἑκάστου
638 2876 745 2947 πρὸ
790 2879 900 2933 τῶν
942 2879 1158 2937 αἰώνων
1208 2883 1455 2954 διορίσας
1506 2886 1654 2959 ζωὴν
1701 2891 1729 2943 ὁ
1765 2890 1918 2957 Θεὸς,

348 2962 574 3019 ἕκαστον
613 2971 751 3038 πρὸς
785 2973 846 3025 τὸ
875 2974 1074 3028 οίκείον
1103 2977 1200 3048 τῆς
1231 2977 1378 3048 ζωῆς
1416 2979 1542 3050 ἄγει
1594 2982 1768 3049 τέλος,
1807 2986 1920 3039 είτε

346 3054 577 3125 δίκαιον,
609 3060 716 3114 εἴτε
754 3061 959 3120 ἄδικον.
995 3067 1103 3120 Καὶ
1136 3069 1294 3122 τοῦτο
1338 3071 1459 3124 ὅλον
1492 3073 1587 3126 καί
1625 3076 1787 3144 μόνον
1823 3076 1918 3130 αὐ⁴

346 3145 441 3198 τοῦ
465 3147 526 3201 τδ
553 3154 602 3202 κ’
627 3151 745 3205 ἐστὶ
774 3155 1089 3224 κεφάλαιον.
1130 3158 1222 3223 Ὣς
1250 3159 1346 3214 οὖν
1380 3165 1917 3237 προωμολογημένου

2022 678 2245 743 tollens,
2283 688 2343 734 ut
2381 680 2567 734 multis
2601 696 2708 750 prae
2751 681 3056 750 ignorantia
3094 683 3374 744 usuvenit,
3410 696 3601 734 verum

2020 779 2080 822 ut
2111 769 2224 838 ipse
2255 771 2393 834 vult,
2429 782 2485 826 ut
2528 771 2779 839 ipsemet,
2816 771 3058 841 inquam,
3090 771 3301 826 amatus
3354 772 3601 834 numine,
3637 800 3649 811 -

2019 863 2210 932 utique
2242 864 2423 917 voluit'
2448 864 2677 918 revelari
2708 862 2915 935 liberis,
2950 864 3004 935 in
3056 866 3258 935 quilms
3306 863 3408 918 sibi
3453 877 3601 917 com-

2019 954 2245 1023 placuit,
2278 969 2400 1007 cum
2435 954 2571 1024 ipsis
2599 930 2992 1024 congruentem
3022 930 3089 1009 eri
3120 954 3465 1024 philosophia
3495 954 3601 1022 pri-

2021 1060 2168 1097 mum
2236 1044 2449 1100 dederit
2509 1055 2858 1116 apparatum.
2914 1045 3281 1110 Quamobrem
3341 1054 3598 1113 tanquam

2020 1144 2288 1192 tractatus
2316 1137 2407 1192 ille
2434 1137 2530 1193 libi
2577 1139 2643 1192 ad
2687 1138 2871 1194 omnia
2902 1137 3196 1200 suii‘ecerit,
3227 1136 3363 1192 nihil
3388 1134 3499 1203 jam
3529 1149 3598 1189 ea

2021 1233 2087 1287 de
2121 1246 2179 1286 re
2211 1238 2670 1288 cnmmentamur.
2716 1230 2839 1284 Tibi
2890 1238 3096 1295 autem,
3135 1228 3483 1287 charissime,
3534 1227 3602 1280 de

2018 1323 2144 1376 vitae
2183 1322 2449 1376 humana!
2471 1321 2759 1386 limitibus,
2801 1319 2935 1375 satis
2986 1319 3056 1374 sit
3112 1327 3304 1372 contra
3350 1318 3603 1371 adversa.

2020 1413 2134 1468 rios
2163 1412 2351 1467 Basilii
2399 1412 2516 1468 sola
2554 1412 2853 1468 auctoritas
2881 1428 2894 1464 :
2922 1409 3026 1465 nisi
3067 1410 3242 1480 possis
3267 1407 3604 1478 argumentis

2019 1503 2141 1558 aliis
2178 1507 2417 1569 vincere,
2444 1508 2501 1558 οι
2532 1502 2867 1572 quaestiones
2911 1499 3124 1554 solvere
3156 1515 3171 1552 :
3214 1511 3337 1550 nam
3377 1497 3429 1550 id
3464 1511 3605 1564 prae.

2021 1600 2168 1646 stare
2196 1591 2300 1646 bac
2328 1586 2384 1646 in
2436 1605 2494 1644 re
2533 1591 2882 1661 prudentium
2917 1596 3001 1643 est
3034 1605 3048 1642 :
3085 1587 3151 1642 ad
3187 1588 3302 1642 haec
3330 1587 3495 1642 etiam
3530 1585 3600 1637 ah

2023 1683 2431 1740 institutoribus
2460 1682 2720 1737 Ecclesiae
2764 1682 2847 1736 sic
2881 1681 3060 1736 facere
3104 1681 3290 1751 regula
3332 1678 3604 1732 constitu-

2024 1786 2138 1830 tum
2171 1792 2234 1831 ac
2264 1777 2642 1846 praescriptum
2676 1782 2784 1831 est.
2828 1773 2998 1828 Porro
3029 1774 3097 1829 de
3122 1770 3605 1842 prazdestinatione

2022 1870 2251 1925 Sutiiciet
2278 1868 2377 1923 tibi
2402 1867 2460 1921 Β.
2488 1866 2641 1920 Pauli
2671 1865 2995 1932 auctoritas,
3023 1881 3091 1920 ne
3119 1865 3294 1920 dicam
3328 1863 3496 1918 totius
3517 1876 3604 1916 sa-

2022 1977 2128 2017 crae
2157 1960 2443 2015 doctrinae.
2495 1958 2601 2014 Sed
2648 1959 2852 2013 addens
2899 1954 3146 2015 cumulo,
3185 1963 3346 2023 teque
3392 1951 3446 2005 in
3498 1951 3605 2005 hac

2021 2054 2302 2126 agnitione
2360 2051 2606 2107 veritatis
2649 2050 2915 2121 praeclare
2973 2046 3299 2110 stabiliens,
3357 2056 3603 2113 propono

2020 2159 2277 2214 magnum
2332 2141 2655 2209 Maximum,
2704 2150 2963 2210 tauquam
3016 2138 3369 2193 corollarium
3427 2135 3603 2206 sigillo

2021 2245 2335 2290 sanctorum
2379 2243 2433 2288 ct
2472 2235 2808 2289 eruditorum
2843 2232 3218 2301 theologorum
3246 2269 3262 2292 ,
3318 2243 3479 2298 quem
3517 2225 3605 2282 hic

2022 2328 2162 2382 idem
2192 2341 2363 2397 prope
2406 2332 2490 2380 est
2529 2335 2691 2393 atque
2733 2337 2925 2378 omnes
2971 2323 3287 2391 adjungere,
3321 2318 3415 2388 qui
3474 2331 3603 2372 eum

2021 2426 2436 2491 praecesserunt.
2471 2416 2687 2472 Etenim
2715 2417 2898 2486 plures
2928 2415 3019 2471 ille
3044 2413 3335 2469 Centurias
3363 2411 3603 2480 capitum

2022 2510 2311 2581 exposuit,
2338 2525 2459 2579 quze
2490 2507 2746 2564 Gnostica
2769 2514 2823 2564 et
2848 2505 3176 2577 Theologica
3207 2501 3477 2564 inscribit,
3497 2500 3604 2553 alio

2022 2602 2205 2672 capite
2229 2602 2372 2656 aliud
2400 2600 2625 2656 omnino
2650 2607 3034 2670 argumentum
3059 2596 3357 2652 deliniente
3383 2613 3398 2661 ;
3431 2593 3603 2662 siqui-

2022 2695 2144 2750 dem
2181 2694 2350 2751 veluti
2383 2692 2793 2748 enuntiationes
2837 2705 2900 2746 ac
2931 2689 3194 2746 terminos
3236 2688 3351 2742 haec
3378 2700 3603 2756 compo-

2022 2787 2154 2848 suit,
2182 2796 2240 2840 ut
2271 2786 2400 2841 olim
2446 2784 2806 2855 Hippocrates
2851 2783 3096 2838 celebres
3130 2780 3512 2852 Aphorismos,
3546 2784 3605 2831 et

2022 2877 2350 2933 Ptolemaeus
2382 2877 2609 2946 Carpos.
2646 2873 2813 2945 Igitur
2846 2873 3174 2930 vicesimum
3211 2880 3374 2939 caput
3404 2868 3604 2923 Centu-

2022 2972 2114 3025 rise
2135 2988 2184 3025 tv
2209 2969 2425 3024 Maximi
2451 2969 2531 3024 sic
2554 2967 2878 3024 determinat
2910 2984 2925 3024 :
2959 2967 3081 3033 Quo
3122 2973 3283 3036 pacto
3303 2962 3418 3016 vult
3440 2960 3604 3024 Deus,

2021 3063 2113 3135 qui
2149 3071 2274 3116 ante
2295 3077 2459 3118 omne
2484 3076 2658 3116 aevum
2687 3060 2957 3131 cujusque
2974 3059 3142 3114 vitam
3169 3056 3379 3121 deﬁnit,
3409 3067 3606 3108 unum-

2019 3171 2294 3227 quemque
2325 3156 2393 3211 ad
2440 3154 2722 3231 proprium
2777 3154 2905 3208 vita:
2958 3152 3116 3207 tinem
3166 3150 3318 3206 ducit
3356 3147 3474 3204 sive
3518 3142 3607 3213 ju-

347 3241 482 3295 πᾶσι
508 3242 600 3296 τοῦ
632 3249 723 3298 καὶ
771 3248 871 3317 τὴν
899 3249 1047 3320 ζωὴν
1092 3252 1323 3308 ἑκάστου
1352 3255 1718 3328 διωρισμένην
1753 3255 1915 3326 εἶναι,

2021 3258 2187 3315 etum,
2228 3249 2341 3303 sive
2368 3246 2656 3317 injustam.
2686 3244 2752 3298 Et
2783 3243 2887 3298 hoc
2917 3244 3093 3298 solum
3120 3255 3216 3312 per
3239 3247 3410 3295 totum
3443 3240 3606 3304 caput

347 3331 486 3385 κατὰ
513 3334 606 3386 τὸν
654 3336 866 3405 χρόνον,
900 3340 1106 3418 καὶτὸ
1137 3344 1312 3415 πέρας
1366 3345 1561 3417 αὐτῆς,
1609 3350 1919 3415 ἀκολούθως

347 3424 438 3475 καὶ
476 3424 567 3479 τὸν
618 3428 716 3496 τῆς
754 3429 1012 3508 τελευτῆς
1061 3436 1285 3504 τρόπον,
1337 3437 1417 3507 τῷ
1463 3438 1594 3508 θείῳ
1651 3439 1918 3511 θελήματι

348 3516 716 3584 παραδίδωσι·
746 3520 821 3584 ὼς
859 3521 926 3575 ἂν
976 3526 1071 3577 καὶ
1104 3527 1132 3578 ὁ
1161 3527 1366 3596 τρόπος
1396 3529 1497 3598 τῆς
1542 3530 1800 3600 τελευτῆς
1841 3530 1918 3601 τῷ

350 3606 534 3679 μέτρῳ
567 3610 665 3680 τῆς
707 3612 852 3682 ζωῆς
891 3619 1418 3688 συμπροωρισμένος
1546 3621 1652 3690 πρδ
1682 3623 1918 3688 αίὼνων,

346 3697 439 3751 καὶ
465 3699 695 3766 ἕκαστος
719 3703 828 3757 τῶν
856 3706 1164 3777 ἀνθρώπων
1185 3709 1320 3780 πρὸς
1350 3711 1409 3765 τὸ
1433 3713 1533 3781 τῆς
1555 3711 1702 3783 ζωῆς
1731 3714 1920 3783 ἄτοιτο

348 3791 523 3858 τέλος,
561 3794 744 3859 καθὼς
795 3797 863 3851 ἂν
895 3799 973 3869 τῷ
1021 3800 1141 3871 Θεῷ
1184 3802 1389 3869 δόξειεν
1432 3805 1633 3858 οίκετον
1681 3803 1818 3860 εἶναι
1852 3810 1919 3879 τῇ

346 3883 579 3941 ἐνταῦθα
609 3888 802 3942 τούτου
830 3891 964 3960 ζωῇ,
998 3895 1093 3947 καὶ
1118 3897 1183 3966 τῇ
1225 3895 1344 3965 μετ’
1369 3896 1539 3968 αὐτὴν
1568 3898 1919 3973 διαδεξομὲνῃ

348 3982 702 4042 καταστάσει.
749 3985 844 4039 καὶ
872 3986 932 4038 τὸ
978 3986 1204 4051 δικαίως
1248 3989 1637 4061 ἀποθνήσκειν,
1666 3993 1775 4045 εἴτε
1808 3994 1923 4046 ἀδί-

350 4087 482 4133 κως,
514 4074 608 4125 καὶ
658 4074 767 4129 εἴτε
813 4080 937 4140 τοὺς
970 4079 1194 4144 δικαίως
1235 4080 1507 4151 βιοῦντας,
1548 4084 1660 4138 εἴτε
1696 4085 1917 4151 ἀδίκως,

348 4161 425 4230 τῷ
468 4165 688 4237 ποικίλῃ
727 4185 783 4220 τε
813 4169 903 4221 καὶ
937 4173 1198 4239 πανσὸφῳ
1239 4172 1333 4225 τοῦ
1381 4172 1516 4227 Θεοῦ
1564 4175 1693 4244 περὶ
1727 4174 1921 4229 ἑκατέ-

349 4272 477 4324 ρους
509 4257 689 4327 κρίσει
726 4259 859 4331 μόνῃ
904 4264 1195 4332 προσήκει.
1239 4264 1424 4319 Ταῦτα
1455 4265 1512 4319 δὲ
1552 4268 1726 4341 ,ἡμεῖς
1759 4267 1918 4341 εὐρύ-

347 4362 504 4413 τερον
536 4328 975 4417 διειλόμεθανούκ
1004 4328 1247 4426 οἴκοθεν,
1266 4355 1404 4409 ἀλλὰ
1432 4328 1756 4427 ταῖέίεραῖς
1788 4328 1919 4411 ἀκο-

348 4437 663 4504 λουθοῦντες
707 4442 969 4513 Γραφατς.
1046 4445 1106 4500 '0
1150 4447 1206 4501 δὲ
1267 4450 1609 4523 φερωνύρως
1665 4450 1923 4520 μέγιστος

346 4526 502 4595 οὗτος
537 4533 637 4602 τῆς
675 4535 1003 4619 Ἐκκλησίας
1055 4540 1376 4608 διδάσκαλος
1429 4544 1490 4597 τδ
1541 4545 1921 4615 συμπέρασμα

349 4624 674 4694 προστίθησι
730 4628 888 4694 μόνον
912 4644 927 4660 ⁸
959 4629 1150 4703 ῶσπερ
1192 4635 1497 4702 νομοθετῶν
1528 4637 1691 4707 ἔχεις,
1725 4631 1770 4691 ὦ
1800 4639 1922 4707 φίλ-

244 4786 257 4793 -
322 4733 499 4790 ,τατῇ
550 4721 647 4774 καὶ
677 4720 867 4776 τοῦτον
900 4724 1059 4795 ήμῶν
1098 4728 1163 4780 ἐκ
1206 4729 1305 4797 τῆς
1347 4731 1579 4799 ἡσυχίας
1621 4730 1713 4784 τὸν
1738 4729 1917 4799 λόγον.

348 4807 564 4865 Μᾶλλον
594 4810 651 4864 δὲ
681 4814 707 4865 ὁ
749 4816 921 4883 μέγας
947 4816 1057 4886 ἔχει
1089 4818 1392 4887 Βασίλειος,
1427 4822 1522 4875 καὶ
1550 4824 1576 4877 ὁ
1609 4821 1708 4894 τὴν
1740 4821 1921 4894 ψυχὴν

346 4898 560 4973 ἐκείνην
594 4904 858 4974 φωτίσας,
890 4900 934 4976 ᾧ
1038 4910 1164 4978 δόξα
1191 4912 1273 4977 είς
1302 4914 1429 4978 τοὺς
1456 4914 1678 4978 αἰῶνας.
1720 4915 1917 4987 ’Ᾱμήνι

2019 3362 2090 3402 xx
2124 3352 2404 3399 tractatur.
2431 3343 2638 3412 itaque,
2661 3341 2841 3412 posito
2875 3336 3018 3407 quod
3056 3335 3109 3389 in
3137 3331 3386 3388 confesso
3415 3338 3501 3386 est
3554 3339 3605 3387 et

2024 3441 2090 3497 ab
2113 3439 2369 3496 omnibus
2396 3449 2522 3493 ante
2551 3450 2903 3495 concessum,
2936 3432 3102 3487 vitam
3136 3429 3398 3484 nimirum
3420 3426 3607 3496 cujus-

2022 3548 2128 3602 que
2166 3531 2584 3587 dcterminatam
2617 3526 3109 3596 prmscriptamque
3138 3536 3260 3576 esse
3291 3517 3600 3574 secundum

2024 3632 2237 3692 tempus
2268 3629 2325 3676 et
2387 3621 2545 3675 tinem
2578 3619 2699 3689 ejus
2728 3634 2744 3682 ;
2779 3621 3178 3682 consequenter
3209 3610 3374 3664 etiam
3414 3607 3606 3660 interi-

2023 3725 2111 3770 tus
2145 3714 2362 3768 modum
2402 3712 2603 3767 divina:
2635 3705 2900 3762 voluntati
2942 3702 3143 3768 tradit;
3195 3711 3251 3753 ut
3296 3697 3493 3753 modus
3523 3697 3605 3751 in-

2024 3807 2219 3861 teritus
2267 3804 2430 3861 simul
2475 3818 2598 3859 cum
2638 3801 2761 3854 vita:
2809 3795 3030 3851 modulo
3066 3790 3483 3863 praadestinatus
3534 3790 3605 3843 sit

2022 3910 2151 3953 ante
2197 3899 2416 3960 sarcula,
2449 3905 2505 3949 et
2538 3894 2772 3963 quisque
2814 3887 3091 3944 hominum
3133 3884 3198 3939 ad
3244 3884 3368 3938 vita!
3396 3881 3604 3939 exitum

2022 3992 2147 4046 duci
2174 3990 2379 4059 possit;
2401 3984 2864 4057 quemadmodqu
2893 3981 3001 4034 Deo
3023 3978 3300 4033 videretur
3323 3975 3603 4044 proprium

2021 4099 2143 4139 esse
2171 4082 2290 4151 cjus
2319 4082 2445 4136 vita:
2489 4094 2608 4149 qua?
2656 4077 2745 4131 hic
2794 4073 3026 4144 degitur,
3063 4078 3116 4125 et
3151 4066 3319 4125 statui
3357 4065 3449 4137 qui
3485 4073 3606 4134 post

2024 4174 2171 4227 illam
2207 4168 2462 4227 succedet
2490 4187 2505 4224 :
2536 4176 2590 4221 et
2618 4167 2768 4238 juste
2818 4162 2956 4217 muri
3015 4161 3132 4217 sive
3182 4159 3390 4228 injuste
3420 4170 3435 4207 :
3472 4153 3602 4207 item

2022 4281 2117 4320 seu
2141 4263 2288 4332 juste
2314 4263 2582 4325 viventes,
2613 4273 2707 4313 seu
2735 4256 2943 4324 inique,
2996 4250 3280 4320 multiplici
3311 4256 3364 4302 et
3387 4242 3604 4314 sapien-

2025 4356 2236 4409 tissimo
2274 4352 2363 4406 Dei
2395 4350 2600 4421 judicio
2631 4347 2731 4403 Soli
2771 4344 3045 4417 congruit.
3097 4340 3223 4395 llzcc
3273 4345 3457 4393 autem
3506 4347 3606 4388 nos

2020 4444 2191 4500 latius
2215 4436 2613 4503 enarravimus,
2644 4453 2750 4492 non
2782 4452 2846 4491 ex
2874 4434 3118 4506 ingenio,
3144 4434 3236 4487 sed
3267 4426 3606 4485 convenien-

2026 4547 2107 4593 ter
2156 4536 2377 4592 Litteris
2411 4533 2602 4589 sacris.
2659 4530 2855 4587 Verum
2891 4528 3164 4584 maximus
3200 4526 3290 4578 hic
3342 4520 3605 4576 Esclesizu

2024 4606 2215 4686 doctor
2249 4636 2398 4682 tanto
2430 4626 2646 4682 nomine
2693 4623 2913 4693 dignus.
2950 4617 3356 4675 conclusionem
3391 4620 3602 4667 tantum

2021 4723 2287 4793 adjungit,
2331 4719 2490 4790 quasi
2546 4718 2720 4787 legem
2782 4714 3056 4770 sanciens.
3097 4708 3205 4776 Tu,
3246 4705 3601 4782 charissime,

2019 4819 2180 4873 etiam
2213 4815 2360 4869 hunc
2385 4829 2414 4867 a
2450 4811 2606 4868 nobis
2632 4825 2695 4865 ex
2724 4810 2835 4865 otio
2868 4803 3178 4863 sermonem
3216 4801 3389 4856 habes
3419 4816 3434 4856 ε
3473 4798 3603 4866 quin

2019 4912 2202 4980 potius
2242 4921 2472 4976 magnus
2502 4904 2661 4956 habet
2695 4900 2947 4966 Basilius,
2972 4904 3025 4952 et
3055 4896 3146 4964 qui
3184 4900 3421 4949 mentem
3458 4891 3603 4945 illam

2020 4997 2337 5064 illustravit,
2368 4997 2456 5053 cui
2487 4994 2658 5067 gloria
2695 4993 2750 5047 in
2787 5005 2947 5047 onme
2978 5002 3175 5043 aevum.
3251 4987 3449 5038 Amcn.
