4062 6396
402 434 505 500 571

1464 439 1845 502 GENNADII
1884 439 1995 502 CP.
2036 438 2544 501 PATRIARCHE

3549 437 3651 501 572

398 547 532 604 Cum
560 547 741 620 planta
761 557 938 607 autem
961 552 1136 622 magis
1162 565 1225 607 ac
1251 544 1547 623 perfectius
1570 552 1732 606 vitam
1756 550 1978 620 partici-

2087 549 2183 603 καὶ
2214 550 2297 603 ἔτι
2340 549 2583 613 πλείονος
2631 550 2908 612 κοινωνεῖς
2937 546 3029 601 καὶ
3069 546 3313 614 μείζονος
3358 547 3452 601 τοῦ
3481 547 3658 616 iudai-

398 652 519 707 pas,
553 653 658 708 qua
686 648 743 696 et
775 641 959 710 planta
992 643 1153 698 etiam
1179 657 1211 697 a
1243 651 1383 699 terra
1413 652 1470 699 et
1497 643 1676 714 lapide
1701 658 1764 698 ac
1786 643 1980 713 quovis

405 728 708 785 inanimato
740 730 928 786 diSIat.
948 730 1070 786 Jam
1093 748 1222 788 vero
1252 747 1375 788 cum
1412 734 1698 805 zoophytis
1728 734 1978 789 atnbula-

399 817 601 871 t0rinm
628 827 832 874 motum
871 835 1218 877 communem
1252 824 1419 879 habes
1448 839 1559 893 quo
1601 833 1654 879 et
1690 824 1781 877 illa
1825 824 1976 890 plan-

406 917 491 962 tas
532 920 885 978 exsuperant.
935 910 1046 966 Hoc
1088 915 1285 968 iterum
1332 915 1426 968 tibi
1471 928 1600 969 cum
1645 914 1977 969 animalibus

401 1000 815 1071 congruitquod
856 1013 1050 1071 printer
1082 1004 1258 1058 omnia
1312 1003 1529 1073 praefata
1585 1019 1746 1059 sensu
1785 1003 1974 1073 polles,

402 1090 551 1144 unde
585 1100 637 1145 et
671 1092 928 1146 animalia
958 1096 1171 1150 cmteris
1202 1097 1414 1149 cunctis
1449 1094 1817 1161 praeeluinent.
1873 1094 1976 1151 Uni

403 1181 621 1236 tandem
675 1182 769 1237 tibi
833 1183 997 1239 indita
1053 1186 1192 1240 ratio
1240 1195 1323 1241 est
1370 1202 1475 1255 qua
1527 1203 1737 1243 sunune
1783 1199 1976 1245 coitura

405 1269 673 1336 praecellis
730 1272 1003 1327 universa.
1036 1272 1314 1330 Undenam
1343 1277 1511 1345 igitur
1545 1278 1815 1331 concinna
1864 1280 1977 1332 haec

406 1358 548 1414 inter
584 1372 638 1415 te
699 1363 931 1431 primum
964 1376 1018 1422 et
1063 1367 1296 1437 reliqua,
1343 1368 1537 1422 horum
1573 1369 1696 1422 dein
1731 1370 1871 1423 inter
1918 1385 1979 1424 se

403 1449 637 1504 lnxicem
671 1454 975 1520 distinctio,
1022 1472 1145 1526 qure
1192 1472 1289 1527 per
1321 1473 1537 1513 onmem
1586 1460 1853 1529 cujusque
1888 1476 1980 1529 ge-

406 1542 552 1595 neris
579 1551 883 1600 atomorum
918 1546 1235 1603 inﬁnitatem
1280 1550 1562 1619 pervadit?
1607 1550 1866 1622 Nunquid
1910 1553 1979 1608 ab

406 1634 575 1702 ipsis?
633 1637 703 1689 At
749 1640 793 1692 si
845 1639 982 1709 lapis
1023 1641 1242 1709 quidem
1295 1643 1563 1711 potuisset
1602 1660 1724 1700 esse
1770 1646 1977 1715 planta,

408 1724 828 1782 humilioremne
882 1732 1111 1799 gradum
1146 1734 1397 1787 teneret?
1444 1734 1596 1788 llaud
1629 1744 1777 1791 certe
1805 1739 1977 1807 magis

407 1828 570 1886 quam
623 1826 677 1870 tu
729 1819 890 1889 regiae
927 1822 1085 1876 malis
1132 1838 1257 1878 esse
1299 1823 1510 1893 janitor
1537 1841 1721 1893 quam,
1754 1830 1977 1898 optione

406 1905 503 1959 tibi
532 1906 678 1970 data,
700 1908 765 1961 ad
792 1910 972 1965 cubile
1000 1912 1208 1982 regium
1237 1890 1514 1971 assistere.
1551 1890 1769 1973 Numvet
1790 1890 1975 1989 planta
2012 1890 2049 1943 Β

407 2006 600 2066 sponte
626 1996 823 2055 fuisset
872 2002 1093 2057 animali
1130 2004 1524 2063 inferior?Aut
1559 2023 1735 2079 equus
1771 2027 1975 2079 nonne,

406 2089 453 2142 si
506 2104 670 2158 penes
713 2090 892 2161 ipsum
938 2094 1137 2162 fuerit,
1204 2097 1494 2154 humanam
1574 2101 1677 2157 sibi
1728 2113 1979 2158 naturam

405 2180 766 2239 vindicasset?
798 2184 867 2238 At
898 2188 1239 2259 neutiquam,
1272 2191 1467 2262 inquit,
1500 2210 1527 2247 a
1554 2196 1862 2266 semetipsis
1891 2198 1980 2254 illa

406 2269 707 2340 distinctio,
754 2276 846 2329 sed
894 2274 1120 2333 fortuito
1169 2289 1223 2335 et
1274 2297 1406 2337 casu
1446 2283 1584 2339 facta
1637 2296 1740 2340 est.
1780 2278 1978 2341 Verum

403 2363 550 2416 enim
589 2363 634 2418 si
665 2365 799 2431 quid
833 2367 1101 2436 ejusmodi
1132 2384 1257 2426 raro
1285 2371 1338 2426 in
1370 2373 1436 2428 iis
1463 2375 1605 2429 adsit
1625 2391 1747 2446 qua
1772 2385 1979 2432 statuto

405 2463 460 2508 et
488 2454 713 2511 deﬁnito
737 2457 871 2511 ﬁunt
902 2462 1119 2527 ordine,
1155 2461 1235 2523 id.
1264 2470 1325 2517 ut
1353 2475 1549 2520 natura
1581 2467 1695 2520 vult
1735 2476 1790 2521 et
1817 2468 1979 2533 ratio,

406 2545 495 2601 his
524 2556 797 2618 quatenus
844 2564 974 2609 sunt
1018 2571 1083 2610 ex
1118 2556 1387 2613 diametro
1425 2567 1527 2613 est.
1575 2559 1732 2614 Unde
1781 2560 1828 2613 si
1866 2561 1979 2615 hmc

405 2653 515 2693 non
543 2641 890 2711 exsisterent,
937 2661 1116 2718 neque
1161 2648 1291 2704 illud
1340 2663 1577 2719 unquam
1621 2651 1799 2714 ﬁeret,
1837 2652 1980 2707 sicut

379 2733 634 2790 'morhus
680 2751 788 2790 non
831 2741 1145 2807 supervenit
1193 2740 1299 2796 nisi
1350 2742 1677 2811 praecedenti
1729 2743 1979 2798 sanitati.

406 2823 514 2881 Sed
548 2834 669 2882 esto
705 2843 854 2884 nunc
887 2844 1052 2885 causa
1084 2832 1198 2886 haec
1225 2833 1297 2887 sit
1322 2847 1422 2886 cur
1458 2832 1532 2887 ita
1562 2848 1648 2888 res
1678 2832 1819 2888 forte
1848 2849 1978 2889 con-

405 2915 722 2986 tingat,non
753 2920 881 2974 ideo
901 2920 1112 2975 caeteris
1136 2923 1395 2977 omnibus
1415 2922 1672 2978 similitvr
1698 2939 1758 2980 se
1791 2925 1976 2981 habet.

404 3008 577 3063 Porro
605 3011 754 3066 nulla
787 3020 1040 3066 movente
1071 3027 1260 3080 causa,
1292 3013 1426 3068 nihil
1461 3030 1698 3085 unquam
1735 3016 1976 3071 l'uturltm

403 3108 569 3164 esset,
608 3108 660 3153 at
699 3109 846 3156 certe
876 3110 1251 3171 portentosum
1285 3103 1491 3174 aliquid
1523 3106 1687 3161 semel
1719 3108 1975 3164 accidens

2083 654 2203 713 χου,
2238 636 2282 710 ᾧ
2323 647 2420 699 καὶ
2457 642 2517 697 τὸ
2565 643 2733 711 φυτὸν
2777 642 2881 710 γῆς
2912 658 2970 693 τε
3017 641 3113 694 καὶ
3141 628 3287 693 λίθου
3319 640 3414 692 καὶ
3454 642 3655 703 παντλις

2081 735 2291 805 ἀψύχου
2350 735 2654 789 διίσταταν
2718 735 2854 801 πρὸς
2912 734 2971 787 δέ
3031 751 3095 802 γε
3154 731 3223 787 τὰ
3288 731 3544 800 ζωόφυτα
3594 733 3654 785 τ’)

2082 825 2350 879 κινεῖσθαι
2381 827 2765 895 μεταϐατικῶς
2808 826 2985 879 κοινὸν
3020 826 3186 896 ἔχεις,
3217 819 3261 893 ᾧ
3289 825 3519 879 κάκεῖνα
3546 823 3656 877 τῶν

2081 914 2369 982 φυομένων
2389 915 2803 969 πλεονεκτοῦσι.
2825 916 2952 977 Τοῖς
2974 915 3031 969 δὲ
3052 914 3211 977 ζώοις
3237 914 3316 967 ἔτι
3346 912 3656 983 περαιτέρω

2084 1004 2470 1074 συμπέπλεξαι
2498 1044 2513 1067 ,
2569 1005 2649 1075 τῷ
2682 1006 2819 1075 πρὸς
2868 1007 2983 1067 τοῖς
3033 1005 3344 1074 εἰρημένοις
3382 1006 3514 1057 πᾶσι
3560 1002 3655 1056 καὶ

2082 1094 2461 1160 αἰσθάνεσθαι,
2492 1088 2538 1163 ᾧ
2572 1097 2665 1149 καὶ
2688 1102 2756 1150 τὰ
2780 1094 2896 1158 ζῶα
2926 1095 3035 1147 τῶν
3065 1095 3240 1150 ἄλλων
3270 1095 3488 1149 πάντων
3518 1111 3653 1164 προ-

2080 1186 2334 1256 έχουσιν⁶
2372 1188 2457 1241 σοὶ
2484 1187 2540 1241 δὲ
2572 1188 2718 1258 μόνῳ
2762 1187 2822 1240 τὸ
2854 1186 3170 1255 λογίζεσθαι
3204 1186 3365 1257 μόνον
3398 1186 3567 1251 ἔστιν,
3608 1180 3654 1252 ᾧ

2080 1280 2188 1332 τῶν
2228 1279 2405 1332 ἄλλων
2431 1282 2650 1333 πάντων
2681 1279 2884 1349 ἐξόχως
2917 1280 3267 1349 ὑπέρκεισαι.
3303 1279 3475 1332 Πόθεν
3501 1273 3594 1332 οὖν
3616 1279 3650 1346 ἡ

2082 1371 2340 1435 εὔτακτος
2385 1372 2525 1442 αὕτη
2573 1370 2847 1442 διάκρισίς
2880 1370 2995 1424 ἐστί
3034 1389 3117 1424 σοι
3148 1370 3287 1439 πρός
3316 1387 3380 1438 γε
3424 1370 3492 1422 τὰ
3519 1367 3654 1422 ἄλλα

2080 1461 2359 1524 κάκείνοις
2410 1462 2547 1533 πρὸς
2598 1461 2772 1515 ἑαυτὰ
2805 1465 2987 1515 πᾶσαν
3017 1461 3376 1531 διατρέχουσα
3417 1459 3526 1512 τῶν
3562 1457 3653 1527 ὑφ’

2081 1554 2302 1625 ἑκάστῳ
2351 1556 2496 1622 γένει
2537 1553 2638 1624 τὴν
2666 1554 2951 1623 ιάπειρίαν
2999 1553 3250 1622 ἀτόμωνς
3292 1551 3519 1620 πότερον
3558 1549 3651 1620 ἀφ’

2081 1645 2295 1714 abstini;
2349 1646 2444 1701 καὶ
2495 1646 2656 1716 είπερ
2702 1647 2730 1699 ό
2783 1645 2929 1705 λίθος
2986 1644 3219 1715 ἠδύνατο
3272 1643 3436 1712 φυτὸν
3483 1637 3649 1707 εἶναι,

2081 1739 2253 1793 εἵλετο
2280 1738 2347 1792 ἂν
2376 1738 2468 1791 τὸν
2492 1738 2662 1808 χείρω
2693 1734 2934 1808 βαθμόν;
2965 1736 3039 1788 Οὖ
3066 1733 3291 1805 μᾶλλον,
3322 1734 3353 1803 ἢ
3382 1734 3447 1787 σὺ
3476 1731 3654 1803 θυρω-

2083 1831 2176 1900 ρδς
2208 1831 2272 1885 ἂν
2308 1831 2453 1884 εἵλου
2484 1829 2592 1884 τῶν
2622 1828 2911 1900 βασιλείων
2938 1823 3078 1882 εἶναι
3111 1828 3231 1880 ἀντὶ
3265 1825 3358 1880 τοῦ
3385 1825 3461 1896 τῷ
3498 1824 3652 1895 βασι·

2079 1922 2215 1992 λικῷ
2245 1921 2469 1976 κοιτῶνι
2518 1920 2916 1992 παρίστασθαι,
2965 1920 3059 1973 ἐπὶ
3104 1921 3188 1974 col.
3238 1919 3500 1988 κειμένης
3552 1917 3653 1983 τῆς

2081 2013 2336 2081 ἐκλογῆς.
2390 2013 2501 2066 Kal.
2547 2012 2712 2081 φυτὸν
2760 2008 2830 2082 ἦν
2863 2012 2929 2066 ἂν
2962 2011 3088 2065 ὲκδν
3125 2013 3307 2081 χεῖρον
3344 2008 3434 2063 τοῦ
3468 2007 3651 2073 ζώους

2083 2107 2177 2161 καὶ
2216 2107 2384 2169 ῖππος
2407 2104 2705 2173 δυνάμενος
2745 2103 2812 2158 ἂν
2844 2102 3136 2174 ἀνθρώπου
3170 2101 3334 2170 φύσιν
3378 2101 3523 2171 ἔχειν
3552 2099 3655 2153 οὐκ

2080 2198 2148 2252 ἂν
2170 2197 2468 2267 ὲδουλήθη;
2520 2195 2639 2265 ’Acp‘
2667 2194 2847 2250 αὐτῶν
2876 2194 2975 2264 μὲν
3004 2194 3094 2247 οὖν
3125 2192 3360 2264 οὐδαμῆ,
3392 2190 3510 2245 ἀλλ’
3551 2191 3653 2243 αὖ-

2080 2290 2331 2357 τομάτως
2363 2288 2458 2341 καὶ
2506 2287 2743 2359 τυχαίως
2777 2285 2876 2340 ὡδὶ
2908 2285 3280 2355 διακέκριται.
3325 2282 3468 2365 Ἀλλ’
3507 2285 3558 2337 ετ
3601 2300 3653 2335 τι

2080 2379 2289 2434 comico
2321 2382 2378 2433 ὲν
2406 2380 2520 2443 τοῖς
2557 2376 2867 2447 γινομένοις
2899 2378 3146 2439 σπανίως
3171 2371 3289 2429 ἐστῖ
3317 2377 3429 2438 τοῖς
3456 2390 3654 2441 τεταγ-

2085 2468 2269 2539 μένοις
2295 2484 2354 2521 τε
2386 2467 2481 2520 καὶ
2506 2466 2857 2537 ὡρισμένοις,
2885 2466 2984 2519 καὶ
3013 2464 3157 2519 κατὰ
3191 2462 3353 2531 φύσιν
3377 2463 3471 2515 καὶ
3494 2461 3655 2528 λόγον

2079 2553 2234 2610 οὖσιν
2291 2555 2671 2627 ἀντιδιῄρηται
2695 2594 2712 2620 ,
2766 2555 2891 2610 ὅθεν
2937 2555 2986 2607 εἰ
3023 2552 3099 2624 μὴ
3130 2552 3282 2606 ταῦτ’
3316 2547 3405 2624 ἦν,
3440 2551 3547 2623 οὐδέ
3585 2550 3655 2603 ἂν

2081 2647 2258 2701 ἐκεῖνό
2284 2663 2415 2700 ποτε
2449 2645 2693 2716 γίνεσθαι
2727 2644 2918 2715 ῶσπερ
2942 2644 3095 2707 νόσος
3128 2642 3535 2713 ὲπισυμσαίνει,
3564 2641 3655 2694 διὰ

2079 2739 2141 2793 τὸ
2170 2738 2352 2810 πολλῷ
2382 2739 2650 2809 πρότερον
2697 2738 2888 2805 ὑγείαν
2922 2731 3064 2792 εἶναι
3087 2750 3104 2768 ο
3155 2737 3331 2789 καίτοι
3374 2735 3467 2788 καὶ
3494 2733 3655 2788 τοῦτο

2082 2830 2327 2900 προσεχῆ
2377 2830 2477 2899 μὲν
2528 2830 2710 2882 αἰτίαν
2756 2827 2854 2882 τοῦ
2883 2828 2980 2881 ὡδί
3027 2843 3144 2889 πως
3188 2826 3503 2881 ἀποϐαίνειν
3550 2825 3652 2878 οὐκ

2082 2919 2197 2990 ἔχει
2229 2922 2342 2984 τοῖς
2370 2919 2551 2982 ἄλλοις
2595 2920 2763 2971 πᾶσιν
2796 2918 3036 2988 ὁμοίωςο
3072 2915 3252 2981 αἰτίας
3296 2916 3342 2970 δ’
3376 2915 3505 2971 ἄνευ
3553 2915 3653 2983 τῆς

2083 3009 2349 3076 ποιούσης
2379 3010 2477 3064 οὐκ
2507 3008 2573 3062 ἄν
2601 3026 2732 3064 ποτε
2777 3009 3009 3077 γένοιτο,
3042 3010 3138 3062 καὶ
3166 3007 3469 3079 τερατῶδες
3513 3006 3570 3060 δέ
3598 3022 3652 3058 τι

2081 3101 2369 3172 γινόμενον
2400 3098 2548 3166 ἅπαξ
2578 3101 2636 3154 ὲν
2664 3101 2939 3170 περιόδοις
2976 3101 3185 3171 χρόνων
3218 3099 3443 3162 πολλαῖς
3479 3098 3655 3168 φθορὰ

403 3206 502 3260 per
532 3191 730 3272 multas
760 3202 1068 3263 temporum
1100 3195 1356 3263 periodos
1383 3201 1663 3269 corruptio
1695 3208 1778 3256 est
1822 3211 1977 3256 natu-

2080 3193 2180 3262 τῆς
2208 3193 2444 3263 φυσικῆς
2464 3194 2581 3246 ἐστι
2609 3192 2815 3257 τάξεως
2839 3192 2929 3246 διά
2956 3209 3012 3245 τι
3044 3191 3212 3255 πάθος
3235 3191 3331 3261 τῆς
3356 3189 3489 3261 ὕλης
3510 3188 3657 3244 οὕτω

403 3281 535 3338 ralis
571 3265 810 3336 'ordiuis
865 3297 929 3337 ex
976 3286 1208 3352 quodam
1261 3296 1467 3343 natura:
1515 3265 1708 3344 morbo
1763 3300 1975 3346 exorta.

402 3373 669 3430 Praeterea
701 3392 878 3433 nonne
898 3387 954 3433 tu
984 3389 1179 3435 cuncta
1200 3381 1432 3446 moliris,
1463 3382 1664 3453 quippe
1690 3385 1781 3455 qui
1816 3386 1983 3442 ratio-

402 3482 472 3521 ne
497 3468 688 3535 polles,
707 3479 765 3522 ut
783 3484 1027 3539 quaenam
1046 3472 1155 3526 sint
1172 3474 1378 3542 agenda
1395 3474 1590 3545 eligas?
1616 3475 1684 3531 Ut
1703 3476 1832 3547 quid
1851 3492 1981 3547 ergo

403 3559 639 3614 volatum
674 3561 882 3631 jamdiu
912 3566 1319 3634 nonusurpasti
1345 3580 1468 3621 cum
1496 3568 1695 3637 saepius
1745 3567 1981 3626 fortasse

402 3653 607 3708 dixeris
630 3671 643 3705 :
679 3653 897 3710 Utinam
925 3656 1087 3711 modo
1111 3657 1300 3713 volare
1328 3659 1552 3727 queam?
1581 3659 1656 3714 Ex
1674 3675 1741 3715 eo
1761 3660 1982 3715 eviden-

401 3753 487 3800 ter
500 3743 667 3814 quod,
694 3749 760 3801 ad
779 3748 1071 3803 volandum
1097 3764 1222 3805 cum
1246 3760 1407 3808 natus
1431 3768 1536 3806 non
1562 3755 1641 3808 sis
1664 3796 1679 3821 ,
1725 3752 1839 3807 ﬁeri
1870 3769 1976 3808 non

354 3842 359 3847 '
398 3843 580 3905 potest
603 3847 659 3891 ut
690 3840 852 3894 homo
875 3840 1039 3895 simul
1061 3842 1294 3898 exsistas
1309 3843 1819 3911 etvolatile.Quidni
1849 3861 1977 3902 vero

398 3942 497 3997 per
513 3927 682 3984 imum
708 3947 856 3987 mare
879 3934 1226 4001 perambulas
1246 3949 1262 3999 ;
1282 3933 1461 4004 utjam
1488 3946 1561 3989 tot
1592 3946 1881 4006 tantosque
1899 3939 1974 3991 la-

402 4020 563 4074 bores
603 4035 667 4075 ac
699 4021 981 4079 discursus
1003 4023 1177 4093 fugias
1197 4026 1398 4095 quibus
1425 4027 1709 4081 desursum
1745 4028 1975 4095 piscanti

400 4125 539 4180 opus
574 4110 697 4167 est?
747 4113 884 4180 Quia
920 4116 1178 4172 videlicet
1215 4132 1244 4171 a
1299 4127 1496 4173 natura
1554 4136 1662 4174 non
1721 4120 1889 4175 habes
1918 4129 1976 4174 ut

399 4204 455 4256 in
504 4206 661 4272 aquis
692 4205 888 4275 degere
922 4208 1127 4275 valeas,
1176 4209 1320 4265 sicut
1351 4225 1451 4265 nec
1500 4211 1553 4264 in
1588 4220 1735 4266 terra
1774 4212 1969 4281 piscis,

400 4293 556 4350 Unde
604 4301 853 4367 quamvis
905 4311 1093 4370 tuopte
1159 4311 1481 4357 caeterorum
1532 4304 1748 4358 vivendi
1796 4320 1973 4369 genus

400 4386 642 4453 allectos,
684 4390 736 4443 id
784 4399 979 4444 natura
1030 4391 1126 4445 tibi
1156 4393 1303 4446 circa
1331 4394 1595 4463 pleraque
1645 4396 1971 4459 praeﬁnitum

400 4487 504 4546 est,
551 4488 606 4534 et
636 4489 793 4533 natus
840 4497 947 4537 non
998 4482 1074 4538 sis
1102 4493 1315 4553 oportet
1344 4486 1410 4539 ad
1442 4485 1625 4539 omnia
1682 4501 1780 4554 pro
1820 4487 1973 4541 libito

2087 3286 2482 3357 συμϐαίνουσα.
2527 3286 2652 3340 Ἐπὶ
2701 3285 2913 3349 τούτοις
2961 3285 3021 3338 οὐ
3057 3284 3121 3337 σύ
3163 3301 3225 3354 γε
3256 3285 3430 3337 πάντα
3479 3283 3654 3345 ποιεῖς

2084 3378 2520 3459 προαιρούμενος
2550 3378 2666 3433 ἃττ’
2689 3379 2755 3433 ἂν
2776 3379 3013 3448 ποιοίης,
3038 3375 3116 3447 τῷ
3140 3393 3206 3443 γε
3236 3374 3453 3444 λογικὸς
3480 3371 3651 3438 είναις

2082 3469 2172 3524 διὰ
2199 3472 2252 3523 τί
2280 3471 2354 3543 μὴ
2382 3472 2479 3525 καὶ
2510 3471 2771 3525 ῐπτασθαί
2804 3487 2937 3524 ποτε
2966 3471 3208 3541 προαιρῇ
3240 3470 3422 3522 καίτοι
3450 3465 3655 3521 πολλά-

2084 3578 2172 3624 κις
2206 3562 2336 3626 ἴσως
2383 3561 2574 3626 εἰπὼν,
2605 3562 2731 3616 Εἴθε
2762 3560 2858 3615 νῦν
2892 3562 3175 3633 ἠδυνάμην
3208 3560 3408 3629 πτῆναι
3428 3575 3446 3626 ;
3494 3558 3527 3628 ἢ
3559 3559 3653 3620 δῆ-

2080 3653 2194 3716 λον,
2230 3654 2313 3707 ὅτι
2347 3655 2423 3725 μὴ
2471 3654 2721 3725 πέφυκας
2770 3655 3053 3720 ἵπτασθαι,
3087 3654 3193 3707 οὐδ’
3236 3648 3353 3707 οἷόν
3396 3654 3456 3707 τέ
3504 3654 3654 3705 ἐστιν

2080 3745 2370 3817 ἄνθρωπόν
2419 3764 2476 3800 σε
2524 3745 2641 3817 ἅμα
2684 3748 2777 3801 καὶ
2818 3747 3025 3815 πτηνὸν
3054 3742 3215 3800 εἶναι.
3277 3747 3375 3800 Διὰ
3405 3746 3457 3799 τί
3486 3745 3543 3799 δὲ
3577 3743 3655 3815 μὴ

2079 3841 2172 3891 καὶ
2201 3842 2292 3892 τὸν
2323 3841 2421 3908 τῆς
2449 3840 2719 3909 θαλάττης
2750 3840 3056 3911 διατρέχει;
3096 3839 3276 3910 βυθὸν,
3311 3839 3399 3893 ῐνα
3434 3839 3508 3910 μὴ
3533 3855 3657 3892 τοσ-

2078 3933 2262 3995 οὐτοις
2323 3931 2505 3995 πόνοις
2556 3933 2649 3985 καὶ
2696 3931 2939 4000 μεθόδοις
2992 3933 3167 4001 τρέφῃ
3196 3931 3494 3996 τοιαύταις,
3528 3932 3655 3994 τοὺς

2084 4023 2237 4093 ίχθῦς
2268 4024 2476 4078 ἄνωθεν
2509 4023 2770 4088 ἁλιεύωνς
2802 4024 2835 4094 ἢ
2876 4023 3056 4094 δ’ἡὶον,
3091 4025 3173 4077 ὅτι
3206 4023 3281 4093 μὴ
3321 4026 3570 4091 πῗφυκας
3596 4024 3655 4076 έν

2080 4116 2240 4171 ὕδασι
2271 4115 2535 4169 δύνασθαι
2567 4114 2690 4185 ζῇν,
2719 4114 2908 4185 ῶσπερ
2941 4114 3049 4167 οὐδ’
3082 4114 3235 4185 ἰχθὺς
3259 4115 3418 4168 τοῦτο
3449 4114 3653 4169 δύναιτ’

2078 4209 2145 4263 ἂν
2182 4210 2241 4263 ὲν
2273 4211 2339 4278 τῇ
2375 4210 2480 4278 γῇ⁶
2514 4207 2641 4261 ὅθεν
2686 4208 2735 4260 εί
2773 4209 2870 4261 καὶ
2907 4207 2984 4276 τῷ
3035 4208 3354 4277 προαιρέσει
3403 4206 3503 4277 ζῇν
3545 4206 3653 4259 τῶν

2087 4298 2267 4352 ἄλλων
2299 4298 2667 4361 πλεονεκτεῖς,
2710 4295 2847 4350 ἀλλὰ
2883 4296 3043 4366 φύσει
3073 4296 3167 4349 καὶ
3203 4294 3361 4349 τοῦτό
3401 4313 3483 4348 σοι
3516 4296 3652 4364 πρὸς

2077 4390 2309 4444 πλεῖστά
2357 4405 2421 4457 γε
2471 4389 2738 4460 ὥρισται,
2789 4391 2883 4441 καὶ
2928 4387 3009 4440 δεῖ
3043 4404 3102 4440 σε
3147 4387 3220 4457 μὴ
3257 4387 3436 4440 πάντα
3470 4403 3649 4455 πεφυ-

2075 4482 2233 4535 κέναι
2268 4482 2531 4552 πράττειν
2582 4478 2995 4551 προῃρημένον,
3036 4478 3173 4548 πρὸς
3219 4478 3287 4531 τὰ
3317 4478 3544 4531 πλεῖστα
3591 4477 3652 4530 δὲ

407 4572 735 4640 peragenda,
774 4571 886 4624 imo
919 4574 1097 4641 quoad
1134 4573 1394 4643 pleraque
1424 4576 1502 4629 sis
1523 4576 1748 4629 omnino
1772 4577 1968 4646 impos.

2080 4572 2517 4641 ἁποπεφυκέναι.

477 4660 587 4714 illa:
603 4661 767 4729 igitur
796 4662 938 4717 inter
960 4666 1383 4735 unumquodque
1414 4681 1593 4721 rermn
1624 4683 1797 4737 genus
1823 4668 1977 4724 diffe-

402 4750 747 4820 rcntim,qu:e
780 4753 845 4806 ad
873 4754 1019 4823 ipsos
1048 4771 1222 4825 usque
1250 4758 1468 4825 generis
1498 4767 1712 4815 atomos
1743 4760 1814 4814 ita
1846 4776 1974 4830 per-

400 4843 627 4897 veniunt
654 4852 712 4896 nt
743 4835 843 4899 nec
875 4846 998 4915 plus
1048 4862 1228 4917 neque
1280 4848 1466 4904 minus
1508 4849 1711 4906 habere
1758 4852 1971 4921 possint

399 4934 527 4989 boni
576 4950 739 5004 quam
795 4939 993 5008 cuique
1045 4947 1240 4994 natura
1309 4943 1641 5012 prmstituit,
1702 4945 1793 5013 qui
1858 4946 1971 5015 jam

398 5042 528 5084 casn
564 5039 749 5085 essent
778 5040 871 5085 aut
901 5032 1150 5100 fortuito,
1181 5035 1225 5089 si
1257 5036 1475 5105 quidem
1508 5037 1651 5107 quod
1688 5037 1971 5091 fortuitum

303 5154 313 5163 ι
399 5129 495 5174 aut
541 5123 758 5177 casuale
797 5132 883 5179 est
922 5140 1044 5180 cum
1075 5127 1343 5184 ordinatis
1390 5128 1743 5199 deﬁnitisque
1805 5132 1973 5185 rebus

397 5225 462 5265 ex
490 5212 718 5269 adverso
745 5213 973 5270 dissidet
1004 5224 1059 5272 et
1079 5232 1142 5272 ea
1177 5234 1298 5288 qua:
1331 5219 1383 5273 in
1403 5221 1741 5273 contrarium
1763 5219 1974 5275 discre-

398 5313 529 5373 pant
559 5321 835 5377 nunquam
862 5309 1075 5364 coalere
1092 5321 1322 5378 possunt
1347 5311 1479 5364 ?llla
1505 5321 1682 5364 autem
1706 5327 1826 5380 quae
1846 5323 1974 5368 sunt

398 5410 495 5462 per
511 5396 759 5453 ordinem
780 5397 1067 5468 disposita.
1099 5401 1217 5456 sive
1247 5401 1300 5455 id
1327 5411 1520 5456 natura
1543 5402 1634 5457 ﬁat
1656 5404 1965 5458 sivehomi-
2012 5470 2021 5479 λ

396 5486 483 5541 nis
498 5488 745 5552 arbitrio,
763 5490 1035 5559 quomodo
1051 5492 1130 5547 sic
1144 5493 1455 5559 evaderent,
1469 5494 1789 5563 diSponente
1807 5496 1977 5550 nemi—

398 5575 618 5631 ne‘lAut
652 5593 751 5632 nec
777 5591 807 5631 a
839 5579 1143 5647 semetipsis
1164 5582 1415 5636 ordinata
1445 5584 1713 5637 undenam
1754 5585 1970 5639 tandem

396 5665 783 5723 ordinarentur
810 5669 833 5723 ?
865 5669 921 5723 Si
953 5685 1081 5725 vero
1101 5672 1232 5726 mihi
1256 5672 1474 5728 dederis
1496 5689 1562 5727 ex
1595 5674 1974 5743 superioribus

401 5751 620 5817 quidem
657 5762 710 5809 ct
735 5757 1209 5814 communioribus
1234 5761 1415 5815 causis
1466 5763 1569 5816 hoc
1620 5764 1856 5832 quodam
1907 5781 1975 5820 ex

403 5835 595 5895 ordine
628 5842 766 5908 ﬁeri,
797 5844 1031 5909 primunt
1084 5861 1114 5900 a
1157 5856 1208 5902 te
1261 5847 1479 5913 iamiam
1538 5848 1706 5906 cllluit
1752 5856 1973 5911 casualc

2149 4660 2324 4719 Αὖται
2354 4664 2540 4717 τοίνυν
2567 4665 2621 4717 αἱ
2652 4664 2909 4735 διαφοραὶ
2933 4664 3073 4717 κατὰ
3101 4662 3256 4729 γένος
3294 4663 3392 4732 μὲν
3417 4660 3654 4716 ἕκαστον

2077 4754 2256 4822 οὖσαι,
2290 4757 2383 4809 ἐπὶ
2409 4757 2465 4811 δὲ
2494 4758 2561 4811 τὰ
2596 4757 2688 4810 τοῦ
2727 4756 2915 4823 γένους
2940 4754 3121 4822 ἄτομα
3152 4753 3545 4824 διατρέχουσαι,
3578 4752 3656 4811 ὠς

2080 4850 2219 4919 μήτε
2252 4848 2513 4903 δύνασθαι
2551 4850 2715 4901 πλέον
2746 4847 2891 4916 ἔχειν
2937 4846 3065 4915 μήτ’
3091 4846 3314 4898 ἔλαττον
3360 4843 3454 4898 τοῦ
3491 4842 3652 4913 φύσει

2076 4941 2330 5004 ἑκάστοις
2374 4942 2685 5011 ὡρισμένου
2717 4938 2906 4998 καλοῦ.
2941 4936 3058 5000 πῶς
3092 4936 3158 4990 ἃν
3201 4934 3441 5004 τυχαίως
3473 4931 3585 4987 εἷεν
3616 4934 3650 5002 ἦ
3698 5004 3703 5009 ἱ

2076 5034 2428 5104 αὐτομάτως,
2476 5034 2636 5103 εῖπερ
2671 5031 2731 5084 τὸ
2766 5030 2989 5100 τυχαῖόν
3021 5045 3081 5080 τε
3114 5029 3209 5080 καὶ
3239 5027 3546 5097 αὐτόματον
3576 5026 3653 5095 τῷ

2075 5111 2398 5192 τεταγμένῳ
2464 5140 2523 5175 τε
2580 5121 2675 5174 καὶ
2720 5120 3019 5189 ὡρισμένῳ
3085 5117 3500 5187 ἁντιδιῄρηται,
3556 5118 3653 5174 καὶ

2076 5213 2451 5283 ἀντιφατικῶς
2478 5212 3001 5280 διακεκριμέναόὕκ
3032 5210 3098 5263 ἂν
3116 5208 3334 5263 δύναιτο
3355 5206 3646 5270 συνελθεῖν,

2074 5294 2387 5375 τεταγμένα
2417 5305 2473 5357 δὲ
2503 5304 2633 5357 ὄντα
2667 5305 2736 5357 τὰ
2775 5303 2938 5371 φύσει
2974 5319 3031 5355 τε
3068 5300 3212 5355 οὕτω
3244 5301 3502 5369 γινόμενα
3557 5299 3650 5350 καὶ

2076 5398 2412 5468 προαιρέσει
2438 5396 2777 5470 ἀνθρωπίνῃ,
2811 5395 2928 5459 πῶς
2972 5393 3038 5448 ἂν
3068 5394 3196 5448 ἄνευ
3238 5388 3348 5445 εἷεν
3390 5389 3483 5444 τοῦ
3516 5389 3648 5444 τὰτοο

2074 5507 2283 5555 τοντος,
2333 5489 2429 5542 καὶ
2462 5489 2553 5558 ὑφ’
2603 5488 2785 5542 αὐτῶν
2828 5487 2891 5540 οὐ
2922 5486 3236 5556 ταττόμενα
3285 5481 3553 5537 τάττοιντ’
3582 5482 3650 5536 ἂν

2076 5580 2343 5649 ἑτέρωθεν
2373 5582 2580 5650 δήπου;
2625 5580 2682 5633 Ei
2708 5580 2889 5631 τοίνυν
2920 5577 3071 5645 δοίης
3092 5617 3107 5639 ,
3155 5574 3350 5640 αίτίοις
3391 5567 3652 5645 ὑψηλοτέ-

2078 5689 2191 5744 ροις
2224 5688 2283 5724 τε
2315 5673 2409 5724 καὶ
2459 5671 2790 5740 κοινοτέροις
2817 5668 2971 5722 ταῦθ’
3020 5667 3162 5722 οὕτω
3214 5666 3461 5734 γίνεσθαι
3513 5665 3652 5734 μετὰ

2073 5780 2219 5826 τινος
2271 5764 2499 5827 τάξεως,
2548 5761 2767 5830 πρῶτον
2817 5761 2915 5830 μὲν
2963 5759 3171 5829 οἴχεταί
3224 5774 3306 5810 σοι
3361 5757 3547 5809 λοιπον
3588 5757 3649 5808 τὸ

2078 5854 2299 5913 τυναῖόν
2331 5871 2389 5907 τε
2427 5853 2519 5907 ra‘.
2553 5852 2860 5907 αὐτόματον
2884 5867 2897 5882 ·
2934 5847 3051 5905 εἶτα
3078 5849 3173 5903 καὶ
3210 5849 3340 5902 πεοὶ
3365 5846 3587 5901 ἐκείνων
3613 5843 3650 5915 ἡ
