4062 6402
347 392 361 407 ‘
431 405 539 471 575

424 610 664 675 materiae
689 608 995 678 snhjacent,
1023 608 1117 663 sed
1146 607 1237 663 alii
1267 607 1371 661 alia
1399 606 1661 680 quaeritur
1685 607 1709 661 ?
1732 606 1838 660 Nec
1855 605 2001 661 enim

422 705 671 777 profecto
720 703 911 759 eadem
963 717 1028 757 ex
1052 704 1278 757 materia
1307 702 1404 758 tibi
1465 703 1895 757 caleeameutum
1952 707 2007 753 et

422 793 645 848 domum
676 807 858 856 erues,
884 800 935 847 et
962 792 1007 846 si
1040 806 1146 847 non
1173 791 1335 845 modo
1364 789 1743 849 caementitiatn
1801 788 1895 845 sed
1950 793 2005 842 et

424 882 690 940 sutoriam
719 880 931 941 celeres
956 889 1126 937 artem
1161 896 1178 948 ;
1230 895 1407 948 neque
1433 879 1580 935 ultro
1627 878 1908 935 laborares
1955 878 2003 933 si

424 989 490 1031 ex
540 973 731 1027 eadem
782 984 970 1034 posses
1020 979 1316 1038 utrumque
1366 969 1659 1026 conﬁcere.
1717 968 2001 1023 Undenam

425 1058 592 1127 igitur
616 1054 757 1127 apud
785 1055 1025 1112 artiﬁces
1055 1057 1143 1111 illa
1190 1058 1339 1113 circa
1392 1057 1648 1114 materias
1697 1055 2004 1112 discretio?

425 1146 542 1209 Non
574 1148 719 1213 enim
751 1161 850 1203 sua
903 1158 1098 1217 sponte
1150 1149 1201 1203 id
1259 1150 1445 1219 operis
1497 1149 1802 1218 exhibent;
1837 1158 2004 1221 tuque

427 1241 542 1309 ipse
574 1239 700 1297 licet
729 1239 985 1297 omnibus
1009 1241 1261 1297 similiter
1284 1242 1348 1296 ad
1384 1251 1716 1297 structuram
1744 1252 1888 1298 tuam
1921 1242 1998 1298 uti

424 1332 633 1396 lieeret,
666 1342 723 1397 at
756 1346 864 1386 nou
892 1331 1015 1387 ideo
1040 1347 1251 1402 posses.
1306 1331 1499 1401 Viden,
1534 1332 1679 1402 quod
1731 1332 2001 1403 ejusmodi

426 1423 721 1488 ordinatio,
751 1424 970 1479 tametsi
1022 1424 1078 1480 in
1105 1424 1317 1480 artibus
1340 1432 1395 1479 et
1426 1424 1656 1495 Opiﬁciis
1688 1440 1785 1496 per
1814 1440 1873 1481 se
1918 1425 2001 1479 vi-

426 1515 623 1577 deatur
649 1514 754 1570 arti
783 1516 1047 1584 subjecta,
1103 1518 1221 1587 ipsa
1281 1530 1467 1572 revera
1524 1518 1705 1587 praesit
1748 1516 2002 1571 omnibus

426 1622 552 1674 qttte
579 1606 905 1665 naturaliter
932 1616 1206 1673 constant,
1236 1608 1332 1663 tibi
1361 1623 1493 1664 vero
1539 1616 1783 1678 potestas
1830 1609 2001 1665 indita

430 1698 505 1752 sit
542 1698 853 1754 inveniendi
882 1715 1132 1770 quaenam
1167 1701 1394 1756 cuilibet
1421 1700 1522 1754 arti
1571 1717 1620 1754 ιιι
1665 1702 1837 1754 atetia
1870 1716 2002 1754 con-

426 1798 628 1864 gruat;
660 1789 777 1859 ipsa
828 1789 1063 1860 denique
1099 1790 1338 1859 ratiolest
1371 1790 1533 1846 etiam
1558 1789 1660 1846 sibi
1685 1790 1998 1847 famulantis

424 1880 692 1936 exercitii.
720 1880 984 1937 Praeterea
1005 1896 1174 1950 quare
1191 1897 1314 1938 cum
1333 1882 1571 1939 aediﬁcas
1591 1899 1622 1938 a
1640 1882 1997 1940 fundamento

423 1969 644 2040 incipis,
677 1985 865 2027 muros
891 1972 1087 2028 deinde
1112 1981 1483 2041 coagmentas,
1509 1979 1753 2045 posthaec
1790 1976 2000 2033 tabula-

424 2071 606 2117 menta
635 2066 1002 2135 supersternis
1021 2080 1083 2120 ac
1107 2067 1342 2136 parietes
1373 2082 1591 2122 rursum
1642 2069 1828 2139 erigis,
1882 2081 1996 2125 tum

423 2155 679 2224 deinceps
711 2163 916 2212 tectum
952 2157 1216 2227 imponis,
1268 2173 1332 2215 ac
1381 2160 1594 2215 tandem
1650 2161 1998 2218 distributam

424 2257 658 2299 exornas
676 2245 990 2302 interiorem
1011 2247 1234 2305 domum
1262 2264 1279 2317 ;
1308 2251 1506 2305 atenim
1529 2260 1804 2322 nunquam
1832 2264 2001 2309 retro-

426 2350 621 2390 versus
652 2336 755 2392 ista
787 2338 1259 2410 peragislAnnon
1298 2342 1525 2398 evidens
1583 2342 1726 2411 quod
1782 2344 1998 2400 etiamsi

428 2427 587 2482 aliter
608 2427 762 2495 velis,
785 2443 890 2484 non
907 2429 1027 2487 ideo
1047 2441 1305 2507 praestare
1325 2433 1538 2502 queas?
1562 2430 1656 2489 Vel
1689 2436 1851 2490 etiam
1876 2452 2001 2507 pro-

429 2516 571 2573 fecto
599 2519 824 2588 pedibus
859 2530 982 2577 utut
1009 2523 1173 2592 capiti
1207 2505 1412 2580 innixis
1436 2526 1735 2594 incederes,
1767 2527 1810 2584 si
1836 2505 2001 2583 modo

428 2610 631 2674 valvas,
665 2611 807 2681 quod
830 2622 883 2668 et
905 2613 1115 2670 lusores
1167 2614 1388 2685 quidam
1419 2616 1730 2687 prodigiose
1756 2627 1998 2689 patrant;

428 2700 485 2754 bi
513 2717 640 2759 vero
673 2718 741 2757 ne
768 2718 875 2760 una
901 2706 1118 2775 quidem
1157 2708 1273 2763 vice
1294 2707 1459 2777 capiti
1492 2722 1589 2777 pro
1611 2709 1840 2777 pedibus
1864 2710 2002 2766 insi-

428 2800 604 2858 stunt,
637 2794 976 2865 impossibile
999 2797 1146 2852 enim
1178 2806 1261 2853 est
1280 2815 1296 2864 ;
1328 2800 1578 2855 manibus
1597 2809 1779 2856 autem
1810 2810 2002 2858 evecto

429 2886 610 2955 capite
633 2887 782 2940 humi
811 2887 1027 2955 lttdunt,
1058 2890 1176 2943 vice
1202 2890 1399 2959 pedum
1447 2892 1703 2948 manibus
1758 2900 2000 2951 utentes;

430 2973 631 3046 thuitl
666 2978 890 3048 insuper
914 2981 967 3033 in
997 2981 1131 3035 mari
1160 2996 1267 3034 non
1296 2981 1557 3050 aediﬁcas,
1580 2995 1676 3038 aut
1701 2996 1867 3041 nauta
1892 3000 2000 3042 non

431 3068 563 3120 solet
602 3076 747 3122 terra
776 3073 1054 3138 navigare,
1106 3072 1211 3127 nisi
1254 3074 1397 3142 quod
1456 3089 1631 3142 neque
1689 3090 1786 3144 per
1837 3092 2000 3147 agros

1523 405 1905 466 GENNADII
1949 405 2061 467 CP.
2101 405 2616 469 PATRiAIlCHE

397 542 404 576 l
495 521 610 587 Qua
638 530 768 575 vero
795 517 863 573 de
891 531 1057 572 causa
1089 532 1195 573 non
1247 516 1449 572 eaedem
1496 516 1753 571 omnibus
1798 515 2009 571 artibus
2037 518 2085 576 Α

3573 406 3681 469 5ῖῦ

2186 516 2353 582 ’Ὑλαι
2390 516 2446 570 δὲ
2483 517 2599 578 πῶς
2650 516 2747 587 οὐχ
2799 520 2854 572 αἱ
2903 516 3066 571 αὐταὶ
3112 516 3316 579 πάσαις
3367 516 3684 570 ύπᾶκεινται

2106 605 2363 676 τέχναιςς
2420 606 2555 677 πρὸς
2588 607 2635 661 δ’
2668 607 2838 678 ἄλλην
2891 608 3088 677 τέχνην
3120 606 3256 676 ἄλλη
3311 607 3586 677 ζητεῖται⁹
3622 611 3683 661 οὐ

2105 699 2215 768 γὰρ
2246 702 2311 767 τῇ
2366 697 2502 771 αὐτῇ
2553 715 2616 766 γε
2670 696 2774 772 ὕλῃ
2829 700 3082 773 ὑπόδημα
3134 698 3201 753 ἂν
3256 700 3546 769 τεχνάσαιο
3591 701 3685 752 καὶ

2104 787 2305 851 οἰκίαν,
2340 787 2521 859 ἐἴπερ
2564 791 2660 845 καὶ
2710 791 3074 861 σκυτοτομεῖν
3123 790 3348 861 εἰδείης,
3403 790 3464 842 οὐ
3520 791 3682 857 μόνον

2104 879 2441 950 οίκοδομεῖνο
2472 881 2575 934 οὐκ
2606 880 2673 936 ἃν
2700 881 2745 934 δ’
2795 877 2942 949 εἶχες
2976 881 3277 951 πράγματα
3321 879 3484 937 ἑκὼν,
3522 880 3685 946 εἴπερ

2104 967 2361 1037 ἡδύνασο,
2396 972 2461 1041 τῇ
2494 970 2632 1042 αὐτῇ
2665 966 2814 1024 οἶκόν
2839 988 2900 1024 τε
2922 954 3031 1024 ’καὶ
3070 956 3324 1039 ὑπόδημα
3353 970 3528 1021 ποιεῖν
3557 968 3683 1038 ὕλη.

2105 1058 2278 1114 Πόθεν
2316 1058 2362 1114 δ’
2389 1063 2422 1131 η
2463 1061 2605 1116 κατὰ
2658 1061 2757 1134 τὴν
2788 1060 2924 1131 ὕλην
2957 1060 3099 1132 αὕτη
3150 1060 3383 1130 διαφορὰ
3435 1060 3574 1128 πρός
3617 1077 3682 1126 γε

2104 1152 2206 1216 τὰς
2237 1152 2434 1223 τέχνας
2465 1157 2575 1217 τοῖς
2607 1138 2918 1224 μετιοῦσινς
2946 1154 3007 1206 οὐ
3038 1152 3147 1223 γὰρ
3186 1150 3499 1222 βουλόμενοι
3526 1150 3687 1204 τοῦτο

2104 1244 2452 1315 πάσχουσιν,
2513 1248 2607 1301 καὶ
2667 1247 2734 1300 σὺ
2789 1245 3074 1316 βουληθεὶς
3129 1243 3433 1314 κεχρῆσθαι
3481 1243 3686 1305 πάσαις

2101 1337 2306 1406 ὁμοίως
2341 1339 2477 1409 πρὸς
2525 1338 2626 1408 τὴν
2678 1338 2780 1407 σὴν
2827 1336 3180 1408 οἰκοδομικὴν
3221 1336 3325 1390 οὐκ
3371 1335 3439 1389 ἂν
3474 1334 3682 1396 δύναιο,

2103 1428 2355 1498 καθάπερ
2408 1428 2585 1498 ἔφθην
2636 1430 2830 1485 είπών.
2897 1429 3065 1500 Ὁρᾷς
3096 1427 3198 1498 τὴν
3240 1425 3503 1495 τοιαύτην
3532 1423 3687 1489 τάξιν

2101 1522 2204 1574 κάν
2232 1522 2355 1584 ταῖς
2393 1521 2611 1591 τέχναις
2641 1538 2699 1574 τε
2726 1521 2818 1574 καὶ
2856 1522 2970 1583 τοῖς
3003 1520 3300 1590 τεχνητοῖς
3341 1517 3680 1587 φαινομένην

2100 1611 2179 1681 τῷ
2206 1611 2307 1683 τὴν
2341 1612 2442 1681 μὲν
2487 1612 2648 1681 φύσιν
2697 1613 3020 1666 ὑποκεῖσθαι
3061 1613 3129 1683 τῇ
3179 1610 3382 1680 τέχνῃ,
3425 1606 3685 1678 τετάχθαι

2100 1702 2159 1757 δὲ
2184 1703 2473 1773 προδήλως
2503 1703 2676 1773 αὐτὴν
2702 1706 2760 1756 ὲν
2788 1704 2903 1767 τοῖς
2939 1702 3103 1771 φύσει
3135 1700 3467 1756 συνεστῶσιν
3487 1699 3685 1765 ἅπασι,

2104 1793 2187 1845 σοὶ
2208 1792 2262 1846 δὲ
2278 1782 2509 1862 δύναμιν
2523 1792 2858 1846 ἐντεθεῖσθαι
2872 1792 2990 1859 τοῦ,
3008 1792 3138 1846 ποία
3162 1792 3228 1847 ἂν
3247 1791 3349 1861 ὕλη
3371 1791 3499 1860 ποία
3514 1789 3684 1860 τέχνῃ

2099 1882 2418 1952 ἁρμόσειεν,
2441 1882 2731 1953 εὑρετικὴν
2751 1899 2767 1915 ⁸
2797 1883 3008 1953 ταύτην
3042 1883 3090 1937 δ’
3125 1877 3265 1936 εἶναι
3296 1885 3388 1933 τὸν
3405 1880 3563 1947 λόγον
3586 1879 3684 1932 καὶ

2098 1958 2299 2046 πείρας
2327 1974 2712 2046 ὑπουργούσης
2743 1975 2912 2044 αὐτῷ.
2946 1973 3111 2031 Ἀλλὰ
3144 1973 3251 2044 μὴν
3276 1973 3371 2025 καλ⁸
3398 1970 3488 2024 διὰ
3524 1971 3577 2025 τί
3598 1971 3683 2023 ’ἐκ

2102 2065 2356 2136 θεμελίου
2376 2066 2678 2136 οἰκοδομῶν
2695 2048 2864 2137 ἄρχη,
2884 2060 3007 2119 εἶτα
3023 2063 3242 2134 τοίχους
3267 2060 3555 2132 συνείρεις,
3575 2054 3681 2115 εἶτ’

2099 2157 2361 2227 ἑφαπλοῖς
2394 2159 2833 2229 καταστρώματα
2857 2158 2951 2210 καὶ
2983 2156 3213 2227 τοίχους-
3243 2149 3311 2208 αὖ
3349 2152 3682 2221 ὲπεγείρεις,

2099 2246 2217 2303 εἶτα
2243 2248 2556 2303 τελευταῖον
2608 2248 2872 2312 ἐπιτιθεῖς
2902 2246 3127 2318 ὀροφὴν.
3175 2242 3298 2300 εἶτα
3331 2243 3568 2314 μερίζων
3594 2241 3687 2295 εν-

2099 2330 2190 2392 δον
2214 2342 2608 2408 κατακοσμεῖς,
2640 2339 2758 2393 ἀλλ’
2780 2340 3037 2393 οὐδέποτε
3060 2340 3154 2394 καὶ
3186 2335 3683 2407 ἀντεστραμμένως

2100 2430 2279 2485 ταῦτα
2319 2433 2533 2498 ποιεῖς;
2586 2432 2621 2503 ἢ
2652 2433 2832 2502 δῆλον,
2888 2433 2962 2496 ὡς
3010 2434 3111 2486 οὐκ
3147 2432 3214 2486 ἂν
3271 2432 3446 2495 ἄλλως
3499 2429 3687 2484 δύναιο

2104 2525 2278 2576 ποιεῖν
2310 2523 2431 2577 οὐδὲ
2467 2523 2750 2595 βουληθείς
2777 2541 2792 2592 ;
2828 2520 2907 2577 Ἦ
2936 2524 3042 2595 γὰρ
3077 2524 3155 2578 ἂν
3190 2525 3287 2579 καὶ
3327 2522 3683 2592 περιεπάτεις

2100 2614 2233 2667 ποτε
2259 2616 2326 2685 τῇ
2369 2616 2582 2686 κεφαλῇ
2623 2616 2751 2679 τοὺς
2802 2616 2965 2680 πόδας
3015 2615 3330 2685 ἐπερείδων,
3371 2613 3529 2683 εἴπερ
3556 2611 3685 2680 ἠδύ-

2100 2723 2253 2771 νασο,
2293 2707 2429 2777 ὅπερ
2460 2706 2591 2760 ένιοι
2624 2707 2910 2771 παίζοντες
2941 2704 3470 2775 παραδοξοποιοῦσιν
3493 2721 3507 2736 ο
3549 2703 3682 2759 κάθ-

2099 2815 2260 2868 ηνται
2291 2797 2344 2851 δὲ
2374 2797 2483 2853 οίιίῖ⁹
2530 2790 2679 2852 οὗτοι
2704 2800 2771 2868 τῇ
2800 2797 3012 2868 κεφαλῇ
3041 2797 3296 2862 καθάπαξ
3330 2796 3448 2849 ἀντὶ
3478 2795 3685 2859 ποδῶν,

2102 2890 2384 2961 ἀμήχανον
2420 2890 2551 2960 γὰρ.
2581 2892 2702 2953 ταῖς
2737 2889 2793 2943 δὲ
2820 2891 2978 2961 χερσὶ
3002 2891 3100 2960 τὴν
3134 2888 3378 2959 κεφαλὴν
3412 2888 3682 2958 μετεωρί-

2102 2983 2292 3047 ζοντες
2336 2983 2431 3036 ἐπὶ
2486 2982 2591 3052 γῆς
2623 2983 2876 3049 παίζουσι
2924 2985 3046 3046 ταῖς
3094 2985 3285 3052 χερσὶν
3338 2981 3458 3036 ἀντὶ
3502 2979 3682 3033 ποδῶν

2102 3071 2401 3143 χρώμενοι.
2439 3072 2539 3126 Διὰ
2568 3074 2619 3125 τί
2650 3072 2709 3127 δὲ
2752 3073 2847 3126 καὶ
2880 3073 2956 3144 μὴ
2991 3072 3294 3142 οίκοδομεῖς
3330 3073 3389 3123 έν
3413 3068 3683 3139 θαλάσσῃ,

432 3155 728 3226 navigatio,
787 3174 889 3213 nec
938 3158 993 3214 in
1043 3162 1179 3214 mari
1233 3176 1470 3232 unquam
1488 3164 1796 3235 .‘aadificatio
1846 3166 1997 3238 fungi

2107 3165 2217 3219 οὐδ’
2241 3167 2270 3219 ὁ
2306 3163 2632 3227 πλευστικὸς
2657 3163 2753 3217 ἰπὶ.
2781 3164 2885 3235 γῆς
2925 3163 3083 3217 εῐωθε
3114 3163 3290 3225 πλεῖν,
3326 3163 3360 3233 ἢ
3386 3161 3466 3215 ὅτι
3518 3159 3682 3215 πλευ-

434 3255 600 3316 queat
627 3262 729 3305 suo
772 3250 1048 3306 munere?
1111 3248 1235 3306 Uno
1278 3255 1462 3319 verbo,
1504 3271 1570 3311 ex
1621 3268 1739 3313 arte
1777 3260 1999 3330 quidem

432 3339 706 3396 aediﬁcare
763 3341 1022 3409 didicisti,
1084 3354 1279 3399 natura
1322 3354 1503 3401 autem
1548 3350 2002 3421 naturalibusque

431 3435 597 3489 rebus
635 3435 827 3489 uteris.
863 3434 970 3490 Aut
1007 3436 1053 3492 si
1105 3451 1260 3492 esses
1314 3437 1582 3506 medicus,
1640 3440 1844 3498 herbas
1892 3444 2002 3498 uti-

430 3540 536 3594 que
561 3538 625 3581 ac
654 3524 860 3596 lapides
885 3527 938 3582 in
969 3526 1109 3583 hanc
1134 3538 1303 3584 artem
1325 3529 1634 3588 adhiberes.
1680 3532 1849 3605 Atqui
1897 3536 2005 3591 alia

429 3616 647 3685 quidem
678 3617 745 3672 ad
779 3618 926 3674 aliud
958 3619 1129 3676 herba
1160 3632 1287 3677 nata
1315 3629 1423 3688 est,
1452 3638 1627 3694 neque
1657 3626 1725 3681 ad
1781 3628 2000 3684 morbos

430 3714 642 3761 tantum
662 3712 956 3775 sanandos,
979 3709 1075 3767 sed
1101 3720 1154 3766 et
1177 3710 1486 3769 inducenda
1505 3722 1617 3770 tum
1638 3715 1848 3772 scilicet
1870 3716 2004 3786 ipsis

433 3801 735 3869 utentibus,
767 3811 881 3858 tum
906 3804 974 3859 iis
1005 3804 1099 3875 qui
1131 3813 1275 3861 recte
1309 3807 1389 3862 uti
1410 3807 1667 3862 nesciunt
1692 3822 1710 3875 ;
1735 3809 1839 3863 alia
1871 3820 2004 3864 vero

429 3888 593 3941 etiam
626 3888 784 3955 plane
834 3892 1131 3961 perimunt,
1191 3894 1388 3951 nedum
1438 3895 1727 3954 sanitatem
1786 3882 2007 3954 servent

432 3988 526 4033 aut
563 3990 840 4037 revocent.
875 3981 952 4037 ita
977 3992 1030 4039 et
1055 3985 1263 4054 lapides
1294 3996 1612 4055 operantur,
1659 4002 1763 4044 nec
1807 4002 2002 4044 eorum

432 4080 629 4128 natura
657 4073 763 4129 ulla
801 4091 1039 4147 unquam
1073 4088 1256 4146 posset
1289 4079 1557 4135 industria
1603 4080 1826 4135 mutari.
1887 4078 2006 4136 Hoc

429 4173 639 4220 tantum
672 4166 1029 4236 prohibentur
1054 4183 1144 4236 ne,
1163 4170 1440 4240 proprium
1462 4176 1806 4240 assequendo
1822 4170 2004 4238 ﬁnem,

429 4257 563 4313 alias
589 4258 690 4313 sibi
732 4262 1037 4317 contrarias
1084 4261 1233 4317 vires
1283 4269 1377 4315 aut
1413 4260 1748 4318 etiicaciores
1797 4277 2004 4333 praepe-

429 4353 583 4408 diant
608 4361 886 4406 necuonet
909 4353 1151 4421 reliquas
1167 4352 1302 4408 artis
1321 4354 1635 4410 methodos.

2106 3255 2267 3324 στική
2299 3256 2397 3325 μὲν
2428 3255 2521 3307 ἐπὶ
2551 3253 2678 3322 γῆς,
2707 3252 3028 3323 οἰκοδομικὴ
3069 3250 3125 3305 δὲ
3155 3251 3250 3304 ἐπὶ
3281 3249 3554 3318 θαλάττης
3583 3247 3684 3300 οὐκ

2104 3346 2173 3401 ἂν
2194 3346 2445 3401 δύναιντό
2479 3363 2612 3400 ποτε
2661 3345 2730 3398 τὰ
2766 3344 2946 3399 αὐτῶν
2996 3342 3300 3413 πράττειν;
3351 3341 3446 3395 καὶ
3498 3338 3685 3399 ἁπλῶς

2105 3442 2303 3505 εἰπεῖν,
2335 3440 2502 3512 τέχνῃ
2552 3439 2651 3509 μὲν
2693 3438 2867 3509 δήπου
2902 3437 2960 3490 τὺ
2992 3435 3296 3505 οἰκοδομεῖν
3344 3432 3489 3502 ἔχειν
3537 3430 3689 3500 εἰλη-

2107 3547 2237 3603 φας,
2269 3532 2539 3603 κέχρησαι
2569 3531 2626 3585 δὲ
2660 3532 2822 3600 φύσει
2848 3546 2906 3582 τε
2936 3529 3031 3584 καὶ
3058 3529 3174 3591 τοῖς
3220 3526 3319 3596 τῆς
3353 3525 3566 3596 φύσεως
3596 3521 3689 3592 ερ-

2107 3641 2247 3694 γοις.
2281 3625 2391 3678 Καὶ
2418 3625 2602 3697 ἰατρὸς
2623 3624 2783 3693 εῖπερ
2809 3618 2976 3695 ἦσθα,
3006 3620 3261 3691 βοτάναις
3288 3620 3355 3677 ἂν
3383 3619 3478 3674 καὶ
3515 3615 3689 3677 λίθοις

2108 3716 2248 3786 πρὸς
2275 3717 2376 3786 τὴν
2404 3717 2602 3787 τέχνην
2635 3715 2842 3785 ταύτην
2880 3714 3148 3785 ὲκέχρησο
3167 3729 3183 3745 ο
3231 3710 3430 3780 βοτάνη
3457 3708 3513 3761 δὲ
3544 3706 3680 3776 ἄλλη

2107 3806 2243 3877 δρᾷν
2268 3803 2397 3859 ἄλλο
2425 3822 2479 3858 τι
2509 3806 2781 3874 πέφυκεν,
2809 3804 2932 3858 οὐδὲ
2965 3802 3291 3873 νοσημάτων
3321 3799 3693 3855 ἀπαλλάττειν

2113 3897 2298 3967 μόνον,
2328 3895 2465 3950 ἀλλὰ
2496 3896 2590 3949 καὶ
2610 3899 2809 3959 ,νόσους
2857 3896 3032 3949 ποιεῖν
3077 3898 3191 3957 τοῖς
3222 3893 3359 3956 ὅλως
3385 3890 3690 3963 χρωμένοις

2110 3987 2144 4059 ἢ
2174 3989 2288 4052 τοῖς
2316 3987 2417 4042 οὐκ
2466 3988 2634 4041 εἰδόσι
2666 3986 2904 4059 χρῆσθαι
2950 3986 3153 4052 καλῶς,
3184 3985 3279 4040 καὶ
3317 3984 3594 4039 κτείνουσι
3629 3980 3691 4034 δὲ

2111 4077 2270 4133 ἄλλαι
2305 4078 2526 4142 τελείως
2575 4078 2697 4131 ἀντὶ
2724 4077 2820 4131 τοῦ
2857 4075 3141 4147 τρέφεινῆ
3185 4075 3285 4145 τὴν
3336 4072 3527 4141 ὑγείαν
3554 4072 3693 4122 ἐπα-

2113 4170 2382 4236 νασώζειν
2408 4187 2422 4202 ·
2455 4171 2550 4224 καὶ
2581 4169 2720 4225 λίθοι
2749 4169 2808 4224 δὲ
2831 4167 3096 4230 ὡσαύτως
3122 4165 3298 4221 ταῦτα
3328 4161 3564 4225 ποιοῦσι,
3592 4158 3693 4212 καὶ

2106 4263 2421 4333 τὴν-αὐτῶν
2477 4261 2643 4332 φύσιν
2681 4260 2860 4324 οὐδεὶς
2918 4260 2985 4314 ἂν
3030 4258 3256 4328 οὐδεμιᾷ
3293 4252 3688 4325 μεταποιήσειε

2106 4357 2271 4429 τέχνῃ
2291 4372 2307 4388 ο
2361 4355 2636 4428 εἴργονται
2677 4356 2838 4425 μόνον
2883 4355 2953 4408 τὰ
2996 4352 3191 4421 αὐτῶνι
3218 4350 3463 4417 ὲξανύειν
3505 4345 3689 4412 ἄλλοις

430 4441 690 4495 τάναντία
721 4458 781 4494 τε
807 4440 1078 4510 πεφυκόσι
1105 4440 1233 4495 ’καὶ
1297 4439 1755 4513 δραστικωτέροις
1785 4444 2260 4517 ἀντιπραττόμενα
2289 4446 2384 4500 καὶ
2413 4445 2661 4517 μεθόδοις
2688 4447 2882 4516 τέχνης
2915 4444 3149 4515 ἑτέραις.

506 4535 694 4604 Itaque
719 4548 784 4588 ex
816 4533 1230 4590 sublimioribus
1259 4533 1354 4590 Dei
1403 4534 1661 4603 Operibus
1711 4545 1874 4606 atque
1928 4553 2009 4594 re-
2038 4539 2091 4600 D

433 4640 555 4678 rum
590 4632 645 4677 et
666 4623 861 4678 virium
884 4623 970 4678 his
997 4622 1284 4679 insitarum
1345 4632 1453 4679 tam
1480 4625 1753 4680 concinna
1804 4627 2006 4682 distin-

432 4718 633 4778 c.ione,
662 4714 1198 4783 “manifestissima
1239 4724 1293 4771 et
1328 4715 1595 4785 stupenda
1625 4717 1813 4771 mundi
1846 4719 2007 4789 hujus

438 4808 680 4864 universi
711 4807 1183 4863 administratione
1228 4808 1315 4863 cui
1364 4817 1550 4863 tantus
1579 4810 1738 4879 ,ordo
1783 4819 1999 4880 pratest,

435 4918 502 4958 ex
531 4902 711 4958 multis
737 4901 857 4956 aliis
892 4900 1130 4971 denique
1165 4900 1217 4955 id
1244 4901 1462 4972 generis
1514 4901 1658 4958 unde
1704 4917 1895 4958 omnes
1935 4902 2003 4958 ad

434 4994 526 5047 υιιί
559 4995 808 5049 notitiam
838 4993 1157 5048 necessario
1186 4994 1451 5063 compulsi
1514 5002 1664 5059 sunt,
1708 5008 1902 5063 posses
1949 5006 2003 5049 et

432 5096 488 5140 tu
516 5088 840 5155 comperire,
869 5085 913 5141 si
939 5085 1126 5152 libeat,
1146 5085 1418 5142 nihilesse
1449 5085 1530 5141 vel
1556 5085 1671 5141 ﬁeri
1698 5086 1840 5154 quod
1864 5101 2004 5155 prte-

429 5186 515 5231 tt-r
546 5178 795 5232 ordinem
822 5175 915 5232 ﬁat
942 5186 1036 5231 aut
1062 5177 1155 5243 sit,
1186 5175 1548 5246 universaque
1572 5177 1717 5232 entia
1767 5178 2002 5246 quadam

429 5270 583 5339 quasi
618 5268 949 5339 permirabili
980 5278 1174 5324 catena
1206 5269 1456 5324 connecti
1481 5269 1642 5323 simul
1674 5283 1737 5324 ac
1766 5270 2000 5337 secerni,

428 5359 590 5429 cujus
620 5375 728 5414 non
760 5356 994 5415 fuissent
1024 5357 1127 5428 ipsi
1159 5357 1380 5413 sibimet
1408 5365 1685 5412 auctores.
1712 5355 1897 5426 Neque
1923 5364 2005 5412 tot

430 5461 653 5521 tamque
677 5450 976 5507 dissimiles
1002 5459 1210 5504 naturae
1234 5448 1286 5502 in
1317 5448 1478 5504 unius
1507 5448 1694 5503 mundi
1735 5449 2007 5504 constitu-

429 5544 632 5598 tionem
663 5544 804 5597 inter
834 5556 893 5597 se
915 5549 1103 5597 essent
1137 5542 1208 5596 ab
1242 5540 1400 5595 initio
1444 5550 1734 5607 consertae,
1785 5542 2005 5595 nemine

422 5633 538 5703 jam
572 5643 686 5687 tum
709 5644 1030 5688 conserente
1071 5632 1287 5702 illisque
1331 5631 1413 5685 sic
1465 5639 1724 5698 perpetuo
1758 5631 2003 5686 coalendi

432 5722 543 5774 vim
570 5721 946 5792 suppeditante
966 5735 1128 5788 quam
1161 5723 1278 5788 ipse
1301 5730 1485 5789 posset
1531 5721 1597 5774 ad
1644 5730 1835 5775 nutum
1888 5721 2001 5775 sol-

432 5823 579 5868 vere.
611 5812 781 5870 Porro
811 5812 1100 5869 ordinatim
1136 5814 1239 5871 ista
1287 5826 1575 5868 conserere
1627 5813 1765 5868 ilcnt
1818 5821 1899 5868 est
1940 5826 2004 5871 ac

2198 4540 2296 4594 Ἐκ
2324 4539 2436 4593 τῶν
2469 4538 2820 4610 ὑψηλοτέρων
2861 4539 3042 4592 τοίνυν
3073 4536 3168 4591 τοῦ
3198 4535 3331 4599 Θεοῦ
3383 4537 3563 4604 ἔργων
3593 4538 3689 4591 καὶ

2110 4629 2211 4698 τῆς
2257 4629 2523 4683 εὐτάκτου
2558 4629 2826 4700 διαφορᾶς
2876 4628 2988 4682 τῶν
3016 4629 3077 4681 ἐν
3110 4627 3296 4691 αὐτοῖς
3341 4626 3559 4696 φύσεων
3592 4627 3689 4679 καὶ

2110 4719 2415 4790 δυνάμεων,
2468 4720 2563 4774 καὶ
2610 4720 2714 4788 τῆς
2768 4721 3165 4790 φανερωτάτης
3222 4718 3316 4774 καὶ
3371 4717 3686 4786 ξενιζούσης

2109 4808 2263 4863 τοῦδε
2290 4808 2386 4864 τοῦ
2432 4810 2628 4873 παντὸς
2672 4810 2992 4879 διοικήσεως
3038 4807 3183 4863 οὕτω
3230 4808 3350 4861 λίαν
3386 4805 3554 4876 οὔσης
3589 4807 3685 4860 εύ-

2107 4900 2309 4954 τάκτου
2332 4901 2428 4954 καὶ
2443 4900 2654 4955 πολλῶν
2675 4900 2852 4955 ἄλλων
2872 4899 3155 4965 τοιούτων,
3185 4898 3255 4953 δι’
3277 4893 3354 4953 ὧν
3374 4898 3680 4964 ἀναγκαίως
3794 4914 3801 4917 -

2108 4980 2247 5061 πρὸς
2276 4990 2371 5063 τὴν
2402 4993 2534 5064 περὶ
2581 4991 2674 5045 τοῦ
2708 4991 2852 5045 θείου
2903 4991 3104 5052 πάντες
3144 4990 3391 5060 ἤχθησαν
3446 4988 3681 5052 ἔννοιαν,

2104 5075 2252 5150 εἶχες
2279 5082 2366 5149 ἂν,
2406 5086 2564 5152 εἰπερ
2592 5081 2814 5136 ἐϐούλου
2856 5081 3196 5152 καταμαθεῖν
3244 5081 3341 5137 καὶ
3390 5081 3574 5144 αὑτὸς,
3610 5079 3686 5141 ὡς

2104 5174 2260 5228 οὐδὲν
2290 5174 2439 5228 ἐστιν
2466 5176 2526 5229 ιν
2553 5175 2665 5235 τοῖς
2691 5169 2812 5229 οὖσι
2842 5174 2940 5226 καὶ
2968 5174 3280 5241 γινομένοις
3312 5172 3442 5226 ἄνευ
3473 5167 3685 5233 τάξεως

2105 5262 2164 5317 ὂν
2200 5265 2295 5318 καὶ
2345 5266 2646 5335 γινόμενον,
2682 5263 2779 5318 καὶ⁵
2829 5264 2911 5318 δτι
2937 5264 3190 5335 καθάπερ
3237 5261 3686 5333 ὑπερθαυμσάτῳ

2104 5360 2215 5410 τινὶ
2249 5357 2409 5426 σειρᾷ
2455 5356 2523 5409 τὰ
2555 5355 2684 5409 δντα
2717 5355 2895 5409 πάντα
2943 5354 3248 5409 συνδεδεταί
3279 5371 3339 5407 τε
3370 5353 3462 5408 κα)⁵
3498 5351 3686 5404 διακέ-

2103 5464 2310 5518 κριται,
2345 5447 2467 5519 ἥτις
2491 5447 2592 5500 οὐκ
2637 5448 2704 5502 ἂν
2737 5448 2832 5503 ἀπ’
2862 5448 3045 5504 αὐτῶν
3091 5451 3150 5501 ὲν
3182 5447 3368 5509 αὐτοῖς
3411 5443 3499 5514 εἴη
3521 5459 3537 5474 ο
3572 5441 3689 5495 οὐδ’

2104 5539 2171 5595 ἂν
2227 5539 2645 5611 συνεπλάκησαν
2695 5539 2793 5611 τὴν
2839 5540 3020 5611 ἀρχὴν
3047 5537 3312 5593 τοσαῦται
3353 5537 3431 5608 τῷ
3490 5533 3685 5603 πλήθει

2105 5633 2299 5704 φύσεις
2325 5635 2417 5687 καὶ
2442 5632 2585 5688 οὕτω
2617 5634 2868 5704 διάφοροι
2900 5633 3040 5704 πρὸς
3070 5633 3188 5694 ἐνὸς
3236 5631 3443 5700 κόσμου
3481 5626 3683 5683 σύστα-

2107 5740 2193 5777 σιν
2225 5725 2353 5778 ἄνευ
2383 5723 2479 5777 τοῦ
2508 5724 2914 5794 συμπλέξαντός
2933 5741 2992 5777 τε
3019 5725 3117 5795 τὴν
3132 5723 3320 5795 ηάρχὴν
3347 5721 3438 5775 καὶ
3466 5718 3564 5787 τὴν
3582 5715 3684 5773 τοῦ

2104 5816 2192 5872 διὰ
2223 5816 2424 5883 παντὸς
2472 5816 2614 5871 οὕτω
2647 5817 3069 5889 συμπεπλέχθαι
3100 5816 3333 5887 δύναμιν
3373 5814 3555 5874 αὐτοῖς
3585 5809 3684 5870 tv—
