4062 6478
388 376 492 442 577

1479 377 1581 437 DE
1619 375 1767 437 nso
1806 374 1888 435 1N
1929 372 2350 434 TRINITATE
2383 372 2563 440 UNO.
3527 378 3634 441 δῖε

385 497 641 567 θεμένου,
672 495 741 566 ἢν
771 494 931 559 αὐτὸς
968 495 1128 566 μόνος
1159 496 1226 551 ἂν
1261 494 1490 567 ἠδύνατο
1515 494 1611 549 καὶ
1640 493 1809 559 λύειν,
1844 492 1946 559 εῖγι

2071 493 2274 557 lacere,
2302 492 2442 547 idem
2478 500 2531 547 et
2559 491 2858 548 dissolvere
2915 500 3078 563 atque
3119 493 3322 551 delere.
3379 496 3460 551 Tu
3519 510 3650 555 vero

384 589 656 645 ὲΰούλετο.
689 587 764 641 Τὸ
794 587 851 641 δὲ
882 589 1218 659 συμπλέκειν
1250 588 1419 642 ταῦτα
1450 588 1731 648 εὐτάκτως
1762 585 1958 638 ταυτόν

382 683 504 736 lett
536 680 613 750 τῷ
647 681 843 745 ποιεῖν,
885 680 982 733 καὶ
1026 680 1103 751 τῷ
1134 681 1381 751 φθείρειν
1410 678 1470 733 τὸ
1509 676 1749 731 διαλύειν
1772 691 1787 707 ·
1824 678 1872 729 εἰ
1900 675 1957 729 δὲ

384 771 722 841 συμπλέκεις
778 771 873 824 καὶ
925 771 989 824 σὺ
1047 771 1341 842 διαφόρους
1390 770 1579 839 φύσεις
1632 769 1953 849 οίκοδομῶν,

382 862 500 917 ἀλλ’
525 862 621 932 ούχ
651 861 727 925 ὡς
752 860 819 916 ἂν
858 860 1200 933 βουληθείης,
1229 861 1305 926 ὡς
1339 860 1406 917 ἂν
1436 860 1492 914 δὲ
1536 859 1955 928 συμπλέκοιντο,

385 952 478 1004 καὶ
522 952 555 1021 ἡ
600 951 698 1020 τῆς
730 952 827 1021 σῆς
855 952 1050 1022 τέχνης
1080 951 1374 1025 ὲφαρμογὴ
1421 953 1488 1021 τῇ
1526 949 1813 1021 συμπλοκῇ
1852 948 1961 1001 τῶν

383 1041 599 1109 φύσεων
624 1043 819 1097 ἕπεται
837 1059 854 1075 °
876 1045 1001 1099 ὅθεν
1029 1060 1093 1098 συ
1103 1044 1368 1115 μπλέκεις
1401 1044 1561 1114 μόνον
1580 1041 1675 1096 καὶ
1694 1041 1756 1095 ού
1785 1040 1960 1102 ποιεῖς

348 1168 355 1183 .
383 1134 575 1196 αὑτάς.
630 1133 690 1187 '0
720 1135 776 1188 δὲ
803 1135 903 1197 τάς
944 1138 1182 1205 φυσικὰς
1210 1135 1543 1206 συμπλέκων
1591 1134 1863 1202 ίδιότητας
1899 1133 1958 1184 ἐν

382 1228 498 1289 τοῖς
528 1226 646 1280 οὖσι
679 1229 775 1280 καὶ
806 1229 1035 1299 ποιητὴς
1074 1228 1253 1282 αὐτῶν
1294 1229 1410 1281 ἐστι
1440 1227 1612 1297 δήπου
1635 1242 1651 1257 ο
1682 1226 1827 1278 ποιεῖ
1850 1221 1959 1291 γὰρ

387 1320 480 1368 καὶ
510 1318 799 1389 ὑφίστησιν
838 1318 1032 1385 οὕτως,
1065 1318 1143 1383 ὡς
1189 1319 1256 1374 ἂν
1282 1319 1377 1373 καὶ
1421 1316 1839 1388 συμπλέκεσθαι
1867 1314 1962 1366 δυ-

2067 600 2192 640 cuut
2229 586 2486 649 aediﬁcas,
2523 586 2629 640 etsi
2658 586 2840 641 varias
2872 588 3034 641 etiam
3074 589 3376 660 compingis
3400 602 3646 661 naturas,

2067 677 2117 731 id
2152 692 2259 730 non
2285 690 2385 745 pro
2414 685 2550 731 nutu
2583 676 2950 745 quidem,,sed
2983 689 3042 733 ut
3073 679 3214 736 forte
3260 682 3552 753 contigerit
3592 695 3651 740 et

2064 770 2198 821 artis
2234 774 2338 821 tute
2363 765 2648 835 dispositio
2690 772 2905 824 naturis
2955 769 3231 828 subditur.
3277 771 3434 828 Unde
3481 789 3650 846 coag-

2068 866 2281 914 tnentas
2310 859 2496 923 modo,
2531 874 2639 913 non
2671 873 2996 916 verocrcas.
3044 860 3145 927 Qui
3196 874 3374 917 autem
3425 873 3646 922 cutibus

2062 950 2343 1006 naturales
2373 959 2521 1019 aptat
2556 952 2932 1019 proprietates,
2957 951 3046 1005 ille
3065 954 3253 1022 procul
3292 954 3460 1009 dubio
3486 961 3570 1010 es‘t
3591 966 3646 1011 et

2063 1054 2257 1096 eurum
2305 1039 2500 1096 factor.
2557 1040 2639 1095 Ita
2718 1048 2952 1112 namque
3030 1045 3206 1114 ipsam
3281 1045 3644 1103 subsrantiaiu

2065 1130 2226 1187 edicit
2255 1141 2314 1184 ut
2338 1132 2551 1201 possint
2582 1131 2649 1187 ad
2676 1132 2908 1200 hujusce
2955 1134 3118 1189 totius
3146 1135 3332 1189 mundi
3371 1140 3648 1205 composi-

2067 1223 2270 1277 tionem
2303 1222 2572 1292 adaptari.
2594 1233 2754 1293 prout
2785 1225 2857 1277 illi
2881 1224 3146 1294 profuerit
3164 1242 3180 1293 ;
3208 1242 3370 1295 quem
3403 1229 3468 1282 ad
3487 1229 3648 1285 linem

2069 1324 2261 1366 omnes
2290 1312 2530 1365 universi
2560 1321 2743 1382 partes
2766 1313 3414 1372 confecitetconciliavit.

383 1410 594 1481 νηθεῖεν
626 1412 761 1481 πρὸς
800 1412 918 1476 ὲνὺς
951 1411 1044 1466 τοῦ
1076 1410 1275 1475 παντὸς
1318 1409 1476 1464 τοῦδε
1508 1409 1786 1475 σύστασιν,
1822 1406 1945 1478 ἥτις
1969 1398 2038 1476 ἦν
2073 1402 2224 1475 αὐτῷ
2263 1401 2541 1495 προῦργου
2569 1419 2585 1436 ·
2626 1406 2721 1460 καὶ
2773 1407 2964 1460 τούτου
3013 1408 3177 1478 χάριν
3246 1409 3316 1462 τὰ
3350 1409 3444 1463 τοῦ
3509 1429 3650 1466 παν-

382 1502 473 1565 τὸς
503 1502 679 1557 ἐποίει
708 1520 767 1557 τε
796 1505 892 1558 καὶ
933 1503 1230 1559 συνέπλεκε
1261 1504 1423 1575 μέρη.

454 1597 517 1651 Εἰ
547 1597 594 1648 δ’
624 1597 689 1651 ἐκ
716 1592 946 1667 μηδενὸς
973 1596 1083 1651 τῶν
1120 1596 1403 1660 τοιούτων,
1443 1594 1549 1650 άπὸ
1590 1594 1790 1649 σαυτοῦ
1822 1590 1953 1664 γοῦν

388 1685 549 1756 μόνου
577 1686 670 1738 καὶ
700 1689 800 1756 τῆς
832 1685 931 1757 σῆς
965 1688 1181 1756 φύσεως
1225 1689 1320 1741 καὶ
1342 1686 1454 1743 τῶν
1500 1686 1609 1741 σῶν
1635 1687 1812 1756 ἔργων
1844 1686 1954 1740 ἔδει

386 1792 445 1831 σε
473 1781 567 1832 τὸν
598 1780 901 1850 ἐπιγνῶναι
931 1781 1282 1852 δημιουργὸν,
1327 1781 1388 1845 ὃς
1419 1797 1501 1834 σοι
1530 1781 1668 1849 μετὰ
1691 1779 1785 1834 τοῦ
1812 1773 1955 1833 εἶναι

2132 1582 2231 1639 Sin
2258 1595 2387 1637 vero
2411 1579 2679 1635 nihildum
2716 1581 2986 1639 movearis
3010 1582 3316 1653 huiusmodi
3350 1587 3644 1659 exemplis.

2060 1691 2127 1733 ex
2154 1674 2444 1744 temetipso
2463 1682 2609 1729 certe
2631 1674 2848 1743 quidem
2873 1685 3075 1748 tuaque
3094 1686 3286 1732 natura
3306 1688 3360 1735 et
3386 1682 3648 1751 cperibus

2071 1769 2166 1825 tibi
2192 1775 2405 1824 creator
2441 1774 2557 1821 erat
2588 1767 2992 1836 agnoscendus,
3023 1783 3053 1822 a
3086 1784 3195 1836 quo
3238 1780 3348 1825 tum
3377 1787 3499 1827 esse
3533 1783 3646 1828 tum

383 1873 476 1926 καὶ
501 1873 603 1943 τὴν
635 1874 771 1957 πρὸς
803 1874 975 1928 τᾶλλα
1019 1874 1227 1928 δέδωκε
1251 1875 1406 1940 τάξιν
1429 1891 1443 1907 ο
1489 1876 1586 1930 καὶ
1623 1871 1831 1943 ταύτην
1865 1888 1946 1925 σοι

2052 1861 2120 1916 ad
2145 1860 2355 1930 reliqua
2373 1859 2618 1915 ordinari
2641 1868 2853 1916 nactus
2871 1875 2954 1915 es.
2978 1861 3129 1916 Hanc
3147 1862 3311 1932 igitur
3329 1877 3449 1933 ego,
3466 1865 3649 1933 negle-

379 1962 480 2030 τὴν
506 1966 625 2018 ὁδὸν
676 1965 772 2020 νῦν
802 1967 963 2036 ἡμεῖς
996 1967 1060 2020 ὲκ
1111 1967 1433 2038 περιουσίας
1480 1968 1601 2021 ἀντὶ
1635 1964 1848 2021 πολλῶν
1892 1982 1953 2018 τε

385 2055 561 2110 ἄλλων
589 2059 683 2112 καὶ
733 2060 1054 2129 σοφωτέρων
1100 2059 1236 2114 ὁδῶν
1265 2059 1677 2132 προύθήκαμεν,
1719 2058 1821 2112 οὐκ
1863 2055 1953 2112 ἐπ’

384 2148 592 2218 ἐλέγχῳ
624 2150 785 2221 μόνον
815 2150 914 2220 τῆς
945 2153 1044 2220 σῆς
1074 2151 1411 2222 ἀφροσύνης,
1445 2150 1581 2206 ἀλλὰ
1610 2151 1707 2206 καὶ
1757 2167 1955 2220 συνερ-

382 2241 480 2311 γοῦ
497 2259 630 2308 ηες,
674 2243 859 2298 εἴποτε
893 2243 1216 2317 βουληθείης
1241 2244 1492 2300 ἐντεῦθεν
1521 2245 1651 2315 γοῦν
1679 2244 1954 2315 ἠργμένος

378 2334 469 2387 τοῦ
504 2352 561 2388 σε
592 2337 685 2389 καὶ
715 2336 893 2391 πάντα
924 2340 1254 2409 ποιήσαντος
1285 2336 1663 2393 ωναισθέσθαι
1689 2338 1851 2393 Θεοῦ.
1878 2339 1951 2391 Σὺ

378 2423 435 2477 δι
462 2423 562 2494 τῆς
591 2425 691 2493 μὲν
721 2426 898 2490 οἰκίας
927 2426 990 2497 δη
1002 2427 1263 2497 μιονργδν
1293 2428 1491 2482 σαυτδν
1525 2423 1664 2482 εῖναι
1694 2428 1822 2498 φῂς,
1856 2426 1953 2481 καὶ

379 2512 520 2567 πάνυ
549 2513 747 2581 καλῶς,
794 2515 891 2569 καὶ
936 2518 1038 2581 τῆς
1069 2520 1126 2570 ὲν
1159 2518 1241 2571 σοὶ
1292 2517 1388 2571 τοῦ
1420 2518 1779 2589 δημιουργεῖν
1807 2514 1953 2569 οὕτω

378 2602 576 2673 τέχνης
609 2604 783 2659 αἴτιον
829 2607 922 2661 τὸν
958 2607 1248 2676 διδάξαντά
1281 2626 1341 2662 σε
1370 2612 1574 2681 ταύτην
1621 2611 1908 2681 ὁμολογεῖς
1932 2627 1949 2646 ο

381 2695 524 2766 ἅπερ
554 2698 667 2752 οὐδ’
695 2698 859 2763 εὐθὺς
906 2701 1244 2772 γεννηθέντι,
1283 2703 1421 2773 μετὰ
1450 2702 1508 2758 δὲ
1555 2702 1653 2774 τὴν
1687 2705 1951 2774 δευτέραν

376 2786 592 2855 ἡλικίαν
616 2790 819 2861 παρῆν,
865 2790 1070 2855 πάσαις
1106 2796 1483 2864 παρασκευαῖς
1516 2796 1579 2849 ὲκ
1605 2796 1705 2864 τῆς
1733 2797 1951 2866 φύσεως

377 2879 736 2952 ἑξηρτυμένῳ
783 2884 961 2948 καλῶς
990 2885 1127 2953 πρὸς
1157 2887 1218 2939 τὸ
1264 2886 1525 2940 δύνασθαι
1563 2888 1858 2957 μανθάνειν
1887 2908 1950 2945 τε

379 2971 471 3022 καὶ
498 2971 855 3042 ἐργάζεσθαι.
885 2976 994 3030 Καὶ
1017 2975 1142 3029 οὔτε
1169 2977 1348 3047 λέγεις
1379 2978 1478 3042 τὴν
1505 2979 1686 3033 οίκίαν
1713 2980 1952 3051 αὐτόμα-

375 3075 468 3112 τον
495 3062 817 3134 ὑποστῆναι,
842 3061 876 3135 ἦ
908 3066 1016 3137 γάρ
1044 3065 1112 3121 ἂν
1138 3069 1306 3139 αὐτῆς
1334 3069 1433 3121 οὐκ
1461 3069 1693 3141 ἀπῄτεις
1731 3073 1947 3141 μισθὸν,

374 3153 489 3208 οὔτ’
536 3157 861 3226 αὐτομάτως
892 3175 974 3213 σοι
1004 3159 1104 3231 τὴν
1153 3160 1352 3231 τέχνην
1382 3160 1562 3216 ἐλθεῖν
1590 3179 1606 3194 ο
1641 3165 1701 3217 ού
1747 3163 1853 3237 γὰρ
1881 3164 1948 3219 ἂν
1973 3193 2019 3253 c

375 3245 484 3301 ἔδει
517 3265 577 3300 σε
634 3249 1017 3320 προσεδρεύειν
1059 3252 1330 3319 φοιτῶντα
1359 3253 1478 3307 οὐδὲ
1518 3255 1745 3325 μισθοὺς
1780 3257 1946 3311 ὑπισ-

374 3337 620 3407 χνεῖσθαι
665 3356 725 3392 τε
776 3341 873 3394 καὶ
928 3343 1192 3414 παρέχειν
1232 3345 1309 3414 τῷ
1351 3345 1626 3400 δεικνύναι
1672 3364 1753 3401 σοι
1783 3348 1948 3402 δυνα-

374 3429 524 3499 μένῳ
550 3447 564 3461 ·
593 3430 687 3484 τοῦ
715 3432 761 3485 δ’
789 3433 853 3485 ἐκ
891 3432 1067 3503 ψυχῆς
1104 3451 1165 3487 σε
1197 3436 1523 3491 συνεστάναι
1558 3438 1650 3491 καὶ
1690 3437 1946 3506 σώματος

373 3522 469 3574 καὶ
494 3522 595 3593 τὴν
623 3524 721 3593 μὲν
743 3522 919 3593 ψυχὴν
949 3525 1239 3589 τοσαύταις
1272 3528 1511 3580 συνεῖναι
1537 3531 1634 3582 καὶ
1660 3530 1946 3594 τοιαύταις

373 3612 661 3684 δυνάμεσι,
695 3615 756 3668 τὸ
801 3616 858 3670 δὲ
889 3616 1049 3686 σῶμα
1081 3617 1357 3681 τοσούτοις
1393 3620 1762 3676 συντεθεῖσθαι
1803 3639 1944 3677 στοι-

373 3703 558 3773 χείοις,
591 3704 629 3758 δ.
660 3707 774 3770 τοῖς
799 3708 891 3760 τοῦ
931 3708 1136 3769 κόσμου
1186 3710 1468 3780 στοιχείοις
1510 3711 1783 3784 ᾠκείωταί
1828 3731 1946 3779 πως

371 3794 524 3848 τοῦδε
571 3795 665 3849 τοῦ
718 3797 855 3867 πρὸς
887 3798 1040 3868 ἡμῖν,
1091 3795 1211 3853 εἶτα
1243 3800 1520 3864 τοσούτοις
1573 3804 1706 3857 αὐτὸ
1749 3798 1940 3873 μέρεσι

370 3887 464 3940 καλ⁸
522 3889 735 3958 μορίοις
791 3887 1170 3959 διακεκρίσθαι
1223 3906 1283 3943 τε
1327 3891 1466 3960 ὁμοῦ
1510 3893 1604 3947 καὶ
1667 3895 1935 3965 ἡνῶσθαι,

370 3976 697 4049 ὁμοιομερές
724 3995 785 4031 τε
821 3979 911 4032 καὶ
944 3980 1361 4052 ἁνομοιομερὲς,
1393 3985 1488 4036 καὶ
1518 3985 1818 4057 ἐνδοτέροις
1844 3989 1938 4043 καὶ

368 4074 646 4141 φανεροῖς,
697 4072 789 4127 καὶ
831 4073 986 4140 τάξιν
1039 4075 1219 4129 αἰτίου
1268 4093 1328 4129 τε
1381 4077 1476 4130 καὶ
1519 4079 1765 4132 αἰτιατοῦ
1799 4081 1939 4151 πρὸς

368 4163 576 4234 ἄλληλα
603 4164 812 4234 ἔχουσι,
856 4167 952 4220 καὶ
978 4164 1073 4221 τοῦ
1105 4166 1203 4237 τὴν
1241 4166 1420 4238 ψυχὴν
1451 4170 1794 4224 τελειοῦσθαι
1838 4172 1941 4241 μὲν

365 4255 447 4318 είς
470 4256 674 4327 ἀρετὴν
703 4256 966 4311 δύνασθαι
995 4258 1090 4312 καὶ
1120 4260 1311 4329 σοφίαν
1340 4262 1631 4334 χρωμένην
1651 4262 1831 4334 ὀρθῶς
1860 4264 1939 4335 τῷ

365 4345 606 4414 σώματι,
639 4344 859 4414 φαύλως
887 4345 945 4400 δὲ
978 4351 1329 4419 κεχρημένην
1352 4352 1680 4421 ἀμφοτέρων
1703 4353 1940 4426 διαμαρ-

363 4436 544 4489 τάνειν
574 4439 669 4490 καὶ
720 4437 857 4508 πρὸς
894 4438 995 4510 τὴν
1038 4441 1290 4495 ἐναντίαν
1336 4441 1495 4511 ἣκειν
1542 4442 1811 4513 διάθεσιν,
1843 4446 1939 4503 καὶ

2054 1953 2158 2010 clis
2192 1952 2320 2008 aliis
2366 1952 2617 2022 pluribus
2662 1952 2839 2021 iisque
2862 1952 3348 2023 optimis,alteram
3382 1970 3449 2010 ex
3472 1956 3645 2010 abun-

2053 2047 2205 2103 danti
2228 2046 2370 2102 viain
2399 2061 2665 2116 propono,
2685 2061 2793 2102 non
2824 2054 2882 2101 ut
2902 2056 3047 2102 tuam
3078 2047 3237 2103 modo
3256 2047 3529 2104 confutem
3557 2049 3639 2103 iu-

2055 2137 2288 2202 saniam.
2314 2137 2409 2195 sed
2433 2138 2596 2193 etiam
2630 2138 2901 2208 adiuvem,
2934 2138 2977 2194 si
3002 2153 3107 2209 qua
3135 2140 3349 2195 tandem
3383 2140 3508 2195 hinc
3534 2156 3644 2196 etn-

2053 2234 2198 2301 plsse
2231 2231 2365 2288 velis
2406 2231 2482 2285 tui
2531 2229 2883 2299 omniumque
2944 2229 3280 2286 conditorem
3313 2231 3639 2302 intelligere

2054 2321 2249 2379 Deum.
2269 2321 2349 2377 Tu
2371 2335 2503 2393 ergo
2532 2321 2727 2377 domus
2758 2320 3145 2377 mliﬁcatorem
3179 2321 3409 2392 teipsum
3441 2323 3548 2389 ais,
3585 2333 3640 2378 et

2055 2414 2215 2485 plane
2231 2413 2455 2480 merito;
2474 2420 2635 2484 atque
2659 2413 2821 2483 hujus
2843 2414 2981 2469 artis
3000 2427 3067 2468 eu
3077 2429 3125 2468 ni
3151 2414 3248 2470 tibi
3270 2429 3492 2470 causam
3516 2430 3639 2472 esse

2054 2503 2244 2561 fateris
2269 2522 2298 2560 a
2323 2521 2433 2577 quo
2462 2505 2741 2573 didicisti;
2767 2507 2970 2577 quippe
2985 2507 3075 2577 qui
3101 2521 3197 2562 nec
3216 2507 3421 2562 dudum
3449 2517 3635 2574 natus,
3664 2545 3673 2548 η

2057 2596 2280 2653 nonnisi
2313 2598 2524 2652 ﬁrmata
2554 2598 2665 2669 jam
2695 2604 2872 2661 aetate,
2904 2597 2970 2653 ad
3011 2594 3113 2654 hoc
3136 2613 3235 2670 par
3270 2599 3534 2664 evaseris,
3560 2600 3639 2655 iw

2064 2698 2312 2746 structus
2351 2691 2563 2746 scilicet
2588 2690 2844 2747 erunibus
2870 2692 3085 2746 natum
3100 2690 3318 2747 dotibus
3338 2700 3395 2746 ut
3424 2694 3635 2749 discere

2054 2797 2244 2852 posses
2279 2790 2333 2838 et
2355 2782 2627 2839 exerceri.
2669 2782 2924 2838 Attamen
2965 2797 3140 2853 neque
3171 2783 3394 2838 domum
3427 2786 3632 2840 asseris

2053 2892 2185 2933 casu
2218 2879 2505 2945 exsistere,
2539 2893 2662 2933 nam
2694 2879 2997 2934 mercedem
3035 2877 3282 2947 profecto
3318 2895 3384 2934 ex
3411 2894 3477 2934 ea
3522 2895 3632 2934 non

2050 2977 2370 3038 expeteres;
2396 2983 2573 3040 neque
2611 2967 2835 3023 fortuito
2864 2967 2961 3024 tibi
2997 2968 3240 3024 innatam
3265 2981 3461 3033 artem,
3517 2979 3633 3024 tuin
3682 2958 3693 2971 ’

2052 3059 2198 3114 enim
2232 3074 2338 3114 non
2369 3059 2656 3130 oportebat
2706 3060 3023 3132 magistrum
3065 3061 3202 3116 adeo
3256 3061 3630 3130 frequentare,

2054 3166 2418 3222 nutantesque
2442 3151 2712 3222 spondere
2735 3158 2791 3208 et
2841 3154 3076 3208 solvere.
3108 3151 3266 3208 Nunc
3280 3164 3458 3209 autem
3486 3155 3630 3224 quod

2052 3241 2231 3295 anima
2266 3250 2486 3296 constes
2515 3249 2570 3295 et
2592 3252 3021 3311 corporc,atque
3049 3251 3125 3298 ιοι
3153 3243 3429 3314 tantisque
3449 3247 3633 3299 anima

2050 3336 2122 3391 sit
2158 3338 2424 3390 instructa
2482 3337 2708 3400 viribus,
2740 3352 2938 3407 corpus
2983 3346 3165 3392 autem
3213 3344 3292 3392 tot
3348 3338 3633 3393 elementis

2048 3429 2579 3498 constitutumque
2610 3444 2734 3483 cum
2787 3428 3015 3500 hujusce
3077 3428 3222 3485 circa
3277 3444 3379 3485 nos
3439 3431 3627 3485 mundi

2047 3518 2330 3587 principiis
2361 3520 2474 3575 fere
2514 3523 2847 3588 coalescunt,
2875 3522 3020 3592 quod
3078 3532 3187 3576 tam
3231 3523 3419 3578 multis
3480 3525 3625 3581 istud

2045 3609 2295 3676 partibus
2341 3620 2394 3664 et
2434 3610 2716 3679 particulis
2745 3617 2818 3667 sit
2860 3613 3180 3668 distinctum
3211 3616 3373 3670 simul
3404 3624 3460 3672 et
3495 3616 3630 3673 adu«

2043 3709 2257 3764 natum,
2289 3701 2565 3760 similibus
2623 3719 2686 3759 ac
2731 3704 3116 3771 dissimilibus,
3172 3706 3512 3778 internisque
3568 3720 3628 3768 et

2044 3793 2436 3861 apparentibus
2484 3795 2869 3866 compositum,
2905 3811 3027 3866 quae
3080 3797 3226 3853 inter
3275 3813 3337 3854 se
3392 3800 3623 3858 invicem

2042 3883 2256 3938 ratione
2289 3899 2466 3941 causa:
2496 3895 2551 3941 et
2573 3886 2799 3943 etiectus
2844 3889 3190 3953 ordinantur,
3219 3892 3364 3961 quod
3401 3892 3627 3965 insuper

2043 3973 2226 4028 anima
2252 3975 2453 4032 virtute
2483 3980 2653 4047 possit
2684 3984 2739 4034 et
2758 3979 3022 4049 sapientia
3049 3981 3259 4051 perlici,
3287 3986 3450 4041 modo
3476 3996 3624 4042 recte
3734 3984 3745 3997 “

2041 4079 2272 4134 corpore
2303 4077 2506 4136 utatur,
2536 4069 2620 4125 sin
2657 4071 2840 4126 minus
2871 4074 2940 4127 ab
2984 4082 3221 4144 utroque
3265 4076 3478 4132 decidet
3509 4079 3621 4149 jam

2042 4152 2097 4210 in
2122 4160 2457 4214 contrarium
2499 4161 2793 4217 decessura
2822 4179 2838 4229 ;
2872 4174 2926 4217 et
2966 4178 3033 4219 ne
3064 4164 3241 4234 plura,
3266 4168 3411 4236 quod
3460 4169 3515 4223 in
3574 4182 3627 4225 te

2040 4246 2113 4303 sit
2138 4262 2394 4321 perquam
2429 4252 2612 4307 varius
2632 4253 2720 4309 ille
2740 4270 2805 4309 ac
2833 4257 3291 4326 stupt-ndissimus
3320 4259 3619 4317 thesaurus

2039 4356 2217 4411 neque
2264 4342 2319 4396 in
2351 4352 2402 4397 te
2434 4358 2568 4411 uno,
2605 4343 2699 4400 sed
2749 4352 2805 4400 et
2857 4345 3001 4414 apud
3072 4347 3390 4404 innumeros
3421 4352 3625 4420 pariter

2038 4431 2282 4503 ejusdem
2315 4441 2526 4489 natura:
2551 4433 2647 4489 tibi
2678 4437 3118 4508 comparticipes,
3148 4449 3278 4494 tune
3311 4441 3392 4497 vis
3429 4451 3621 4498 aucto-

362 4525 549 4590 ἁπλῶς
578 4529 753 4581 είπεῖν
789 4528 884 4584 τοῦ
918 4532 977 4587 ὲν
1008 4531 1092 4584 σοὶ
1142 4530 1538 4586 ποικιλωτάτου
1573 4537 1668 4588 καὶ
1698 4538 1939 4607 παραδο-

2048 4539 2156 4579 rem
2179 4538 2303 4580 esse
2327 4526 2559 4594 nullum,
2597 4537 2765 4597 atque
2799 4543 2939 4597 opus
2965 4538 3172 4585 tantum
3208 4533 3316 4589 tuis
3338 4531 3499 4590 factis
3526 4535 3617 4591 de-

366 4615 587 4682 ξοτάτου
628 4619 935 4690 χρήματος,
981 4620 1091 4674 οὐδ’
1130 4623 1192 4676 ιν
1223 4623 1305 4675 σοὶ
1344 4623 1532 4692 μόνον,
1565 4625 1702 4680 ἀλλὰ
1736 4628 1831 4681 καὶ
1875 4629 1939 4683 ὲν

363 4709 761 4780 ἀναριθμήτοις
805 4712 1007 4782 ὁμοίως
1058 4714 1170 4776 τοῖς
1216 4714 1314 4783 τῆς
1341 4715 1517 4786 αὐτῆς
1570 4721 1937 4789 μετεσχηκόσι

363 4819 446 4855 σοι
474 4802 715 4873 φύσεως,
747 4804 810 4857 οὐ
856 4805 1034 4868 θέλεις
1078 4801 1220 4860 εῖναι
1249 4807 1585 4879 δημιουργὸν
1634 4811 1730 4863 καὶ
1768 4812 1937 4884 χείρω

362 4893 502 4949 εῖναι
530 4896 787 4950 τοσοῦτον
830 4897 1004 4962 θέλεις
1032 4897 1143 4952 τῶν
1175 4898 1283 4952 σῶν
1314 4901 1678 4971 ποιημάτωνί
1713 4903 1824 4956 Καὶ
1868 4905 1934 4958 σὺ

365 4986 464 5055 μὲν
488 4985 554 5040 ἂν
581 4986 862 5056 οίκοδόμος
893 4984 961 5059 ῆς
998 4990 1094 5044 καὶ
1125 4988 1393 5059 δεσπότης
1440 4989 1576 5061 ὁμοῦ
1606 4992 1708 5061 τῆς
1732 4991 1933 5061 οἰκίας,

359 5081 456 5151 οὐχ
485 5081 633 5142 ὅπως
675 5081 838 5149 μόνον
864 5082 1077 5148 γένοιτο
1117 5081 1218 5152 τὴν
1245 5082 1443 5153 ἀρχὴν,
1491 5080 1629 5135 ἀλλὰ
1658 5084 1753 5137 καὶ
1783 5084 1934 5148 ὅπως

360 5170 426 5226 ἂν
464 5171 779 5225 συνίσταιτο
830 5173 1102 5244 προνοεῖς,
1143 5173 1256 5226 τῶν
1284 5174 1423 5243 πρὸς
1453 5173 1610 5226 τοῦτο
1652 5175 1933 5245 φερόντων

360 5264 577 5317 πάντων
609 5263 1033 5334 ἐπιμελόμενοςο
1066 5264 1162 5317 σοῦ
1188 5264 1244 5317 δὲ
1273 5265 1369 5318 καὶ
1397 5267 1495 5334 τῆς
1526 5264 1628 5335 σῆς
1661 5263 1808 5337 ζωῆς
1834 5266 1931 5320 ού-

358 5355 481 5409 δένα
517 5355 696 5425 βούλει
725 5355 1050 5429 φροντιστὴν
1081 5353 1220 5409 εἶναι
1250 5358 1343 5409 καὶ
1370 5357 1645 5426 κηδεμόνα
1672 5372 1686 5386 '
1719 5360 1813 5412 καὶ
1837 5361 1932 5412 άν-

358 5444 579 5516 θρώπου
615 5448 715 5517 μὲν
774 5448 870 5521 δέῃ
905 5451 1041 5519 πρὸς
1076 5448 1252 5503 ταῦτά
1303 5465 1455 5515 ποτε,
1497 5446 1557 5510 ὃς
1607 5448 1730 5502 ούδὲ
1778 5450 1930 5522 αὑτῷ

363 5539 577 5592 δύναται
606 5538 823 5610 βοηθεῖν
847 5556 860 5569 υ
892 5539 986 5593 τοῦ
1022 5539 1080 5593 δὲ
1120 5540 1286 5611 μόνον
1333 5539 1552 5611 βοηθεῖν
1586 5540 1805 5611 ἔχοντος
1834 5544 1930 5596 καὶ

358 5628 675 5701 βοηθοῦντος
702 5633 804 5684 οὐκ
846 5632 1061 5696 ἐπαϊεις
1084 5633 1178 5686 καὶ
1212 5632 1498 5702 βοηθοῦντι
1546 5634 1840 5704 προσέχειν
1865 5635 1926 5689 ού

356 5723 533 5790 βούλει
565 5722 696 5793 μηδὲ
723 5723 886 5794 χάριν
922 5726 1208 5794 ὁμολογεῖν
1234 5725 1247 5778 !
1286 5726 1396 5803 ιςαι
1422 5726 1603 5779 οίκῖαν
1632 5726 1732 5796 μὲν
1766 5728 1929 5781 ἐπαι-

357 5816 462 5876 νεῖς
490 5812 566 5877 ὠς
591 5809 651 5868 εὖ
683 5814 1059 5887 εἰργασμένην
1074 5816 1354 5880 ισυντόνως
1387 5810 1625 5873 ἐπαινῶν
1653 5818 1748 5873 τὸν
1772 5817 1927 5892 δεδη-

2048 4614 2217 4672 terius
2250 4617 2265 4671 ι
2301 4615 2365 4669 Ει
2415 4625 2470 4672 ιιι
2521 4617 2741 4687 quidem
2812 4618 2861 4674 si
2907 4618 3105 4677 domus
3159 4631 3402 4680 structor
3457 4625 3625 4683 simul

2043 4706 2280 4763 exsistas
2309 4715 2364 4764 et
2395 4707 2676 4776 dominus,
2720 4725 2829 4765 non
2857 4710 3033 4768 solum
3061 4714 3336 4784 quomodo
3365 4718 3435 4772 sit
3463 4732 3627 4776 exsee

2042 4800 2259 4871 quenda
2288 4802 2541 4872 provides
2574 4806 2641 4859 ab
2674 4804 2855 4870 initio,
2878 4805 2975 4861 sed
3010 4807 3176 4861 etiam
3210 4810 3489 4878 quomodo
3512 4813 3626 4869 diss

2043 4893 2314 4962 ponenda,
2342 4901 2398 4949 et
2425 4894 2692 4965 quidquid
2709 4896 2862 4966 operi
2887 4896 3136 4952 conferat
3165 4902 3412 4956 nonnihil
3435 4917 3624 4959 curas.

1992 4976 1998 4983 ”
2041 4980 2119 5038 De
2144 4993 2196 5039 te
2220 4999 2348 5039 vero
2369 4999 2432 5040 ac
2455 4986 2562 5040 vita
2591 4999 2683 5041 tua
2709 4987 2984 5044 neminem
3018 5004 3140 5044 esse
3168 4992 3327 5048 ducis
3355 4994 3446 5062 qui
3467 5000 3617 5049 cure‘

2042 5086 2136 5131 aut
2170 5075 2414 5147 cogitet!
2479 5077 2590 5133 imo
2631 5079 2733 5134 hoc
2761 5079 3057 5151 aliquando
3088 5082 3362 5136 hominem
3402 5084 3620 5152 rogabis

2040 5167 2133 5241 qui
2151 5182 2218 5224 ne
2230 5169 2574 5242 sesequidem
2591 5172 2726 5229 valet
2746 5171 3021 5243 adjuvare,
3034 5183 3196 5243 atque
3208 5172 3381 5229 solum
3403 5188 3523 5230 ven:
3536 5176 3625 5248 ju-

2038 5273 2257 5320 vantem
2278 5264 2610 5336 iuvandique
2626 5280 2876 5334 capacem
2893 5278 3000 5319 non
3035 5266 3245 5330 laudas,
3262 5281 3435 5337 neque
3450 5271 3616 5324 etiam

2033 5357 2245 5428 juvanti
2277 5358 2358 5413 vis
2382 5359 2664 5414 attendere
2689 5366 2777 5411 aut
2806 5357 3006 5425 gratias
3026 5356 3227 5413 referre
3250 5360 3263 5412 ί
3289 5358 3367 5414 Ac
3395 5359 3615 5415 domum

2037 5451 2256 5520 quidem
2287 5452 2496 5506 ‘laudas
2559 5459 2622 5506 ut
2672 5449 2875 5506 aﬂ'abre
2923 5449 3122 5506 factam
3173 5461 3616 5522 structoremque

2037 5539 2375 5595 incessanter
2420 5539 2687 5611 praedicas
2716 5556 2734 5606 ;
2766 5552 2889 5610 quae
2911 5549 3092 5596 autem
3122 5541 3176 5595 iu
3207 5552 3258 5596 te
3283 5550 3368 5596 est
3390 5551 3616 5611 stupen-

2036 5631 2162 5686 dant
2194 5631 2338 5686 hanc
2384 5641 2439 5685 et
2480 5631 2736 5685 eximiam
2799 5631 3225 5688 architecturam
3277 5632 3612 5690 dehonestas

2033 5723 2193 5794 cujus
2228 5732 2335 5779 tam
2368 5733 2620 5793 proterve
2665 5732 2990 5779 structorem
3041 5726 3320 5797 abuegas!
3379 5739 3614 5795 eumque

2037 5828 2369 5875 asscreutem
2406 5816 2707 5888 quamlibet
2730 5831 2861 5875 casu
2893 5827 3148 5878 constare
3188 5821 3409 5876 domum
3464 5828 3613 5874 tuam
