4062 6408
452 320 557 383 579

1548 271 1808 381 GED1in
1822 320 1929 381 ΒΗ
1976 321 2084 382 CP.
2123 322 2641 383 PATRIABCHE

3601 326 3705 390 5ξο

435 435 692 500 irrideas,
735 451 924 491 eorum
988 446 1164 491 tamen
1216 437 1609 492 elenzentorum
1661 445 1811 491 tanta
1858 438 2029 506 magis

2141 443 2548 512 μιουργηκότα·
2578 440 2672 508 τὴν
2704 440 2746 492 δ’
2774 441 2833 492 ἐν
2866 444 2941 494 eo".
2977 440 3295 507 ξενίζουσαν
3331 442 3422 496 xui.
3465 449 3715 513 σοφωτὲ-

432 523 526 583 illa
579 528 941 597 pretiosorum
995 543 1104 598 quo
1154 529 1336 598 operis
1405 529 1480 582 tui
1554 530 2017 599 pulchritudinem

435 621 647 675 ratione
676 621 914 674 materia:
942 630 1226 689 superant,
1251 634 1486 690 quorum
1540 620 1742 674 eximia
1800 604 2025 675 concin-

433 711 581 766 nitas
609 722 660 766 et
691 727 786 781 per
811 727 933 781 quae
954 711 1200 779 subjecta
1237 712 1473 766 materia
1516 720 1839 781 praestauter
1860 709 2025 764 εσυτ.

439 814 644 869 matur,
676 804 871 857 horum
905 803 1166 856 iniiciaris
1196 818 1526 873 quemquam
1557 817 1679 858 esse
1708 818 1929 857 causam
1972 810 2028 857 et

435 897 729 958 laetorem,
761 906 832 957 et,
858 895 1003 964 quod
1033 910 1257 948 summa:
1292 906 1371 949 est
1420 894 1691 959 amentiae,
1724 909 1901 963 neque
1948 893 2027 949 tui

438 1003 616 1056 neque
652 999 867 1041 tuorum
899 989 951 1040 in
999 996 1049 1040 te
1080 987 1340 1041 bonorum
1419 988 1666 1057 opiticem
1691 988 1703 1041 !
1733 987 1870 1055 Quid
1929 986 2029 1056 igi-

435 1088 525 1132 tttr
569 1077 766 1130 niirum
803 1079 848 1132 si
877 1088 931 1133 et
971 1079 1179 1148 reliqua
1240 1090 1441 1135 cuncta
1482 1078 1722 1150 ignores,
1754 1079 2030 1148 quomodo

444 1184 498 1223 et
531 1170 801 1223 ttndenam
836 1171 968 1237 sint,
1000 1172 1094 1242 qui
1137 1173 1189 1225 in
1220 1174 1508 1241 temetipso
1544 1171 1690 1241 prior
1723 1179 1902 1225 tantas
1933 1170 2020 1223 in-

442 1262 626 1317 stituis
661 1264 914 1317 tenebras
939 1262 962 1315 ?
991 1263 1119 1329 Sed,
1156 1271 1214 1317 ut
1236 1263 1347 1333 jam
1369 1264 1738 1333 promisimus,
1770 1262 2029 1331 quoniam

436 1368 603 1423 prave
654 1365 707 1409 et
764 1357 993 1425 turpiter
1057 1356 1237 1411 vivere
1296 1355 1666 1426 proposueris,
1705 1355 1759 1408 in
1812 1354 2021 1408 hancce

438 1444 700 1500 devenisti
747 1447 1046 1510 vesaniam,
1106 1458 1269 1517 atque
1323 1449 1520 1503 iterum
1580 1447 1659 1502 sic
1710 1444 2034 1501 insaniendo

439 1538 597 1593 malis
628 1539 766 1593 ntala
808 1555 1035 1596 securus
1077 1543 1348 1613 congeris,
1381 1542 1791 1611 humanamque
1854 1539 2033 1594 vitam

441 1632 611 1686 semel
661 1643 942 1689 aversatus
973 1646 1114 1690 retro
1148 1634 1382 1705 peragis.

2130 549 2232 599 την
2262 532 2573 601 οίκοῖομίαν
2603 532 2895 601 ἀτιμάζεις
2941 534 3084 586 οὓτω
3113 533 3301 596 δεινῶς
3330 535 3420 587 τὸν
3452 537 3712 607 δημιουρ-

2129 623 2225 688 γὸν
2256 622 2423 691 αὐτῆς
2453 621 2875 692 ὲξαρνούμενοςί
2906 623 3011 674 Καὶ
3034 622 3283 689 λέγοντος
3319 624 3420 693 μέν
3441 642 3585 685 τινος
3609 627 3708 697 τὴν

2131 712 2307 765 οίκίαν
2339 712 2665 779 αὐτομάτως
2692 713 2955 782 συστῆναι
2986 717 3293 784 καταγελᾷς
3312 729 3326 743 ’
3353 718 3464 769 τῶν
3489 716 3545 770 δὲ
3577 717 3705 773 πολί

2133 803 2337 873 ταύτης
2367 804 2716 874 τιμιωτέρων
2744 804 2905 867 ὑλῶν,
2938 805 2990 857 αἳ
3023 806 3158 873 πρὸς
3201 806 3301 873 μὲν
3334 806 3394 860 τὸ
3428 810 3579 876 παρά
3612 826 3705 875 της

2138 895 2241 964 σῆς
2266 896 2463 966 τέχνης
2498 892 2637 959 εἶδος
2665 895 2756 949 τὸν
2787 895 2886 965 τῆς
2918 895 3048 964 ὕλης
3074 897 3259 966 ἔχουσι
3292 899 3473 967 λόγον,
3502 900 3619 970 εἴδη
3655 902 3705 954 δέ

2136 988 2277 1040 εἰσιν
2307 987 2467 1040 αὑταὶ
2502 986 2835 1057 διαφέροντα
2868 989 2963 1041 καὶ
2988 989 3261 1060 διαφόρως
3293 993 3389 1061 τὴν
3417 992 3704 1061 ὑποκειμέ·

2137 1094 2239 1149 νην
2268 1077 2402 1149 ὓλην
2451 1080 2782 1149 μορφοῦντα,
2829 1083 3036 1135 τούτων
3068 1084 3126 1134 οὐ
3156 1084 3333 1147 θέλεις
3375 1084 3547 1139 αἴτιον
3578 1082 3703 1139 εἷνα·

2140 1172 2235 1225 xui
2278 1171 2633 1241 δημιουργὸν,
2673 1173 2767 1225 καὶ
2822 1172 2851 1225 δ
2904 1172 3091 1242 μεῖζον
3125 1175 3205 1236 είς
3262 1177 3541 1244 ἀπόνοιαν,
3595 1178 3703 1231 οὑδί

2140 1265 2232 1318 σοῦ
2266 1268 2359 1320 xui
2387 1268 2494 1318 τῶν
2524 1269 2582 1319 ὲν
2620 1268 2704 1319 σοὶ
2738 1262 2921 1321 κὶιλῶν
2951 1269 3157 1324 αῖτιονί
3194 1268 3258 1323 ΤΞ
3288 1261 3468 1324 τοίνυν
3501 1269 3700 1339 θαυμα-

2141 1357 2285 1421 στὸν,
2318 1357 2368 1410 εί
2420 1359 2489 1409 τὰ
2545 1357 2682 1411 ἀλλα
2729 1359 2906 1412 πάντα
2954 1359 3101 1423 ὅπως
3135 1376 3195 1414 τε
3252 1362 3347 1414 xui
3384 1361 3507 1415 ὅθεν
3564 1364 3720 1416 ἐστὶν

2143 1451 2382 1517 ἀγνοεῖς,
2416 1450 2474 1502 ὲν
2506 1448 2689 1520 σαυτῷ
2717 1451 2921 1520 πρώτῳ
2958 1451 3052 1503 τδν
3074 1450 3316 1506 τοιοῦτον
3349 1455 3716 1524 ὑφιστάμενος

2143 1544 2358 1603 σκότον,
2409 1540 2524 1592 ἀλλ’
2555 1541 2692 1611 ὅπερ
2731 1541 2901 1611 ἔφθην
2943 1542 3113 1597 εἰπὼν
3153 1546 3215 1598 ἐκ
3241 1547 3504 1616 πονηρίας
3533 1565 3592 1601 τε
3623 1549 3716 1602 καὶ

2141 1629 2234 1681 τοῦ
2268 1629 2490 1696 φαύλως
2521 1631 2871 1704 προῃρῆσθαι
2901 1633 3049 1704 βιοῦν
3082 1637 3172 1688 ἐπὶ
3201 1636 3405 1706 ταύτην
3435 1639 3591 1709 ἥκεις
3620 1640 3715 1709 τὴν

438 1721 783 1794 ἀφροσύνην,
844 1727 937 1779 xui
992 1726 1164 1791 οὕτως
1224 1729 1659 1799 ἁφρονενόμενος
1711 1722 1780 1780 αὖ
1846 1721 2019 1785 ἀδεῶς
2089 1720 2249 1789 κακῷ
2325 1723 2635 1793 προστιθεὶς
2712 1725 2883 1779 κακὸν
2923 1727 3017 1779 καὶ
3064 1727 3154 1781 τὸν
3205 1727 3550 1799 ἀνθρωπικὸν
3602 1730 3715 1801 βίον

441 1817 701 1883 καθάπαξ
728 1820 1036 1891 ἡρνημένος
1067 1827 1407 1893 περινοστεῖς
1436 1824 1451 1879 l

516 1916 626 1969 Iloc
680 1917 859 1985 itaque
901 1909 1235 1972 contra'eos
1290 1919 1382 1988 qui
1409 1933 1507 1989 pro
1573 1917 1743 1972 multa
1792 1914 2025 1971 stultitia

2198 1905 2341 1976 Πρὸς
2392 1906 2489 1977 μὶν
2520 1906 2584 1977 δὴ
2632 1907 2758 1969 τοὺς
2789 1907 2876 1961 διά
2930 1909 3135 1980 πολλὴν
3181 1912 3496 1985 ἀφροσύνην
3547 1917 3606 1971 ἐν
3642 1904 3714 1976 τῇ

437 2009 645 2062 nullum
679 2024 799 2063 esse
829 2009 994 2063 Deum
1032 2010 1088 2064 itt
1117 2012 1279 2065 corde
1322 2011 1604 2075 delirant,
1638 2009 1931 2080 perpaucis
1979 2013 2033 2060 et

439 2100 689 2169 expedite
735 2100 998 2167 diximus;
1045 2111 1097 2155 et
1175 2102 1352 2156 minus
1406 2102 1545 2157 forte
1592 2101 1875 2157 insaniunt
1927 2099 2020 2170 qui

439 2190 622 2259 plures
665 2191 819 2243 aiunt
854 2205 977 2245 esse
1022 2192 1154 2247 deos
1205 2208 1367 2261 quam
1424 2192 1518 2263 qui
1575 2192 1810 2247 divinam
1873 2192 2034 2262 plane

444 2290 695 2336 naturam
733 2285 1021 2353 denegauit.
1063 2284 1313 2338 Attamen
1363 2299 1427 2339 eo
1464 2286 1609 2353 quod
1645 2286 1790 2340 illam
1846 2284 2033 2338 multi-

441 2375 637 2443 plicem
681 2373 908 2439 faciunt,
940 2374 1175 2446 graviter
1208 2386 1263 2431 et
1315 2376 1419 2447 ipsi
1473 2377 1691 2431 unicum
1748 2377 1803 2430 in
1855 2376 2026 2430 Deum

442 2465 787 2535 delinquunt.
836 2468 986 2521 Adeo
1054 2483 1291 2538 namque
1336 2467 1459 2522 illos
1524 2466 1660 2534 fugit
1714 2466 2033 2535 huiusmodi

441 2557 917 2627 phtnnomeuorum
949 2561 1295 2615 concinnitas
1338 2570 1393 2614 et
1437 2559 1741 2628 diligentia,
1782 2567 1841 2612 ut
1884 2550 2034 2611 divi-

441 2661 565 2701 nam
603 2660 852 2705 naturam
882 2652 935 2705 in
969 2654 1191 2707 totidem
1256 2666 1432 2721 partes
1492 2653 1732 2707 dividere
1775 2667 2035 2722 praesum-

442 2740 675 2809 pierinl,
700 2756 822 2794 cum
843 2741 1040 2798 eahinc
1071 2747 1273 2813 pOti-zs,
1292 2745 1499 2798 ratione
1522 2747 1678 2809 duce,
1701 2744 1765 2797 ad
1788 2744 2033 2797 omnium

445 2833 810 2888 accedendum
865 2834 1056 2890 fuisset
1107 2836 1459 2906 principium.
1498 2837 1681 2892 Latuit
1733 2838 1880 2890 enim
1938 2850 2034 2890 eos

444 2924 589 2992 quod
621 2925 725 2979 illis
755 2925 809 2978 in
853 2925 1013 2980 rebus
1055 2928 1318 2995 quidquid
1375 2927 1597 2981 causale
1652 2928 1900 2991 videtur,
1955 2930 2035 2980 in-

451 3017 739 3071 Strumeuti
758 3030 805 3072 et
834 3019 1131 3086 jnvaminis
1161 3020 1279 3073 loco
1311 3027 1416 3086 est,
1448 3035 1511 3072 ae
1541 3022 1712 3075 servis
1734 3030 1789 3076 et
1817 3032 2035 3075 creatu-

445 3106 522 3161 ris
553 3122 879 3177 congruum,
916 3126 1023 3164 non
1068 3121 1248 3165 autem
1303 3109 1411 3165 diis
1451 3109 1731 3179 dominis;
1773 3113 2031 3182 quodque

443 3204 595 3251 tanta
635 3200 687 3250 in
720 3199 854 3253 adeo
890 3201 1073 3254 multis
1104 3210 1158 3255 et
1184 3200 1350 3254 variis
1378 3203 1591 3255 naturis
1617 3203 1898 3257 accuratio
1924 3219 2030 3257 non

444 3303 511 3341 ex
555 3289 690 3359 ipsis
758 3290 925 3355 inest,
956 3291 1004 3344 id
1034 3292 1178 3346 enim
1215 3292 1328 3346 lieri
1362 3293 1543 3362 nequit
1575 3310 1592 3361 ;
1632 3294 1725 3349 sed
1749 3296 2031 3364 aquodam

446 3380 750 3434 sublimiori
781 3389 834 3435 et
862 3382 1038 3450 primo
1067 3383 1284 3436 illarum
1304 3384 1590 3440 conditore
1611 3400 1675 3439 ac
1695 3394 2034 3455 praepotente

442 3469 673 3526 Domino
710 3473 857 3527 istud
893 3473 1017 3527 boni
1076 3484 1158 3528 est
1184 3474 1290 3528 illis
1334 3476 1582 3529 insitum.
1621 3475 1832 3542 Quibus
1869 3478 1902 3530 ii
1942 3477 2032 3546 qui

444 3581 554 3635 pra:
582 3568 799 3621 cmteris
828 3566 1049 3621 luerunt
1079 3569 1282 3623 curiosi
1334 3569 1709 3639 incorporales
1748 3572 2032 3627 .substan-

444 3657 550 3712 tias
596 3670 925 3725 astruentes,
962 3659 1216 3730 illasque,
1253 3662 1440 3717 addito
1502 3662 1595 3717 Dei
1671 3665 1910 3729 nomine,
1965 3664 2033 3719 ab

447 3748 681 3801 invicem
718 3758 1034 3817 separantes
1068 3765 1173 3804 non
1224 3752 1489 3821 dignitate
1537 3754 1711 3807 solum
1739 3767 1792 3808 et
1822 3758 2031 3823 ordine,

441 3835 535 3889 scd
563 3845 617 3891 et
650 3853 846 3908 genere
880 3855 942 3893 ac
973 3842 1341 3910 prOpensione
1385 3855 1499 3896 tttnt
1532 3845 1597 3897 ad
1632 3847 1772 3899 bona
1824 3855 1937 3899 tum
1967 3849 2032 3900 ad

454 3929 661 3996 turpia,
706 3930 836 3983 nihil
866 3943 917 3985 et
947 3934 1057 4002 ipsi
1082 3935 1274 3989 melius
1312 3937 1567 3993 invenere
1625 3953 1786 4008 quam
1849 3940 2031 3994 caeteri

443 4022 536 4088 qtti
574 4036 600 4073 a
634 4036 760 4076 vero
793 4034 1136 4081 erraverunt.
1191 4026 1323 4081 Nam
1355 4029 1429 4084 dii
1468 4031 1511 4085 si
1556 4039 1758 4095 essent,
1794 4047 1900 4085 non
1963 4035 2034 4087 ita

441 4111 921 4182 distriiuerentnr,
964 4134 1139 4189 neque
1175 4121 1247 4174 ita
1283 4121 1563 4177 distributi
1596 4124 1671 4177 dii
1726 4133 1934 4180 essent.
1971 4125 2029 4179 Si

440 4219 573 4260 vero
636 4208 963 4279 homonyme
994 4212 1073 4265 sic
1129 4214 1497 4282 appellantur,
1547 4232 1685 4271 vana
1744 4218 1857 4289 jam
1916 4221 2031 4274 haec

440 4297 734 4365 appellatio
762 4309 815 4353 et
854 4300 1049 4355 exinde
1075 4303 1245 4375 multa
1280 4304 1641 4373 impossibilia
1687 4317 1743 4363 et
1792 4310 2029 4364 absurda

445 4390 728 4443 turmatim
794 4392 1176 4460 insequunttrr.
1242 4396 1454 4451 Etenim
1501 4400 1617 4453 sive
1675 4400 1922 4456 homines
1974 4403 2029 4457 in

2140 1998 2336 2068 καρδίᾳ
2362 1996 2664 2067 ληροῦντας
2710 1998 2785 2068 μὴ
2822 1995 2963 2053 εἶναι
3017 2002 3150 2057 θεὸν
3197 2004 3255 2057 ἓν
3296 2022 3349 2057 τι
3384 2008 3540 2061 τοῦτο
3575 2027 3712 2080 προ-

2137 2094 2332 2163 χείρως
2357 2094 2568 2163 εἴρηται
2589 2110 2602 2124 ·
2639 2094 2731 2147 καὶ
2757 2089 2920 2168 ἦττον
2954 2097 3052 2166 μὲν
3079 2094 3220 2153 εἶναι
3250 2100 3481 2171 ἄφρονες
3511 2104 3561 2156 oi
3591 2105 3718 2157 πολ-

2136 2184 2262 2247 λοὺς
2293 2179 2433 2237 εἶναι
2460 2184 2617 2247 θεοὺς
2642 2185 2891 2253 λέγοντες
2913 2188 3022 2241 τῶν
3050 2190 3227 2259 πάντη
3250 2193 3346 2262 τὴν
3375 2193 3524 2246 Θείαν
3551 2194 3714 2263 φύσιν

2138 2281 2553 2351 ὲξαρνουμένων
2578 2299 2593 2315 ’
2626 2266 2701 2352 τῷ
2737 2283 2919 2352 μέντοι
2952 2284 3155 2353 ταύτην
3185 2286 3480 2354 πληθύνειν
3512 2291 3589 2353 είς
3620 2293 3713 2344 τὸν

2136 2375 2232 2427 ἕνα
2265 2375 2359 2427 xui
2390 2374 2544 2426 αὐτοὶ
2575 2374 2763 2437 δεινῶς
2791 2377 3183 2447 ’παρανομοῦσι
3228 2379 3381 2434 Θεόν.
3419 2379 3577 2434 Οὕτω
3606 2384 3717 2452 γᾶρ

2137 2466 2336 2528 αὐτοὺς
2364 2460 2504 2518 εἶδεν
2552 2466 2583 2534 ἡ
2614 2466 2672 2518 ὲν
2713 2468 2829 2530 τοῖς
2865 2468 3211 2538 φαινομένοις
3246 2471 3458 2533 τούτοις
3492 2473 3717 2539 εὐταξία

2139 2559 2234 2611 καὶ
2266 2556 2325 2609 τὸ
2370 2557 2432 2609 ὲν
2468 2558 2651 2620 αὐτοῖς
2684 2558 2997 2627 δραστικὸν,
3029 2558 3171 2614 ὥστε
3210 2562 3311 2633 τὴν
3357 2561 3509 2617 θείαν
3554 2564 3716 2633 φύσιν

2137 2647 2232 2700 καὶ
2269 2646 2434 2718 μέχρι
2463 2646 2669 2701 τούτων
2704 2665 2843 2700 κατα
2854 2648 3097 2719 μερίζειν
3136 2651 3434 2721 ἠθέλησαν,
3466 2655 3586 2708 ἀντὶ
3618 2656 3714 2709 τοῦ

2140 2736 2341 2806 μᾶλλον
2392 2736 2644 2791 ἐντεῦθεν
2700 2738 2835 2807 πρὸς
2867 2739 2968 2808 τὴν
3028 2739 3156 2808 μίαν
3199 2746 3295 2794 xzi
3357 2743 3527 2813 μόνην
3579 2746 3717 2800 ἀνα-

2135 2830 2352 2899 τρέχειν
2381 2827 2457 2898 τῷ
2486 2830 2733 2900 λογισμῷ
2771 2830 2989 2885 πάντων
3024 2832 3223 2905 ἀρχὴν,
3254 2836 3357 2889 οὐκ
3394 2838 3612 2905 εἰδότες,
3638 2840 3717 2904 ῶς

2136 2919 2197 2972 τὸ
2236 2920 2292 2971 ὲν
2323 2921 2532 2982 τούτοις
2582 2921 2912 2992 φαινόμενον
2954 2924 3203 2988 αἰτιῶδες
3259 2928 3553 2998 ὀργανικόν
3598 2932 3717 2983 ἐστι

2137 3011 2231 3062 καὶ
2261 3009 2603 3080 ὑπουργικδν
2630 3011 2725 3065 xui
2757 3012 2963 3074 δούλοις
2999 3015 3209 3084 πρέπον
3254 3018 3346 3071 καὶ
3392 3020 3713 3091 κτίσμασιν,

2137 3102 2199 3154 οὐ
2230 3102 2372 3165 θεοῖς
2396 3103 2454 3156 δὲ
2492 3103 2803 3167 δεσπόταις,
2834 3105 2945 3158 οὐδ’
2975 3108 3059 3161 ὅτι
3102 3107 3203 3178 τῆς
3231 3112 3289 3163 ἐν
3313 3109 3456 3164 οὕτω
3499 3111 3717 3176 πολλοῖς

2140 3211 2199 3247 τε
2229 3195 2323 3247 xui
2353 3195 2704 3266 διαφέρουσιν
2740 3198 3001 3277 ⁹εὐταξίας
3031 3199 3132 3253 υὺκ
3172 3201 3315 3256 αῦτά
3366 3204 3506 3256 εἰσιν
3541 3203 3714 3269 αῖτια,

2138 3288 2425 3358 ἀμήχανον
2457 3289 2585 3358 γὰρ,
2624 3291 2738 3342 ἀλλ’
2770 3290 2836 3344 ἐκ
2882 3307 3030 3354 τινος
3072 3292 3404 3364 ὑψηλοτέρου
3435 3297 3530 3348 καὶ
3562 3296 3717 3365 πρὼο

2134 3396 2229 3432 του
2261 3381 2396 3450 πρὸς
2423 3381 2594 3435 ταῦτα
2625 3382 2848 3452 ποιητοῦ
2879 3384 2973 3436 xui
3008 3383 3269 3438 δεσπότου
3300 3384 3532 3454 δύναμιν
3563 3387 3717 3459 έχον-

2134 3490 2225 3535 τος
2256 3473 2400 3526 τοῦτ’
2431 3472 2640 3527 ἔνεσαν
2675 3475 2858 3538 αὐτοῖς
2881 3475 3137 3543 τάγαθόν.
3169 3477 3370 3540 Οὐσίας
3405 3478 3459 3532 δὲ
3487 3480 3716 3549 ἀσωμά-

2134 3580 2263 3627 τους
2323 3564 2649 3630 ὲφιστῶντες
2679 3566 2863 3629 αὐτοῖς
2895 3564 2972 3629 ὡς
3020 3565 3233 3620 ἔνδοθεν
3269 3568 3537 3634 κινούσαςκ
3563 3571 3616 3623 οἵ
3650 3588 3716 3639 γι

2134 3655 2241 3708 τῶν
2276 3654 2452 3728 ἄλλων
2498 3658 2907 3728 περιεργότεροι
2963 3659 3059 3713 xui
3108 3658 3266 3723 θεοὺς
3310 3657 3450 3715 εἶναι
3510 3662 3717 3727 ταύτας

2134 3748 2389 3816 λέγοντες
2423 3750 2517 3802 xui
2558 3748 2893 3819 διαιροῦντες
2922 3752 3024 3804 οὑκ
3054 3751 3183 3823 ἀξία
3217 3753 3378 3821 μόνον
3420 3755 3515 3808 xui
3542 3756 3716 3821 τάξει,

2136 3841 2269 3893 ἀλλὰ
2328 3842 2423 3893 xui
2455 3841 2601 3909 γένει
2652 3842 2746 3894 καὶ
2798 3843 3184 3912 προαιρέσεσιν
3240 3847 3472 3911 ἀγαθαῖς
3504 3863 3561 3899 τε
3621 3848 3717 3900 xui

2137 3930 2395 3997 φαύλαις,
2428 3930 2580 3984 οὐδὲν
2606 3926 2772 4003 ἦττον
2804 3931 2913 3983 τῶν
2940 3930 3116 3987 ἀλλων
3147 3937 3240 3985 καὶ
3270 3934 3426 3986 αὐτοὶ⁵
3457 3936 3551 4004 τῆς
3580 3937 3718 4005 ἀλιγ-

2135 4022 2285 4082 θείας
2343 4023 2773 4093 διημαρτήκασι.
2808 4023 2933 4075 Θεοί
2978 4040 3038 4075 τε
3085 4024 3193 4095 γὰρ
3222 4024 3373 4089 ὄντες
3401 4025 3500 4079 οὐκ
3526 4024 3592 4080 ἀν
3618 4025 3719 4081 ὡδὶ

2133 4115 2509 4184 διακρίνοιντο,
2542 4110 2653 4168 θεοί
2677 4113 2725 4167 τ’
2745 4114 2845 4168 οὐκ
2880 4114 2946 4170 ἀν
2997 4110 3108 4170 εἷεν
3142 4116 3238 4169 ὡδὶ
3267 4117 3715 4189 διακεκριμένον

2133 4207 2182 4257 εἰ
2213 4204 2256 4257 δ’
2307 4204 2612 4273 ὁμωνύμως
2662 4204 2836 4269 οὕτως
2890 4207 3140 4270 ἐκάλουν,
3177 4207 3339 4260 τοῦτο
3393 4206 3547 4262 οὐδέν
3594 4212 3715 4263 ἐστι

2133 4293 2335 4361 λέγειν,
2372 4295 2467 4347 καὶ
2518 4293 2731 4347 πολλῶν
2757 4295 3034 4349 ἀδυνάτων
3063 4312 3121 4349 τε
3156 4297 3249 4350 καὶ
3280 4298 3495 4349 ἀτόπων
3541 4299 3715 4365 ἐσμὸς

2131 4387 2189 4437 τ’
2254 4385 2391 4438 ἱέσει
2420 4385 2594 4457 ταύτῃ
2632 4386 2946 4442 συνέπεται.
2976 4385 3100 4441 Ὀτι
3148 4387 3205 4439 δὲ
3251 4386 3348 4440 xui
3390 4384 3717 4455 ἀνθρώπους

447 4482 579 4537 deos
608 4493 882 4537 mutarent
908 4486 1043 4539 alios
1076 4487 1295 4555 quidem
1323 4490 1393 4543 ob
1428 4491 1677 4545 \irtutcm
1704 4504 1797 4547 aut
1828 4497 2026 4550 artium

2136 4477 2470 4540 ὲθεοποίουν,
2520 4478 2651 4541 τοὺς
2709 4478 2809 4548 μὲν
2867 4477 2956 4531 ἐπ’
2988 4480 3157 4550 ἀρετῇ
3209 4479 3304 4531 xui
3363 4480 3719 4549 σεμνοτέροις

447 4574 611 4629 utiles
649 4577 925 4641 iuventus,
962 4576 1097 4633 alios
1135 4589 1316 4633 autem
1348 4582 1417 4636 ob
1447 4586 1719 4637 contraria
1753 4593 1806 4639 et
1850 4587 2031 4656 pejora

443 4666 658 4728 met-ita,
693 4666 810 4719 sive
845 4665 896 4718 in
933 4666 1064 4721 deos
1095 4676 1440 4724 mutarentur
1465 4671 1557 4725 alii
1591 4673 1907 4742 plerumque
1937 4677 2032 4730 ad-

446 4756 554 4810 huc
582 4758 693 4811 vita
761 4766 1063 4826 computes,
1100 4761 1192 4814 alii
1225 4776 1350 4815 vero
1408 4763 1627 4817 sibimet
1681 4765 1927 4835 vivisque
1978 4775 2033 4819 et

444 4850 677 4904 mortuis
758 4850 1065 4905 istiusmodi
1127 4852 1398 4908 vesaniam
1461 4855 1836 4924 conciliantes,
1891 4860 2029 4914 ultra

440 4953 635 4995 omnes
667 4941 961 5010 impietatis
984 4942 1189 4998 limites
1221 4953 1438 4999 ventum
1472 4955 1608 5013 erat,
1656 4949 1828 5003 donec
1878 4962 2029 5005 tanto

441 5033 617 5087 errori
644 5049 753 5102 quo
781 5041 954 5087 totum
988 5050 1125 5105 pene
1174 5051 1347 5106 genus
1405 5037 1698 5093 huntanunt
1757 5042 1810 5094 in
1852 5058 2025 5096 mvum

438 5123 809 5203 detinebatur,
841 5126 1001 5182 linem
1039 5126 1182 5182 Deus
1211 5130 1458 5199 posuerit
1486 5131 1577 5200 qtti
1612 5131 1762 5186 solus
1790 5142 2024 5201 poterat.

439 5214 561 5269 Jam
596 5232 741 5291 nunc
779 5231 961 5272 autem
1017 5219 1168 5275 orbis
1208 5221 1499 5278 universus
1530 5224 1583 5276 in
1645 5239 1811 5277 unum
1852 5224 2022 5278 Deum

440 5308 639 5373 credit,
671 5310 814 5363 haud
846 5312 1018 5382 magis
1057 5313 1124 5367 de
1177 5315 1457 5368 atheorum
1487 5316 1801 5384 stupiditate
1823 5317 2029 5372 sollici-

440 5405 531 5450 tus
559 5399 622 5452 ile
662 5414 768 5467 qua
804 5416 1083 5471 nunquam
1118 5412 1244 5458 ante
1273 5414 1590 5471 curaverat;
1629 5421 1692 5461 ac
1746 5408 1812 5461 de
1870 5407 2024 5477 poly-

447 5487 770 5544 tbeiStarum
801 5492 1075 5561 impietate
1110 5494 1212 5549 sub
1235 5496 1450 5564 pietatis
1490 5500 1691 5565 specie.
1729 5498 1937 5575 Etenim
1976 5499 2023 5552 si

445 5594 617 5643 nuper
645 5583 866 5651 quidam
898 5600 1038 5639 unus
1065 5588 1276 5641 exstitit
1299 5589 1390 5657 qui
1431 5590 1683 5657 gentilein
1744 5589 2022 5659 polythei-

446 5683 621 5723 Btltllttt
651 5673 879 5726 voluerit
911 5674 1239 5740 instaurare,
1262 5675 1313 5730 id
1334 5676 1435 5731 iste
1461 5692 1557 5744 pro
1575 5678 1775 5731 utentis
1808 5677 2025 5730 hebetu-

446 5759 568 5815 dine
601 5763 869 5818 delirarit.
911 5764 986 5818 illi
1043 5780 1171 5821 vero
1234 5766 1538 5825 hebetiores
1601 5768 1789 5832 futuri,
1847 5767 1889 5823 si
1932 5771 2024 5835 (ιή

2137 4570 2414 4639 εὑρήμασι
2441 4570 2550 4621 τῶν
2586 4570 2719 4640 πρὸς
2760 4570 2857 4632 τὰς
2900 4570 3244 4635 ἀνθρωπίνας
3279 4571 3470 4641 χρείας
3503 4572 3718 4625 τεινόν-

2136 4678 2269 4726 των,
2306 4662 2433 4723 τοὺς
2468 4661 2513 4714 δ’
2543 4664 2640 4717 ὲπὶ
2671 4666 2782 4725 τοῖς
2812 4663 3079 4725 ἐυαντίοις
3128 4664 3226 4717 xui
3260 4664 3492 4733 χείροσι,
3519 4664 3613 4716 xui
3639 4663 3719 4727 ῶς

2135 4754 2512 4807 ὲθεοποιοῦντο
2549 4757 2649 4824 μὲν
2693 4755 2744 4807 οι
2782 4755 2997 4817 πλείους
3032 4754 3257 4808 ἐκείνων
3305 4755 3505 4820 ζῶντες
3538 4756 3714 4820 αὐτοὶ,

2137 4846 2290 4900 ἄλλοι
2330 4846 2387 4899 δὲ
2425 4849 2520 4901 xui
2566 4846 2704 4912 ζῶσι
2737 4847 2831 4901 καὶ
2864 4848 3257 4919 τελευτήσασιν
3303 4850 3483 4913 αὐτοῖς
3534 4851 3718 4919 ἐλαρὶο

2136 4935 2294 5007 ζοντο
2323 4936 2384 4989 τὸ
2414 4939 2512 5004 τὴν
2539 4937 2796 5006 τοιαύτην
2823 4939 3139 5009 ἀφροσύνην
3167 4938 3394 5009 κυροῦν,
3432 4940 3592 4993 τοῦτο
3620 4941 3716 4992 xui

2138 5030 2322 5081 πᾶσαν
2352 5030 2717 5100 παρεληλύθει
2755 5032 2878 5084 τότε
2921 5032 3265 5098 δυσσέϐειαν,
3301 5032 3400 5101 τῆς
3452 5031 3715 5097 τοιαύτης

2136 5122 2345 5190 πλάνης
2382 5123 2443 5175 τὸ
2471 5122 2579 5175 τῶν
2609 5121 2915 5195 ἀνθρώπων
2951 5124 3331 5192 κατασχούσης
3358 5125 3513 5191 γένος
3567 5121 3716 5176 ἀπαν

2138 5213 2328 5284 σχεδὸν
2360 5216 2417 5277 ὲς
2449 5214 2703 5268 πλεῖστον
2733 5214 2825 5268 τὸν
2853 5216 3067 5285 χρόνον,
3100 5218 3127 5268 ὁ
3151 5216 3283 5279 Θεὸς
3316 5216 3593 5284 ἀπήλλαξε
3625 5217 3715 5284 μά-

2133 5323 2223 5367 νος
2267 5305 2427 5359 τοῦτο
2470 5306 2791 5376 δυνάμενος.
2826 5308 2936 5361 Kui
2988 5306 3083 5360 νῦν
3128 5307 3273 5370 ἀττας
3316 5310 3343 5361 ὁ
3399 5310 3606 5375 κόσμος
3640 5312 3713 5369 εἰς

2133 5401 2230 5453 ἕνα
2262 5402 2512 5455 πιστεύει
2563 5402 2696 5455 Θεὸν
2744 5402 2887 5457 οὕτω
2925 5404 3022 5474 τῆς
3058 5405 3167 5458 τῶν
3207 5406 3383 5458 ἀθέων
3414 5403 3712 5474 φροντίζωκ.

2130 5493 2513 5562 ἀναισθησίας,
2557 5490 2624 5565 ἧς
2650 5496 2770 5548 οὐδὲ
2817 5497 2908 5549 τὸν
2958 5496 3191 5563 πρόσθεν
3227 5498 3418 5565 χρόνον
3472 5500 3538 5563 ἐφ
3564 5498 3711 5547 ,όντι-

2132 5585 2244 5650 ζεν,
2276 5586 2400 5639 οὕτε
2440 5588 2537 5656 τῆς
2590 5588 2697 5640 τῶν
2740 5589 3016 5642 πολυθέων
3056 5589 3407 5651 ἀνευ).α6είας
3456 5590 3513 5640 ἐν
3559 5588 3709 5641 εὐλα-

2138 5680 2293 5742 ϐείας
2330 5681 2705 5749 προσχήματι.
2754 5681 2814 5733 Εἰ
2848 5682 2956 5748 γάρ
2990 5681 3091 5734 πού
3131 5700 3211 5743 τις
3245 5684 3436 5748 γέγονε
3477 5683 3584 5750 πρὸ
3629 5701 3708 5752 μι-
3762 5682 3767 5687 ’

2138 5771 2270 5836 κτοῦ
2305 5773 2402 5836 τὴν
2446 5773 2767 5836 Ἑλληνικὴν
2821 5771 3302 5838 πολυοεῖαν-αῦοις
3337 5775 3538 5832 ἐθέλων
3586 5775 3693 5832 ἀνα
