4062 6412
443 336 553 402 583
1541 317 1921 383 GENNADII
1952 316 2062 381 CP.
2104 311 2624 378 PATRIARCHtE
3598 301 3707 367 584

431 450 599 531 ιυδωί
628 451 816 519 utpote
843 440 1104 500 divinitus
1153 433 1412 531 traditam
1480 422 1731 531 absolute
1791 429 2012 531 comple

2131 432 2268 486 δαϊοι
2303 430 2413 503 γὰρ
2459 426 2718 494 καθάπαξ
2758 425 2928 493 αὐτῆς
2976 419 3325 493 περιέχονται
3358 415 3431 479 ὡς
3463 415 3527 470 ἐκ
3565 415 3703 471 Θεοῦ

438 508 835 608 mutilum-licet
851 549 971 591 eam
997 531 1067 588 de
1094 528 1276 585 divina
1299 524 1707 596 dispensatione
1726 529 1821 576 aut
1848 521 2012 575 simu-

2120 522 2433 592 δεδομένης,
2464 523 2511 575 εί
2533 521 2628 575 καὶ
2650 520 2719 574 τὰ
2743 515 2993 588 περὶτῆς
3010 515 3161 577 θείας
3184 509 3497 579 οἰκονομίας
3520 508 3706 562 ἐθελο-

439 600 551 694 late
581 600 735 689 surdi
764 636 861 683 aut
894 636 1151 697 perverse
1186 615 1529 688 interpretati
1563 611 2012 686 praetermittam,

2119 613 2433 682 κωφοῦντες
2464 610 2636 682 αὐτὴν
2663 607 3105 679 παρατρέχουσιν
3130 604 3163 673 ἢ
3196 600 3539 670 διαστρόφως
3566 616 3706 669 παρ-

441 691 603 786 nobis
620 726 686 781 ad
720 691 963 794 praesens
993 717 1195 775 suﬂieit
1221 723 1283 770 ut
1307 729 1373 770 ex
1403 710 1571 767 Hosis
1590 709 1835 766 doctrina
1858 705 2012 778 quasi

2120 703 2565 777 ερμηνεύοντες),
2596 702 2759 772 ἀρκεῖ
2792 701 2887 754 καί
2914 698 3047 770 ἡμῖν
3074 695 3171 750 νῦν
3199 694 3290 750 διὰ
3311 691 3482 747 ταῦτα
3511 692 3575 744 ὲκ
3605 691 3707 762 τῆς

440 836 505 877 ex
528 783 885 874 fundamento
911 809 1169 866 omnibus
1199 802 1652 861 communissituo
1698 800 1801 854 Dei
1828 798 2012 854 Trini-

2118 799 2364 859 Μωσέως
2394 794 2741 857 διδασκαλίας
2766 792 2841 855 ὡς
2865 788 3190 857 κοινοτάτης
3211 787 3378 841 πᾶσιν
3406 783 3582 855 ἀρχῆς
3603 784 3704 852 τὴν

441 920 611 967 tatem
666 908 776 963 illis
810 905 1261 959 demonstremus
1314 895 1410 967 qui
1445 901 1637 950 contra
1695 905 1796 946 nos
1832 890 1898 944 de
1923 888 2012 943 illa

2118 893 2180 945 ἑν
2199 891 2276 961 τῷ
2306 890 2427 959 Θεῷ
2443 889 2635 956 δείξαι,
2654 886 2865 958 Τριάδα
2887 885 2999 948 τοῖς
3022 883 3151 953 περὶ
3169 880 3373 950 ταύτης
3395 880 3529 948 πρὸς
3552 876 3704 946 ἡμᾶς

443 1002 749 1071 disputant.
787 997 963 1049 Porro
1020 1004 1128 1045 non
1186 986 1419 1059 publicis
1466 991 1675 1037 tantum
1740 980 2012 1047 discepta-

2118 981 2647 1054 διαμφισϐητοῦσιν·
2683 982 2775 1032 καὶ
2814 976 3044 1047 βιϐλίοις
3095 972 3194 1042 μὲν
3245 972 3408 1033 ὅλοις,
3440 970 3502 1021 οὐ
3541 968 3703 1037 μόνον

442 1059 708 1153 tionibus,
738 1085 834 1144 sed
867 1094 921 1139 et
977 1082 1132 1138 libris
1182 1078 1409 1149 integris
1463 1076 1603 1130 hanc
1637 1074 1758 1128 ﬁdei
1814 1081 2018 1126 nostra:
2117 1076 2387 1144 διαλέξεσι
2409 1074 2700 1146 δημοσίαις
2731 1072 2869 1141 πρὸς
2906 1068 3202 1137 ἑκατέρους
3229 1063 3330 1134 τὴν
3374 1059 3702 1132 λαμπροτά-

441 1182 804 1242 clarissimam
854 1176 1143 1232 veritatem
1206 1167 1515 1240 explanavi.
1571 1164 1747 1221 Unum
1808 1165 2014 1233 itaque,

445 1275 592 1348 quod
621 1288 766 1328 nunc
801 1280 905 1334 est,
943 1269 1109 1339 idque
1134 1281 1201 1322 ex
1232 1265 1347 1334 ipso
1378 1263 1544 1318 Mosis
1594 1276 1689 1316 ore
1722 1259 2016 1333 illis_addi-

440 1381 555 1427 tum
611 1366 753 1421 volo.
796 1363 1044 1433 Superue
1099 1359 1309 1415 scilicet
1338 1352 1578 1435 afﬂatus,
1633 1352 1815 1410 Moses
1843 1352 2015 1408 Deum

440 1459 669 1525 inducit,
705 1469 828 1510 cum
858 1455 1177 1509 universum
1209 1448 1357 1503 hunc
1392 1446 1655 1501 mundum
1700 1445 1774 1499 ita
1826 1442 2016 1511 dispo-

442 1553 552 1609 sile
586 1557 799 1606 crearet
827 1561 890 1603 ac
921 1544 1297 1608 distribueret,
1328 1541 1393 1595 ad
1442 1538 1797 1608 semetipsum
1829 1536 2017 1593 dicen-

439 1656 578 1700 tem:
617 1640 908 1696 Faciamus
937 1638 1196 1692 hominem
1224 1636 1292 1689 ad
1341 1633 1634 1702 imaginem
1669 1639 1720 1685 et
1762 1629 2017 1685 similitu-

434 1736 613 1791 dinem
644 1741 902 1785 nostram.
935 1728 995 1783 Si
1042 1740 1194 1797 ergo,
1232 1725 1484 1796 ipsismet
1537 1721 1862 1785 fatentibus,
1914 1733 2011 1774 ve-

435 1844 534 1882 rax
574 1834 656 1882 est
690 1824 893 1887 Moses,
925 1822 971 1877 si
1011 1820 1176 1886 Deus,
1197 1816 1443 1872 omnium
1478 1829 1772 1879 consensu,
1803 1812 1869 1867 ad
1899 1812 2009 1867 sei-

431 1935 591 1992 psutn
625 1919 696 1971 ita
732 1917 949 1971 locutus
968 1923 1050 1968 est
1072 1919 1126 1965 et
1152 1909 1336 1965 divina
1364 1916 1496 1963 sunt
1523 1908 1637 1963 haec
1668 1905 1857 1970 verba,
1891 1913 2006 1959 tum

433 2010 731 2067 manifesto
757 2007 915 2062 nobis
942 2005 1119 2061 exilio
1148 2014 1403 2058 sermone
1427 2008 1572 2071 patet
1586 2008 1640 2053 et
1673 2012 1843 2053 unum
1873 2010 1996 2052 esse

434 2100 638 2170 Deum;
674 2101 749 2156 ait
768 2099 937 2164 enim,
963 2095 1111 2151 Dixit
1135 2095 1318 2160 Deus;
1344 2100 1398 2147 et
1415 2090 1781 2162 pluralitatem
1811 2102 2006 2160 quam-

430 2197 556 2254 dam
585 2209 649 2251 ac
669 2207 958 2248 numerum
986 2189 1039 2243 in
1068 2188 1179 2244 Deo
1204 2186 1478 2258 diguosci,
1506 2199 1654 2251 nam,
1698 2181 2005 2247 Faciamus,

435 2286 617 2357 inquit
666 2283 891 2342 sibimet
941 2279 1124 2347 Deus,
1161 2280 1319 2350 quasi
1374 2277 1684 2347 multiplex,
1722 2282 1846 2329 utut
1914 2273 2009 2340 sit,

436 2383 490 2437 in
515 2381 817 2451 semetipso
853 2377 1172 2437 exsistens;
1203 2382 1259 2430 ct
1282 2373 1437 2445 juxta
1470 2370 1763 2442 imaginem
1791 2367 1886 2425 Dei
1911 2369 2011 2424 lto-

433 2475 633 2529 ntinem
660 2472 860 2528 factum
886 2483 1010 2525 esse
1038 2476 1092 2523 et
1115 2477 1390 2532 constare,
1425 2463 1697 2536 siquidem
1724 2460 1842 2515 :Ad
1869 2461 2010 2516 ima-

430 2569 604 2640 ginem
630 2572 888 2628 nostram,
920 2562 1015 2617 ait.
1052 2560 1118 2615 Et
1149 2570 1338 2615 revera
1363 2572 1588 2628 prorsus
1612 2557 1860 2633 apposite
1883 2555 2006 2611 dic~

420 2671 548 2723 ,tum
586 2658 756 2724 istud,
784 2672 892 2712 non
925 2670 991 2711 eo
1018 2654 1196 2711 solum
1228 2652 1376 2723 quod
1421 2652 1593 2707 libero
1632 2649 1864 2706 arbitrio
1893 2658 2010 2705 erat

432 2751 786 2808 honorandus
819 2750 1002 2814 homo,
1036 2747 1177 2802 unde
1210 2753 1264 2801 et
1294 2760 1477 2800 rerum
1529 2745 1773 2800 omniunt
1800 2740 2005 2800 condi-

433 2855 613 2902 tarum
651 2845 869 2899 futurus
907 2849 1024 2896 erat
1055 2840 1312 2896 dominus
1338 2847 1392 2892 et
1424 2839 1688 2893 continuo
1722 2836 2008 2906 proximus

432 2952 461 2990 a
481 2934 726 2999 Deo,sed
759 2935 925 2988 etiam
949 2930 1095 3002 quod
1118 2928 1359 2985 divinam
1390 2929 1651 2983 unitatem
1692 2941 1757 2982 ac
1789 2927 2016 2998 plurali-

2043 1781 2090 1839 Β

2117 1188 2219 1241 την
2243 1169 2505 1240 ἀλήθειαν
2534 1168 2633 1236 τῆς
2668 1166 2799 1238 παρ’
2831 1168 2967 1237 ἡμῖν
3019 1162 3393 1235 ἱστορήκαμεν
3438 1158 3700 1217 πίστεως.

2117 1263 2234 1317 Νῦν
2260 1265 2305 1318 δ’
2333 1263 2392 1317 ἓν
2422 1280 2476 1317 τι
2506 1263 2603 1316 κα)¹
2635 1264 2700 1315 ὲκ
2735 1264 2863 1332 μιᾶς
2889 1260 2981 1315 τοῦ
3016 1257 3264 1319 Μωσέως
3296 1254 3482 1323 φωνῆς
3516 1252 3704 1310 αὐτοῖς

2118 1359 2532 1431 προθησόμεθα.
2585 1357 2647 1411 Ὅ
2677 1357 2859 1411 τοίνυν
2890 1354 3075 1417 ἔνθεος
3106 1351 3311 1422 Μωσῆς
3360 1350 3572 1416 εἰσάγει
3609 1347 3702 1400 τὸν

2116 1452 2250 1506 Θεὸν
2310 1452 2369 1506 ὲν
2417 1451 2496 1521 τῷ
2543 1451 2604 1504 τὸ
2651 1449 2877 1519 σύμπαν
2926 1455 3047 1503 τῧδε
3107 1445 3586 1516 διανενεμημένως
3637 1457 3701 1495 τε

2114 1542 2504 1618 δημιοουργεῐν
2550 1545 2645 1598 καὶ
2697 1545 2973 1607 εὐτάκτως
3020 1542 3157 1613 πρδς
3204 1539 3395 1593 ἑαυτὸν
3446 1536 3697 1603 λέγοντα,

2116 1637 2471 1705 Ποιήσωμεν
2503 1636 2822 1704 ἄνθρωπον
2858 1634 2988 1689 κατ’
3031 1635 3238 1688 εἰκόνα
3270 1627 3570 1699 ἡμετέραν
3600 1624 3703 1684 καί

2116 1733 2249 1787 καθ’
2287 1731 2598 1802 ὁμοίωσιν.
2635 1731 2698 1784 El
2732 1729 2916 1790 τοίνυν
2964 1728 3174 1798 ἀληθής
3215 1730 3333 1781 ἐστι
3365 1724 3572 1794 Μωσῆς
3604 1724 3702 1779 καὶ

2113 1825 2239 1881 κατ’
2268 1827 2471 1891 αὐτοὺς
2522 1828 2615 1882 καὶ
2655 1828 2789 1891 Θεὸς
2818 1825 2992 1890 οὕτως
3038 1820 3191 1878 εἷπεν
3241 1821 3698 1892 ὁμολογυμένως

2112 1919 2251 1990 πρὸς
2277 1919 2468 1973 ἑαυτὸν
2498 1920 2593 1973 καὶ
2626 1918 2769 1983 θεῖος
2797 1918 2975 1974 ταῦτα
3001 1916 3159 1985 λόγος
3189 1917 3363 1977 ἐστὶν,
3405 1914 3601 1982 ἔχομεν
3635 1914 3701 1981 δὴ

2110 2014 2177 2067 ἐκ
2207 2014 2302 2067 τοῦ
2333 2013 2489 2081 λόγου
2543 2012 2734 2067 τούτου
2784 2009 3089 2081 προδίλως,
3129 2009 3214 2062 ὅτι
3263 2025 3325 2082 τε
3359 2002 3438 2070 εἷς
3478 2007 3627 2059 ἐστιν
3670 2005 3699 2056 ὁ

2112 2104 2245 2168 Θεὸς
2280 2101 2451 2175 (Eine
2474 2104 2603 2176 γὰρ,
2639 2104 2829 2175 φησὶν,
2859 2105 2893 2158 ὁ
2919 2102 3111 2169 Θεὸς),
3150 2101 3242 2155 καὶ
3273 2100 3358 2154 ὅτι
3398 2098 3601 2160 πλῆθός
3644 2115 3697 2150 τι

2113 2198 2211 2252 καὶ
2237 2197 2475 2268 ἀριθμός
2506 2214 2599 2261 τις
2619 2198 2679 2251 ἓν
2711 2196 2791 2266 τῷ
2819 2196 2901 2250 ἐν).
2929 2196 3134 2249 νοεῖται
3158 2191 3278 2262 Θεῷ
3318 2189 3698 2264 (Ποιήσωμεν

2112 2289 2247 2359 γὰρ,
2278 2288 2384 2360 ἔφη
2415 2290 2555 2357 πρὸς
2593 2290 2785 2343 ἑαυτὸν
2813 2291 2841 2343 ό
2867 2286 2999 2350 Θεὸς
3029 2287 3104 2349 ὡς
3134 2286 3197 2357 δὴ
3237 2284 3424 2356 τρόπῳ
3463 2283 3698 2337 τινὶ’“καὶ

2117 2380 2359 2451 πλήθους
2398 2382 2457 2433 ὲν
2506 2379 2687 2451 ἑαυτῷ
2723 2375 3072 2451 μετέχοντα),
3101 2376 3193 2432 καὶ
3233 2376 3314 2429 ὅτι
3346 2374 3469 2428 κατ’
3508 2373 3697 2429 είκόνα

2113 2471 2249 2527 Θεοῦ
2282 2471 2503 2543 γέγονεν
2533 2470 2822 2542 ἄνθρωπος
2846 2471 2938 2524 καὶ
2972 2469 3090 2522 ἐστι
3119 2465 3285 2541 (Κατ’
3324 2464 3531 2521 εἰκόνα
3561 2464 3692 2534 γὰρ,

2113 2566 2300 2635 φησὶν,
2331 2563 2672 2633 ἡμετέραν),
2716 2564 2811 2618 καὶ
2855 2562 3095 2631 εὐλόγως
3140 2559 3283 2616 πάνυ
3330 2558 3456 2614 κατ’
3501 2557 3693 2610 είκόνα

2113 2656 2268 2712 θείαν
2301 2656 2496 2725 ἔμελλε
2536 2655 2806 2726 γίνεσθαι,
2840 2653 2902 2709 οὐ
2955 2653 3117 2725 μόνον
3148 2652 3225 2716 ὡς
3253 2647 3697 2717 αὐτεξουσιότητι

2111 2750 2575 2823 τιμηθησόμενος,
2611 2749 2682 2803 δι’
2722 2749 2789 2820 ἢν
2842 2747 2940 2803 καὶ
2983 2747 3095 2801 τῶν
3147 2744 3423 2816 γεννητῶν
3475 2743 3697 2798 πάντων

2114 2844 2301 2914 ἄρχω-ι
2327 2843 2479 2898 ἔσται
2514 2843 2609 2895 καὶ
2655 2841 2813 2905 τέλος
2862 2840 3003 2906 μετὰ
3037 2840 3198 2905 Θεὸν,
3241 2838 3381 2893 ἀλλὰ
3404 2838 3469 2909 δὴ
3499 2838 3594 2891 καὶ
3620 2837 3698 2899 ὡς

2112 2936 2213 3005 τῆς
2245 2935 2396 2998 θείας
2423 2935 2673 3005 ἐνότητος
2700 2935 2795 2988 καὶ
2820 2933 2917 2988 τοῦ
2944 2935 3002 2987 ὲν
3032 2933 3174 3006 αὐτῇ
3211 2932 3424 3004 μέλλων
3455 2928 3696 3002 ἀριθμοῦ

446 3037 612 3084 latent
640 3034 791 3081 esset
816 3024 1264 3094 participaturus.
1290 3019 1405 3074 lmo
1429 3019 1556 3074 hinc
1569 3020 1804 3089 quodam
1839 3019 2009 3074 modo

2118 3003 2391 3097 μετέχειν.
2443 3003 2607 3080 Ὅθεν
2648 3026 2715 3098 δὴ
2765 3026 2859 3079 καὶ
2902 3003 3173 3095 μετέσχεν
3212 3003 3478 3095 ἀμηγέπη
3526 3017 3605 3085 εἷς
3634 3039 3698 3077 τε

437 3120 713 3188 particeps
783 3114 1033 3180 eliectus,
1094 3126 1217 3165 cum
1273 3119 1328 3165 et
1363 3125 1506 3164 unus
1547 3110 1620 3166 sit
1650 3118 1701 3164 et
1731 3106 2010 3179 pluribus,

434 3209 615 3281 quoad
647 3210 910 3273 animam,
936 3204 1289 3261 facultatibus
1307 3201 1539 3257 coaleat.
1568 3202 1725 3258 llunc
1754 3202 2004 3258 divinum

435 3317 724 3358 numerum
760 3300 849 3354 ille
874 3298 1030 3354 nobis
1069 3298 1333 3351 reseravit
1375 3310 1537 3364 quem
1566 3304 1859 3349 venturum
1888 3293 2001 3348 Illo-

434 3406 523 3445 st-s
554 3387 980 3459 propltetaverat
1044 3384 1228 3440 Jesus.
1270 3382 1638 3450 Quamobrem
1689 3393 1742 3439 et
1787 3383 1853 3437 ad
1910 3398 2012 3438 no-

436 3491 607 3535 stram
641 3489 892 3534 canoram
928 3476 1312 3548 perfectionem
1350 3475 1645 3531 adveniens
1702 3475 2011 3540 iterumque

380 3611 385 3617 -
436 3580 703 3627 venturus
731 3569 900 3623 multo
930 3575 1056 3621 ante
1082 3566 1468 3637 pronuntiatus
1498 3567 1671 3621 edixit
1727 3566 2012 3636 baptizan-

433 3664 535 3719 dus
584 3679 680 3718 eos
707 3662 798 3733 qui
833 3661 1165 3715 crediderint
1196 3661 1249 3713 in
1280 3650 1504 3713 nomine
1536 3657 1733 3722 Patris,
1769 3669 1823 3713 et
1855 3655 2007 3722 Filii,

435 3765 491 3812 ei
519 3757 756 3826 Spiritus
788 3755 984 3821 sancti,
1007 3752 1229 3824 quibus,
1263 3753 1363 3807 etsi
1397 3761 1506 3807 tres
1530 3752 1641 3807 sint
1662 3792 1677 3818 ,
1722 3765 1890 3804 unum
1920 3763 2014 3803 no-

438 3864 562 3904 men
593 3857 678 3903 est
709 3855 764 3903 et
814 3848 871 3902 in
914 3845 1196 3902 communi
1260 3846 1523 3914 competit
1582 3858 1745 3897 unam
1811 3841 2014 3897 habere

436 3941 695 3997 deitatem
735 3950 790 3995 et
822 3954 991 3994 unum
1022 3937 1191 3992 Deum
1226 3936 1332 3990 tria
1362 3936 1463 3989 hoc
1481 3949 1624 3990 esse.
1660 3932 1802 4000 Quin
1836 3933 2005 3988 etiam

436 4037 757 4104 priusquam
789 4032 1032 4086 venisset
1067 4028 1250 4093 Jesus,
1273 4026 1443 4081 David
1470 4028 1610 4082 lianc
1643 4026 1695 4079 in
1731 4025 1842 4080 Deo
1886 4023 2014 4080 'l'ri-

436 4126 658 4180 nitatem
746 4122 1015 4193 pellucide
1059 4120 1438 4176 declaraverat
1487 4135 1504 4175 :
1572 4117 1738 4174 Verbo
1774 4117 2011 4185 Domini,

438 4219 714 4287 inquiens.
744 4216 860 4271 caeli
886 4214 1090 4285 ﬁrmati
1125 4221 1250 4269 sunt
1284 4222 1333 4267 et
1363 4210 1567 4278 Spiritu
1618 4214 1724 4266 oris
1755 4211 1871 4277 eius
1904 4227 2016 4266 om-

2116 3119 2193 3174 ὢν
2253 3120 2350 3173 κα).
2408 3121 2473 3174 εκ
2521 3119 2939 3191 πλειόνων.τὴν
3002 3117 3185 3189 ψυχὴν
3246 3118 3700 3187 συνῃρμοσμένος

2114 3212 2396 3284 δυνάμεων
2421 3227 2435 3240 ·
2466 3209 2656 3264 τοῦτον
2693 3210 2786 3263 τὸν
2822 3208 2963 3264 θετον
3011 3208 3244 3278 ἀριθμὸν
3275 3209 3305 3261 ὁ
3347 3209 3412 3260 ὲκ
3450 3207 3698 3269 Μωσέως

2093 3303 2264 3375 ,ἥξειν
2294 3301 2692 3374 προφητευθεὶς
2732 3298 2936 3371 Ἰησοῦς
2964 3298 3124 3370 ἡμῶν
3164 3299 3432 3365 ἁνέπτυξε
3454 3313 3468 3328 ⁸
3499 3298 3695 3351 τούτου

2114 3398 2274 3470 χάριν
2305 3398 2401 3452 καὶ
2449 3397 2548 3466 τῆς
2592 3394 2760 3464 ἄλλης
2806 3392 2969 3463 ἡμῶν
3001 3391 3341 3462 βελτιώσεως
3387 3392 3697 3463 ἀφιγμένος

2113 3508 2174 3545 τε
2224 3489 2340 3544 ἀλλ’
2401 3489 2555 3559 ἥξειν
2628 3485 2915 3558 πόρρωθεν
2984 3483 3541 3555 προκατηγγελμένος
3598 3484 3696 3537 καὶ

2116 3578 2472 3651 βαπτίζεσθαι
2507 3579 2619 3633 δεῖν
2641 3577 2746 3648 ἔφη
2779 3576 3134 3639 πιστεύοντας
3169 3578 3249 3639 εἰς
3302 3576 3363 3629 τὸ
3391 3576 3562 3644 ὄνομα
3596 3574 3697 3629 τοῦ

2117 3671 2357 3741 Πατρός,
2384 3671 2478 3725 καὶ
2504 3668 2603 3723 τοῦ
2630 3667 2786 3736 Υίοῦ,
2810 3670 2905 3722 καὶ
2929 3669 3024 3723 τοῦ
3048 3671 3206 3738 ἁγίου
3242 3670 3382 3722 Πνεύ
3390 3687 3578 3737 ματος,
3611 3664 3696 3731 οἷς

2113 3764 2296 3833 τρισὶν
2332 3750 2495 3817 οὖσιν
2542 3754 2602 3815 ἓν
2631 3761 2804 3831 ὄνομα
2849 3764 2945 3815 καὶ
2977 3762 3157 3815 κοινόν
3183 3764 3330 3816 ἐστιν
3362 3763 3394 3832 ἡ
3447 3764 3546 3831 μία
3578 3763 3697 3815 θεό-

2113 3871 2214 3927 της
2248 3855 2342 3907 κα),
2369 3855 2431 3908 τὸ
2460 3853 2592 3908 Θεὸν
2617 3853 2713 3908 ἕνα
2742 3855 2811 3907 τὰ
2841 3855 2965 3925 τρία
3011 3853 3168 3908 ταῦτ’
3201 3850 3364 3908 εἶναι.
3406 3853 3565 3908 Ἀλλὰ
3599 3853 3696 3908 καὶ

2115 3948 2245 4016 πρὶν
2292 3945 2449 4016 ἥκειν
2503 3946 2599 3998 τὸν
2637 3944 2846 4014 Ἰησοῦν
2890 3947 2920 3998 ό
2951 3944 3131 3998 ,Δαὸὶδ
3177 3946 3280 4013 τὴν
3332 3945 3392 3996 ὲν
3440 3941 3519 4012 τῷ
3571 3943 3692 4013 Θεῴ

2113 4037 2321 4111 Τριάδα
2373 4037 2578 4106 ταύτην
2625 4037 2815 4106 ἐδήλου
2867 4035 3066 4103 καλῶς,
3124 4033 3213 4101 Τῷ
3258 4036 3419 4101 λόγῳ
3468 4033 3695 4102 Κυρίου

2115 4136 2170 4189 οι
2212 4132 2459 4200 οὐρανοί
2498 4130 2975 4199 ἐστερεώθησαν,
3022 4128 3220 4199 λέγων,
3255 4129 3353 4184 καὶ
3394 4127 3473 4193 τῷ
3504 4127 3696 4181 Πνεύ-

2113 4242 2256 4298 pati
2277 4223 2384 4279 τοῦ
2407 4224 2705 4294 στόματος
2725 4221 2913 4277 αὑτοῦ
2937 4221 3108 4277 πᾶσα
3133 4220 3170 4287 ἡ
3196 4221 3450 4289 δύναμις
3470 4220 3698 4284 αὐτῶν,

441 4313 527 4367 nis
556 4312 723 4364 virtus
770 4324 976 4363 eorum.
1030 4305 1197 4375 Atqui
1249 4318 1348 4360 nec
1395 4305 1589 4359 Daridi
1634 4303 2012 4359 contradicere

2120 4317 2428 4386 ἀντιλέγειν
2465 4316 2520 4370 δὲ
2552 4316 2675 4370 οὐδὲ
2713 4314 2792 4385 τῷ
2837 4314 3007 4368 Δαϐὶδ
3036 4315 3255 4383 ἔχουσιν
3288 4314 3337 4367 οί
3373 4314 3511 4384 πρὸς
3544 4314 3696 4383 ἡμᾶς

440 4405 680 4459 audeant
712 4398 1013 4454 adversarii
1048 4396 1247 4469 nostri.
1276 4396 1355 4450 lta
1387 4407 1443 4450 et
1479 4411 1546 4451 ex
1591 4395 1819 4465 reliquis
1878 4409 2009 4465 pro-

440 4494 621 4569 phetis
652 4493 820 4558 idem,
841 4488 911 4544 de
946 4502 1056 4559 quo
1094 4502 1263 4553 nunc,
1294 4487 1488 4556 dogma
1532 4487 1829 4558 colligitur,
1862 4485 2013 4557 quod

439 4604 564 4646 cum
597 4588 838 4658 ipsorum
862 4582 928 4636 de
953 4578 1136 4636 divina
1185 4578 1593 4650 dispensatione
1621 4580 1897 4650 praedictis
1925 4594 2017 4652 ap-

441 4680 618 4754 prime
669 4685 964 4733 consonat.

512 4772 787 4837 Attamen,
829 4751 1143 4838 quanquam
1172 4765 1332 4822 modo
1363 4764 1600 4834 praemisi
1641 4764 1914 4821 hominem
1950 4767 2018 4823 ad

441 4862 736 4932 imaginem
765 4858 861 4916 Dei
895 4858 1195 4929 factum,{id
1224 4872 1330 4913 non
1363 4871 1430 4912 ex
1481 4856 1625 4912 Mose
1654 4856 1836 4928 potius
1867 4866 1922 4912 et
1951 4873 2021 4913 ex

440 4971 507 5013 eo
536 4955 683 5025 quod
747 4953 1064 5023 loquentem
1120 4953 1284 5006 Deum
1344 4948 1576 5014 inducit,
1607 4964 1771 5021 quant
1807 4962 1872 5005 ex
1904 4950 2020 5021 ipsa

441 5048 590 5104 circa
651 5046 927 5101 bominent
971 5044 1214 5100 evidenti
1276 5043 1505 5100 veritate
1536 5058 1601 5100 ac
1652 5044 1771 5099 sola
1806 5043 2019 5099 ratione

443 5150 594 5196 stare
615 5151 776 5208 posse
805 5134 1142 5192 monstrabo.
1172 5133 1425 5191 Profecto
1438 5134 1658 5206 quidem
1683 5150 1821 5207 opus
1843 5135 2015 5208 quod-

443 5230 576 5285 libet
607 5226 907 5283 iutellectui
938 5227 1187 5297 operanti
1220 5227 1401 5298 aliqua
1426 5227 1602 5283 simile
1627 5235 1709 5284 est
1735 5242 1753 5296 ;
1783 5228 1841 5282 lit
1867 5228 2013 5283 enim

416 5318 595 5389 ,juxta
658 5318 897 5389 speciem
956 5317 1011 5370 itt
1044 5317 1320 5371 intellectu
1371 5315 1598 5372 factoris
1660 5318 2019 5385 incusant,ct

445 5410 823 5465 imtnaterialis
844 5423 967 5479 quae
1008 5408 1136 5464 huic
1168 5407 1312 5464 inest
1348 5409 1532 5479 operis
1564 5409 1743 5479 imago
1776 5423 2022 5463 commu-

448 5498 666 5552 nicatur
726 5497 967 5551 materiae
1018 5494 1181 5550 modo
1212 5497 1313 5567 ipsi
1363 5498 1623 5566 proprio;
1656 5497 1801 5552 unde
1840 5498 2022 5553 tenuis

450 5587 752 5642 similitudo
774 5597 879 5642 est.
902 5584 1038 5641 Nam
1062 5586 1209 5641 sicut
1229 5602 1293 5641 ex
1324 5588 1571 5659 vestigiis
1599 5588 1874 5643 hominem
1897 5603 2022 5645 esse

451 5677 705 5733 novimus
744 5677 839 5748 qui
876 5677 1125 5741 incessit,
1148 5677 1219 5731 ita
1258 5677 1479 5732 domum
1516 5680 1697 5733 intuiti
1732 5678 1876 5734 illam
1910 5681 2021 5735 sci-

455 5781 578 5824 mus
618 5783 755 5839 opus
787 5782 909 5826 esse
937 5766 1292 5833 eaementarii,
1344 5783 1562 5842 unaque
1589 5771 1878 5828 structoris
1925 5771 2022 5828 lta-

2121 4408 2482 4478 διιστάμενοι.
2504 4407 2616 4461 Καὶ
2641 4409 2705 4460 ἐκ
2735 4405 2843 4460 τῶν
2869 4406 3046 4460 ἄλλων
3070 4407 3130 4461 δὲ
3161 4406 3459 4479 προφητῶν
3486 4407 3545 4460 τὸ
3567 4407 3699 4477 περὶ

2121 4500 2223 4571 τῆς
2268 4500 2327 4553 ὲν
2363 4498 2442 4570 τῷ
2482 4498 2603 4570 Θεῷ
2649 4498 2881 4569 Τριὰδος
2935 4498 3114 4561 καλῶς
3156 4497 3469 4569 ἁθροίζεται
3519 4499 3700 4567 δόγμα

2123 4593 2243 4656 ταῖς
2278 4593 2405 4662 περὶ
2432 4594 2533 4662 τῆς
2568 4590 2721 4651 θείας
2765 4592 3077 4663 οἰκονομίας
3108 4592 3483 4663 προρρήσεσιν
3514 4593 3696 4646 αῠτιέιν

2123 4684 2339 4748 οίκείως
2368 4684 2821 4756 ἑναρμοξόμενον.
3464 4726 3474 4738 ς

2210 4779 2370 4845 Ἀλλὰ
2416 4778 2514 4832 νῦν
2557 4779 2619 4832 τὸ
2658 4776 3002 4849 ἀνθρώπειον
3032 4777 3473 4847 προστησάμενοι
3506 4778 3699 4847 χρῆμα

2121 4872 2243 4927 κατ’
2276 4872 2462 4925 είκόνα
2507 4870 2661 4925 θείαν
2710 4870 3128 4941 γεγεννημένον,
3186 4871 3294 4924 οὐδ’
3329 4873 3396 4923 ἐκ
3445 4870 3542 4924 τοῦ
3573 4871 3702 4925 Μω-

2123 4965 2260 5028 σέως
2292 4964 2514 5035 μᾶλλον,
2550 4964 2646 5019 καὶ
2683 4962 2743 5018 ὃν
2791 4962 2982 5032 ἑσάγει
3012 4963 3241 5031 λέγοντα
3284 4961 3443 5018 τοῦτο
3472 4963 3629 5030 Θεὸν,
3662 4966 3700 5038 ἢ

2122 5058 2188 5112 ὲκ
2216 5058 2316 5127 τῆς
2364 5059 2697 5128 φαινομένης
2729 5057 2858 5127 περὶ
2887 5056 2979 5111 τὸν
3024 5054 3312 5126 ἄνθρωπον
3341 5054 3603 5126 ἀληθείας
3632 5058 3699 5110 τὸ

2121 5150 2297 5219 δόγμα
2325 5149 2486 5204 τοῦτο
2516 5151 2612 5205 καὶ
2642 5151 2785 5222 λόγῳ
2829 5150 3131 5222 δυνάμενον
3160 5151 3387 5220 κρατεῖν
3423 5149 3698 5220 δείξομεν.

2124 5242 2307 5297 Ἀπιν
2343 5243 2443 5314 μὲν
2465 5242 2531 5314 δὴ
2562 5245 2772 5314 ποίημα
2802 5243 2988 5315 ὅμοιόν
3019 5243 3138 5306 πώς
3171 5244 3290 5298 ἐστι
3326 5242 3402 5313 τῷ
3439 5244 3580 5313 μετὰ
3607 5242 3704 5297 τοῦ

2128 5331 2406 5388 ποιοῦντι·
2438 5330 2673 5386 ποιεῖται
2699 5332 2808 5404 γὰρ
2835 5336 2977 5386 κατὰ
3008 5333 3071 5387 τὸ
3103 5333 3414 5388 ἐντυπωθὲν
3444 5335 3575 5403 περὶ
3607 5334 3711 5387 αὑ-

2127 5426 2222 5479 τοῦ
2270 5423 2407 5489 εἶδος
2459 5426 2534 5495 τῷ
2586 5424 2661 5495 νῷ
2712 5425 2806 5481 τοῦ
2852 5424 3175 5490 ποιοῦντοςο
3227 5429 3322 5481 καὶ
3369 5427 3401 5497 η
3448 5425 3613 5489 ᾶῦλος
3646 5426 3711 5483 ὲν

2129 5517 2279 5587 αὐτῷ
2308 5517 2401 5572 τοῦ
2437 5519 2744 5589 ποιήματος
2784 5518 3043 5589 ὁμοιότης
3077 5520 3136 5571 ὲν
3175 5521 3243 5590 τῇ
3294 5519 3397 5592 ὕλῃ
3427 5521 3711 5573 κοινωνεῖ-

2127 5627 2218 5662 ται
2262 5611 2481 5673 οἰκείως
2514 5612 2680 5683 αὐτῇ,
2719 5611 2801 5665 διὸ
2831 5611 2930 5665 καὶ
2975 5612 3213 5683 ἀσθενής
3244 5612 3393 5665 ἐστιν
3424 5611 3711 5682 ὁμοιότης.

2129 5699 2220 5764 Ὦς
2261 5705 2369 5772 γὰρ
2398 5703 2477 5774 τῷ
2516 5703 2656 5775 ἴχνει
2705 5704 3051 5776 γινώσκομεν
3095 5705 3389 5777 ἄνθρωπον
3425 5705 3518 5757 τὸν
3554 5719 3719 5772 περι-

2124 5795 2445 5870 πατήσαντα
2496 5795 2661 5866 εἶναι,
2693 5796 2843 5857 οὕτω
2876 5801 2970 5856 καὶ
3004 5801 3184 5856 οἰκίαν
3222 5799 3426 5865 ἰδόντες
3472 5795 3710 5869 νοοῦμέν
