4062 6408
298 372 406 434 585

1370 371 1467 431 DE
1514 369 1658 434 ί)Εο
1698 370 1781 431 ΙΝ
1820 368 2253 430 TRINlTATE
2298 367 2477 427 UNO.

3459 359 3562 420 δός

292 495 353 535 τε
385 478 546 548 ἔργον
578 475 861 546 οἰκοδόμου
892 476 1064 548 αὑτὴν
1095 472 1234 532 εἶναι
1269 480 1363 532 καὶ
1394 480 1495 551 τὴν
1528 480 1624 533 τοῦ
1652 480 1857 550 ᾠκοδο-

1986 478 2135 532 iitum
2155 485 2210 533 et
2229 485 2399 532 artem
2427 474 2798 542 intelligimus.
2822 474 2898 528 Et
2926 488 3150 544 operam
3186 473 3387 543 quippe
3408 469 3561 526 diffe-

297 570 530 643 μηκότος
568 569 685 636 ἕξιν
720 568 816 622 καὶ
843 568 1076 639 δύναμιν
1104 569 1437 641 συννοοῦμεν
1463 588 1478 604 ο
1520 574 1588 643 τῇ
1618 574 1726 644 γὰρ
1766 575 1876 629 τῶν

294 663 618 734 ποιημάτων
644 662 880 733 διαφορᾷ
920 662 1023 733 τὴν
1055 661 1314 741 διάφορον
1346 664 1457 717 τῶν
1484 668 1873 737 πεποιηκότων

291 755 406 820 ἕξιν
452 752 911 822 καταμετροῦμεν
954 750 1035 821 τῷ
1082 752 1354 823 λογισμῷ,
1397 756 1493 807 καὶ
1534 756 1568 826 ἡ
1619 757 1880 827 ὁμοιότης

295 845 434 914 αὕτη
464 845 645 914 ἴχνους
687 843 944 913 ὁμοιότης
980 842 1095 919 ἔστι
1125 860 1185 896 τε
1231 843 1327 897 καὶ
1372 844 1639 901 καλεῖται.
1673 847 1735 899 Εἰ
1767 848 1880 901 τοίἒ-
1917 857 1920 861 '

294 956 387 989 νυν
420 939 511 989 ἐπὶ
539 935 649 990 τῶν
678 937 820 990 κατὰ
852 936 1020 1006 μέρος
1053 937 1353 990 ποιούντων
1381 936 1530 990 τοῦτ’
1563 940 1712 991 ἐστὶν
1744 939 1880 1008 ἀλη-

295 1026 406 1089 θὲς,
461 1026 640 1097 πολλῷ
694 1026 897 1096 μᾶλλον
945 1027 1038 1080 ἐπὶ
1119 1029 1214 1081 τοῦ
1277 1030 1506 1084 καθόλου
1573 1031 1875 1096 ποιοῦντος.

310 1120 468 1172 Ἀ).λά
512 1119 690 1174 ταῦτα
727 1118 826 1189 μὲν
874 1119 1133 1193 σύστοιχά
1183 1134 1301 1185 πως
1358 1123 1474 1185 τοῖς
1527 1128 1879 1197 ποιουμένοις

298 1213 436 1266 εἰσὶν
464 1211 540 1274 ὡς
571 1213 764 1266 κτιστά
814 1211 995 1267 πάντα
1025 1212 1106 1282 τῷ
1144 1213 1292 1279 γένει
1320 1227 1335 1244 ⁸
1362 1216 1396 1284 ἠ
1421 1215 1478 1269 δὲ
1513 1216 1706 1288 πρώτη
1744 1220 1881 1273 πάν-

297 1321 405 1356 των
438 1303 586 1357 αἰτία
614 1303 724 1356 τῶν
758 1305 1079 1375 ποιημάτων
1108 1305 1281 1375 αὐτῆς
1303 1307 1602 1374 ἀπειράκις
1633 1309 1883 1381 ἀπείρως

298 1395 639 1466 ὑπέρκειται.
672 1395 764 1448 Διὸ
797 1397 890 1449 καὶ
923 1397 1269 1468 ἀμυδροτάτη
1314 1400 1464 1453 ἐστὶν
1514 1403 1548 1471 ἡ
1598 1402 1659 1455 ὲν
1696 1402 1881 1466 αὐτοῖς

297 1490 573 1559 ὁμοιότης,
604 1488 706 1558 τῆς
748 1489 1199 1561 ὑπερϐαλλούσης
1230 1493 1287 1544 ὲν
1328 1493 1403 1562 τῷ
1438 1495 1682 1548 ποιοῦντι
1718 1496 1879 1550 δυνά-

303 1598 454 1650 μεως
478 1582 578 1651 τὴν
604 1585 703 1650 τῆς
731 1581 1050 1652 ὁμοιότητος
1088 1584 1378 1637 ἀσθένειαν
1410 1588 1467 1639 ὲν
1501 1589 1613 1651 τοῖς
1659 1589 1880 1657 γινομέ-

298 1690 411 1736 νοις
445 1671 586 1724 οὑτω
620 1672 879 1743 ποιούσης
909 1690 920 1702 ·
968 1673 1102 1727 ἀλλά
1139 1677 1234 1726 καὶ
1276 1676 1510 1746 ἀσθενής
1556 1680 1706 1733 ἐστιν
1737 1679 1880 1734 οὑτω

299 1765 394 1818 καὶ
428 1761 668 1832 ἀμυδρὰ,
690 1762 895 1832 ἀληθὴς
938 1764 1120 1833 μέντοι
1155 1782 1244 1833 γε,
1279 1768 1358 1831 ὡς
1401 1768 1664 1823 ἀδύνατον
1691 1771 1752 1826 ὃν
1780 1772 1880 1826 ἀλ-

296 1853 407 1916 λως
438 1852 602 1924 ἔχειν.
641 1853 795 1906 Ἐστι
832 1855 931 1924 μὲν
966 1850 1058 1909 οὗν
1093 1856 1272 1909 πάντα
1305 1858 1372 1911 τὰ
1402 1857 1499 1913 τοῦ
1542 1860 1678 1915 Θεοῦ
1718 1866 1876 1935 ποιή-

302 1963 451 2013 ματα
496 1946 657 2014 ὃμοιά
711 1963 828 2009 πως
868 1946 1019 2016 αὑτῷ
1058 1949 1198 2001 κατά
1237 1947 1426 2003 τοῦτον
1456 1951 1551 2006 τὸν
1591 1953 1771 2022 λόγον,
1797 1956 1875 2021 ὡς

297 2035 395 2105 τὴν
432 2034 524 2088 τοῦ
570 2037 932 2105 πεποιηκότος
984 2040 1041 2090 ὲν
1079 2040 1264 2108 σφίσιν
1294 2041 1481 2105 αὑτοῖς
1535 2045 1873 2113 ἐμφαίνοντα

302 2128 496 2195 σοφίαν
544 2126 637 2180 καὶ
669 2128 917 2198 δύναμιν.
946 2130 1113 2183 Οὑδὲν
1164 2132 1274 2202 γάρ
1320 2134 1456 2197 ἐστι,
1485 2135 1590 2189 κᾶν
1636 2137 1699 2189 τὸ
1746 2154 1874 2206 σμι-

301 2218 563 2287 κρότατον
591 2214 648 2292 ᾖ,
679 2218 707 2272 ὃ
741 2219 815 2291 μὴ
851 2220 1186 2293 θαυμάσειεν
1216 2223 1282 2277 ἀν
1317 2241 1403 2286 τις
1444 2226 1714 2292 ἐκτόπως,
1750 2230 1874 2283 ἀντί

262 2310 408 2367 τῶν
438 2315 502 2365 ἐκ
539 2313 634 2367 τοῦ
686 2315 953 2383 μεγέθους
997 2315 1401 2388 ἐλαττωμάτων
1453 2312 1646 2385 σοφίας
1688 2321 1874 2384 αὐτοῖς

303 2406 398 2457 καὶ
423 2404 665 2475 μεθόδων
703 2405 872 2472 ξένων
915 2408 1414 2481 ὲγκατῳκισμένων
1450 2411 1660 2468 θεόθεν.
1695 2416 1870 2485 Πρόσ-

298 2514 414 2551 εστι
471 2497 530 2551 δὲ
582 2500 766 2563 αὐτοῖς
800 2500 896 2554 καὶ
940 2502 1003 2555 τὸ
1048 2503 1339 2573 δραστικόν
1368 2522 1427 2560 τε
1469 2509 1565 2560 καὶ
1592 2507 1875 2580 ὠφέλιμον

300 2590 530 2657 πλείοσι,
559 2593 653 2646 καὶ
705 2592 879 2648 ταῦτα
922 2594 1101 2649 πάντα
1148 2597 1286 2667 πρὸς
1333 2600 1435 2669 τὴν
1485 2599 1740 2670 πρόνοιαν
1770 2601 1873 2670 τῆς

299 2683 644 2756 ἀνθρωπίνης
679 2688 956 2757 προῦργου
985 2691 1355 2760 καταστρέφει
1391 2692 1556 2757 ζωῆς.
1612 2692 1753 2748 Ἀλλ’
1779 2695 1875 2747 οὑ.

298 2773 386 2827 δὲν
438 2774 643 2831 τούτων
689 2779 853 2832 εἰκὼν
884 2779 979 2833 τοῦ
1025 2779 1161 2834 Θεοῦ
1218 2782 1476 2852 λέγεταιο
1507 2786 1737 2855 οὑρτινδς
1771 2788 1871 2856 μὲν

302 2868 367 2935 γὲ
378 2885 408 2937 ρ
435 2871 525 2921 καὶ
556 2871 624 2923 τὰ
645 2871 870 2941 οὑράνια
897 2873 1128 2944 σώματα
1170 2875 1273 2929 οὑκ
1313 2876 1440 2929 ἄνευ
1469 2876 1599 2947 ὕλης
1631 2878 1749 2931 ἐστὶ
1777 2880 1873 2933 καὶ

303 2959 530 3029 σώματα
592 2962 752 3031 μόνον
806 2964 945 3018 εἰσὶν
995 2967 1124 3021 ἀνευ
1181 2966 1410 3038 ψυχῶν
1474 2968 1763 3039 ἄνθρωπος
1815 2971 1874 3024 δὲ

303 3052 459 3120 μόνος
486 3052 648 3117 ἀΰ).ος
686 3054 782 3108 καὶ
814 3054 1102 3124 ἀσώματος
1138 3057 1214 3126 τῷ
1240 3058 1341 3126 τῆς
1381 3058 1580 3127 ψυχῆς,
1613 3058 1689 3121 ὡς
1719 3060 1876 3131 εἴρη-

1983 571 2156 625 rentia
2178 568 2362 624 varios
2381 567 2538 623 simul
2561 565 2820 637 opificum
2843 566 3060 620 habitus
3086 581 3183 635 per
3205 565 3553 619 ratiocinium

1981 646 2319 724 dimetimur,
2344 671 2399 714 et
2424 659 2727 715 similitudo
2756 659 2866 741 hoc
2902 659 3127 728 vestigio
3155 673 3251 728 par
3274 666 3358 712 est
3396 667 3446 711 et
3472 656 3558 711 di-

1982 751 2144 806 citur.
2181 750 2335 817 Quod
2375 758 2525 805 certe
2576 749 2624 805 si
2652 748 2723 804 de
2764 750 2849 803 his
2879 763 3069 802 verum
3111 756 3194 802 est
3229 749 3320 816 qui
3350 750 3550 825 partim

1983 854 2300 909 operantur,
2339 841 2508 894 multo
2542 839 2713 909 magis
2741 839 2808 893 de
2832 836 3011 906 coqui
3053 851 3118 890 ex
3153 837 3382 904 integro.
3442 833 3548 887 Sed

1982 946 2286 1001 congenera
2324 930 2435 984 fere
2466 936 2592 984 sunt
2626 929 2743 982 haec
2773 942 2893 981 eum
2945 925 3266 988 factoribus,
3297 924 3435 977 sicut
3467 937 3560 991 ge-
3607 918 3610 921 ’

1993 1026 2110 1077 neri
2138 1037 2239 1078 suo
2275 1029 2456 1076 creata
2486 1019 2707 1084 nuntia;
2746 1018 2921 1087 prima
2955 1030 3082 1068 vero
3111 1014 3356 1067 omnium
3385 1026 3550 1067 caus-i
3628 997 3635 1001 ’

1985 1117 2103 1169 suis
2147 1112 2409 1184 operibus
2441 1111 2654 1165 infinite
2690 1117 2745 1164 et
2784 1121 2947 1176 supra
2976 1105 3196 1159 modmn
3224 1103 3562 1173 przecminet.

2000 1206 2238 1275 Ideoque
2277 1221 2371 1275 per
2398 1204 2631 1259 obscura
2666 1202 2721 1256 in
2759 1200 2866 1255 illis
2932 1208 3015 1253 est
3070 1196 3393 1257 similitudo,
3423 1207 3563 1265 prie-

1987 1298 2332 1354 stantissima
2359 1309 2552 1363 nempe
2583 1293 2825 1347 auctoris
2858 1290 3098 1355 potentia
3133 1292 3271 1340 hanc
3296 1285 3555 1340 similitu-

1986 1388 2133 1445 dinis
2162 1391 2480 1444 tenuitatem
2502 1386 2588 1442 sic
2614 1384 2902 1440 efficiente.
2948 1381 3165 1435 Etenim
3192 1377 3292 1433 etsi
3314 1378 3450 1432 adeo
3478 1384 3565 1431 te-

1990 1483 2115 1537 nuis
2136 1489 2219 1535 est
2243 1488 2297 1534 et
2328 1480 2586 1539 obscura,
2616 1477 2709 1531 sed
2747 1489 2871 1528 vera
2905 1482 3108 1535 tamen,
3135 1480 3406 1540 quatenus
3464 1467 3565 1522 ali-

1988 1585 2069 1631 ter
2089 1575 2206 1629 lleri
2234 1578 2488 1641 nequeat.
2514 1568 2570 1621 ιιι
2595 1568 2809 1622 cunctis
2837 1566 2999 1635 igitur
3025 1563 3118 1617 ῡιιὶ
3144 1562 3397 1633 operibus
3418 1574 3569 1628 qua:-

1986 1667 2109 1721 dam
2141 1680 2263 1720 cum
2299 1664 2419 1733 ipso
2447 1668 2530 1716 est
2553 1656 2871 1728 huiusmodi
2903 1656 3228 1715 similitudo,
3274 1654 3326 1706 in
3364 1652 3562 1722 seipsis

1986 1757 2203 1827 quidem
2237 1752 2459 1808 factoris
2485 1752 2568 1805 sui
2594 1749 2920 1820 sapientiam
2954 1745 3357 1801 declarantibus
3378 1755 3430 1796 et
3460 1758 3557 1811 po-

1915 1826 1959 1882 Β
1993 1826 2268 1904 teStatem.
2323 1843 2474 1898 Nihil
2533 1854 2772 1910 namque
2818 1839 2902 1895 vel
2958 1837 3246 1892 minimum
3297 1842 3383 1891 est
3414 1834 3559 1905 quod

1990 1950 2272 2012 stuporem
2303 1939 2481 1994 cuivis
2517 1935 2664 1990 haud
2711 1932 2967 1998 incutiat,
2997 1944 3106 1984 non
3135 1939 3313 1982 autem
3344 1927 3563 1981 illorum

1986 2048 2086 2103 pro
2137 2030 2515 2101 magnitudine
2577 2042 2758 2082 rerum
2813 2023 3075 2079 deficiens
3134 2020 3403 2089 sapientia
3462 2025 3560 2071 aut

1974 2125 2179 2179 .alicna:
2211 2121 2630 2192 disquisitiones
2666 2117 2850 2171 divino
2877 2122 3013 2168 nutu
3053 2110 3195 2181 apud
3232 2110 3355 2164 illos
3387 2109 3563 2165 intro,-

1934 2256 1951 2261 -
1989 2220 2187 2272 ductae.
2224 2213 2370 2269 Inest
2408 2215 2575 2268 etiam
2604 2212 2708 2265 illis
2730 2208 2946 2263 entibus
2979 2202 3215 2260 efﬁcacia
3251 2211 3307 2257 et
3348 2199 3558 2255 utilitas

1990 2310 2180 2374 multa,
2211 2317 2263 2362 et
2297 2306 2480 2359 omnia
2517 2305 2631 2357 haec
2675 2302 2728 2355 in
2784 2297 3097 2367 praesidium
3165 2296 3420 2349 humanae
3487 2293 3565 2346 vit

1985 2398 2272 2454 commode
2324 2402 2743 2451 convertuntur.
2813 2390 3071 2444 Attamen
3145 2386 3284 2442 nihil
3365 2386 3560 2440 horum

1984 2491 2163 2561 imago
2185 2489 2277 2550 Dei
2302 2489 2534 2544 dicitur:
2584 2484 2783 2541 calum
2813 2483 3015 2553 quippe
3061 2490 3113 2536 et
3177 2494 3407 2548 corpora
3452 2492 3563 2534 ca:-

1984 2583 2140 2640 lesua
2172 2598 2281 2638 non
2333 2583 2602 2639 exsistunt
2634 2580 2841 2650 absque
2868 2575 3116 2655 materia,
3145 2582 3199 2630 et
3227 2573 3363 2628 nihil
3414 2572 3562 2626 aliud

1986 2687 2302 2749 suntquam
2329 2673 2627 2731 inanimata
2656 2685 2904 2742 corpora.
2957 2665 3121 2727 Solus
3170 2667 3335 2720 homo
3360 2707 3376 2730 ,
3412 2664 3563 2735 quod

1985 2770 2224 2825 animam
2254 2776 2478 2840 spectat,
2512 2775 2572 2821 ut
2605 2768 3012 2837 proposuimus,
3050 2759 3427 2816 immaterialis
3477 2768 3564 2813 est

1986 2874 2041 2921 et
2069 2866 2446 2933 incorporeus,
2478 2861 2739 2928 solusque
2761 2850 3109 2925 intelligens;
3140 2852 3412 2922 siquidem
3465 2853 3559 2908 illa

1990 2959 2176 3015 omnia
2206 2968 2372 3010 unam
2427 2950 2938 3008 communissimam
2976 2945 3413 3008 similitudinem,
3448 2959 3559 2998 esse

1989 3052 2217 3117 scilicet,
2249 3064 2373 3105 cum
2403 3062 2506 3103 sua
2553 3061 2715 3101 causa
2748 3058 2860 3114 pro:
2879 3056 2937 3097 se
2960 3039 3168 3097 ferunt.
3188 3039 3323 3093 Nam
3351 3047 3405 3090 et
3432 3036 3552 3106 ipsa

296 3160 411 3208 ται,
447 3143 624 3215 μέρει,
652 3147 747 3199 καὶ
784 3146 943 3214 μόνος
974 3148 1159 3219 νοερδς
1190 3149 1319 3219 ἀρα,
1353 3151 1402 3203 εἰ
1433 3150 1663 3204 κάκεῖνα
1698 3151 1878 3206 πάντα

1986 3156 2114 3205 sunt
2141 3154 2194 3202 et
2224 3145 2368 3200 Deus
2398 3150 2501 3207 est,
2535 3138 2750 3197 tametsi
2777 3137 3021 3192 divinum
3076 3149 3188 3190 esse
3219 3146 3415 3189 eorum
3440 3146 3562 3185 om-

302 3239 435 3304 μίαν
485 3237 784 3306 ὁμοιότητα
831 3238 1154 3308 κοινοτάτην
1204 3239 1304 3312 τὴν
1361 3241 1500 3295 κατά
1533 3257 1598 3306 γε
1638 3240 1698 3293 τὸ
1741 3236 1880 3294 εἶναι

222 3392 228 3397 .
298 3329 436 3399 πρὸς
485 3328 581 3399 τὴν
612 3331 748 3383 ἰδίαν
796 3330 976 3384 αἰτίαν
1004 3330 1222 3401 ἔχουσιν
1249 3348 1264 3364 ⁸
1317 3332 1460 3386 αὑτά
1505 3349 1567 3386 τε
1622 3333 1730 3402 γάρ
1774 3334 1884 3387 εἰσι

298 3421 391 3473 καὶ
427 3419 562 3484 Θεός
592 3423 764 3485 ἐστιν,
792 3422 842 3474 εἰ
890 3422 986 3476 καὶ
1014 3424 1075 3476 τὸ
1106 3422 1249 3476 θεῖον
1278 3420 1420 3478 εἶναι
1465 3423 1561 3477 τοῦ
1598 3427 1657 3478 ὲν
1697 3426 1886 3489 αὑτοῖς

299 3517 469 3568 πᾶσιν
510 3511 649 3569 εἶναι
682 3516 976 3587 ἀπειράκις
1023 3517 1268 3590 ἀπείρως
1317 3520 1665 3589 ὑπέρκειται.
1716 3519 1881 3573 Ἔνια

297 3607 356 3661 δὲ
387 3607 496 3661 τῶν
524 3609 780 3663 ὑποκάτω
819 3609 916 3662 καὶ
959 3610 1131 3680 μείζω
1158 3610 1256 3682 τὴν
1271 3612 1427 3665 ικατά
1459 3613 1518 3665 τὸ
1565 3610 1667 3683 ζῇν
1697 3611 1886 3682 ὁμοιό-

299 3717 438 3770 τητα
493 3699 647 3770 ἔχει’
698 3698 812 3754 ἀλλ’
864 3702 896 3771 ἡ
949 3702 1089 3754 κατά
1139 3702 1202 3754 τὸ
1246 3706 1388 3756 νοεῖν
1431 3704 1689 3772 ὁμοιότης
1740 3703 1883 3774 ὑπὲρ

300 3795 483 3855 πάσας
505 3793 711 3857 ταύτας
738 3793 885 3857 ἰδίως
914 3793 1084 3856 ἔστιν,
1117 3793 1192 3859 ὡς
1222 3794 1334 3848 οὐδ’
1369 3795 1487 3849 ἔστι
1517 3796 1882 3865 παραϐαλεῖν,

306 3886 452 3950 ἰδίως
477 3886 753 3956 ἀνθρώπῳ
792 3889 938 3957 μόνῳ
979 3890 1334 3958 προσήκουσα
1364 3887 1421 3940 ἔν
1445 3904 1510 3956 γε
1541 3890 1651 3950 τοῖς
1692 3904 1885 3956 φαινο-

302 3970 485 4050 μένοις
529 3980 762 4043 τούτοις.
812 3981 1068 4050 ’Ἄγγελοι
1124 3980 1203 4044 δὲ,
1259 3983 1343 4033 νοτ
1402 3982 1501 4051 μὲν
1558 3981 1709 4044 ὄντες
1754 3981 1887 4033 εἰλι-

286 4072 528 4143 κρινεῖς,
555 4072 717 4135 εὐθὺς
750 4074 846 4125 ἀπ’
889 4071 1066 4145 ἀρχῆς
1114 4073 1212 4142 τῆς
1261 4073 1521 4143 τοιαύτης
1570 4073 1887 4142 ὁμοιότητος

298 4169 333 4237 ὴ
344 4165 460 4237 μῶν
489 4165 803 4235 μετέχουσιν
833 4164 1059 4234 ἄμεινον
1085 4179 1099 4195 ⁸
1137 4163 1318 4227 ἀλλοις
1345 4164 1401 4217 δὲ
1431 4164 1611 4231 λόγοις
1642 4164 1734 4216 καὶ
1775 4163 1886 4214 τῶν

299 4257 548 4326 ἀγγέλων
582 4254 721 4326 αὑτη
755 4254 957 4307 πλείων
982 4256 1098 4316 τοῖς
1126 4254 1525 4307 ἐσπουδακόσιν
1569 4252 1624 4318 ἐξ
1665 4251 1884 4323 ἀνθρώ·

299 4364 420 4400 πων
447 4345 731 4416 ἁρμόττει.
783 4344 958 4407 Μόνος
1013 4343 1195 4396 τοίνυν
1252 4343 1319 4396 ἐκ
1370 4341 1479 4395 τῶν
1534 4342 1884 4411 φαινομένων

302 4439 522 4492 πάντων
563 4439 590 4490 ὁ
636 4436 923 4506 ἄνθρωπος
971 4431 1134 4489 εἰκὼν
1167 4434 1261 4488 τοῦ
1307 4432 1443 4487 Θεοῦ
1490 4440 1584 4486 καὶ
1629 4433 1747 4485 ἔστι
1793 4450 1888 4485 και

1989 3242 2140 3296 nium
2173 3238 2384 3294 infinite
2413 3243 2653 3303 superet.
2693 3228 2967 3285 Nonnulla
2994 3242 3126 3284 vero
3162 3241 3231 3280 ex
3278 3223 3558 3281 inferiori-

1988 3335 2090 3390 bns
2119 3332 2312 3405 majori
2345 3329 2550 3401 pollent
2570 3323 2957 3388 similitudine,
2979 3336 3044 3379 eo
3072 3335 3267 3391 nempe
3290 3317 3438 3390 quod
3473 3317 3559 3371 vi-

1988 3433 2141 3481 vunt.
2183 3423 2291 3480 Sed
2318 3438 2383 3479 ea
2412 3436 2536 3494 quae
2564 3420 2630 3475 ad
2662 3419 2997 3475 intellectum
3029 3417 3223 3470 attinet
3253 3427 3447 3469 omnes
3479 3410 3563 3465 fa-

1986 3519 2091 3574 cile
2117 3517 2325 3582 vincit;
2357 3516 2492 3570 adeo
2524 3523 2585 3569 ut
2619 3514 2765 3567 nulla
2797 3512 3019 3568 sitcum
3043 3511 3157 3578 ipsa
3180 3507 3559 3578 componenda

1987 3611 2231 3683 paritas;
2254 3624 2320 3663 ex
2354 3608 2423 3662 iis
2453 3608 2597 3662 enim
2627 3604 2944 3661 visibilibus
2972 3600 3189 3656 cunctis
3220 3600 3312 3653 uni
3340 3596 3564 3667 proprie

1990 3703 2197 3757 homini
2223 3701 2506 3756 convenit:
2553 3696 2727 3767 angeli
2756 3694 2976 3766 quilem
3007 3697 3198 3760 utpote
3232 3689 3322 3759 qui
3355 3688 3567 3757 simpli-

1988 3809 2081 3849 ces
2112 3792 2439 3855 intellectus,
2468 3791 2582 3857 jam
2613 3787 2739 3840 inde
2770 3800 2798 3838 a
2825 3781 3095 3853 principio
3117 3780 3364 3832 eamdem
3387 3785 3441 3832 et
3473 3791 3571 3846 po-

1988 3883 2181 3937 tiorem
2216 3896 2280 3935 ac
2304 3894 2403 3934 nos
2425 3874 2835 3936 similitudinem
2870 3871 3227 3942 participant;
3254 3883 3362 3938 quo
3385 3878 3565 3922 tamen

1989 3975 2113 4028 aliis
2144 3976 2208 4026 de
2233 3970 2440 4030 causis,
2479 3969 2721 4023 strenuis
2782 3963 3092 4034 quibusque
3150 3975 3217 4015 ex
3246 3960 3563 4015 hominibus

1990 4079 2090 4134 pro
2125 4062 2329 4132 angelis
2362 4058 2634 4128 congruit.
2678 4057 2835 4112 Unus
2867 4055 3053 4122 itaque
3090 4055 3234 4106 inter
3269 4052 3385 4107 haec
3422 4050 3561 4125 visi-

1993 4155 2118 4211 bilia
2184 4161 2385 4208 cuneta
2447 4151 2628 4218 imago
2694 4149 2786 4203 Dei
2817 4155 2903 4201 est
2951 4155 3005 4200 et
3037 4145 3242 4198 dicitur
3279 4142 3481 4209 homo;
3514 4150 3570 4197 et

1991 4249 2211 4318 quidem
2276 4242 2384 4298 neu
2420 4241 2721 4296 immerito.
2775 4236 2911 4292 Nam
2959 4252 3023 4293 ex
3050 4239 3230 4291 anima
3264 4238 3565 4306 praesertim

1992 4341 2158 4395 homo
2195 4322 2586 4403 nuncupatur;
2644 4334 2845 4401 quippe
2899 4332 2987 4385 cui
3040 4330 3159 4384 vice
3212 4328 3569 4383 instrumenti

1990 4442 2206 4504 aptatur
2227 4444 2446 4499 corpus.
2481 4425 2732 4482 Hominis
2762 4435 2944 4479 autem
2965 4419 3145 4478 anima
3174 4438 3269 4495 per
3297 4438 3357 4477 se
3389 4423 3571 4478 incor-

297 4529 518 4596 λέγεται
544 4541 560 4557 °
595 4526 692 4580 καὶ
733 4526 855 4580 λίαν
885 4523 1147 4594 εὐλόγως.
1176 4525 1414 4590 Λέγεται
1452 4526 1553 4591 μὲν
1596 4525 1707 4596 γὰρ
1740 4523 1879 4577 κατά

1995 4540 2157 4597 porca
2216 4533 2320 4589 cst,
2363 4520 2771 4589 innuaterialis,
2816 4528 2873 4573 et
2923 4518 3255 4586 intelligens.
3305 4517 3402 4572 llla
3436 4518 3566 4572 vero

299 4623 399 4694 τὴν
441 4620 623 4691 ψυχὴν
651 4618 886 4689 μάλιστα
931 4618 1241 4687 ἄνθρωπος,
1278 4615 1356 4679 ώς
1396 4616 1442 4670 δ’
1472 4615 1706 4685 ὄργανον
1740 4616 1876 4687 αὑτῇ

300 4717 363 4769 τὸ
409 4714 572 4783 σῶμα
621 4711 925 4782 συνῆπταν
955 4708 1246 4779 ἀνθρώπου
1277 4709 1333 4763 δὲ
1362 4707 1508 4779 ψυχὴ
1545 4707 1668 4761 καθ’
1704 4708 1879 4778 αὑτὴν

302 4803 592 4876 ἀσώματός
622 4805 739 4855 ἐστι
781 4802 874 4854 καὶ
916 4800 1078 4860 ἀῦλος
1110 4801 1206 4851 καὶ
1244 4799 1425 4869 νοερά.
1463 4798 1632 4850 Ταυτὶ
1665 4797 1723 4850 δὲ
1758 4796 1877 4850 θεῖα

306 4896 757 4965 πλεονεκτήματα
795 4893 889 4947 καὶ
936 4890 1031 4944 τοῦ
1081 4887 1218 4944 Θεοῦ
1270 4890 1633 4957 τελειότητες,
1687 4890 1736 4944 εἰ
1782 4888 1879 4941 καὶ

301 4990 515 5057 ἀπείρῳ
543 4989 609 5056 τῇ
639 4985 881 5054 ὑπεροχῇ
911 4981 1300 5052 διενηνόχασιν,
1325 4981 1401 5044 ὡς
1441 4981 1610 5034 ἔνεισι
1638 4980 1720 5050 τῷ
1758 4979 1880 5049 Θεῷ

298 5090 334 5159 ἦ
372 5088 444 5152 ὼς
494 5088 552 5139 ὲν
587 5084 861 5154 ἀνθρώπῳ
891 5081 1030 5135 εἰσίν
1057 5097 1071 5111 ·
1116 5078 1483 5154 ἀσωμάτὸτης
1516 5077 1617 5148 μὲν
1659 5071 1754 5132 οὖν
1784 5080 1883 5134 καὶ

300 5180 462 5233 eam:
504 5178 780 5245 ἀπόφασις
831 5175 965 5245 ὕλης
1011 5171 1139 5227 ὄντα
1175 5172 1270 5225 καὶ
1312 5170 1563 5239 σώματος
1601 5168 1793 5232 ἁπλῶς
1819 5173 1878 5223 ὲν

299 5273 572 5344 ἀνθρώπῳ
624 5269 975 5340 θεωροῦνται,
1019 5266 1277 5337 νοερότης
1315 5264 1372 5317 δὲ
1419 5263 1582 5331 φύσιν
1630 5264 1690 5317 ὲν
1738 5264 1876 5335 αὑτῇ

301 5368 505 5419 τιθεῖσα
556 5366 651 5417 καί
682 5366 900 5430 φύσεως
933 5361 1169 5430 δύναμιν
1208 5356 1272 5410 οὑ
1308 5355 1659 5410 παντάπασιν
1687 5355 1877 5418 ἁπλῶς

299 5456 607 5527 (impetrat,
659 5442 775 5523 μετ’
828 5451 1135 5520 ἀναγκαίας
1180 5450 1239 5503 δέ
1312 5465 1458 5510 τινος
1524 5446 1873 5518 διακρίσεως.

299 5548 441 5611 Νοῦς
479 5547 661 5600 τοίνυν
710 5547 738 5598 ὁ
780 5544 1066 5615 ἄνθρωπος
1093 5541 1169 5595 ὣν
1203 5541 1346 5595 κατά
1374 5541 1473 5609 τὴν
1515 5538 1692 5608 ψυχὴν
1717 5538 1875 5609 ἐνέρ-

298 5655 452 5703 γειαν
488 5638 601 5709 ἔχει
645 5636 979 5706 τὴν”νόησιν,
1009 5633 1102 5687 νοῦ
1150 5632 1259 5701 γὰρ
1317 5633 1569 5700 ἐνέργεια.
1623 5630 1686 5681 τδ
1732 5633 1876 5682 νοεῖν

297 5729 371 5789 ὡς
402 5730 603 5800 θερμοῦ
658 5730 720 5781 τὸ
768 5725 1106 5796 Θερμαίνειν.
1140 5724 1207 5776 Ἥ
1252 5722 1309 5775 δὲ
1350 5721 1577 5793 τοιαύτη
1624 5720 1875 5791 ἐνέργεια

306 5822 431 5890 πρός
480 5838 533 5874 τι
567 5821 794 5888 φέρεται
845 5819 989 5880 τέλος
1020 5832 1036 5848 ο
1072 5814 1301 5873 τοῦτοδ⁹
1350 5813 1415 5868 ἂν
1462 5813 1549 5882 εἴη
1595 5811 1655 5864 τὸ
1684 5812 1874 5882 νοητὸν

625 5918 893 5979 ΡΑτιιοικ.
942 5917 1057 5975 GR.
1096 5913 1284 5975 CLX.

1996 4617 2091 4674 Dei
2126 4616 2439 4687 praestantia
2478 4623 2536 4669 et
2610 4612 2997 4683 perfectiones,
3065 4611 3421 4681 quantumvis
3468 4611 3575 4666 im-

1996 4727 2184 4767 mensa
2223 4712 2423 4767 distent
2455 4704 3002 4787 prtecelletttia,liaud
3032 4705 3193 4759 aliter
3226 4706 3278 4759 in
3313 4704 3424 4759 Deo
3449 4713 3576 4761 sunt

1995 4803 2153 4859 aliter
2193 4803 2246 4857 in
2279 4801 2522 4858 homine.
2562 4799 2669 4856 Sed
2697 4801 3095 4869 incorporettas
3143 4807 3200 4853 et
3231 4800 3572 4854 immateria-

1996 4896 2144 4960 litas,
2180 4910 2304 4951 cum
2347 4894 2587 4951 materia
2618 4902 2671 4949 et
2698 4895 2945 4964 corporis
2971 4892 3083 4949 sint
3128 4894 3370 4963 negatio,
3409 4892 3572 4949 facile

1993 4987 2050 5041 in
2084 4987 2304 5042 homine
2332 4993 2556 5057 patent;
2584 4985 3006 5054 intelligibilitas
3043 4999 3176 5040 vero
3210 4998 3333 5054 qua:
3397 4997 3563 5038 natu-

1996 5093 2111 5134 ram
2130 5086 2183 5133 et
2207 5085 2416 5133 natura:
2443 5077 2551 5131 vim
2581 5077 2636 5133 in
2661 5077 2844 5132 anima
2866 5076 3157 5132 constituit
3178 5090 3289 5130 non
3312 5074 3570 5129 omnibus

1994 5173 2070 5228 ita
2098 5171 2250 5226 ultro
2279 5162 2617 5235 declaratur,
2650 5168 2749 5225 sed
2781 5168 3118 5224 discretione
3152 5168 3389 5237 quadam
3420 5182 3564 5238 opus

1993 5271 2101 5320 est.
2134 5264 2324 5334 Itaque
2356 5260 2522 5318 homo
2553 5275 2678 5316 cum
2702 5260 2986 5316 intellectu
3012 5268 3226 5315 constet
3254 5261 3559 5315 secundum

1994 5358 2260 5420 animam,
2319 5364 2578 5425 tanquam
2636 5362 2819 5408 actum
2877 5352 3042 5408 hahet
3106 5352 3567 5422 intelligentiam;

1991 5451 2307 5507 intellectus
2349 5449 2493 5502 enim
2538 5455 2695 5501 actus
2722 5453 2809 5500 est
2839 5443 3161 5514 intelligere,
3194 5446 3342 5500 sicut
3369 5446 3568 5504 caloris

1993 5540 2314 5596 calefacere.
2342 5539 2413 5591 At
2457 5534 2726 5606 ejusmodi
2760 5541 2917 5588 actus
2947 5535 3014 5589 ad
3062 5536 3352 5604 quemdam
3403 5538 3563 5594 finem

1994 5632 2164 5685 tendit
2190 5646 2207 5698 ;
2238 5631 2448 5684 scilicet
2479 5627 2832 5698 intelligibile
2858 5639 2916 5682 ut
2951 5628 3070 5682 linis
3091 5628 3412 5699 iuteiligenti
3432 5648 3565 5702 pro-
3618 5648 3629 5662 υ

1989 5725 2249 5793 positum.
2269 5722 2626 5795 lntelligentia
2657 5736 2842 5776 verum
2866 5721 3093 5776 interest
3133 5723 3287 5791 quasi
3317 5727 3564 5795 quaedam

1989 5816 2301 5871 communis
2342 5829 2477 5871 ansa
2535 5820 2836 5883 utrumque
2884 5812 3265 5885 coniungens;
3300 5831 3422 5887 qum
3446 5821 3569 5890 qui-

3150 5912 3217 5975 l9
