4062 6416
507 411 610 474 587

1562 407 1935 470 GENNADlI
1991 407 2098 468 ΕΡ.
2163 406 2676 468 ΡΑΤιῖΙΛΒΟίῐΛΞ

3661 408 3758 471 588

505 511 624 574 "cui
653 537 715 574 ex
745 520 1018 574 intellectu
1052 517 1324 589 procedit,
1350 517 1770 588 adiutelligibile
1793 517 2069 588 pertinens

2183 518 2557 586 ἀντικείμενον
2612 517 2688 588 τῷ
2742 517 2948 571 νοοῦντι
3005 517 3080 579 ὡς
3127 517 3302 572 τέλο’.
3357 517 3422 572 Ἦ
3477 518 3532 572 δὲ
3586 519 3760 589 νόησις

501 624 554 667 et
597 615 648 666 iu
682 612 771 666 illo
805 613 1114 664 terminata.
1142 610 1218 664 ita
1258 619 1317 664 ut
1353 611 1723 676 intelligentiae
1772 611 1884 664 sint
1915 610 2069 677 quasi

503 704 724 759 termini
763 703 1076 755 intellectus
1112 711 1163 754 ct
1193 701 1550 769 intelligibile.
1605 699 1838 756 Necesse
1889 711 2068 754 autem

501 805 585 851 est
637 806 696 850 ut
747 793 1084 862 intelligibile
1122 793 1195 846 sit
1246 793 1456 861 species
1511 801 1568 846 et
1610 791 1915 846 similitudo
1989 791 2071 843 itt-

504 887 800 956 tt-lltgentis
833 883 1146 938 intellectus
1171 893 1225 937 et
1255 883 1567 938 intellectus
1606 884 1675 938 sit
1711 883 2069 947 intelligibile.

505 981 650 1032 sicut
675 975 1045 1045 intelligentiae
1069 974 1402 1044 principium
1430 982 1510 1028 est
1537 974 1846 1028 intellectus
1869 975 2074 1028 intelli-

503 1085 649 1138 gens.
676 1069 778 1122 Aio
798 1069 982 1138 igitur,
1013 1064 1454 1135 quandoquidem
1486 1065 1798 1119 intellectus
1833 1066 2070 1132 seipsnnt

505 1159 780 1230 intelligit,
819 1169 934 1212 erat
968 1157 1084 1225 ejus
1110 1171 1248 1226 opus
1284 1156 1608 1226 priusquam
1644 1155 1815 1208 fieret.
1849 1154 2072 1224 Spevies

427 1288 436 1295 -
503 1255 646 1305 enim
681 1252 735 1304 in
778 1249 1049 1303 abstracto
1084 1255 1298 1314 sumpta
1329 1254 1411 1300 est
1477 1247 1746 1316 praecipue
1775 1246 2075 1300 similitudo

504 1341 714 1395 externi
749 1340 832 1394 sui
861 1339 1042 1406 operis
1071 1347 1346 1406 quatenus
1371 1351 1466 1404 per
1497 1318 1670 1405 ipsam
1697 1352 1831 1404 opus
1863 1335 2076 1389 innote-

403 1447 408 1450 ·
506 1435 630 1487 scit.
661 1431 752 1487 Est
784 1433 945 1485 etiam
979 1431 1283 1484 intellectus
1313 1428 1615 1482 similitudo
1671 1435 1855 1496 utpote
1905 1428 2072 1482 itIlt‘L

506 1525 726 1593 ligibilis
753 1523 1119 1579 etintellectui
1161 1521 1355 1576 similis
1385 1519 1571 1574 effecta
1601 1539 1616 1587 ;
1665 1529 1719 1575 et
1743 1521 1959 1590 quidem
2019 1523 2072 1574 in

507 1619 782 1672 intellectu
806 1615 885 1670 sic
933 1622 1017 1667 est
1069 1612 1420 1680 intelligibilis
1471 1613 1685 1680 species
1724 1621 1780 1665 ttt
1831 1613 2071 1680 quando-

506 1725 724 1779 cunque
746 1707 976 1762 voluerit
1008 1706 1311 1759 intellectus
1345 1708 1459 1757 hac
1484 1706 1536 1757 in
1561 1706 1740 1770 seipso
1765 1716 1996 1766 mam-at,
2030 1707 2072 1758 si

510 1817 618 1856 non
649 1802 720 1854 sit
770 1801 1109 1861 immanens;
1138 1797 1218 1849 sin
1253 1805 1451 1870 autem,
1489 1796 1635 1849 illam
1675 1797 1739 1848 ad
1790 1809 1938 1848 rx'ra
1983 1811 2078 1862 pro

2189 609 2389 681 μεταξύ
2449 613 2618 676 ἐστιν,
2663 611 2850 680 ὥσπερ
2909 610 3062 680 κοινὴ
3129 610 3314 680 σχέσις
3376 611 3546 680 ἄμφω
3598 614 3760 664 covi-

2187 719 2418 768 πτονσα,
2456 704 2520 755 ἐκ
2569 700 2663 755 τοῦ
2715 702 2808 756 νοῦ
2863 702 2962 772 μὲν
3016 702 3304 772 προῖοῦσα,
3337 701 3432 755 τοῦ
3481 703 3674 770 νοητοῦ
3708 704 3762 756 δὲ

2183 789 2316 846 οῦσα
2382 794 2478 846 καὶ
2539 794 2620 856 είς
2675 791 2833 846 τοῦτο
2889 793 3224 862 ὁριζομένη·
3275 793 3408 846 ὥστ’
3470 789 3609 846 εἶναι
3665 795 3761 862 τῆς

2192 882 2429 950 νοήσεως
2463 880 2653 950 ἅσπερ
2683 882 2863 949 ὄρους,
2888 881 2979 935 τόν
3012 897 3070 932 τε
3111 879 3234 932 νοῦν
3269 881 3363 933 καὶ
3391 878 3452 932 τὸ
3476 879 3685 948 νοητόν·
3710 879 3767 930 τι

2184 971 2239 1023 δὲ
2267 971 2456 1040 νοητζν
2485 967 2624 1036 εἶδος
2654 965 2796 1023 εἶναι
2829 970 2913 1023 δεῖ
2943 970 3038 1023 xxi.
3061 970 3356 1039 ὁμοιότητα
3388 968 3482 1021 τοῦ
3516 967 3764 1026 νοοῦντος

2187 1064 2277 1116 νοῦ
2313 1067 2406 1118 καὶ
2458 1063 2584 1118 νοῦν
2618 1063 2829 1133 νοητὺν,
2873 1063 3062 1132 ὥσπερ
3110 1064 3144 1134 ή
3193 1064 3292 1131 τῆς
3342 1063 3580 1129 νοήσεως
3623 1063 3766 1129 ἀρχὴ

2186 1156 2308 1218 νοῦς
2360 1156 2479 1207 ἐστι
2529 1153 2686 1208 νοῶν.
2740 1155 2888 1224 Φημὶ
2929 1155 3010 1220 δὲ,
3040 1155 3258 1206 ἐπειδὰν
3306 1154 3336 1206 ὁ
3389 1152 3514 1216 νοῦς
3567 1152 3764 1206 ἑαυτὸν

2185 1241 2362 1317 νοῇ,ᾗ
2417 1247 2474 1299 τὸ
2527 1244 2692 1298 αὑτοῦ
2745 1246 2905 1313 ἔργον
2952 1247 3085 1316 πρὶν
3119 1244 3497 1313 γενέτθαι.Τὸ
3550 1245 3660 1313 γὰρ
3695 1243 3754 1306 εξ

2186 1337 2532 1406 ἀφαιρέσεως
2575 1333 2713 1398 εἶδος
2751 1337 2987 1406 μάλιστα
3045 1338 3146 1408 μὲν
3199 1335 3457 1405 ὁμοιότης
3504 1337 3621 1388 ἐστὶ
3653 1329 3767 1388 ’τοῦ

2187 1426 2291 1491 ἔξω
2333 1429 2680 1498 πράγματος,
2712 1428 2788 1489 ὼς
2834 1427 2901 1482 ἂν
2951 1428 3020 1481 δι’
3068 1427 3238 1482 αὐτοῦ
3270 1428 3330 1481 τὸ
3357 1430 3594 1496 πρᾶγμα
3647 1429 3770 1496 νοῆ-

2183 1537 2276 1574 ται
2303 1535 2316 1549 ’
2350 1520 2464 1574 ἔστι
2510 1520 2567 1574 δὲ
2601 1522 2695 1574 καὶ
2748 1521 2842 1574 τοῦ
2875 1519 2966 1574 νοῦ
3016 1521 3292 1592 ὁμοιότης,
3321 1520 3398 1584 ὡς
3449 1521 3639 1590 νοητὸν
3675 1523 3768 1572 καὶ

2186 1610 2266 1678 τῷ
2309 1610 2387 1680 νῷ
2413 1612 2708 1680 γενόμενον
2740 1611 2926 1681 ὅμοιον
2956 1629 2970 1641 ·
3010 1611 3106 1664 καὶ
3139 1611 3256 1664 ἔστι
3285 1611 3383 1681 μὲν
3413 1611 3471 1663 ἐν
3502 1611 3579 1679 τῷ
3603 1611 3678 1680 νῷ
3707 1614 3768 1663 τε

2187 1703 2377 1769 νοητὸν
2407 1699 2568 1767 εἶδος,
2593 1705 2725 1757 ὅταν
2753 1703 2885 1757 αὐτὸ
2918 1704 3101 1773 μένειν
3127 1706 3154 1757 ό
3179 1702 3303 1766 νοῦς
3343 1705 3401 1756 ὲν
3428 1701 3606 1772 ἑαυτῷ
3638 1703 3768 1772 βού-

2186 1792 2345 1861 ληται
2397 1794 2472 1863 μὴ
2508 1793 2746 1846 τοιοῦτον
2787 1792 2869 1856 ὃν,
2901 1793 3122 1847 ἐπειδὰν
3167 1793 3224 1846 δὲ
3255 1792 3495 1863 βουληθῇ
3529 1795 3620 1847 καὶ
3654 1795 3765 1860 ἔξω

509 1901 642 1948 nutu
674 1891 937 1961 producat
965 1889 1077 1942 sive
1108 1889 1318 1956 pro'ato
1359 1888 1522 1940 verbo
1575 1887 1928 1951 declaratam,
1961 1887 2075 1940 sive

2183 1886 2511 1955 προάγηται,
2538 1885 2569 1956 ἡ
2619 1885 2941 1957 προφορικῷ
2991 1887 3398 1956 φανερούμενον
3428 1886 3632 1956 λόγῳῆ
3665 1887 3766 1940 καὶ

506 1987 561 2040 itt
603 1983 828 2037 materia
860 1980 1101 2034 exterius
1123 1978 1446 2046 depositam.
1481 1977 1596 2030 Dixi
1621 1979 2074 2047 :quanducunquc

506 2078 750 2140 voluerit,
785 2088 849 2128 eo
872 2072 1013 2143 quod
1043 2071 1318 2125 humanus
1373 2071 1679 2124 intellectus
1717 2071 1916 2139 duplici
1951 2080 2073 2123 actu

505 2171 792 2220 constatet
826 2161 961 2215 vivit
996 2178 1009 2213 :
1055 2159 1410 2228 intelligentia
1444 2157 1651 2213 scilicet
1682 2166 1732 2212 et
1765 2159 2071 2225 voluntate;

505 2256 775 2326 siquidem
801 2253 1108 2320 intelligens
1161 2260 1242 2304 est
1270 2250 1544 2312 voluntas,
1577 2249 1721 2303 sicut
1765 2260 1817 2303 et
1864 2251 2073 2304 intelle-

505 2357 650 2416 ctus,
678 2354 798 2418 quae
823 2362 922 2417 pro
961 2345 1178 2399 diverso
1208 2348 1456 2411 respectu
1488 2341 1552 2394 ad
1590 2341 1802 2396 diversa
1830 2345 1883 2395 in
1922 2342 2078 2396 intr-l-

504 2439 650 2492 lectu
684 2439 1028 2492 ordinantur.
1062 2433 1196 2488 Nam
1271 2433 1617 2504 potissimum
1686 2435 1882 2488 rationi
1924 2436 2077 2503 praeit

504 2526 885 2598 intelligentia,
978 2526 1233 2579 voluntas
1340 2530 1522 2576 autem
1614 2521 1908 2590 sequitur;
1981 2525 2074 2576 sed

503 2629 558 2675 et
637 2631 1025 2688 nonnunquam
1083 2613 1495 2684 intelligentiam
1564 2613 1825 2681 praecedit
1883 2614 2072 2665 volun-

501 2720 604 2764 tas.
633 2709 740 2764 Nec
765 2709 908 2764 enim
941 2723 1004 2763 ea
1040 2720 1254 2774 semper
1289 2707 1402 2758 vult
1430 2717 1552 2774 quae
1601 2703 1752 2757 novit
1805 2707 2075 2757 Itutnantts

502 2801 830 2866 intellectus,
892 2807 948 2853 at
1007 2797 1406 2867 quodammodo
1458 2809 1579 2864 qua:
1628 2796 1745 2847 vult
1799 2795 2072 2878 intelligit.

503 2891 658 2958 Quod
710 2891 956 2961 pluribus
1009 2889 1226 2959 quidem
1285 2896 1434 2942 esset
1497 2886 1916 2954 exponendum;
1978 2885 2074 2939 sed

500 2983 716 3052 potiora
753 2996 899 3035 nunc
919 2979 1162 3051 aggressi
1189 2978 1255 3032 ad
1286 2977 1628 3048 propositum
1699 2978 2074 3033 deveniamus.

502 3073 786 3126 Ilumanus
835 3071 998 3140 igitur
1044 3070 1354 3123 intellectus
1439 3083 1564 3139 qua}.
1629 3083 1793 3138 super
1838 3084 1897 3123 se
1950 3077 2078 3124 sunt

502 3163 776 3234 intelligit,
839 3163 1072 3216 obscure
1101 3160 1311 3217 scilicet
1369 3160 1544 3216 donec
1594 3170 1677 3214 est
1721 3161 1776 3214 in
1827 3175 2075 3231 corpore,

505 3270 691 3309 revera
726 3265 904 3308 tamen
939 3261 995 3309 et
1031 3253 1190 3323 quasi
1233 3252 1288 3307 in
1319 3253 1554 3321 quadam
1577 3268 1768 3310 eorum
1817 3256 2081 3311 realitatis

504 3346 761 3416 imagine,
827 3345 869 3398 si
925 3345 1158 3415 propriis
1217 3359 1280 3399 ac
1335 3345 1588 3416 genuinis
1637 3345 1862 3416 hujusce
1919 3347 2080 3400 intui-

505 3448 592 3494 tus
623 3437 906 3509 principiis
953 3436 1392 3507 obsequeretur;
1448 3439 1591 3508 quod
1643 3438 1818 3492 solum
1870 3439 2080 3506 piorum

502 3543 586 3587 est
618 3532 764 3586 circa
791 3531 972 3585 divina
1027 3529 1335 3592 hominum,
1369 3531 1462 3600 qui
1528 3544 1652 3583 vera
1717 3531 1982 3599 sapientia
2028 3540 2082 3585 et

506 3623 796 3691 prudentia
828 3622 1223 3690 gubernantur.
1259 3619 1365 3674 Sed
1399 3622 1708 3676 humaniori
1750 3613 1894 3677 nunc
1924 3623 2082 3676 aditi-

507 3715 620 3769 bito
641 3728 914 3781 sermone,
949 3717 1202 3768 notiones
1223 3714 1364 3784 apud
1397 3724 1616 3770 sanctos
1634 3730 1700 3769 ex
1724 3714 1905 3768 divina
1935 3731 2077 3769 reve-

505 3806 711 3859 latione
738 3813 1084 3873 comparatos
1131 3806 1506 3873 praetermitto.
1533 3806 1666 3870 Quae
1726 3817 1905 3862 autem
1978 3807 2080 3876 ipsi

503 3903 628 3949 sunt
659 3908 965 3964 congenera
995 3904 1242 3963 prompte
1268 3893 1418 3948 novit
1449 3896 1564 3949 sive
1631 3895 1916 3964 disciplina
1967 3897 2081 3950 sive

502 3988 814 4041 inventione
873 3987 1135 4057 praestita,
1203 4000 1430 4042 accensa
1493 4003 1686 4055 nempe
1749 3989 2079 4058 c0gnitionis

405 4111 412 4120 ι
502 4079 672 4134 indita
701 4078 802 4134 sibi
835 4077 1094 4132 scintilla.
1153 4077 1324 4132 Porro
1355 4077 1650 4148 perfectius
1677 4077 1794 4134 hac
1829 4079 2080 4150 intelligit

500 4179 688 4239 utpote
722 4185 835 4224 suae
867 4168 1111 4225 facultati
1140 4169 1418 4235 consocia,
1449 4178 1503 4224 et
1526 4181 1732 4236 quanto
1753 4174 2077 4240 promptius,

499 4271 654 4316 tanto
684 4274 736 4316 et
765 4261 1080 4331 perfectius.
1116 4263 1188 4316 At
1220 4261 1515 4330 perfectius
1573 4263 1770 4316 iterum
1825 4263 2078 4332 proprios

500 4365 658 4408 actus
691 4353 959 4422 intelligit,
995 4361 1186 4408 nonut
1236 4363 1455 4422 peracta
1509 4361 1718 4408 tantum
1752 4354 2077 4423 intelligens,

502 4445 596 4500 sed
637 4457 688 4497 et
736 4444 1055 4512 priusquam
1111 4447 1380 4499 exsistant
1421 4445 1603 4514 qualia
1624 4461 1680 4500 re
1710 4446 1892 4500 futura
1919 4447 2028 4501 sint
2057 4464 2072 4513 ;

501 4537 733 4602 ideoque
791 4535 1020 4589 ulterius
1080 4550 1146 4590 ea
1200 4536 1427 4602 sistens,
1467 4537 1596 4605 quia
1662 4537 1815 4606 prius
1863 4539 2076 4592 noverit

506 4623 737 4693 qualiter
765 4623 836 4677 ita
867 4626 1156 4678 esstitura.
1191 4623 1390 4679 Verum
1435 4628 1488 4680 in
1535 4627 1773 4681 butuano
1804 4628 2079 4683 intellectu

505 4717 863 4786 ittta-lligibilis
891 4718 1122 4786 species,
1149 4720 1269 4786 qtae
1296 4727 1379 4773 est
1409 4721 1774 4790 intelligentia!
1798 4737 1911 4776 suae
1933 4723 2079 4790 prin-

506 4809 730 4878 cipium,
763 4825 870 4863 non
904 4826 1009 4879 qua
1035 4811 1246 4880 species
1286 4820 1389 4879 est,
1422 4813 1515 4867 sed
1538 4823 1807 4882 quatenus
1836 4829 1932 4882 per
1961 4821 2082 4884 spe-

504 4901 644 4955 ciem
674 4901 945 4971 intelligit,
972 4902 1086 4958 sive
1120 4903 1265 4957 intus
1297 4903 1642 4958 solummodo
1675 4905 1835 4960 sistat
1883 4906 2081 4960 intelli-

502 4993 682 5060 gentia
742 5007 850 5061 qua
909 4991 1238 5063 speculative
1285 5004 1496 5048 tantum
1553 4996 1610 5049 iit
1666 4997 1921 5065 sapiens,
1969 4996 2082 5050 sive

502 5087 664 5138 etiam
693 5087 758 5141 ad
801 5097 952 5141 extra
999 5087 1223 5157 prodeat
1248 5089 1394 5143 unde
1445 5093 1718 5160 practieus
1783 5091 1874 5146 fiat
1906 5101 1958 5146 et
1985 5093 2075 5158 sit,

504 5177 836 5247 huiusmodi,
871 5180 1116 5251 inquam,
1149 5181 1505 5248 intelligibilis
1567 5184 1779 5253 species
1841 5185 2080 5241 hominis

500 5280 586 5324 est
613 5271 962 5342 intelligibilis
994 5273 1133 5327 ratio
1161 5288 1256 5342 per
1278 5290 1441 5344 quam
1462 5290 1672 5339 secuto,
1702 5283 1758 5328 ιιι
1790 5277 1860 5329 ita
1879 5277 2080 5343 dicant,

504 5365 826 5434 colloquitur
850 5365 1122 5420 ltumanus
1160 5366 1486 5432 intellectus,
1516 5375 1569 5420 et
1593 5383 1714 5437 qua:
1769 5369 2082 5422 intellectus

504 5455 723 5520 quidem
763 5466 850 5510 est
872 5458 1177 5526 progenies,
1205 5470 1299 5524 per
1334 5467 1514 5511 actum
1548 5461 1919 5529 intelligentia:
1951 5475 2082 5530 pro-

505 5549 704 5611 prium,
735 5548 964 5618 ejusque
988 5549 1218 5602 dixerim
1280 5550 1540 5616 perfectio
1594 5551 1970 5621 sapientiaque
2029 5559 2083 5604 et

505 5639 721 5691 \vritas.
765 5637 881 5691 Jattt
907 5655 1036 5694 vero
1093 5640 1404 5708 Intelligt-tts
1449 5643 1701 5696 voluntas
1755 5642 2001 5697 eﬂ‘ormat
2030 5648 2081 5697 in

509 5727 720 5778 nomine.
748 5729 1022 5793 spiritum,
1056 5731 1122 5781 de
1161 5745 1268 5796 quo
1297 5731 1500 5784 dicitur
1548 5735 1688 5800 quod
1735 5735 1880 5786 nemo
1931 5738 2069 5789 novit

506 5829 564 5862 ca
599 5830 715 5868 ora:
744 5829 862 5870 sunt
893 5821 1114 5872 hominis
1146 5821 1249 5873 nisi
1271 5823 1482 5875 suiriltts
1504 5823 1728 5877 hominis
1760 5827 1846 5892 qui
1880 5828 1929 5878 iu
1954 5828 2064 5894 ipso

2183 1981 2262 2040 είς
2309 1977 2404 2048 τὴν
2436 1979 2569 2049 ὓλην
2611 1979 2716 2045 ἔξω
2763 1979 3072 2049 τιθέμενον,
3101 1980 3166 2033 ἂν
3196 1979 3437 2033 τοιοῦτον
3575 1979 3765 2048 Φαμὲν

2182 2072 2239 2124 δὲ
2288 2071 2393 2132 ἕως
2450 2069 2518 2124 ἂν
2567 2071 2852 2142 βούληται,
2884 2071 2972 2126 διὰ
3027 2073 3089 2126 τὺ
3118 2073 3208 2126 τὸν
3239 2073 3582 2143 ἀνθρώπινον
3635 2073 3765 2128 νοῦν

2184 2164 2334 2218 δυσὶν
2365 2163 2665 2234 ἐνεργείαις
2712 2161 2853 2218 εἷναί
2882 2183 2940 2218 τε
2989 2171 3085 2219 καὶ
3119 2166 3240 2236 ζῇν,
3272 2169 3342 2236 τῇ
3388 2183 3448 2218 τε
3487 2165 3582 2220 τοῦ
3617 2168 3766 2219 νοεῖν

2186 2256 2281 2309 καὶ
2334 2258 2398 2326 τῇ
2447 2255 2538 2308 τοῦ
2595 2255 2808 2309 θέλειν·
2845 2257 2992 2310 ἔνδον
3045 2258 3195 2328 αὐτῷ
3259 2259 3357 2312 καὶ
3407 2260 3602 2327 νοερᾶς
3661 2261 3766 2327 τῆς

2187 2347 2456 2411 θελήσεως
2489 2345 2655 2416 οὔσης
2687 2346 2879 2417 ὥσπερ
2909 2349 3084 2420 δήπου
3132 2349 3226 2402 καὶ
3247 2349 3355 2415 ’τῆς
3404 2350 3663 2420 νοήσεως,
3696 2351 3764 2403 αἱ

2188 2438 2330 2490 κατᾶ
2379 2439 2637 2508 διάφορον
2695 2440 2994 2510 ἀπόϐλεψιν
3027 2440 3283 2512 δάφορον
3339 2441 3492 2507 τάξιν
3543 2441 3765 2510 ἔχουσιν

2186 2530 2244 2581 ὲν
2277 2528 2354 2598 τῷ
2402 2529 2498 2598 νῷ.
2531 2530 2781 2584 Μάλιστα
2832 2532 2931 2599 μὲν
2980 2532 3089 2602 γὰρ
3143 2533 3385 2604 προτέρα
3443 2533 3520 2602 τῷ
3555 2533 3696 2602 λόγῳ
3733 2535 3767 2601 ή

2184 2611 2391 2691 νόησιξ,
2427 2623 2458 2691 ή
2489 2621 2546 2674 δὲ
2589 2621 3052 2692 θέλητιςέπεται.
3089 2625 3242 2679 Ἔστι
3278 2625 3323 2678 δ’
3375 2625 3467 2679 ὅτε
3514 2626 3766 2694 προτέρα

2183 2714 2283 2780 τῆς
2315 2710 2555 2784 νοήσεως
2586 2715 2617 2784 ή
2667 2714 2887 2779 θέλησις
2913 2731 2928 2747 ·
2966 2717 3026 2768 οὐ
3060 2717 3170 2784 γὰρ
3216 2716 3361 2770 θέλει
3401 2719 3560 2786 μόνον
3597 2717 3633 2771 ἃ
3662 2717 3767 2786 δή·

2188 2821 2316 2858 ποτε
2362 2809 2474 2858 νοεῖ
2501 2809 2530 2859 ό
2568 2807 2908 2876 ἀνθρώπινος
2944 2807 3089 2874 νοῦς,
3124 2811 3256 2863 ἀλλά
3297 2814 3392 2865 καὶ
3435 2815 3544 2866 νοεῖ
3574 2831 3690 2875 πως
3729 2813 3768 2866 ἀ

2187 2895 2330 2949 θέλει
2353 2913 2367 2927 ο
2403 2899 2672 2952 καὶτοῦτο
2703 2899 2803 2970 μὲν
2845 2901 3312 2955 πλειόνωνδεῖται
3344 2903 3539 2972 λόγων,
3567 2905 3668 2974 τὴν
3703 2905 3768 2958 δὲ

2186 2987 2284 3042 νῦν
2314 2988 2739 3055 ὑπερϐαίνοντος
2789 2992 2978 3062 χρείαν
3027 2993 3124 3046 ἐπὶ
3163 2993 3224 3046 τὸ
3254 2996 3610 3066 προκείμενον
3660 2997 3771 3066 βαι-

2186 3081 2466 3152 διούμεθα.
2521 3083 2580 3137 Ὀ
2631 3087 2810 3137 τοίνυν
2861 3086 3208 3157 ἀνθρώπινος
3255 3088 3379 3153 νοῦς
3421 3092 3535 3142 νοεῖ
3565 3089 3666 3158 μὲν
3696 3093 3772 3143 τὰ

2187 3174 2327 3246 ὑπὲρ
2383 3175 2568 3240 αὑτὸν,
2610 3176 2718 3240 ἕως
2760 3177 2826 3231 ἂν
2869 3179 2928 3231 ὲν
2977 3179 3055 3248 τῷ
3115 3180 3330 3250 σώματι
3365 3178 3421 3255 ᾖ,
3468 3181 3764 3251 ἀμυδρῶς,
3841 3183 3843 3185 ’

2185 3266 2400 3332 ἀληθῶς
2439 3267 2624 3336 μέντοι
2661 3270 2754 3322 καὶ
2790 3269 2865 3333 ὡς
2889 3270 2966 3356 .Ev
3016 3287 3125 3325 τινι
3173 3272 3271 3342 τῆς
3311 3273 3433 3326 κατ’
3461 3273 3601 3328 αύτά
3626 3274 3767 3346 ἀλη-

2185 3359 2334 3429 θείας
2363 3360 2552 3424 εἰκόνι,
2578 3362 2626 3414 εί
2661 3365 2786 3424 ταῖς
2831 3363 3064 3426 οἶκείαις
3111 3365 3206 3417 καὶ
3242 3365 3532 3434 ἀληθεύειν
3561 3365 3763 3436 ἀρχαῖς

2182 3452 2280 3520 τῆς
2319 3451 2574 3521 τοιαύτης
2619 3454 2865 3523 σκέψεως
2917 3455 3123 3519 ἕποιτο,
3167 3455 3196 3510 ὅ
3242 3457 3349 3510 τῶν
3383 3457 3766 3512 εὐσεϐούντων

2185 3546 2314 3613 περὶ
2355 3544 2423 3596 τὰ
2473 3544 2589 3596 θεῖα
2647 3545 2826 3614 μόνων
2879 3547 3050 3609 ἐστὶν,
3093 3548 3254 3619 σοφίᾳ
3310 3567 3370 3602 τε
3426 3548 3618 3618 ἀληθεῖ
3667 3556 3765 3606 καὶ

2185 3638 2446 3705 φρονήσει
2492 3636 2930 3707 κυῦῖρνωμένων
2988 3641 3365 3709 Φυσικὼτερον
3415 3643 3472 3696 δὲ
3515 3643 3765 3714 διαλεγό-

2187 3744 2339 3794 μενοι
2371 3727 2465 3779 νῦν
2495 3729 2555 3780 οὐ
2588 3728 2822 3799 λέγομεν
2869 3731 2998 3800 περὶ
3029 3730 3138 3784 τῶν
3178 3734 3320 3786 κατὰ
3359 3733 3510 3787 θείαν
3548 3737 3764 3790 ἀποκά-

2182 3818 2340 3887 λυψιν
2373 3820 2428 3872 ὲν
2455 3820 2567 3883 τοῖς
2601 3821 2778 3888 ἁγίοις
2815 3822 3058 3891 νοήσεων
3082 3837 3095 3852 ⁸
3129 3825 3241 3876 νοεῖ
3281 3825 3338 3878 δὲ
3369 3826 3462 3878 καὶ
3499 3827 3569 3879 τά
3602 3826 3766 3898 αὐτῷ

2185 3910 2445 3980 σύστοιχα
2485 3911 2690 3982 σπουδῇ
2733 3913 2828 3965 καὶ
2881 3913 3118 3984 μαθήσει
3155 3917 3251 3969 καὶ
3295 3916 3534 3988 εὑρέσει,
3561 3918 3657 3972 τὸν
3699 3921 3761 3972 ἐν

2182 3999 2332 4069 αὐτῷ
2373 4002 2475 4068 τῆς
2519 4001 2774 4067 γνώσεως
2818 4003 3066 4070 ἐξάπτων
3113 4007 3410 4078 σπινθῆρα,
3442 4008 3540 4060 καὶ
3581 4009 3762 4063 ταῦτα

2181 4091 2236 4144 δὲ
2273 4091 2618 4164 τελειοτέρως
2647 4096 2762 4146 νοεῖ
2783 4094 2856 4156 ὡς
2888 4099 2956 4167 τῇ
2991 4096 3157 4151 αὐτοῦ
3188 4100 3452 4170 σύστοιχα
3494 4101 3764 4171 δυνάμει“

2181 4187 2289 4253 ὅσῳ
2331 4185 2386 4239 δὲ
2442 4188 2884 4260 σπουδαιότερον,
2932 4191 3176 4264 τοσούτῳ
3234 4194 3327 4247 καὶ
3386 4195 3762 4267 τελεώτερον·

2181 4277 2506 4348 τελεώτερον
2549 4279 2594 4332 δ’
2637 4279 2716 4332 ἔτι
2751 4284 2864 4334 νοεῖ
2890 4283 2959 4336 τά
2999 4285 3174 4338 οἰκεία
3202 4284 3360 4354 ἔργα,
3396 4287 3471 4348 ὡς
3500 4287 3561 4340 οὗ
3597 4289 3769 4358 μόνον

2183 4372 2556 4440 γεγεννημένα
2581 4371 2741 4438 νοῶν,
2770 4373 2906 4428 ἀλλά
2941 4376 3036 4427 καὶ
3070 4375 3202 4446 πρὶν
3245 4375 3552 4446 ὑποστῆσαι
3581 4378 3766 4432 ταῦ-α

2184 4460 2450 4530 νενοηκὼς
2483 4463 2558 4526 ὡς
2587 4466 2681 4518 καὶ
2711 4464 2857 4534 ἔργῳ
2883 4465 3322 4537 ύποστησόμενα,
3343 4468 3440 4519 καὶ
3471 4467 3560 4520 διὰ
3600 4469 3766 4521 τοῦτο

2111 4569 2158 4628 υ
2189 4553 2388 4620 μᾶλλον
2415 4552 2638 4626 ὕστερον
2669 4555 3005 4626 ὑποστήσας,
3034 4556 3170 4609 διότι
3215 4559 3440 4626 νένόηκε
3493 4560 3770 4630 πρότερον

2184 4646 2257 4706 ὡς
2283 4643 2378 4696 ὡδί
2425 4663 2540 4708 πως
2580 4646 3022 4716 ύποστησόμενα,
3057 4647 3131 4699 Τὸ
3174 4647 3278 4718 μὲν
3309 4643 3402 4720 οῦν
3452 4651 3510 4701 ἐν
3553 4651 3630 4720 τῷ
3663 4653 3760 4704 ἀν-

2185 4735 2440 4806 θρωπίνῳ
2482 4737 2557 4804 νῷ
2603 4737 2794 4808 νοητὸν
2837 4733 2998 4803 εἶδος,
3027 4738 3055 4792 ὃ
3085 4739 3180 4807 τῆς
3236 4740 3294 4792 ἐν
3343 4740 3492 4810 αύτῷ
3523 4744 3768 4812 νοήπιῦς

2184 4830 2331 4881 ἐστιν
2364 4829 2654 4901 ἀρχὴ..ούχ
2779 4831 2839 4884 τὸ
2869 4826 3028 4897 εἶδος,
3065 4832 3182 4885 ἀλλ’
3315 4832 3393 4902 τῷ
3441 4833 3572 4886 εἴδει
3623 4837 3769 4898 νοεῖ,

2184 4919 2284 4972 εἴτ’
2325 4919 2472 4972 ἔνδον
2529 4920 2694 4990 μόνον
2723 4922 2821 4992 τῆς
2857 4922 3099 4992 νοήσεως
3149 4922 3337 4993 οὔσης,
3381 4916 3414 4995 ᾖ
3451 4922 3615 4993 σοφὸς
3665 4925 3771 4976 καὶ

2184 5010 2517 5079 θεωρητικδς
2551 5011 2760 5079 γίνεται
2792 5011 2973 5080 μόνον,
3007 5014 3119 5067 εἴτε
3163 5015 3261 5067 καὶ
3309 5015 3415 5080 ἔξω
3444 5013 3767 5085 προϊούσης,

2183 5101 2306 5152 καθ’
2332 5101 2400 5171 ἢν
2446 5108 2540 5154 καὶ
2566 5106 2870 5172 πρακτικός
2899 5108 3015 5158 ἐστι
3041 5108 3136 5159 καὶ
3169 5108 3400 5172 γίνεται,
3424 5107 3486 5160 τδ
3517 5107 3769 5160 τοιοῦτον

2183 5192 2330 5245 ἅπαν
2367 5195 2558 5263 νοητὸν
2609 5191 2750 5258 εἶδος
2801 5198 2830 5250 ό
2880 5199 3072 5269 νοητὸς
3125 5198 3220 5252 τοῦ
3278 5199 3568 5270 ἀνθρώπου
3605 5201 3772 5268 λόγος

2183 5287 2322 5350 ἐστὶ,
2369 5287 2436 5339 δι’
2483 5279 2544 5340 οῦ
2599 5289 2730 5359 πρὸς
2779 5290 2971 5344 ἑαυτὸν
3011 5292 3084 5353 ὡς
3124 5295 3300 5346 εἰπεῖν
3345 5294 3373 5345 ό
3422 5292 3773 5363 ἀνθρώπινος

2183 5379 2492 5446 διαλέγεται
2537 5380 2680 5446 νοῦς,
2713 5383 2958 5452 γέννημα
3009 5384 3108 5453 μὲν
3155 5383 3230 5435 ὢν
3272 5382 3368 5437 τοῦ
3402 5383 3490 5437 νοῦ
3531 5385 3618 5437 διὰ
3661 5383 3774 5451 τῆς

2186 5473 2329 5524 κατὰ
2357 5472 2456 5540 τὴν
2490 5473 2677 5542 νόησιν
2721 5475 3024 5542 ἐνεργείας,
3057 5476 3338 5546 τελειότης
3368 5477 3424 5530 δὲ
3473 5476 3640 5529 αὑτοῦ
3669 5481 3777 5530 καὶ

2186 5565 2344 5630 copia
2378 5558 2489 5615 οἷον
2514 5567 2689 5617 εἰπεῖν
2724 5566 2815 5618 καὶ
2845 5565 3096 5636 ἀλήθεια.
3137 5566 3201 5620 'H
3247 5567 3302 5620 δὲ
3342 5568 3503 5637 νοερὰ
3533 5567 3763 5636 θέλησις

2184 5655 2245 5705 τὸ
2269 5657 2326 5705 ἐν
2351 5653 2628 5725 ἀνθρώπῳ
2655 5641 2871 5726 πνεῦμα
2913 5661 3132 5728 μορφοί,
3168 5660 3293 5728 περὶ
3325 5652 3385 5711 οὗ
3417 5660 3652 5726 λέγεται,
3687 5656 3777 5718 ὡς

2185 5746 2362 5807 οὖδεὶς
2395 5743 2501 5797 οἶδε
2535 5750 2601 5798 τὰ
2635 5746 2726 5799 τοῦ
2755 5749 3068 5817 ἀνθρώπου,
3114 5752 3164 5802 εί
3213 5753 3288 5820 μή
3321 5750 3379 5803 τὸ
3412 5750 3625 5818 πνεῦμι
3667 5747 3775 5799 ττι-ὖ

2188 5835 2476 5899 ἀνθρώπου
2515 5837 2569 5887 τὸ
2591 5837 2878 5890 κατοικοῦν
2911 5840 2966 5890 ἐν
3010 5840 3158 5910 αύτῴ
3187 5856 3200 5868 ·
3244 5843 3333 5893 καὶ
3363 5837 3568 5908 ἐστινὴ
3603 5839 3776 5903 νοερὰ
