4062 6448
452 486 562 551 589

1510 478 1610 539 DE
1654 477 1803 539 DEO
1846 475 1927 535 IN
1970 472 2391 535 TRINITATE
2430 472 2609 533 UNO.

3612 473 3719 539 59)

446 599 669 668 θέλησις
712 592 849 663 αῦτη
884 592 1225 647 διατείνουσα
1273 588 1375 659 μὲν
1418 596 1519 667 καὶ
1571 590 1707 660 πρὸς
1735 587 1899 641 αὑτὸν
1932 586 2023 639 τὸν

2154 584 2380 648 ιαῡίιαι;
2441 583 2560 651 ipsa
2612 590 2792 636 autem
2844 584 3100 640 voluntas
3171 584 3481 654 inti-Il’ge..s
3542 588 3722 641 leniit.

446 691 597 743 νοῦν.
629 688 782 742 Θέλει
828 687 935 757 γὰρ
966 684 1159 741 ἑαυτὸν
1188 685 1216 737 ὁ
1246 682 1393 749 νοῦς,
1428 682 1618 752 ὥσπερ
1666 681 1730 750 δὴ
1764 681 1859 734 καὶ
1888 682 2023 744 νοεῖ,

447 784 541 835 καὶ
578 780 638 834 τὸ
671 780 872 832 οἰκεῖον
899 776 1101 845 ἀγαθὸν
1130 775 1299 841 θέλει,
1326 774 1451 828 ἐπεὶ
1475 775 1612 845 πρὸς
1640 772 1701 826 τὸ
1734 772 1959 843 θελητὸν
1989 773 2022 842 ή

448 873 696 941 θέλησις,
729 869 804 932 ὡς
857 870 889 939 ή
933 868 1117 939 νόησις
1152 866 1288 936 πρὸς
1334 866 1394 918 τὸ
1418 866 1609 933 νοητὸν
1640 864 1865 933 φέρεται
1887 879 1899 894 ³
1932 864 2027 915 καὶ

451 960 528 1022 ὡς
555 961 672 1012 ἐκεῖ
695 958 883 1028 νοητόν
913 958 1029 1009 ἐστι
1062 956 1314 1026 τάληθὲς,
1351 954 1497 1009 οὕτω
1537 954 1762 1025 θελητὸν
1790 952 2025 1006 ἐνταῦθα

452 1051 514 1103 τὸ
544 1048 769 1116 ἀγαθόν.
809 1047 903 1110 Ὠς
950 1042 1043 1100 οὖν
1069 1047 1128 1100 τὸ
1167 1048 1367 1101 οίκείον
1394 1045 1599 1113 ἀγαθὸν
1647 1047 1815 1099 θέλων
1840 1047 1871 1098 6
1906 1045 2031 1108 νοῦς

454 1138 564 1189 νοεῖ
596 1137 687 1187 καὶ
718 1135 907 1197 Θέλων,
942 1139 1018 1198 ὡς
1045 1136 1281 1206 εἴρηται,
1319 1135 1601 1189 τελείωσιν
1644 1135 1802 1200 εἰδὼς
1832 1134 2029 1189 ἑαυτοῦ

453 1230 552 1296 τὴν
590 1227 772 1295 νόησιν
800 1222 1004 1279 οὖσαν·
1053 1227 1310 1280 διατείνει
1367 1227 1466 1297 μὲν
1522 1223 1616 1281 οὖν
1663 1228 1890 1298 ἡνοερά
1935 1225 2030 1280 τοῦ

458 1315 743 1385 ἀνθρώπου
773 1315 1114 1385 θέλησις’καὶ
1154 1316 1290 1385 πρὸς
1313 1317 1477 1371 αὐτὸν
1508 1316 1601 1370 τὸν
1632 1316 1857 1370 νοοῦντα
1880 1315 2029 1381 νοῦν,

459 1408 596 1461 ἀλλὰ
631 1408 867 1476 μάλιστα
913 1408 1053 1477 πρὸς
1098 1407 1166 1461 τὰ
1197 1408 1332 1479 ἔργα
1382 1410 1545 1462 αὑτοῦ
1602 1408 1698 1461 καὶ
1750 1408 2031 1482 ποιήματα

456 1498 735 1564 διατείνει,
763 1501 863 1553 κάν
892 1498 1100 1564 τούτοις
1132 1500 1371 1570 μάλιστα
1418 1502 1655 1571 ἐνεργεῖ,
1688 1501 1790 1555 κάν
1822 1502 2034 1565 τούτοις

466 1590 704 1659 μάλιστα
733 1590 1094 1658 διαφαίνεται.

536 1683 611 1737 Τὸ
634 1684 732 1754 μὲν
765 1683 857 1736 οῦν
884 1684 1225 1755 ἀνθρώπειον
1248 1687 1438 1755 χρῆμα
1464 1683 1707 1738 τοιοῦτον
1736 1684 2041 1756 συλλήϐδην

464 1777 682 1830 εἰπεῖν*
742 1776 936 1829 πολλοῦ
995 1776 1105 1848 γὰρ
1163 1775 1333 1829 ταῦτα
1397 1781 1559 1846 γέμει
1630 1777 1724 1849 τοῦ
1801 1778 2045 1841 πλάτους

468 1866 748 1938 προῦργου
796 1866 1165 1937 σκοπούμενα,
1214 1870 1306 1922 καὶ
1344 1869 1583 1932 τοιοῦτος
1630 1870 1658 1921 ὀ
1694 1870 2042 1939 ἀνθρώπινος

2132 675 2296 730 etiam
2357 673 2423 727 ad
2471 675 2721 729 eumdem
2776 674 3133 730 intellectum.
3170 674 3535 747 Semetipsum
3579 679 3725 734 enini

2132 766 2249 821 vult
2280 765 2590 822 intellectus
2623 767 2769 822 sicut
2817 776 2873 821 et
2918 769 3068 822 novit
3127 777 3181 823 et
3236 770 3543 839 proprium,
3610 771 3726 824 vult

2135 858 2374 925 bonum;
2403 856 2675 926 siquidem
2713 858 2965 911 voluntas
3016 858 3086 912 ad
3134 860 3501 913 voluntarium
3557 861 3729 917 fertur

2135 951 2279 1006 sicut
2305 949 2625 1003 intellectus
2653 953 2718 1003 ad
2744 948 3109 1018 intelligibile.
3144 949 3304 1017 Atqui
3333 958 3389 1002 ut
3438 950 3548 1005 illic
3575 952 3732 1004 intel-

2140 1041 2349 1111 ligibile
2381 1050 2467 1095 est
2507 1056 2721 1103 verum,
2754 1040 2823 1093 ita
2865 1051 2919 1094 et
2955 1040 3041 1093 hic
3106 1041 3468 1093 voluntarium
3525 1044 3725 1095 licitum

2140 1141 2247 1185 est.
2280 1130 2566 1199 Tanquam
2600 1130 2767 1199 igitur
2808 1132 3085 1198 proprium
3120 1130 3321 1183 bonum
3357 1130 3543 1183 volens
3578 1132 3736 1183 intel-

2136 1221 2311 1276 lectus
2330 1222 2527 1293 (sese?)
2552 1222 2697 1276 novit
2714 1234 2767 1277 et
2788 1223 2921 1285 vult,
2940 1224 3081 1275 sicut
3100 1223 3304 1275 dictum
3328 1234 3428 1284 est,
3449 1224 3595 1277 scius
3618 1238 3739 1291 [wr-

2141 1311 2599 1370 l'ectionemlsuam
2614 1313 3185 1382 esseintelligentiam.
3204 1313 3372 1367 Porro
3388 1312 3736 1366 ιοιιιιίιοιίιιςιι

2141 1404 2713 1479 intelligens/hominis
2748 1408 3000 1461 voluntas
3049 1405 3114 1457 ad
3168 1405 3348 1474 ipsum
3399 1420 3737 1475 cognoscen-

2144 1506 2248 1550 tem
2273 1498 2632 1563 intellectum,
2656 1497 2749 1552 sed
2773 1497 3071 1566 praesertim
3098 1496 3163 1549 ad
3191 1506 3343 1551 actus
3358 1508 3409 1549 et
3430 1513 3588 1565 opera
3612 1512 3734 1574 sua,

2144 1587 2376 1653 atquein
2394 1586 2498 1639 illis
2525 1586 2862 1653 potissinmm
2888 1584 2996 1654 agit
3020 1594 3071 1638 et
3093 1585 3443 1653 potissimum
3482 1597 3731 1653 apparet.

2219 1676 2424 1730 Idcirco
2457 1677 2719 1746 quidquid
2752 1680 2820 1731 de.
2880 1675 3102 1731 homine
3152 1687 3234 1730 est
3290 1677 3369 1730 sic
3419 1680 3733 1730 summatim

2144 1769 2454 1840 colligitur;
2485 1770 2588 1824 ista
2620 1771 2765 1825 enim
2813 1770 2951 1826 scite
2998 1771 3341 1825 considerata
3401 1771 3567 1824 multa
3623 1772 3737 1840 pol-

2150 1861 2262 1914 lent
2302 1862 2699 1932 amplitudine;
2755 1872 2809 1916 ct
2864 1862 3115 1916 humanae
3175 1850 3383 1917 mentis
3433 1864 3572 1916 ratio
3625 1864 3738 1916 lure

464 1962 609 2023 νοῦς.
646 1960 722 2030 νῷ
751 1962 846 2014 καὶ
874 1961 1051 2031 νοητῷ
1076 1961 1221 2033 λόγῳ
1249 1963 1342 2015 καὶ
1376 1965 1537 2033 νοερᾷ
1568 1963 1782 2034 θελήσει
1813 1966 1845 2038 ἢ
1872 1964 2049 2036 νοητῷ

2154 1964 2239 2009 est
2278 1971 2293 2007 :
2332 1956 2634 2021 intellectu,
2681 1955 3001 2027 intelligibili
3038 1956 3248 2011 ratione
3307 1966 3359 2009 et
3414 1954 3733 2024 inti-iligvnti

467 2055 670 2124 μᾶλλον
697 2054 861 2124 ἔρωτι
896 2055 994 2125 τὴν
1030 2055 1170 2109 ἰδίαν
1198 2056 1516 2127 τελειότητα
1539 2058 1682 2129 ἔχων
1711 2060 1809 2115 καὶ
1833 2060 2048 2125 τούτοις

463 2144 932 2216 διαμορφούμενος
963 2147 1167 2216 νοητῶς
1192 2150 1307 2211 τοῖς
1345 2152 1527 2219 τρισὶν
1565 2151 1877 2220 ίδιώμασιν.
1908 2154 2051 2205 Ταυ-

467 2233 557 2286 τὸν
586 2234 640 2286 δέ
684 2237 797 2287 ἐστι
828 2234 952 2287 νοῦν
1000 2236 1343 2307 ἀνθρώπινον
1376 2240 1556 2293 εἰπεῖν
1606 2241 1704 2293 καὶ
1745 2241 1925 2312 ψυχὴν
1954 2242 2050 2294 ἀν-

467 2324 768 2394 θρωπίνην,
812 2325 1221 2403 ἐξηπλωμένωςὶ
1273 2328 1372 2399 μὲν
1428 2328 1521 2382 τοῦ
1577 2329 1694 2397 νοῦ,
1752 2334 2049 2386 συνεσταλ-

466 2416 644 2487 μένως
676 2416 733 2469 δὲ
764 2416 865 2482 τῆς
910 2416 1089 2487 ψυχῆς
1138 2419 1485 2488 νοουμένων·
1538 2423 1737 2475 ταυτόν
1788 2423 1851 2477 τέ
1903 2427 2051 2479 ἐστιν

465 2508 815 2579 ἀνθρωπίνην
842 2510 1021 2579 ψυχὴν
1066 2510 1162 2562 καὶ
1201 2510 1493 2582 ἄνθρωπον
1524 2514 1690 2582 φάναι
1718 2516 1945 2585 κυρίως,
1976 2518 2053 2581 ὡς

467 2599 681 2669 εἴρηται
708 2600 995 2670 πρότερον.
1034 2600 1195 2654 Ἀ).λά
1228 2601 1334 2672 μὴν
1377 2602 1444 2655 ὲκ
1475 2603 1575 2671 τῆς
1606 2603 1832 2678 πρώτης
1869 2609 2050 2670 αἰτίας

465 2689 754 2760 ἄνθρωπος
804 2689 1023 2744 ᾶπαντα
1067 2690 1243 2745 ταῦτα
1273 2694 1372 2747 καὶ
1401 2695 1494 2747 τοῦ
1531 2698 1903 2767 πεποιηκότος
1934 2699 2050 2769 ἔχει

463 2779 625 2846 Θεοῦ,
657 2778 794 2834 ὥστε
841 2781 984 2835 κατὰ
1014 2784 1081 2836 τά
1111 2781 1169 2847 ἐξ
1197 2785 1372 2855 ἀρχῆς
1421 2787 1815 2859 ὑποτεθειμένα
1867 2793 2051 2863 πολλῴ

472 2872 669 2942 μᾶλλον
698 2876 725 2926 ὁ
754 2874 884 2938 Θεὸς
932 2873 1108 2929 ταῦτα
1154 2876 1340 2941 ἀϊδίως
1389 2878 1501 2948 ἔχει
1537 2884 1626 2934 καὶ
1676 2884 1941 2954 συμφυῶς
1972 2887 2051 2949 είς

467 2962 799 3032 ὑψηλότερον
852 2964 1146 3036 ἀπειράκις
1196 2968 1420 3037 τρόπον,
1457 2969 1534 3033 ώς
1588 2972 1807 3045 εἴρηταί
1861 2992 1922 3028 τε
1957 2979 2053 3031 καὶ

468 3054 665 3106 αὐτίκα
699 3054 900 3124 μᾶλλον
942 3057 1314 3128 δειχθήσεται.
1360 3060 1674 3116 Κάντεῦθὲν
1715 3066 1841 3119 ἐστι
1869 3065 1930 3119 τὸ
1959 3070 2051 3120 τὸν

465 3143 755 3212 ἄνθρωπον
793 3147 913 3200 κατ’
958 3148 1143 3201 εἰκόνα
1194 3149 1338 3203 Θεοῦ
1374 3152 1468 3204 καὶ
1505 3153 1771 3222 ὁμοίωσιν
1797 3155 2051 3225 λέγεσθαι

465 3238 849 3308 γεγεννῆσθαι,
880 3241 960 3294 ὅτι
1006 3243 1073 3311 τῇ
1122 3242 1181 3295 ἐν
1211 3242 1362 3313 αὐτῷ
1398 3245 1590 3315 Τριάδι
1628 3247 1817 3301 τοῦτον
1854 3251 1884 3303 ὁ
1915 3251 2051 3315 Θεὸς
2082 3279 2123 3338 ε

468 3331 798 3399 ἀφωμοίωσε
823 3348 839 3363 ·
873 3332 966 3386 καὶ
1010 3333 1101 3387 διὰ
1149 3333 1307 3389 τοῦτο
1344 3336 1523 3401 καλῶς
1559 3338 1668 3393 ἀπὸ
1710 3341 1817 3410 τῆς
1842 3344 2052 3408 εἰκόνος

464 3423 561 3477 ἐπὶ
594 3424 655 3477 τὸ
687 3425 1039 3496 παράδειγμα
1070 3428 1139 3480 τὰ
1172 3428 1441 3499 εἰρημένα
1472 3433 1602 3503 περὶ
1642 3433 1815 3505 αὐτῆς
1841 3436 1923 3489 δεῖ
1954 3455 2048 3507 με·

466 3516 749 3585 ταφέρειν,
791 3517 1186 3591 ἐναργέστερον
1243 3521 1361 3573 ἐκεῖ
1412 3523 1508 3575 καὶ
1558 3526 1889 3596 οἰκειότερον
1936 3529 2054 3599 ἅμα

465 3606 889 3677 θεολογούμενα,
917 3611 994 3674 ὡς
1048 3614 1162 3673 τοῖς
1194 3610 1537 3678 διδασκάλοις
1580 3616 1682 3684 τῆς
1726 3619 2054 3691 Ἐκκλησίας

466 3702 796 3770 κηρύττεται
860 3702 983 3756 καθ’
1042 3705 1285 3775 ἡμέραν.
1352 3704 1512 3759 Ἐστι
1567 3710 1676 3780 γὰρ
1728 3711 1757 3764 ὁ
1808 3707 1889 3777 εἷς
1957 3719 2054 3770 καὶ

469 3793 842 3858 ἀπλούστατος
869 3796 1012 3850 κατά
1038 3798 1203 3867 φύσιν
1242 3799 1374 3865 Θεὸς
1404 3802 1501 3854 καὶ
1530 3803 1626 3856 τοῦ
1661 3806 1863 3869 παντὸς
1896 3806 2049 3860 τοῦδε

472 3888 631 3953 μόνος
660 3887 986 3957 δημιουργὸς
1028 3891 1171 3945 κατὰ
1200 3891 1297 3962 τὴν
1332 3893 1442 3945 τῶν
1476 3892 1637 3948 θείων
1684 3895 1882 3964 λογίων
1915 3898 2055 3969 ὑφή-

466 3994 632 4047 γησιν
682 3980 839 4047 τριάς
890 3980 1172 4052 ίδιοτήτων
1226 3983 1323 4037 καὶ
1383 3985 1758 4051 ὁποστάσεων,
1790 3991 1953 4060 νοερά
1997 3991 2056 4043 δὲ

468 4070 627 4140 τριὰς
653 4070 731 4140 τῷ
770 4070 971 4142 πρώτῳ
1025 4074 1101 4143 νῷ
1136 4075 1234 4129 καὶ
1262 4076 1461 4140 παντὸς
1508 4078 1667 4145 αἰτίῳ
1702 4081 1926 4133 κτιστοῦ
1961 4081 2055 4135 νοῦ

472 4161 780 4229 πρέπουσα,
809 4164 836 4215 ό
869 4163 1013 4227 θεῖος
1046 4165 1172 4229 νοῦς
1214 4167 1481 4237 δηλονότι,
1514 4172 1609 4223 καί
1661 4173 1690 4224 ό
1730 4174 1917 4240 νοητὸς
1955 4176 2057 4226 αὐ-

472 4250 565 4303 τοῦ
597 4252 753 4320 λόγος
793 4256 1004 4326 κιρπὸς
1052 4258 1295 4327 ἔμφυτος
1324 4261 1421 4330 τῆς
1468 4261 1562 4315 τοῦ
1598 4263 1898 4335 ἀγεννήτου
1935 4267 2057 4336 νοή-

475 4355 612 4403 σεως
641 4343 756 4409 νοῦ,
790 4350 883 4397 καὶ
911 4348 939 4398 ὁ
973 4347 1163 4416 νοητὸς
1193 4347 1335 4420 ἔρως
1365 4354 1578 4420 καρπὸς
1608 4354 1709 4419 τῆς
1737 4356 1928 4423 νοερᾶς
1961 4356 2057 4408 τοῦ

474 4447 691 4500 πρωτου
734 4435 825 4487 νοῦ
876 4436 970 4489 καὶ
1012 4436 1298 4510 ὲνδοτέρας
1327 4439 1621 4511 Θελήσεως.
1661 4444 1808 4508 Νοῦς
1839 4446 1947 4515 γὰρ
1978 4446 2057 4499 ὢν

472 4523 501 4574 ὁ
531 4524 665 4587 Θεὸς
696 4525 1002 4591 σοφώτατός
1031 4546 1090 4582 τε
1120 4529 1214 4583 καὶ
1254 4530 1610 4598 ἁγαθώτατος
1635 4536 1744 4588 οὐδ’
1774 4537 1839 4590 ἐκ
1872 4538 1970 4606 τῆς
2001 4539 2058 4589 ὲν

2154 2048 2432 2101 voluntate
2467 2062 2565 2102 seu
2601 2049 2782 2117 potius
2824 2047 3151 2119 intelligibili
3218 2064 3404 2102 amore
3459 2048 3734 2117 propriam

2159 2128 2548 2210 perfectionem
2582 2141 2895 2210 assequitur
2923 2150 2978 2195 ct
3017 2140 3196 2195 tribus
3240 2142 3347 2195 illis
3381 2143 3737 2210 proprietati-

2156 2232 2257 2284 bus
2288 2231 2699 2301 iutclligibilucr
2760 2231 3103 2286 efformatur.
3151 2231 3270 2287 Jam
3313 2247 3443 2284 vero
3475 2230 3619 2285 idem
3650 2240 3736 2285 est

2154 2320 2339 2375 dicere
2370 2322 2669 2374 liunmuum
2710 2321 3046 2377 intellectum
3082 2335 3245 2393 atque
3275 2324 3567 2377 humanam
3620 2323 3740 2377 aui-

2156 2429 2321 2479 mam,
2352 2413 2609 2483 explicito
2638 2414 2859 2483 quidem
2878 2413 3153 2469 intellectu
3177 2416 3412 2485 cognito,
3464 2415 3735 2470 collectim

2156 2516 2338 2561 autem
2361 2508 2563 2560 anima.
2597 2506 2743 2561 Idem
2778 2522 2975 2564 rursus
3022 2509 3201 2563 anima
3239 2508 3475 2563 humana
3522 2511 3740 2580 proprie

2157 2598 2357 2652 dicitur
2384 2606 2547 2668 atque
2594 2599 2775 2664 homo,
2828 2607 2889 2652 ut
2951 2600 3064 2670 jam
3124 2602 3400 2669 superius.
3438 2601 3652 2657 Atenim
3710 2617 3741 2654 a

2160 2690 2335 2759 prima
2364 2705 2534 2746 causa
2564 2700 2620 2747 et
2667 2692 2950 2747 conditore
2991 2691 3100 2748 Deo
3141 2694 3253 2747 hinc
3284 2696 3463 2749 omnia
3503 2695 3742 2764 po-sidet

2158 2783 2356 2847 homo;
2411 2784 2551 2837 adeo
2609 2791 2701 2854 ιιι,
2745 2782 2899 2853 juxta
2931 2799 3054 2854 qute
3110 2784 3269 2838 initio
3323 2800 3737 2855 proposueram,

2158 2874 2327 2927 multo
2350 2875 2522 2945 magis
2555 2876 2606 2929 in
2636 2875 2740 2930 Deo
2772 2876 2882 2930 sint
2944 2876 3296 2931 invisibiliter
3328 2888 3382 2931 et
3409 2892 3740 2949 caugenere,

2158 2965 2321 3035 idque
2374 2966 2585 3021 inlinite
2650 2967 2958 3023 subiimiori
3001 2969 3185 3024 modo.
3249 2969 3405 3037 Quod
3454 2973 3744 3039 hucusque

2157 3052 2363 3108 dictum
2397 3063 2503 3122 est,
2529 3054 2705 3110 fusius
2737 3068 3000 3127 prteterea
3059 3060 3563 3118 demonstrandum.
3600 3064 3741 3119 llinc

2159 3145 2343 3215 itaque
2364 3148 2608 3201 exeritur
2634 3149 2909 3205 hominem
2943 3152 3009 3205 ad
3043 3152 3333 3223 imaginem
3389 3164 3442 3209 et
3488 3156 3745 3212 similitu-

2157 3237 2341 3293 dinem
2373 3239 2464 3293 Dci
2491 3255 2613 3295 esse
2634 3241 2863 3308 factum,
2899 3245 3043 3312 quod
3080 3244 3231 3298 illmn
3295 3245 3437 3301 licus
3490 3246 3742 3303 Trinitati

2154 3345 2275 3399 qua:
2304 3329 2358 3383 iu
2384 3330 2504 3400 ipso
2529 3340 2613 3386 est
2632 3332 2869 3388 similem
2900 3335 3229 3391 ell'ormavit.
3254 3339 3494 3408 Ideoque
3524 3356 3583 3394 ex
3609 3342 3748 3395 ima-

2156 3421 2279 3488 gine
2309 3437 2655 3493 quaecunque
2688 3424 2755 3479 dc
2787 3441 2847 3481 ea
2880 3427 3141 3484 dicuntur
3177 3432 3241 3484 ad
3312 3434 3591 3502 exemplar
3614 3444 3743 3489 sunt

2156 3511 2462 3580 referenda,
2490 3516 2798 3571 evidentius
2830 3532 2894 3573 ac
2919 3522 3178 3592 proprius
3215 3523 3281 3576 de
3310 3523 3417 3577 Deo
3445 3527 3747 3595 theologica

2159 3609 2297 3664 rata,
2331 3611 2389 3653 ut
2422 3605 2666 3671 quotidie
2718 3605 2917 3661 docent
2969 3608 3227 3665 Ecclesiae
3278 3615 3544 3683 magistri.
3606 3614 3742 3670 Nam

2158 3706 2299 3745 unus
2325 3692 2418 3746 ille
2445 3705 2497 3747 et
2536 3695 2980 3764 simplicissimus
3008 3712 3201 3756 natura
3240 3704 3400 3770 Deus,
3468 3709 3746 3779 totiusque

2158 3782 2320 3852 hujus
2348 3786 2534 3840 mundi
2580 3788 2732 3843 solus
2791 3791 3081 3854 conditor.
3134 3794 3337 3850 divinis
3393 3805 3742 3863 monentibus

2156 3875 2415 3937 oraetilis,
2446 3874 2685 3934 Trinitas
2716 3890 2797 3935 est
2823 3884 3222 3951 proprietatum
3254 3904 3305 3943 et
3358 3907 3742 3963 personarum,

2157 3966 2402 4023 Trinitas
2442 3970 2669 4039 quidem
2722 3973 3037 4044 intelligens
3095 3981 3275 4048 qualis
3330 3984 3486 4039 dccet
3538 3988 3748 4043 intelle-

2157 4068 2307 4113 ctum
2338 4063 2573 4131 primum
2603 4063 2852 4132 cujusvis
2931 4071 3103 4123 creati
3186 4073 3494 4132 itttcliectus
3553 4090 3747 4134 aucto-

2159 4168 2296 4215 rem,
2327 4152 2547 4207 divinns
2576 4155 2825 4210 videlicet
2861 4159 3196 4226 intellectus,
3229 4162 3575 4238 Verliunique
3627 4174 3747 4241 ejus

2159 4244 2499 4315 intelligibile
2571 4246 2785 4302 fructus
2844 4250 3039 4306 insitus
3103 4254 3479 4323 intelligentiae
3564 4262 3740 4319 innati

2160 4336 2468 4390 intellectus
2491 4345 2547 4391 et
2571 4340 2926 4410 intelligibilis
2962 4359 3117 4400 amor
3162 4346 3371 4407 fructus
3431 4355 3743 4427 intelligen-

2162 4426 2232 4482 Iis
2255 4436 2309 4481 et
2342 4431 2569 4483 interme
2602 4432 2896 4489 voluntatis
2935 4438 3095 4505 primi
3144 4439 3479 4501 intellectus.
3528 4426 3740 4506 Etenim
3822 4478 3833 4485 ν

2163 4518 2306 4574 Deus
2341 4520 2467 4575 cum
2496 4522 2567 4577 sit
2602 4523 2921 4583 intellectus
2944 4533 3386 4600 sapientissimus
3406 4551 3459 4594 et
3480 4543 3742 4611 optimus,

471 4617 605 4687 ἡμῖν
650 4619 964 4688 ὁμοιότητος
1024 4621 1190 4675 αὐτοῦ
1253 4625 1437 4693 μόνον,
1502 4624 1641 4678 ἀλλὰ
1701 4627 1796 4679 καὶ
1849 4630 2050 4692 πάσαις

2166 4623 2385 4669 utcerta
2413 4616 2545 4672 lides
2577 4630 2661 4673 est
2695 4636 2799 4673 non
2825 4636 2892 4675 ex
2924 4624 3038 4678 sola
3089 4627 3208 4695 ejus
3267 4629 3424 4687 nobis
3478 4634 3747 4705 impressa

471 4710 739 4776 ἀνάγκαις
794 4710 937 4766 οὕτω
988 4717 1449 4785 πεπιστευμένος,
1513 4721 1628 4771 vos!
1692 4720 1793 4789 μὲν
1859 4722 2055 4775 ἑαυτὸν

473 4798 658 4860 ἀῖδίως
694 4800 874 4869 (αὐτὸς
923 4803 1030 4873 γάρ
1071 4805 1189 4855 ἐστι
1241 4805 1473 4877 τάληθὲς
1507 4809 1535 4860 ὂ
1586 4809 1680 4862 νοῦ
1716 4828 1775 4863 τε
1812 4812 1906 4864 καὶ
1937 4816 2063 4881 νοήο.

475 4904 615 4952 σεως
660 4891 855 4961 τέλος),
890 4895 990 4964 ἐρᾷ
1037 4896 1094 4949 δὲ
1146 4897 1241 4950 καὶ
1281 4899 1478 4952 ἑαυτοῦ
1505 4900 1695 4966 ἀϊδίως
1728 4901 1915 4973 (αὐτὸς
1948 4908 2056 4974 γάρ

475 4985 592 5040 ἐστι
623 4986 880 5052 τάγαθὸν,
907 4987 935 5040 ὃ
972 4988 1202 5060 θελητόν
1235 4992 1351 5045 ἐστι
1392 4993 1467 5060 τῷ
1493 4990 1568 5064 νῷ
1602 4994 1698 5047 καὶ
1736 4994 1835 5063 τῆς
1868 4998 2059 5065 νοερᾶς

473 5075 749 5144 θελήσεως
796 5079 991 5142 τέλος).
1025 5081 1135 5134 Καὶ
1166 5083 1301 5134 νοῶν
1341 5084 1439 5153 μὲν
1492 5086 1682 5138 ἑαυτὸν
1724 5088 1897 5140 ἀίδιον
1925 5089 2055 5140 συλ-

472 5162 740 5234 λαμϐάνει
784 5169 938 5234 λόγον
994 5172 1051 5222 ἐν
1112 5172 1312 5243 ἐαυτῷ,
1346 5174 1519 5228 θέλων
1554 5177 1611 5229 δὲ
1646 5176 1836 5229 ἑαυτὸν
1883 5178 2057 5231 ἀΐδιον

476 5257 696 5328 ἀγάπην
757 5262 989 5329 προάγει
1016 5277 1031 5293 '
1066 5262 1184 5333 ἅμα
1235 5280 1295 5316 τε
1350 5264 1444 5318 οῦν
1474 5267 1706 5336 προάγει
1734 5268 1894 5336 λόγον
1920 5268 2058 5322 νοῶν

477 5349 568 5399 καὶ
611 5350 799 5402 ἑαυτὸν
834 5353 946 5404 νοεῖ
968 5352 1046 5423 τῷ
1082 5353 1249 5424 λόγῳ,
1287 5355 1383 5408 καὶ
1422 5354 1591 5410 θέλων
1628 5358 1853 5430 ἀγάπην
1882 5360 2058 5426 προά-

476 5456 561 5507 γει
608 5443 700 5493 καὶ
749 5445 939 5514 ἀγαπᾷ
984 5445 1158 5517 ταύτῃ
1201 5449 1295 5499 καὶ
1336 5447 1504 5511 θέλει,
1540 5449 1636 5501 καὶ
1683 5451 1731 5501 οξ
1783 5455 2056 5521 συμφυεῖς

474 5532 619 5587 οὗτοι
651 5535 872 5606 βλαστοὶ
906 5538 999 5590 καὶ
1029 5539 1176 5591 τόκοι
1202 5540 1300 5608 τῆς
1332 5543 1523 5605 νοερᾶς
1558 5543 1617 5595 ὲν
1648 5541 1723 5613 τῷ
1751 5543 1872 5613 Θεῷ
1906 5561 2058 5613 γονι-

482 5628 709 5695 μὸτητος
775 5630 874 5682 οὐκ
924 5630 1090 5683 αὐτοῦ
1145 5633 1307 5701 μόνον
1350 5634 1425 5698 ὡς
1471 5634 1688 5705 ἀληθῶς
1719 5636 2058 5706 προάγοντος

477 5719 689 5787 ἀληθῶς
723 5722 1007 5789 προῖόντα,
1034 5723 1174 5775 ἀλλα
1222 5726 1317 5776 καὶ
1366 5726 1615 5796 ἀλλήλων
1654 5727 1755 5796 τῷ
1812 5729 2057 5799 διαφόρῳ

476 5808 571 5875 τῆς
623 5809 848 5878 προόδου
885 5811 1251 5880 διακρίνονται
1286 5816 1495 5887 τρόπῳ,
1532 5818 1695 5886 φύσει
1730 5818 1787 5872 δὲ
1815 5818 1878 5872 ἓν
1916 5822 2058 5871 εἰσιν

476 5898 723 5965 ἀλλήλοις
752 5918 808 5953 τε
842 5905 932 5957 καὶ
973 5903 1047 5974 τῷ
1083 5909 1372 5977 προάγοντι
1408 5908 1504 5976 νῷ.
1534 5909 1643 5962 Καὶ
1691 5911 1721 5963 ὁ
1774 5911 1873 5979 μὲν
1908 5911 2057 5974 θεῖος

2162 4705 2540 4774 similitudine,
2564 4712 2656 4764 sed
2713 4719 2768 4766 et
2798 4715 3129 4773 omnimodis
3175 4725 3513 4793 argumentis
3547 4739 3749 4783 aeterne

2163 4802 2408 4870 seipsunt
2427 4804 2676 4874 intelligit
2716 4806 2853 4877 (ipse
2877 4811 3023 4865 enim
3056 4822 3139 4866 est
3194 4829 3384 4870 verum
3438 4820 3748 4875 intellccms

2161 4904 2213 4948 et
2242 4895 2614 4966 intelligentiae
2645 4898 2791 4970 linis)
2816 4917 2833 4968 ;
2858 4902 3100 4972 seipsum
3121 4906 3282 4960 etiam
3315 4920 3575 4964 aitet-num
3600 4923 3749 4966 amat

2160 4985 2308 5058 (nam
2351 4996 2405 5042 et
2468 4990 2586 5059 ipse
2630 4990 2834 5047 bonum
2882 5005 2964 5049 est
3008 4996 3320 5053 intellectus
3367 5003 3665 5067 appetibile
3693 5013 3746 5057 et

2161 5078 2517 5148 intelligentis
2567 5083 2865 5139 voluntatis
2942 5088 3307 5157 terminus);
3367 5104 3488 5143 sese
3564 5101 3745 5147 autem

2164 5173 2518 5244 intelligendo
2553 5184 2818 5231 internum
2884 5178 2937 5232 in
2972 5183 3264 5249 semetipso
3296 5182 3527 5235 Verbum
3560 5187 3748 5239 conci-

2163 5266 2351 5336 pit,‘et
2377 5270 2618 5337 seipsum
2650 5271 2883 5325 volendo
2908 5281 3162 5325 inteream
3218 5272 3563 5328 dilectionem
3618 5293 3747 5345 pro-

2162 5364 2356 5429 ducit;
2388 5379 2604 5433 unaque
2628 5366 2794 5435 igitur
2830 5364 3069 5420 Verbum
3106 5366 3358 5436 producit
3393 5368 3744 5438 intelligendo

2161 5460 2217 5506 et
2265 5454 2507 5522 seipsum
2542 5469 2639 5524 per
2671 5452 2910 5508 Verbum
2941 5455 3215 5524 intelligit,
3248 5466 3303 5511 ct
3357 5457 3587 5512 volando
3618 5474 3748 5529 pro-

2162 5541 2582 5598 ducitamorezn
2611 5553 2665 5596 et
2694 5559 2787 5612 per
2846 5544 2999 5596 illum
3056 5558 3208 5599 amat
3254 5554 3308 5599 et
3377 5547 3527 5612 vult;
3584 5556 3746 5615 atque

2163 5650 2468 5704 congcuera
2499 5636 2614 5690 haec
2644 5635 2891 5707 germina
2928 5645 2980 5691 et
3012 5640 3334 5708 prapagiues
3396 5638 3750 5709 iulelligeutis

2166 5727 2217 5781 in
2241 5727 2346 5780 Deo
2369 5726 2729 5798 genitalitatis
2752 5743 2862 5781 non
2890 5729 3067 5782 solum
3096 5729 3163 5783 ab
3190 5732 3303 5798 ipso
3320 5738 3377 5783 ut
3400 5745 3524 5784 vere
3545 5732 3748 5800 produ-

2164 5830 2320 5873 cente
2347 5834 2534 5873 revera
2555 5819 2958 5889 producuntur,
2990 5823 3083 5874 sed
3114 5822 3276 5874 etiam
3316 5837 3411 5889 pro
3440 5824 3589 5875 vario
3617 5837 3745 5892 pro-

2166 5906 2435 5961 cessionis
2460 5909 2622 5963 motio
2650 5908 2720 5963 ab
2782 5907 3014 5966 invicem
3080 5910 3522 5981 diStinguuniur,
3552 5924 3745 5968 natura
