4062 6420
350 487 454 550 591

1421 475 1806 540 οΕΝΝΑυιι
1847 436 2520 541 (ῙΡΗΡΑΤΠΙΑΒΟΗίΕ

3513 469 3620 531 592

357 617 489 657 vero
524 614 692 655 nnttm
735 604 946 653 suntet
985 594 1203 651 sibimet
1259 592 1492 648 invicem
1531 600 1585 646 et
1639 589 1937 647 intellectui

2076 591 2199 659 όγος
2252 590 2343 644 νοῦ
2396 593 2487 645 καὶ
2521 588 2708 661 νοητοῦ
2761 588 2958 652 παντός
3008 589 3155 643 ἐστιν
3188 588 3359 649 αἴτιος
3404 589 3459 641 ἐν
3506 589 3620 649 τοῖς

360 695 704 764 producentt.
762 690 1014 744 Divinum
1078 696 1260 741 autem
1316 684 1544 738 verbum
1603 684 1723 753 (seu
1772 680 1933 750 ratio)

358 786 599 857 cujusvis
649 783 955 837 intellectus
1016 786 1070 833 et
1132 775 1487 847 intelligibilis
1541 789 1709 828 causa
1749 784 1827 828 cst
1885 773 1937 825 itt

360 879 596 940 cutibus,
627 875 917 941 omnisque
939 868 1260 925 substantia:
1294 865 1457 921 simul
1488 877 1541 920 et
1568 873 1797 917 naturai.
1823 860 1938 914 Non

360 971 505 1025 enim
531 966 880 1038 producentis
914 972 1124 1018 tantum
1150 957 1484 1019 intellectus,
1515 956 1610 1009 sed
1636 962 1691 1009 et
1715 967 1940 1024 operum

362 1077 484 1131 qnze
520 1074 615 1129 per
666 1062 846 1127 ipsum
909 1060 1314 1123 cognoscuntur
1365 1048 1431 1102 ad
1485 1055 1637 1101 extra
1679 1043 1943 1098 naturalis

364 1161 448 1207 est
507 1148 835 1205 similitudo.
894 1144 1051 1201 Unde
1107 1143 1295 1196 innata
1352 1137 1655 1194 similitudo
1717 1144 1945 1190 vocatur

366 1241 725 1317 generatricis
756 1238 1064 1292 intellectus
1089 1241 1143 1288 et
1169 1245 1385 1300 semper
1436 1219 1772 1299 gerieran‘tis,
1823 1224 1947 1278 ideo

370 1313 498 1391 vet-0
548 1340 951 1387 creaturarum.
1003 1325 1141 1380 lliue
1198 1320 1342 1392 apud
1393 1318 1563 1373 Deum
1608 1325 1664 1372 et
1715 1331 1782 1371 ex
1838 1313 1948 1369 Deo

371 1427 504 1483 illud
540 1425 905 1488 dicituresse,
950 1433 1045 1489 per
1083 1418 1262 1486 ipsum
1311 1420 1493 1466 autem
1543 1408 1687 1464 facta
1740 1408 1946 1463 omnia.

371 1520 449 1573 ita
485 1528 540 1572 et
560 1515 741 1571 omnis
773 1514 900 1568 boni
928 1522 1095 1565 causa
1124 1505 1345 1562 entibus
1393 1501 1614 1556 divinus
1663 1507 1743 1553 est
1773 1510 1944 1562 amor,

374 1611 425 1664 id
454 1618 559 1675 est,
584 1605 823 1677 Spiritus
879 1608 1138 1667 sanctus;
1178 1597 1361 1653 omnia
1422 1606 1659 1661 namque
1710 1589 1952 1646 continet

374 1708 427 1754 et
456 1699 521 1753 ad
547 1698 748 1751 bonum
787 1691 1078 1747 convertit.
1115 1687 1425 1742 tPrteterea
1479 1698 1603 1737 cum
1659 1681 1764 1736 illis
1809 1694 1952 1734 unus

374 1802 459 1847 est
490 1793 630 1845 Deus
654 1796 707 1841 et
731 1794 1053 1841 cunctorum
1080 1780 1519 1836 entiumcrcator
1543 1792 1557 1840 ;
1586 1773 1952 1837 universaque

376 1900 402 1935 a
433 1869 711 1950 priumriis
739 1876 1055 1931 ultimorum
1085 1881 1242 1926 tenus
1268 1881 1432 1938 opera
1486 1873 1614 1918 sunt
1657 1871 1711 1918 ct
1745 1864 1951 1916 manci-

378 1970 461 2039 pia
492 1969 657 2024 unius
681 1965 771 2020 Dei
798 1979 862 2018 ac
893 1962 948 2017 in
982 1964 1101 2030 ipso
1129 1958 1433 2028 congenin
1461 1953 1772 2009 Trinitatis.

451 2062 530 2116 Re
559 2061 726 2129 igitur
750 2057 869 2127 ipsa
899 2056 1054 2110 beata
1085 2061 1140 2108 et
1168 2052 1350 2105 divina
1398 2046 1643 2103 Trinitas
1704 2047 1957 2099 humana:

377 2154 642 2208 trinitatis
716 2163 882 2204 causa
967 2154 1098 2210 est;
1158 2152 1362 2198 nostra:
1444 2149 1625 2194 autem
1711 2139 1962 2191 iuuenta:

370 2238 1044 2315 cognitioniquasieausa
1073 2243 1159 2291 est
1213 2234 1434 2288 trinitas
1502 2231 1661 2285 nobis
1733 2226 1951 2298 propria

383 2354 484 2392 cur
516 2345 573 2392 et
604 2336 752 2389 illam
794 2332 976 2401 aliqua
1015 2339 1447 2399 cognoscamus;
1479 2330 1539 2378 ut
1584 2321 1697 2392 jam
1765 2319 1963 2373 exinde

379 2430 565 2483 divina
596 2441 716 2497 quae
750 2424 908 2480 nobis
965 2424 1107 2478 inest
1135 2419 1372 2489 imagine
1411 2412 1520 2469 frui
1570 2412 1848 2483 possimus
1909 2418 1963 2462 et

382 2536 477 2587 per
509 2520 654 2573 illam
687 2518 931 2570 omnium
962 2517 1186 2568 causam
1219 2522 1540 2581 agnoscere,
1596 2520 1777 2559 veram
1814 2519 1962 2557 nem-

384 2629 451 2683 pe
489 2622 545 2666 et
598 2607 954 2681 principalem
995 2605 1341 2660 Trinitatem.
1375 2599 1502 2656 Haec
1556 2598 1629 2653 ita
1690 2596 1967 2666 loquimur

382 2716 605 2775 propter
637 2718 733 2758 eos
766 2701 858 2771 qui
887 2698 1207 2768 imperfecte
1243 2695 1427 2749 adhuc
1456 2689 1703 2749 sentiunt
1740 2695 1796 2743 et
1826 2703 1961 2757 qua-

384 2799 428 2851 εἰ
470 2797 563 2865 qui
592 2795 816 2849 vixdum
852 2793 1165 2846 initiantur.
1208 2787 1318 2841 Illis
1356 2799 1489 2840 vero
1537 2783 1631 2852 qui
1668 2780 1967 2852 perfectius

386 2890 607 2943 novisse
625 2884 971 2941 contendunt
998 2890 1092 2935 aut
1117 2880 1299 2933 divina
1323 2882 1687 2946 perceperunt
1714 2884 1964 2935 munera,

385 2981 530 3049 quod
565 2977 793 3032 omnino
822 2980 1074 3046 praestat,
1099 2968 1413 3026 accuratius
1450 2966 1579 3019 inde
1617 2977 1741 3034 qure
1785 2963 1839 3015 in
1873 2973 1970 3013 uo-

389 3071 474 3123 bis
500 3079 584 3123 est
609 3066 822 3121 trinitts
849 3062 1197 3118 innostescit.
1228 3060 1381 3115 Unde
1414 3059 1487 3112 nil
1519 3058 1721 3111 mirum
1756 3055 1801 3108 si
1834 3052 1971 3107 mul-

389 3171 475 3211 tos
499 3157 665 3211 lateat
693 3155 878 3209 divina
911 3151 1303 3215 Trinitas,cum
1338 3162 1512 3218 neque
1536 3145 1815 3216 propriam
1870 3159 1970 3197 na-

398 3262 580 3304 turam
606 3260 798 3302 omnes
817 3245 1001 3298 norint
1046 3250 1139 3297 aut
1184 3254 1348 3295 nosse
1392 3238 1629 3294 valeant.
1665 3237 1774 3292 Nec
1806 3234 1970 3289 etiam

2039 675 2159 733 οὖσι
2188 682 2283 734 καὶ
2320 681 2500 752 πάσης
2530 680 2719 743 ἀτελῶς
2766 679 2955 743 οὐσίας
3001 682 3096 733 καὶ
3129 678 3346 747 φύσεως
3371 693 3386 708 °
3413 677 3475 730 οὐ
3511 676 3621 747 γὰρ

2043 767 2134 821 τοῦ
2188 770 2519 838 προάγοντος
2561 769 2653 823 ’.οὗ
2706 770 2887 839 μόνον,
2922 769 3057 822 άλλά
3083 768 3179 823 καὶ
3218 768 3327 822 τῶν
3356 768 3425 822 δι’
3457 767 3623 821 αὑτοῦ

2044 861 2352 929 νοουμένων
2386 860 2565 931 ἔργων
2603 861 2709 928 ἐξω
2735 860 2899 915 αὑτοῦ
2928 863 3173 929 πέφυκεν
3195 859 3474 928 ὁμοιότης·
3499 856 3622 911 ὅθεν

2047 951 2213 1005 εἰκὼν
2255 952 2355 1022 μὲν
2392 952 2630 1021 ἔμφυτος
2682 953 2901 1020 λέγεται
2959 951 3055 1005 τοῦ
3115 944 3480 1021 γεννήσαντος
3532 946 3627 1001 νοῦ

2046 1046 2139 1096 καὶ
2164 1042 2253 1096 ἀεὶ
2287 1042 2605 1111 γεννῶντος,
2633 1041 2744 1096 ίδέα
2776 1042 2830 1095 δὲ
2863 1042 2970 1094 τῶν
2999 1040 3338 1107 κτισμάτων,
3368 1041 3462 1092 καὶ
3490 1036 3628 1105 προς

2048 1136 2141 1189 τὸν
2177 1136 2310 1188 Θεὸν
2353 1135 2452 1205 μὲν
2486 1134 2649 1198 αὐτὸς
2705 1132 2845 1187 εἴναι
2885 1134 2980 1187 καλ⁵
3026 1133 3122 1187 τοῦ
3155 1131 3316 1195 Θεοῦ,
3350 1131 3528 1184 πάντα
3572 1129 3632 1182 δὲ

2047 1228 2113 1281 δι’
2160 1226 2325 1282 αὑτοῦ
2358 1228 2672 1297 γεγονέναιε
2708 1227 2880 1281 αἴτιον
2924 1226 2982 1281 δὲ
3033 1225 3235 1289 παντὸς
3271 1221 3482 1292 ἀγαθοῦ
3517 1225 3632 1285 τοῖς

2050 1317 2206 1374 οὖσιν
2259 1322 2411 1374 ἐστιν
2450 1323 2481 1389 ἡ
2523 1319 2642 1375 θεία
2685 1318 2901 1389 ἀγάπη,
2925 1317 2985 1371 τὸ
3019 1316 3247 1386 Πνεῦμα
3291 1314 3541 1385 δηλονότι
3571 1314 3635 1368 τδ

2051 1414 2226 1481 ἆηίιον,
2257 1414 2468 1484 συνέχει
2503 1416 2612 1482 γὰρ
2652 1410 2831 1465 πάντα
2862 1414 2957 1463 καὶ
3003 1409 3321 1477 ἐπιστρέφει
3354 1408 3492 1477 πρὸς
3535 1408 3635 1462 τά-

2052 1507 2238 1575 γαθόν.
2274 1504 2383 1559 Καὶ
2427 1504 2516 1558 διά
2544 1499 2701 1557 τοῦτο
2747 1502 2867 1573 μετ’
2896 1501 3076 1556 αὐτῶν
3108 1495 3189 1564 εἷς
3223 1503 3340 1553 ἐστι
3368 1499 3504 1561 Θεδς
3535 1499 3635 1552 καὶ

2052 1600 2383 1672 δημιουργὸς
2413 1600 2440 1652 ὁ
2470 1599 2655 1666 πατὴρ
2688 1595 2946 1651 ἁπάντων
2974 1594 3083 1648 τῶν
3103 1593 3296 1660 ὄντων,
3326 1594 3422 1646 καὶ
3453 1592 3632 1646 πάντα

2055 1690 2119 1741 ἐκ
2157 1688 2264 1740 τῶν
2306 1687 2539 1756 πρώτων
2563 1686 2693 1756 ἀχρι
2723 1685 2818 1738 καὶ
2849 1684 2958 1739 τῶν
2989 1683 3235 1755 ἐσχάτων
3267 1682 3406 1753 ἔργα
3439 1699 3499 1734 τε
3534 1683 3629 1734 καὶ

2054 1779 2219 1836 δοῦλα
2248 1775 2344 1832 τοῦ
2370 1776 2487 1842 ἐνός
2512 1780 2621 1833 εισι
2647 1772 2785 1831 Θεοῦ
2817 1775 2916 1830 καὶ
2947 1774 3046 1846 τῆς
3080 1775 3137 1830 ἐν
3168 1774 3316 1844 αὐτῷ
3346 1772 3635 1844 συμφύτου

2057 1875 2255 1945 Τριάδο
2265 1896 2305 1941 ς.

2136 2041 2226 2110 Τῷ
2258 2040 2356 2109 μέν
2392 2037 2484 2092 οὖν
2517 2037 2799 2106 πράγματι
2830 2034 2979 2088 αἰτία
3018 2032 3164 2088 ἐστὶν
3194 2032 3228 2105 η
3262 2033 3505 2104 μακαρία
3541 2029 3640 2086 καὶ

2065 2130 2182 2183 θεία
2216 2130 2383 2199 Τριὰς
2404 2128 2504 2197 τῆς
2535 2128 2592 2179 ἐν
2622 2124 2896 2196 ἀνθρώπῳ
2918 2123 3134 2194 τριάδος
3164 2138 3178 2153 °
3207 2124 3274 2193 τῇ
3322 2121 3369 2175 δ’
3396 2121 3641 2194 ἡμετέρᾳ

2056 2222 2172 2274 τῶν
2201 2218 2502 2287 ἀνθρώπων
2531 2216 2729 2285 γνώσει
2751 2217 2783 2284 ἡ
2809 2212 2938 2285 παρ’
2961 2215 3090 2284 ἡμῖν
3118 2214 3274 2284 τριάς
3318 2214 3489 2267 αἴτιόν
3522 2227 3640 2276 πως

2064 2313 2157 2366 τοῦ
2210 2310 2470 2376 κάκείνην
2514 2309 2589 2372 ώς
2649 2301 2759 2361 οἷόν
2817 2322 2876 2359 τε
2929 2303 3316 2374 γινώσκεσθαι,
3362 2304 3437 2367 ώς
3483 2303 3644 2358 τοῦτο

2068 2405 2281 2475 πρῶτον
2311 2399 2608 2455 ἀπολαύειν
2644 2398 2788 2469 ἔχειν
2835 2399 2976 2469 ἡμᾶς
3012 2397 3110 2462 τῆς
3158 2395 3365 2449 ἐκεῖθεν
3401 2398 3457 2448 ἐν
3508 2398 3640 2466 ήμῖν

2068 2497 2294 2557 εἰκόνος,
2316 2494 2377 2546 τὸ
2404 2490 2668 2545 δύνασθαι
2690 2490 2757 2543 δι’
2796 2489 2966 2559 αὐτῆς
2997 2487 3097 2557 τὴν
3121 2487 3294 2557 ἀληθῆ
3348 2487 3443 2542 καὶ
3495 2485 3646 2557 πρώ-

2066 2604 2167 2655 την
2199 2584 2402 2639 καὶτοῦ
2436 2582 2631 2643 παντὸς
2657 2581 2836 2635 αἰτίαν
2862 2581 3058 2634 εἰδέναι
3090 2578 3317 2648 Τριάδα.
3373 2579 3536 2632 Τουτὶ
3585 2581 3644 2632 δέ

2070 2693 2249 2745 φαμεν
2304 2674 2432 2743 περὶ
2473 2673 2582 2726 τῶν
2636 2670 2844 2734 ἀτελῶς
2902 2669 2981 2724 ἔτι
3029 2669 3296 2723 νοούντων
3329 2670 3511 2740 κάντῇ
3535 2671 3647 2723 τῶν

2069 2767 2441 2836 εἰσαγομένων
2465 2762 2617 2829 τάξει
2637 2781 2651 2796 ·
2678 2766 2786 2826 τοῖς
2816 2763 2873 2816 δέ
2901 2761 3225 2835 τελεώτερον
3250 2764 3646 2818 ἐσπουδακόσιν

2071 2858 2267 2911 εἰδέναι
2296 2855 2329 2927 ἢ
2363 2854 2511 2926 δῶρα
2540 2858 2605 2908 ἐκ
2632 2853 2766 2907 Θεοῦ
2797 2853 3095 2923 εἰληφόσιν,
3141 2853 3171 2906 δ
3200 2854 3292 2907 καὶ
3347 2854 3488 2909 πάνῦ
3530 2856 3649 2925 μεῖ-

2072 2951 2163 3015 ζόν
2201 2950 2366 3015 ἐστιν,
2401 2946 2610 3000 ἐκεῖθεν
2632 2948 2666 3017 ἡ
2706 2947 2763 2998 ἐν
2790 2947 2922 3017 ἡμῖν
2951 2945 3341 3017 ἀκριϐέστερον
3369 2951 3649 3001 κατανοεῖ-
3712 2956 3717 2959 ’

2072 3061 2161 3098 ται
2187 3044 2386 3114 τριάς’
2417 3043 2540 3095 ὅθεν
2596 3040 2748 3094 οὐδὲν
2798 3039 3135 3111 θαυμαστὸν,
3202 3040 3252 3092 εί
3313 3040 3497 3093 πολλοὶ⁵
3548 3039 3648 3112 τὴν

2074 3135 2225 3189 θείαν
2257 3131 2510 3201 ἀγνοοῦσι
2536 3130 2765 3200 Τριάδα,
2798 3130 2913 3199 εἴγε
2962 3129 3099 3201 μηδὲ
3167 3133 3368 3193 πάντες
3417 3131 3514 3195 τὴν
3568 3133 3647 3184 oio

2077 3228 2231 3280 κείαν
2264 3226 2435 3279 οἴδασι
2462 3224 2494 3295 ἢ
2527 3223 2725 3276 ειδέναι
2769 3222 2950 3293 ἔχουσι
2991 3222 3172 3290 φύσιν.
3213 3222 3288 3276 Οὐ
3317 3223 3400 3276 δεῖ
3427 3222 3484 3276 δέ
3512 3221 3645 3276 Gau-

400 3340 714 3395 mirandum
775 3338 842 3391 de
867 3334 1097 3404 reliquis
1116 3320 1440 3387 dltlerentiis
1457 3327 1891 3399 exemplarinter
1923 3335 1969 3382 et

2084 3316 2277 3387 μάζειν
2305 3315 2564 3386 περὶτῶν
2601 3313 2776 3368 ἄλλων
2805 3311 3081 3381 διαφόρων
3098 3310 3199 3382 τῆς
3241 3313 3301 3365 ἐν
3332 3310 3409 3382 τῷ
3469 3328 3650 3382 παρα·

392 3434 693 3503 imaginem
723 3429 1008 3484 trinitatis.
1026 3425 1183 3493 Nam,
1206 3435 1266 3480 ut
1290 3426 1403 3495 jam
1437 3420 1855 3489 dixintus,quod
1877 3418 1978 3472 lto-

394 3543 483 3581 mo
508 3530 579 3581 sit
610 3524 720 3579 Deo
747 3522 966 3586 similis,
987 3521 1038 3575 id
1067 3519 1207 3574 ratio
1231 3517 1469 3589 postulat
1498 3522 1553 3569 et
1574 3511 1749 3568 Moses
1774 3512 1980 3565 contir-

392 3630 508 3674 mat
531 3631 585 3672 et
609 3614 879 3687 quotlibet
908 3614 1014 3668 alia
1048 3615 1099 3667 in
1129 3612 1269 3667 idem
1300 3615 1667 3672 conveniunt;
1697 3619 1761 3660 ae
1786 3603 1980 3659 similis

390 3712 608 3783 qutdetn
643 3708 871 3761 trinitati
893 3707 1231 3760 internorum
1256 3712 1503 3765 actuum,
1535 3714 1631 3768 per
1658 3712 1797 3768 quos
1816 3696 1980 3750 homo

389 3812 559 3859 estet
627 3801 755 3855 vivit
808 3799 1110 3852 secundum
1171 3793 1433 3856 animant,
1491 3801 1829 3858 ueteresque
1889 3787 1981 3841 Dei

396 3901 676 3950 creaturas
710 3896 951 3957 superat.
997 3887 1168 3940 Porro
1194 3885 1251 3939 in
1280 3883 1391 3938 Deo
1409 3880 1652 3936 Trinitas
1670 3894 1792 3935 esse
1820 3878 1981 3933 debet

394 3984 851 4054 supernaturalis,
911 3983 1144 4036 creatori
1173 3991 1416 4034 consona
1470 3991 1535 4029 ac
1591 3987 1818 4044 prorsus
1873 3969 1981 4024 Deo

393 4081 594 4150 digna;
626 4077 682 4130 in
719 4075 941 4130 homine
966 4064 1115 4137 vero,
1157 4077 1645 4139 promereatur-am
1681 4064 1980 4131 decet,iu—

395 4173 584 4227 ferior.
612 4169 798 4225 Primo
858 4168 1064 4222 etenim
1100 4166 1322 4219 divinus
1367 4162 1684 4217 intellectus
1718 4168 1801 4214 est
1834 4172 1982 4212 seut—

398 4281 493 4336 per
523 4266 575 4320 in
601 4275 751 4326 actu,
783 4268 1058 4332 quatenus
1088 4267 1293 4311 aeterno
1329 4265 1384 4310 et
1432 4254 1644 4309 iuliuito
1694 4247 1982 4321 congruit;

404 4363 676 4410 humanus
715 4368 747 4408 e
782 4359 974 4407 contra
1004 4365 1033 4403 a
1068 4350 1176 4404 Deo
1204 4356 1423 4403 creatus
1463 4345 1775 4400 virtualiter
1804 4343 1985 4414 quoad

406 4447 627 4500 initium
670 4457 827 4511 teque
854 4449 939 4495 est
972 4441 1025 4493 in
1053 4438 1309 4493 erunibus
1346 4437 1412 4491 ad
1442 4426 1522 4491 ea"
1538 4438 1823 4491 ordinatus
1867 4449 1988 4503 quae
2016 4491 2023 4497 _

402 4545 637 4608 possunt
663 4534 891 4603 intelligi
920 4541 974 4586 et
1002 4531 1067 4584 ad
1100 4529 1492 4598 intelligentem
1553 4542 1648 4596 per
1697 4540 1761 4579 ea
1823 4526 1986 4594 perti-

2078 3409 2332 3478 δείγματι
2359 3407 2455 3461 καὶ
2489 3407 2555 3476 τῇ
2593 3404 2762 3458 εἰκόνι
2819 3403 3055 3475 τριάδος.
3107 3403 3336 3472 Εἴρηται
3385 3405 3512 3472 γὰρ,
3575 3403 3652 3467 ὡς

2079 3499 2395 3569 ώμοιῶσθαι
2457 3496 2557 3569 μὲν
2608 3496 2684 3567 τῷ
2741 3494 2862 3566 Θεῷ
2908 3494 3000 3547 τὸν
3041 3493 3325 3561 ἄνθρωπον
3351 3495 3380 3549 ὃ
3412 3512 3471 3548 τε
3496 3494 3652 3562 λόγος

2081 3596 2305 3649 ἀπαιτεῖ
2333 3592 2428 3645 καὶ
2458 3592 2491 3662 ἡ
2521 3591 2615 3645 τοῦ
2651 3589 2894 3652 Μωσέως
2935 3586 3178 3652 ἀξίωσις,
3224 3587 3317 3640 καὶ
3370 3586 3472 3640 ὅσα
3520 3587 3654 3641 ἀλλα

2079 3686 2251 3756 ταύτῃ
2288 3685 2587 3755 συντρέχει,
2613 3683 2706 3735 καὶ
2730 3679 3049 3750 ώμοιῶσθαι
3099 3682 3165 3750 τῇ
3200 3678 3378 3750 τριάδι
3407 3679 3515 3733 τῶν
3574 3680 3657 3731 ἐν-

2081 3779 2312 3848 δοτέρων
2337 3774 2648 3846 ἐνεργειῶν,
2712 3767 2799 3838 αἷς
2843 3771 3129 3841 ἄνθρωπός
3177 3770 3293 3823 ἐστί
3345 3787 3404 3824 τε
3462 3771 3555 3825 καὶ
3585 3770 3653 3844 ζῇ

2084 3871 2226 3925 κατά
2254 3870 2352 3939 τὴν
2376 3867 2553 3939 ψυχὴν
2580 3866 2671 3920 καὶ
2701 3865 2809 3919 τῶν
2835 3864 3010 3918 ἀλλων
3039 3862 3132 3917 τοῦ
3164 3862 3300 3917 Θεοῦ
3340 3865 3657 3936 κτισμάτων

2085 3960 2328 4032 προέχει.
2361 3960 2452 4011 Δεῖ
2481 3958 2535 4010 δὲ
2567 3959 2623 4010 ἐν
2653 3955 2752 4025 μὲν
2782 3954 2861 4024 τῷ
2888 3951 3009 4025 Θεῷ
3034 3953 3132 4024 τὴν
3161 3952 3371 4024 Τριάδα
3402 3954 3659 4023 ὑπερφυᾶ

2084 4069 2141 4107 τε
2173 4052 2267 4105 καὶ
2295 4049 2493 4120 ποιητῇ
2530 4046 2847 4118 πρέπουσαν
2871 4041 3012 4099 εἴναι
3047 4044 3139 4096 καὶ
3166 4043 3301 4107 ὅλως
3349 4043 3656 4114 θεοπρεπῆ.

2085 4147 2141 4198 ἐν
2168 4140 2441 4214 ἀνθρώπῳ
2465 4141 2521 4194 δὲ
2550 4139 2689 4209 μετὰ
2725 4139 2823 4208 τῆς
2850 4136 2929 4209 τῷ
2966 4138 3222 4207 κτίσματι
3273 4137 3659 4208 προσηκούσης

2086 4235 2351 4305 ὑφέσεως.
2413 4231 2622 4285 Αὐτίκα
2656 4231 2766 4300 γὰρ
2817 4231 2846 4283 ό
2909 4228 3008 4298 μὲν
3068 4230 3209 4292 θεῖος
3260 4228 3385 4292 νοῦς
3411 4230 3662 4303 ἐνεργείᾳ

2087 4326 2237 4379 ἐστιν
2295 4324 2402 4391 ἀεὶ,
2441 4323 2516 4387 ώς
2547 4323 2701 4396 ἀϊδίῳ
2718 4325 2813 4378 καὶ
2842 4322 3056 4395 ἀπείρῳ
3085 4320 3374 4396 προσήκει,
3418 4326 3446 4377 ὀ
3493 4323 3550 4377 δέ
3597 4341 3665 4391 γε
3688 4336 3701 4359 ³

2086 4419 2425 4490 ἀνθρώπινος
2455 4409 2879 4489 δημιουργηθὲὶς
2899 4419 2963 4470 ἐκ
2992 4416 3127 4470 Θεοῦ
3153 4409 3381 4485 δυνάμει
3414 4417 3514 4484 μὲν
3543 4415 3662 4469 ἐστι

2087 4514 2186 4581 τὴν
2215 4511 2387 4583 ἀρχὴν
2409 4512 2467 4564 ἐν
2493 4511 2662 4564 πᾶσιν
2691 4508 3001 4579 ἀνθρώποις
3036 4509 3236 4578 ὁμοίως
3271 4507 3408 4578 πρὸς
3451 4507 3519 4561 τὰ
3568 4523 3659 4561 vo-

400 4629 652 4685 eiendnm
679 4642 695 4692 ;
723 4641 788 4679 ac
835 4633 1025 4694 postea
1058 4621 1112 4675 in
1142 4630 1267 4674 actu
1306 4619 1367 4673 iit
1414 4633 1480 4672 ex
1529 4631 1719 4671 eorum
1764 4616 1969 4680 notitia1

2090 4604 2263 4657 εἰσθαι
2290 4603 2562 4671 δυνάμενα
2588 4603 2681 4655 καὶ
2711 4601 2847 4670 πρὸς
2870 4600 2930 4653 τδ
2951 4598 3021 4653 δι’
3050 4598 3277 4653 ἐκείνων
3318 4599 3660 4655 τελειοῦσθαι

404 4720 648 4776 collectis
680 4690 765 4770 lin
800 4690 924 4785 ipso
980 4712 1268 4782 speciebus
1318 4710 1424 4763 alia
1465 4716 1589 4777 post
1645 4706 1829 4771 aliam,
1890 4721 1969 4775 pt‘l

2088 4695 2332 4758 νοοῦντα,
2364 4693 2614 4764 ἐνεργείᾳ
2640 4692 2700 4745 δ’
2732 4690 2962 4762 ὕστερον
2989 4690 3199 4759 γίνεται
3228 4692 3294 4762 τῇ
3324 4691 3453 4761 περὶ
3481 4692 3662 4746 αὐτῶν

406 4815 551 4871 viain
588 4810 799 4864 scilzcet
864 4803 1273 4861 abstractionis.
1321 4801 1525 4856 lterum
1582 4800 1986 4853 bumanaratio

401 4904 547 4977 apud
576 4902 823 4973 singulos
861 4899 1051 4954 multis
1083 4896 1374 4967 speciebus
1442 4894 1721 4948 eﬂ‘ormata
1747 4889 1987 4961 comple-

407 5011 518 5064 tur,
542 5014 684 5069 quae,
710 5003 767 5050 ut
795 4994 999 5049 dictum
1027 4999 1129 5057 est,
1149 4990 1290 5059 apud
1318 4999 1762 5056 unumquemque
1788 4989 1989 5039 coeunt

406 5107 509 5164 pro
539 5086 868 5144 Itabitudinis
893 5082 1074 5139 modo.
1104 5081 1294 5136 Divina
1322 5089 1503 5134 autem
1537 5077 1805 5133 ratiouna
1832 5081 1990 5127 estet

403 5184 810 5254 simplicissima
841 5177 1054 5248 species
1094 5172 1519 5243 simplicissima
1550 5171 1603 5224 in
1629 5170 1806 5238 primo
1832 5163 1988 5220 intel-

403 5277 592 5348 ligibili
622 5272 1016 5342 intelligentia).
1050 5268 1183 5322 Nam
1214 5264 1434 5320 divinus
1471 5262 1806 5325 intellectus,
1832 5258 1991 5312 Pater

402 5373 629 5434 scilicet,
688 5383 797 5421 una
838 5364 1144 5432 eademque
1184 5358 1545 5429 intelligentia
1574 5354 1759 5410 omnia
1784 5361 1986 5407 aeterne

404 5464 573 5527 novit,
615 5469 670 5513 et
703 5458 950 5526 seipsnm
980 5452 1337 5521 intelligendo
1381 5444 1774 5516 iutelligibilem
1824 5436 1983 5498 suam

404 5566 640 5621 spectent
672 5548 891 5603 sibimet
914 5542 1128 5611 objicit,
1188 5555 1385 5608 nempe
1421 5535 1691 5591 Verbum.
1741 5531 1981 5588 Verbum

405 5640 580 5701 autem
613 5647 763 5696 novit
787 5656 850 5694 ac
912 5639 1153 5707 seipsntn
1178 5634 1363 5688 simul.
1424 5633 1493 5684 At
1549 5637 1745 5683 caetera
1820 5626 1984 5680 etiam

407 5747 557 5789 extra
603 5750 663 5788 se
699 5732 873 5793 novit,
930 5740 1193 5782 aeternum
1254 5724 1475 5795 quidem
1565 5720 1872 5790 intelligens
1928 5723 1989 5769 ιιι

411 5830 590 5882 [ιιιιιι-ςι
667 5828 716 5877 vi
788 5824 1039 5891 putentia
1118 5836 1272 5884 sum,
1346 5824 1400 5871 in
1475 5817 1714 5870 futurum
1802 5822 1860 5866 ιιι
1923 5810 1988 5891 ςιιΙ

413 5931 651 5983 praesens
687 5915 1043 5981 intelligentia
1077 5926 1136 5967 se
1172 5916 1455 5974 movente;
1495 5922 1705 5961 necnon
1755 5912 1812 5960 et
1865 5886 1991 5972 prlo-

2088 4788 2392 4858 ἐπιστήμῃ,
2428 4784 2830 4856 ἁθροιζομένων
2867 4785 2923 4837 ἐν
2955 4784 3105 4853 αὐτῷ
3134 4784 3241 4837 τῶν
3286 4782 3442 4836 είδῶν
3499 4783 3660 4838 ἄλλου

2092 4881 2207 4949 μετ’
2239 4881 2366 4934 ἄλλο
2395 4880 2463 4949 τῇ
2491 4877 2598 4949 ὁδῷ
2624 4893 2688 4946 γε
2716 4876 2819 4945 τῆς
2845 4876 3209 4946 ἀφαιρέσεως.
3260 4874 3372 4930 Καὶ
3399 4874 3553 4941 λόγος
3596 4869 3665 4930 αὖ

2088 4977 2115 5027 ὁ
2145 4974 2244 5043 μὲν
2273 4971 2609 5043 ἀνθρώπινος
2636 4971 2694 5024 ἐν
2734 4969 2951 5045 ἑκάστῳ
2978 4968 3193 5028 πολλοῖς
3226 4968 3391 5021 εἴδεσι
3426 4966 3669 5037 μορῑροὺ-

2092 5082 2250 5137 μενος
2288 5061 2699 5134 συμπλ.ηροῦται
2719 5058 3128 5125 συναγομένοις,
3161 5056 3237 5121 ὡς
3264 5058 3502 5130 εἴρηται,
3528 5057 3668 5111 κατὰ

2094 5157 2290 5229 μικρὸν
2313 5158 2369 5209 ἐν
2401 5153 2550 5223 αὐτῷ
2590 5154 2684 5207 καὶ
2714 5150 2932 5205 συνοῦσι
2957 5151 3143 5204 λοιπὶν
3190 5151 3269 5219 τῷ
3318 5150 3508 5220 τρόπῳ
3569 5147 3673 5219 τῆς

2091 5250 2259 5312 ἕξεως
2285 5262 2303 5277 θ
2340 5250 2367 5299 ὁ
2387 5245 2444 5298 δὲ
2470 5245 2611 5308 θεῖος
2638 5244 2795 5312 λόγος
2825 5242 2885 5296 ἓν
2919 5243 3035 5295 ἐστι
3068 5240 3163 5296 καὶ
3191 5239 3562 5294 ἁπλούστατον
3592 5234 3674 5291 εἴ-

2092 5339 2179 5401 δος
2208 5339 2308 5406 τῆς
2346 5336 2728 5406 ἀπλουστάτης
2760 5336 2816 5387 ἐν
2849 5335 2926 5404 τῷ
2961 5331 3164 5403 πρώτῳ
3193 5330 3366 5403 νοητῷ
3392 5332 3633 5401 νοήσεως
3653 5344 3666 5357 ·

2092 5435 2120 5485 ὁ
2145 5433 2251 5502 γὰρ
2282 5431 2422 5493 θεῖος
2449 5429 2597 5493 νοῦς,
2627 5429 2656 5480 ὁ
2686 5428 2877 5498 Πατὴρ
2901 5426 3166 5495 δηλονότι,
3186 5424 3287 5494 μιᾷ
3315 5424 3406 5476 καὶ
3428 5423 3497 5490 τῇ
3530 5416 3673 5491 αὐτῇ

2095 5523 2279 5593 νοήσει
2309 5521 2489 5573 πάντα
2512 5516 2699 5578 ἀϊδίως
2730 5518 2860 5581 νοεῖ,
2888 5516 2983 5567 και
3033 5512 3226 5567 ἐαυτὸν
3274 5512 3373 5582 μὲν
3430 5510 3565 5563 νοῶν
3614 5508 3677 5562 τὸ

2094 5614 2284 5681 νοητὸν
2314 5610 2605 5680 ὐφίστησιν
2628 5605 2767 5670 εἴδος
2806 5604 3001 5659 ἑαυτοῦ
3027 5603 3084 5658 δὲ
3124 5602 3262 5675 πρὸς
3295 5601 3508 5669 ἐαυτὸν,
3551 5615 3676 5654 του-

2094 5709 2244 5760 τέστι
2270 5706 2361 5759 τὸν
2395 5705 2589 5771 Λόγον,
2615 5704 2726 5755 νοεῖ
2758 5701 2814 5754 δὲ
2848 5701 2939 5754 τὸν
2967 5699 3141 5775 Λόγον
3176 5698 3267 5750 καὶ
3311 5694 3505 5749 ἑαυτὸν
3559 5692 3676 5763 ἅμα

2095 5803 2223 5857 νοεῖ.
2257 5799 2389 5852 Νοεῖ
2414 5797 2471 5850 δὲ
2508 5795 2599 5848 καὶ
2630 5788 2702 5848 τά
2731 5794 2866 5849 ἄλλα
2924 5792 3054 5862 παρ’
3098 5791 3291 5867 ἐαυτδν
3338 5789 3521 5848 ἀϊδίως
3579 5790 3677 5855 μὲν

2099 5895 2234 5951 νοῶν
2266 5892 2342 5955 ὡς
2372 5888 2606 5959 ἐσόμενα
2638 5886 2928 5957 περιουσίᾳ
2952 5868 3256 5954 δυνάμεως,
3295 5882 3387 5933 ἐπι
3448 5878 3508 5932 τὸ
3558 5878 3650 5929 sed
