4062 6458
403 438 511 506 593

1471 445 1571 505 DE
1615 445 1763 505 DEO
1804 443 1885 505 ΙΝ
1924 441 2011 505 ΤΕ

2111 444 2346 503 ἸΤΑΤΕ
2381 443 2562 505 UNO.
3555 439 3656 501 ὃθί

407 576 571 630 μενον
595 574 696 627 της
716 558 950 627 νοήσεως
1002 560 1076 624 ὡς
1126 561 1190 633 δὴ
1228 562 1402 634 παρὸν
1444 564 1750 635 φερομένης
1785 580 1798 594 '
1852 562 1988 617 νοῶν

2111 563 2280 629 lucta,
2315 563 2539 632 quando
2568 544 3142 627 voluerit,‘intelligit;
3180 572 3302 613 cum
3329 554 3526 609 divina:
3572 571 3663 605 vn-

397 652 456 705 δὲ
489 655 574 705 ὅτε
607 652 840 724 ἠθέλησε
895 656 987 709 καὶ
1046 659 1438 729 γεγεννημένα,
1494 659 1781 731 ἔργαστῆς
1829 659 1977 722 θείας

399 741 531 796 ὅντα
581 740 874 812 θελήσεως,
938 745 1075 798 καθό
1109 748 1222 800 ἐστι
1273 747 1369 801 καὶ
1402 748 1574 802 ἄλλων
1628 748 1975 817 εὐποιητική.

414 832 526 886 ’Δεῖ
565 832 662 901 μὲν
708 834 820 904 γάρ
860 834 1111 890 ἐϐούλετο
1158 838 1253 891 τὸν
1300 839 1507 909 κόσμον
1574 839 1815 906 ἔσεσθαι,
1881 840 1980 894 οὐκ

405 922 656 977 ἐϐούλετο
673 924 730 978 δὲ
760 924 856 980 καὶ
885 926 973 982 ἀεὶ
994 927 1155 981 αὑτὸν
1176 927 1414 991 ἔσεσθαι,
1451 931 1512 983 οὖ
1547 932 1658 1000 γὰρ
1685 927 1798 985 οἷόν
1836 932 1885 984 τ’
1917 931 1983 985 ἂν

406 1010 474 1083 ἦν
500 1016 660 1068 αὐτὸν
692 1016 779 1069 ἀεὶ
809 1013 949 1071 εἶναι
972 1018 1083 1072 οὔτ’
1116 1018 1358 1099 ἔσεσθαι,
1386 1015 1461 1076 ὧν
1487 1022 1565 1093 τῷ
1591 1023 1690 1093 μὲν
1716 1023 1776 1078 τὸ
1814 1023 1985 1094 μηδείς·

410 1104 527 1156 ποτ’
548 1104 615 1158 ἀν
636 1104 914 1171 γενέσθαι,
942 1108 1019 1178 τῷ
1049 1107 1105 1161 δὲ
1157 1109 1217 1163 τὸ
1274 1107 1416 1163 εἶναι
1480 1115 1657 1164 καίτοι
1717 1111 1985 1181 μηδέποτε

410 1196 807 1267 γεγεννημένον
837 1185 1123 1253 ἀκολουθεῖ
1149 1214 1164 1231 ο
1198 1201 1231 1271 ἠ
1261 1201 1440 1254 τοίνυν
1465 1202 1633 1266 ἀΐδιος
1669 1201 1814 1274 αῦτη
1860 1203 1985 1274 νόη-

413 1304 496 1351 σις
553 1289 652 1359 μία
703 1289 962 1355 καθάπαξ
1014 1293 1165 1344 ἐστὶν
1191 1294 1248 1346 ἐν
1281 1293 1355 1365 τῷ
1379 1292 1576 1363 πρώτῳ
1627 1294 1702 1363 νῷ
1742 1292 1987 1363 σημείοις

419 1380 601 1448 μόνοις
630 1380 1014 1452 διακρινομένη
1047 1383 1306 1452 νοήσεως.
1372 1383 1499 1439 Ἐπὶ
1531 1383 1739 1448 τούτοις
1771 1385 1830 1437 ὲν
1892 1383 1990 1454 μὲν

412 1471 492 1540 τῷ
545 1471 871 1541 ἀνθρωπίνῳ
925 1472 1003 1542 νῷ
1033 1472 1161 1528 ἀλλο
1188 1475 1303 1530 ἐστὶ
1339 1477 1396 1548 τὸ
1420 1479 1561 1530 νοεῖν
1619 1477 1680 1529 τὸ
1731 1478 1989 1547 πρᾶγμα,

417 1562 512 1616 ιιαλ⁵
540 1563 665 1617 ἄλλο
690 1564 751 1617 τὸ
797 1567 938 1617 νοεῖν
965 1565 1026 1619 τὸ
1055 1567 1344 1635 νοούμενον
1407 1568 1606 1637 νόημα,
1647 1568 1775 1621 ὅταν
1824 1569 1905 1630 είς
1932 1567 1993 1620 τὸ

418 1654 618 1708 οἰκεῖον
645 1654 804 1725 ἔργον
833 1658 860 1708 ὁ
886 1655 1010 1720 νοῦς
1054 1657 1379 1731 ἐπιστρέφῃ,
1415 1658 1538 1711 ὅθεν
1585 1658 1771 1729 ἕτεραι
1804 1659 1902 1729 μὲν
1937 1660 1995 1713 αῖ

418 1744 528 1797 τῶν
556 1745 915 1816 πραγμάτων,
949 1746 1138 1816 ἕτεραι
1160 1747 1205 1801 δ’
1238 1749 1294 1802 αί
1325 1749 1436 1821 τῶν
1468 1750 1556 1803 ἐπ’
1581 1750 1762 1812 αὐτοῖς
1793 1752 1997 1823 νοημά-

419 1852 530 1889 των
558 1836 696 1889 είσὶν
724 1837 1029 1908 ἐπιστῆμαι
1055 1851 1071 1866 ⁶
1104 1839 1160 1890 ἐν
1182 1838 1238 1890 δὲ
1257 1839 1335 1908 τῷ
1366 1839 1484 1910 Θεῷ
1518 1839 1687 1894 ταῦτα
1732 1841 1792 1894 οὐ
1821 1841 1996 1910 διενή-

424 1944 563 1999 νοχε,
594 1929 687 1982 καὶ
710 1930 741 1987 όν
769 1929 867 1999 μὲν
892 1907 948 1982 ὲν
976 1929 1248 2001 ἀνθρώπῳ
1274 1931 1430 2000 λόγος
1457 1907 1559 1988 ’καὶ
1603 1935 1636 2003 ἡ
1673 1933 1891 2000 θέλησις
1932 1907 1993 1987 οὐ
2026 1907 2070 1967 Β

426 2022 823 2092 πραγματικῶς
856 2023 992 2093 πρὸς
1021 2024 1112 2078 τὸν
1138 2023 1361 2078 νοοῦντα
1388 2026 1482 2078 καὶ
1511 2025 1735 2080 θέλοντα
1785 2025 1994 2096 διακρίσ

327 2117 331 2120 ’
426 2129 604 2166 νονται
637 2112 762 2167 νοῦν
795 2130 810 2146 ο
842 2115 871 2168 ό
916 2114 973 2168 δὲ
1004 2114 1144 2177 θεῖος
1195 2117 1369 2185 Λόγος
1420 2118 1514 2171 καὶ
1558 2118 1617 2172 τὸ
1664 2118 1886 2189 Πνεῦμα
1936 2118 1998 2172 τδ

425 2206 581 2272 ἆγιον
606 2208 1007 2277 πραγματικῶς
1046 2208 1140 2262 τοῦ
1181 2209 1394 2279 Harpe;
1454 2210 1820 2282 διακρίνονται
1855 2226 1871 2241 ·
1920 2211 2001 2265 δεῖ

430 2298 538 2370 γὰρ
570 2301 684 2353 ἐκεῖ
708 2301 801 2355 καὶ
827 2298 925 2371 τὴν
948 2298 1049 2371 τῆς
1080 2300 1296 2369 φύσεως
1323 2301 1520 2356 ἕνωσιν
1563 2302 1741 2373 ἄκραν
1770 2298 1933 2367 εῖναι,

431 2391 696 2463 προσήκει
720 2391 860 2461 Θεῷ,
892 2393 987 2446 καὶ
1026 2392 1124 2462 τὴν
1158 2393 1428 2464 διάκρισιν
1479 2389 1546 2448 αὖ
1591 2394 1764 2464 ἀληθῆ
1790 2412 1850 2448 τε
1906 2397 2001 2447 καὶ

429 2482 767 2557 ἔμπρακτον,
799 2485 863 2555 τῇ
896 2483 1078 2554 μέντοι
1106 2485 1250 2538 κατά
1278 2484 1375 2556 τὴν
1418 2484 1579 2554 φύσιν
1610 2486 1802 2540 ὲνώσει
1835 2487 2002 2557 μηδό-

430 2571 536 2635 λως
563 2575 1025 2645 προσισταμένην.
1083 2574 1150 2628 Ἠ
1201 2574 1307 2647 γὰρ
1350 2574 1585 2646 ἁτομικὴ
1648 2577 1744 2630 καὶ
1783 2592 2002 2647 προσω-

432 2663 567 2734 πικὴ
597 2663 865 2735 διάκρισις
895 2667 952 2718 ὲν
992 2667 1090 2736 μὲν
1131 2670 1243 2731 τοῖς
1269 2668 1536 2737 όμοερυέσι
1591 2667 1853 2738 κτίσμασι
1902 2669 2002 2739 τὴν

433 2752 565 2825 ὕλην
586 2754 763 2810 αἰτίαν
790 2756 989 2826 ἔχουσα
1015 2756 1252 2827 εὐλόγως
1280 2759 1338 2813 δὲ
1365 2759 1464 2829 τὴν
1486 2759 1647 2828 φύσιν
1673 2761 1731 2812 ὲν
1769 2760 1881 2822 τοῖς
1914 2760 2006 2815 οῦ-

433 2862 509 2899 τω
532 2844 882 2915 διῃρημένοις
911 2846 1162 2914 ἀριθμοῖς
1185 2847 1418 2919 διαιρεῖο
1468 2849 1526 2902 ἐν
1566 2848 1622 2901 δὲ
1673 2848 1751 2920 τῷ
1802 2849 2006 2903 ἁπλου-

438 2937 616 3010 στάτῳ
654 2937 748 2992 καὶ
784 2939 1103 3008 νοερωτάτῳ
1122 2938 1243 3010 Θεῷ
1266 2940 1366 3012 τὴν
1388 2940 1591 3012 νοητὴν
1616 2940 1893 3011 ἀναφορὰν
1923 2942 2008 2995 αἰ-

435 3026 555 3080 τίαν
579 3027 773 3097 ἕχουσα
806 3031 974 3099 μόνην
994 3029 1056 3082 οὐ
1084 3029 1281 3100 διαιρεῖ
1308 3030 1407 3100 τὴν
1437 3033 1578 3086 κατά
1627 3031 1790 3101 φύσιν
1824 3032 2009 3100 ἑνότη-

437 3134 528 3172 τα.
562 3119 674 3183 Καὶ
706 3119 901 3182 πολλὰς
947 3120 1111 3183 ἄλλας
1145 3123 1291 3185 εἰκὸς
1320 3118 1461 3177 εἶναι
1497 3108 1758 3195 διαῲοράς
1801 3124 1900 3193 τῆς
1950 3140 2009 3177 τε

2081 655 2307 708 luntalis
2334 655 2445 708 sint
2480 668 2668 723 opera,
2699 662 2970 721 quatenus
3004 661 3087 705 est
3126 660 3180 705 et
3228 650 3348 702 aliis
3385 648 3625 703 beneﬁca
3648 686 3660 699 .

2082 743 2218 800 Nam
2256 761 2472 812 semper
2525 745 2745 799 volebat
2798 743 2914 796 fore
2938 751 2998 797 ut
3033 742 3268 796 mundus
3333 750 3495 804 esset,
3558 756 3663 792 non

2083 849 2262 891 autem
2297 848 2352 889 ut
2388 852 2604 906 semper
2635 835 2926 890 exsisteret
2960 847 3101 899 ;nec
3128 833 3271 887 enim
3318 841 3441 900 pote
3470 830 3667 886 fuisset

2084 932 2235 984 illum
2258 944 2475 997 semper
2501 942 2627 982 esse
2647 935 2745 980 aut
2775 925 2915 987 fore,
2939 940 3004 978 ex
3025 938 3256 992 quorum
3287 924 3458 977 altero
3481 937 3671 977 conse-

2084 1022 2271 1091 quitur
2292 1030 2348 1075 ut
2373 1034 2652 1090 nunquam
2674 1019 2978 1081 exsisteret,
2997 1032 3061 1070 ex
3091 1016 3260 1068 altero
3285 1022 3342 1067 ut
3364 1015 3638 1068 exsisteret
3655 1053 3671 1078 ,

2086 1111 2302 1167 tametsi
2350 1125 2629 1181 nunquam
2687 1107 2940 1164 eli‘ectus.
3000 1106 3127 1161 Haec
3170 1107 3334 1175 igitur
3359 1115 3561 1158 aeterna
3590 1104 3675 1157 in-

2089 1203 2394 1275 telligentia
2455 1219 2518 1258 ex
2566 1203 2778 1271 integro
2822 1215 2928 1254 una
2987 1198 3164 1253 estin
3223 1197 3399 1265 primo
3465 1196 3673 1250 intelle-

2089 1306 2181 1349 ctu
2216 1295 2386 1367 signis
2413 1304 2622 1348 tantum
2655 1293 2725 1348 ab
2748 1291 3102 1361 intelligentia
3125 1290 3381 1343 discreta.
3406 1286 3671 1341 Praeterea

2092 1388 2148 1443 in
2173 1386 2413 1443 humano
2439 1387 2716 1443 intellectu
2744 1385 2892 1441 aliud
2923 1393 3007 1439 est
3034 1398 3146 1437 rem
3181 1381 3507 1450 intelligere,
3531 1379 3678 1435 aliud

2095 1478 2522 1535 intellectionem
2554 1479 2907 1542 intellectam,
2936 1491 3059 1530 cum
3088 1475 3154 1530 ad
3179 1474 3456 1544 propriam
3483 1488 3679 1541 opera-

2095 1570 2297 1625 tionem
2319 1570 2626 1639 intellectus
2642 1569 3013 1635 convertitur;
3035 1567 3177 1622 unde
3194 1566 3313 1620 alite
3332 1576 3453 1619 sunt
3474 1579 3678 1626 rerum,

2095 1662 2214 1716 alia:
2241 1661 2308 1716 de
2338 1662 2505 1717 rebus
2538 1662 2966 1717 intellectionum
2992 1658 3219 1713 notitiae.
3255 1655 3451 1711 Verum
3477 1656 3582 1709 hoc
3616 1656 3671 1708 in

2100 1758 2206 1814 Deo
2234 1772 2342 1811 non
2374 1755 2657 1813 differunt.
2680 1755 2910 1809 Aliunde
2935 1754 3075 1808 ratio
3098 1760 3154 1807 ct
3183 1753 3437 1806 voluntas
3491 1750 3543 1804 in
3580 1749 3680 1803 bo-

2100 1853 2245 1909 mine
2262 1868 2370 1909 non
2397 1867 2582 1907 revera
2605 1851 3017 1922 distinguuntur
3042 1864 3167 1919 erga
3195 1856 3609 1917 cognoscentem
3631 1855 3682 1898 ιιι

2098 1945 2371 2001 volentem
2408 1943 2766 1999 intellectum.
2786 1942 3037 1995 Divinum
3066 1955 3195 1995 vero
3217 1939 3454 1994 Verbum
3483 1947 3539 1992 et
3560 1937 3685 2006 Spi-

2098 2039 2239 2094 ritus
2263 2036 2737 2093 sanctus-realiter
2758 2049 2787 2088 a
2812 2034 2970 2089 Patre
3004 2032 3434 2099 distinguuntur.
3456 2028 3589 2083 Nam
3615 2030 3687 2082 il-

2097 2131 2172 2185 lic
2205 2137 2422 2200 oportet
2452 2137 2512 2183 ut
2550 2127 2623 2182 sit
2650 2137 2859 2181 naturae
2890 2122 3336 2187 summaunitas,
3365 2122 3556 2183 ut_Deo
3589 2135 3687 2189 par

2098 2232 2204 2289 est,
2235 2230 2291 2278 et
2316 2236 2441 2277 vera
2481 2220 2736 2277 similiter
2774 2218 3099 2275 cteﬂ'ectiva
3133 2215 3444 2279 distinctio,
3486 2213 3686 2267 unitati

2100 2325 2278 2371 tamen
2336 2321 2547 2369 natura;
2601 2311 2828 2366 minimc
2881 2310 3131 2365 obstans.
3165 2305 3380 2361 Etenim
3441 2304 3681 2357 indivisa

2099 2416 2152 2464 et
2182 2405 2488 2477 personalis
2511 2405 2799 2459 distinctio
2823 2419 2943 2473 qua:
2974 2404 3027 2457 in
3075 2402 3344 2456 creaturis
3401 2396 3696 2451 materiam

2103 2499 2267 2553 habet
2300 2511 2550 2559 causam,
2610 2494 2851 2564 approbe
2895 2507 2991 2562 per
3040 2489 3359 2560 hujusmotli
3428 2501 3695 2542 numeros

2103 2600 2355 2646 naturam
2386 2588 2599 2645 dividit.
2628 2585 2734 2642 Sed
2770 2586 2912 2655 apud
2941 2582 3408 2652 simplicissimum
3443 2588 3495 2633 et
3528 2579 3689 2633 intel-

2102 2682 2524 2748 ligentissimum
2562 2679 2754 2743 Deum,
2786 2692 2913 2732 cum
2944 2692 3012 2731 ex
3070 2673 3398 2744 intelligibili
3468 2680 3687 2725 tantum

2103 2773 2366 2829 relatione
2388 2786 2610 2828 causam
2647 2770 2868 2831 habeat.
2899 2777 3110 2845 natura:
3146 2752 3254 2821 non
3286 2763 3480 2819 dividit
3509 2763 3690 2817 unita-

2105 2875 2234 2923 tem.
2264 2865 2375 2920 Nec
2401 2864 2522 2920 aliis
2559 2863 2749 2933 paucis
2780 2861 3136 2931 probabiliter
3160 2859 3304 2913 inter
3338 2872 3398 2912 sc
3421 2856 3687 2911 diﬂ‘eruut

2106 2958 2349 3013 increata
2387 2956 2793 3026 Trinitas-apud
2853 2955 3047 3020 Deum,
3099 2962 3154 3008 et
3210 2952 3355 3022 apud
3415 2933 3690 3004 hominem

2108 3059 2312 3107 creata.
2346 3050 2414 3103 At
2465 3049 2822 3118 quantumvis
2852 3047 3037 3101 multa:
3063 3046 3176 3102 sint
3205 3046 3320 3100 bare
3378 3040 3695 3098 dilicrcutia‘.

2111 3156 2217 3197 non
2259 3150 2439 3197 cessat
2476 3141 2529 3195 in
2549 3140 2817 3195 Triuilate
2850 3140 3242 3210 proprietatum
3278 3152 3375 3193 seu
3435 3148 3697 3204 persona-

438 3208 692 3285 ἀκτίστου
725 3210 952 3280 Τριάδος
985 3212 1042 3264 ὲν
1074 3211 1154 3283 τῷ
1184 3212 1304 3284 Θεῷ
1334 3216 1428 3268 καὶ
1470 3217 1569 3284 τῆς
1631 3217 1690 3269 ἐν
1740 3213 2011 3286 ἀνθρώπῳ

2117 3247 2237 3288 rum
2265 3231 2614 3287 assimilatio.
2667 3229 2959 3287 Permanet
3005 3244 3135 3284 vero
3177 3227 3335 3297 juxta
3386 3224 3691 3296 processio-

438 3301 663 3370 κτιστῆς
696 3317 711 3327 ·
744 3301 880 3356 ἀλλά
909 3303 965 3357 δὲ
999 3305 1139 3374 μετά
1169 3306 1441 3361 τοσούτων
1467 3307 1575 3361 τῶν
1604 3308 1875 3380 διαφόρων
1918 3308 2007 3362 οὐ·

436 3393 526 3447 δὲν
552 3387 771 3466 ἦττονή
806 3396 944 3450 κατά
973 3397 1074 3466 τὴν
1099 3398 1292 3469 τριάδα
1339 3398 1448 3453 τῶν
1482 3400 1788 3472 ἰδιωμάτων
1833 3401 1866 3473 ἢ
1898 3402 2010 3456 τῶν

441 3486 792 3541 ὑποστάσεων
821 3488 1078 3558 ὁμοίωσις
1110 3490 1260 3559 μένει
1283 3506 1297 3522 ·
1322 3493 1414 3547 καὶ
1439 3491 1552 3547 ἔστι
1578 3493 1718 3547 κατά
1745 3494 1846 3565 τὴν
1876 3495 2009 3565 πρό·

440 3576 559 3629 οδον
585 3576 764 3629 αὐτῶν
796 3578 889 3631 καὶ
919 3578 1020 3650 τὴν
1052 3578 1207 3646 τάξιν
1240 3582 1333 3634 καὶ
1361 3580 1453 3636 τὸν
1479 3582 1576 3653 τῆς
1597 3583 1826 3654 προόδου
1855 3582 2012 3652 λόγον

442 3682 503 3720 τε
529 3667 623 3732 καὶ
645 3667 745 3735 τῆς
772 3668 977 3734 τάξεως
993 3669 1089 3723 καὶ
1118 3670 1217 3739 τὴν
1249 3672 1307 3725 ὲν
1342 3671 1422 3744 τῷ
1446 3672 1642 3744 πλήθει
1693 3675 1854 3728 πάλιν
1900 3675 2013 3728 ένό‹

446 3778 584 3831 τητα
607 3762 705 3831 τῆς
737 3762 923 3827 οὐσίας
960 3768 1057 3818 καὶ
1093 3763 1325 3818 καθόλου
1356 3767 1513 3833 φάνει
1565 3765 1662 3837 τὴν
1694 3768 2009 3838 νοερότητα.

451 3854 513 3908 Et
543 3854 598 3907 δὲ
632 3854 767 3924 μετά
796 3855 1051 3926 πλείστης
1079 3855 1197 3909 ἐκεῖ
1227 3856 1328 3926 μὲν
1355 3857 1454 3926 τῆς
1485 3856 1779 3927 ὑπεροχῆς,
1829 3858 2017 3912 ἐνταῦ-

446 3946 515 4001 θα
536 3946 595 3999 δὲ
625 3948 723 4016 τῆς
759 3947 1024 4014 ὑφέσεως,
1044 3949 1223 4002 καίτοι
1255 3949 1358 4003 κᾶν
1405 3947 1485 4018 τῷ
1539 3950 1796 4018 κτίσματι
1849 3950 2015 4018 πολλή

447 4057 531 4102 τις
573 4041 766 4110 ὁρᾶται
797 4040 1029 4109 διαφορά
1053 4040 1151 4109 τῆς
1172 4041 1377 4103 είκόνος
1402 4056 1419 4071 ⁵
1475 4041 1508 4111 ἡ
1535 4039 1632 4109 μὲν
1654 4043 1761 4111 γὰρ
1790 4043 1899 4104 τοῖς
1928 4041 2018 4094 ἀν-

449 4129 689 4200 θρῴποις
716 4129 872 4196 ὲδόθη
902 4133 1037 4185 πᾶσι
1058 4131 1229 4202 δῶρον
1251 4131 1431 4185 κοινὸν
1463 4131 1707 4202 μείζονος
1736 4126 2020 4197 κοινωνίας

450 4225 592 4295 ἀρχὴ
617 4221 758 4277 κατὰ
785 4222 876 4278 τὸν
911 4222 1172 4295 μέλλοντα
1213 4223 1326 4294 βίον
1364 4226 1477 4286 τοῖς
1518 4223 1773 4277 ἐνταυθοῖ
1837 4224 2018 4288 καλῶς

452 4314 815 4387 κεχρημένοις
849 4331 865 4347 ⁸
891 4316 992 4386 οὐχ
1023 4314 1224 4386 ὁμοίως
1250 4316 1306 4369 δὲ
1338 4316 1536 4379 πάντες
1566 4317 1736 4384 αὐτῆς
1781 4317 2021 4370 ἀπολαύ-

452 4424 624 4474 ουσιν,
653 4408 765 4463 ἀλλ’
790 4410 839 4461 οί
871 4408 970 4479 μὲν
1004 4406 1273 4477 μορφοῦσι
1318 4410 1418 4479 τὴν
1448 4409 1840 4477 εὐγενεστάτην
1894 4427 2024 4463 ταυ-

453 4518 553 4570 την
581 4501 678 4570 τῆς
701 4502 914 4571 φύσεως
945 4499 1297 4573 παρασκευὴν
1347 4503 1441 4554 καὶ
1474 4503 1653 4571 οἰκείᾳ
1706 4502 2024 4573 προαιρέσει

454 4610 513 4648 τε
546 4596 640 4649 καὶ
668 4594 868 4665 σπουδῇ
902 4596 997 4647 καὶ
1023 4593 1084 4646 τὸ
1113 4592 1306 4654 κάλλος
1336 4592 1506 4663 αὐτῆς
1534 4592 1782 4657 ἐξάπτειν
1817 4594 2029 4648 ποιοῦσι

2119 3336 2240 3376 nem
2275 3336 2464 3376 earum
2493 3332 2548 3376 et
2571 3321 2843 3387 ordinem,
2876 3318 3364 3390 processionisque
3395 3325 3448 3372 et
3476 3314 3697 3386 ordinis

2112 3413 2333 3467 modum
2370 3422 2532 3481 atque
2553 3412 2714 3467 etiam
2752 3413 2908 3481 juxta
2946 3412 3275 3467 substantia)
3351 3409 3611 3464 unitatem
3642 3408 3697 3461 in

2113 3504 2444 3576 pluralitate,
2476 3521 2539 3560 ac
2570 3520 2678 3559 uno
2712 3504 2933 3560 tandem
2968 3505 3134 3560 verbo
3168 3501 3695 3573 intelligibilitatem.

2115 3594 2271 3662 Quod
2300 3597 2345 3649 si
2389 3610 2514 3650 cum
2579 3595 2752 3650 multa
2790 3595 2901 3650 illic
2955 3594 3337 3664 praecellentia,
3372 3592 3464 3645 hic
3519 3598 3698 3644 autem

2116 3684 2514 3755 imperfectins,
2556 3685 2729 3739 multa
2761 3685 2961 3739 iterum
2997 3686 3049 3739 in
3080 3692 3335 3740 creatura
3391 3680 3697 3735 dilierentia

2117 3773 2364 3827 cernitur
2396 3772 2462 3826 ab
2488 3773 2746 3842 imagine,
2769 3786 2895 3841 qua:
2926 3770 3144 3840 quidem
3176 3770 3430 3824 omnibus
3459 3768 3585 3823 data
3616 3775 3703 3822 est

2117 3865 2810 3920 hominibusutcommune
2840 3865 3042 3919 donum
3078 3864 3303 3930 majoris
3334 3861 3700 3918 communica-

2122 3956 2286 4011 tionis
2311 3955 2656 4025 prineipium,
2676 3970 2870 4024 nempe
2893 3956 2945 4009 in
2976 3955 3156 4009 futura
3186 3954 3295 4008 vita
3328 3955 3415 4010 bis
3439 3955 3531 4024 qui
3567 3970 3706 4024 prte-

2121 4034 2261 4100 sentt
2283 4054 2426 4099 recte
2452 4043 2532 4097 usi
2561 4041 2759 4097 fuerint
2784 4057 2799 4097 :
2821 4059 2928 4097 non
2955 4050 3137 4096 autem
3165 4056 3358 4097 omnes
3385 4042 3589 4111 pariter
3611 4041 3700 4094 illa

2123 4134 2425 4202 fruuntur;
2455 4135 2549 4189 sed
2592 4134 2683 4188 alii
2734 4135 3217 4203 generosissimum
3280 4134 3433 4187 illum
3496 4143 3706 4187 naturae

2124 4239 2441 4299 apparatum
2502 4227 2778 4283 voluntate
2807 4237 2859 4280 et
2895 4228 3257 4281 contentione
3294 4228 3518 4296 propria
3544 4225 3709 4282 οσον-ι

2126 4328 2298 4384 mant,
2349 4316 2580 4387 ejusque
2633 4316 2947 4371 accendunt
3007 4314 3473 4384 pulchritudinem
3530 4322 3587 4368 et
3637 4313 3713 4367 ad

2126 4412 2294 4466 caelos
2324 4425 2497 4480 usque
2548 4409 2856 4475 extollunt;
2889 4409 2979 4462 alii
3016 4416 3204 4463 cotttra
3273 4409 3422 4463 velut
3482 4406 3632 4461 iners
3655 4414 3712 4459 et

2130 4506 2365 4563 informe
2396 4505 2676 4576 quidpiam
2712 4506 2861 4559 illum
2901 4505 3124 4560 inscitia
3158 4513 3253 4559 aut
3300 4504 3504 4559 malitia
3548 4504 3711 4557 obru—

2137 4608 2251 4653 tum
2288 4599 2515 4653 missum
2561 4598 2785 4654 faciunt.

454 4692 550 4744 καὶ
586 4693 777 4763 μέχρις
802 4650 1045 4761 οθιρανὼν
1073 4689 1302 4756 ἀνιέναι,
1328 4692 1435 4754 τοῖς
1463 4650 1520 4744 δὲ
1552 4689 1720 4762 ἀργόν
1753 4709 1806 4743 τι
1833 4692 2021 4763 χρῆμα
2062 4650 2190 4747 καῖή
2226 4650 2477 4765 suo}:er
2546 4650 2935 4751 καταλείπεται
3001 4692 3214 4764 ἀμαθίᾳ
3246 4650 3716 4761 -συγκαλυπτόμε-

452 4805 539 4841 νον
572 4789 604 4860 ἢ
632 4788 885 4860 πονηρίᾳ.

529 4883 637 4935 Καὶ
690 4884 865 4936 ταῦτα
898 4881 997 4949 μὲν
1052 4867 1230 4936 πάντα
1281 4881 1411 4953 περὶ
1442 4881 1541 4952 τῆς
1591 4881 1743 4947 θείας
1799 4882 2027 4950 Τριάδος
2063 4888 2107 4943 D

457 4978 589 5043 πρὸς
614 4974 742 5038 τοὺς
765 4973 869 5038 ἔξω
895 4973 988 5027 καὶ
1020 4972 1238 5043 εἴρηται
1270 4974 1365 5026 καὶ
1412 4970 1666 5041 λέγεσθαι
1718 4976 1817 5040 δεῖ,
1847 4974 1919 5038 ὡς
1965 4974 2030 5028 ἐκ

455 5082 598 5130 τινος
630 5065 806 5135 ἀρχῆς
838 5066 971 5135 ἡμῖν
1001 5081 1061 5118 τε
1115 5066 1209 5119 καὶ
1265 5048 1493 5129 ἐκείνοις
1558 5067 1741 5135 κοινῆς
1781 5069 1879 5137 τῆς
1933 5066 2028 5120 τοῦ

455 5158 697 5220 Μωσέως
729 5156 1077 5220 διδασκαλίας
1104 5174 1119 5190 ·
1158 5158 1291 5227 ἡμῖν
1333 5158 1390 5210 δὲ
1442 5159 1599 5226 λόγου
1661 5159 1859 5222 παντὸς
1908 5160 2032 5211 ὲπὲ-

454 5264 610 5301 κεινα
634 5246 733 5318 τὴν
762 5248 890 5316 περὶ
923 5246 1128 5300 τούτων
1155 5249 1336 5302 πίστιν
1374 5248 1536 5312 αὐτὸς
1563 5249 1591 5302 ὁ
1620 5248 1762 5310 θεῖος
1806 5248 2032 5321 ἐνέθηκε

457 5341 645 5407 Λόγος.
679 5336 882 5391 Τούτου
906 5338 1065 5408 χάριν
1088 5339 1187 5407 τὴν
1214 5339 1486 5410 ἡμετέραν
1517 5339 1732 5407 ἀληθῶς
1784 5339 1883 5408 μὲν
1912 5342 2034 5393 θεοκ

457 5427 673 5499 πρεπῶ,
713 5428 769 5481 δὲ
796 5427 946 5497 ὅμως
973 5427 1410 5497 προσλαϐόμενος
1445 5427 1629 5495 φύσιν,
1650 5427 1744 5481 καὶ
1778 5424 1956 5494 δόξαις
1978 5447 2036 5483 τε

454 5523 573 5584 ταῖς
602 5519 827 5592 ἀληθέσι
851 5521 981 5589 περὶ
1008 5519 1106 5574 τοῦ
1131 5521 1291 5590 μόνου
1319 5521 1455 5574 Θεοῦ
1488 5523 1584 5577 καὶ
1609 5523 1768 5591 μόνου
1801 5521 1912 5574 τῶν
1950 5521 2037 5574 όν-

455 5628 562 5663 των
595 5611 812 5664 πάντων
839 5611 1015 5663 αἰτίου
1065 5612 1157 5663 καὶ
1206 5609 1390 5680 νόμοις
1418 5611 1546 5681 περὶ
1579 5608 1675 5663 τοῦ
1709 5609 1859 5681 βιοῦν
1891 5612 2037 5682 ἔχειν

455 5703 631 5772 ὀρθῶς
659 5703 966 5772 ἐκόσμησεν
997 5704 1147 5771 ἡμᾶς
1176 5704 1239 5756 ἐκ
1276 5705 1377 5772 τῆς
1425 5704 1556 5774 πρὶν
1588 5685 1879 5771 ἀκοσμίας,
1910 5705 1974 5773 ἣν
2007 5702 2034 5753 ὁ

458 5795 549 5847 τοῦ
568 5794 797 5863 ψεύδους
817 5794 1000 5864 πατὴρ
1017 5795 1149 5864 ἡμῖν
1171 5788 1672 5866 ἐπεσὼρευσενιούκ
1699 5795 1765 5848 ἂν
1787 5795 2040 5865 δυνηθεὶς

460 5894 515 5960 ἡ,
542 5884 616 5941 ὦν
641 5885 699 5939 τὸ
731 5885 846 5940 δέον
895 5885 1043 5942 ἅπαν
1059 5885 1401 5956 τηρούντων.
1432 5887 1570 5955 Δόξα
1600 5886 1776 5941 τοίνυν
1821 5886 1895 5956 τῷ
1936 5886 2043 5942 A6—

2222 4882 2346 4938 llaac
2378 4881 2563 4937 omnia
2593 4882 2661 4937 de
2692 4881 2880 4937 divina
2914 4878 3187 4934 Trinitatc
3216 4878 3283 4933 ad
3323 4892 3417 4932 eos
3456 4874 3716 4946 quiil‘oris

2145 4983 2275 5031 sunt
2321 4974 2531 5029 dictum
2579 4973 2983 5042 dicendumque
3025 4982 3132 5038 est,
3178 4985 3242 5024 ex
3282 4968 3521 5039 ‘quodam
3557 4969 3717 5037 quasi

2137 5064 2412 5136 principio
2456 5064 2615 5119 nobis
2658 5071 2712 5118 et
2754 5063 2890 5132 ipsis
2920 5061 3233 5126 communi,
3292 5059 3461 5114 Musis
3518 5073 3715 5127 nempe

2140 5157 2412 5211 doctrina.
2450 5154 2624 5211 Nobis
2679 5163 2860 5208 autem
2902 5165 3100 5223 prauer
3146 5165 3309 5204 omne
3360 5148 3710 5227 ratiocinium

2140 5247 2275 5304 ildes
2307 5248 2377 5303 ab
2410 5248 2528 5317 ipso
2552 5246 2738 5302 divino
2770 5244 2947 5300 Verbo
2982 5245 3050 5298 de
3083 5242 3167 5296 bis
3194 5241 3401 5295 inserta
3433 5246 3536 5296 est.
3570 5238 3713 5305 Qua-

2142 5345 2366 5409 propter
2396 5346 2648 5391 natttram
2685 5343 2925 5389 nostram
2959 5348 3086 5387 vere
3109 5375 3124 5397 ,
3162 5330 3271 5386 Deo
3307 5340 3489 5384 tamen
3523 5329 3713 5384 condi-

2141 5445 2244 5499 gne
2286 5428 2594 5498 suscipiens
2621 5438 2673 5481 et
2699 5427 2841 5481 veris
2879 5426 3175 5480 sententiis
3203 5425 3269 5479 de
3302 5439 3409 5478 uno
3444 5422 3552 5478 Deo
3591 5424 3710 5477 solo

2141 5531 2460 5576 cunctorum
2485 5518 2691 5573 entium
2730 5526 2954 5572 auctore
2985 5526 3041 5570 ct
3067 5516 3272 5584 legibus
3296 5516 3362 5568 ad
3396 5514 3713 5583 dirigendos

2142 5626 2320 5666 mores
2352 5625 2453 5664 nos
2486 5610 2811 5675 exornavit,
2849 5607 3021 5677 priori
3054 5616 3237 5662 amoto
3268 5605 3538 5661 dedecore
3566 5605 3711 5675 quod

2143 5703 2196 5756 in
2246 5717 2345 5757 nos
2392 5699 2660 5755 mendacii
2707 5710 2865 5771 pater
2895 5708 3271 5770 congesserat,
3306 5714 3412 5753 non
3464 5698 3537 5753 ita
3565 5707 3714 5753 certe

2114 5795 2378 5861 ,laesurus
2412 5793 2459 5849 si
2486 5807 2585 5849 nos
2619 5792 2864 5863 approbo
2890 5792 3239 5846 stetissemns
3275 5789 3503 5860 legibus.
3530 5788 3713 5847 Gloria

2149 5887 2317 5956 igitur
2348 5883 2522 5943 Verbo
2552 5885 2642 5942 Dei
2672 5896 2724 5942 et
2761 5884 2900 5942 Filio
2934 5885 3029 5952 qui
3062 5891 3212 5941 tanta
3243 5883 3398 5940 nobis
3430 5882 3564 5938 bona
3604 5882 3713 5940 lar,
