4062 6404
277 421 383 486 595

1367 428 1748 488 GENNADII
1790 429 1899 490 ΟΡ.
1943 431 2462 497 PATRIARCH/E

3426 445 3534 508 596

273 533 419 601 gitus
455 538 536 585 cst
567 530 712 586 haud
741 532 923 600 qualia
976 541 1184 588 tantum
1239 537 1494 592 omnibus
1530 540 1755 594 cutibus
1800 543 1853 589 et

1970 558 2038 613 τῳ
2069 545 2162 598 τοῦ
2186 544 2322 599 Θεοῦ
2349 547 2442 600 καὶ
2495 545 2610 616 Υίῷ
2644 546 2916 603 τοσούτων
2949 549 3129 604 καλῶν
3178 553 3313 622 ἡμῖν
3358 553 3534 623 ὑπόρε-

273 620 534 689 operibus
570 621 706 684 suis,
737 622 830 675 sed
859 623 1024 676 etiam
1062 625 1278 678 cunctis
1324 630 1638 695 praestantia
1669 646 1847 700 eaque

274 721 561 779 perpetuo,
590 727 764 780 neque
796 714 972 767 solum
1002 717 1261 772 oinnibus
1289 734 1410 783 una,
1449 723 1544 774 sed
1579 732 1633 775 et
1659 723 1848 790 singu-

278 802 450 856 latim.
493 802 614 870 Ipse
645 805 788 857 ειιίηι
823 807 892 860 ab
929 815 1134 862 aeterno
1166 825 1266 864 nos
1322 825 1379 865 et
1425 815 1688 867 mundum
1726 815 1850 868 nni~

275 909 494 948 versum
527 911 692 964 penes
713 912 772 951 se
800 897 993 951 habuit
1025 900 1459 970 itttelligibiliter,
1480 905 1544 958 ad
1575 914 1725 959 extra
1759 922 1855 958 au-

280 994 385 1037 tem
413 987 786 1054 temporaliter
817 989 1096 1057 produxit,
1117 991 1278 1044 simul
1303 1003 1358 1046 et
1395 1003 1612 1063 tempus
1649 995 1854 1051 faciens

279 1092 417 1146 opus
445 1087 683 1144 paterna
706 1091 759 1135 et
791 1082 1053 1151 sapientis
1087 1084 1364 1139 bonitatis.
1389 1087 1508 1154 Ipse
1546 1087 1856 1142 admirabili

283 1169 698 1238 dispensatione
747 1187 848 1226 nos
879 1175 1240 1242 spiritualiter
1273 1177 1598 1232 instauravit
1641 1190 1695 1232 et
1743 1195 1854 1234 una

282 1264 562 1318 curatione
609 1280 637 1316 a
683 1266 949 1320 diuturno
970 1276 1022 1321 et
1072 1269 1361 1338 multiplici
1409 1273 1601 1326 morbo
1646 1273 1857 1327 sanavit

285 1356 357 1409 ob
386 1356 632 1412 eamdem
664 1358 987 1422 bonitatem,
1017 1369 1276 1430 tauquam
1311 1364 1560 1434 egregius
1612 1365 1858 1422 medicus

288 1465 504 1514 unaque
531 1461 684 1519 pater
705 1461 759 1505 et
788 1451 1073 1507 Dominus.
1101 1454 1221 1522 Ipse
1257 1457 1502 1512 moribus
1534 1472 1597 1510 ac
1625 1457 1728 1512 (ide
1758 1474 1859 1513 nos

287 1541 544 1605 instituit,
581 1542 743 1597 ﬁdem
777 1545 984 1599 scilicet
1013 1546 1250 1602 edocens
1296 1557 1351 1602 et
1382 1549 1622 1604 cmlestis
1661 1561 1864 1622 myste-

285 1632 428 1686 rium
447 1632 730 1688 Trinitatis
765 1634 995 1703 pulchre
1024 1636 1182 1690 nobis
1218 1653 1498 1702 reserans,
1533 1655 1646 1708 quo
1683 1642 1858 1694 solum

288 1724 474 1794 agnito
507 1739 648 1778 unus
683 1725 823 1780 Deus
851 1727 957 1781 rite
987 1743 1051 1781 ac
1083 1728 1323 1797 legitime
1359 1731 1465 1783 coli
1500 1739 1714 1799 potest;
1747 1748 1861 1785 mo-

292 1831 414 1868 rum
461 1824 643 1870 autem
699 1816 810 1871 dux
847 1817 1074 1874 eﬂ'ectus
1129 1835 1235 1874 ncn
1283 1822 1566 1892 praeceptis
1615 1832 1856 1877 tantum-

293 1907 474 1972 modo,
501 1907 596 1961 sed
626 1908 741 1962 suis
772 1909 938 1964 etiam
970 1912 1256 1982 exemplis.
1282 1911 1365 1968 Ad
1401 1925 1651 1967 neutrum
1680 1925 1858 1970 tamen

291 1998 607 2068 huiusmodi
644 2000 910 2054 bonorum
965 2018 1066 2056 nos
1117 2004 1298 2072 adegit
1336 2006 1662 2073 (cavendum
1715 2007 1858 2060 enim

292 2105 359 2143 nc
391 2090 663 2158 perderet,
697 2106 820 2145 cum
860 2092 1073 2148 salvare
1099 2095 1326 2164 vellet);
1377 2097 1472 2151 sed
1507 2097 1865 2167 impedimen-

292 2189 404 2233 tum
434 2193 656 2236 αξιοι-ηαξ
678 2184 801 2237 vitae
827 2183 1108 2253 insperato
1139 2185 1322 2251 solvit,
1347 2188 1522 2242 labem
1553 2189 1765 2243 scilicet
1795 2205 1860 2244 ex

288 2271 658 2340 generationis
683 2274 893 2328 semine
919 2286 1271 2346 propagatam
1299 2291 1315 2343 ;
1351 2277 1708 2346 quamobrem
1738 2293 1860 2336 sese

301 2364 575 2433 spoliavit,
605 2373 678 2428 et,
709 2381 938 2435 corpore
963 2377 1244 2436 suscepto,
1279 2381 1494 2437 pmnam
1522 2369 1678 2424 nobis
1709 2369 1864 2426 debi-

302 2468 409 2510 tam
440 2457 494 2511 in
531 2472 696 2512 carne
735 2473 833 2512 sua
867 2459 965 2513 luit
993 2474 1114 2528 quae
1149 2461 1284 2517 nihil
1324 2472 1678 2532 peccaverat;
1714 2464 1865 2517 ﬁlio-

293 2564 416 2602 rum
449 2557 630 2603 autem
656 2549 882 2604 arbitrio
915 2551 1188 2622 ﬁdemque
1223 2563 1277 2608 et
1301 2555 1440 2610 bona
1466 2571 1628 2625 opera
1663 2571 1866 2626 propo-

294 2643 428 2708 suit,
465 2658 608 2713 quos
637 2629 829 2707 etiam,
856 2653 1078 2714 propter
1101 2645 1470 2700 omnimodam
1496 2644 1865 2700 difﬁcultatem

294 2737 517 2805 utrique
549 2745 987 2806 repugnantem,
1034 2737 1152 2795 suis
1191 2754 1300 2793 non
1332 2737 1578 2792 destituit
1623 2737 1867 2792 auxiliis.

295 2830 414 2899 Ipse
450 2829 608 2885 nobis
651 2830 820 2885 Deum
853 2841 912 2886 et
941 2829 1157 2885 Patrem
1190 2829 1558 2884 manifestavit
1581 2829 1650 2885 ab
1675 2830 1767 2884 illo
1794 2831 1872 2885 vi-

297 2922 484 2978 cissim
511 2922 768 2978 omnibus
803 2921 981 2977 modis
1012 2922 1414 2977 manifestatus.
1441 2919 1563 2991 Ipse
1605 2930 1659 2977 ct
1693 2920 1872 2990 Spiri-

303 3024 418 3068 tum
446 3023 696 3070 sanctum
731 3014 891 3069 nobis
927 3013 1187 3068 revelavit
1238 3013 1302 3067 ad
1356 3011 1620 3082 majorem
1676 3025 1874 3080 nempe

306 3108 391 3162 sui
421 3107 836 3173 revel'ntionem,
861 3107 989 3162 licet
1020 3117 1179 3162 antea
1209 3121 1308 3177 pro
1335 3116 1643 3174 temporum
1675 3120 1872 3175 oppor-

1959 634 2110 699 ξαντι
2155 638 2267 700 τοϊς
2329 637 2658 708 ἀνθρώποις,
2703 641 2764 693 οὐ
2801 639 2940 710 μετὰ
2988 641 3208 696 πάντων
3242 643 3403 714 μόνον
3428 647 3537 700 τῶν

1953 728 2122 781 δντων
2153 745 2212 782 τε
2245 731 2343 784 καὶ
2372 730 2548 800 ἔργων
2592 732 2780 799 αὐτοῦ,
2833 732 2969 786 ἀλλὰ
3028 734 3121 786 καὶ
3170 735 3309 806 ὑπὲρ
3359 739 3536 792 πάντα

1953 818 2048 871 καὶ
2082 819 2213 889 πρὸς
2272 819 2449 890 τούτῳ
2477 821 2766 888 διηνεκῶς,
2801 822 2922 875 οὐδὲ
2947 825 3084 876 πᾶσι
3143 825 3303 891 μόνον
3340 829 3535 890 κοινῶς

1954 913 2088 966 ἀλλὰ
2117 915 2211 967 καὶ
2234 914 2398 984 χωρίς
2433 915 2668 984 ἑκάστῳ.
2702 915 2874 979 Αὐτὸς
2909 917 3018 986 γὰρ
3039 917 3132 970 καὶ
3169 919 3356 981 ἀϊδίως
3387 921 3534 988 ἡμᾶς

1954 1004 2047 1058 τόν
2067 1022 2128 1058 τε
2160 1005 2453 1072 σύμπαντα
2480 1006 2683 1074 κόσμον
2725 1003 2838 1076 εἶχε
2899 1007 3035 1077 παρ’
3081 1008 3262 1078 ἑαυτῷ
3325 1011 3535 1081 νοητῶς

1956 1096 2048 1148 καὶ
2082 1094 2350 1164 χρονικῶς
2381 1095 2484 1161 ἔξω
2513 1099 2862 1167 παρήγαγεν,
2905 1097 3023 1164 ἅμα
3054 1099 3150 1151 καὶ
3194 1099 3284 1152 τὸν
3341 1100 3534 1169 χρόνον

1957 1185 2190 1254 ποιήσας
2225 1185 2387 1254 ἔργον
2422 1187 2521 1255 τῆς
2559 1189 2832 1256 πατρικῆς
2857 1188 2950 1241 καὶ
2980 1188 3148 1242 αὐτοῦ
3187 1189 3355 1257 σοφῆς
3398 1191 3534 1255 ἀγα-
3635 1234 3638 1236 ν

1960 1274 2183 1344 θότητος
2211 1291 2225 1306 ο
2265 1277 2426 1339 αὐτὸς
2459 1277 2553 1330 καὶ
2583 1277 2850 1330 ἀνέπλασε
2902 1279 3290 1346 πνευματικῶς
3323 1279 3532 1332 οίκονο·

1961 1364 2090 1434 μίας
2118 1365 2304 1438 τρόπῳ
2332 1364 2586 1430 ξενίζοντι
2616 1370 2710 1419 καὶ
2745 1366 2951 1436 μεθόδῳ
2988 1367 3087 1436 μιᾷ
3123 1367 3222 1437 τὴν
3273 1366 3536 1435 πολυχρό.

1959 1474 2071 1511 νιον
2093 1457 2249 1527 ἡμῶν
2285 1458 2378 1511 καὶ
2405 1457 2659 1528 ποικίλην
2685 1459 2984 1528 ὲξηκέσατο
3023 1459 3176 1512 νόσον
3207 1460 3271 1511 ὲκ
3303 1458 3400 1526 τῆς
3435 1459 3535 1512 αὐ-

1961 1548 2060 1617 τῆς
2080 1548 2420 1617 ἀγαθότητος
2449 1548 2524 1611 ὡς
2574 1548 2796 1615 ἄριστος
2826 1549 3010 1618 ἰατρὸς
3058 1546 3194 1617 ὁμοῦ
3227 1547 3323 1602 καὶ
3355 1551 3538 1617 πατὴρ

1961 1639 2058 1691 καὶ
2097 1638 2386 1706 δεσπότης.
2411 1637 2579 1697 Αὐτὸς
2611 1639 2760 1707 ἡμᾶς
2791 1637 3076 1706 ἐμόρφωσε
3132 1636 3227 1688 καὶ
3283 1635 3381 1709 βίῳ
3445 1635 3539 1688 καὶ

1965 1728 2169 1792 πίστει,
2206 1727 2307 1794 τὴν
2340 1727 2437 1796 μὲν
2465 1726 2680 1792 διδάξας
2733 1725 2826 1778 καὶ
2851 1723 2912 1777 τδ
2935 1725 3035 1793 τῆς
3067 1722 3317 1794 οὐρανίου
3367 1724 3534 1794 Τριά-

1964 1819 2052 1882 δος
2089 1819 2272 1882 καλῶς
2315 1820 2449 1889 ἡμῖν
2480 1817 2794 1884 ἀναπτύξας
2823 1819 3140 1889 μυστήριον,
3197 1809 3241 1884 ᾧ
3273 1815 3421 1886 μόνῳ
3445 1815 3540 1868 τὸν

1965 1909 2061 1964 ἕνα
2090 1911 2271 1965 σέϐειν
2307 1911 2442 1964 Θεὸν
2465 1911 2644 1971 καλῶς
2671 1909 2845 1965 ἔνεστι
2877 1911 2974 1964 καὶ
2998 1909 3258 1979 γνησίως,
3315 1907 3410 1961 τοῦ
3479 1906 3537 1959 δὲ

1966 2001 2286 2073 καθηγητὴς
2318 2004 2452 2072 ἡμῖν
2475 2003 2714 2072 γεγονὼς
2751 2004 2812 2058 οὐ
2838 2003 3134 2072 διδάγμασι
3175 2003 3379 2068 μόνοις,
3404 1999 3538 2052 ἀλλὰ

1966 2095 2061 2151 καὶ
2101 2093 2179 2163 τῷ
2206 2093 2333 2147 καθ’
2359 2079 2519 2147 αὑτὸν
2537 2093 2897 2162 ὑποδείγματι
2918 2109 2932 2124 ο
2962 2092 3023 2146 οὐ
3056 2091 3379 2160 βιασάμενος
3404 2088 3538 2159 πρὶς

1967 2185 2250 2255 οὐδέτερον
2318 2187 2433 2238 τοῖν
2491 2186 2636 2240 δυοῖν
2695 2187 2904 2239 τούτοιν
2955 2183 3140 2238 καλοϊν
3171 2183 3252 2254 (οὐ
3295 2181 3407 2250 γὰρ
3434 2180 3540 2233 ἔδει

1967 2276 2208 2347 φθείρειν
2239 2277 2359 2330 ἀντὶ
2392 2276 2487 2330 τοῦ
2513 2277 2750 2344 σώζειν),
2793 2275 2928 2329 ἀλλὰ
2962 2275 3023 2328 τὺ
3061 2275 3158 2344 μὲν
3186 2273 3413 2341 κώλυμα
3443 2271 3541 2339 τῆς

1967 2367 2186 2422 αίωνίου
2219 2366 2387 2430 λύσας
2421 2367 2756 2429 ἀνελπίστως
2787 2365 2934 2436 ζωῆς
2986 2365 3085 2436 τὴν
3111 2366 3172 2418 ὲκ
3225 2364 3332 2417 τῶν
3364 2377 3538 2429 σπερ-

1971 2460 2157 2528 μάτων
2180 2458 2278 2512 τοῦ
2307 2459 2499 2527 γένους
2530 2459 2909 2514 διαϐαίνουσαν
2936 2457 3136 2526 λύμην,
3164 2451 3244 2520 οἷς
3275 2456 3540 2508 ἐκένωσεν

1969 2553 2159 2607 ἑαυτὸν
2220 2555 2314 2606 καὶ
2345 2552 2438 2616 οὓς
2464 2552 2670 2621 ὑπέστη
2696 2551 2789 2606 καὶ
2842 2551 2941 2618 τὴν
2998 2547 3353 2618 ὀφειλομένην
3404 2547 3540 2614 ἡμῖν

1968 2644 2128 2713 δίκην
2154 2643 2395 2709 ἐξέτισεν
2443 2646 2500 2696 ὲν
2532 2645 2693 2712 σαρκὶ
2748 2641 2914 2714 μηδὲν
2960 2640 3324 2711 ἁμαρτούσῃ,
3358 2641 3424 2708 τῇ
3479 2636 3536 2689 δὲ

1970 2737 2289 2806 προαιρέσει
2313 2736 2426 2790 τῶν
2445 2737 2649 2790 τέκνων
2687 2736 2748 2789 τό
2777 2753 2834 2788 τε
2863 2731 3140 2786 πιστεύειν
3173 2733 3234 2785 τό
3267 2747 3326 2782 τε
3387 2726 3541 2798 βιοῦν

1970 2827 2148 2899 ὀρθῶς
2177 2827 2498 2897 ἐπιτρέψας,
2530 2829 2630 2881 οὐκ
2660 2827 2789 2879 ἄνευ
2818 2826 3002 2896 μέντοι
3031 2823 3133 2890 τῆς
3181 2821 3314 2890 παρ’
3375 2815 3541 2873 αὐτοῦ

1973 2919 2290 2989 συμμαχίας
2313 2919 2401 2972 διὰ
2432 2917 2531 2991 τὴν
2558 2917 2804 2986 ἐκατέρῳ
2835 2915 3048 2977 πολλοῖς
3097 2913 3318 2985 τρόποις
3373 2912 3544 2964 ἀπαν-

1972 3009 2156 3064 τῶσαν
2182 3009 2528 3080 δυσχέρειαν,
2555 3009 2718 3072 αὐτὸς
2754 3009 2888 3080 ἡμῖν
2907 3007 3223 3078 έφανέρωσε
3265 3003 3357 3056 τὸν
3411 3001 3542 3054 Θεὸν

1973 3102 2068 3154 καὶ
2095 3103 2316 3170 Πατέρα
2339 3103 2473 3156 πᾶσι
2505 3101 2728 3171 τρόποις
2778 3101 2868 3153 ὑπ’
2924 3099 3132 3153 ἐκείνου
3183 3095 3543 3167 φανερωθείς.

309 3201 539 3253 Innitate
576 3199 646 3253 ab
677 3199 769 3254 illo
803 3199 1074 3254 revelatus
1099 3213 1125 3266 ;.
1169 3197 1316 3254 hunc
1343 3197 1576 3268 denique
1631 3197 1867 3266 slgillum

1978 3194 2150 3258 Αὐτὸς
2185 3195 2319 3264 ἡμῖν
2358 3194 2452 3247 καὶ
2481 3194 2541 3247 τὸ
2569 3193 2795 3262 Πνεῦμα
2821 3193 2880 3246 τὸ
2912 3193 3066 3260 ἅγιον
3091 3189 3435 3261 ἐφανέρωσεν
3463 3188 3544 3250 εἰς

308 3308 536 3350 suorum
573 3291 626 3346 in
655 3307 755 3347 nos
788 3291 1200 3346 beneﬁciorum.
1233 3290 1358 3359 Ipse
1400 3289 1742 3359 singulorum
1786 3288 1874 3342 vi.

303 3398 412 3441 tam
445 3385 679 3440 ﬁliorum
713 3385 806 3455 qui
845 3383 947 3439 ﬁde
976 3394 1032 3439 et
1070 3382 1301 3438 arbitrio
1325 3391 1456 3438 suut
1484 3381 1757 3439 eﬂormati
1786 3381 1874 3436 di-

305 3474 692 3547 rigit~..0ptima
719 3490 956 3539 namque
978 3491 1042 3530 ex
1063 3475 1246 3530 animo
1267 3489 1496 3544 prorsus
1519 3473 1694 3528 libero
1712 3488 1881 3544 opor-

305 3577 384 3624 tet
409 3568 556 3638 eligi.
586 3566 882 3638 statimque
911 3565 1082 3636 gratia
1117 3567 1186 3620 ita
1219 3565 1652 3636 proponentibus
1681 3579 1876 3619 occur-

307 3661 397 3714 rit.
431 3659 635 3730 Ecquid
669 3660 1102 3714 euumerandunt
1135 3667 1212 3714 tot
1239 3658 1540 3714 manifesta:
1567 3656 1877 3712 beneﬁcen-

310 3754 398 3806 tia
443 3753 584 3807 dona
631 3766 752 3822 quae
796 3766 895 3822 pro
943 3766 1174 3807 numero
1220 3758 1276 3806 et
1316 3751 1695 3820 magnitudine
1747 3759 1877 3806 sunt

304 3843 454 3898 omni
493 3859 744 3898 sermone
778 3843 1004 3913 maiora,
1040 3843 1322 3913 soliusque
1349 3844 1639 3898 obeazcatae
1675 3843 1873 3897 animm

304 3937 478 3991 oculis
506 3936 678 3990 invisa
712 3947 929 3990 manent
957 3945 1009 3991 et
1038 3937 1218 4005 ignota
1237 3935 1555 4003 ‘l-Quoniam
1591 3951 1741 4001 vero,
1771 3937 1891 3992 etsi.

309 4026 446 4080 forte
466 4025 722 4096 proprius
745 4028 810 4078 ad
839 4025 1083 4079 divinum
1117 4023 1377 4088 Verbum,
1407 4034 1658 4080 nostrum
1682 4040 1878 4094 nempe

304 4116 488 4172 Jesum
524 4118 626 4172 hoc
653 4117 985 4176 referuntur.
1019 4135 1124 4173 una
1160 4127 1338 4174 tamen
1376 4118 1538 4174 fuerit
1574 4133 1604 4172 a
1636 4115 1796 4174 Patre
1823 4125 1890 4173 et.

306 4208 444 4264 Filio
477 4209 531 4264 iu
564 4208 769 4279 Spiritu
800 4209 998 4264 divinae
1031 4209 1462 4279 dispensationis
1489 4209 1877 4275 beneﬁcentia,

304 4318 380 4356 ex,
405 4318 622 4372 unaque
664 4303 939 4357 communi
974 4301 1331 4373 benignitate,
1364 4317 1429 4357 ac
1461 4302 1691 4373 proinde
1721 4302 1880 4357 nobis

306 4409 522 4464 semper
552 4395 779 4449 indivise
814 4397 1118 4460 omnigenum
1142 4393 1417 4450 felicitatis
1449 4405 1499 4448 et
1527 4394 1718 4449 salutis
1748 4408 1880 4464 pro-

309 4487 504 4540 dierint
535 4485 798 4548 remedia,
827 4486 973 4540 idetn
1001 4495 1082 4541 est
1108 4485 1355 4540 divinum
1387 4485 1614 4540 laudare
1635 4483 1876 4540 Verbum

310 4586 375 4628 ac
408 4581 574 4627 totam
601 4574 985 4628 concelebrare
1013 4573 1363 4638 Trinitatem,
1390 4589 1484 4630 seu
1509 4575 1688 4645 potius
1711 4590 1879 4629 unum

309 4662 366 4718 in
400 4679 760 4732 personarum
793 4663 1065 4723 Trinitate
1105 4668 1294 4725 Deum.
1332 4667 1442 4739 Ipsi
1491 4668 1664 4738 gloria
1699 4668 1751 4722 in
1781 4683 1882 4724 sre-

309 4756 455 4810 cola.
493 4756 690 4810 Atueu.

1979 3285 2151 3355 μείζω
2184 3284 2287 3356 μὲν
2320 3286 2633 3356 φανέρωσιν
2673 3283 2893 3352 ἑαυτοῦ,
2942 3284 3122 3338 καίτοι
3171 3279 3407 3351 πρόσθεν
3455 3279 3548 3332 ὐπ’

1972 3380 2184 3433 ἐκείνου
2217 3378 2552 3448 φανερωθεὶς
2590 3377 2669 3449 τῷ
2696 3377 2874 3447 καιρῷ
2921 3375 3325 3446 προσηκόντως,
3380 3388 3550 3442 σφρα-

1973 3473 2099 3542 γῖδα
2127 3472 2184 3526 δὲ
2211 3467 2317 3527 τῶν
2364 3473 2442 3535 είς
2478 3472 2626 3544 ἡμᾶς
2687 3469 3035 3541 εὐεργεσιῶν.
3092 3467 3263 3530 Αὐτὸς
3309 3465 3402 3518 καὶ
3458 3464 3550 3517 τὸν

1975 3565 2209 3619 ἑκάστου
2234 3562 2342 3618 τῶν
2367 3562 2574 3617 τέκνων
2605 3563 2719 3633 βίον
2751 3563 2925 3615 ίούνει
2953 3559 3065 3622 τῶν
3110 3559 3290 3613 πίστει
3340 3573 3400 3610 τε
3453 3555 3550 3608 καὶ

1976 3657 2295 3727 προαιρέσει
2337 3655 2914 3727 μεμορφωμένων,δεῐ
2961 3653 3071 3726 γὰρ
3109 3649 3433 3722 προελέσθαι
3480 3648 3550 3700 τὰ

1976 3751 2213 3821 κρείττω
2235 3750 2427 3821 γνώμῃ
2459 3749 2555 3821 ὅλῃ
2586 3750 2728 3820 ῥοπῇ
2757 3764 2773 3780 ο
2799 3748 2831 3818 ἡ
2859 3747 2914 3802 δὲ
2934 3747 3096 3818 χάρις
3121 3744 3280 3805 εὐθὺς
3309 3742 3548 3811 συναντᾷ

1976 3843 2092 3905 τοῖς
2128 3840 2271 3894 οὕτω
2335 3839 2782 3911 προῃρημένοιςο
2839 3838 2894 3890 τί
2936 3838 3018 3891 δεῖ
3070 3836 3430 3906 καταριθμεῖν
3481 3836 3552 3886 τὰ

1979 3934 2157 3989 πάντα
2178 3933 2412 3987 νικῶντα
2443 3933 2600 3999 λόγον
2630 3931 2709 3998 τῷ
2743 3929 2938 4000 πλήθει
2971 3947 3030 3984 τε
3055 3931 3150 3983 καὶ
3190 3927 3410 3997 μεγέθει
3445 3926 3546 3993 τῆς

1981 4026 2220 4097 φανερᾶς
2269 4024 2534 4088 εὐποιίας,
2565 4025 2598 4094 ἢ
2631 4021 2810 4092 μόνοις
2840 4025 2950 4084 τοῖς
2975 4021 3397 4091 πεπηρωμένοις
3420 4021 3550 4081 τούς

1978 4121 2079 4189 τῆς
2119 4117 2296 4188 ψυχῆς
2322 4114 2634 4186 ὀφθαλμοὺς
2667 4116 2880 4186 ἀφανὴς
2921 4114 3000 4166 ἔτι
3035 4114 3186 4183 μένει
3239 4114 3332 4166 καὶ
3369 4113 3550 4180 ἄγνω-

1982 4229 2106 4274 στος
2139 4228 2155 4278 ;
2199 4209 2354 4264 Ἐπεὶ
2376 4208 2604 4262 δ”είκαὶ
2645 4206 2929 4277 ίδιαίτερόν
2961 4222 3075 4268 πως
3114 4205 3253 4274 πρὸς
3285 4205 3378 4260 τὸν
3413 4203 3558 4256 θετον

1981 4302 2314 4374 ἀναφέρεται
2350 4301 2524 4369 Λόγον
2555 4299 2647 4352 τὸν
2691 4299 2959 4370 ἡμέτερον
2995 4297 3229 4368 Ἰησοῦν,
3276 4297 3411 4350 ἀλλὰ
3458 4299 3556 4367 μία

1979 4392 2047 4469 ἦν
2070 4399 2132 4451 ὲκ
2167 4395 2379 4466 Πατρδς
2406 4395 2500 4448 καὶ
2533 4391 2666 4447 Υἱοῦ
2692 4393 2751 4444 ὲν
2783 4392 3060 4462 Πνεύματι
3095 4393 3127 4460 ἡ
3159 4391 3260 4462 τῆς
3291 4391 3440 4452 θείας
3475 4391 3558 4442 ol-

1985 4488 2247 4559 κονομίας
2281 4487 2569 4556 εὐεργεσία
2600 4488 2663 4538 ὲκ
2704 4486 2833 4554 μιᾶς
2862 4485 3100 4554 όμόπνου
3126 4481 3558 4553 φιλανθρωπίας,

1987 4582 2082 4634 καὶ
2111 4580 2431 4651 ἀχωρίστως
2458 4579 2590 4649 ἡμῖν
2616 4578 2826 4630 ἐκεῖθεν
2881 4576 2970 4630 ἀεὶ
3023 4579 3091 4629 τὰ
3157 4577 3256 4645 τῆς
3297 4574 3562 4636 παντοίας

1985 4671 2243 4740 εὐτυχίας
2278 4671 2374 4723 καὶ
2400 4669 2676 4740 σωτηρίας
2725 4669 3054 4739 ἐκεράννυτο
3098 4666 3387 4738 φάρμακα,
3431 4683 3563 4718 ταυ-

1987 4762 2081 4816 τόν
2132 4763 2251 4814 ἐστι
2298 4760 2388 4814 τίον
2448 4760 2592 4813 θεῖον
2640 4760 2814 4826 Λόγον
2870 4759 3059 4828 ὑμνεῖν
3114 4758 3209 4811 καὶ
3267 4757 3366 4826 τὴν
3430 4757 3561 4827 ὃλην

1989 4847 2296 4910 ὲκθειάζειν
2327 4848 2557 4918 Τριάδα,
2590 4847 2792 4918 μᾶλλον
2837 4845 2895 4898 δὲ
2926 4847 3018 4899 τὸν
3065 4850 3122 4899 ἐν
3171 4845 3364 4915 Τριάδι
3399 4860 3564 4915 προσ-

1991 4943 2157 4996 ώπων
2189 4940 2290 4998 ἕνα
2316 4940 2469 4998 Θεόν.
2501 4939 2658 5009 Αὐτῷ
2678 4937 2804 5009 δόξα
2838 4941 2916 5003 είς
2943 4939 3069 5002 τούς
3099 4938 3322 5003 αἰῶνας.
3365 4935 3563 5010 ’Λμήτκ
