4062 6472
371 393 472 457 601

1483 404 1853 467 EPISTULA
1906 408 2006 467 AD
2046 406 2534 476 PLETHONEM.

3538 423 3644 486 602

371 518 521 581 θείας
548 487 608 572 τε
654 517 786 586 πέρι
817 517 915 588 τῆς
966 518 1022 572 ἐν
1049 519 1160 582 τοῖς
1193 520 1474 607 τοιούτοις,
1525 514 1838 591 οὐθ”ἡμεῖς
1862 537 1955 589 γε·
1979 518 2029 578 Α
2060 521 2137 592 μὴ
2165 525 2298 592 ἡμῖν
2326 526 2579 597 έχαρίζου
2627 527 2931 602 προύργου,
2966 534 3036 604 τῇ
3077 531 3123 586 δ’
3152 532 3404 606 ἀληθείᾳ,
3443 537 3538 590 καὶ
3565 539 3642 607 τῷ

379 611 574 679 θοίμεθ’
603 611 671 665 ἂν
707 609 961 678 ἀλλήλοις
990 613 1201 681 κριταὶ,
1262 611 1390 681 περὶ
1423 604 1498 667 ὧν
1552 613 1951 682 διενηνέγμεθα

369 705 493 774 ἥδη,
529 701 643 758 οὐτ’
673 705 854 766 ἄλλοις
883 702 1276 773 πιστεύσαιμεν
1309 705 1576 775 κρίνουσι,
1613 704 1692 775 τῷ
1715 704 1864 773 αὐτῷ
1889 704 1952 775 δὴ

373 796 467 851 καὶ
506 796 726 850 πάντων
760 795 925 850 πάθει
980 796 1382 866 ἐνεσχημένων,
1430 797 1525 850 καὶ
1571 796 1681 850 τῶν
1723 794 1833 866 μὲν
1873 796 1952 866 τῷ

372 881 548 959 ἑτέρῳ
578 886 1019 959 προσκειμένων,
1055 888 1166 943 τῶν
1193 888 1251 942 δέ
1282 887 1361 959 τῷ
1391 889 1564 960 ἑτέρῳ
1595 890 1707 945 τοῖν
1739 889 1954 959 φιλοσό-

374 997 518 1045 φοιν,
544 973 620 1033 ὧν
651 979 926 1048 οὐδέτεροι
970 981 1082 1045 τοῖς
1129 979 1339 1051 θάτερα
1367 981 1695 1051 τετιμηκόσι
1722 981 1953 1059 γένοιντ’

370 1069 437 1124 ἂν
458 1070 726 1143 ἀξιόχρεῳ
756 1072 1030 1142 διαιτηταὶ
1061 1072 1189 1144 περί
1246 1072 1357 1128 τῶν
1397 1073 1621 1143 ἐτέρων.
1658 1073 1953 1143 Λοιδοριῶν

371 1161 428 1215 δὲ
450 1161 578 1230 πέρι
607 1163 701 1214 καὶ
736 1161 995 1233 τοιαύτης
1023 1163 1412 1233 ἀσχημοσύνης
1438 1167 1522 1228 τίς
1539 1163 1605 1218 ἂν
1624 1164 1951 1236 ἀμιλληθείη

375 1252 468 1306 καὶ
497 1250 740 1322 ότῳοῦν;
777 1245 854 1308 ὧν
896 1270 960 1322 γε
993 1252 1114 1306 οὐδὲ
1148 1255 1261 1317 τοῖς
1289 1253 1506 1326 ἐχθροῖς
1528 1253 1735 1320 εὔξαιτ’
1757 1255 1824 1310 ἄν
1867 1272 1953 1320 τις

373 1345 626 1412 τδοπλέον
683 1345 850 1417 ἔχειν,
897 1347 973 1417 μή
1007 1346 1062 1400 τί
1095 1362 1158 1415 γε
1216 1346 1418 1415 ἐαυτῷ,
1468 1345 1705 1417 σώφρων
1760 1364 1822 1400 τε
1857 1347 1954 1401 καὶ

375 1439 623 1509 ἐπιεικὴς
657 1438 754 1503 ὢν,
789 1439 927 1510 πλὴν
961 1440 1015 1493 εἰ
1034 1456 1158 1495 τινα
1188 1440 1285 1495 καὶ
1319 1439 1566 1495 τοιοῦτον
1590 1440 1840 1508 θειοτέρα
1867 1456 1955 1503 τις

374 1532 525 1587 αἰτία
554 1538 649 1586 καὶ
679 1532 918 1599 ἄφυκτος
944 1531 1038 1584 καὶ
1068 1531 1341 1603 ἄρξασθαί
1373 1549 1504 1586 ποτε
1540 1531 1952 1602 κατηνάγκασε.

374 1623 600 1686 Τούτοις
634 1622 733 1693 μὲν
750 1623 813 1694 δὴ
832 1625 929 1679 καὶ
955 1622 1216 1688 τοιούτοις
1238 1623 1413 1694 ἔγωγε
1435 1623 1532 1678 νῦν
1555 1625 1759 1695 ἥκιστα
1787 1642 1957 1696 προσ-

376 1718 522 1788 ἐχειν
572 1718 738 1788 φημί.
770 1715 877 1772 Τοῦ
905 1718 965 1773 δὲ
1002 1716 1103 1788 τὴν
1137 1716 1367 1787 πάτριον
1407 1715 1565 1788 ἡμῶν
1613 1715 1950 1782 θεοσέϐειαν,

2053 614 2272 688 δικαίῳ,
2310 620 2406 673 καὶ
2434 621 2652 686 πολλοῖς
2686 623 2869 689 ἀλλοις
2900 617 2976 680 ὧν
3008 628 3092 681 σοὶ
3116 628 3270 682 οὐδέν
3304 647 3355 683 τι
3382 631 3459 699 (1)
3480 624 3645 702 ἦττον

2051 707 2212 777 ἡμῶν
2241 709 2422 764 αὐτῶν
2460 713 2631 782 μέλει,
2666 716 2761 770 καί
2793 716 2968 782 οὕτως
3000 720 3149 790 ἡμᾶς
3189 720 3323 787 ἔδει,
3348 722 3410 776 τὸ
3440 725 3643 777 οἰκεῖον

2057 801 2133 871 μὴ
2171 803 2691 875 ὑπολογιζομένους,
2753 807 3080 878 ἀμείϐεσθαι
3125 811 3218 865 τὸν
3243 812 3324 875 εἰς
3372 814 3434 866 τὸ
3466 815 3647 867 κοινὸν

2055 893 2394 962 ὠφελοῦντα,
2426 898 2480 950 εῖ
2507 915 2559 951 τι
2592 897 2686 952 καὶ
2722 898 2831 970 ἰδίᾳ
2869 899 3019 968 αὐτῷ
3056 901 3371 970 μέμφεσθαι
3397 903 3641 974 ἔχοιμεν,

2053 985 2335 1054 ἀφιέντας,
2368 989 2462 1041 καὶ
2485 988 2606 1054 ἐξδν
2634 989 2900 1061 ἐλέγχειν,
2936 992 3039 1046 οὐκ
3068 992 3477 1063 ἐξελέγχοντας.
3503 998 3646 1050 υύκ-
3669 994 3685 1002 ”

2053 1077 2149 1133 οῦν
2192 1080 2280 1134 διὰ
2312 1080 2488 1137 ταῦτα
2530 1083 2666 1154 πρὸς
2706 1084 2807 1155 μὲν
2851 1086 2920 1140 τά
2950 1085 3021 1139 σά
3054 1102 3117 1153 γε
3151 1086 3360 1151 ἐκεῖνα,
3390 1089 3543 1140 ὁποῖ’
3580 1089 3646 1142 ἂν

2052 1170 2257 1239 δόξειεν
2310 1172 2547 1242 ὀφθέντα
2580 1176 2749 1241 ποτὲ,
2801 1176 2955 1230 οὐδέν
3012 1195 3105 1248 μοι
3156 1177 3646 1249 ἀντιγεγράψεται,

2055 1263 2169 1317 ἀλλ’
2211 1264 2356 1320 ἐάσω
2411 1282 2474 1319 σε
2530 1266 2829 1322 ἀπολαύειν
2880 1261 2956 1322 ὧν
2996 1271 3054 1331 ἐς
3099 1268 3450 1340 Ἀριστοτέλη
3476 1288 3534 1323 τε
3574 1267 3646 1325 αὐ

2056 1358 2152 1409 καὶ
2198 1357 2370 1427 ἡμᾶς,
2420 1356 2496 1421 ὡς
2517 1357 2568 1412 οἱ
2625 1358 2828 1423 ἰδόντες
2861 1359 3139 1428 λέγουσιν,
3187 1360 3640 1431 αὐτοσχεδιάσας,

2056 1446 2164 1519 ᾤου
2207 1465 2261 1501 τι
2291 1448 2617 1519 ἀμυνεῖσθαι
2661 1449 2695 1521 ἢ
2743 1449 3133 1519 ἐπιδείξεσθαι,
3190 1450 3276 1516 ὡς
3329 1452 3396 1506 ἂν
3442 1451 3528 1524 εἴη
3563 1471 3649 1506 σοι

2057 1539 2154 1594 καὶ
2190 1537 2368 1595 ταῦτα
2390 1540 2644 1614 διατριϐὴ
2681 1539 2825 1615 [καὶ]
2854 1544 2968 1607 τοῖς
3017 1542 3191 1614 ἥδιστ’
3215 1530 3301 1605 ἀνΔ
3328 1544 3498 1598 ἰδοῦσι
3532 1544 3655 1615 μετ’

2056 1633 2228 1706 ὀργῆς
2257 1635 2622 1689 ἀναπαλαίειν
2652 1689 2656 1693 ,
2681 1636 3025 1708 πειρώμενον
3077 1638 3175 1691 καὶ
3221 1640 3491 1709 κραυγῆς,
3526 1640 3652 1692 καί·

2058 1739 2140 1776 τοι
2197 1721 2384 1792 σχεδὸν
2417 1724 2894 1796 ἀποτριαχθέντα·
2927 1720 2989 1779 οὐ
3038 1727 3146 1796 γὰρ
3177 1729 3310 1800 ἡμῖν
3344 1746 3404 1797 γε
3450 1729 3654 1794 δόξειεν

374 1814 408 1883 ἦ
437 1813 803 1883 φυλάττοντας
862 1811 981 1882 ἅμα
1023 1829 1084 1866 τε
1132 1811 1255 1882 Θεῷ
1301 1811 1399 1865 καὶ
1448 1810 1732 1882 φρονίμοις
1784 1812 1954 1865 πᾶσιν
1989 1851 2030 1906 Β
2060 1814 2148 1880 ἂν,
2180 1810 2267 1868 οἷα
2315 1815 2379 1886 δή
2433 1833 2567 1884 φασι
2598 1817 2693 1870 καὶ
2728 1818 3002 1889 Κυμαίοις
3030 1819 3137 1890 (2).
3170 1821 3281 1874 Καὶ
3314 1819 3342 1874 δ
3392 1820 3456 1891 δὴ
3492 1820 3656 1875 πλέον

374 1908 649 1977 ἀρέσκειν,
685 1907 742 1977 ἢ,
793 1907 870 1971 ὡς
897 1905 1051 1960 οὐδὲν
1079 1906 1358 1974 διαφέρον,
1414 1905 1536 1958 ἀντὶ
1567 1904 1736 1970 δοξῶν
1764 1922 1824 1958 τε
1855 1904 1957 1958 οὐκ

373 1998 592 2068 ἀληθῶν
629 1997 727 2051 καὶ
777 1998 1123 2069 πραγμάτιον
1148 1997 1335 2069 ἀλλων
1369 1996 1728 2066 προϊεμένους
1768 1994 1957 2049 δυσσε-

375 2067 514 2160 ϐὶῖν,
539 2091 673 2147 πολύ
703 2110 755 2146 τι
780 2067 867 2162 δὴ,
895 2090 971 2156 ὡς
1005 2067 1185 2156 οἰσθά,
1210 2084 1307 2145 καὶ
1338 2090 1469 2160 ἡμῖν
1500 2090 1563 2142 ἐκ
1594 2089 1794 2143 πολλοῦ
1820 2089 1951 2160 ἐμέ-

372 2185 505 2254 λησέ
538 2202 596 2238 τε
622 2183 736 2250 καὶ,
768 2185 864 2239 σὺν
887 2183 1004 2254 Θεῷ
1055 2185 1241 2253 φάναι,
1270 2184 1519 2254 μελήσει,
1552 2180 1681 2236 ὥσθ’
1704 2183 1853 2246 ὅπως
1881 2182 1956 2254 μὴ

374 2280 588 2345 πολλοῖς
618 2278 859 2349 συμϐαίη
915 2277 986 2332 τά
1015 2278 1270 2348 δεύτερα,
1300 2277 1376 2332 Οὐ
1405 2277 1516 2348 γὰρ
1547 2277 1676 2348 περί
1706 2276 1864 2348 ήμῶν
1893 2294 1958 2346 γε

374 2371 575 2438 αὐτῶν,
608 2372 705 2425 σύν
725 2370 877 2442 αὐτῷ
898 2369 1017 2439 Θεῷ
1035 2369 1079 2423 δ’
1105 2371 1366 2441 εἰρήσθω,
1392 2371 1611 2424 τοιοῦτό
1641 2388 1695 2425 τι
1721 2370 1958 2441 δέδιμεν.

375 2460 480 2521 Ὧν
527 2467 692 2520 ἕνεκα
730 2465 965 2535 ζηλωτοί
1011 2466 1122 2529 τοῖς
1156 2464 1373 2526 πολλοῖς
1405 2462 1723 2535 ἐδοκοῦμεν,
1750 2464 1960 2519 τούτων

374 2562 476 2615 οὐκ
513 2560 625 2614 ἔσθ’
652 2562 679 2615 ὃ
712 2579 764 2614 τι
791 2560 851 2613 οὐ
881 2559 1242 2630 προηκάμεθα
1272 2557 1577 2630 χαίροντες.
1610 2559 1685 2613 Οὐ
1716 2559 1823 2630 γάρ
1866 2554 1958 2631 ἧν,

374 2655 450 2717 ὡς
480 2654 691 2722 ἔοικεν,
739 2656 966 2709 ἐκείνων
1003 2672 1062 2707 τε
1117 2652 1413 2708 ἀπολαύειν
1459 2652 1665 2718 καλῶς,
1700 2653 1796 2707 καὶ
1834 2653 1960 2718 τούς

376 2747 571 2810 ἄλλους
597 2746 742 2819 λόγῳ
789 2765 847 2801 τε
881 2749 974 2802 καὶ
1017 2747 1166 2818 ἔργῳ
1202 2746 1432 2813 πείθειν,
1481 2746 1557 2809 ὡς
1608 2746 1956 2817 σωφρονοῖεν.

377 2843 499 2898 Εἰσὶ
528 2842 576 2897 δ’
599 2843 661 2896 ἐν
684 2842 763 2912 τῷ
786 2841 883 2895 νῦν
913 2840 1094 2914 χρόνῳ
1124 2840 1360 2895 τοιοῦτοι
1395 2839 1528 2912 παρ’
1564 2840 1696 2909 ἡμῖν
1729 2839 1831 2894 οὐκ
1853 2839 1965 2893 ὁλίο

376 2953 486 3004 γοι,
516 2933 610 3000 οὓς
642 2936 735 2990 καὶ
786 2933 946 2996 αὐτδς
999 2932 1214 3004 ἔφησθα
1245 2931 1503 2998 δεδιέναι,
1528 2933 1590 2985 τὸ
1616 2932 1661 2985 δ’
1680 2931 1829 2993 ὅπως
1887 2930 1962 3004 μὴ

375 3027 620 3095 γένοιντό
674 3042 805 3079 ποτε
840 3024 1002 3095 ήμῶν
1055 3040 1119 3076 τε
1167 3022 1262 3077 καὶ¹
1310 3022 1419 3076 τῶν
1470 3021 1757 3093 ἡμετέρων
1786 3020 1963 3090 λόγων

2060 1907 2198 1972 ἐστὶ,
2225 1909 2642 1981 συγχωρήσαιμ’
2670 1910 2736 1965 ἄν
2789 1929 2872 1965 σοι
2927 1912 3022 1965 καὶ
3065 1911 3326 1966 Πλάτωνα
3361 1912 3457 1967 καὶ
3503 1913 3653 1982 Ἀρι-

2059 1999 2283 2071 στοτέλη
2317 1999 2507 2072 ληρεῖν
2535 2000 2761 2072 ὁμοίως.
2797 2001 2864 2056 Τί
2886 2003 2998 2074 γὰρ
3031 2001 3098 2056 ἂν
3125 2004 3220 2056 καὶ
3251 2002 3446 2072 ὄφελος
3473 2004 3650 2071 γένοι-

2059 2107 2140 2158 το,
2166 2090 2430 2163 ὁποτέρου
2462 2094 2678 2147 τούτοιν
2726 2093 2892 2148 πλέον
2935 2094 3356 2163 εὐδοκιμοῦντος
3385 2111 3402 2162 ;
3442 2093 3506 2148 υῖ
3551 2095 3651 2163 τῆς

2060 2184 2506 2255 κερδαλεωτάτης
2534 2185 2794 2255 ἀληθείας
2826 2187 2926 2259 οὐχ
2948 2182 3052 2242 οἷοί
3089 2204 3146 2240 τε
3176 2186 3428 2256 ἐγένοντο
3466 2187 3499 2258 ἢ
3552 2187 3655 2240 οὐκ

2060 2278 2291 2349 ὴξίωντο
2338 2281 2560 2351 τυχεῖν·
2606 2279 2636 2334 δ
2689 2281 2843 2350 σφίσι
2878 2298 2939 2335 τε
2973 2281 3158 2345 αὐτοῖς
3190 2280 3426 2345 καὶτοῖς
3470 2280 3658 2343 ἄλλοις

2061 2372 2234 2426 αῐτιον
2264 2371 2454 2440 γέγονε
2484 2371 2579 2425 τοῦ
2611 2372 2706 2427 καὶ
2736 2373 2866 2444 περὶ
2902 2372 3010 2426 τῶν
3040 2372 3243 2438 ἀλλων,
3296 2373 3397 2426 ὅσα
3445 2372 3659 2425 ἐλάττω

2059 2461 2325 2533 τυγχάνει
2360 2459 2441 2533 τῷ
2492 2460 2643 2529 γένει
2698 2460 2850 2526 ὄντα,
2887 2461 3048 2517 ἀλλον
3096 2463 3154 2516 ἐν
3186 2461 3331 2533 ἀλλῳ
3358 2461 3453 2516 τοῦ
3501 2462 3657 2526 ὄντος

2061 2553 2409 2626 διαμαρτεῖν.
2475 2551 2706 2615 Ἀλλ’,ετ
2753 2554 2806 2607 τί
2861 2570 2928 2623 γε
2976 2555 3085 2623 ἀρα
3120 2554 3218 2608 καὶ
3251 2556 3518 2626 χρήσιμοι
3541 2556 3657 2618 τοῖς

2062 2646 2676 2718 χρωμένοιςδδύναιντο
2727 2640 2892 2714 εἰναι,
2930 2645 3088 2701 τοῦτο
3141 2648 3237 2702 καὶ
3286 2647 3420 2719 παρ’
3449 2649 3658 2721 ἐτέρων

2063 2739 2248 2794 λαϐεῖν
2269 2737 2406 2807 ἔστι,
2460 2739 2786 2810 προαιρέσει
2836 2739 2938 2809 μὲν
2971 2741 3086 2802 τοῖς
3116 2739 3335 2805 πολλοῖς
3366 2740 3468 2794 οὐκ
3492 2740 3656 2793 εὐπε-

2064 2833 2320 2903 τεστέρα;
2370 2831 2580 2903 σπουδῇ
2626 2830 2683 2885 δὲ
2713 2830 2978 2887 ἐλάττονι.
3009 2825 3172 2887 Οὐτοι
3212 2832 3259 2886 δ’
3293 2834 3458 2900 εἰσὶν,
3488 2833 3538 2887 οἳ
3577 2834 3659 2899 τῷ

2064 2927 2166 2997 τῆς
2209 2927 2364 2999 ἰερᾶς
2418 2927 2772 2993 διδασκαλίας
2823 2926 3232 3000 ἑλλαμφθέντες
3288 2932 3453 3000 φωτὶ,
3498 2934 3564 3004 τῇ
3598 2934 3660 3000 ἐξ

2068 3017 2295 3074 ἐκείνων
2355 3021 2520 3092 σοφίᾳ
2570 3019 2763 3092 ὥσπερ
2817 3020 2941 3076 τινά
2994 3023 3394 3095 ἐπιστήσαντες
3450 3024 3659 3096 ταύτην

375 3120 660 3191 κρείττους
681 3119 922 3183 Λατῖνοι,
957 3118 1033 3189 μὴ
1074 3116 1329 3172 δεδιέναι.
1374 3114 1600 3171 Τοσοῦτ’
1635 3116 1956 3186 ἀπέσχομεν
2068 3111 2422 3181 παιδαγωγὸν
2448 3151 2465 3178 ,
2526 3114 2683 3168 αὐτοί
2724 3131 2786 3168 τε
2841 3113 3022 3185 πολλῷ
3095 3114 3508 3187 Ἀριστοτέλους
3564 3118 3661 3171 καὶ

377 3213 689 3268 θεοσέϐειάν
746 3229 806 3266 τε
835 3210 930 3265 καὶ
964 3209 1312 3283 ἀνθρωπίνην
1333 3209 1501 3281 τιμὴν
1530 3209 1962 3264 ἀντικαταλλάτ-
1990 3195 2036 3256 C
2071 3206 2362 3270 Πλάτωνος
2401 3207 2498 3260 καὶ
2529 3206 2640 3262 τῶν
2696 3208 2899 3278 ὁμοίων
2953 3207 3200 3279 βελτίους
3263 3208 3532 3279 ἐγένοντο,
3566 3214 3661 3266 καὶ
3692 3220 3694 3223 ’

374 3306 634 3371 τεσθαι,δ
675 3307 860 3377 ληρεῖν
884 3322 1032 3379 τινες
1074 3305 1176 3359 οὐκ
1202 3302 1448 3372 ὀκνοῦσι,
1477 3304 1587 3360 τῶν
1616 3303 1964 3374 πραγμάτων
2066 3297 2195 3362 τούς
2227 3297 2656 3365 συγγενομένους
2709 3298 2894 3353 αὐτῶν
2942 3302 3066 3366 ταῖς
3129 3301 3334 3371 βίϐλοις
3383 3301 3663 3367 τοιούτους

374 3400 557 3463 αὐτοῖς
586 3399 1099 3468 ἀντιφθεγγομένων
1126 3439 1142 3465 ,
1189 3398 1443 3452 κυνιδίων
1473 3398 1550 3461 ῶς
1577 3396 1794 3465 ἀληθῶς
1844 3397 1966 3451 ἐπι-

374 3491 718 3561 δεικνύμενοι
765 3489 1091 3563 προαίρεσίν
1145 3506 1207 3543 τε
1237 3490 1334 3543 καὶ
1360 3489 1614 3558 δύναμιν,
1645 3488 1725 3542 δτι
1755 3488 1849 3542 τὸν
1874 3486 1966 3540 θυ-

380 3583 481 3653 μὸν
500 3585 559 3637 ἐν
582 3585 698 3646 ταῖς
726 3583 1040 3652 λοιδορίαις,
1076 3581 1152 3643 ὡς
1191 3582 1376 3633 ἐκεῖνα
1411 3580 1534 3642 ταῖς
1558 3578 1808 3645 ὑλακαῖς,
1845 3577 1954 3642 ἐξε-

379 3678 630 3747 μοῦντες,
658 3675 795 3729 πολύ
814 3674 974 3729 πλέον
998 3676 1056 3728 ἐν
1090 3673 1202 3737 τοῖς
1229 3670 1549 3739 ἀναγκαίοις
1580 3670 1897 3725 ἀπαυδῶσιν
1930 3670 1964 3741 ἢ

374 3769 499 3823 ὅσον
535 3768 593 3822 ἐν
614 3768 735 3832 ταῖς
765 3766 872 3821 τῶν
897 3766 1169 3838 περιττῶν
1215 3782 1275 3819 τε
1320 3766 1418 3818 καὶ
1446 3763 1710 3835 χειρόνων
1739 3763 1965 3818 νικῶσιν

286 3888 287 3891 η
375 3858 726 3931 ὑπερϐολαῖς.
762 3860 823 3913 Εἰ
853 3844 899 3912 δῖ
927 3859 1287 3927 ἀγανακτοῖεν
1318 3856 1613 3929 πρεσϐείου
1647 3857 1793 3921 τινὸς
1814 3856 1963 3921 εἵνε-

375 3970 465 4019 κα,
501 3952 594 4006 καὶ
630 3951 995 4021 μείζοσινούκ
1030 3952 1337 4021 ὀκνήσομεν
1371 3949 1572 4014 αὐτοὺς
1602 3949 1963 4019 παρεικάσαι,

372 4048 494 4108 ταῖς
522 4042 827 4099 ἀλωπεκίσι
884 4042 979 4096 καὶ
1021 4043 1143 4104 ταῖς
1182 4041 1538 4105 Ἀκταίωνος.
1583 4040 1657 4094 Σύ
1692 4040 1736 4093 δ’
1787 4040 1875 4093 ἀεί
1905 4057 1966 4093 τε

372 4132 519 4210 ἦσθα
554 4139 613 4191 ὲν
643 4138 756 4199 τοῖς
804 4135 935 4205 περὶ
970 4132 1065 4188 τοῦ
1095 4132 1624 4203 ἀμφισϐητουμένου
1652 4131 1848 4185 τούτου
1873 4131 1968 4187 λό-

374 4243 493 4297 γοις
520 4226 598 4299 τῷ
625 4227 770 4296 γένει
800 4243 861 4279 τε
897 4226 993 4280 καλ⁸
1024 4226 1091 4294 τῇ
1116 4222 1419 4295 Ἐκκλησία
1443 4223 1639 4294 φίλιος,
1669 4224 1767 4277 κοιλ¹
1791 4223 1967 4278 οὐδενὶ

374 4322 628 4377 οὐδέποτε
662 4319 850 4390 τρόπῳ
894 4315 1162 4387 ἐπαχθὴς,
1220 4315 1316 4370 καὶ
1351 4314 1447 4369 νῦν
1476 4313 1768 4385 τεκμηρίῳ
1802 4315 1967 4384 μεγί-

376 4433 489 4487 στῳ
518 4412 664 4468 τοῦτ’
696 4412 905 4478 ἔδειξας
933 4427 949 4444 ο
980 4410 1111 4464 ὥστ’
1143 4409 1195 4464 εἰ
1224 4408 1319 4463 καί
1351 4410 1504 4470 τινας
1527 4407 1767 4479 πρόσθεν
1788 4406 1968 4461 τοιοῦ-

2069 3389 2306 3447 ποιοῦσι.
2345 3392 2458 3445 Καὶ
2492 3391 2679 3446 πολλοί
2705 3409 2767 3461 γε
2799 3392 2867 3448 δι’
2908 3394 3092 3449 αὐτῶν
3140 3394 3375 3449 τοιοῦτοι
3407 3397 3666 3468 γεγένην-

2067 3500 2178 3548 ται,
2214 3476 2318 3536 οἷοι
2368 3484 2444 3554 μὴ
2473 3484 2559 3538 ὅτι
2613 3483 2727 3539 τῶν
2756 3485 3089 3557 εἰρημένων,
3151 3485 3289 3540 ἀλλά
3321 3489 3415 3541 καὶ
3452 3486 3662 3558 Ἑρμοῦ

2068 3575 2232 3630 αὐτοῦ
2267 3576 2363 3631 καὶ
2406 3576 2744 3642 ’Λπόλλωνος
2771 3580 2866 3633 καὶ
2908 3570 3169 3645 Μουσῶν,
3195 3580 3290 3634 καὶ
3321 3580 3544 3634 πάντων
3576 3580 3664 3651 ἐφ’

2067 3668 2161 3732 οὓς
2192 3670 2225 3739 ἡ
2283 3668 2574 3741 Ἑλληνικὴ
2606 3670 2871 3742 ἀναφέρει
2916 3670 3099 3739 σοφία,
3166 3670 3431 3741 πάμπολῦ
3465 3673 3664 3743 ὑπερε-

2067 3763 2304 3831 νεγκεῖν.
2337 3762 2418 3816 Τά
2473 3762 2571 3827 μὲν
2597 3762 2708 3833 γὰρ
2737 3762 2847 3816 τῶν
2885 3762 3018 3832 παρ’
3052 3762 3315 3834 Ἕλλησιν
3369 3766 3466 3817 ἐπὶ
3498 3765 3664 3834 σοφία

2068 3854 2301 3924 πρώτων
2333 3853 2472 3924 ἔργα
2497 3854 2607 3906 τῶν
2637 3871 2701 3923 γε
2744 3854 3027 3917 πλειόνων,
3085 3854 3181 3908 καὶ
3231 3855 3341 3908 τῶν
3374 3855 3484 3909 τῶν
3523 3874 3666 3925 φαυ-

2068 3944 2309 4024 λοτάτων
2369 3946 2596 3999 ἰδιωτῶν
2659 3947 2827 4018 χείρω
2871 3942 2962 4019 ἦν,
3003 3948 3080 4018 τῷ
3119 3948 3218 4017 τὴν
3258 3948 3359 4018 μὲν
3424 3949 3568 4024 περὶ,
3600 3952 3663 4004 τὸ

2069 4022 2327 4109 αἰσθητὸν
2356 4037 2505 4092 ἀπαν
2534 4037 2825 4110 διατριϐὴν
2869 4039 2947 4111 μὴ
2989 4039 3252 4093 δύνασθαι
3282 4043 3349 4113 τῇ
3389 4022 3662 4113 μετουσία.

2068 4127 2165 4183 τοῦ
2195 4130 2515 4200 κρείττονος
2539 4131 2634 4184 καὶ
2671 4133 2748 4201 τῇ·
2763 4131 2859 4184 τοῦ
2891 4130 3047 4195 ὄντος
3073 4131 3243 4185 καλοῦ
3271 4129 3416 4205 θήρᾳ
3446 4134 3538 4188 τδν
3564 4135 3659 4189 άν-

2073 4222 2296 4292 θρωπον
2327 4224 2728 4293 προσαγαγεῖν,
2765 4225 2861 4276 καλ⁵
2891 4225 2940 4277 εί
2974 4223 3330 4296 θεωρητικῶς
3363 4226 3492 4296 περὶ
3521 4228 3663 4281 αὐτὰ

2074 4316 2239 4385 μόνον
2275 4317 2567 4387 στρέφοιτο
2593 4317 2723 4372 ἄνευ
2758 4317 2854 4370 τοῦ
2881 4318 3083 4388 ἥκιστα
3112 4318 3293 4373 αὐτῶν
3315 4319 3666 4388 ἐφάπτεσθαι

2073 4409 2171 4461 καὶ
2206 4411 2273 4479 τῇ
2301 4407 2593 4468 αἰσθήσειο
2631 4409 2761 4480 περὶ
2793 4409 2850 4463 δέ
2879 4427 2944 4480 γε
2978 4410 3088 4463 τῶν
3126 4413 3335 4481 νοητῶν
3373 4411 3541 4483 μηδὲν
3563 4414 3665 4466 αὐ-

291 4534 307 4589 ε
374 4522 463 4568 τος
485 4504 561 4559 ὢν
592 4501 886 4574 ἐλελήθεις,
925 4501 1112 4565 αὐτοῖς
1135 4517 1192 4554 τε
1226 4500 1320 4552 καὶ
1351 4500 1466 4558 τοῖς
1497 4493 1810 4552 διαϐάλλειν
1841 4501 1967 4551 Am—
1998 4539 2050 4600 Β
2075 4503 2188 4566 τοῖς
2230 4501 2403 4571 σαφὲς
2422 4498 2567 4556 εἰναι
2600 4505 2731 4573 περὶ
2758 4504 2884 4557 ὅτου
2913 4503 2979 4558 ἂν
3006 4506 3098 4558 καὶ
3141 4504 3299 4570 ἐλπίς
3325 4524 3412 4571 τις
3455 4508 3540 4578 εἰη
3575 4508 3668 4577 βε-

285 4608 297 4675 ς
375 4597 620 4670 χειροῦσι
673 4595 869 4666 μηκέτ’
914 4595 981 4649 ἂν
1031 4592 1234 4659 ἐξεῖναι
1282 4592 1349 4646 τά
1384 4591 1491 4646 τῶν
1541 4592 1885 4659 ἀγ.οούντων
1931 4589 2043 4662 ﬂ"
2079 4597 2209 4649 ϐαία
2253 4594 2398 4649 οὕτω
2431 4596 2525 4649 καὶ
2574 4595 2724 4667 ἔχειν
2767 4596 2844 4661 ὡς
2892 4599 2988 4651 ὑπ’
3024 4599 3208 4652 αὐτῶν
3260 4602 3525 4669 ἔγνωστο,
3554 4601 3669 4654 ἀλλ’

373 4686 844 4746 ἐθελοκακούντων
891 4685 1265 4739 ἐνδείκνυσθαι
1298 4685 1430 4754 περὶ
1464 4683 1542 4738 σέ.
1584 4683 1709 4746 Πῶς
1763 4683 1856 4738 οὖν
1884 4683 1968 4737 δί-

373 4800 527 4847 καιος
559 4781 633 4836 ἂν
654 4777 723 4851 ἦν
768 4778 1074 4848 ἀντιλέγειν
1115 4778 1415 4848 ἐπιχειρῶν
1471 4777 1506 4848 ἢ
1539 4776 1855 4847 βασκαίνων
1889 4780 1968 4848 τῷ

374 4876 430 4936 ἐς
455 4873 524 4926 τὰ
558 4869 799 4942 μέγιστά
823 4887 881 4923 τε
917 4868 1013 4922 καί
1042 4868 1354 4921 οἰκειότατα
1398 4867 1786 4938 ξυμμαχοῦντι
1820 4866 1967 4921 οὐτω

373 4961 692 5033 χρησιμωςς
725 4959 788 5013 Εἰ
820 4948 931 5031 γάρ
965 4975 1032 5030 με
1066 4956 1160 5012 δύο
1187 4957 1461 5027 φεύγοντα
1483 4957 1658 5023 δίκας,
1682 4959 1963 5028 ἀπήλλατ.

373 5068 461 5119 τες
501 5054 603 5126 μὲν
640 5052 743 5124 τῆς
775 5053 1041 5123 μεγίστης
1064 5050 1471 5121 συναγορεύων,
1525 5054 1621 5104 καὶ
1648 5053 1713 5122 ἣν
1746 5054 1970 5107 πάντων

376 5146 444 5198 ἂν
491 5143 600 5197 τῶν
637 5134 1007 5214 ὑπαρχόντων
1031 5141 1377 5212 ἠλλαττόμην
1432 5143 1631 5213 νικᾷν’
1669 5134 1731 5196 οὗ
1783 5142 1831 5196 δ’
1860 5144 1968 5198 ἔδει

376 5253 442 5307 με
473 5237 640 5307 μηδέν
674 5254 727 5289 τι
752 5235 942 5307 σχεδὸν
993 5234 1331 5305 βλάπτεσθαι
1359 5233 1744 5303 ἐπεϐούλευες,
1775 5236 1807 5308 ἢ
1839 5236 1967 5289 διώ-

374 5345 485 5382 κων
515 5328 549 5398 ἢ
691 5328 946 5382 διώκοντι
986 5329 1383 5396 συνιστάμενος
1409 5343 1421 5359 ’
1452 5322 1542 5396 ἆρ’
1571 5328 1857 5397 εὐγνῶμον
1901 5331 1969 5384 ἂν

373 5415 457 5491 ἦν,
489 5422 695 5490 ἀφέντα
726 5438 809 5475 σοι
864 5422 1027 5492 χάριν
1082 5421 1286 5472 εἰδέναι
1320 5414 1395 5472 ὧν
1441 5419 1789 5485 ἐσπούδακας
1822 5422 1967 5492 ὠφε-

373 5511 504 5578 λεῖν,
531 5514 814 5585 ἐλαχίστου
846 5514 1187 5584 ἀδικήματος
1239 5515 1607 5583 μνησικακεῖν
1653 5532 1710 5568 τε
1743 5518 1834 5568 καὶ
1869 5520 1963 5570 ἁν-

2078 4687 2269 4759 ὥσπερ
2297 4688 2465 4759 ἄλλην
2489 4689 2615 4743 τινὰ
2643 4691 2754 4744 τῶν
2788 4691 3138 4763 ἐπιστημῶν,
3172 4691 3320 4747 οὕτω
3355 4693 3419 4765 δὴ
3449 4695 3545 4747 καὶ
3572 4693 3673 4765 τὴν

2077 4783 2206 4851 περὶ
2240 4782 2351 4834 τῶν
2383 4779 2547 4834 θείων
2588 4781 2852 4853 ἀσκῆσαι,
2886 4783 2983 4836 καὶ
3014 4782 3202 4855 πολλῷ
3231 4786 3438 4855 χεῖρον,
3472 4786 3583 4857 ὅσῳ
3606 4785 3672 4855 δὴ

2078 4876 2171 4926 καὶ
2217 4873 2406 4943 ἦττονι
2443 4873 2763 4945 βεϐαιότητι
2791 4890 2806 4904 ⁸
2839 4866 2985 4929 εἶναι
3029 4875 3129 4946 μέν
3178 4877 3441 4931 τινα²τῶν
3484 4895 3675 4947 φαινο-

2081 4967 2265 5036 μένων
2302 4965 2485 5036 πολλῷ
2539 4966 2779 5039 κρείττω
2820 4969 2917 5022 καὶ
2950 4970 3131 5024 αὐτῶν
3163 4969 3342 5033 ἐνίους
3376 4971 3673 5040 ὑπειληφόο

2077 5078 2198 5127 τας,
2236 5059 2464 5115 τοιαῦτα
2495 5060 2561 5126 δ’,
2590 5054 2680 5114 οἶα
2708 5061 2874 5127 αὐτὸς
2915 5062 3148 5126 ἕκαστος
3176 5063 3482 5134 ὑπείληφεν
3507 5058 3669 5127 εἶναι,

2078 5153 2141 5206 ἔκ
2169 5171 2332 5207 τινων
2366 5152 2556 5224 μύθων
2584 5152 2618 5219 ἦ
2655 5153 2766 5206 τῶν
2806 5154 3027 5229 οἰκείων
3062 5152 3410 5224 προλήψεων,
3451 5154 3546 5206 καὶ
3574 5156 3673 5225 ἀρ-

2076 5246 2210 5318 χῶν,
2253 5244 2320 5309 ἆς
2369 5263 2499 5298 ποτε
2559 5245 2939 5315 ἀληθεστέρας
2985 5243 3096 5297 τῶν
3140 5242 3319 5298 ἄλλων
3375 5243 3673 5314 τυγχάνειν

2078 5337 2238 5410 ᾤετο,
2269 5336 2633 5409 ὡρμημένος.
2662 5336 2861 5390 Λαθεῖν
2893 5336 2950 5388 δὲ
2973 5334 3083 5388 οὐδ’
3112 5335 3312 5398 αὐτοὺς
3341 5336 3588 5399 ἐκείνους
3611 5336 3674 5388 τὸ

2079 5432 2248 5500 μηδὲν
2290 5431 2483 5484 πιστὸν
2529 5428 2676 5500 ἔχειν
2710 5427 2839 5499 περί
2886 5426 3092 5493 αὐτῶν,
3123 5429 3171 5481 εἰ
3203 5427 3278 5499 μὴ
3322 5429 3381 5492 ἐς
3413 5428 3539 5480 ὅσον
3575 5427 3676 5482 καὶ

2073 5526 2139 5593 τῇ
2168 5525 2277 5575 τῶν
2309 5521 2538 5575 ἰδιωτῶν
2571 5521 2751 5593 πλάνῃ
2782 5519 3108 5591 ἐκέχρηντο,
3167 5518 3535 5591 χρηστηρίοις
3575 5522 3671 5574 καὶ

373 5607 681 5672 τεπεξιέναι
726 5600 1064 5677 πειρᾶ’τθαι;
1113 5603 1316 5660 Πολλοῦ
1347 5621 1409 5674 γε
1445 5606 1535 5667 καὶ
1560 5605 1659 5662 δεῖ.
1692 5606 1758 5663 Εἰ
1786 5609 1839 5662 δὲ
1867 5612 1964 5665 καὶ
2076 5618 2195 5679 τοῖς
2232 5617 2447 5667 ἐκεῖθεν
2495 5611 2861 5684 προσέχοντες
2909 5612 3215 5683 ἀφορμαῖς,
3248 5612 3351 5664 οὐκ
3391 5609 3672 5681 ἐξηπατη-

2140 5813 2216 5884 (2)
2278 5811 2415 5878 Quia
2456 5825 2665 5884 ynyengpc
2714 5811 3022 5864 σκώπτεται
3081 5807 3159 5872 εἰς
3210 5804 3571 5878 ἀναισθησίαν
3635 5803 3683 5875 ἡ

2068 5881 2237 5947 Κύμή
2297 5882 2530 5946 (Ὶῐξιίὶ.)
2564 5881 2736 5936 Anax.

444 5807 521 5876 (Ι)
557 5805 696 5881 _Cm_l.
738 5802 818 5868 οἷς
868 5805 1031 5881 ,οὐδέν
1084 5823 1156 5872 τι,
1230 5806 1371 5875 quod
1439 5820 1540 5863 nos
1594 5808 1954 5881 coniectando

378 5878 813 5937 ωιιρηιιογίιυυε.
854 5879 1025 5938 Alex.
