  <div class='ocr_page' id='page_1' title='image "/cluster/home/n/w/nwhite01/storage/ocr_20150623/160/coo.31924054870658/309.png"; bbox 0 0 4062 6434; ppageno 0'>
   <div class='ocr_carea' id='block_1_1' title="bbox 358 360 467 428">
    <p class='ocr_par' dir='ltr' id='par_1_1' title="bbox 358 360 467 428">
     <span class='ocr_line' id='line_1_1' title="bbox 358 360 467 428; baseline -0.037 -1"><span class='ocrx_word' id='word_1_1' title='bbox 358 360 467 428; x_wconf 66' lang='lat'>60&#39;!</span> 
     </span>
    </p>
   </div>
   <div class='ocr_carea' id='block_1_2' title="bbox 1442 359 2517 427">
    <p class='ocr_par' dir='ltr' id='par_1_2' title="bbox 1442 359 2517 427">
     <span class='ocr_line' id='line_1_2' title="bbox 1442 359 2517 427; baseline -0.007 0"><span class='ocrx_word' id='word_1_2' title='bbox 1442 363 1823 427; x_wconf 77' lang='lat' dir='ltr'>GENNADII</span> <span class='ocrx_word' id='word_1_3' title='bbox 1862 361 1973 425; x_wconf 70' lang='grc' dir='ltr'>(ΣΡ.</span> <span class='ocrx_word' id='word_1_4' title='bbox 2004 359 2517 423; x_wconf 68' lang='grc' dir='ltr'>ΡΑΤΒΙΑΒΟΗΕ</span> 
     </span>
    </p>
   </div>
   <div class='ocr_carea' id='block_1_3' title="bbox 3492 355 3600 421">
    <p class='ocr_par' dir='ltr' id='par_1_3' title="bbox 3492 355 3600 421">
     <span class='ocr_line' id='line_1_3' title="bbox 3492 355 3600 421; baseline -0.019 0"><span class='ocrx_word' id='word_1_5' title='bbox 3492 355 3600 421; x_wconf 73' lang='grc' dir='ltr'>θοι</span> 
     </span>
    </p>
   </div>
   <div class='ocr_carea' id='block_1_4' title="bbox 360 469 3600 547">
    <p class='ocr_par' dir='ltr' id='par_1_4' title="bbox 360 469 3600 547">
     <span class='ocr_line' id='line_1_4' title="bbox 360 469 3600 547; baseline -0.001 -20"><span class='ocrx_word' id='word_1_6' title='bbox 360 472 513 544; x_wconf 79' lang='grc' dir='ltr'>μένοι</span> <span class='ocrx_word' id='word_1_7' title='bbox 544 472 744 542; x_wconf 76' lang='grc' dir='ltr'>μᾶλλον</span> <span class='ocrx_word' id='word_1_8' title='bbox 784 473 818 545; x_wconf 76' lang='grc' dir='ltr'>ἢ</span> <span class='ocrx_word' id='word_1_9' title='bbox 846 474 1079 545; x_wconf 81' lang='grc' dir='ltr'>ἑκουσίῳ</span> <span class='ocrx_word' id='word_1_10' title='bbox 1117 473 1299 546; x_wconf 84' lang='grc' dir='ltr'>ἐνδείᾳ</span> <span class='ocrx_word' id='word_1_11' title='bbox 1340 472 1434 529; x_wconf 82' lang='grc' dir='ltr'>τοῦ</span> <span class='ocrx_word' id='word_1_12' title='bbox 1467 472 1833 543; x_wconf 73' lang='grc' dir='ltr'>ἀληθεστέραν</span> <span class='ocrx_word' id='word_1_13' title='bbox 1863 486 1923 525; x_wconf 83' lang='grc' dir='ltr'>τε</span> <span class='ocrx_word' id='word_1_14' title='bbox 1951 473 1994 530; x_wconf 78' lang='grc' dir='ltr'><strong>Α</strong></span> <span class='ocrx_word' id='word_1_15' title='bbox 2025 473 2393 544; x_wconf 78' lang='grc' dir='ltr'>φιλοσοφῆσαι</span> <span class='ocrx_word' id='word_1_16' title='bbox 2427 471 2715 535; x_wconf 81' lang='grc' dir='ltr'>τοσούτους</span> <span class='ocrx_word' id='word_1_17' title='bbox 2759 471 2867 545; x_wconf 27' lang='grc' dir='ltr'>,καὶ</span> <span class='ocrx_word' id='word_1_18' title='bbox 2923 473 3073 543; x_wconf 80' lang='grc' dir='ltr'>ἔργῳ</span> <span class='ocrx_word' id='word_1_19' title='bbox 3120 472 3220 543; x_wconf 81' lang='grc' dir='ltr'>τὴν</span> <span class='ocrx_word' id='word_1_20' title='bbox 3278 469 3600 547; x_wconf 78' lang='grc' dir='ltr'>προαίρεσιν</span> 
     </span>
    </p>
   </div>
   <div class='ocr_carea' id='block_1_5' title="bbox 356 562 1929 638">
    <p class='ocr_par' dir='ltr' id='par_1_5' title="bbox 356 562 1929 638">
     <span class='ocr_line' id='line_1_5' title="bbox 356 562 1929 638; baseline -0.001 -19"><span class='ocrx_word' id='word_1_21' title='bbox 356 566 451 619; x_wconf 70' lang='grc' dir='ltr'>καὶ</span> <span class='ocrx_word' id='word_1_22' title='bbox 489 565 761 638; x_wconf 73' lang='grc' dir='ltr'>βελτίονος</span> <span class='ocrx_word' id='word_1_23' title='bbox 783 583 797 598; x_wconf 77' lang='grc'><strong>’</strong></span> <span class='ocrx_word' id='word_1_24' title='bbox 838 569 1017 637; x_wconf 74' lang='grc' dir='ltr'>σαφὴς</span> <span class='ocrx_word' id='word_1_25' title='bbox 1045 568 1156 638; x_wconf 74' lang='grc' dir='ltr'>γάρ</span> <span class='ocrx_word' id='word_1_26' title='bbox 1176 562 1245 638; x_wconf 81' lang='grc' dir='ltr'>ἦν</span> <span class='ocrx_word' id='word_1_27' title='bbox 1272 570 1306 638; x_wconf 82' lang='grc' dir='ltr'>η</span> <span class='ocrx_word' id='word_1_28' title='bbox 1346 567 1498 638; x_wconf 86' lang='grc' dir='ltr'>παρά</span> <span class='ocrx_word' id='word_1_29' title='bbox 1521 567 1630 621; x_wconf 89' lang='grc' dir='ltr'>τῶν</span> <span class='ocrx_word' id='word_1_30' title='bbox 1658 564 1929 634; x_wconf 84' lang='grc' dir='ltr'>δαιμόνων</span> 
     </span>
    </p>
   </div>
   <div class='ocr_carea' id='block_1_6' title="bbox 358 658 1931 729">
    <p class='ocr_par' dir='ltr' id='par_1_6' title="bbox 358 658 1931 729">
     <span class='ocr_line' id='line_1_6' title="bbox 358 658 1931 729; baseline 0.002 -21"><span class='ocrx_word' id='word_1_31' title='bbox 358 659 590 729; x_wconf 74' lang='grc' dir='ltr'>φενάκη.</span> <span class='ocrx_word' id='word_1_32' title='bbox 617 660 696 711; x_wconf 77' lang='grc' dir='ltr'>Δι’</span> <span class='ocrx_word' id='word_1_33' title='bbox 721 658 758 713; x_wconf 78' lang='grc' dir='ltr'>ἃ</span> <span class='ocrx_word' id='word_1_34' title='bbox 786 660 850 729; x_wconf 85' lang='grc' dir='ltr'>δὴ</span> <span class='ocrx_word' id='word_1_35' title='bbox 893 661 987 713; x_wconf 75' lang='grc' dir='ltr'>καὶ</span> <span class='ocrx_word' id='word_1_36' title='bbox 1016 660 1118 713; x_wconf 85' lang='grc' dir='ltr'>οῦκ</span> <span class='ocrx_word' id='word_1_37' title='bbox 1156 660 1465 724; x_wconf 79' lang='grc' dir='ltr'>ἀπεικότως</span> <span class='ocrx_word' id='word_1_38' title='bbox 1494 659 1694 714; x_wconf 83' lang='grc' dir='ltr'>ἐκεῖνοι</span> <span class='ocrx_word' id='word_1_39' title='bbox 1727 659 1931 721; x_wconf 85' lang='grc' dir='ltr'>πάντες</span> 
     </span>
    </p>
   </div>
   <div class='ocr_carea' id='block_1_7' title="bbox 359 749 1931 822">
    <p class='ocr_par' dir='ltr' id='par_1_7' title="bbox 359 749 1931 822">
     <span class='ocr_line' id='line_1_7' title="bbox 359 749 1931 822; baseline -0.001 -19"><span class='ocrx_word' id='word_1_40' title='bbox 359 751 545 819; x_wconf 75' lang='grc' dir='ltr'>σχεδὸν</span> <span class='ocrx_word' id='word_1_41' title='bbox 569 751 880 820; x_wconf 87' lang='grc' dir='ltr'>ἀσύμφωνα</span> <span class='ocrx_word' id='word_1_42' title='bbox 927 752 995 820; x_wconf 72' lang='grc' dir='ltr'>τῇ</span> <span class='ocrx_word' id='word_1_43' title='bbox 1024 750 1331 822; x_wconf 74' lang='grc' dir='ltr'>ἐπαγγελίᾳ</span> <span class='ocrx_word' id='word_1_44' title='bbox 1362 749 1456 804; x_wconf 86' lang='grc' dir='ltr'>τοῦ</span> <span class='ocrx_word' id='word_1_45' title='bbox 1486 749 1605 820; x_wconf 92' lang='grc' dir='ltr'>βίου</span> <span class='ocrx_word' id='word_1_46' title='bbox 1637 749 1775 818; x_wconf 69' lang='grc' dir='ltr'>ἔργα</span> <span class='ocrx_word' id='word_1_47' title='bbox 1815 749 1931 802; x_wconf 88' lang='grc' dir='ltr'>ἐπι-</span> 
     </span>
    </p>
   </div>
   <div class='ocr_carea' id='block_1_8' title="bbox 356 839 1931 911">
    <p class='ocr_par' dir='ltr' id='par_1_8' title="bbox 356 839 1931 911">
     <span class='ocr_line' id='line_1_8' title="bbox 356 839 1931 911; baseline -0.002 -17"><span class='ocrx_word' id='word_1_48' title='bbox 356 840 689 911; x_wconf 82' lang='grc' dir='ltr'>δειξάμενοι,</span> <span class='ocrx_word' id='word_1_49' title='bbox 722 840 878 894; x_wconf 82' lang='grc' dir='ltr'>οὐδὲν</span> <span class='ocrx_word' id='word_1_50' title='bbox 908 839 1003 894; x_wconf 87' lang='grc' dir='ltr'>τοῦ</span> <span class='ocrx_word' id='word_1_51' title='bbox 1047 840 1310 911; x_wconf 76' lang='grc' dir='ltr'>τρίϐωνος</span> <span class='ocrx_word' id='word_1_52' title='bbox 1338 841 1547 895; x_wconf 80' lang='grc' dir='ltr'>ὤναντο</span> <span class='ocrx_word' id='word_1_53' title='bbox 1583 840 1680 894; x_wconf 82' lang='grc' dir='ltr'>καὶ</span> <span class='ocrx_word' id='word_1_54' title='bbox 1726 839 1830 908; x_wconf 80' lang='grc' dir='ltr'>τῆς</span> <span class='ocrx_word' id='word_1_55' title='bbox 1871 840 1931 893; x_wconf 81' lang='grc' dir='ltr'>ἐν</span> 
     </span>
    </p>
   </div>
   <div class='ocr_carea' id='block_1_9' title="bbox 356 932 1932 1005">
    <p class='ocr_par' dir='ltr' id='par_1_9' title="bbox 356 932 1932 1005">
     <span class='ocr_line' id='line_1_9' title="bbox 356 932 1932 1005; baseline 0 -20"><span class='ocrx_word' id='word_1_56' title='bbox 356 937 476 999; x_wconf 75' lang='grc' dir='ltr'>ταῖς</span> <span class='ocrx_word' id='word_1_57' title='bbox 507 935 690 998; x_wconf 81' lang='grc' dir='ltr'>στοαῖς</span> <span class='ocrx_word' id='word_1_58' title='bbox 719 933 751 1005; x_wconf 79' lang='grc' dir='ltr'>ἢ</span> <span class='ocrx_word' id='word_1_59' title='bbox 776 935 889 997; x_wconf 89' lang='grc' dir='ltr'>τοῖς</span> <span class='ocrx_word' id='word_1_60' title='bbox 913 933 1237 1005; x_wconf 81' lang='grc' dir='ltr'>περιπάτοις</span> <span class='ocrx_word' id='word_1_61' title='bbox 1259 932 1597 1001; x_wconf 71' lang='grc' dir='ltr'>ἀδολεσχίας,</span> <span class='ocrx_word' id='word_1_62' title='bbox 1623 932 1756 987; x_wconf 84' lang='grc' dir='ltr'>ὥστ’</span> <span class='ocrx_word' id='word_1_63' title='bbox 1772 934 1932 1001; x_wconf 71' lang='grc' dir='ltr'>εἴπερ</span> 
     </span>
    </p>
   </div>
   <div class='ocr_carea' id='block_1_10' title="bbox 356 1017 1930 1093">
    <p class='ocr_par' dir='ltr' id='par_1_10' title="bbox 356 1017 1930 1093">
     <span class='ocr_line' id='line_1_10' title="bbox 356 1017 1930 1093; baseline -0.001 -17"><span class='ocrx_word' id='word_1_64' title='bbox 356 1024 537 1089; x_wconf 83' lang='grc' dir='ltr'>τινὰς,</span> <span class='ocrx_word' id='word_1_65' title='bbox 564 1024 761 1087; x_wconf 77' lang='grc' dir='ltr'>αὐτοὺς</span> <span class='ocrx_word' id='word_1_66' title='bbox 790 1023 855 1078; x_wconf 79' lang='grc' dir='ltr'>ἂν</span> <span class='ocrx_word' id='word_1_67' title='bbox 887 1017 1031 1078; x_wconf 74' lang='grc' dir='ltr'>εἶναι</span> <span class='ocrx_word' id='word_1_68' title='bbox 1064 1024 1191 1088; x_wconf 81' lang='grc' dir='ltr'>τοὺς</span> <span class='ocrx_word' id='word_1_69' title='bbox 1217 1026 1298 1089; x_wconf 81' lang='grc' dir='ltr'>είς</span> <span class='ocrx_word' id='word_1_70' title='bbox 1326 1024 1466 1078; x_wconf 84' lang='grc' dir='ltr'>δνων</span> <span class='ocrx_word' id='word_1_71' title='bbox 1488 1039 1548 1076; x_wconf 89' lang='grc' dir='ltr'>τε</span> <span class='ocrx_word' id='word_1_72' title='bbox 1595 1023 1690 1076; x_wconf 71' lang='grc' dir='ltr'>καὶ</span> <span class='ocrx_word' id='word_1_73' title='bbox 1722 1021 1930 1093; x_wconf 86' lang='grc' dir='ltr'>θηρίων</span> 
     </span>
    </p>
   </div>
   <div class='ocr_carea' id='block_1_11' title="bbox 361 1098 1934 1186">
    <p class='ocr_par' dir='ltr' id='par_1_11' title="bbox 361 1098 1934 1186">
     <span class='ocr_line' id='line_1_11' title="bbox 361 1098 1934 1186; baseline -0.001 -19"><span class='ocrx_word' id='word_1_74' title='bbox 361 1114 540 1167; x_wconf 83' lang='grc' dir='ltr'>ἄλλων</span> <span class='ocrx_word' id='word_1_75' title='bbox 592 1112 822 1183; x_wconf 88' lang='grc' dir='ltr'>σώματα</span> <span class='ocrx_word' id='word_1_76' title='bbox 852 1114 1125 1179; x_wconf 88' lang='grc' dir='ltr'>είσιόντας</span> <span class='ocrx_word' id='word_1_77' title='bbox 1156 1098 1255 1168; x_wconf 68' lang='grc' dir='ltr'>σῦν</span> <span class='ocrx_word' id='word_1_78' title='bbox 1303 1115 1444 1186; x_wconf 75' lang='grc' dir='ltr'>αὐτῇ</span> <span class='ocrx_word' id='word_1_79' title='bbox 1491 1112 1784 1186; x_wconf 78' lang='grc' dir='ltr'>φιλοσοφίᾳ</span> <span class='ocrx_word' id='word_1_80' title='bbox 1839 1113 1934 1167; x_wconf 76' lang='grc' dir='ltr'>καὶ</span> 
     </span>
    </p>
   </div>
   <div class='ocr_carea' id='block_1_12' title="bbox 362 1205 1933 1279">
    <p class='ocr_par' dir='ltr' id='par_1_12' title="bbox 362 1205 1933 1279">
     <span class='ocr_line' id='line_1_12' title="bbox 362 1205 1933 1279; baseline 0 -20"><span class='ocrx_word' id='word_1_81' title='bbox 362 1208 475 1270; x_wconf 90' lang='grc' dir='ltr'>τοῖς</span> <span class='ocrx_word' id='word_1_82' title='bbox 504 1205 691 1270; x_wconf 75' lang='grc' dir='ltr'>καλοῖς</span> <span class='ocrx_word' id='word_1_83' title='bbox 735 1206 1111 1279; x_wconf 82' lang='grc' dir='ltr'>θεωρήμασιν,</span> <span class='ocrx_word' id='word_1_84' title='bbox 1144 1206 1264 1275; x_wconf 80' lang='grc' dir='ltr'>εῐγε</span> <span class='ocrx_word' id='word_1_85' title='bbox 1298 1207 1520 1278; x_wconf 81' lang='grc' dir='ltr'>ἀληθεῖς</span> <span class='ocrx_word' id='word_1_86' title='bbox 1548 1207 1607 1262; x_wconf 91' lang='grc' dir='ltr'>αί</span> <span class='ocrx_word' id='word_1_87' title='bbox 1660 1223 1933 1276; x_wconf 82' lang='grc' dir='ltr'>μετενσω-</span> 
     </span>
    </p>
   </div>
   <div class='ocr_carea' id='block_1_13' title="bbox 363 1294 1933 1372">
    <p class='ocr_par' dir='ltr' id='par_1_13' title="bbox 363 1294 1933 1372">
     <span class='ocr_line' id='line_1_13' title="bbox 363 1294 1933 1372; baseline 0 -21"><span class='ocrx_word' id='word_1_88' title='bbox 363 1296 640 1366; x_wconf 87' lang='grc' dir='ltr'>ματώσεις</span> <span class='ocrx_word' id='word_1_89' title='bbox 664 1301 759 1354; x_wconf 66' lang='grc' dir='ltr'>καλ⁵</span> <span class='ocrx_word' id='word_1_90' title='bbox 782 1299 831 1351; x_wconf 88' lang='grc' dir='ltr'>οί</span> <span class='ocrx_word' id='word_1_91' title='bbox 882 1299 1009 1369; x_wconf 76' lang='grc' dir='ltr'>περὶ</span> <span class='ocrx_word' id='word_1_92' title='bbox 1044 1300 1225 1354; x_wconf 87' lang='grc' dir='ltr'>αὐτῶν</span> <span class='ocrx_word' id='word_1_93' title='bbox 1257 1294 1398 1372; x_wconf 75' lang='grc' dir='ltr'>ἦσαν</span> <span class='ocrx_word' id='word_1_94' title='bbox 1429 1300 1602 1368; x_wconf 87' lang='grc' dir='ltr'>λόγοι.</span> <span class='ocrx_word' id='word_1_95' title='bbox 1634 1297 1700 1355; x_wconf 80' lang='grc' dir='ltr'>Οί</span> <span class='ocrx_word' id='word_1_96' title='bbox 1738 1298 1794 1353; x_wconf 85' lang='grc' dir='ltr'>δέ</span> <span class='ocrx_word' id='word_1_97' title='bbox 1834 1299 1933 1365; x_wconf 75' lang='grc' dir='ltr'>τῆς</span> 
     </span>
    </p>
   </div>
   <div class='ocr_carea' id='block_1_14' title="bbox 362 1386 1932 1461">
    <p class='ocr_par' dir='ltr' id='par_1_14' title="bbox 362 1386 1932 1461">
     <span class='ocr_line' id='line_1_14' title="bbox 362 1386 1932 1461; baseline 0.003 -23"><span class='ocrx_word' id='word_1_98' title='bbox 362 1387 404 1438; x_wconf 67' lang='lat' dir='ltr'>is</span> <span class='ocrx_word' id='word_1_99' title='bbox 416 1386 514 1453; x_wconf 81' lang='grc' dir='ltr'>ρᾶς</span> <span class='ocrx_word' id='word_1_100' title='bbox 549 1387 711 1457; x_wconf 81' lang='grc' dir='ltr'>ἡμῶν</span> <span class='ocrx_word' id='word_1_101' title='bbox 751 1387 987 1453; x_wconf 88' lang='grc' dir='ltr'>πίστεως</span> <span class='ocrx_word' id='word_1_102' title='bbox 1010 1391 1302 1461; x_wconf 71' lang='grc' dir='ltr'>ἡγεμόνες,</span> <span class='ocrx_word' id='word_1_103' title='bbox 1331 1390 1495 1455; x_wconf 81' lang='grc' dir='ltr'>εὐθὺς</span> <span class='ocrx_word' id='word_1_104' title='bbox 1520 1391 1630 1447; x_wconf 78' lang='grc' dir='ltr'>ἀπὸ</span> <span class='ocrx_word' id='word_1_105' title='bbox 1652 1392 1751 1461; x_wconf 83' lang='grc' dir='ltr'>τῆς</span> <span class='ocrx_word' id='word_1_106' title='bbox 1775 1391 1932 1446; x_wconf 86' lang='grc' dir='ltr'>εύτυ-</span> 
     </span>
    </p>
   </div>
   <div class='ocr_carea' id='block_1_15' title="bbox 365 1479 1935 1553">
    <p class='ocr_par' dir='ltr' id='par_1_15' title="bbox 365 1479 1935 1553">
     <span class='ocr_line' id='line_1_15' title="bbox 365 1479 1935 1553; baseline 0.001 -20"><span class='ocrx_word' id='word_1_107' title='bbox 365 1479 496 1546; x_wconf 82' lang='grc' dir='ltr'>χοῦς</span> <span class='ocrx_word' id='word_1_108' title='bbox 544 1480 762 1549; x_wconf 75' lang='grc' dir='ltr'>ἐκείνης</span> <span class='ocrx_word' id='word_1_109' title='bbox 784 1480 1101 1551; x_wconf 86' lang='grc' dir='ltr'>οίκονομίας</span> <span class='ocrx_word' id='word_1_110' title='bbox 1137 1481 1234 1535; x_wconf 88' lang='grc' dir='ltr'>τοῦ</span> <span class='ocrx_word' id='word_1_111' title='bbox 1286 1483 1598 1553; x_wconf 85' lang='grc' dir='ltr'>κρείττονος</span> <span class='ocrx_word' id='word_1_112' title='bbox 1647 1483 1812 1553; x_wconf 88' lang='grc' dir='ltr'>μέχρι</span> <span class='ocrx_word' id='word_1_113' title='bbox 1840 1482 1935 1537; x_wconf 78' lang='grc' dir='ltr'>καὶ</span> 
     </span>
    </p>
   </div>
   <div class='ocr_carea' id='block_1_16' title="bbox 362 1573 1933 1644">
    <p class='ocr_par' dir='ltr' id='par_1_16' title="bbox 362 1573 1933 1644">
     <span class='ocr_line' id='line_1_16' title="bbox 362 1573 1933 1644; baseline 0.003 -21"><span class='ocrx_word' id='word_1_114' title='bbox 362 1574 456 1626; x_wconf 75' lang='grc' dir='ltr'>ἐπὶ</span> <span class='ocrx_word' id='word_1_115' title='bbox 486 1573 738 1627; x_wconf 86' lang='grc' dir='ltr'>πλεῖστον</span> <span class='ocrx_word' id='word_1_116' title='bbox 770 1573 983 1643; x_wconf 82' lang='grc' dir='ltr'>χρόνον,</span> <span class='ocrx_word' id='word_1_117' title='bbox 1024 1574 1087 1626; x_wconf 83' lang='grc' dir='ltr'>ού</span> <span class='ocrx_word' id='word_1_118' title='bbox 1119 1575 1280 1644; x_wconf 89' lang='grc' dir='ltr'>μόνον</span> <span class='ocrx_word' id='word_1_119' title='bbox 1307 1575 1403 1629; x_wconf 87' lang='grc' dir='ltr'>τοῦ</span> <span class='ocrx_word' id='word_1_120' title='bbox 1431 1576 1614 1630; x_wconf 77' lang='grc' dir='ltr'>αὐτῶν</span> <span class='ocrx_word' id='word_1_121' title='bbox 1646 1575 1807 1643; x_wconf 85' lang='grc' dir='ltr'>λόγου</span> <span class='ocrx_word' id='word_1_122' title='bbox 1836 1574 1933 1628; x_wconf 77' lang='grc' dir='ltr'>καὶ</span> 
     </span>
    </p>
   </div>
   <div class='ocr_carea' id='block_1_17' title="bbox 366 1663 1935 1736">
    <p class='ocr_par' dir='ltr' id='par_1_17' title="bbox 366 1663 1935 1736">
     <span class='ocr_line' id='line_1_17' title="bbox 366 1663 1935 1736; baseline -0.001 -18"><span class='ocrx_word' id='word_1_123' title='bbox 366 1668 416 1718; x_wconf 72' lang='grc' dir='ltr'>οἱ</span> <span class='ocrx_word' id='word_1_124' title='bbox 468 1663 789 1735; x_wconf 84' lang='grc' dir='ltr'>σοφώτεροι,</span> <span class='ocrx_word' id='word_1_125' title='bbox 840 1665 978 1721; x_wconf 87' lang='grc' dir='ltr'>ἀλλά</span> <span class='ocrx_word' id='word_1_126' title='bbox 1047 1666 1145 1720; x_wconf 75' lang='grc' dir='ltr'>καὶ</span> <span class='ocrx_word' id='word_1_127' title='bbox 1202 1667 1407 1730; x_wconf 83' lang='grc' dir='ltr'>παντὸς</span> <span class='ocrx_word' id='word_1_128' title='bbox 1464 1667 1625 1735; x_wconf 80' lang='grc' dir='ltr'>λόγου</span> <span class='ocrx_word' id='word_1_129' title='bbox 1687 1667 1935 1736; x_wconf 87' lang='grc' dir='ltr'>κρεῖττον</span> 
     </span>
    </p>
   </div>
   <div class='ocr_carea' id='block_1_18' title="bbox 2030 561 3597 637">
    <p class='ocr_par' dir='ltr' id='par_1_18' title="bbox 2030 561 3597 637">
     <span class='ocr_line' id='line_1_18' title="bbox 2030 561 3597 637; baseline -0.005 -15"><span class='ocrx_word' id='word_1_130' title='bbox 2030 567 2431 634; x_wconf 78' lang='grc' dir='ltr'>ἐπιδείξασθαι,</span> <span class='ocrx_word' id='word_1_131' title='bbox 2468 567 2627 630; x_wconf 80' lang='grc' dir='ltr'>ὅσους</span> <span class='ocrx_word' id='word_1_132' title='bbox 2655 566 2689 636; x_wconf 77' lang='grc' dir='ltr'>ἢ</span> <span class='ocrx_word' id='word_1_133' title='bbox 2722 565 2783 620; x_wconf 88' lang='grc' dir='ltr'>ἐν</span> <span class='ocrx_word' id='word_1_134' title='bbox 2811 565 2965 619; x_wconf 84' lang='grc' dir='ltr'>πόλει</span> <span class='ocrx_word' id='word_1_135' title='bbox 3003 565 3107 637; x_wconf 75' lang='grc' dir='ltr'>μιᾷ</span> <span class='ocrx_word' id='word_1_136' title='bbox 3140 564 3251 617; x_wconf 91' lang='grc' dir='ltr'>τῶν</span> <span class='ocrx_word' id='word_1_137' title='bbox 3278 561 3597 631; x_wconf 76' lang='grc' dir='ltr'>ἀπανταγοῦ</span> 
     </span>
    </p>
   </div>
   <div class='ocr_carea' id='block_1_19' title="bbox 2030 646 3600 729">
    <p class='ocr_par' dir='ltr' id='par_1_19' title="bbox 2030 646 3600 729">
     <span class='ocr_line' id='line_1_19' title="bbox 2030 646 3600 729; baseline -0.004 -16"><span class='ocrx_word' id='word_1_138' title='bbox 2030 659 2214 729; x_wconf 77' lang='grc' dir='ltr'>ἄρχων</span> <span class='ocrx_word' id='word_1_139' title='bbox 2242 652 2325 721; x_wconf 76' lang='grc' dir='ltr'>εἷς</span> <span class='ocrx_word' id='word_1_140' title='bbox 2350 660 2408 711; x_wconf 79' lang='grc' dir='ltr'>ἐν</span> <span class='ocrx_word' id='word_1_141' title='bbox 2438 658 2623 728; x_wconf 71' lang='grc' dir='ltr'>ἡμέρᾳ</span> <span class='ocrx_word' id='word_1_142' title='bbox 2656 656 2758 728; x_wconf 75' lang='grc' dir='ltr'>μιᾷ</span> <span class='ocrx_word' id='word_1_143' title='bbox 2801 655 3273 727; x_wconf 81' lang='grc' dir='ltr'>φιλοσοφήσαντας</span> <span class='ocrx_word' id='word_1_144' title='bbox 3314 646 3455 708; x_wconf 81' lang='grc' dir='ltr'>εἶδεν</span> <span class='ocrx_word' id='word_1_145' title='bbox 3485 652 3600 717; x_wconf 85' lang='grc' dir='ltr'>(ού-</span> 
     </span>
    </p>
   </div>
   <div class='ocr_carea' id='block_1_20' title="bbox 2029 738 3602 822">
    <p class='ocr_par' dir='ltr' id='par_1_20' title="bbox 2029 738 3602 822">
     <span class='ocr_line' id='line_1_20' title="bbox 2029 738 3602 822; baseline -0.004 -18"><span class='ocrx_word' id='word_1_146' title='bbox 2029 751 2118 806; x_wconf 76' lang='grc' dir='ltr'>δέν</span> <span class='ocrx_word' id='word_1_147' title='bbox 2150 752 2448 822; x_wconf 83' lang='grc' dir='ltr'>ίσχυσάσης</span> <span class='ocrx_word' id='word_1_148' title='bbox 2475 750 2625 820; x_wconf 84' lang='grc' dir='ltr'>αὐτῷ</span> <span class='ocrx_word' id='word_1_149' title='bbox 2651 751 2748 818; x_wconf 74' lang='grc' dir='ltr'>τῆς</span> <span class='ocrx_word' id='word_1_150' title='bbox 2775 750 3106 820; x_wconf 77' lang='grc' dir='ltr'>μαγειρικῆς</span> <span class='ocrx_word' id='word_1_151' title='bbox 3132 747 3437 816; x_wconf 86' lang='grc' dir='ltr'>ὠμότητος,</span> <span class='ocrx_word' id='word_1_152' title='bbox 3531 747 3602 797; x_wconf 67' lang='grc' dir='ltr'>τά</span> 
     </span>
    </p>
   </div>
   <div class='ocr_carea' id='block_1_21' title="bbox 2032 837 3600 916">
    <p class='ocr_par' dir='ltr' id='par_1_21' title="bbox 2032 837 3600 916">
     <span class='ocr_line' id='line_1_21' title="bbox 2032 837 3600 916; baseline -0.006 -16"><span class='ocrx_word' id='word_1_153' title='bbox 2032 845 2255 900; x_wconf 78' lang='grc' dir='ltr'>ἐκείνων</span> <span class='ocrx_word' id='word_1_154' title='bbox 2282 845 2516 913; x_wconf 85' lang='grc' dir='ltr'>σώματα</span> <span class='ocrx_word' id='word_1_155' title='bbox 2548 843 2775 914; x_wconf 80' lang='grc' dir='ltr'>μετιὼν,</span> <span class='ocrx_word' id='word_1_156' title='bbox 2811 843 3042 916; x_wconf 75' lang='grc' dir='ltr'>ἦλπισεν</span> <span class='ocrx_word' id='word_1_157' title='bbox 3091 841 3462 910; x_wconf 76' lang='grc' dir='ltr'>ἀποστρέψειν</span> <span class='ocrx_word' id='word_1_158' title='bbox 3504 837 3600 891; x_wconf 78' lang='grc' dir='ltr'>τοῦ</span> 
     </span>
    </p>
   </div>
   <div class='ocr_carea' id='block_1_22' title="bbox 2030 930 3603 1007">
    <p class='ocr_par' dir='ltr' id='par_1_22' title="bbox 2030 930 3603 1007">
     <span class='ocr_line' id='line_1_22' title="bbox 2030 930 3603 1007; baseline -0.003 -18"><span class='ocrx_word' id='word_1_159' title='bbox 2030 933 2194 1007; x_wconf 85' lang='grc' dir='ltr'>όρθοῦ</span> <span class='ocrx_word' id='word_1_160' title='bbox 2229 935 2577 1005; x_wconf 84' lang='grc' dir='ltr'>φρονήματος</span> <span class='ocrx_word' id='word_1_161' title='bbox 2605 934 2698 988; x_wconf 77' lang='grc' dir='ltr'>καὶ</span> <span class='ocrx_word' id='word_1_162' title='bbox 2723 935 2823 1003; x_wconf 85' lang='grc' dir='ltr'>τῆς</span> <span class='ocrx_word' id='word_1_163' title='bbox 2852 934 2941 987; x_wconf 74' lang='grc' dir='ltr'>ἐπ’</span> <span class='ocrx_word' id='word_1_164' title='bbox 2964 932 3115 1003; x_wconf 87' lang='grc' dir='ltr'>αύτῷ</span> <span class='ocrx_word' id='word_1_165' title='bbox 3145 932 3365 994; x_wconf 75' lang='grc' dir='ltr'>βεϐαίου</span> <span class='ocrx_word' id='word_1_166' title='bbox 3388 930 3603 985; x_wconf 74' lang='grc' dir='ltr'>ἐλπίδος</span> 
     </span>
    </p>
   </div>
   <div class='ocr_carea' id='block_1_23' title="bbox 2032 1020 3604 1098">
    <p class='ocr_par' dir='ltr' id='par_1_23' title="bbox 2032 1020 3604 1098">
     <span class='ocr_line' id='line_1_23' title="bbox 2032 1020 3604 1098; baseline -0.005 -17"><span class='ocrx_word' id='word_1_167' title='bbox 2032 1027 2160 1089; x_wconf 79' lang='grc' dir='ltr'>τοὺς</span> <span class='ocrx_word' id='word_1_168' title='bbox 2196 1025 2547 1098; x_wconf 84' lang='grc' dir='ltr'>μακαρίους),</span> <span class='ocrx_word' id='word_1_169' title='bbox 2580 1025 2614 1095; x_wconf 78' lang='grc' dir='ltr'>ἦ</span> <span class='ocrx_word' id='word_1_170' title='bbox 2647 1027 2706 1079; x_wconf 81' lang='grc' dir='ltr'>ἐν</span> <span class='ocrx_word' id='word_1_171' title='bbox 2727 1024 2839 1079; x_wconf 92' lang='grc' dir='ltr'>τῶν</span> <span class='ocrx_word' id='word_1_172' title='bbox 2867 1025 2970 1089; x_wconf 82' lang='grc' dir='ltr'>τῆς</span> <span class='ocrx_word' id='word_1_173' title='bbox 3010 1024 3215 1094; x_wconf 72' lang='grc' dir='ltr'>ἀρετῆς</span> <span class='ocrx_word' id='word_1_174' title='bbox 3245 1020 3604 1092; x_wconf 87' lang='grc' dir='ltr'>ἀσκητηρίων</span> 
     </span>
    </p>
   </div>
   <div class='ocr_carea' id='block_1_24' title="bbox 2034 1113 3605 1189">
    <p class='ocr_par' dir='ltr' id='par_1_24' title="bbox 2034 1113 3605 1189">
     <span class='ocr_line' id='line_1_24' title="bbox 2034 1113 3605 1189; baseline -0.005 -18"><span class='ocrx_word' id='word_1_175' title='bbox 2034 1117 2115 1171; x_wconf 87' lang='grc' dir='ltr'>ἐνί</span> <span class='ocrx_word' id='word_1_176' title='bbox 2160 1134 2241 1188; x_wconf 82' lang='grc' dir='ltr'>τῳ</span> <span class='ocrx_word' id='word_1_177' title='bbox 2292 1117 2568 1189; x_wconf 88' lang='grc' dir='ltr'>πανταχοῦ</span> <span class='ocrx_word' id='word_1_178' title='bbox 2622 1118 2753 1185; x_wconf 78' lang='grc' dir='ltr'>μιᾶς</span> <span class='ocrx_word' id='word_1_179' title='bbox 2794 1117 2987 1185; x_wconf 72' lang='grc' dir='ltr'>γενεᾶς</span> <span class='ocrx_word' id='word_1_180' title='bbox 3014 1115 3227 1187; x_wconf 87' lang='grc' dir='ltr'>χρόνος,</span> <span class='ocrx_word' id='word_1_181' title='bbox 3257 1114 3352 1168; x_wconf 83' lang='grc' dir='ltr'>καὶ</span> <span class='ocrx_word' id='word_1_182' title='bbox 3406 1113 3495 1181; x_wconf 81' lang='grc' dir='ltr'>ὑφ’</span> <span class='ocrx_word' id='word_1_183' title='bbox 3523 1113 3605 1167; x_wconf 85' lang='grc' dir='ltr'>ἐνί</span> 
     </span>
    </p>
   </div>
   <div class='ocr_carea' id='block_1_25' title="bbox 2033 1206 3606 1280">
    <p class='ocr_par' dir='ltr' id='par_1_25' title="bbox 2033 1206 3606 1280">
     <span class='ocr_line' id='line_1_25' title="bbox 2033 1206 3606 1280; baseline -0.003 -17"><span class='ocrx_word' id='word_1_184' title='bbox 2033 1226 2158 1274; x_wconf 89' lang='grc' dir='ltr'>που,</span> <span class='ocrx_word' id='word_1_185' title='bbox 2202 1211 2251 1263; x_wconf 84' lang='grc' dir='ltr'>εἰ</span> <span class='ocrx_word' id='word_1_186' title='bbox 2297 1209 2476 1280; x_wconf 88' lang='grc' dir='ltr'>τύχοι,</span> <span class='ocrx_word' id='word_1_187' title='bbox 2518 1208 2881 1280; x_wconf 88' lang='grc' dir='ltr'>καθηγεμόνι,</span> <span class='ocrx_word' id='word_1_188' title='bbox 2930 1206 3440 1277; x_wconf 85' lang='grc' dir='ltr'>πεφιλοσοφηκότας</span> <span class='ocrx_word' id='word_1_189' title='bbox 3476 1224 3606 1274; x_wconf 89' lang='grc' dir='ltr'>γνη-</span> 
     </span>
    </p>
   </div>
   <div class='ocr_carea' id='block_1_26' title="bbox 2033 1298 3604 1372">
    <p class='ocr_par' dir='ltr' id='par_1_26' title="bbox 2033 1298 3604 1372">
     <span class='ocr_line' id='line_1_26' title="bbox 2033 1298 3604 1372; baseline -0.002 -20"><span class='ocrx_word' id='word_1_190' title='bbox 2033 1298 2185 1367; x_wconf 90' lang='grc' dir='ltr'>σίως,</span> <span class='ocrx_word' id='word_1_191' title='bbox 2216 1302 2284 1372; x_wconf 80' lang='grc' dir='ltr'>τῇ</span> <span class='ocrx_word' id='word_1_192' title='bbox 2333 1300 2441 1354; x_wconf 87' lang='grc' dir='ltr'>τῶν</span> <span class='ocrx_word' id='word_1_193' title='bbox 2494 1300 2783 1371; x_wconf 84' lang='grc' dir='ltr'>μακαρίων</span> <span class='ocrx_word' id='word_1_194' title='bbox 2831 1302 2892 1353; x_wconf 84' lang='grc' dir='ltr'>ἐν</span> <span class='ocrx_word' id='word_1_195' title='bbox 2953 1299 3205 1370; x_wconf 80' lang='grc' dir='ltr'>οὐρανοῖς</span> <span class='ocrx_word' id='word_1_196' title='bbox 3256 1302 3604 1370; x_wconf 78' lang='grc' dir='ltr'>προσήνεγκε</span> 
     </span>
    </p>
   </div>
   <div class='ocr_carea' id='block_1_27' title="bbox 2035 1389 3606 1463">
    <p class='ocr_par' dir='ltr' id='par_1_27' title="bbox 2035 1389 3606 1463">
     <span class='ocr_line' id='line_1_27' title="bbox 2035 1389 3606 1463; baseline -0.003 -16"><span class='ocrx_word' id='word_1_197' title='bbox 2035 1390 2303 1463; x_wconf 76' lang='grc' dir='ltr'>πολιτείᾳ.</span> <span class='ocrx_word' id='word_1_198' title='bbox 2332 1391 2411 1445; x_wconf 82' lang='grc' dir='ltr'>Τὸ</span> <span class='ocrx_word' id='word_1_199' title='bbox 2433 1391 2491 1446; x_wconf 84' lang='grc' dir='ltr'>δέ</span> <span class='ocrx_word' id='word_1_200' title='bbox 2523 1391 2729 1462; x_wconf 81' lang='grc' dir='ltr'>πλῆθος</span> <span class='ocrx_word' id='word_1_201' title='bbox 2749 1392 2897 1447; x_wconf 85' lang='grc' dir='ltr'>ἀπαν</span> <span class='ocrx_word' id='word_1_202' title='bbox 2926 1390 3037 1445; x_wconf 91' lang='grc' dir='ltr'>τῶν</span> <span class='ocrx_word' id='word_1_203' title='bbox 3064 1389 3172 1444; x_wconf 84' lang='grc' dir='ltr'>ύπδ</span> <span class='ocrx_word' id='word_1_204' title='bbox 3202 1389 3302 1458; x_wconf 85' lang='grc' dir='ltr'>τῆς</span> <span class='ocrx_word' id='word_1_205' title='bbox 3344 1389 3606 1460; x_wconf 77' lang='grc' dir='ltr'>ἀληθείας</span> 
     </span>
    </p>
   </div>
   <div class='ocr_carea' id='block_1_28' title="bbox 2034 1481 3607 1554">
    <p class='ocr_par' dir='ltr' id='par_1_28' title="bbox 2034 1481 3607 1554">
     <span class='ocr_line' id='line_1_28' title="bbox 2034 1481 3607 1554; baseline -0.004 -14"><span class='ocrx_word' id='word_1_206' title='bbox 2034 1483 2506 1554; x_wconf 84' lang='grc' dir='ltr'>κατασχεθέντων,</span> <span class='ocrx_word' id='word_1_207' title='bbox 2541 1483 2727 1549; x_wconf 78' lang='grc' dir='ltr'>ἐξότου</span> <span class='ocrx_word' id='word_1_208' title='bbox 2781 1483 2851 1538; x_wconf 83' lang='grc' dir='ltr'>δι’</span> <span class='ocrx_word' id='word_1_209' title='bbox 2901 1482 3099 1551; x_wconf 82' lang='grc' dir='ltr'>ἑαυτῆς</span> <span class='ocrx_word' id='word_1_210' title='bbox 3155 1481 3426 1553; x_wconf 75' lang='grc' dir='ltr'>ἐϐουλήθη</span> <span class='ocrx_word' id='word_1_211' title='bbox 3477 1482 3607 1544; x_wconf 82' lang='grc' dir='ltr'>τοῦς</span> 
     </span>
    </p>
   </div>
   <div class='ocr_carea' id='block_1_29' title="bbox 2034 1572 3607 1647">
    <p class='ocr_par' dir='ltr' id='par_1_29' title="bbox 2034 1572 3607 1647">
     <span class='ocr_line' id='line_1_29' title="bbox 2034 1572 3607 1647; baseline 0 -18"><span class='ocrx_word' id='word_1_212' title='bbox 2034 1572 2358 1645; x_wconf 71' lang='grc' dir='ltr'>ἀνθρώπους</span> <span class='ocrx_word' id='word_1_213' title='bbox 2387 1574 2720 1645; x_wconf 71' lang='grc' dir='ltr'>ἐπιστρέψαι</span> <span class='ocrx_word' id='word_1_214' title='bbox 2754 1575 2893 1647; x_wconf 79' lang='grc' dir='ltr'>πρὸς</span> <span class='ocrx_word' id='word_1_215' title='bbox 2921 1575 3144 1647; x_wconf 73' lang='grc' dir='ltr'>ἑαυτὴν,</span> <span class='ocrx_word' id='word_1_216' title='bbox 3174 1576 3256 1638; x_wconf 87' lang='grc' dir='ltr'>τίς</span> <span class='ocrx_word' id='word_1_217' title='bbox 3281 1576 3349 1631; x_wconf 77' lang='grc' dir='ltr'>ἂν</span> <span class='ocrx_word' id='word_1_218' title='bbox 3376 1576 3477 1630; x_wconf 85' lang='grc' dir='ltr'>οὐκ</span> <span class='ocrx_word' id='word_1_219' title='bbox 3514 1577 3607 1629; x_wconf 79' lang='grc' dir='ltr'>ἐπὶ</span> 
     </span>
    </p>
   </div>
   <div class='ocr_carea' id='block_1_30' title="bbox 2035 1664 3608 1737">
    <p class='ocr_par' dir='ltr' id='par_1_30' title="bbox 2035 1664 3608 1737">
     <span class='ocr_line' id='line_1_30' title="bbox 2035 1664 3608 1737; baseline 0.003 -19"><span class='ocrx_word' id='word_1_220' title='bbox 2035 1664 2162 1719; x_wconf 87' lang='grc' dir='ltr'>νοῦν</span> <span class='ocrx_word' id='word_1_221' title='bbox 2215 1666 2519 1734; x_wconf 87' lang='grc' dir='ltr'>ἐκπλαγείη</span> <span class='ocrx_word' id='word_1_222' title='bbox 2560 1665 2782 1734; x_wconf 76' lang='grc' dir='ltr'>λαόώνς</span> <span class='ocrx_word' id='word_1_223' title='bbox 2818 1666 3090 1722; x_wconf 80' lang='grc' dir='ltr'>Τοσοῦτον</span> <span class='ocrx_word' id='word_1_224' title='bbox 3122 1666 3320 1737; x_wconf 80' lang='grc' dir='ltr'>ἀπέχει</span> <span class='ocrx_word' id='word_1_225' title='bbox 3366 1670 3434 1737; x_wconf 77' lang='grc' dir='ltr'>τῇ</span> <span class='ocrx_word' id='word_1_226' title='bbox 3466 1669 3608 1722; x_wconf 83' lang='grc' dir='ltr'>κατά</span> 
     </span>
    </p>
   </div>
   <div class='ocr_carea' id='block_1_31' title="bbox 368 1753 3611 1856">
    <p class='ocr_par' dir='ltr' id='par_1_31' title="bbox 368 1753 3611 1856">
     <span class='ocr_line' id='line_1_31' title="bbox 368 1753 3611 1856; baseline -0 -45"><span class='ocrx_word' id='word_1_227' title='bbox 368 1757 572 1822; x_wconf 82' lang='grc' dir='ltr'>ἐόίουν,</span> <span class='ocrx_word' id='word_1_228' title='bbox 606 1756 682 1828; x_wconf 82' lang='grc' dir='ltr'>(Ι)</span> <span class='ocrx_word' id='word_1_229' title='bbox 711 1759 900 1826; x_wconf 71' lang='grc' dir='ltr'>ἅσπερ</span> <span class='ocrx_word' id='word_1_230' title='bbox 945 1759 1093 1821; x_wconf 75' lang='grc' dir='ltr'>εῖκδς</span> <span class='ocrx_word' id='word_1_231' title='bbox 1122 1754 1191 1829; x_wconf 80' lang='grc' dir='ltr'>ἦν</span> <span class='ocrx_word' id='word_1_232' title='bbox 1240 1762 1369 1821; x_wconf 75' lang='grc' dir='ltr'>τοὺς</span> <span class='ocrx_word' id='word_1_233' title='bbox 1410 1762 1546 1832; x_wconf 81' lang='grc' dir='ltr'>αὐτῇ</span> <span class='ocrx_word' id='word_1_234' title='bbox 1584 1758 1721 1814; x_wconf 88' lang='grc' dir='ltr'>Θεοῦ</span> <span class='ocrx_word' id='word_1_235' title='bbox 1749 1758 1929 1830; x_wconf 86' lang='grc' dir='ltr'>σοφίᾳ,</span> <span class='ocrx_word' id='word_1_236' title='bbox 1963 1796 2009 1856; x_wconf 71' lang='grc' dir='ltr'>Β</span> <span class='ocrx_word' id='word_1_237' title='bbox 2037 1753 2271 1824; x_wconf 81' lang='grc' dir='ltr'>Χριστὸν</span> <span class='ocrx_word' id='word_1_238' title='bbox 2298 1754 2588 1827; x_wconf 81' lang='grc' dir='ltr'>φιλοσοφίᾳ</span> <span class='ocrx_word' id='word_1_239' title='bbox 2614 1755 2648 1825; x_wconf 79' lang='grc' dir='ltr'>ἡ</span> <span class='ocrx_word' id='word_1_240' title='bbox 2683 1754 2794 1809; x_wconf 86' lang='grc' dir='ltr'>τῶν</span> <span class='ocrx_word' id='word_1_241' title='bbox 2822 1773 2967 1820; x_wconf 89' lang='grc' dir='ltr'>τινος</span> <span class='ocrx_word' id='word_1_242' title='bbox 2989 1755 3298 1826; x_wconf 89' lang='grc' dir='ltr'>ἀνθρώπων</span> <span class='ocrx_word' id='word_1_243' title='bbox 3332 1757 3611 1827; x_wconf 77' lang='grc' dir='ltr'>παραϐλη-</span> 
     </span>
    </p>
   </div>
   <div class='ocr_carea' id='block_1_32' title="bbox 363 1850 1932 1926">
    <p class='ocr_par' dir='ltr' id='par_1_32' title="bbox 363 1850 1932 1926">
     <span class='ocr_line' id='line_1_32' title="bbox 363 1850 1932 1926; baseline -0.001 -20"><span class='ocrx_word' id='word_1_244' title='bbox 363 1850 727 1917; x_wconf 60' lang='grc' dir='ltr'>σαγγενίσθαι</span> <span class='ocrx_word' id='word_1_245' title='bbox 749 1853 862 1915; x_wconf 88' lang='grc' dir='ltr'>τοῖς</span> <span class='ocrx_word' id='word_1_246' title='bbox 897 1851 1206 1923; x_wconf 74' lang='grc' dir='ltr'>ἀνθρῖποις</span> <span class='ocrx_word' id='word_1_247' title='bbox 1229 1853 1505 1926; x_wconf 80' lang='grc' dir='ltr'>ἀξιωσάσῃ</span> <span class='ocrx_word' id='word_1_248' title='bbox 1526 1853 1714 1909; x_wconf 79' lang='grc' dir='ltr'>τούτου</span> <span class='ocrx_word' id='word_1_249' title='bbox 1748 1853 1932 1924; x_wconf 80' lang='grc' dir='ltr'>χάριν,</span> 
     </span>
    </p>
   </div>
   <div class='ocr_carea' id='block_1_33' title="bbox 362 1944 1935 2019">
    <p class='ocr_par' dir='ltr' id='par_1_33' title="bbox 362 1944 1935 2019">
     <span class='ocr_line' id='line_1_33' title="bbox 362 1944 1935 2019; baseline 0.002 -22"><span class='ocrx_word' id='word_1_250' title='bbox 362 1944 814 2010; x_wconf 77' lang='grc' dir='ltr'>ἀκολουθοῦντας.</span> <span class='ocrx_word' id='word_1_251' title='bbox 843 1945 1125 2017; x_wconf 83' lang='grc' dir='ltr'>Γραμμῶν</span> <span class='ocrx_word' id='word_1_252' title='bbox 1154 1947 1257 2017; x_wconf 71' lang='grc' dir='ltr'>μὲν</span> <span class='ocrx_word' id='word_1_253' title='bbox 1289 1948 1388 2001; x_wconf 81' lang='grc' dir='ltr'>καὶ</span> <span class='ocrx_word' id='word_1_254' title='bbox 1420 1947 1677 2019; x_wconf 81' lang='grc' dir='ltr'>ἀριθμῶν</span> <span class='ocrx_word' id='word_1_255' title='bbox 1707 1945 1935 2003; x_wconf 75' lang='grc' dir='ltr'>καὶτῶν</span> 
     </span>
    </p>
   </div>
   <div class='ocr_carea' id='block_1_34' title="bbox 359 2036 1937 2110">
    <p class='ocr_par' dir='ltr' id='par_1_34' title="bbox 359 2036 1937 2110">
     <span class='ocr_line' id='line_1_34' title="bbox 359 2036 1937 2110; baseline 0.003 -21"><span class='ocrx_word' id='word_1_256' title='bbox 359 2036 629 2106; x_wconf 78' lang='grc' dir='ltr'>οὐρανίων</span> <span class='ocrx_word' id='word_1_257' title='bbox 656 2039 964 2108; x_wconf 83' lang='grc' dir='ltr'>τηρήσεως,</span> <span class='ocrx_word' id='word_1_258' title='bbox 1010 2040 1109 2093; x_wconf 78' lang='grc' dir='ltr'>καὶ</span> <span class='ocrx_word' id='word_1_259' title='bbox 1136 2042 1375 2110; x_wconf 84' lang='grc' dir='ltr'>φυσικῆς</span> <span class='ocrx_word' id='word_1_260' title='bbox 1400 2040 1736 2109; x_wconf 86' lang='grc' dir='ltr'>ἐπιστήμης,</span> <span class='ocrx_word' id='word_1_261' title='bbox 1762 2039 1812 2094; x_wconf 83' lang='grc' dir='ltr'>οῖ</span> <span class='ocrx_word' id='word_1_262' title='bbox 1838 2039 1937 2109; x_wconf 73' lang='grc' dir='ltr'>μὲν</span> 
     </span>
    </p>
   </div>
   <div class='ocr_carea' id='block_1_35' title="bbox 361 2125 1936 2201">
    <p class='ocr_par' dir='ltr' id='par_1_35' title="bbox 361 2125 1936 2201">
     <span class='ocr_line' id='line_1_35' title="bbox 361 2125 1936 2201; baseline 0 -19"><span class='ocrx_word' id='word_1_263' title='bbox 361 2130 483 2182; x_wconf 83' lang='grc' dir='ltr'>οὐδέ</span> <span class='ocrx_word' id='word_1_264' title='bbox 522 2129 620 2196; x_wconf 85' lang='grc' dir='ltr'>τὴν</span> <span class='ocrx_word' id='word_1_265' title='bbox 657 2130 833 2201; x_wconf 78' lang='grc' dir='ltr'>ἀρχὴν</span> <span class='ocrx_word' id='word_1_266' title='bbox 859 2130 1150 2193; x_wconf 74' lang='grc' dir='ltr'>ἐπαΐοντες</span> <span class='ocrx_word' id='word_1_267' title='bbox 1171 2146 1186 2162; x_wconf 81' lang='lat'><strong><em>°</em></strong></span> <span class='ocrx_word' id='word_1_268' title='bbox 1213 2125 1289 2186; x_wconf 83' lang='grc' dir='ltr'>ὧν</span> <span class='ocrx_word' id='word_1_269' title='bbox 1313 2132 1425 2201; x_wconf 86' lang='grc' dir='ltr'>γὰρ</span> <span class='ocrx_word' id='word_1_270' title='bbox 1454 2130 1555 2200; x_wconf 84' lang='grc' dir='ltr'>τῆς</span> <span class='ocrx_word' id='word_1_271' title='bbox 1582 2128 1936 2191; x_wconf 84' lang='grc' dir='ltr'>ἀπολαύσεως</span> 
     </span>
    </p>
   </div>
   <div class='ocr_carea' id='block_1_36' title="bbox 360 2220 1937 2293">
    <p class='ocr_par' dir='ltr' id='par_1_36' title="bbox 360 2220 1937 2293">
     <span class='ocr_line' id='line_1_36' title="bbox 360 2220 1937 2293; baseline -0.001 -18"><span class='ocrx_word' id='word_1_272' title='bbox 360 2220 703 2293; x_wconf 86' lang='grc' dir='ltr'>ὠλιγώρουν,</span> <span class='ocrx_word' id='word_1_273' title='bbox 727 2222 937 2275; x_wconf 89' lang='grc' dir='ltr'>τούτων</span> <span class='ocrx_word' id='word_1_274' title='bbox 962 2221 1062 2292; x_wconf 82' lang='grc' dir='ltr'>τὴν</span> <span class='ocrx_word' id='word_1_275' title='bbox 1089 2221 1322 2291; x_wconf 66' lang='grc' dir='ltr'>εἴδησιν,</span> <span class='ocrx_word' id='word_1_276' title='bbox 1353 2222 1451 2276; x_wconf 69' lang='grc' dir='ltr'>καὶ</span> <span class='ocrx_word' id='word_1_277' title='bbox 1494 2221 1605 2276; x_wconf 88' lang='grc' dir='ltr'>τῶν</span> <span class='ocrx_word' id='word_1_278' title='bbox 1638 2223 1767 2292; x_wconf 73' lang='grc' dir='ltr'>περὶ</span> <span class='ocrx_word' id='word_1_279' title='bbox 1796 2220 1937 2275; x_wconf 79' lang='grc' dir='ltr'>αύτά</span> 
     </span>
    </p>
   </div>
   <div class='ocr_carea' id='block_1_37' title="bbox 364 2311 1938 2383">
    <p class='ocr_par' dir='ltr' id='par_1_37' title="bbox 364 2311 1938 2383">
     <span class='ocr_line' id='line_1_37' title="bbox 364 2311 1938 2383; baseline -0.001 -18"><span class='ocrx_word' id='word_1_280' title='bbox 364 2312 706 2383; x_wconf 79' lang='grc' dir='ltr'>παθημάτων</span> <span class='ocrx_word' id='word_1_281' title='bbox 729 2351 745 2375; x_wconf 88' lang='grc'>,</span> <span class='ocrx_word' id='word_1_282' title='bbox 793 2314 949 2368; x_wconf 77' lang='grc' dir='ltr'>οὐδὲν</span> <span class='ocrx_word' id='word_1_283' title='bbox 988 2313 1221 2383; x_wconf 79' lang='grc' dir='ltr'>ἡγοῦντο</span> <span class='ocrx_word' id='word_1_284' title='bbox 1283 2313 1503 2382; x_wconf 74' lang='grc' dir='ltr'>σεμνὸν,</span> <span class='ocrx_word' id='word_1_285' title='bbox 1564 2313 1701 2369; x_wconf 77' lang='grc' dir='ltr'>πάνυ</span> <span class='ocrx_word' id='word_1_286' title='bbox 1755 2311 1938 2377; x_wconf 86' lang='grc' dir='ltr'>καλῶς</span> 
     </span>
    </p>
   </div>
   <div class='ocr_carea' id='block_1_38' title="bbox 367 2403 1938 2477">
    <p class='ocr_par' dir='ltr' id='par_1_38' title="bbox 367 2403 1938 2477">
     <span class='ocr_line' id='line_1_38' title="bbox 367 2403 1938 2477; baseline 0.001 -22"><span class='ocrx_word' id='word_1_287' title='bbox 367 2404 672 2468; x_wconf 81' lang='grc' dir='ltr'>ποιοῦντες.</span> <span class='ocrx_word' id='word_1_288' title='bbox 708 2404 772 2459; x_wconf 70' lang='lat' dir='ltr'>Et</span> <span class='ocrx_word' id='word_1_289' title='bbox 794 2404 902 2473; x_wconf 83' lang='grc' dir='ltr'>γὰρ</span> <span class='ocrx_word' id='word_1_290' title='bbox 922 2404 983 2457; x_wconf 81' lang='grc' dir='ltr'>τὸ</span> <span class='ocrx_word' id='word_1_291' title='bbox 1019 2404 1221 2473; x_wconf 90' lang='grc' dir='ltr'>γνῶναι</span> <span class='ocrx_word' id='word_1_292' title='bbox 1266 2404 1402 2477; x_wconf 76' lang='grc' dir='ltr'>πρὸς</span> <span class='ocrx_word' id='word_1_293' title='bbox 1438 2408 1500 2458; x_wconf 78' lang='grc' dir='ltr'>τὸ</span> <span class='ocrx_word' id='word_1_294' title='bbox 1525 2403 1938 2475; x_wconf 71' lang='grc' dir='ltr'>ὑπερφρονῆσαι</span> 
     </span>
    </p>
   </div>
   <div class='ocr_carea' id='block_1_39' title="bbox 366 2491 1941 2564">
    <p class='ocr_par' dir='ltr' id='par_1_39' title="bbox 366 2491 1941 2564">
     <span class='ocr_line' id='line_1_39' title="bbox 366 2491 1941 2564; baseline 0.001 -20"><span class='ocrx_word' id='word_1_295' title='bbox 366 2491 479 2544; x_wconf 89' lang='grc' dir='ltr'>τῶν</span> <span class='ocrx_word' id='word_1_296' title='bbox 502 2509 565 2560; x_wconf 88' lang='grc' dir='ltr'>γε</span> <span class='ocrx_word' id='word_1_297' title='bbox 593 2493 852 2546; x_wconf 81' lang='grc' dir='ltr'>τοιούτων</span> <span class='ocrx_word' id='word_1_298' title='bbox 883 2492 1042 2563; x_wconf 82' lang='grc' dir='ltr'>φέροι</span> <span class='ocrx_word' id='word_1_299' title='bbox 1077 2492 1168 2556; x_wconf 79' lang='grc' dir='ltr'>ἀν,</span> <span class='ocrx_word' id='word_1_300' title='bbox 1196 2496 1308 2554; x_wconf 82' lang='grc' dir='ltr'>τοῖς</span> <span class='ocrx_word' id='word_1_301' title='bbox 1335 2510 1399 2563; x_wconf 89' lang='grc' dir='ltr'>γε</span> <span class='ocrx_word' id='word_1_302' title='bbox 1448 2493 1574 2547; x_wconf 84' lang='grc' dir='ltr'>νοῦν</span> <span class='ocrx_word' id='word_1_303' title='bbox 1597 2492 1800 2564; x_wconf 78' lang='grc' dir='ltr'>ἔχουσι,</span> <span class='ocrx_word' id='word_1_304' title='bbox 1840 2494 1941 2546; x_wconf 63' lang='grc' dir='ltr'>κοιλ⁵</span> 
     </span>
    </p>
   </div>
   <div class='ocr_carea' id='block_1_40' title="bbox 368 2587 1938 2659">
    <p class='ocr_par' dir='ltr' id='par_1_40' title="bbox 368 2587 1938 2659">
     <span class='ocr_line' id='line_1_40' title="bbox 368 2587 1938 2659; baseline 0.001 -19"><span class='ocrx_word' id='word_1_305' title='bbox 368 2587 668 2656; x_wconf 75' lang='grc' dir='ltr'>ἐρασθῆναι</span> <span class='ocrx_word' id='word_1_306' title='bbox 694 2587 788 2641; x_wconf 82' lang='grc' dir='ltr'>τοῦ</span> <span class='ocrx_word' id='word_1_307' title='bbox 821 2587 1071 2652; x_wconf 89' lang='grc' dir='ltr'>κάλλους,</span> <span class='ocrx_word' id='word_1_308' title='bbox 1108 2587 1138 2643; x_wconf 84' lang='grc' dir='ltr'>δ</span> <span class='ocrx_word' id='word_1_309' title='bbox 1182 2588 1324 2659; x_wconf 79' lang='grc' dir='ltr'>ὑπὲρ</span> <span class='ocrx_word' id='word_1_310' title='bbox 1349 2588 1525 2641; x_wconf 87' lang='grc' dir='ltr'>ταῦτα</span> <span class='ocrx_word' id='word_1_311' title='bbox 1554 2587 1732 2642; x_wconf 88' lang='grc' dir='ltr'>πάντα</span> <span class='ocrx_word' id='word_1_312' title='bbox 1765 2588 1938 2651; x_wconf 80' lang='grc' dir='ltr'>ἐστὶν,</span> 
     </span>
    </p>
   </div>
   <div class='ocr_carea' id='block_1_41' title="bbox 370 2676 1941 2748">
    <p class='ocr_par' dir='ltr' id='par_1_41' title="bbox 370 2676 1941 2748">
     <span class='ocr_line' id='line_1_41' title="bbox 370 2676 1941 2748; baseline -0.002 -17"><span class='ocrx_word' id='word_1_313' title='bbox 370 2678 576 2747; x_wconf 81' lang='grc' dir='ltr'>ἀφανὲς</span> <span class='ocrx_word' id='word_1_314' title='bbox 627 2677 709 2733; x_wconf 76' lang='grc' dir='ltr'>ἔτι</span> <span class='ocrx_word' id='word_1_315' title='bbox 773 2676 855 2744; x_wconf 80' lang='grc' dir='ltr'>ὃν,</span> <span class='ocrx_word' id='word_1_316' title='bbox 888 2679 941 2731; x_wconf 88' lang='grc' dir='ltr'>τί</span> <span class='ocrx_word' id='word_1_317' title='bbox 970 2677 1025 2745; x_wconf 89' lang='grc' dir='ltr'>γ’</span> <span class='ocrx_word' id='word_1_318' title='bbox 1055 2677 1122 2732; x_wconf 83' lang='grc' dir='ltr'>ἄν</span> <span class='ocrx_word' id='word_1_319' title='bbox 1154 2678 1363 2734; x_wconf 87' lang='grc' dir='ltr'>ἐδέοντο</span> <span class='ocrx_word' id='word_1_320' title='bbox 1398 2679 1631 2747; x_wconf 81' lang='grc' dir='ltr'>κάμνειν</span> <span class='ocrx_word' id='word_1_321' title='bbox 1662 2679 1794 2748; x_wconf 75' lang='grc' dir='ltr'>περὶ</span> <span class='ocrx_word' id='word_1_322' title='bbox 1842 2678 1941 2743; x_wconf 72' lang='grc' dir='ltr'>τὴν</span> 
     </span>
    </p>
   </div>
   <div class='ocr_carea' id='block_1_42' title="bbox 366 2765 1942 2844">
    <p class='ocr_par' dir='ltr' id='par_1_42' title="bbox 366 2765 1942 2844">
     <span class='ocr_line' id='line_1_42' title="bbox 366 2765 1942 2844; baseline -0.003 -21"><span class='ocrx_word' id='word_1_323' title='bbox 366 2770 633 2841; x_wconf 84' lang='grc' dir='ltr'>τοιαύτην</span> <span class='ocrx_word' id='word_1_324' title='bbox 655 2769 882 2840; x_wconf 89' lang='grc' dir='ltr'>γνῶσιν,</span> <span class='ocrx_word' id='word_1_325' title='bbox 905 2770 1011 2841; x_wconf 85' lang='grc' dir='ltr'>όδῷ</span> <span class='ocrx_word' id='word_1_326' title='bbox 1041 2770 1216 2844; x_wconf 78' lang='grc' dir='ltr'>ῥᾴστῃ</span> <span class='ocrx_word' id='word_1_327' title='bbox 1245 2787 1305 2824; x_wconf 91' lang='grc' dir='ltr'>τε</span> <span class='ocrx_word' id='word_1_328' title='bbox 1346 2771 1442 2826; x_wconf 76' lang='grc' dir='ltr'>καὶ</span> <span class='ocrx_word' id='word_1_329' title='bbox 1467 2769 1805 2839; x_wconf 82' lang='grc' dir='ltr'>δικαιοτάτῃ,</span> <span class='ocrx_word' id='word_1_330' title='bbox 1844 2765 1942 2819; x_wconf 80' lang='grc' dir='ltr'>καὶ</span> 
     </span>
    </p>
   </div>
   <div class='ocr_carea' id='block_1_43' title="bbox 372 2850 1939 2935">
    <p class='ocr_par' dir='ltr' id='par_1_43' title="bbox 372 2850 1939 2935">
     <span class='ocr_line' id='line_1_43' title="bbox 372 2850 1939 2935; baseline 0 -19"><span class='ocrx_word' id='word_1_331' title='bbox 372 2863 542 2935; x_wconf 85' lang='grc' dir='ltr'>πείρᾳ</span> <span class='ocrx_word' id='word_1_332' title='bbox 573 2863 801 2935; x_wconf 72' lang='grc' dir='ltr'>βεϐαίῳ,</span> <span class='ocrx_word' id='word_1_333' title='bbox 839 2850 977 2935; x_wconf 87' lang='grc' dir='ltr'>μετά</span> <span class='ocrx_word' id='word_1_334' title='bbox 1014 2864 1110 2919; x_wconf 87' lang='grc' dir='ltr'>τοῦ</span> <span class='ocrx_word' id='word_1_335' title='bbox 1142 2862 1378 2935; x_wconf 75' lang='grc' dir='ltr'>ἐραστοῦ</span> <span class='ocrx_word' id='word_1_336' title='bbox 1414 2862 1715 2928; x_wconf 87' lang='grc' dir='ltr'>κάνταῦθα,</span> <span class='ocrx_word' id='word_1_337' title='bbox 1738 2864 1813 2927; x_wconf 84' lang='grc' dir='ltr'>ὡς</span> <span class='ocrx_word' id='word_1_338' title='bbox 1844 2863 1939 2930; x_wconf 82' lang='grc' dir='ltr'>ἐγ-</span> 
     </span>
    </p>
   </div>
   <div class='ocr_carea' id='block_1_44' title="bbox 366 2953 1944 3027">
    <p class='ocr_par' dir='ltr' id='par_1_44' title="bbox 366 2953 1944 3027">
     <span class='ocr_line' id='line_1_44' title="bbox 366 2953 1944 3027; baseline -0.001 -17"><span class='ocrx_word' id='word_1_339' title='bbox 366 2960 556 3027; x_wconf 82' lang='grc' dir='ltr'>χωρεῖ,</span> <span class='ocrx_word' id='word_1_340' title='bbox 588 2955 845 3026; x_wconf 77' lang='grc' dir='ltr'>γενέσθαι</span> <span class='ocrx_word' id='word_1_341' title='bbox 899 2955 1229 3025; x_wconf 88' lang='grc' dir='ltr'>δυνάμενοι;</span> <span class='ocrx_word' id='word_1_342' title='bbox 1270 2958 1333 3013; x_wconf 80' lang='grc' dir='ltr'>οι</span> <span class='ocrx_word' id='word_1_343' title='bbox 1378 2956 1434 3010; x_wconf 86' lang='grc' dir='ltr'>δέ</span> <span class='ocrx_word' id='word_1_344' title='bbox 1490 2958 1586 3012; x_wconf 75' lang='grc' dir='ltr'>καὶ</span> <span class='ocrx_word' id='word_1_345' title='bbox 1625 2953 1801 3011; x_wconf 87' lang='grc' dir='ltr'>ταῦτα</span> <span class='ocrx_word' id='word_1_346' title='bbox 1842 2953 1944 3023; x_wconf 77' lang='grc' dir='ltr'>μὲν</span> 
     </span>
    </p>
   </div>
   <div class='ocr_carea' id='block_1_45' title="bbox 368 3045 1941 3119">
    <p class='ocr_par' dir='ltr' id='par_1_45' title="bbox 368 3045 1941 3119">
     <span class='ocr_line' id='line_1_45' title="bbox 368 3045 1941 3119; baseline 0.001 -18"><span class='ocrx_word' id='word_1_347' title='bbox 368 3046 586 3119; x_wconf 72' lang='grc' dir='ltr'>ᾔδεσαν.</span> <span class='ocrx_word' id='word_1_348' title='bbox 614 3047 730 3102; x_wconf 87' lang='grc' dir='ltr'>ἀλλ’</span> <span class='ocrx_word' id='word_1_349' title='bbox 758 3048 914 3101; x_wconf 79' lang='grc' dir='ltr'>οῦδὲν</span> <span class='ocrx_word' id='word_1_350' title='bbox 946 3047 1146 3117; x_wconf 78' lang='grc' dir='ltr'>μᾶλλον</span> <span class='ocrx_word' id='word_1_351' title='bbox 1174 3047 1282 3100; x_wconf 86' lang='grc' dir='ltr'>τῶν</span> <span class='ocrx_word' id='word_1_352' title='bbox 1302 3047 1405 3101; x_wconf 85' lang='grc' dir='ltr'>οὐκ</span> <span class='ocrx_word' id='word_1_353' title='bbox 1435 3046 1656 3100; x_wconf 87' lang='grc' dir='ltr'>είδότων</span> <span class='ocrx_word' id='word_1_354' title='bbox 1679 3045 1941 3119; x_wconf 86' lang='grc' dir='ltr'>ἐχρῶντο.</span> 
     </span>
    </p>
   </div>
   <div class='ocr_carea' id='block_1_46' title="bbox 2037 1844 3609 1918">
    <p class='ocr_par' dir='ltr' id='par_1_46' title="bbox 2037 1844 3609 1918">
     <span class='ocr_line' id='line_1_46' title="bbox 2037 1844 3609 1918; baseline 0.002 -19"><span class='ocrx_word' id='word_1_355' title='bbox 2037 1844 2194 1915; x_wconf 86' lang='grc' dir='ltr'>θῆναι</span> <span class='ocrx_word' id='word_1_356' title='bbox 2224 1845 2320 1899; x_wconf 79' lang='grc' dir='ltr'>καὶ</span> <span class='ocrx_word' id='word_1_357' title='bbox 2352 1846 2571 1900; x_wconf 90' lang='grc' dir='ltr'>πάντων</span> <span class='ocrx_word' id='word_1_358' title='bbox 2602 1846 2737 1915; x_wconf 86' lang='grc' dir='ltr'>όμοῦ</span> <span class='ocrx_word' id='word_1_359' title='bbox 2784 1847 2861 1916; x_wconf 83' lang='grc' dir='ltr'>τῷ</span> <span class='ocrx_word' id='word_1_360' title='bbox 2892 1864 2953 1901; x_wconf 86' lang='grc' dir='ltr'>τε</span> <span class='ocrx_word' id='word_1_361' title='bbox 2983 1848 3179 1918; x_wconf 82' lang='grc' dir='ltr'>πλήθει</span> <span class='ocrx_word' id='word_1_362' title='bbox 3227 1849 3339 1902; x_wconf 91' lang='grc' dir='ltr'>τῶν</span> <span class='ocrx_word' id='word_1_363' title='bbox 3369 1847 3609 1917; x_wconf 83' lang='grc' dir='ltr'>βελτιου-</span> 
     </span>
    </p>
   </div>
   <div class='ocr_carea' id='block_1_47' title="bbox 2039 1934 3609 2008">
    <p class='ocr_par' dir='ltr' id='par_1_47' title="bbox 2039 1934 3609 2008">
     <span class='ocr_line' id='line_1_47' title="bbox 2039 1934 3609 2008; baseline 0.002 -20"><span class='ocrx_word' id='word_1_364' title='bbox 2039 1934 2222 2005; x_wconf 80' lang='grc' dir='ltr'>μένων</span> <span class='ocrx_word' id='word_1_365' title='bbox 2252 1936 2348 1991; x_wconf 75' lang='grc' dir='ltr'>καὶ</span> <span class='ocrx_word' id='word_1_366' title='bbox 2378 1937 2459 2007; x_wconf 83' lang='grc' dir='ltr'>τῷ</span> <span class='ocrx_word' id='word_1_367' title='bbox 2490 1937 2645 2008; x_wconf 87' lang='grc' dir='ltr'>τάχει</span> <span class='ocrx_word' id='word_1_368' title='bbox 2681 1938 2779 2007; x_wconf 83' lang='grc' dir='ltr'>τῆς</span> <span class='ocrx_word' id='word_1_369' title='bbox 2810 1936 3173 2008; x_wconf 75' lang='grc' dir='ltr'>βελτιώσεως,</span> <span class='ocrx_word' id='word_1_370' title='bbox 3200 1938 3342 1993; x_wconf 83' lang='grc' dir='ltr'>ῶστε</span> <span class='ocrx_word' id='word_1_371' title='bbox 3375 1940 3470 1993; x_wconf 74' lang='grc' dir='ltr'>καὶ</span> <span class='ocrx_word' id='word_1_372' title='bbox 3495 1956 3609 1992; x_wconf 88' lang='grc' dir='ltr'>κιν-</span> 
     </span>
    </p>
   </div>
   <div class='ocr_carea' id='block_1_48' title="bbox 2035 2029 3612 2102">
    <p class='ocr_par' dir='ltr' id='par_1_48' title="bbox 2035 2029 3612 2102">
     <span class='ocr_line' id='line_1_48' title="bbox 2035 2029 3612 2102; baseline -0.001 -16"><span class='ocrx_word' id='word_1_373' title='bbox 2035 2031 2292 2088; x_wconf 86' lang='grc' dir='ltr'>δυνεῦσαι</span> <span class='ocrx_word' id='word_1_374' title='bbox 2326 2029 2393 2086; x_wconf 79' lang='grc' dir='ltr'>ἂν</span> <span class='ocrx_word' id='word_1_375' title='bbox 2425 2032 2605 2102; x_wconf 83' lang='grc' dir='ltr'>μάτην</span> <span class='ocrx_word' id='word_1_376' title='bbox 2651 2033 2938 2102; x_wconf 85' lang='grc' dir='ltr'>γεγονέναι</span> <span class='ocrx_word' id='word_1_377' title='bbox 2986 2035 3203 2090; x_wconf 69' lang='grc' dir='ltr'>τουτονὶ</span> <span class='ocrx_word' id='word_1_378' title='bbox 3253 2033 3345 2089; x_wconf 78' lang='grc' dir='ltr'>τὸν</span> <span class='ocrx_word' id='word_1_379' title='bbox 3402 2034 3612 2102; x_wconf 84' lang='grc' dir='ltr'>κόσμον</span> 
     </span>
    </p>
   </div>
   <div class='ocr_carea' id='block_1_49' title="bbox 2037 2116 3609 2197">
    <p class='ocr_par' dir='ltr' id='par_1_49' title="bbox 2037 2116 3609 2197">
     <span class='ocr_line' id='line_1_49' title="bbox 2037 2116 3609 2197; baseline 0.001 -20"><span class='ocrx_word' id='word_1_380' title='bbox 2037 2116 2123 2194; x_wconf 77' lang='grc' dir='ltr'>(οὗ</span> <span class='ocrx_word' id='word_1_381' title='bbox 2150 2122 2250 2192; x_wconf 83' lang='grc' dir='ltr'>τῆς</span> <span class='ocrx_word' id='word_1_382' title='bbox 2274 2124 2593 2188; x_wconf 80' lang='grc' dir='ltr'>συστάσεως</span> <span class='ocrx_word' id='word_1_383' title='bbox 2620 2125 2776 2189; x_wconf 79' lang='grc' dir='ltr'>τέλος</span> <span class='ocrx_word' id='word_1_384' title='bbox 2808 2125 2899 2180; x_wconf 77' lang='grc' dir='ltr'>τὸν</span> <span class='ocrx_word' id='word_1_385' title='bbox 2922 2125 3211 2197; x_wconf 76' lang='grc' dir='ltr'>ἄνθρωπον</span> <span class='ocrx_word' id='word_1_386' title='bbox 3244 2127 3341 2180; x_wconf 77' lang='grc' dir='ltr'>καὶ</span> <span class='ocrx_word' id='word_1_387' title='bbox 3367 2125 3478 2179; x_wconf 91' lang='grc' dir='ltr'>τῶν</span> <span class='ocrx_word' id='word_1_388' title='bbox 3503 2124 3609 2190; x_wconf 73' lang='grc' dir='ltr'>ἐξω</span> 
     </span>
    </p>
   </div>
   <div class='ocr_carea' id='block_1_50' title="bbox 2038 2212 3614 2291">
    <p class='ocr_par' dir='ltr' id='par_1_50' title="bbox 2038 2212 3614 2291">
     <span class='ocr_line' id='line_1_50' title="bbox 2038 2212 3614 2291; baseline -0.003 -17"><span class='ocrx_word' id='word_1_389' title='bbox 2038 2217 2225 2274; x_wconf 82' lang='grc' dir='ltr'>πολλοὶ</span> <span class='ocrx_word' id='word_1_390' title='bbox 2253 2219 2481 2273; x_wconf 84' lang='grc' dir='ltr'>τιθεῖσιν</span> <span class='ocrx_word' id='word_1_391' title='bbox 2501 2212 2662 2284; x_wconf 81' lang='grc' dir='ltr'>εῖναι,</span> <span class='ocrx_word' id='word_1_392' title='bbox 2692 2219 2788 2273; x_wconf 67' lang='grc' dir='ltr'>καὶ</span> <span class='ocrx_word' id='word_1_393' title='bbox 2823 2218 2873 2272; x_wconf 88' lang='grc' dir='ltr'>εί</span> <span class='ocrx_word' id='word_1_394' title='bbox 2907 2219 2982 2289; x_wconf 82' lang='grc' dir='ltr'>μὴ</span> <span class='ocrx_word' id='word_1_395' title='bbox 3008 2219 3106 2272; x_wconf 89' lang='grc' dir='ltr'>τοῦ</span> <span class='ocrx_word' id='word_1_396' title='bbox 3136 2218 3469 2291; x_wconf 87' lang='grc' dir='ltr'>σύμπαντος,</span> <span class='ocrx_word' id='word_1_397' title='bbox 3498 2218 3614 2273; x_wconf 81' lang='grc' dir='ltr'>ἀλλ’</span> 
     </span>
    </p>
   </div>
   <div class='ocr_carea' id='block_1_51' title="bbox 2038 2310 3618 2384">
    <p class='ocr_par' dir='ltr' id='par_1_51' title="bbox 2038 2310 3618 2384">
     <span class='ocr_line' id='line_1_51' title="bbox 2038 2310 3618 2384; baseline -0.001 -19"><span class='ocrx_word' id='word_1_398' title='bbox 2038 2310 2141 2365; x_wconf 83' lang='grc' dir='ltr'>ὅσα</span> <span class='ocrx_word' id='word_1_399' title='bbox 2172 2311 2283 2365; x_wconf 91' lang='grc' dir='ltr'>τῶν</span> <span class='ocrx_word' id='word_1_400' title='bbox 2312 2312 2615 2381; x_wconf 77' lang='grc' dir='ltr'>γινομένων</span> <span class='ocrx_word' id='word_1_401' title='bbox 2651 2312 2788 2366; x_wconf 75' lang='grc' dir='ltr'>εἰσὶν</span> <span class='ocrx_word' id='word_1_402' title='bbox 2824 2312 2993 2383; x_wconf 79' lang='grc' dir='ltr'>ἀρχαὶ</span> <span class='ocrx_word' id='word_1_403' title='bbox 3027 2311 3134 2365; x_wconf 89' lang='grc' dir='ltr'>τῶν</span> <span class='ocrx_word' id='word_1_404' title='bbox 3171 2313 3227 2365; x_wconf 84' lang='grc' dir='ltr'>ἐν</span> <span class='ocrx_word' id='word_1_405' title='bbox 3258 2311 3479 2384; x_wconf 83' lang='grc' dir='ltr'>τούτῳ),</span> <span class='ocrx_word' id='word_1_406' title='bbox 3519 2312 3618 2366; x_wconf 75' lang='grc' dir='ltr'>καὶ</span> 
     </span>
    </p>
   </div>
   <div class='ocr_carea' id='block_1_52' title="bbox 2038 2400 3616 2473">
    <p class='ocr_par' dir='ltr' id='par_1_52' title="bbox 2038 2400 3616 2473">
     <span class='ocr_line' id='line_1_52' title="bbox 2038 2400 3616 2473; baseline -0.001 -18"><span class='ocrx_word' id='word_1_407' title='bbox 2038 2400 2136 2464; x_wconf 78' lang='grc' dir='ltr'>τὰς</span> <span class='ocrx_word' id='word_1_408' title='bbox 2161 2400 2271 2455; x_wconf 90' lang='grc' dir='ltr'>τῶν</span> <span class='ocrx_word' id='word_1_409' title='bbox 2292 2400 2390 2456; x_wconf 91' lang='grc' dir='ltr'>ἀνθ</span> <span class='ocrx_word' id='word_1_410' title='bbox 2401 2401 2598 2473; x_wconf 85' lang='grc' dir='ltr'>ρώπων</span> <span class='ocrx_word' id='word_1_411' title='bbox 2621 2403 2863 2470; x_wconf 77' lang='grc' dir='ltr'>γενέσεις</span> <span class='ocrx_word' id='word_1_412' title='bbox 2888 2419 2947 2456; x_wconf 86' lang='grc' dir='ltr'>τε</span> <span class='ocrx_word' id='word_1_413' title='bbox 2975 2405 3071 2458; x_wconf 73' lang='grc' dir='ltr'>καὶ</span> <span class='ocrx_word' id='word_1_414' title='bbox 3098 2402 3242 2467; x_wconf 81' lang='grc' dir='ltr'>ζωάς</span> <span class='ocrx_word' id='word_1_415' title='bbox 3277 2403 3369 2456; x_wconf 70' lang='grc' dir='ltr'>καὶ</span> <span class='ocrx_word' id='word_1_416' title='bbox 3398 2403 3616 2471; x_wconf 77' lang='grc' dir='ltr'>ἐφέσεις</span> 
     </span>
    </p>
   </div>
   <div class='ocr_carea' id='block_1_53' title="bbox 2040 2492 3619 2565">
    <p class='ocr_par' dir='ltr' id='par_1_53' title="bbox 2040 2492 3619 2565">
     <span class='ocr_line' id='line_1_53' title="bbox 2040 2492 3619 2565; baseline 0.001 -19"><span class='ocrx_word' id='word_1_417' title='bbox 2040 2492 2164 2563; x_wconf 80' lang='grc' dir='ltr'>είκῆ</span> <span class='ocrx_word' id='word_1_418' title='bbox 2202 2493 2281 2563; x_wconf 82' lang='grc' dir='ltr'>τῷ</span> <span class='ocrx_word' id='word_1_419' title='bbox 2327 2495 2494 2547; x_wconf 76' lang='grc' dir='ltr'>παντὶ</span> <span class='ocrx_word' id='word_1_420' title='bbox 2533 2494 2711 2565; x_wconf 88' lang='grc' dir='ltr'>χρόνῳ</span> <span class='ocrx_word' id='word_1_421' title='bbox 2737 2493 3149 2565; x_wconf 81' lang='grc' dir='ltr'>προστίθεσθαι,</span> <span class='ocrx_word' id='word_1_422' title='bbox 3185 2495 3233 2548; x_wconf 86' lang='grc' dir='ltr'>εί</span> <span class='ocrx_word' id='word_1_423' title='bbox 3272 2493 3348 2565; x_wconf 83' lang='grc' dir='ltr'>μὴ</span> <span class='ocrx_word' id='word_1_424' title='bbox 3389 2495 3488 2565; x_wconf 82' lang='grc' dir='ltr'>τὴν</span> <span class='ocrx_word' id='word_1_425' title='bbox 3518 2495 3619 2560; x_wconf 62' lang='grc' dir='ltr'>τὶς</span> 
     </span>
    </p>
   </div>
   <div class='ocr_carea' id='block_1_54' title="bbox 2041 2584 3619 2656">
    <p class='ocr_par' dir='ltr' id='par_1_54' title="bbox 2041 2584 3619 2656">
     <span class='ocr_line' id='line_1_54' title="bbox 2041 2584 3619 2656; baseline -0.002 -18"><span class='ocrx_word' id='word_1_426' title='bbox 2041 2585 2356 2656; x_wconf 83' lang='grc' dir='ltr'>ὑπερφυοῦς</span> <span class='ocrx_word' id='word_1_427' title='bbox 2406 2585 2666 2656; x_wconf 87' lang='grc' dir='ltr'>ἀληθείας</span> <span class='ocrx_word' id='word_1_428' title='bbox 2703 2585 3011 2655; x_wconf 85' lang='grc' dir='ltr'>φανέρωσιν</span> <span class='ocrx_word' id='word_1_429' title='bbox 3041 2584 3215 2647; x_wconf 80' lang='grc' dir='ltr'>οὕτως</span> <span class='ocrx_word' id='word_1_430' title='bbox 3264 2585 3293 2637; x_wconf 89' lang='grc' dir='ltr'>ό</span> <span class='ocrx_word' id='word_1_431' title='bbox 3322 2584 3454 2648; x_wconf 86' lang='grc' dir='ltr'>Θεὸς</span> <span class='ocrx_word' id='word_1_432' title='bbox 3481 2584 3619 2655; x_wconf 77' lang='grc' dir='ltr'>ᾠκοο</span> 
     </span>
    </p>
   </div>
   <div class='ocr_carea' id='block_1_55' title="bbox 2041 2671 3616 2748">
    <p class='ocr_par' dir='ltr' id='par_1_55' title="bbox 2041 2671 3616 2748">
     <span class='ocr_line' id='line_1_55' title="bbox 2041 2671 3616 2748; baseline -0.005 -16"><span class='ocrx_word' id='word_1_433' title='bbox 2041 2681 2217 2748; x_wconf 83' lang='grc' dir='ltr'>νόμει,</span> <span class='ocrx_word' id='word_1_434' title='bbox 2247 2678 2388 2733; x_wconf 84' lang='grc' dir='ltr'>ὥστε</span> <span class='ocrx_word' id='word_1_435' title='bbox 2417 2679 2510 2733; x_wconf 77' lang='grc' dir='ltr'>καὶ</span> <span class='ocrx_word' id='word_1_436' title='bbox 2551 2676 3061 2748; x_wconf 82' lang='grc' dir='ltr'>ἀποκαλυφθείσης,</span> <span class='ocrx_word' id='word_1_437' title='bbox 3101 2674 3195 2729; x_wconf 81' lang='grc' dir='ltr'>καὶ</span> <span class='ocrx_word' id='word_1_438' title='bbox 3228 2673 3497 2744; x_wconf 82' lang='grc' dir='ltr'>μενούσης</span> <span class='ocrx_word' id='word_1_439' title='bbox 3535 2671 3616 2725; x_wconf 80' lang='grc' dir='ltr'>ἔτι</span> 
     </span>
    </p>
   </div>
   <div class='ocr_carea' id='block_1_56' title="bbox 2040 2764 3620 2841">
    <p class='ocr_par' dir='ltr' id='par_1_56' title="bbox 2040 2764 3620 2841">
     <span class='ocr_line' id='line_1_56' title="bbox 2040 2764 3620 2841; baseline -0.005 -18"><span class='ocrx_word' id='word_1_440' title='bbox 2040 2772 2150 2831; x_wconf 81' lang='grc' dir='ltr'>τοῖς</span> <span class='ocrx_word' id='word_1_441' title='bbox 2183 2770 2548 2841; x_wconf 80' lang='grc' dir='ltr'>ἀμϐλυτέροις</span> <span class='ocrx_word' id='word_1_442' title='bbox 2592 2768 3042 2840; x_wconf 80' lang='grc' dir='ltr'>κεκαλυμμένης,</span> <span class='ocrx_word' id='word_1_443' title='bbox 3096 2767 3194 2820; x_wconf 71' lang='grc' dir='ltr'>καὶ</span> <span class='ocrx_word' id='word_1_444' title='bbox 3221 2764 3299 2836; x_wconf 81' lang='grc' dir='ltr'>τῷ</span> <span class='ocrx_word' id='word_1_445' title='bbox 3328 2766 3425 2834; x_wconf 74' lang='grc' dir='ltr'>μὲν</span> <span class='ocrx_word' id='word_1_446' title='bbox 3449 2764 3620 2826; x_wconf 81' lang='grc' dir='ltr'>ὑπερ-</span> 
     </span>
    </p>
   </div>
   <div class='ocr_carea' id='block_1_57' title="bbox 2042 2848 3617 2932">
    <p class='ocr_par' dir='ltr' id='par_1_57' title="bbox 2042 2848 3617 2932">
     <span class='ocr_line' id='line_1_57' title="bbox 2042 2848 3617 2932; baseline -0.006 -17"><span class='ocrx_word' id='word_1_447' title='bbox 2042 2862 2169 2931; x_wconf 89' lang='grc' dir='ltr'>φυεῖ</span> <span class='ocrx_word' id='word_1_448' title='bbox 2197 2861 2306 2915; x_wconf 88' lang='grc' dir='ltr'>τῶν</span> <span class='ocrx_word' id='word_1_449' title='bbox 2340 2862 2682 2932; x_wconf 90' lang='grc' dir='ltr'>μαθημάτων</span> <span class='ocrx_word' id='word_1_450' title='bbox 2713 2859 3036 2930; x_wconf 82' lang='grc' dir='ltr'>ἀφιστάνειν</span> <span class='ocrx_word' id='word_1_451' title='bbox 3071 2857 3343 2926; x_wconf 80' lang='grc' dir='ltr'>δοκούσης</span> <span class='ocrx_word' id='word_1_452' title='bbox 3388 2855 3487 2924; x_wconf 78' lang='grc' dir='ltr'>οὐχ</span> <span class='ocrx_word' id='word_1_453' title='bbox 3518 2848 3617 2925; x_wconf 77' lang='grc' dir='ltr'>ἦτ-</span> 
     </span>
    </p>
   </div>
   <div class='ocr_carea' id='block_1_58' title="bbox 2043 2948 3620 3023">
    <p class='ocr_par' dir='ltr' id='par_1_58' title="bbox 2043 2948 3620 3023">
     <span class='ocr_line' id='line_1_58' title="bbox 2043 2948 3620 3023; baseline -0.004 -17"><span class='ocrx_word' id='word_1_454' title='bbox 2043 2969 2139 3006; x_wconf 92' lang='grc' dir='ltr'>τον</span> <span class='ocrx_word' id='word_1_455' title='bbox 2169 2952 2202 3023; x_wconf 72' lang='grc' dir='ltr'>ἢ</span> <span class='ocrx_word' id='word_1_456' title='bbox 2237 2952 2340 3023; x_wconf 81' lang='grc' dir='ltr'>τῆς</span> <span class='ocrx_word' id='word_1_457' title='bbox 2366 2952 2723 3013; x_wconf 85' lang='grc' dir='ltr'>διδασκαλίας</span> <span class='ocrx_word' id='word_1_458' title='bbox 2753 2951 2831 3021; x_wconf 84' lang='grc' dir='ltr'>τῷ</span> <span class='ocrx_word' id='word_1_459' title='bbox 2861 2951 3071 3021; x_wconf 86' lang='grc' dir='ltr'>τρόπῳ,</span> <span class='ocrx_word' id='word_1_460' title='bbox 3101 2948 3187 3002; x_wconf 84' lang='grc' dir='ltr'>διὰ</span> <span class='ocrx_word' id='word_1_461' title='bbox 3212 2948 3271 3001; x_wconf 78' lang='grc' dir='ltr'>δὲ</span> <span class='ocrx_word' id='word_1_462' title='bbox 3300 2948 3408 3001; x_wconf 87' lang='grc' dir='ltr'>τῶν</span> <span class='ocrx_word' id='word_1_463' title='bbox 3438 2964 3620 3016; x_wconf 69' lang='grc' dir='ltr'>παρσ-</span> 
     </span>
    </p>
   </div>
   <div class='ocr_carea' id='block_1_59' title="bbox 2042 3041 3621 3115">
    <p class='ocr_par' dir='ltr' id='par_1_59' title="bbox 2042 3041 3621 3115">
     <span class='ocr_line' id='line_1_59' title="bbox 2042 3041 3621 3115; baseline -0.004 -16"><span class='ocrx_word' id='word_1_464' title='bbox 2042 3045 2210 3112; x_wconf 63' lang='grc' dir='ltr'>δῦξως</span> <span class='ocrx_word' id='word_1_465' title='bbox 2247 3045 2407 3107; x_wconf 70' lang='grc' dir='ltr'>αὖθις</span> <span class='ocrx_word' id='word_1_466' title='bbox 2452 3044 2865 3115; x_wconf 78' lang='grc' dir='ltr'>ἐνεργουμένων</span> <span class='ocrx_word' id='word_1_467' title='bbox 2911 3043 3119 3105; x_wconf 83' lang='grc' dir='ltr'>πάντας</span> <span class='ocrx_word' id='word_1_468' title='bbox 3173 3041 3621 3113; x_wconf 76' lang='grc' dir='ltr'>προσαγομένης,</span> 
     </span>
    </p>
   </div>
   <div class='ocr_carea' id='block_1_60' title="bbox 371 3130 3624 3210">
    <p class='ocr_par' dir='ltr' id='par_1_60' title="bbox 371 3130 3624 3210">
     <span class='ocr_line' id='line_1_60' title="bbox 371 3130 3624 3210; baseline -0.003 -19"><span class='ocrx_word' id='word_1_469' title='bbox 371 3139 511 3209; x_wconf 86' lang='grc' dir='ltr'>πλὴν</span> <span class='ocrx_word' id='word_1_470' title='bbox 533 3140 586 3194; x_wconf 83' lang='grc' dir='ltr'>εί</span> <span class='ocrx_word' id='word_1_471' title='bbox 605 3156 710 3192; x_wconf 89' lang='grc' dir='ltr'>που</span> <span class='ocrx_word' id='word_1_472' title='bbox 738 3137 921 3207; x_wconf 77' lang='grc' dir='ltr'>ἐδέησε</span> <span class='ocrx_word' id='word_1_473' title='bbox 950 3137 1074 3200; x_wconf 83' lang='grc' dir='ltr'>τοὺς</span> <span class='ocrx_word' id='word_1_474' title='bbox 1100 3138 1190 3190; x_wconf 79' lang='grc' dir='ltr'>ἐπὶ</span> <span class='ocrx_word' id='word_1_475' title='bbox 1217 3142 1282 3209; x_wconf 80' lang='grc' dir='ltr'>τῇ</span> <span class='ocrx_word' id='word_1_476' title='bbox 1309 3135 1522 3209; x_wconf 85' lang='grc' dir='ltr'>ματαίῳ</span> <span class='ocrx_word' id='word_1_477' title='bbox 1540 3136 1711 3210; x_wconf 80' lang='grc' dir='ltr'>ταύτῃ</span> <span class='ocrx_word' id='word_1_478' title='bbox 1739 3136 1942 3207; x_wconf 82' lang='grc' dir='ltr'>σπουδῇ</span> <span class='ocrx_word' id='word_1_479' title='bbox 1971 3135 2016 3194; x_wconf 83' lang='lat' dir='ltr'><strong>C</strong></span> <span class='ocrx_word' id='word_1_480' title='bbox 2049 3135 2303 3189; x_wconf 84' lang='grc' dir='ltr'>τοσοῦτον</span> <span class='ocrx_word' id='word_1_481' title='bbox 2345 3134 2514 3205; x_wconf 77' lang='grc' dir='ltr'>ἐσμὸν</span> <span class='ocrx_word' id='word_1_482' title='bbox 2557 3133 2862 3203; x_wconf 85' lang='grc' dir='ltr'>ἀνθρώπων</span> <span class='ocrx_word' id='word_1_483' title='bbox 2913 3132 3110 3203; x_wconf 86' lang='grc' dir='ltr'>ἀθρόον</span> <span class='ocrx_word' id='word_1_484' title='bbox 3140 3135 3205 3202; x_wconf 79' lang='grc' dir='ltr'>τῇ</span> <span class='ocrx_word' id='word_1_485' title='bbox 3235 3133 3334 3198; x_wconf 88' lang='grc' dir='ltr'>τῆς</span> <span class='ocrx_word' id='word_1_486' title='bbox 3364 3130 3624 3200; x_wconf 82' lang='grc' dir='ltr'>ἀληθείας</span> 
     </span>
    </p>
   </div>
   <div class='ocr_carea' id='block_1_61' title="bbox 377 3227 1947 3300">
    <p class='ocr_par' dir='ltr' id='par_1_61' title="bbox 377 3227 1947 3300">
     <span class='ocr_line' id='line_1_61' title="bbox 377 3227 1947 3300; baseline -0.003 -17"><span class='ocrx_word' id='word_1_487' title='bbox 377 3229 516 3300; x_wconf 70' lang='grc' dir='ltr'>μόνῃ</span> <span class='ocrx_word' id='word_1_488' title='bbox 554 3231 989 3298; x_wconf 73' lang='grc' dir='ltr'>σεμνυνομένους</span> <span class='ocrx_word' id='word_1_489' title='bbox 1021 3228 1290 3299; x_wconf 87' lang='grc' dir='ltr'>ἐλέγχειν,</span> <span class='ocrx_word' id='word_1_490' title='bbox 1332 3231 1428 3283; x_wconf 71' lang='grc' dir='ltr'>καὶ</span> <span class='ocrx_word' id='word_1_491' title='bbox 1462 3229 1532 3283; x_wconf 84' lang='grc' dir='ltr'>τὰ</span> <span class='ocrx_word' id='word_1_492' title='bbox 1561 3228 1772 3283; x_wconf 85' lang='grc' dir='ltr'>ἐκεῖθεν</span> <span class='ocrx_word' id='word_1_493' title='bbox 1797 3227 1947 3281; x_wconf 86' lang='grc' dir='ltr'>ἀνθί-</span> 
     </span>
    </p>
   </div>
   <div class='ocr_carea' id='block_1_62' title="bbox 372 3314 1945 3393">
    <p class='ocr_par' dir='ltr' id='par_1_62' title="bbox 372 3314 1945 3393">
     <span class='ocr_line' id='line_1_62' title="bbox 372 3314 1945 3393; baseline -0.003 -17"><span class='ocrx_word' id='word_1_494' title='bbox 372 3322 604 3376; x_wconf 85' lang='grc' dir='ltr'>στασθαι</span> <span class='ocrx_word' id='word_1_495' title='bbox 638 3323 706 3392; x_wconf 76' lang='grc' dir='ltr'>τῇ</span> <span class='ocrx_word' id='word_1_496' title='bbox 744 3320 868 3391; x_wconf 81' lang='grc' dir='ltr'>ίερᾷ</span> <span class='ocrx_word' id='word_1_497' title='bbox 928 3319 1160 3393; x_wconf 84' lang='grc' dir='ltr'>ἀληθείᾳ</span> <span class='ocrx_word' id='word_1_498' title='bbox 1203 3319 1466 3375; x_wconf 86' lang='grc' dir='ltr'>δοκοῦντα</span> <span class='ocrx_word' id='word_1_499' title='bbox 1500 3320 1798 3375; x_wconf 57' lang='grc' dir='ltr'>’δεικνύναι</span> <span class='ocrx_word' id='word_1_500' title='bbox 1855 3314 1945 3373; x_wconf 82' lang='grc' dir='ltr'>οίσι</span> 
     </span>
    </p>
   </div>
   <div class='ocr_carea' id='block_1_63' title="bbox 371 3410 1945 3487">
    <p class='ocr_par' dir='ltr' id='par_1_63' title="bbox 371 3410 1945 3487">
     <span class='ocr_line' id='line_1_63' title="bbox 371 3410 1945 3487; baseline -0.003 -22"><span class='ocrx_word' id='word_1_501' title='bbox 371 3413 540 3483; x_wconf 79' lang='grc' dir='ltr'>ἐχρῆν</span> <span class='ocrx_word' id='word_1_502' title='bbox 571 3411 902 3477; x_wconf 83' lang='grc' dir='ltr'>δείκνυσθαι,</span> <span class='ocrx_word' id='word_1_503' title='bbox 927 3410 1023 3465; x_wconf 74' lang='grc' dir='ltr'>καὶ</span> <span class='ocrx_word' id='word_1_504' title='bbox 1052 3411 1127 3475; x_wconf 78' lang='grc' dir='ltr'>ὡς</span> <span class='ocrx_word' id='word_1_505' title='bbox 1150 3411 1214 3465; x_wconf 79' lang='grc' dir='ltr'>ἃν</span> <span class='ocrx_word' id='word_1_506' title='bbox 1246 3412 1319 3487; x_wconf 69' lang='grc' dir='ltr'>μὴ</span> <span class='ocrx_word' id='word_1_507' title='bbox 1349 3410 1656 3483; x_wconf 78' lang='grc' dir='ltr'>κομπάζειν</span> <span class='ocrx_word' id='word_1_508' title='bbox 1676 3410 1945 3471; x_wconf 83' lang='grc' dir='ltr'>δύναιντο,</span> 
     </span>
    </p>
   </div>
   <div class='ocr_carea' id='block_1_64' title="bbox 372 3502 1946 3574">
    <p class='ocr_par' dir='ltr' id='par_1_64' title="bbox 372 3502 1946 3574">
     <span class='ocr_line' id='line_1_64' title="bbox 372 3502 1946 3574; baseline 0.001 -21"><span class='ocrx_word' id='word_1_509' title='bbox 372 3504 406 3573; x_wconf 76' lang='grc' dir='ltr'>ἢ</span> <span class='ocrx_word' id='word_1_510' title='bbox 442 3505 514 3568; x_wconf 77' lang='grc' dir='ltr'>ὡς</span> <span class='ocrx_word' id='word_1_511' title='bbox 549 3502 616 3556; x_wconf 87' lang='grc' dir='ltr'>δι’</span> <span class='ocrx_word' id='word_1_512' title='bbox 639 3502 875 3574; x_wconf 86' lang='grc' dir='ltr'>ἀμαθίαν</span> <span class='ocrx_word' id='word_1_513' title='bbox 906 3503 1016 3558; x_wconf 87' lang='grc' dir='ltr'>τῶν</span> <span class='ocrx_word' id='word_1_514' title='bbox 1044 3503 1217 3557; x_wconf 82' lang='grc' dir='ltr'>ἄλλων</span> <span class='ocrx_word' id='word_1_515' title='bbox 1238 3503 1333 3556; x_wconf 70' lang='grc' dir='ltr'>ἐπὶ</span> <span class='ocrx_word' id='word_1_516' title='bbox 1367 3503 1433 3557; x_wconf 88' lang='grc' dir='ltr'>τά</span> <span class='ocrx_word' id='word_1_517' title='bbox 1467 3503 1661 3573; x_wconf 83' lang='grc' dir='ltr'>βελτίω</span> <span class='ocrx_word' id='word_1_518' title='bbox 1695 3502 1946 3572; x_wconf 78' lang='grc' dir='ltr'>ἱεμένων,</span> 
     </span>
    </p>
   </div>
   <div class='ocr_carea' id='block_1_65' title="bbox 372 3592 1949 3665">
    <p class='ocr_par' dir='ltr' id='par_1_65' title="bbox 372 3592 1949 3665">
     <span class='ocr_line' id='line_1_65' title="bbox 372 3592 1949 3665; baseline 0 -20"><span class='ocrx_word' id='word_1_519' title='bbox 372 3593 482 3645; x_wconf 87' lang='grc' dir='ltr'>τῶν</span> <span class='ocrx_word' id='word_1_520' title='bbox 511 3592 597 3665; x_wconf 83' lang='grc' dir='ltr'>τῷ</span> <span class='ocrx_word' id='word_1_521' title='bbox 630 3594 746 3647; x_wconf 76' lang='grc' dir='ltr'>ὄντι</span> <span class='ocrx_word' id='word_1_522' title='bbox 792 3594 1102 3662; x_wconf 78' lang='grc' dir='ltr'>φιλοσόφων</span> <span class='ocrx_word' id='word_1_523' title='bbox 1133 3593 1463 3664; x_wconf 82' lang='grc' dir='ltr'>καταγελᾷν,</span> <span class='ocrx_word' id='word_1_524' title='bbox 1496 3595 1546 3646; x_wconf 85' lang='grc' dir='ltr'>οί</span> <span class='ocrx_word' id='word_1_525' title='bbox 1586 3595 1653 3663; x_wconf 75' lang='grc' dir='ltr'>τῇ</span> <span class='ocrx_word' id='word_1_526' title='bbox 1685 3593 1792 3646; x_wconf 88' lang='grc' dir='ltr'>τῶν</span> <span class='ocrx_word' id='word_1_527' title='bbox 1822 3610 1949 3659; x_wconf 85' lang='grc' dir='ltr'>φαι-</span> 
     </span>
    </p>
   </div>
   <div class='ocr_carea' id='block_1_66' title="bbox 376 3683 1950 3756">
    <p class='ocr_par' dir='ltr' id='par_1_66' title="bbox 376 3683 1950 3756">
     <span class='ocr_line' id='line_1_66' title="bbox 376 3683 1950 3756; baseline 0.001 -21"><span class='ocrx_word' id='word_1_528' title='bbox 376 3686 619 3751; x_wconf 77' lang='grc' dir='ltr'>νομένων</span> <span class='ocrx_word' id='word_1_529' title='bbox 659 3683 860 3753; x_wconf 86' lang='grc' dir='ltr'>γνώσει</span> <span class='ocrx_word' id='word_1_530' title='bbox 904 3685 1343 3756; x_wconf 78' lang='grc' dir='ltr'>προσηλωμένοι.</span> <span class='ocrx_word' id='word_1_531' title='bbox 1373 3686 1581 3746; x_wconf 84' lang='grc' dir='ltr'>Πάντες</span> <span class='ocrx_word' id='word_1_532' title='bbox 1612 3684 1658 3737; x_wconf 85' lang='grc' dir='ltr'>δ’</span> <span class='ocrx_word' id='word_1_533' title='bbox 1687 3683 1822 3753; x_wconf 81' lang='grc' dir='ltr'>ὁμοῦ</span> <span class='ocrx_word' id='word_1_534' title='bbox 1850 3684 1950 3754; x_wconf 78' lang='grc' dir='ltr'>τὴν</span> 
     </span>
    </p>
   </div>
   <div class='ocr_carea' id='block_1_67' title="bbox 377 3768 1950 3848">
    <p class='ocr_par' dir='ltr' id='par_1_67' title="bbox 377 3768 1950 3848">
     <span class='ocr_line' id='line_1_67' title="bbox 377 3768 1950 3848; baseline 0.001 -20"><span class='ocrx_word' id='word_1_535' title='bbox 377 3775 640 3846; x_wconf 59' lang='grc' dir='ltr'>ἀληθινὴν</span> <span class='ocrx_word' id='word_1_536' title='bbox 671 3776 863 3844; x_wconf 82' lang='grc' dir='ltr'>σοφίαν</span> <span class='ocrx_word' id='word_1_537' title='bbox 893 3775 1119 3848; x_wconf 83' lang='grc' dir='ltr'>τοιαύτῃ</span> <span class='ocrx_word' id='word_1_538' title='bbox 1151 3794 1209 3829; x_wconf 84' lang='grc' dir='ltr'>τε</span> <span class='ocrx_word' id='word_1_539' title='bbox 1243 3768 1404 3845; x_wconf 73' lang='grc' dir='ltr'>εὖρον</span> <span class='ocrx_word' id='word_1_540' title='bbox 1427 3777 1655 3847; x_wconf 79' lang='grc' dir='ltr'>σπουδῇ,</span> <span class='ocrx_word' id='word_1_541' title='bbox 1691 3779 1789 3830; x_wconf 81' lang='grc' dir='ltr'>οῦκ</span> <span class='ocrx_word' id='word_1_542' title='bbox 1819 3776 1950 3829; x_wconf 88' lang='grc' dir='ltr'>ἀνευ</span> 
     </span>
    </p>
   </div>
   <div class='ocr_carea' id='block_1_68' title="bbox 375 3867 1952 3940">
    <p class='ocr_par' dir='ltr' id='par_1_68' title="bbox 375 3867 1952 3940">
     <span class='ocr_line' id='line_1_68' title="bbox 375 3867 1952 3940; baseline 0.003 -22"><span class='ocrx_word' id='word_1_543' title='bbox 375 3869 474 3931; x_wconf 71' lang='grc' dir='ltr'>τῆς</span> <span class='ocrx_word' id='word_1_544' title='bbox 500 3868 555 3932; x_wconf 77' lang='grc' dir='ltr'>ἐξ</span> <span class='ocrx_word' id='word_1_545' title='bbox 587 3867 756 3936; x_wconf 83' lang='grc' dir='ltr'>αὐτῆς</span> <span class='ocrx_word' id='word_1_546' title='bbox 780 3868 1025 3937; x_wconf 84' lang='grc' dir='ltr'>όδηγίας.</span> <span class='ocrx_word' id='word_1_547' title='bbox 1047 3871 1137 3921; x_wconf 71' lang='grc' dir='ltr'>καὶ</span> <span class='ocrx_word' id='word_1_548' title='bbox 1160 3868 1472 3940; x_wconf 79' lang='grc' dir='ltr'>εὑρημένην</span> <span class='ocrx_word' id='word_1_549' title='bbox 1491 3871 1762 3939; x_wconf 82' lang='grc' dir='ltr'>ἐτίμησαν</span> <span class='ocrx_word' id='word_1_550' title='bbox 1784 3868 1952 3933; x_wconf 74' lang='grc' dir='ltr'>οὕτω,</span> 
     </span>
    </p>
   </div>
   <div class='ocr_carea' id='block_1_69' title="bbox 377 3956 1952 4032">
    <p class='ocr_par' dir='ltr' id='par_1_69' title="bbox 377 3956 1952 4032">
     <span class='ocr_line' id='line_1_69' title="bbox 377 3956 1952 4032; baseline 0.001 -21"><span class='ocrx_word' id='word_1_551' title='bbox 377 3956 511 4011; x_wconf 81' lang='grc' dir='ltr'>ὥσθ’</span> <span class='ocrx_word' id='word_1_552' title='bbox 548 3959 690 4029; x_wconf 82' lang='grc' dir='ltr'>ὑπὲρ</span> <span class='ocrx_word' id='word_1_553' title='bbox 716 3959 885 4030; x_wconf 80' lang='grc' dir='ltr'>αὐτῆς</span> <span class='ocrx_word' id='word_1_554' title='bbox 914 3962 1006 4015; x_wconf 69' lang='grc' dir='ltr'>καὶ</span> <span class='ocrx_word' id='word_1_555' title='bbox 1041 3961 1151 4014; x_wconf 88' lang='grc' dir='ltr'>τῶν</span> <span class='ocrx_word' id='word_1_556' title='bbox 1182 3962 1354 4030; x_wconf 82' lang='grc' dir='ltr'>αὐτῆς</span> <span class='ocrx_word' id='word_1_557' title='bbox 1384 3961 1566 4030; x_wconf 90' lang='grc' dir='ltr'>νόμων</span> <span class='ocrx_word' id='word_1_558' title='bbox 1597 3961 1859 4032; x_wconf 79' lang='grc' dir='ltr'>θνήσκειν</span> <span class='ocrx_word' id='word_1_559' title='bbox 1890 3977 1952 4014; x_wconf 85' lang='grc' dir='ltr'>τε</span> 
     </span>
    </p>
   </div>
   <div class='ocr_carea' id='block_1_70' title="bbox 379 4050 1955 4123">
    <p class='ocr_par' dir='ltr' id='par_1_70' title="bbox 379 4050 1955 4123">
     <span class='ocr_line' id='line_1_70' title="bbox 379 4050 1955 4123; baseline -0.001 -18"><span class='ocrx_word' id='word_1_560' title='bbox 379 4052 472 4105; x_wconf 74' lang='grc' dir='ltr'>καὶ</span> <span class='ocrx_word' id='word_1_561' title='bbox 504 4052 593 4105; x_wconf 73' lang='grc' dir='ltr'>διὰ</span> <span class='ocrx_word' id='word_1_562' title='bbox 629 4050 746 4117; x_wconf 88' lang='grc' dir='ltr'>βίου</span> <span class='ocrx_word' id='word_1_563' title='bbox 778 4052 1124 4122; x_wconf 81' lang='grc' dir='ltr'>τεθνηκέναι,</span> <span class='ocrx_word' id='word_1_564' title='bbox 1162 4053 1191 4106; x_wconf 79' lang='grc' dir='ltr'><strong>ὃ</strong></span> <span class='ocrx_word' id='word_1_565' title='bbox 1217 4053 1282 4123; x_wconf 85' lang='grc' dir='ltr'>δὴ</span> <span class='ocrx_word' id='word_1_566' title='bbox 1329 4052 1425 4106; x_wconf 81' lang='grc' dir='ltr'>τοῦ</span> <span class='ocrx_word' id='word_1_567' title='bbox 1457 4053 1579 4106; x_wconf 77' lang='grc' dir='ltr'>κατ’</span> <span class='ocrx_word' id='word_1_568' title='bbox 1617 4053 1832 4122; x_wconf 87' lang='grc' dir='ltr'>ἐκείνην</span> <span class='ocrx_word' id='word_1_569' title='bbox 1863 4051 1955 4122; x_wconf 84' lang='grc' dir='ltr'>βε-</span> 
     </span>
    </p>
   </div>
   <div class='ocr_carea' id='block_1_71' title="bbox 380 4126 1955 4213">
    <p class='ocr_par' dir='ltr' id='par_1_71' title="bbox 380 4126 1955 4213">
     <span class='ocr_line' id='line_1_71' title="bbox 380 4126 1955 4213; baseline 0.001 -19"><span class='ocrx_word' id='word_1_570' title='bbox 380 4142 643 4195; x_wconf 79' lang='grc' dir='ltr'>ϐιωκέναι</span> <span class='ocrx_word' id='word_1_571' title='bbox 700 4141 968 4213; x_wconf 76' lang='grc' dir='ltr'>ἀκριϐῶς,</span> <span class='ocrx_word' id='word_1_572' title='bbox 1014 4126 1185 4194; x_wconf 54' lang='grc' dir='ltr'>πολίῗ</span> <span class='ocrx_word' id='word_1_573' title='bbox 1204 4141 1394 4211; x_wconf 78' lang='grc' dir='ltr'>μεῖζόν</span> <span class='ocrx_word' id='word_1_574' title='bbox 1440 4143 1579 4196; x_wconf 89' lang='grc' dir='ltr'>ἐστι.</span> <span class='ocrx_word' id='word_1_575' title='bbox 1616 4139 1861 4194; x_wconf 88' lang='grc' dir='ltr'>Τοιοῦτοι</span> <span class='ocrx_word' id='word_1_576' title='bbox 1896 4140 1955 4195; x_wconf 83' lang='grc' dir='ltr'>δὲ</span> 
     </span>
    </p>
   </div>
   <div class='ocr_carea' id='block_1_72' title="bbox 387 4229 1954 4305">
    <p class='ocr_par' dir='ltr' id='par_1_72' title="bbox 387 4229 1954 4305">
     <span class='ocr_line' id='line_1_72' title="bbox 387 4229 1954 4305; baseline 0.002 -20"><span class='ocrx_word' id='word_1_577' title='bbox 387 4235 695 4300; x_wconf 68' lang='grc' dir='ltr'>γεγονότες,</span> <span class='ocrx_word' id='word_1_578' title='bbox 726 4234 786 4288; x_wconf 85' lang='grc' dir='ltr'>οὒ</span> <span class='ocrx_word' id='word_1_579' title='bbox 822 4235 1050 4305; x_wconf 87' lang='grc' dir='ltr'>μελέτην</span> <span class='ocrx_word' id='word_1_580' title='bbox 1078 4234 1333 4302; x_wconf 82' lang='grc' dir='ltr'>λέγοντες</span> <span class='ocrx_word' id='word_1_581' title='bbox 1364 4234 1524 4304; x_wconf 89' lang='grc' dir='ltr'>μόνον</span> <span class='ocrx_word' id='word_1_582' title='bbox 1552 4233 1784 4289; x_wconf 86' lang='grc' dir='ltr'>θανάτου</span> <span class='ocrx_word' id='word_1_583' title='bbox 1816 4229 1954 4288; x_wconf 74' lang='grc' dir='ltr'>εἶναι</span> 
     </span>
    </p>
   </div>
   <div class='ocr_carea' id='block_1_73' title="bbox 380 4325 1953 4397">
    <p class='ocr_par' dir='ltr' id='par_1_73' title="bbox 380 4325 1953 4397">
     <span class='ocr_line' id='line_1_73' title="bbox 380 4325 1953 4397; baseline 0.003 -22"><span class='ocrx_word' id='word_1_584' title='bbox 380 4327 722 4393; x_wconf 72' lang='grc' dir='ltr'>φιλοσοφίαν,</span> <span class='ocrx_word' id='word_1_585' title='bbox 750 4325 783 4397; x_wconf 81' lang='grc' dir='ltr'>ἢ</span> <span class='ocrx_word' id='word_1_586' title='bbox 814 4327 1149 4396; x_wconf 83' lang='grc' dir='ltr'>μελετῶντες</span> <span class='ocrx_word' id='word_1_587' title='bbox 1180 4328 1277 4395; x_wconf 75' lang='grc' dir='ltr'>μὲν</span> <span class='ocrx_word' id='word_1_588' title='bbox 1312 4328 1369 4379; x_wconf 85' lang='grc' dir='ltr'>ἐν</span> <span class='ocrx_word' id='word_1_589' title='bbox 1398 4329 1464 4396; x_wconf 81' lang='grc' dir='ltr'>τῇ</span> <span class='ocrx_word' id='word_1_590' title='bbox 1498 4326 1732 4381; x_wconf 84' lang='grc' dir='ltr'>θανάτου</span> <span class='ocrx_word' id='word_1_591' title='bbox 1766 4344 1827 4380; x_wconf 86' lang='grc' dir='ltr'>τε</span> <span class='ocrx_word' id='word_1_592' title='bbox 1854 4327 1953 4380; x_wconf 62' lang='grc' dir='ltr'>καλ⁸</span> 
     </span>
    </p>
   </div>
   <div class='ocr_carea' id='block_1_74' title="bbox 381 4418 1958 4489">
    <p class='ocr_par' dir='ltr' id='par_1_74' title="bbox 381 4418 1958 4489">
     <span class='ocr_line' id='line_1_74' title="bbox 381 4418 1958 4489; baseline 0.001 -18"><span class='ocrx_word' id='word_1_593' title='bbox 381 4421 489 4471; x_wconf 57' lang='grc' dir='ltr'>τῆν</span> <span class='ocrx_word' id='word_1_594' title='bbox 542 4418 776 4475; x_wconf 88' lang='grc' dir='ltr'>θανάτου</span> <span class='ocrx_word' id='word_1_595' title='bbox 830 4419 964 4471; x_wconf 76' lang='grc' dir='ltr'>πολὺ</span> <span class='ocrx_word' id='word_1_596' title='bbox 1018 4419 1282 4488; x_wconf 86' lang='grc' dir='ltr'>χειρόνων</span> <span class='ocrx_word' id='word_1_597' title='bbox 1334 4418 1524 4473; x_wconf 84' lang='grc' dir='ltr'>κακῶν</span> <span class='ocrx_word' id='word_1_598' title='bbox 1550 4418 1643 4471; x_wconf 84' lang='grc' dir='ltr'>τοῦ</span> <span class='ocrx_word' id='word_1_599' title='bbox 1701 4418 1958 4489; x_wconf 87' lang='grc' dir='ltr'>σώματος</span> 
     </span>
    </p>
   </div>
   <div class='ocr_carea' id='block_1_75' title="bbox 384 4480 2034 4583">
    <p class='ocr_par' dir='ltr' id='par_1_75' title="bbox 384 4480 2034 4583">
     <span class='ocr_line' id='line_1_75' title="bbox 384 4480 2034 4583; baseline 0.002 -18"><span class='ocrx_word' id='word_1_600' title='bbox 384 4512 644 4583; x_wconf 73' lang='grc' dir='ltr'>ἀπουσίᾳ,</span> <span class='ocrx_word' id='word_1_601' title='bbox 677 4515 734 4564; x_wconf 85' lang='grc' dir='ltr'>ἐν</span> <span class='ocrx_word' id='word_1_602' title='bbox 770 4511 827 4565; x_wconf 84' lang='grc' dir='ltr'>δέ</span> <span class='ocrx_word' id='word_1_603' title='bbox 861 4512 940 4582; x_wconf 82' lang='grc' dir='ltr'>τῷ</span> <span class='ocrx_word' id='word_1_604' title='bbox 1152 4512 1569 4581; x_wconf 83' lang='grc' dir='ltr'>ἀφηνιάζοντες,</span> <span class='ocrx_word' id='word_1_605' title='bbox 1604 4513 1724 4566; x_wconf 84' lang='grc' dir='ltr'>ἀλλ’</span> <span class='ocrx_word' id='word_1_606' title='bbox 1773 4480 1957 4583; x_wconf 71' lang='grc' dir='ltr'>έργοις</span> <span class='ocrx_word' id='word_1_607' title='bbox 1988 4480 2034 4539; x_wconf 79' lang='lat' dir='ltr'><strong>D</strong></span> 
     </span>
    </p>
   </div>
   <div class='ocr_carea' id='block_1_76' title="bbox 390 4602 1960 4675">
    <p class='ocr_par' dir='ltr' id='par_1_76' title="bbox 390 4602 1960 4675">
     <span class='ocr_line' id='line_1_76' title="bbox 390 4602 1960 4675; baseline 0.001 -19"><span class='ocrx_word' id='word_1_608' title='bbox 390 4604 653 4675; x_wconf 80' lang='grc' dir='ltr'>μᾶλλονῆ</span> <span class='ocrx_word' id='word_1_609' title='bbox 695 4603 875 4671; x_wconf 81' lang='grc' dir='ltr'>λόγοις</span> <span class='ocrx_word' id='word_1_610' title='bbox 911 4602 1306 4672; x_wconf 82' lang='grc' dir='ltr'>ἐπιδεδειχότες</span> <span class='ocrx_word' id='word_1_611' title='bbox 1339 4603 1581 4665; x_wconf 81' lang='grc' dir='ltr'>ἆπαντες</span> <span class='ocrx_word' id='word_1_612' title='bbox 1622 4602 1718 4674; x_wconf 81' lang='grc' dir='ltr'>τὴν</span> <span class='ocrx_word' id='word_1_613' title='bbox 1763 4603 1960 4674; x_wconf 77' lang='grc' dir='ltr'>προαί-</span> 
     </span>
    </p>
   </div>
   <div class='ocr_carea' id='block_1_77' title="bbox 389 4693 2011 4765">
    <p class='ocr_par' dir='ltr' id='par_1_77' title="bbox 389 4693 2011 4765">
     <span class='ocr_line' id='line_1_77' title="bbox 389 4693 2011 4765; baseline 0 -18"><span class='ocrx_word' id='word_1_614' title='bbox 389 4713 561 4765; x_wconf 76' lang='grc' dir='ltr'>ρεσιν,</span> <span class='ocrx_word' id='word_1_615' title='bbox 588 4696 650 4749; x_wconf 82' lang='grc' dir='ltr'>οὐ</span> <span class='ocrx_word' id='word_1_616' title='bbox 687 4694 810 4748; x_wconf 87' lang='grc' dir='ltr'>καθ’</span> <span class='ocrx_word' id='word_1_617' title='bbox 838 4694 933 4747; x_wconf 74' lang='grc' dir='ltr'>ἕνα</span> <span class='ocrx_word' id='word_1_618' title='bbox 974 4694 1130 4747; x_wconf 78' lang='grc' dir='ltr'>αὐτοί</span> <span class='ocrx_word' id='word_1_619' title='bbox 1162 4711 1223 4748; x_wconf 90' lang='grc' dir='ltr'>τε</span> <span class='ocrx_word' id='word_1_620' title='bbox 1258 4693 1432 4757; x_wconf 81' lang='grc' dir='ltr'>οὕτως</span> <span class='ocrx_word' id='word_1_621' title='bbox 1472 4695 1826 4764; x_wconf 77' lang='grc' dir='ltr'>ἐφιλοσόφουν</span> <span class='ocrx_word' id='word_1_622' title='bbox 1865 4695 1960 4749; x_wconf 76' lang='grc' dir='ltr'>καὶ</span> <span class='ocrx_word' id='word_1_623' title='bbox 2006 4710 2011 4711; x_wconf 46' lang='grc' dir='ltr'>ί</span> 
     </span>
    </p>
   </div>
   <div class='ocr_carea' id='block_1_78' title="bbox 387 4785 1961 4856">
    <p class='ocr_par' dir='ltr' id='par_1_78' title="bbox 387 4785 1961 4856">
     <span class='ocr_line' id='line_1_78' title="bbox 387 4785 1961 4856; baseline 0 -17"><span class='ocrx_word' id='word_1_624' title='bbox 387 4791 514 4849; x_wconf 71' lang='grc' dir='ltr'>τοὺς</span> <span class='ocrx_word' id='word_1_625' title='bbox 550 4787 745 4849; x_wconf 80' lang='grc' dir='ltr'>ἄλλους</span> <span class='ocrx_word' id='word_1_626' title='bbox 776 4785 995 4856; x_wconf 75' lang='grc' dir='ltr'>ὁμοίους</span> <span class='ocrx_word' id='word_1_627' title='bbox 1033 4785 1276 4846; x_wconf 82' lang='grc' dir='ltr'>ἐποίουν,</span> <span class='ocrx_word' id='word_1_628' title='bbox 1312 4785 1446 4838; x_wconf 82' lang='grc' dir='ltr'>ἀλλά</span> <span class='ocrx_word' id='word_1_629' title='bbox 1483 4785 1608 4839; x_wconf 88' lang='grc' dir='ltr'>καθ’</span> <span class='ocrx_word' id='word_1_630' title='bbox 1637 4786 1797 4850; x_wconf 85' lang='grc' dir='ltr'>ὅσους</span> <span class='ocrx_word' id='word_1_631' title='bbox 1821 4804 1961 4855; x_wconf 86' lang='grc' dir='ltr'>παγ-</span> 
     </span>
    </p>
   </div>
   <div class='ocr_carea' id='block_1_79' title="bbox 386 4877 1963 4949">
    <p class='ocr_par' dir='ltr' id='par_1_79' title="bbox 386 4877 1963 4949">
     <span class='ocr_line' id='line_1_79' title="bbox 386 4877 1963 4949; baseline 0 -16"><span class='ocrx_word' id='word_1_632' title='bbox 386 4879 622 4949; x_wconf 72' lang='grc' dir='ltr'>χάλεπόν</span> <span class='ocrx_word' id='word_1_633' title='bbox 671 4880 820 4933; x_wconf 72' lang='grc' dir='ltr'>ἐστιν</span> <span class='ocrx_word' id='word_1_634' title='bbox 877 4878 1165 4948; x_wconf 84' lang='grc' dir='ltr'>ἀριθμεῖν·</span> <span class='ocrx_word' id='word_1_635' title='bbox 1215 4877 1403 4941; x_wconf 80' lang='grc' dir='ltr'>πόλεις</span> <span class='ocrx_word' id='word_1_636' title='bbox 1446 4879 1554 4949; x_wconf 83' lang='grc' dir='ltr'>γάρ</span> <span class='ocrx_word' id='word_1_637' title='bbox 1585 4878 1704 4932; x_wconf 77' lang='grc' dir='ltr'>ὅλαι</span> <span class='ocrx_word' id='word_1_638' title='bbox 1738 4878 1834 4932; x_wconf 76' lang='grc' dir='ltr'>καὶ</span> <span class='ocrx_word' id='word_1_639' title='bbox 1865 4879 1963 4933; x_wconf 85' lang='grc' dir='ltr'>ὅλα</span> 
     </span>
    </p>
   </div>
   <div class='ocr_carea' id='block_1_80' title="bbox 386 4969 1964 5045">
    <p class='ocr_par' dir='ltr' id='par_1_80' title="bbox 386 4969 1964 5045">
     <span class='ocr_line' id='line_1_80' title="bbox 386 4969 1964 5045; baseline 0.001 -20"><span class='ocrx_word' id='word_1_640' title='bbox 386 4974 513 5043; x_wconf 72' lang='grc' dir='ltr'>ἔθνη</span> <span class='ocrx_word' id='word_1_641' title='bbox 545 4972 646 5045; x_wconf 76' lang='grc' dir='ltr'>τὴν</span> <span class='ocrx_word' id='word_1_642' title='bbox 687 4971 1031 5043; x_wconf 69' lang='grc' dir='ltr'>ὑψηλοτάτην</span> <span class='ocrx_word' id='word_1_643' title='bbox 1060 4970 1275 5041; x_wconf 82' lang='grc' dir='ltr'>αἵρεσιν</span> <span class='ocrx_word' id='word_1_644' title='bbox 1319 4969 1631 5039; x_wconf 82' lang='grc' dir='ltr'>ἠσπάζοντό</span> <span class='ocrx_word' id='word_1_645' title='bbox 1655 4987 1714 5024; x_wconf 89' lang='grc' dir='ltr'>τε</span> <span class='ocrx_word' id='word_1_646' title='bbox 1756 4971 1964 5041; x_wconf 89' lang='grc' dir='ltr'>ταύτην</span> 
     </span>
    </p>
   </div>
   <div class='ocr_carea' id='block_1_81' title="bbox 389 5061 1963 5137">
    <p class='ocr_par' dir='ltr' id='par_1_81' title="bbox 389 5061 1963 5137">
     <span class='ocr_line' id='line_1_81' title="bbox 389 5061 1963 5137; baseline -0.002 -16"><span class='ocrx_word' id='word_1_647' title='bbox 389 5068 484 5121; x_wconf 75' lang='grc' dir='ltr'>καὶ</span> <span class='ocrx_word' id='word_1_648' title='bbox 521 5066 745 5137; x_wconf 78' lang='grc' dir='ltr'>ήσκουν,</span> <span class='ocrx_word' id='word_1_649' title='bbox 779 5063 889 5117; x_wconf 76' lang='grc' dir='ltr'>οὐδ’</span> <span class='ocrx_word' id='word_1_650' title='bbox 940 5065 1000 5117; x_wconf 86' lang='grc' dir='ltr'>ἐν</span> <span class='ocrx_word' id='word_1_651' title='bbox 1054 5064 1232 5134; x_wconf 86' lang='grc' dir='ltr'>χρόνῳ</span> <span class='ocrx_word' id='word_1_652' title='bbox 1267 5062 1468 5133; x_wconf 82' lang='grc' dir='ltr'>πολλῷ,</span> <span class='ocrx_word' id='word_1_653' title='bbox 1510 5061 1627 5116; x_wconf 82' lang='grc' dir='ltr'>ἀλλ’</span> <span class='ocrx_word' id='word_1_654' title='bbox 1665 5062 1869 5118; x_wconf 81' lang='grc' dir='ltr'>αὐτίκα</span> <span class='ocrx_word' id='word_1_655' title='bbox 1898 5064 1963 5134; x_wconf 81' lang='grc' dir='ltr'>δὴ</span> 
     </span>
    </p>
   </div>
   <div class='ocr_carea' id='block_1_82' title="bbox 386 5154 1964 5227">
    <p class='ocr_par' dir='ltr' id='par_1_82' title="bbox 386 5154 1964 5227">
     <span class='ocr_line' id='line_1_82' title="bbox 386 5154 1964 5227; baseline -0.003 -15"><span class='ocrx_word' id='word_1_656' title='bbox 386 5156 889 5227; x_wconf 77' lang='grc' dir='ltr'>ἀποσκευαζόμενοι</span> <span class='ocrx_word' id='word_1_657' title='bbox 929 5158 1038 5209; x_wconf 73' lang='grc' dir='ltr'>πῑιν</span> <span class='ocrx_word' id='word_1_658' title='bbox 1074 5155 1329 5225; x_wconf 76' lang='grc' dir='ltr'>κώλυμα,</span> <span class='ocrx_word' id='word_1_659' title='bbox 1366 5157 1461 5208; x_wconf 77' lang='grc' dir='ltr'>καὶ</span> <span class='ocrx_word' id='word_1_660' title='bbox 1506 5154 1616 5209; x_wconf 87' lang='grc' dir='ltr'>τῶν</span> <span class='ocrx_word' id='word_1_661' title='bbox 1646 5156 1707 5208; x_wconf 86' lang='grc' dir='ltr'>ἐν</span> <span class='ocrx_word' id='word_1_662' title='bbox 1754 5157 1831 5225; x_wconf 84' lang='grc' dir='ltr'>τῷ</span> <span class='ocrx_word' id='word_1_663' title='bbox 1864 5155 1964 5226; x_wconf 85' lang='grc' dir='ltr'>βίῳ</span> 
     </span>
    </p>
   </div>
   <div class='ocr_carea' id='block_1_83' title="bbox 385 5250 1963 5325">
    <p class='ocr_par' dir='ltr' id='par_1_83' title="bbox 385 5250 1963 5325">
     <span class='ocr_line' id='line_1_83' title="bbox 385 5250 1963 5325; baseline -0.005 -16"><span class='ocrx_word' id='word_1_664' title='bbox 385 5255 522 5325; x_wconf 67' lang='grc' dir='ltr'>τιξεδε</span> <span class='ocrx_word' id='word_1_665' title='bbox 555 5255 891 5325; x_wconf 84' lang='grc' dir='ltr'>θελγήτρων,</span> <span class='ocrx_word' id='word_1_666' title='bbox 923 5254 997 5317; x_wconf 82' lang='grc' dir='ltr'>ὡς</span> <span class='ocrx_word' id='word_1_667' title='bbox 1039 5254 1162 5324; x_wconf 83' lang='grc' dir='ltr'>μηδ’</span> <span class='ocrx_word' id='word_1_668' title='bbox 1193 5253 1286 5306; x_wconf 80' lang='grc' dir='ltr'>ὑπ’</span> <span class='ocrx_word' id='word_1_669' title='bbox 1312 5254 1491 5307; x_wconf 76' lang='grc' dir='ltr'>αὐτῶν</span> <span class='ocrx_word' id='word_1_670' title='bbox 1542 5268 1676 5305; x_wconf 80' lang='grc' dir='ltr'>ποτε</span> <span class='ocrx_word' id='word_1_671' title='bbox 1704 5250 1963 5322; x_wconf 84' lang='grc' dir='ltr'>τερφθέν-</span> 
     </span>
    </p>
   </div>
   <div class='ocr_carea' id='block_1_84' title="bbox 387 5342 1962 5418">
    <p class='ocr_par' dir='ltr' id='par_1_84' title="bbox 387 5342 1962 5418">
     <span class='ocr_line' id='line_1_84' title="bbox 387 5342 1962 5418; baseline -0.004 -17"><span class='ocrx_word' id='word_1_672' title='bbox 387 5366 502 5415; x_wconf 80' lang='grc' dir='ltr'>τες,</span> <span class='ocrx_word' id='word_1_673' title='bbox 531 5346 948 5418; x_wconf 78' lang='grc' dir='ltr'>ἐπιλελησμένοι</span> <span class='ocrx_word' id='word_1_674' title='bbox 995 5346 1157 5410; x_wconf 84' lang='grc' dir='ltr'>εὐθὺς</span> <span class='ocrx_word' id='word_1_675' title='bbox 1188 5345 1265 5415; x_wconf 82' lang='grc' dir='ltr'>τῷ</span> <span class='ocrx_word' id='word_1_676' title='bbox 1290 5346 1393 5414; x_wconf 82' lang='grc' dir='ltr'>τῆς</span> <span class='ocrx_word' id='word_1_677' title='bbox 1433 5343 1668 5415; x_wconf 86' lang='grc' dir='ltr'>ἀληθοῦς</span> <span class='ocrx_word' id='word_1_678' title='bbox 1693 5342 1840 5413; x_wconf 83' lang='grc' dir='ltr'>ζωῆς</span> <span class='ocrx_word' id='word_1_679' title='bbox 1868 5343 1962 5395; x_wconf 90' lang='grc' dir='ltr'>πό-</span> 
     </span>
    </p>
   </div>
   <div class='ocr_carea' id='block_1_85' title="bbox 395 5430 1966 5512">
    <p class='ocr_par' dir='ltr' id='par_1_85' title="bbox 395 5430 1966 5512">
     <span class='ocr_line' id='line_1_85' title="bbox 395 5430 1966 5512; baseline -0.005 -20"><span class='ocrx_word' id='word_1_680' title='bbox 395 5457 552 5507; x_wconf 78' lang='grc' dir='ltr'>ματι.</span> <span class='ocrx_word' id='word_1_681' title='bbox 605 5439 718 5491; x_wconf 76' lang='grc' dir='ltr'>Καὶ</span> <span class='ocrx_word' id='word_1_682' title='bbox 762 5433 915 5508; x_wconf 73' lang='grc' dir='ltr'>οἶμαι</span> <span class='ocrx_word' id='word_1_683' title='bbox 947 5437 1022 5507; x_wconf 87' lang='grc' dir='ltr'>μὴ</span> <span class='ocrx_word' id='word_1_684' title='bbox 1052 5437 1212 5512; x_wconf 82' lang='grc' dir='ltr'>μόνον</span> <span class='ocrx_word' id='word_1_685' title='bbox 1256 5435 1366 5488; x_wconf 89' lang='grc' dir='ltr'>τῶν</span> <span class='ocrx_word' id='word_1_686' title='bbox 1401 5436 1466 5487; x_wconf 89' lang='grc' dir='ltr'>ἐκ</span> <span class='ocrx_word' id='word_1_687' title='bbox 1506 5434 1601 5487; x_wconf 88' lang='grc' dir='ltr'>τοῦ</span> <span class='ocrx_word' id='word_1_688' title='bbox 1636 5434 1838 5495; x_wconf 78' lang='grc' dir='ltr'>παντὸς</span> <span class='ocrx_word' id='word_1_689' title='bbox 1870 5430 1966 5485; x_wconf 88' lang='grc' dir='ltr'>τοῦ</span> 
     </span>
    </p>
   </div>
   <div class='ocr_carea' id='block_1_86' title="bbox 393 5523 1968 5601">
    <p class='ocr_par' dir='ltr' id='par_1_86' title="bbox 393 5523 1968 5601">
     <span class='ocr_line' id='line_1_86' title="bbox 393 5523 1968 5601; baseline -0.006 -16"><span class='ocrx_word' id='word_1_690' title='bbox 393 5532 590 5601; x_wconf 80' lang='grc' dir='ltr'>χρόνου</span> <span class='ocrx_word' id='word_1_691' title='bbox 624 5528 954 5600; x_wconf 77' lang='grc' dir='ltr'>ἀνθρώπων,</span> <span class='ocrx_word' id='word_1_692' title='bbox 984 5528 1120 5582; x_wconf 85' lang='grc' dir='ltr'>ἀλλά</span> <span class='ocrx_word' id='word_1_693' title='bbox 1171 5527 1266 5581; x_wconf 82' lang='grc' dir='ltr'>καὶ</span> <span class='ocrx_word' id='word_1_694' title='bbox 1302 5528 1524 5581; x_wconf 89' lang='grc' dir='ltr'>πάντων</span> <span class='ocrx_word' id='word_1_695' title='bbox 1555 5528 1664 5579; x_wconf 87' lang='grc' dir='ltr'>τῶν</span> <span class='ocrx_word' id='word_1_696' title='bbox 1705 5523 1765 5589; x_wconf 83' lang='grc' dir='ltr'>ἐξ</span> <span class='ocrx_word' id='word_1_697' title='bbox 1798 5525 1968 5579; x_wconf 81' lang='grc' dir='ltr'>ἀϊδίου</span> 
     </span>
    </p>
   </div>
   <div class='ocr_carea' id='block_1_87' title="bbox 2046 3224 3626 3297">
    <p class='ocr_par' dir='ltr' id='par_1_87' title="bbox 2046 3224 3626 3297">
     <span class='ocr_line' id='line_1_87' title="bbox 2046 3224 3626 3297; baseline -0.002 -18"><span class='ocrx_word' id='word_1_698' title='bbox 2046 3227 2366 3297; x_wconf 82' lang='grc' dir='ltr'>ἐπιγνώσει,</span> <span class='ocrx_word' id='word_1_699' title='bbox 2410 3227 2504 3280; x_wconf 79' lang='grc' dir='ltr'>καὶ</span> <span class='ocrx_word' id='word_1_700' title='bbox 2557 3228 2624 3297; x_wconf 79' lang='grc' dir='ltr'>τῇ</span> <span class='ocrx_word' id='word_1_701' title='bbox 2671 3225 2742 3278; x_wconf 82' lang='grc' dir='ltr'>δι’</span> <span class='ocrx_word' id='word_1_702' title='bbox 2773 3224 2941 3295; x_wconf 77' lang='grc' dir='ltr'>αὐτὴν</span> <span class='ocrx_word' id='word_1_703' title='bbox 2968 3225 3137 3294; x_wconf 79' lang='grc' dir='ltr'>ἀρετῇ</span> <span class='ocrx_word' id='word_1_704' title='bbox 3169 3224 3457 3294; x_wconf 79' lang='grc' dir='ltr'>συμπάσῃ,</span> <span class='ocrx_word' id='word_1_705' title='bbox 3485 3224 3626 3293; x_wconf 76' lang='grc' dir='ltr'>πρὸς</span> 
     </span>
    </p>
   </div>
   <div class='ocr_carea' id='block_1_88' title="bbox 2046 3313 3625 3386">
    <p class='ocr_par' dir='ltr' id='par_1_88' title="bbox 2046 3313 3625 3386">
     <span class='ocr_line' id='line_1_88' title="bbox 2046 3313 3625 3386; baseline -0.004 -13"><span class='ocrx_word' id='word_1_706' title='bbox 2046 3321 2146 3382; x_wconf 78' lang='grc' dir='ltr'>τὴν</span> <span class='ocrx_word' id='word_1_707' title='bbox 2188 3318 2284 3373; x_wconf 81' lang='grc' dir='ltr'>τοῦ</span> <span class='ocrx_word' id='word_1_708' title='bbox 2318 3319 2463 3372; x_wconf 87' lang='grc' dir='ltr'>θείου</span> <span class='ocrx_word' id='word_1_709' title='bbox 2513 3316 2799 3371; x_wconf 85' lang='grc' dir='ltr'>κοινωνίαν</span> <span class='ocrx_word' id='word_1_710' title='bbox 2826 3316 3136 3386; x_wconf 84' lang='grc' dir='ltr'>εῦμεθόδως</span> <span class='ocrx_word' id='word_1_711' title='bbox 3187 3316 3386 3369; x_wconf 84' lang='grc' dir='ltr'>ἐλθεῖν.</span> <span class='ocrx_word' id='word_1_712' title='bbox 3414 3313 3625 3368; x_wconf 77' lang='grc' dir='ltr'>Οὔκουν</span> 
     </span>
    </p>
   </div>
   <div class='ocr_carea' id='block_1_89' title="bbox 2047 3406 3627 3481">
    <p class='ocr_par' dir='ltr' id='par_1_89' title="bbox 2047 3406 3627 3481">
     <span class='ocr_line' id='line_1_89' title="bbox 2047 3406 3627 3481; baseline -0.003 -16"><span class='ocrx_word' id='word_1_713' title='bbox 2047 3411 2168 3465; x_wconf 76' lang='grc' dir='ltr'>οῦδέ</span> <span class='ocrx_word' id='word_1_714' title='bbox 2200 3409 2508 3481; x_wconf 83' lang='grc' dir='ltr'>περιώφθη,</span> <span class='ocrx_word' id='word_1_715' title='bbox 2548 3409 2623 3479; x_wconf 82' lang='grc' dir='ltr'>μὴ</span> <span class='ocrx_word' id='word_1_716' title='bbox 2674 3408 2767 3460; x_wconf 74' lang='grc' dir='ltr'>ἐπὶ</span> <span class='ocrx_word' id='word_1_717' title='bbox 2815 3407 2878 3461; x_wconf 83' lang='grc' dir='ltr'>τὸ</span> <span class='ocrx_word' id='word_1_718' title='bbox 2936 3406 3372 3473; x_wconf 83' lang='grc' dir='ltr'>ἀναγκαιότατόν</span> <span class='ocrx_word' id='word_1_719' title='bbox 3423 3424 3484 3461; x_wconf 86' lang='grc' dir='ltr'>τε</span> <span class='ocrx_word' id='word_1_720' title='bbox 3531 3411 3627 3461; x_wconf 70' lang='grc' dir='ltr'>καὶ</span> 
     </span>
    </p>
   </div>
   <div class='ocr_carea' id='block_1_90' title="bbox 2051 3500 3629 3575">
    <p class='ocr_par' dir='ltr' id='par_1_90' title="bbox 2051 3500 3629 3575">
     <span class='ocr_line' id='line_1_90' title="bbox 2051 3500 3629 3575; baseline 0 -19"><span class='ocrx_word' id='word_1_721' title='bbox 2051 3505 2327 3575; x_wconf 82' lang='grc' dir='ltr'>βέλτιστον</span> <span class='ocrx_word' id='word_1_722' title='bbox 2361 3503 2428 3556; x_wconf 91' lang='grc' dir='ltr'>τά</span> <span class='ocrx_word' id='word_1_723' title='bbox 2458 3519 2516 3554; x_wconf 90' lang='grc' dir='ltr'>τε</span> <span class='ocrx_word' id='word_1_724' title='bbox 2577 3501 2898 3572; x_wconf 84' lang='grc' dir='ltr'>ἀνθρώπεια</span> <span class='ocrx_word' id='word_1_725' title='bbox 2958 3500 3136 3554; x_wconf 79' lang='grc' dir='ltr'>ἐλθεῖν</span> <span class='ocrx_word' id='word_1_726' title='bbox 3196 3501 3265 3555; x_wconf 85' lang='grc' dir='ltr'>αῦ</span> <span class='ocrx_word' id='word_1_727' title='bbox 3325 3504 3629 3572; x_wconf 84' lang='grc' dir='ltr'>πράγματα</span> 
     </span>
    </p>
   </div>
   <div class='ocr_carea' id='block_1_91' title="bbox 2049 3593 3629 3664">
    <p class='ocr_par' dir='ltr' id='par_1_91' title="bbox 2049 3593 3629 3664">
     <span class='ocr_line' id='line_1_91' title="bbox 2049 3593 3629 3664; baseline 0 -18"><span class='ocrx_word' id='word_1_728' title='bbox 2049 3594 2222 3658; x_wconf 77' lang='grc' dir='ltr'>τέλος,</span> <span class='ocrx_word' id='word_1_729' title='bbox 2255 3597 2351 3649; x_wconf 75' lang='grc' dir='ltr'>καὶ</span> <span class='ocrx_word' id='word_1_730' title='bbox 2372 3595 2474 3646; x_wconf 80' lang='grc' dir='ltr'>ὅσα</span> <span class='ocrx_word' id='word_1_731' title='bbox 2498 3593 2679 3647; x_wconf 82' lang='grc' dir='ltr'>αὐτῶν</span> <span class='ocrx_word' id='word_1_732' title='bbox 2709 3593 2872 3647; x_wconf 72' lang='grc' dir='ltr'>ἕνεκα</span> <span class='ocrx_word' id='word_1_733' title='bbox 2910 3593 3019 3647; x_wconf 83' lang='grc' dir='ltr'>τῶν</span> <span class='ocrx_word' id='word_1_734' title='bbox 3053 3595 3364 3664; x_wconf 86' lang='grc' dir='ltr'>ἀνθρώπων</span> <span class='ocrx_word' id='word_1_735' title='bbox 3389 3593 3505 3647; x_wconf 83' lang='grc' dir='ltr'>ἐστι</span> <span class='ocrx_word' id='word_1_736' title='bbox 3530 3597 3629 3647; x_wconf 73' lang='grc' dir='ltr'>καὶ</span> 
     </span>
    </p>
   </div>
   <div class='ocr_carea' id='block_1_92' title="bbox 2050 3681 3629 3758">
    <p class='ocr_par' dir='ltr' id='par_1_92' title="bbox 2050 3681 3629 3758">
     <span class='ocr_line' id='line_1_92' title="bbox 2050 3681 3629 3758; baseline -0.002 -17"><span class='ocrx_word' id='word_1_737' title='bbox 2050 3692 2282 3754; x_wconf 82' lang='grc' dir='ltr'>γίνεται,</span> <span class='ocrx_word' id='word_1_738' title='bbox 2308 3681 2367 3739; x_wconf 63' lang='grc' dir='ltr'>οὗ</span> <span class='ocrx_word' id='word_1_739' title='bbox 2402 3688 2482 3757; x_wconf 67' lang='lat'>(2)</span> <span class='ocrx_word' id='word_1_740' title='bbox 2509 3687 2573 3757; x_wconf 82' lang='grc' dir='ltr'>δὴ</span> <span class='ocrx_word' id='word_1_741' title='bbox 2608 3688 2703 3740; x_wconf 72' lang='grc' dir='ltr'>καὶ</span> <span class='ocrx_word' id='word_1_742' title='bbox 2731 3688 2834 3755; x_wconf 75' lang='grc' dir='ltr'>τὴν</span> <span class='ocrx_word' id='word_1_743' title='bbox 2865 3686 3041 3758; x_wconf 74' lang='grc' dir='ltr'>ἀρχὴν</span> <span class='ocrx_word' id='word_1_744' title='bbox 3064 3688 3097 3753; x_wconf 82' lang='grc' dir='ltr'>ἠ</span> <span class='ocrx_word' id='word_1_745' title='bbox 3131 3687 3225 3741; x_wconf 87' lang='grc' dir='ltr'>τοῦ</span> <span class='ocrx_word' id='word_1_746' title='bbox 3265 3687 3629 3757; x_wconf 78' lang='grc' dir='ltr'>πεποιηκότος</span> 
     </span>
    </p>
   </div>
   <div class='ocr_carea' id='block_1_93' title="bbox 2052 3774 3631 3850">
    <p class='ocr_par' dir='ltr' id='par_1_93' title="bbox 2052 3774 3631 3850">
     <span class='ocr_line' id='line_1_93' title="bbox 2052 3774 3631 3850; baseline -0.001 -17"><span class='ocrx_word' id='word_1_747' title='bbox 2052 3780 2222 3833; x_wconf 77' lang='grc' dir='ltr'>ἔτεινε</span> <span class='ocrx_word' id='word_1_748' title='bbox 2279 3778 2556 3849; x_wconf 84' lang='grc' dir='ltr'>βούλησις,</span> <span class='ocrx_word' id='word_1_749' title='bbox 2587 3779 2665 3842; x_wconf 85' lang='grc' dir='ltr'>ὡς</span> <span class='ocrx_word' id='word_1_750' title='bbox 2701 3780 2847 3842; x_wconf 70' lang='grc' dir='ltr'>είκδς</span> <span class='ocrx_word' id='word_1_751' title='bbox 2883 3774 2972 3850; x_wconf 75' lang='grc' dir='ltr'>ἦν.</span> <span class='ocrx_word' id='word_1_752' title='bbox 3006 3779 3099 3832; x_wconf 82' lang='grc' dir='ltr'>Διὸ</span> <span class='ocrx_word' id='word_1_753' title='bbox 3122 3780 3185 3848; x_wconf 83' lang='grc' dir='ltr'>δὴ</span> <span class='ocrx_word' id='word_1_754' title='bbox 3233 3783 3325 3833; x_wconf 66' lang='grc' dir='ltr'>καὶ</span> <span class='ocrx_word' id='word_1_755' title='bbox 3357 3777 3453 3831; x_wconf 89' lang='grc' dir='ltr'>τοῦ</span> <span class='ocrx_word' id='word_1_756' title='bbox 3487 3779 3631 3831; x_wconf 76' lang='grc' dir='ltr'>κατά</span> 
     </span>
    </p>
   </div>
   <div class='ocr_carea' id='block_1_94' title="bbox 2053 3867 3630 3943">
    <p class='ocr_par' dir='ltr' id='par_1_94' title="bbox 2053 3867 3630 3943">
     <span class='ocr_line' id='line_1_94' title="bbox 2053 3867 3630 3943; baseline -0.004 -17"><span class='ocrx_word' id='word_1_757' title='bbox 2053 3872 2289 3943; x_wconf 71' lang='grc' dir='ltr'>Χριστὸν</span> <span class='ocrx_word' id='word_1_758' title='bbox 2336 3871 2691 3942; x_wconf 78' lang='grc' dir='ltr'>ἀνεῳγμένου</span> <span class='ocrx_word' id='word_1_759' title='bbox 2740 3869 3139 3933; x_wconf 84' lang='grc' dir='ltr'>διδασκαλείου,</span> <span class='ocrx_word' id='word_1_760' title='bbox 3178 3871 3300 3923; x_wconf 76' lang='grc' dir='ltr'>ἐπεὶ</span> <span class='ocrx_word' id='word_1_761' title='bbox 3352 3870 3459 3922; x_wconf 75' lang='grc' dir='ltr'>ἔδει</span> <span class='ocrx_word' id='word_1_762' title='bbox 3500 3867 3630 3921; x_wconf 73' lang='grc' dir='ltr'>ποτε</span> 
     </span>
    </p>
   </div>
   <div class='ocr_carea' id='block_1_95' title="bbox 2053 3960 3631 4032">
    <p class='ocr_par' dir='ltr' id='par_1_95' title="bbox 2053 3960 3631 4032">
     <span class='ocr_line' id='line_1_95' title="bbox 2053 3960 3631 4032; baseline -0.003 -16"><span class='ocrx_word' id='word_1_763' title='bbox 2053 3963 2201 4016; x_wconf 81' lang='grc' dir='ltr'>τοῦτ’</span> <span class='ocrx_word' id='word_1_764' title='bbox 2227 3963 2602 4031; x_wconf 83' lang='grc' dir='ltr'>ἀνοίγνυσθαι,</span> <span class='ocrx_word' id='word_1_765' title='bbox 2639 3962 2965 4032; x_wconf 81' lang='grc' dir='ltr'>ὑπεχώρουν</span> <span class='ocrx_word' id='word_1_766' title='bbox 3022 3962 3121 4032; x_wconf 80' lang='grc' dir='ltr'>μὲν</span> <span class='ocrx_word' id='word_1_767' title='bbox 3149 3961 3201 4014; x_wconf 82' lang='grc' dir='ltr'>οἱ</span> <span class='ocrx_word' id='word_1_768' title='bbox 3254 3962 3478 4030; x_wconf 74' lang='grc' dir='ltr'>φυσικοὶ</span> <span class='ocrx_word' id='word_1_769' title='bbox 3535 3960 3631 4012; x_wconf 85' lang='grc' dir='ltr'>καὶ</span> 
     </span>
    </p>
   </div>
   <div class='ocr_carea' id='block_1_96' title="bbox 2053 4030 3697 4127">
    <p class='ocr_par' dir='ltr' id='par_1_96' title="bbox 2053 4030 3697 4127">
     <span class='ocr_line' id='line_1_96' title="bbox 2053 4030 3697 4127; baseline -0.003 -19"><span class='ocrx_word' id='word_1_770' title='bbox 2053 4057 2279 4127; x_wconf 79' lang='grc' dir='ltr'>γεώδεις</span> <span class='ocrx_word' id='word_1_771' title='bbox 2309 4055 2434 4123; x_wconf 72' lang='grc' dir='ltr'>περὶ</span> <span class='ocrx_word' id='word_1_772' title='bbox 2481 4056 2593 4107; x_wconf 90' lang='grc' dir='ltr'>τῶν</span> <span class='ocrx_word' id='word_1_773' title='bbox 2651 4030 2949 4127; x_wconf 71' lang='grc' dir='ltr'>ὑπερφυῶν</span> <span class='ocrx_word' id='word_1_774' title='bbox 2981 4030 3304 4124; x_wconf 67' lang='grc' dir='ltr'>στοχασμοί,</span> <span class='ocrx_word' id='word_1_775' title='bbox 3332 4054 3401 4107; x_wconf 90' lang='grc' dir='ltr'>τά</span> <span class='ocrx_word' id='word_1_776' title='bbox 3432 4053 3476 4107; x_wconf 86' lang='grc' dir='ltr'>δ’</span> <span class='ocrx_word' id='word_1_777' title='bbox 3509 4052 3634 4123; x_wconf 78' lang='grc' dir='ltr'>ίερά</span> <span class='ocrx_word' id='word_1_778' title='bbox 3682 4030 3697 4047; x_wconf 27' lang='grc' dir='ltr'><strong>κ</strong></span> 
     </span>
    </p>
   </div>
   <div class='ocr_carea' id='block_1_97' title="bbox 2055 4144 3634 4216">
    <p class='ocr_par' dir='ltr' id='par_1_97' title="bbox 2055 4144 3634 4216">
     <span class='ocr_line' id='line_1_97' title="bbox 2055 4144 3634 4216; baseline -0.003 -15"><span class='ocrx_word' id='word_1_779' title='bbox 2055 4150 2168 4210; x_wconf 80' lang='grc' dir='ltr'>τοῖς</span> <span class='ocrx_word' id='word_1_780' title='bbox 2218 4145 2527 4215; x_wconf 82' lang='grc' dir='ltr'>ἀνθρώποις</span> <span class='ocrx_word' id='word_1_781' title='bbox 2568 4147 2922 4215; x_wconf 82' lang='grc' dir='ltr'>ἐνεφυτεύετο</span> <span class='ocrx_word' id='word_1_782' title='bbox 2977 4146 3245 4216; x_wconf 71' lang='grc' dir='ltr'>δόγματα,</span> <span class='ocrx_word' id='word_1_783' title='bbox 3303 4144 3400 4198; x_wconf 68' lang='grc' dir='ltr'>καὶ</span> <span class='ocrx_word' id='word_1_784' title='bbox 3462 4145 3634 4198; x_wconf 86' lang='grc' dir='ltr'>ταῦτα</span> 
     </span>
    </p>
   </div>
   <div class='ocr_carea' id='block_1_98' title="bbox 2058 4233 3634 4311">
    <p class='ocr_par' dir='ltr' id='par_1_98' title="bbox 2058 4233 3634 4311">
     <span class='ocr_line' id='line_1_98' title="bbox 2058 4233 3634 4311; baseline -0.006 -16"><span class='ocrx_word' id='word_1_785' title='bbox 2058 4243 2170 4304; x_wconf 85' lang='grc' dir='ltr'>τοῖς</span> <span class='ocrx_word' id='word_1_786' title='bbox 2205 4241 2388 4311; x_wconf 73' lang='grc' dir='ltr'>ἔργοις</span> <span class='ocrx_word' id='word_1_787' title='bbox 2414 4238 2523 4292; x_wconf 85' lang='grc' dir='ltr'>τῶν</span> <span class='ocrx_word' id='word_1_788' title='bbox 2545 4238 2880 4304; x_wconf 82' lang='grc' dir='ltr'>δοξαζόντων</span> <span class='ocrx_word' id='word_1_789' title='bbox 2913 4237 3183 4308; x_wconf 86' lang='grc' dir='ltr'>σύμφωνα</span> <span class='ocrx_word' id='word_1_790' title='bbox 3212 4233 3301 4309; x_wconf 78' lang='grc' dir='ltr'>ἦν.</span> <span class='ocrx_word' id='word_1_791' title='bbox 3341 4236 3448 4290; x_wconf 77' lang='grc' dir='ltr'>Καὶ</span> <span class='ocrx_word' id='word_1_792' title='bbox 3474 4236 3509 4305; x_wconf 79' lang='grc' dir='ltr'><strong>ἡ</strong></span> <span class='ocrx_word' id='word_1_793' title='bbox 3536 4236 3634 4306; x_wconf 76' lang='grc' dir='ltr'>μὲν</span> 
     </span>
    </p>
   </div>
   <div class='ocr_carea' id='block_1_99' title="bbox 2058 4327 3634 4403">
    <p class='ocr_par' dir='ltr' id='par_1_99' title="bbox 2058 4327 3634 4403">
     <span class='ocr_line' id='line_1_99' title="bbox 2058 4327 3634 4403; baseline -0.004 -16"><span class='ocrx_word' id='word_1_794' title='bbox 2058 4333 2168 4388; x_wconf 87' lang='grc' dir='ltr'>τῶν</span> <span class='ocrx_word' id='word_1_795' title='bbox 2198 4332 2469 4403; x_wconf 85' lang='grc' dir='ltr'>δαιμόνων</span> <span class='ocrx_word' id='word_1_796' title='bbox 2505 4332 2685 4385; x_wconf 82' lang='grc' dir='ltr'>οὐκέτ’</span> <span class='ocrx_word' id='word_1_797' title='bbox 2714 4327 2784 4402; x_wconf 77' lang='grc' dir='ltr'>ἦν</span> <span class='ocrx_word' id='word_1_798' title='bbox 2833 4332 2987 4401; x_wconf 74' lang='grc' dir='ltr'>ίσχῦς</span> <span class='ocrx_word' id='word_1_799' title='bbox 3034 4331 3277 4397; x_wconf 81' lang='grc' dir='ltr'>οὐδαμοῦ</span> <span class='ocrx_word' id='word_1_800' title='bbox 3297 4345 3312 4360; x_wconf 80' lang='grc'><strong><em>⁸</em></strong></span> <span class='ocrx_word' id='word_1_801' title='bbox 3345 4330 3407 4383; x_wconf 68' lang='grc' dir='ltr'>τὸ</span> <span class='ocrx_word' id='word_1_802' title='bbox 3452 4328 3510 4381; x_wconf 83' lang='grc' dir='ltr'>δὲ</span> <span class='ocrx_word' id='word_1_803' title='bbox 3540 4328 3634 4382; x_wconf 85' lang='grc' dir='ltr'>τοῦ</span> 
     </span>
    </p>
   </div>
   <div class='ocr_carea' id='block_1_100' title="bbox 2059 4413 3636 4496">
    <p class='ocr_par' dir='ltr' id='par_1_100' title="bbox 2059 4413 3636 4496">
     <span class='ocr_line' id='line_1_100' title="bbox 2059 4413 3636 4496; baseline -0.004 -16"><span class='ocrx_word' id='word_1_804' title='bbox 2059 4426 2266 4496; x_wconf 89' lang='grc' dir='ltr'>ταύτην</span> <span class='ocrx_word' id='word_1_805' title='bbox 2313 4423 2723 4486; x_wconf 84' lang='grc' dir='ltr'>καταλύσαντος</span> <span class='ocrx_word' id='word_1_806' title='bbox 2773 4425 2947 4493; x_wconf 73' lang='grc' dir='ltr'>ὄνομα</span> <span class='ocrx_word' id='word_1_807' title='bbox 2982 4413 3159 4493; x_wconf 75' lang='grc' dir='ltr'>Ἰησοῦ</span> <span class='ocrx_word' id='word_1_808' title='bbox 3209 4421 3331 4475; x_wconf 83' lang='grc' dir='ltr'>κατ’</span> <span class='ocrx_word' id='word_1_809' title='bbox 3362 4420 3541 4494; x_wconf 73' lang='grc' dir='ltr'>αὐτῶν</span> <span class='ocrx_word' id='word_1_810' title='bbox 3574 4438 3636 4473; x_wconf 86' lang='grc' dir='ltr'>τε</span> 
     </span>
    </p>
   </div>
   <div class='ocr_carea' id='block_1_101' title="bbox 2061 4510 3635 4588">
    <p class='ocr_par' dir='ltr' id='par_1_101' title="bbox 2061 4510 3635 4588">
     <span class='ocr_line' id='line_1_101' title="bbox 2061 4510 3635 4588; baseline -0.006 -15"><span class='ocrx_word' id='word_1_811' title='bbox 2061 4517 2297 4573; x_wconf 73' lang='grc' dir='ltr'>καὶτῶν</span> <span class='ocrx_word' id='word_1_812' title='bbox 2332 4514 2793 4588; x_wconf 75' lang='grc' dir='ltr'>ἀρρωστημάτων</span> <span class='ocrx_word' id='word_1_813' title='bbox 2840 4514 3071 4582; x_wconf 75' lang='grc' dir='ltr'>ἐκράτει.</span> <span class='ocrx_word' id='word_1_814' title='bbox 3114 4513 3332 4566; x_wconf 86' lang='grc' dir='ltr'>πάντων</span> <span class='ocrx_word' id='word_1_815' title='bbox 3374 4512 3477 4579; x_wconf 83' lang='grc' dir='ltr'>τῆς</span> <span class='ocrx_word' id='word_1_816' title='bbox 3527 4510 3635 4578; x_wconf 87' lang='grc' dir='ltr'>φύ-</span> 
     </span>
    </p>
   </div>
   <div class='ocr_carea' id='block_1_102' title="bbox 2063 4601 3646 4677">
    <p class='ocr_par' dir='ltr' id='par_1_102' title="bbox 2063 4601 3646 4677">
     <span class='ocr_line' id='line_1_102' title="bbox 2063 4601 3646 4677; baseline -0.006 -16"><span class='ocrx_word' id='word_1_817' title='bbox 2063 4606 2409 4677; x_wconf 66' lang='grc' dir='ltr'>σ;ως,“καὶή</span> <span class='ocrx_word' id='word_1_818' title='bbox 2450 4602 2913 4658; x_wconf 85' lang='grc' dir='ltr'>ἐνδυναστεύουσα</span> <span class='ocrx_word' id='word_1_819' title='bbox 2950 4605 3065 4664; x_wconf 87' lang='grc' dir='ltr'>τοῖς</span> <span class='ocrx_word' id='word_1_820' title='bbox 3095 4601 3409 4673; x_wconf 84' lang='grc' dir='ltr'>ἀνθρώποις</span> <span class='ocrx_word' id='word_1_821' title='bbox 3436 4603 3497 4654; x_wconf 87' lang='grc' dir='ltr'>ἐκ</span> <span class='ocrx_word' id='word_1_822' title='bbox 3531 4618 3646 4672; x_wconf 84' lang='grc' dir='ltr'>μα-</span> 
     </span>
    </p>
   </div>
   <div class='ocr_carea' id='block_1_103' title="bbox 2062 4695 3637 4770">
    <p class='ocr_par' dir='ltr' id='par_1_103' title="bbox 2062 4695 3637 4770">
     <span class='ocr_line' id='line_1_103' title="bbox 2062 4695 3637 4770; baseline -0.003 -19"><span class='ocrx_word' id='word_1_823' title='bbox 2062 4698 2198 4770; x_wconf 87' lang='grc' dir='ltr'>κροῦ</span> <span class='ocrx_word' id='word_1_824' title='bbox 2226 4697 2379 4766; x_wconf 89' lang='grc' dir='ltr'>φιλία</span> <span class='ocrx_word' id='word_1_825' title='bbox 2400 4697 2511 4751; x_wconf 89' lang='grc' dir='ltr'>τῶν</span> <span class='ocrx_word' id='word_1_826' title='bbox 2535 4697 2823 4767; x_wconf 90' lang='grc' dir='ltr'>προσύλων</span> <span class='ocrx_word' id='word_1_827' title='bbox 2852 4695 3059 4749; x_wconf 86' lang='grc' dir='ltr'>τούτων</span> <span class='ocrx_word' id='word_1_828' title='bbox 3091 4696 3298 4763; x_wconf 86' lang='grc' dir='ltr'>ἐλύετο,</span> <span class='ocrx_word' id='word_1_829' title='bbox 3324 4695 3420 4750; x_wconf 78' lang='grc' dir='ltr'>καὶ</span> <span class='ocrx_word' id='word_1_830' title='bbox 3445 4696 3478 4767; x_wconf 75' lang='grc' dir='ltr'>ἡ</span> <span class='ocrx_word' id='word_1_831' title='bbox 3502 4695 3637 4764; x_wconf 76' lang='grc' dir='ltr'>πρὸς</span> 
     </span>
    </p>
   </div>
   <div class='ocr_carea' id='block_1_104' title="bbox 2063 4788 3642 4862">
    <p class='ocr_par' dir='ltr' id='par_1_104' title="bbox 2063 4788 3642 4862">
     <span class='ocr_line' id='line_1_104' title="bbox 2063 4788 3642 4862; baseline -0.004 -17"><span class='ocrx_word' id='word_1_832' title='bbox 2063 4793 2155 4845; x_wconf 79' lang='grc' dir='ltr'>τὸν</span> <span class='ocrx_word' id='word_1_833' title='bbox 2202 4790 2435 4862; x_wconf 74' lang='grc' dir='ltr'>οὐρανὸν</span> <span class='ocrx_word' id='word_1_834' title='bbox 2482 4789 2726 4861; x_wconf 85' lang='grc' dir='ltr'>φέρουσα</span> <span class='ocrx_word' id='word_1_835' title='bbox 2776 4788 2890 4842; x_wconf 89' lang='grc' dir='ltr'>τῶν</span> <span class='ocrx_word' id='word_1_836' title='bbox 2941 4788 3035 4841; x_wconf 83' lang='grc' dir='ltr'>ἐπὶ</span> <span class='ocrx_word' id='word_1_837' title='bbox 3067 4788 3160 4841; x_wconf 85' lang='grc' dir='ltr'>τὸν</span> <span class='ocrx_word' id='word_1_838' title='bbox 3187 4788 3321 4842; x_wconf 79' lang='grc' dir='ltr'>Θεὸν</span> <span class='ocrx_word' id='word_1_839' title='bbox 3377 4788 3642 4841; x_wconf 90' lang='grc' dir='ltr'>ἀνιόντων</span> 
     </span>
    </p>
   </div>
   <div class='ocr_carea' id='block_1_105' title="bbox 2065 4882 3645 4955">
    <p class='ocr_par' dir='ltr' id='par_1_105' title="bbox 2065 4882 3645 4955">
     <span class='ocr_line' id='line_1_105' title="bbox 2065 4882 3645 4955; baseline -0.003 -17"><span class='ocrx_word' id='word_1_840' title='bbox 2065 4887 2267 4955; x_wconf 75' lang='grc' dir='ltr'>ἔγεμεν</span> <span class='ocrx_word' id='word_1_841' title='bbox 2302 4884 2596 4955; x_wconf 80' lang='grc' dir='ltr'>ὁσημέραι,</span> <span class='ocrx_word' id='word_1_842' title='bbox 2629 4884 2845 4955; x_wconf 90' lang='grc' dir='ltr'>μυρίων</span> <span class='ocrx_word' id='word_1_843' title='bbox 2874 4882 2932 4948; x_wconf 79' lang='grc' dir='ltr'>ἐξ</span> <span class='ocrx_word' id='word_1_844' title='bbox 2981 4884 3203 4954; x_wconf 82' lang='grc' dir='ltr'>ἀπάσης</span> <span class='ocrx_word' id='word_1_845' title='bbox 3248 4882 3349 4954; x_wconf 80' lang='grc' dir='ltr'>τῆς</span> <span class='ocrx_word' id='word_1_846' title='bbox 3380 4883 3645 4949; x_wconf 62' lang='grc' dir='ltr'>οίκουμέη</span> 
     </span>
    </p>
   </div>
   <div class='ocr_carea' id='block_1_106' title="bbox 2065 4973 3645 5048">
    <p class='ocr_par' dir='ltr' id='par_1_106' title="bbox 2065 4973 3645 5048">
     <span class='ocr_line' id='line_1_106' title="bbox 2065 4973 3645 5048; baseline -0.004 -16"><span class='ocrx_word' id='word_1_847' title='bbox 2065 4995 2188 5048; x_wconf 73' lang='grc' dir='ltr'>νης,</span> <span class='ocrx_word' id='word_1_848' title='bbox 2219 4977 2331 5030; x_wconf 86' lang='grc' dir='ltr'>τῶν</span> <span class='ocrx_word' id='word_1_849' title='bbox 2363 4979 2463 5046; x_wconf 80' lang='grc' dir='ltr'>μὲν</span> <span class='ocrx_word' id='word_1_850' title='bbox 2494 4976 2604 5029; x_wconf 84' lang='grc' dir='ltr'>ἀπὸ</span> <span class='ocrx_word' id='word_1_851' title='bbox 2633 4975 2734 5043; x_wconf 85' lang='grc' dir='ltr'>τῆς</span> <span class='ocrx_word' id='word_1_852' title='bbox 2775 4976 2916 5047; x_wconf 81' lang='grc' dir='ltr'>ὑπὲρ</span> <span class='ocrx_word' id='word_1_853' title='bbox 2954 4974 3196 5046; x_wconf 84' lang='grc' dir='ltr'>Χριστοῦ</span> <span class='ocrx_word' id='word_1_854' title='bbox 3236 4976 3435 5045; x_wconf 90' lang='grc' dir='ltr'>πάλης,</span> <span class='ocrx_word' id='word_1_855' title='bbox 3468 4975 3576 5028; x_wconf 87' lang='grc' dir='ltr'>τῶν</span> <span class='ocrx_word' id='word_1_856' title='bbox 3600 4973 3645 5026; x_wconf 77' lang='grc' dir='ltr'>δ’</span> 
     </span>
    </p>
   </div>
   <div class='ocr_carea' id='block_1_107' title="bbox 2067 5066 3651 5137">
    <p class='ocr_par' dir='ltr' id='par_1_107' title="bbox 2067 5066 3651 5137">
     <span class='ocr_line' id='line_1_107' title="bbox 2067 5066 3651 5137; baseline -0.004 -14"><span class='ocrx_word' id='word_1_857' title='bbox 2067 5067 2178 5123; x_wconf 79' lang='grc' dir='ltr'>ἀπὸ</span> <span class='ocrx_word' id='word_1_858' title='bbox 2202 5067 2302 5137; x_wconf 81' lang='grc' dir='ltr'>τῆς</span> <span class='ocrx_word' id='word_1_859' title='bbox 2328 5066 2571 5137; x_wconf 86' lang='grc' dir='ltr'>ἐμπόνου</span> <span class='ocrx_word' id='word_1_860' title='bbox 2602 5067 2714 5120; x_wconf 88' lang='grc' dir='ltr'>τῶν</span> <span class='ocrx_word' id='word_1_861' title='bbox 2764 5066 2975 5120; x_wconf 80' lang='grc' dir='ltr'>ἐκείνου</span> <span class='ocrx_word' id='word_1_862' title='bbox 3016 5067 3197 5137; x_wconf 85' lang='grc' dir='ltr'>νόμων</span> <span class='ocrx_word' id='word_1_863' title='bbox 3231 5066 3464 5137; x_wconf 85' lang='grc' dir='ltr'>μελέτης</span> <span class='ocrx_word' id='word_1_864' title='bbox 3516 5066 3651 5118; x_wconf 78' lang='grc' dir='ltr'>ἀνοι⁹</span> 
     </span>
    </p>
   </div>
   <div class='ocr_carea' id='block_1_108' title="bbox 2066 5156 3649 5228">
    <p class='ocr_par' dir='ltr' id='par_1_108' title="bbox 2066 5156 3649 5228">
     <span class='ocr_line' id='line_1_108' title="bbox 2066 5156 3649 5228; baseline -0.004 -15"><span class='ocrx_word' id='word_1_865' title='bbox 2066 5160 2303 5213; x_wconf 86' lang='grc' dir='ltr'>λυόντων</span> <span class='ocrx_word' id='word_1_866' title='bbox 2341 5158 2484 5228; x_wconf 84' lang='grc' dir='ltr'>μετά</span> <span class='ocrx_word' id='word_1_867' title='bbox 2532 5159 2747 5212; x_wconf 85' lang='grc' dir='ltr'>πολλῶν</span> <span class='ocrx_word' id='word_1_868' title='bbox 2778 5159 2881 5228; x_wconf 86' lang='grc' dir='ltr'>τῆς</span> <span class='ocrx_word' id='word_1_869' title='bbox 2935 5157 3238 5228; x_wconf 90' lang='grc' dir='ltr'>μελλούσης</span> <span class='ocrx_word' id='word_1_870' title='bbox 3287 5156 3523 5223; x_wconf 75' lang='grc' dir='ltr'>εὐζωῖας</span> <span class='ocrx_word' id='word_1_871' title='bbox 3555 5156 3649 5209; x_wconf 75' lang='grc' dir='ltr'>καὶ</span> 
     </span>
    </p>
   </div>
   <div class='ocr_carea' id='block_1_109' title="bbox 2069 5247 3649 5320">
    <p class='ocr_par' dir='ltr' id='par_1_109' title="bbox 2069 5247 3649 5320">
     <span class='ocr_line' id='line_1_109' title="bbox 2069 5247 3649 5320; baseline -0.005 -17"><span class='ocrx_word' id='word_1_872' title='bbox 2069 5249 2322 5320; x_wconf 82' lang='grc' dir='ltr'>φανερῶν</span> <span class='ocrx_word' id='word_1_873' title='bbox 2349 5249 2583 5303; x_wconf 83' lang='grc' dir='ltr'>ἐλπίδων</span> <span class='ocrx_word' id='word_1_874' title='bbox 2618 5247 2716 5303; x_wconf 70' lang='grc' dir='ltr'>καὶ</span> <span class='ocrx_word' id='word_1_875' title='bbox 2746 5248 3072 5319; x_wconf 86' lang='grc' dir='ltr'>προοιμίων.</span> <span class='ocrx_word' id='word_1_876' title='bbox 3109 5249 3218 5300; x_wconf 78' lang='grc' dir='ltr'>Καὶ</span> <span class='ocrx_word' id='word_1_877' title='bbox 3249 5247 3511 5318; x_wconf 69' lang='grc' dir='ltr'>ἠλέγχετο</span> <span class='ocrx_word' id='word_1_878' title='bbox 3549 5247 3649 5314; x_wconf 75' lang='grc' dir='ltr'>μὲν</span> 
     </span>
    </p>
   </div>
   <div class='ocr_carea' id='block_1_110' title="bbox 2070 5337 3649 5412">
    <p class='ocr_par' dir='ltr' id='par_1_110' title="bbox 2070 5337 3649 5412">
     <span class='ocr_line' id='line_1_110' title="bbox 2070 5337 3649 5412; baseline -0.004 -17"><span class='ocrx_word' id='word_1_879' title='bbox 2070 5346 2132 5395; x_wconf 75' lang='grc' dir='ltr'>τὸ</span> <span class='ocrx_word' id='word_1_880' title='bbox 2166 5341 2477 5412; x_wconf 88' lang='grc' dir='ltr'>μαχόμενον</span> <span class='ocrx_word' id='word_1_881' title='bbox 2501 5342 2649 5396; x_wconf 76' lang='grc' dir='ltr'>ἅπαν</span> <span class='ocrx_word' id='word_1_882' title='bbox 2692 5342 2757 5410; x_wconf 75' lang='grc' dir='ltr'>τῇ</span> <span class='ocrx_word' id='word_1_883' title='bbox 2798 5339 3050 5410; x_wconf 83' lang='grc' dir='ltr'>βελτίστῃ</span> <span class='ocrx_word' id='word_1_884' title='bbox 3100 5338 3277 5410; x_wconf 83' lang='grc' dir='ltr'>ταύτῃ</span> <span class='ocrx_word' id='word_1_885' title='bbox 3323 5337 3649 5406; x_wconf 80' lang='grc' dir='ltr'>καινοτομίᾳ</span> 
     </span>
    </p>
   </div>
   <div class='ocr_carea' id='block_1_111' title="bbox 2028 5430 3649 5507">
    <p class='ocr_par' dir='ltr' id='par_1_111' title="bbox 2028 5430 3649 5507">
     <span class='ocr_line' id='line_1_111' title="bbox 2028 5430 3649 5507; baseline -0.007 -16"><span class='ocrx_word' id='word_1_886' title='bbox 2028 5501 2033 5507; x_wconf 22' lang='grc' dir='ltr'>ι</span> <span class='ocrx_word' id='word_1_887' title='bbox 2078 5434 2257 5505; x_wconf 86' lang='grc' dir='ltr'>μάτην</span> <span class='ocrx_word' id='word_1_888' title='bbox 2280 5434 2627 5504; x_wconf 74' lang='grc' dir='ltr'>ἐπιχειροῦνο</span> <span class='ocrx_word' id='word_1_889' title='bbox 2659 5435 2691 5504; x_wconf 78' lang='grc' dir='ltr'>ἡ</span> <span class='ocrx_word' id='word_1_890' title='bbox 2721 5433 2778 5486; x_wconf 83' lang='grc' dir='ltr'>δέ</span> <span class='ocrx_word' id='word_1_891' title='bbox 2822 5432 2918 5486; x_wconf 78' lang='grc' dir='ltr'>τοῦ</span> <span class='ocrx_word' id='word_1_892' title='bbox 2955 5432 3194 5502; x_wconf 83' lang='grc' dir='ltr'>Χριστοῦ</span> <span class='ocrx_word' id='word_1_893' title='bbox 3227 5432 3458 5500; x_wconf 74' lang='grc' dir='ltr'>δύναμις</span> <span class='ocrx_word' id='word_1_894' title='bbox 3492 5430 3551 5482; x_wconf 88' lang='grc' dir='ltr'>ἐν</span> <span class='ocrx_word' id='word_1_895' title='bbox 3583 5432 3649 5501; x_wconf 76' lang='grc' dir='ltr'>τῇ</span> 
     </span>
    </p>
   </div>
   <div class='ocr_carea' id='block_1_112' title="bbox 2078 5520 3650 5597">
    <p class='ocr_par' dir='ltr' id='par_1_112' title="bbox 2078 5520 3650 5597">
     <span class='ocr_line' id='line_1_112' title="bbox 2078 5520 3650 5597; baseline -0.006 -17"><span class='ocrx_word' id='word_1_896' title='bbox 2078 5529 2283 5597; x_wconf 79' lang='grc' dir='ltr'>φυσικῇ</span> <span class='ocrx_word' id='word_1_897' title='bbox 2316 5525 2425 5581; x_wconf 80' lang='grc' dir='ltr'>τῶν</span> <span class='ocrx_word' id='word_1_898' title='bbox 2456 5525 2604 5595; x_wconf 77' lang='grc' dir='ltr'>αὐτῷ</span> <span class='ocrx_word' id='word_1_899' title='bbox 2641 5524 3011 5577; x_wconf 83' lang='grc' dir='ltr'>πιστευόντων</span> <span class='ocrx_word' id='word_1_900' title='bbox 3040 5522 3298 5595; x_wconf 80' lang='grc' dir='ltr'>ἀσθενείᾳ</span> <span class='ocrx_word' id='word_1_901' title='bbox 3325 5520 3650 5591; x_wconf 76' lang='grc' dir='ltr'>θαυμασίως</span> 
     </span>
    </p>
   </div>
   <div class='ocr_carea' id='block_1_113' title="bbox 395 5602 3650 5691">
    <p class='ocr_par' dir='ltr' id='par_1_113' title="bbox 395 5602 3650 5691">
     <span class='ocr_line' id='line_1_113' title="bbox 395 5602 3650 5691; baseline -0.002 -20"><span class='ocrx_word' id='word_1_902' title='bbox 395 5623 449 5687; x_wconf 79' lang='grc' dir='ltr'>γ’</span> <span class='ocrx_word' id='word_1_903' title='bbox 492 5624 558 5676; x_wconf 70' lang='grc' dir='ltr'>ἂν</span> <span class='ocrx_word' id='word_1_904' title='bbox 602 5623 1004 5691; x_wconf 77' lang='grc' dir='ltr'>γεγενημένων,</span> <span class='ocrx_word' id='word_1_905' title='bbox 1060 5620 1135 5682; x_wconf 85' lang='grc' dir='ltr'>ὼς</span> <span class='ocrx_word' id='word_1_906' title='bbox 1157 5619 1420 5683; x_wconf 85' lang='grc' dir='ltr'>Ἕλληνες</span> <span class='ocrx_word' id='word_1_907' title='bbox 1449 5617 1855 5686; x_wconf 77' lang='grc' dir='ltr'>ὑπελάμϐανον,</span> <span class='ocrx_word' id='word_1_908' title='bbox 1897 5616 1971 5687; x_wconf 80' lang='grc' dir='ltr'>μὴ</span> <span class='ocrx_word' id='word_1_909' title='bbox 2080 5615 2397 5672; x_wconf 76' lang='grc' dir='ltr'>ἐτελειοῦτο.</span> <span class='ocrx_word' id='word_1_910' title='bbox 2442 5616 2553 5672; x_wconf 72' lang='grc' dir='ltr'>Καὶ</span> <span class='ocrx_word' id='word_1_911' title='bbox 2592 5618 2624 5686; x_wconf 82' lang='grc' dir='ltr'>ἡ</span> <span class='ocrx_word' id='word_1_912' title='bbox 2662 5616 2759 5686; x_wconf 80' lang='grc' dir='ltr'>μὲν</span> <span class='ocrx_word' id='word_1_913' title='bbox 2790 5615 2950 5684; x_wconf 79' lang='grc' dir='ltr'>φύσις</span> <span class='ocrx_word' id='word_1_914' title='bbox 3007 5616 3117 5677; x_wconf 83' lang='grc' dir='ltr'>τοῖς</span> <span class='ocrx_word' id='word_1_915' title='bbox 3148 5602 3376 5685; x_wconf 63' lang='grc' dir='ltr'>ἓὲρασιν</span> <span class='ocrx_word' id='word_1_916' title='bbox 3424 5610 3650 5680; x_wconf 76' lang='grc' dir='ltr'>ἐξηλέγο</span> 
     </span>
    </p>
   </div>
   <div class='ocr_carea' id='block_1_114' title="bbox 473 5762 912 5831">
    <p class='ocr_par' dir='ltr' id='par_1_114' title="bbox 473 5762 912 5831">
     <span class='ocr_line' id='line_1_114' title="bbox 473 5762 912 5831; baseline -0.005 -16"><span class='ocrx_word' id='word_1_917' title='bbox 473 5765 548 5831; x_wconf 83' lang='grc' dir='ltr'>(ι)</span> <span class='ocrx_word' id='word_1_918' title='bbox 575 5762 912 5831; x_wconf 64' lang='grc' dir='ltr'>(ἷοι1.ἐ6ίωιθ.</span> 
     </span>
    </p>
   </div>
   <div class='ocr_carea' id='block_1_115' title="bbox 471 5824 2066 5901">
    <p class='ocr_par' dir='ltr' id='par_1_115' title="bbox 471 5824 2066 5901">
     <span class='ocr_line' id='line_1_115' title="bbox 471 5824 2066 5901; baseline -0.006 -15"><span class='ocrx_word' id='word_1_919' title='bbox 471 5824 547 5901; x_wconf 69' lang='lat'>(‘2)</span> <span class='ocrx_word' id='word_1_920' title='bbox 592 5836 668 5886; x_wconf 75' lang='lat' dir='ltr'><strong>An</strong></span> <span class='ocrx_word' id='word_1_921' title='bbox 702 5826 753 5885; x_wconf 79' lang='grc' dir='ltr'>οἴ</span> <span class='ocrx_word' id='word_1_922' title='bbox 790 5835 991 5901; x_wconf 58' lang='lat' dir='ltr'>ponus,</span> <span class='ocrx_word' id='word_1_923' title='bbox 1029 5829 1096 5882; x_wconf 81' lang='lat' dir='ltr'><strong>ub</strong></span> <span class='ocrx_word' id='word_1_924' title='bbox 1135 5827 1301 5881; x_wconf 69' lang='grc' dir='ltr'>Ξτεικη</span> <span class='ocrx_word' id='word_1_925' title='bbox 1361 5825 1505 5897; x_wconf 78' lang='lat' dir='ltr'>quod</span> <span class='ocrx_word' id='word_1_926' title='bbox 1555 5824 1853 5896; x_wconf 64' lang='lat' dir='ltr'>sequitur?</span> <span class='ocrx_word' id='word_1_927' title='bbox 1896 5824 2066 5879; x_wconf 72' lang='lat' dir='ltr'>ALLx.</span> 
     </span>
    </p>
   </div>
  </div>
