4062 6406
246 388 349 453 605

1341 388 1713 451 EPISTOLA
1754 388 1856 448 AD
1897 388 2397 451 PLETHONEM.

3384 395 3491 459 (306

244 522 361 578 χετο
387 501 614 571 δυνάμει
647 499 858 569 μείζονι
905 506 1185 576 νικωμένη
1209 521 1224 537 ο
1255 507 1283 560 6
1313 506 1368 559 δέ
1416 504 1644 575 φυσικὸς
1680 504 1810 559 ὑπε-
1840 513 1883 568 Α
1910 520 2088 571 τινας,
2110 506 2206 559 καί
2227 523 2382 569 τινας
2404 505 2597 564 ἄλλους
2622 506 2834 577 χαίρειν
2860 506 3069 571 αὐτοῖς,
3089 505 3184 560 νῦν
3211 508 3311 574 μὲν
3335 508 3492 562 αὐτοί

240 598 399 669 χώρει
429 595 585 662 λόγος
620 595 735 657 τοῖς
770 595 911 649 κατά
958 595 1121 665 φύσιν
1154 598 1459 664 ἀπιθάνοις,
1511 599 1804 664 πειστικῆς

237 705 377 750 τινος
424 686 647 758 χάριτος
700 685 888 740 θεόθεν
938 689 1369 758 συνεγχεομένης
1424 688 1504 751 είς
1554 687 1652 751 τὰς
1696 686 1806 740 τῶν

238 778 537 850 ἀνθρώπων
560 778 758 848 ψυχάς.

307 869 573 922 Τοιούτων
602 872 658 921 αί
690 869 835 937 ἱεραὶ
872 869 1047 938 βίϐλοι
1071 868 1430 939 διηγημάτων
1468 868 1564 923 καὶ
1593 867 1799 939 δογμά-

239 979 341 1015 των
365 961 682 1029 ἁνάμεστοι,
716 961 853 1030 μηδέ
882 963 983 1031 τῆς
1011 962 1069 1013 ἐν
1098 962 1178 1031 τῷ
1211 962 1353 1030 λόγῳ
1380 962 1606 1032 χάριτος
1643 964 1803 1032 ἀμοι-

240 1053 421 1123 ροῦσαι
450 1051 657 1104 τούτων
695 1054 750 1105 αἱ
778 1052 1019 1119 πλείους,
1060 1054 1156 1107 καὶ
1183 1052 1243 1107 τὸ
1278 1055 1376 1123 μὲν
1397 1054 1803 1125 δηλητηριῶδες

248 1144 649 1215 Ἀριστοτέλους
715 1144 810 1196 καὶ
842 1143 1129 1208 Πλάτωνος
1177 1145 1595 1214 διαπεφευγυῖαι
1631 1146 1691 1199 τὸ
1745 1145 1803 1199 δὲ

237 1237 428 1305 τέρπον
455 1236 780 1307 ἀνεπαχθῶς
808 1254 868 1290 τε
924 1238 1018 1290 καὶ
1060 1238 1357 1302 ἀκινδύνως
1393 1240 1503 1301 τοῖς
1544 1254 1801 1307 μεταχει-

241 1327 479 1393 ρίζουσιν
528 1327 627 1397 οὐχ
678 1323 841 1400 ἦττον
870 1328 1100 1382 ἐκείνων
1140 1328 1515 1385 ἀποδιδοῦσαι.
1541 1323 1642 1383 Ὧν
1689 1331 1802 1392 τοῖς

238 1420 506 1488 Πατράσιν
526 1419 714 1490 ὥσπερ
735 1420 847 1473 τισὶ
870 1420 965 1474 καὶ
995 1419 1357 1491 ὑποδείγμασι
1386 1420 1666 1492 χρώμεθα,
1686 1422 1797 1476 τῶν

236 1511 450 1577 ἀγαθῶν
496 1510 722 1566 ἐκείνων
766 1512 864 1583 τῆς
885 1513 1197 1582 οἰκονομίας
1252 1512 1538 1582 ἐγγυτέρω
1569 1530 1799 1583 γεγενηο

237 1602 412 1669 μένοις
432 1618 446 1631 ·
477 1603 564 1656 ὅτε
595 1603 660 1675 δὴ
711 1605 805 1657 καὶ
862 1605 1226 1676 πιθανότητος
1257 1606 1358 1676 μέν
1390 1623 1443 1659 τι
1479 1609 1693 1676 προσῆν
1715 1606 1798 1661 ἔτι

233 1696 339 1757 τοῖς
372 1693 659 1759 Πλάτωνος
698 1695 911 1765 μύθοις,
945 1698 995 1750 εί
1042 1696 1099 1750 δέ
1136 1697 1337 1768 βούλει,
1372 1699 1467 1752 καὶ
1495 1699 1602 1753 τῶν
1628 1698 1795 1754 αὐτοῦ

232 1787 446 1840 πάντων
500 1787 772 1857 όμιλητῶν
828 1789 948 1859 μετ’
989 1790 1419 1861 Ἀριστοτέλους,
1452 1791 1517 1844 ἐκ
1555 1791 1653 1861 τῆς
1702 1808 1797 1845 σα-

1909 609 1968 645 τε
2006 593 2280 646 συνοίδασι
2309 595 2405 647 καὶ
2458 594 2643 647 πολλοὶ
2684 594 2806 665 μετ’
2852 596 3035 649 αὐτῶν
3058 612 3073 627 ·
3106 596 3274 661 δείξει
3303 597 3360 651 δέ
3390 600 3489 652 καὶ

1915 686 2084 741 πᾶσιν
2118 686 2146 737 6
2180 684 2371 753 χρόνος
2401 687 2430 738 6
2466 702 2596 752 φοινε
2609 702 2717 754 ρων
2740 686 2806 739 τὰ
2835 686 2975 748 τέως
3004 688 3383 757 κρυπτόμενα.

1997 775 2158 829 Ἀλλά
2192 776 2256 829 σύ
2288 793 2353 844 γε
2388 778 2450 830 οὐ
2487 778 2736 847 σμικρῶς
2759 780 2904 848 ἡμᾶς
2938 777 3231 847 εὔφρανας,
3262 782 3353 835 τὸν
3392 782 3495 851 μὲν

1912 863 2023 918 τῶν
2056 864 2330 935 Ἑλλήνων
2358 867 2536 928 ἐκθεὶς
2561 867 2725 936 λῆρον
2754 867 2857 938 (2),
2880 867 2989 921 οὐδ’
3018 870 3148 932 ἴσως
3175 871 3491 939 παρέργως,

1912 956 1988 1018 ὡς
2019 956 2107 1021 ἂν,
2152 957 2209 1009 εῐ
2233 975 2377 1020 τινες
2415 958 2576 1010 αὐτὸν
2609 958 2932 1027 ἀγνοοῦντες
2975 959 3068 1013 ὑπ’
3092 961 3251 1014 ἐνίων
3290 960 3494 1025 ὲξαπα-
3562 1000 3582 1020 .

1911 1047 2106 1119 τῷντο,
2140 1048 2364 1117 μάθοιέν
2387 1067 2445 1103 τε
2475 1049 2566 1103 καὶ
2595 1054 2918 1118 καταγνοῖεν
2942 1067 2956 1083 ·
2991 1051 3101 1105 ἀπὸ
3122 1051 3215 1120 τῆς
3240 1052 3412 1120 αὐτῆς
3437 1052 3493 1105 δέ

1909 1142 2293 1212 ὁρμωμένους,
2318 1144 2394 1208 ὡς
2422 1134 2654 1214 ἔφησθα,
2680 1145 2773 1199 καὶ
2794 1144 3056 1207 Λατίνους
3074 1144 3255 1208 αὐτοῖς
3284 1144 3454 1198 ὐποθέ
3478 1175 3494 1186 -

1913 1248 2052 1295 σεως
2098 1235 2157 1287 ἐν
2201 1233 2279 1304 τῷ
2312 1234 2445 1307 παρ’
2472 1235 2656 1289 αὐτῶν
2711 1236 3018 1306 πεμφθέντι
3063 1253 3144 1289 σοι
3180 1237 3490 1306 γράμματι,

1909 1325 2089 1393 δείξας
2141 1328 2172 1397 ἢ
2220 1328 2400 1399 μάτην
2441 1328 2713 1399 Ἑλλήνων
2762 1327 3176 1399 κατηγορεῖν,ἢ
3236 1331 3348 1391 τοῖς
3396 1329 3495 1381 αὐ-

1910 1419 2026 1482 τοῖς
2075 1420 2474 1492 ἐνεσχημένους
2523 1421 2620 1474 καὶ
2667 1422 2807 1488 σφᾶς
2856 1423 3098 1489 ἀγνοεῖν.
3136 1421 3210 1475 Οὐ
3258 1423 3367 1491 γὰρ
3410 1422 3489 1474 ἔτι

1906 1498 2098 1562 λοιπὸν
2137 1511 2289 1579 χώρα
2341 1512 2453 1572 τοῖς
2496 1512 2595 1584 τὴν
2628 1512 2725 1583 σὴν
2755 1511 2936 1582 ψυχὴν
2968 1512 3340 1576 διαϐάλλουσι,
3389 1514 3489 1565 καὶ

1908 1599 2126 1669 φρονεῖν
2180 1615 2241 1652 σε
2291 1599 2747 1672 ίσχυριζομένοις,
2796 1596 2872 1656 ὧν
2927 1602 2992 1673 δὴ
3050 1603 3144 1656 καὶ
3202 1601 3491 1672 προδήλως

1905 1690 2066 1759 φαίνῃ
2096 1694 2459 1765 καταφρονῶν
2481 1708 2494 1722 ·
2527 1694 2649 1748 οὐδὲ
2700 1694 2985 1747 πιστεύσει
3033 1711 3118 1758 τις
3150 1694 3341 1756 αὐτοῖς
3373 1694 3487 1747 τῶν

1903 1783 2127 1836 είδότων
2146 1783 2317 1838 ταῦτα
2343 1784 2406 1855 δὴ
2439 1785 2504 1840 τὰ
2539 1787 2677 1855 πρὸς
2699 1786 2966 1851 Λατίνους
2992 1803 3075 1840 σοι
3097 1788 3484 1855 γεγραμμένα.

232 1881 373 1950 πράς
399 1853 616 1950 ἐκείνης
648 1853 747 1934 καὶ
783 1853 1068 1946 σειιὼδους⁷
1106 1853 1438 1953 σεμνότητος
1464 1901 1477 1916 ·
1526 1853 1683 1938 αὐέοὶ
1738 1883 1796 1939 δὲ
1828 1853 1869 1909 Β
1904 1876 2013 1930 Καὶ
2047 1875 2245 1944 ἔγωγε,
2290 1876 2355 1947 νὴ
2394 1853 2493 1948 τὴν
2525 1853 2679 1948 ίερὰν
2725 1878 3011 1948 ἀλήθειαν,
3039 1853 3347 1947 ἐδόκουν
3386 1880 3488 1933 καὶ

229 1972 303 2042 τῷ
327 1973 466 2043 φωτὶ
503 1974 602 2042 τῆς
648 1975 793 2028 κατά
838 1975 1079 2042 Χριστὸν
1117 1974 1398 2046 ἀληθείας,
1431 1976 1799 2046 θπερνικῶντι

1903 1968 2189 2031 Πλάτωνος
2215 1968 2437 2022 ἀκούειν
2462 1969 2631 2024 αὐτοῦ
2657 1972 2753 2025 καὶ
2787 1970 3198 2043 Ἀριστοτέλους
3222 1972 3395 2027 πολλά
3424 1989 3484 2026 τε

230 2066 317 2117 καὶ
344 2064 622 2119 σϐεννύντι
654 2066 753 2135 τὴν
776 2066 1201 2138 δεισιδαιμονίαν
1228 2068 1445 2137 ἐκείνην
1475 2068 1570 2121 καὶ
1599 2068 1803 2139 61:690-
1903 2058 2276 2129 μεμφομένων
2304 2060 2401 2114 καὶ
2433 2060 2682 2131 βοώντων
2714 2060 2817 2114 ὑπδ
2861 2060 2956 2115 σοῦ
2992 2062 3061 2115 τὰ
3096 2062 3329 2132 μέγιστα
3370 2062 3487 2133 ἣδι-

231 2154 449 2224 ρίζοντι,
485 2156 560 2227 μὴ
606 2158 725 2220 ταῖς
760 2158 825 2210 ἐκ
870 2157 979 2210 τῶν
1019 2158 1367 2229 πραγμάτων
1423 2159 1584 2228 μόνον
1627 2160 1798 2227 ἀνάγο

228 2264 350 2310 καις
379 2249 474 2301 καὶ
512 2251 625 2311 ταῖς
650 2248 856 2303 ἀνωθεν
889 2252 1171 2320 κατοχαῖς,
1205 2249 1339 2305 ἀλλά
1386 2251 1483 2304 καὶ
1516 2250 1796 2321 λογισμῶν

226 2342 402 2412 κρίσει
428 2344 537 2397 δεῖν
565 2340 733 2414 ᾦοντο
780 2343 1051 2411 σώζεσθαι
1087 2346 1415 2416 τεθειμένοι.
1443 2347 1551 2401 Καὶ
1581 2346 1656 2409 ὡς
1688 2363 1797 2399 πα-

226 2431 583 2502 ραδείγμασιν
642 2428 737 2487 οὖν
785 2434 972 2498 αὐτοῖς
1017 2436 1357 2505 κεχρημένοι
1416 2439 1513 2491 καὶ
1573 2437 1795 2490 κανόσιν

223 2519 603 2591 ἀδιαψεύστοις
629 2523 739 2576 τῶν
789 2528 1251 2595 σωφρονεστέρων
1286 2528 1416 2595 περὶ
1469 2527 1566 2595 τῆς
1596 2526 1794 2597 ἡμετέ-

226 2629 322 2681 ρας
366 2613 600 2677 εὐξωϊας
658 2616 905 2683 ἐλπίδων,
960 2617 1061 2671 οὐκ
1116 2619 1184 2672 ἂν
1244 2619 1646 2685 Ἀριστοτέλους
1698 2622 1793 2672 καὶ

223 2700 508 2767 Πλάτωνος
536 2705 636 2757 ύπε
646 2706 938 2775 ραλγοῖμεν
964 2708 1059 2763 ὐπ’
1081 2708 1327 2778 ἀλλήλων
1349 2709 1755 2780 ἀναιρουμένων
1776 2724 1793 2742 ⁸

219 2796 501 2865 χαίροιμεν
534 2797 578 2850 δ’
598 2796 665 2852 ἀν
692 2798 784 2852 καὶ
804 2798 903 2869 τῆς
935 2802 992 2863 ἐς
1019 2800 1085 2854 τὰ
1121 2799 1357 2871 κρείττω
1389 2800 1500 2856 τῶν
1534 2802 1793 2873 μαθημά-

220 2905 328 2942 των
356 2889 702 2958 ἀμϐλύτητος
733 2892 921 2961 σφίσιν
954 2893 1058 2945 ὐπὸ
1091 2894 1201 2946 τῶν
1251 2895 1311 2947 ἐκ
1338 2894 1580 2966 Χριστοῦ
1618 2913 1791 2965 φωτι-

225 2981 457 3035 σθέντων
491 2982 882 3055 ἐλεγχομένης.
917 2987 1117 3040 Καίτοι
1151 2987 1246 3040 καὶ
1304 2987 1641 3059 συγγνώμην
1692 2990 1791 3043 αὐ-

218 3075 327 3136 τοῖς
355 3091 476 3127 τινα
524 3076 806 3147 νεμόντων
835 3078 1051 3149 ἀκήκοα
1082 3078 1260 3149 λόγων
1313 3080 1622 3152 ίερωτέρων
1651 3080 1785 3150 ἐγώ.

230 3165 371 3219 Ἀλλ’
421 3167 477 3222 εί
498 3186 643 3232 τινες
695 3169 793 3223 νῦν
840 3170 909 3225 τὰ
961 3174 1147 3243 σαπρὰ
1182 3173 1457 3245 Ἑλλήνων
1505 3177 1863 3271 ἀνανεοῖενε

217 3255 530 3327 ληρήματα,
556 3259 787 3324 τούτους
817 3263 985 3331 φασὶν
1015 3264 1075 3317 ἐν
1120 3264 1494 3337 ἀσυγγνὼστῳ
1525 3267 1792 3322 καλινδεῖ-

217 3350 340 3404 σθαι
372 3350 449 3421 τῷ
473 3352 679 3420 ψεύδει.
708 3355 864 3410 Μετά
898 3357 1007 3427 γὰρ
1037 3357 1134 3429 τὴν
1159 3358 1422 3430 λαμπρὰν
1450 3360 1545 3429 τῆς
1589 3376 1793 3431 μοναρ-

216 3444 341 3515 χίας
389 3445 687 3512 ἀπόδειξιν,
712 3449 779 3519 ἣν
832 3449 1032 3504 ἐκεῖνοι
1067 3452 1188 3522 μὲν,
1222 3455 1343 3516 ταῖς
1377 3455 1791 3523 ἐπεισαγωγαῖς

214 3537 321 3591 τῶν
343 3538 709 3609 ψευδωνύμων
741 3542 1096 3610 ἀναιροῦντες
1126 3543 1287 3607 θεῶν,
1330 3548 1442 3608 τοῖς
1476 3546 1660 3615 λόγοις
1692 3548 1790 3617 μόο

211 3647 323 3693 νοις
351 3632 576 3699 ἐτίμων,
612 3634 641 3686 6
674 3633 730 3687 δέ
774 3635 870 3687 τοῦ
914 3635 1051 3689 Θεοῦ
1091 3639 1349 3709 συμφυὴς
1390 3640 1487 3693 καὶ
1518 3639 1790 3711 οὐσιώδης

94 3732 99 3741 ’
213 3720 405 3787 Λόγος,
440 3722 578 3793 μετά
613 3726 719 3778 τῶν
749 3726 1057 3795 ἀνθρώπων
1099 3730 1489 3799 γεγενημένος,
1514 3732 1789 3800 ἀναμφισο

212 3813 463 3887 ϐητήτως
517 3816 611 3871 καὶ
646 3819 901 3890 καθαρῶς
943 3820 1224 3873 πιστεύειν
1270 3822 1501 3887 ἐδίδαξε,
1535 3823 1640 3875 ποῦ
1690 3822 1787 3875 νῦν

210 3908 360 3961 ὅσιον
390 3908 548 3973 αὖθις
586 3909 874 3973 θεοποιεῖν,
912 3911 1008 3964 καὶ
1062 3912 1162 3981 τὴν
1217 3908 1507 3981 ἀλόγιστον
1565 3916 1787 3983 ἐκείνην

210 3998 490 4053 θεοποιῖαν
536 4002 921 4072 ἀναζωπυρεῖν
972 4002 1398 4075 ἀπεσϐεσμένην
1453 4005 1786 4074 πειρᾶσθαι,

212 4093 306 4145 καὶ
343 4090 495 4157 θεῶνΔ
514 4110 678 4146 τινων
730 4094 1193 4165 ἀναγνωρισμοὺς
1233 4098 1295 4151 ἐκ
1347 4098 1675 4167 φιλοσοφίας
1708 4098 1787 4169 (1)

214 4184 356 4254 ὑπὲρ
421 4183 519 4254 τὴν
573 4187 814 4256 ποιητῶν
866 4187 1199 4263 διάστροφον
1258 4188 1512 4260 γνώμην,
1546 4192 1638 4243 καὶ
1666 4192 1789 4259 ἀγι-

200 4276 397 4339 ’στείας
444 4276 745 4342 εὐσταλεῖς,
786 4278 861 4342 ὡς
894 4280 1047 4333 αὐτοί
1080 4298 1236 4349 φασι,
1264 4281 1361 4334 καὶ
1412 4282 1610 4351 νόμους
1639 4282 1787 4352 ηθῶν

209 4370 305 4422 καὶ
343 4369 555 4439 διαίτης
605 4370 694 4438 ὐφ’
732 4372 964 4440 ἡγεμόνι
1022 4373 1363 4446 Ζωροάστρῃ
1394 4375 1489 4428 καὶ
1536 4376 1786 4429 Πλάτωνι

214 4463 308 4515 καὶ
340 4464 453 4526 τοῖς
480 4464 544 4514 ἐκ
570 4463 752 4528 στοᾶς,
790 4464 884 4517 καὶ
915 4465 1173 4535 τοιαύτην
1198 4469 1323 4519 τινὰ
1351 4467 1529 4535 λόγων
1554 4467 1787 4540 ὁμίχλην

1902 2151 2129 2221 κῆσθαι,
2166 2152 2429 2221 μαθόντος
2465 2153 2567 2224 μὲν
2582 2153 2762 2209 αὐτῶν
2784 2154 2853 2208 τὰ
2879 2153 3075 2225 σεμνὰ,
3109 2154 3300 2209 ἔπειτα
3326 2154 3480 2226 ἐξορ-

1898 2247 2213 2316 χησαμένου
2237 2264 2252 2281 ο
2279 2247 2308 2301 ὃ
2336 2247 2401 2319 δὴ
2451 2250 2545 2304 καὶ
2578 2250 2690 2312 τοῖς
2721 2249 2828 2303 ὐπὸ
2860 2249 2965 2320 τῆς
2994 2248 3253 2320 ἀληθείας
3296 2265 3483 2316 πεφω-

1897 2338 2177 2406 τισμένοις
2229 2339 2398 2392 πᾶσιν
2454 2340 2587 2409 ἡμῖν
2635 2339 2945 2411 ἐμέμψαντ*
2979 2342 3067 2408 ἂν,
3112 2342 3161 2393 εί
3202 2341 3479 2411 παρῆσαν.

1898 2429 2115 2484 Μᾶλλον
2147 2430 2193 2483 δ’
2220 2432 2269 2484 οί
2302 2432 2405 2501 μὲν
2445 2432 2550 2487 κᾶν
2601 2434 2873 2505 ἐπῄνεσαν
2908 2435 3059 2504 ἡμᾶς
3095 2432 3241 2488 οὕτω
3292 2436 3481 2487 τάκεῖ.

1898 2538 2006 2573 νων
2039 2522 2421 2588 φαυλίξοντας,
2455 2525 2625 2597 πείρᾳ
2658 2525 3069 2597 μεμαθηκότες,
3102 2525 3176 2588 ὡς
3204 2526 3359 2579 οὐδὲν
3380 2528 3482 2579 αὐ.

1892 2614 2023 2677 ,τοὺς
2057 2613 2268 2685 ὤνησεν
2318 2617 2351 2685 ή
2401 2616 2541 2688 πρὸς
2589 2619 2690 2688 τὴν
2743 2618 2893 2673 θείαν
2927 2618 3092 2688 φύσιν
3142 2618 3487 2688 παρανομία,

1896 2704 2016 2757 οὐδέ
2047 2704 2147 2774 τῆς
2179 2705 2469 2771 θεοποιῖας»
2504 2708 2749 2779 εὐτυχῶς
2781 2710 2998 2782 ἐκείνης
3030 2711 3350 2781 ἀπήλλαξαν
3373 2726 3385 2740 ο
3426 2712 3477 2764 οί

1895 2793 1953 2848 δὲ
1982 2794 2223 2864 ζηλωταὶ
2252 2797 2348 2850 νῦν
2387 2796 2632 2863 ἐκείνων,
2668 2798 2760 2850 ὐπ’
2806 2800 3085 2864 ἀπειρίας,
3124 2799 3362 2860 ἐγένοντ’
3412 2799 3480 2852 ἀν

1899 2902 1980 2941 σοι
2015 2890 2111 2943 καὶ
2149 2889 2330 2959 πολλῷ
2354 2890 2748 2963 χαλεπώτεροι,
2779 2892 2939 2963 είπερ
2964 2888 3077 2946 οἷόν
3114 2892 3161 2946 τ’
3186 2890 3275 2964 ἦν,
3310 2895 3479 2965 ἀπορ-

1898 2979 2165 3051 ρίψαντας
2211 2982 2312 3052 τὴν
2362 2982 2438 3046 ὡς
2492 2984 2585 3037 ἐπὶ
2629 2983 2987 3054 φαυλοτάτοις
3038 2985 3258 3048 πάντως
3321 2983 3477 3050 αίδὼ,

1896 3074 2181 3144 παρρησία
2211 3074 2308 3128 σοῦ
2337 3077 2633 3149 καταϐοᾷν,
2658 3078 2732 3142 ὡς
2761 3077 3102 3147 ἠδικηκότος.
3135 3078 3209 3131 Οὐ
3242 3078 3350 3147 γάρ
3387 3096 3479 3147 μι-

1896 3162 2029 3232 κρὸν
2062 3165 2096 3235 ἠ
2144 3163 2211 3235 σὴ
2235 3165 2414 3236 ψῆφος
2440 3167 2685 3235 δύναται,
2722 3170 2861 3239 πρὸς
2911 3169 3010 3238 μὲν
3070 3169 3171 3240 τὴν
3209 3171 3307 3237 τῆς
3346 3169 3479 3237 ἀλη-

1895 3254 2046 3318 θείας
2078 3259 2427 3327 κατασκευὴν
2465 3259 2633 3331 αὐτῆς
2660 3261 2761 3331 τῆς
2786 3262 3045 3331 ἀληθείας
3091 3264 3185 3317 καὶ
3214 3266 3322 3316 τῶν
3344 3264 3478 3316 ταύ-

1893 3363 1993 3415 της
2026 3345 2203 3417 ἔργων
2241 3351 2578 3420 ἀρκούντων.
2612 3352 2827 3407 καὶτοῦ
2870 3354 3111 3426 πλήθους
3152 3355 3263 3408 τῶν
3290 3356 3476 3428 ἐκείνῃ

1896 3438 2034 3505 μετά
2089 3438 2249 3505 λόγου
2304 3457 2362 3494 τε
2421 3442 2518 3494 καὶ
2570 3441 2775 3514 ἀρετῆς
2820 3445 3171 3515 τεθειμένων,
3212 3441 3285 3499 ὧν
3308 3446 3361 3497 εί
3392 3466 3477 3510 τις

1893 3529 2179 3601 ὑπερορῶν
2219 3532 2398 3602 ἐαυτῷ
2449 3531 2559 3603 πρὸ
2603 3534 2830 3588 ἐκείνων
2879 3535 3026 3589 θέλει
3074 3539 3373 3602 πιστεύειν,
3408 3542 3477 3592 τὰ

1891 3622 1999 3675 τῶν
2030 3625 2377 3694 μαινομένων
2409 3626 2502 3694 ὅγε
2548 3626 2787 3690 τοιοῦτος
2826 3629 3052 3692 δικαίως
3096 3630 3163 3683 ἂν
3200 3631 3489 3699 νομίζοιτο.

1891 3714 2124 3785 πάσχειν
2145 3732 2159 3746 ’
2193 3717 2289 3771 τοῦ
2320 3718 2378 3772 δὲ
2411 3720 2473 3771 τὸ
2506 3718 2725 3788 ψεῦδος,
2758 3721 3200 3774 ἀναϐιώσκεσθαι
3234 3723 3470 3793 τολμῶν,

1893 3811 2302 3879 συμπατεῖσθαί
2338 3829 2397 3865 τε
2432 3813 2527 3868 καὶ¹
2557 3815 2988 3884 συμπνίγεσθαι,
3023 3816 3092 3868 δι’
3123 3817 3333 3870 ἐκείνου
3368 3820 3472 3887 μά-

1887 3899 2049 3953 λιστά
2105 3917 2170 3969 γε
2226 3903 2647 3975 συμϐησομένου
2687 3905 2887 3967 καλῶς.
2917 3906 2977 3958 δν
3025 3907 3178 3961 οὐδὲν
3224 3909 3471 3975 λέληθεν,

1889 3989 1976 4057 ἐφ’
1996 3987 2076 4053 οἷς
2109 3993 2286 4046 ἐκεῖνο
2314 3995 2661 4066 πεφροντικὸς
2692 3996 3060 4061 αὐθαδίζεται.
3100 4000 3263 4052 Ἀλλὰ
3290 4003 3352 4053 σύ
3383 4020 3470 4069 γε,

1889 4081 2079 4153 ῶσπερ
2138 4086 2634 4156 ἐπισκηπτόμενος,
2667 4090 2833 4159 τιμᾷν
2886 4090 2987 4158 μὲν
3037 4092 3232 4160 φήσεις
3284 4094 3469 4156 αὐτοῖς

1889 4175 1983 4229 καὶ
2016 4175 2385 4247 Ἀριστοτέλη,
2415 4180 2473 4231 ἐν
2506 4175 2588 4241 οἷς
2615 4178 2683 4233 ἂν
2710 4180 2842 4245 δέοι,
2872 4182 2964 4233 καὶ
2993 4182 3275 4242 Πλάτωνα.
3302 4202 3470 4236 κατα-

1887 4265 2178 4332 γινώσκειν
2206 4266 2251 4319 δ’
2278 4266 2481 4329 αὐτῶν,
2516 4268 2578 4321 οῦ
2612 4286 2665 4321 τι
2692 4270 2786 4322 καὶ
2819 4270 2971 4339 παρὰ
3001 4274 3166 4340 νόμον
3207 4273 3469 4338 φθέγγον-

1885 4374 2015 4412 ταιο
2043 4358 2203 4412 τοῦτο
2243 4358 2291 4412 δ’
2316 4361 2374 4413 ἐν
2407 4363 2521 4421 τοῖς
2556 4362 2795 4430 καιρίοις
2839 4364 3086 4417 ἑάλωσαν
3114 4365 3469 4428 πεπονθότες.

1888 4452 1959 4505 ..Η
2013 4451 2130 4514 πῶς
2178 4452 2246 4506 ἂν
2296 4452 2411 4523 ἔχοι
2440 4453 2619 4522 λόγον,
2659 4454 2823 4526 ῆτὴν
2856 4456 3047 4509 οὐσίαν
3090 4457 3183 4510 τοῦ
3218 4458 3354 4512 Θεοῦ
3396 4461 3472 4530 μὴ

214 4548 371 4614 αὖθις
423 4554 718 4621 συνάγειν;
772 4551 839 4627 ἧς
900 4558 1020 4621 ταῖς
1085 4557 1182 4626 τῆς
1231 4558 1382 4628 ἱερᾶς
1434 4557 1785 4625 διδασκαλίας
1819 4559 1862 4613 D
1890 4544 2191 4613 διακρίνειν
2233 4545 2331 4615 τῆς
2370 4547 2652 4615 ἐνεργείας
2684 4548 2761 4617 (⁵)
2793 4549 2904 4603 οὐδ’
2936 4552 3185 4604 ὁπωσοδν
3230 4552 3473 4623 ἀληθῶς,

211 4643 395 4697 ἀκτῖσι
419 4644 577 4706 θείως
601 4645 1024 4716 ἐσκεδασμένης,
1056 4647 1191 4714 πρὸς
1212 4648 1309 4713 τὰς
1335 4649 1433 4720 τῆς
1466 4649 1783 4720 ὑπερφυοῦς

207 4733 467 4804 ἀληθείας
496 4737 728 4807 αὐγὰςή
773 4737 882 4791 τῶν
920 4738 1230 4808 ἀνθρώπων
1268 4739 1432 4809 φύσις
1468 4742 1784 4813 ἀνέϐλεψεν.

218 4826 435 4883 Ἐκεῖνα
473 4830 570 4900 μὲν
619 4828 712 4884 οῦν
744 4831 793 4883 εί
856 4831 1101 4905 συμϐαίη
1136 4850 1229 4902 μοι
1265 4834 1322 4896 ἐς
1381 4836 1568 4906 χεῖρας
1616 4838 1784 4891 πάντα

204 4922 401 4990 ἐλθεῖν,
432 4924 703 4994 φλυαρίαν
755 4924 886 4978 ὄντα
922 4924 1081 4992 δείξω
1136 4928 1379 4998 μακρὰν,
1432 4929 1528 4981 καὶ
1594 4932 1785 4985 πολλοὶ

203 5015 471 5082 δείξουσιν
497 5030 513 5047 ο
550 5016 686 5070 ἀλλὰ
718 5018 931 5084 γένοιτο
966 5019 1133 5086 κάμοὶ
1164 5020 1360 5072 τοῦτον
1410 5021 1782 5090 ἐνστήσασθαι

202 5107 293 5161 τὸν
314 5107 632 5175 ἀγῶνα,κα“ι
658 5110 733 5179 μὴ
756 5108 891 5180 πῦρ,
914 5110 1049 5163 ἀλλά
1078 5110 1269 5178 λόγους
1293 5111 1497 5181 μᾶλλον
1519 5112 1782 5179 ἀληθείας

202 5198 493 5266 ἐπαφεῖναι
520 5198 634 5255 τοῖς
668 5198 1015 5269 γράμμασιν,
1047 5200 1122 5264 ὠς
1154 5204 1262 5264 τοῖς
1293 5201 1538 5271 γράψασι
1577 5207 1781 5273 μᾶλλον

202 5289 508 5357 πρέποντος
531 5288 623 5342 τοῦ
657 5292 927 5362 πυρός.Εἰ
950 5292 993 5345 δ’
1027 5292 1157 5345 ἄλλο
1184 5310 1235 5346 τι
1260 5311 1324 5346 πε
1336 5294 1387 5363 ρὶ
1411 5295 1564 5366 ἡμῶν
1594 5297 1778 5368 δοκοίη

202 5382 276 5448 τῇ
307 5382 648 5453 κρείττονι,ἦ
676 5401 739 5452 γε
771 5384 1025 5452 πρόθεσις
1056 5386 1192 5456 πρὸς
1227 5386 1510 5441 εὐσέϐειαν
1546 5387 1775 5457 ἐξαρκέ-

202 5472 440 5526 σει.”Οτι
464 5471 519 5527 δὲ
546 5473 624 5542 μὴ
650 5475 971 5543 συκοφαντῶ
1007 5474 1399 5546 τετολμηκέναι
1430 5477 1497 5529 τὰ
1551 5479 1779 5535 τοιαῦτά

273 5629 347 5696 (ι)
374 5628 500 5706 ,(ῖίτ.
544 5630 818 5706 “foramini
845 5633 912 5706 de
954 5633 1188 5703 Legibus
1226 5635 1577 5705 prommium,
1650 5652 1771 5706 pag.

199 5696 235 5771 2
272 5708 324 5751 οι
362 5698 418 5771 4,
449 5700 615 5771 quod,
656 5703 945 5757 Scholario
974 5696 1085 5771 jaiu
1126 5696 1259 5771 ιιιιιὶ,
1293 5721 1414 5760 cum
1459 5696 1573 5760 lia-ii
1604 5696 1774 5760 ,ἑυιῖ-

205 5767 310 5848 lter.
409 5770 712 5825 innotuisse
746 5772 947 5848 ιιιίιηιιηΔ
970 5767 1217 5848 ἱ-ειμιιξεί
1247 5767 1255 5771 ’
1295 5776 1525 5848 alicujus
1558 5794 1585 5831 a
1654 5778 1771 5835 Pl;-

208 5835 387 5901 llwnis
414 5851 561 5895 secta
602 5842 891 5913 transfuga:
936 5835 1156 5903 iudidio.
1190 5848 1362 5903 ALEX.

1891 4638 1950 4701 ἐξ
1983 4638 2155 4705 αὐτῆς
2186 4637 2277 4690 τοῦ
2314 4640 2641 4708 πράγματος
2683 4642 3059 4714 διενηνοχότος
3101 4645 3202 4715 τῆς
3229 4646 3469 4715 φύσεως,

1891 4730 1985 4781 καὶ
2017 4730 2077 4782 τὸ
2111 4731 2160 4782 τί
2191 4725 2258 4800 ἦν
2291 4727 2432 4784 εἶναι
2462 4733 2721 4804 διάφορον
2751 4735 2965 4804 ἔχοντος
2999 4737 3093 4789 καὶ
3128 4738 3187 4791 ἐν
3215 4740 3366 4809 αὐτῷ
3394 4741 3473 4810 τῷ

1889 4818 2029 4887 Θεῷ,
2058 4819 2114 4871 εί
2137 4837 2198 4886 γε
2234 4822 2419 4891 μέλλοι
2452 4841 2537 4887 τις
2579 4826 2654 4895 μὴ
2682 4827 2804 4895 εἰκῆ
2832 4827 3008 4882 ταῦτα
3034 4829 3227 4899 ψοφεῖν
3258 4832 3324 4884 τὰ
3356 4833 3476 4885 όνό-

1891 4928 2060 4980 ματα,
2087 4913 2182 4966 καὶ
2219 4916 2358 4983 μήτε
2395 4918 2515 4986 τῆς,
2550 4918 2626 4981 ὡς
2651 4920 2719 4972 ἂν
2750 4921 2949 4974 ἐκεῖνοι
2987 4926 3166 4990 φαῖεν,
3219 4927 3474 4997 ἐνότητος

1873 5004 2090 5086 αὐτῶν,
2121 5008 2260 5076 μήτε
2306 5008 2408 5080 τῆς
2448 5011 2776 5080 διακρίσεως
2810 5014 2891 5076 είς
2926 5015 3080 5068 οὐδὲν
3128 5018 3424 5072 ἀπολαύειν
3453 5035 3466 5048 ·

1889 5097 1921 5166 ἢ
1977 5098 2172 5161 παῖδας
2209 5100 2309 5169 μέν
2351 5118 2505 5166 τινας
2533 5103 2629 5157 τοῦ
2659 5105 2797 5159 Θεοῦ
2840 5106 3019 5174 λέγειν
3059 5110 3122 5163 ἐκ
3153 5110 3251 5178 τῆς
3280 5110 3475 5172 οὐσίας

1890 5192 2057 5245 αὐτοῦ
2080 5196 2487 5264 προηγμένους,
2516 5198 2675 5269 εἴπερ
2704 5200 2767 5265 δὴ
2800 5204 2892 5253 καὶ
2918 5203 3016 5271 τῆς
3039 5204 3340 5271 ἐνεργείας,
3367 5208 3468 5272 τῆς

1889 5286 2059 5355 αὐτῆς
2089 5288 2155 5341 ἂν
2183 5286 2353 5358 οὔσης
2390 5291 2457 5359 τῇ
2489 5290 2650 5357 φύσει
2676 5290 2951 5359 καθάπαξ,
2982 5290 3101 5346 εἶτα
3135 5296 3208 5366 μὴ
3242 5299 3351 5349 δεῖν
3374 5298 3481 5350 τὸν-

1888 5379 2021 5433 Θεὸν
2052 5381 2235 5446 ἀξιοῦν
2261 5384 2383 5444 τοὺς
2408 5383 2607 5447 αὐτοὺς
2634 5386 2700 5453 τῇ
2730 5383 2911 5453 φύσει,
2933 5386 3050 5439 ἀλλ’
3080 5388 3269 5456 ἐτέρας
3291 5389 3469 5443 ἀπαν-

1884 5496 1980 5542 τας
2010 5482 2196 5542 οὐσίας
2217 5484 2309 5535 καὶ
2334 5483 2470 5536 πολὺ
2503 5484 2901 5554 ὑποδεεστέρας
2931 5485 3229 5556 προάγειν;
3262 5490 3330 5541 Ἢ
3357 5488 3473 5557 γὰρ

1956 5642 2033 5719 (‘2)
2074 5643 2300 5719 Confer:
2352 5660 2475 5719 quia:
2536 5646 2623 5701 hic
2664 5644 2869 5715 optimc
2923 5646 3311 5715 discutiuntur,
3346 5648 3472 5719 ipsa.

1884 5711 2165 5770 Plullmnis
2191 5711 2383 5769 verita;
2406 5716 2573 5771 ALEx.

1953 5784 2029 5853 (3)
2072 5783 2193 5840 lla‘c
2233 5796 2285 5841 cl
2316 5802 2466 5858 seqq.
2503 5802 2566 5843 cx
2615 5787 2732 5858 ipso
2758 5785 3045 5846 Plcllionc.
