4062 6406
481 345 587 405 (307

1577 360 1962 423 GENNADII
1994 361 2109 423 οι).
2156 346 2677 428 [ἀΑτΒιΑιιοΗίΕ

3512 378 3519 383 ”
3633 378 3741 439 (08

476 450 647 521 (χρῆν
677 454 881 522 μηδένα
916 456 978 510 ἐκ
1015 460 1113 525 τῆς
1146 462 1334 527 οὐσίας
1359 465 1452 520 τοῦ
1485 469 1645 535 Θεοῦ,
1679 472 1878 526 ταυτὸν
1908 473 1953 526 δ’
1978 474 2059 528 εί-
2091 482 2135 538 Α
2164 477 2260 528 καὶ
2292 479 2440 546 τρεῖς
2469 479 2668 542 παῖδας
2712 483 3102 553 γεγεννηκέναι
3132 486 3197 555 τῇ
3233 485 3392 554 φύσει
3438 487 3676 557 ὁμοίους,
3706 491 3737 560 ἦ

476 546 598 595 πεῖν
619 544 718 614 τῆς
746 548 1029 617 ἐνεργείας
1068 554 1189 607 κατ’
1221 556 1443 622 αὐτοὺς,
1471 563 1813 631 προαχθῆναι
1846 565 2047 633 λέγειν,

474 636 593 687 ἀλλ’
613 637 817 694 ἄπαιδα
847 638 990 695 εἶναι
1016 645 1273 712 καθάπαξ
1295 652 1385 703 τὸν
1410 652 1543 706 Θεὸν
1560 658 1656 709 καὶ
1675 658 1889 725 ἄγονον.
1918 662 2054 714 Καί-

474 742 556 780 τοι
605 729 750 784 οὕτω
801 733 964 798 αὐτὸς
1008 736 1109 806 μὲν
1142 739 1378 808 μάλιστα
1414 744 1479 797 ἂν
1502 743 1579 808 εἷς
1611 743 1679 818 ἦν
1708 751 1805 802 καὶ
1839 749 1896 803 ἓν
1922 751 2047 805 ἄτο-

478 835 598 885 μον,
626 817 704 883 ὤς
733 839 921 889 φασιν,
961 826 989 878 ὃ
1022 829 1156 883 πολὺ
1196 830 1407 901 βέλτιον
1450 836 1518 889 ἂν
1551 817 1641 908 είη
1673 840 1765 894 τοῦ
1793 842 1850 903 ἐς
1878 842 2051 895 πολλά

448 910 572 977 ,τὴν
609 912 839 981 θεότητα
874 920 1271 990 κατατέμνειν·
1314 928 1345 996 ὴ
1379 927 1435 980 δὲ
1464 932 1642 993 κτίσις
1690 934 1792 987 οὐκ
1821 934 1887 988 ἂν
1929 936 2048 1003 ἐγί-

474 1017 596 1093 νετο
623 1005 684 1055 ἐκ
712 1004 869 1073 Θεοῦ,
901 1010 1016 1063 ἀλλ’
1049 1012 1081 1081 ἢ
1125 1015 1188 1067 ἐκ
1214 1018 1559 1086 ταυτομάτου
1590 1022 1642 1089 γ’
1673 1022 1739 1075 ἂν
1765 1019 1851 1093 ἦν,
1875 1025 1906 1093 ἢ
1933 1024 2046 1078 οὐδ’

473 1091 540 1143 ἂν
563 1088 631 1164 ἦν
658 1096 818 1158 ὄλωςο
837 1101 933 1170 οὐχ
962 1103 1043 1156 ὅτι
1073 1105 1234 1173 μόνον
1253 1110 1355 1162 οὐκ
1386 1111 1451 1164 ἂν
1468 1105 1582 1165 οἷόν
1605 1113 1653 1167 τ’
1672 1110 1760 1186 ἦν,
1877 1088 2049 1170 όντων

474 1183 584 1236 τῶν
635 1188 1213 1264 συνδημιουργούντων
1255 1216 1314 1253 τι
1371 1202 1542 1273 αὐτὴν
1583 1207 1677 1259 καὶ
1731 1224 2050 1281 συνεπιτρο-

476 1275 751 1333 πευόντων
795 1284 1001 1337 παίδων
1035 1288 1243 1343 ἐκείνου
1297 1293 1424 1361 (δέοι
1472 1296 1581 1362 γὰρ
1608 1300 1675 1353 ἂν
1717 1301 1901 1364 αὐτοῖς
1955 1275 2049 1358 καὶ

472 1367 642 1436 ἀμφω
694 1373 1008 1447 ὑπάρχειν),
1037 1380 1171 1436 ἀλλά
1199 1384 1276 1453 τῷ
1324 1386 1415 1439 καὶ
1464 1388 1567 1459 τὴν
1621 1391 1901 1460 ἐνέργειαν
1953 1395 2050 1448 αὐ-

472 1461 568 1514 τοῦ
603 1463 798 1531 ἄγονον
836 1465 1000 1536 είναι,
1033 1472 1133 1544 τὴν
1160 1475 1331 1547 αὐτὴν
1376 1474 1542 1535 οὖσαν
1584 1485 1649 1553 τῇ
1679 1486 1837 1556 οὐσίᾳ
1883 1487 2050 1541 καθά-

474 1553 602 1617 παξ.
640 1555 711 1608 Ἢ
740 1557 923 1612 τοίνυν
956 1561 1104 1619 οὕτω
1151 1568 1462 1636 νομοθετεῖν
1494 1572 1693 1637 αὐτοὺς
1738 1553 1868 1645 ἔδει,
1906 1579 1938 1648 ἢ
1983 1579 2050 1633 ἐκ

473 1643 571 1713 τῆς
599 1646 791 1710 οὐσίας
812 1649 909 1704 τοῦ
935 1653 1070 1708 Θεοῦ
1100 1655 1356 1725 λέγοντας
1373 1664 1729 1735 γεγεννῆσθαι
1755 1643 1951 1732 παῖδάς
1970 1687 2048 1723 τι·-

475 1752 570 1826 νας
603 1738 699 1792 καὶ
728 1740 959 1807 πολλούς
987 1762 1073 1813 γε,
1123 1750 1217 1802 καὶ
1263 1752 1363 1821 τῆς
1421 1754 1592 1825 αὐτῆς
1642 1756 1826 1822 οὐσίας
1863 1759 2055 1826 ἀξιοῦν.

2159 564 2226 619 ὲκ
2252 566 2346 619 τοῦ
2387 568 2651 632 πολλάκις
2679 571 2949 635 τοσαύτας
2994 573 3182 639 κλίνας
3216 579 3597 645 πεποιηκέναι,
3627 583 3658 649 ἢ
3712 583 3739 634 ὃ

2158 673 2211 708 τι
2249 658 2312 711 ἀν
2367 675 2449 717 τις
2503 662 2640 728 φαίη
2701 662 2809 714 τῶν
2859 664 3022 735 τέχνη
3083 666 3402 735 γινομένων,
3438 668 3472 722 ά
3516 673 3581 740 τῇ
3640 671 3739 738 μὲν

2159 749 2319 817 φύσει
2341 751 2592 821 ἀνόμοια,
2619 751 2697 823 τῷ
2716 753 2773 806 δὲ
2803 758 3107 827 προαιρετῷ
3141 758 3289 813 ἔνδον
3312 762 3440 814 εῖδει
3469 761 3735 833 ἀμηγέπη

2157 840 2510 910 ὡμοιωμένα.
2547 845 2655 897 Καὶ
2708 848 2755 899 εί
2814 846 2889 917 μὴ
2936 851 2992 901 αῖ
3040 850 3130 903 διὰ
3181 851 3281 920 τὴν
3342 853 3737 923 παιδοτροφίαν

2161 934 2470 1000 φροντίδες,
2496 935 2574 1005 τῷ
2599 936 2824 1003 θεωρεῖν
2854 942 3311 1011 προσιστάμεναι,
3350 944 3575 1010 ἀγόνους
3610 946 3703 1016 βού
3721 976 3736 986 -

2159 1024 2349 1078 λεσθαι
2405 1022 2548 1080 εἶναι
2588 1029 2715 1090 τοὺς
2767 1032 2909 1084 πάνυ
2955 1050 3039 1086 τοι
3086 1034 3331 1104 ἐρῶντας
3376 1037 3469 1089 τοῦ
3510 1039 3736 1108 θεωρεῖν

2157 1117 2395 1179 ἔπειθον,
2429 1119 2546 1186 ἅμα
2567 1119 2623 1172 δέ
2654 1122 2749 1175 καὶ
2775 1123 2875 1176 ὅσα
2904 1125 3041 1179 ἄλλα
3068 1126 3428 1190 συνέζευκται
3457 1133 3522 1198 τῇ
3554 1132 3737 1182 παιδο-

2158 1209 2328 1280 κομίᾳ
2356 1211 2624 1282 πρότερόν
2646 1230 2706 1266 τε
2733 1214 2827 1267 καὶ
2856 1213 3087 1284 ὕστερον
3115 1217 3371 1288 δυσχερῆ,
3407 1220 3511 1273 κᾶν
3541 1221 3737 1275 ἀθλιώ-

2155 1316 2317 1360 τατος
2349 1294 2417 1370 ἦν
2454 1302 2482 1354 ὁ
2520 1300 2677 1355 τοῦτο
2725 1303 2945 1372 φεύγων
2983 1305 3072 1359 διὰ
3107 1307 3167 1360 τδ
3206 1306 3412 1359 οίεσθαι
3448 1310 3637 1376 ἀρκεῖν
3667 1310 3733 1359 διν

2156 1391 2307 1459 αὐτῷ
2342 1393 2479 1461 πρὸς
2502 1394 2849 1464 εὐδαιμονίαν
2874 1398 2935 1451 τὸ
2960 1401 3301 1469 προαγαγεῖν
3327 1417 3380 1452 τι
3405 1399 3513 1452 τῶν
3542 1416 3734 1472 τεχνη-

2154 1480 2285 1545 τῶν,
2319 1484 2411 1536 καὶ
2446 1483 2680 1553 ἀληθοῦς
2708 1485 2897 1555 ἡδονῆς
2925 1488 3342 1558 ἀνεπίστροφος,
3373 1491 3506 1542 ὃπου
3541 1507 3604 1557 γε
3631 1491 3725 1543 καὶ

2154 1575 2327 1627 ταῦτα
2369 1574 2534 1628 ἕνεκά
2573 1593 2633 1628 τε
2675 1576 2770 1630 τοῦ
2808 1577 3096 1649 ἀνθρώπου
3131 1579 3292 1649 ῖσμεν
3317 1582 3600 1649 γινόμενα,
3633 1583 3729 1635 καὶ

2153 1663 2244 1718 διὰ
2274 1664 2373 1734 τὴν
2395 1667 2584 1736 χρείαν
2620 1667 2930 1737 τιμώμενα,
2956 1670 3017 1723 οὐ
3047 1670 3115 1725 δι’
3147 1672 3337 1725 ἐαυτά.
3371 1671 3521 1743 Ὀσῳ
3546 1673 3726 1725 τοίνυν

2157 1752 2385 1822 βελτίων
2439 1755 2728 1826 ἄνθρωπος
2779 1759 2970 1831 κλίνης
3023 1759 3056 1830 ἢ
3109 1761 3431 1831 σκίμποδος,
3486 1762 3727 1829 τοσούτῳ

473 1821 633 1896 εἶναι,
672 1833 764 1885 καὶ
807 1835 1016 1901 πάντας
1060 1840 1403 1911 όμοουσίους,
1438 1848 1533 1899 καὶ
1549 1821 1680 1902 τῖσον
1719 1821 2051 1922 δυναμένους
2083 1842 2124 1896 Β
2155 1821 2365 1915 βέλτιον
2408 1847 2476 1902 ἂν
2522 1821 2607 1921 ε-ῖη
2653 1821 2962 1921 ἄνθρωπον
2990 1821 3250 1924 γεννᾷνῖ]
3282 1872 3335 1908 τι
3369 1821 3595 1907 ἐκείνων
3632 1821 3727 1924 δηζ

475 1921 665 1985 ἁπλῶς
690 1940 751 1977 τε
784 1927 888 1980 κάν
912 1928 991 1998 τῷ
1026 1934 1190 1985 παντὶ
1217 1934 1352 2004 τῷδε
1379 1937 1472 1990 καὶ
1499 1940 1611 2002 τοῖς
1638 1940 1801 1996 αὐτοῦ
1829 1921 2041 2016 μέρεσι.

475 2012 667 2066 Καίτοι
699 2014 844 2071 οὕτω
871 2018 903 2089 ἢ
949 2021 1149 2087 αὐτοὺς
1181 2024 1290 2079 ἔδει
1323 2031 1482 2096 μόνον
1510 2026 1576 2085 αῦ
1609 2028 1771 2097 εἶναι,
1806 2037 1901 2089 καὶ
1939 2038 2049 2092 τῶν

471 2103 979 2179 δημιουργημάτων
1020 2115 1206 2170 οὐδέν’
1241 2119 1302 2173 οὐ
1356 2121 1465 2192 γὰρ
1496 2123 1565 2179 ἂν
1602 2124 1826 2195 ἔμελλεν
1862 2131 1890 2183 ὁ
1916 2129 2050 2193 Θεὶς

472 2195 647 2264 δήπου
678 2198 826 2271 ἕτερ’
857 2202 995 2291 άττα
1028 2209 1292 2278 προάγειν
1314 2216 1381 2283 τῇ
1413 2215 1684 2287 ἐνεργείᾳ,
1723 2219 1812 2273 ίνα
1839 2220 1915 2291 μὴ
1946 2223 2049 2275 κά-

474 2291 631 2385 κεῖνα
664 2291 790 2385 ,θεοὶ
848 2290 980 2364 εἷεν,
1029 2303 1095 2372 τῇ
1149 2303 1284 2373 αὐτῇ
1311 2305 1485 2374 δήπου
1531 2290 1853 2381 προηγμένα
1882 2290 2048 2385 ἀρχῇ.

472 2380 572 2447 τῆς
616 2383 787 2455 αὐτῆς
832 2387 899 2441 ἂν
928 2388 1096 2463 οὔσης
1124 2395 1406 2464 ἐνεργείας
1442 2417 1502 2454 τε
1538 2404 1634 2457 καὶ
1663 2380 1852 2469 οὐσίας
1876 2380 2050 2460 καθά-

473 2471 617 2568 παξᾼ·
650 2474 707 2568 ﬂ"
726 2479 820 2532 καὶ
863 2481 931 2535 τά
967 2483 1098 2539 ὄντα
1136 2488 1312 2542 πάντα
1342 2490 1496 2555 θεοὺς
1523 2490 1687 2561 εἶναι,
1718 2497 1820 2551 εἷθ’
1846 2499 2051 2568 ὁμοίως

474 2564 540 2616 ἐκ
571 2563 709 2621 Θεοῦ
746 2572 812 2639 τῇ
845 2571 1002 2646 οὐσίᾳ
1034 2581 1397 2649 γεγενημένα,
1430 2583 1542 2638 είτε
1583 2590 1674 2640 καὶ
1703 2589 1768 2643 ἐκ
1809 2563 1918 2643 τῶν
1956 2563 2049 2646 τοῦ

473 2652 623 2756 Θεοῦ.
648 2660 879 2729 παίδων,
910 2665 984 2729 ὡς
1014 2668 1169 2723 αὐτοὶ
1214 2672 1273 2738 ἐξ
1306 2674 1515 2731 ἐκείνου
1549 2682 1882 2752 τυγχάνουσι
1915 2702 2050 2756 προ·

475 2749 730 2844 ηγ-μέ-νοι)
758 2754 950 2844 Οὐδεὶς
1004 2762 1114 2830 γάρ
1171 2762 1240 2818 ἂν
1296 2765 1451 2835 λόγος
1486 2749 2049 2844 δοθείηγάνθρὼπινος

471 2836 566 2934 τοῦ
609 2836 641 2907 ἢ
670 2841 761 2934 τὸν
796 2842 929 2934 Θεὸν
958 2847 1024 2901 ἐκ
1052 2850 1153 2922 τῆς
1183 2853 1373 2918 οὐσίας
1419 2857 1519 2924 μέν
1549 2836 1716 2915 αὐτοῦ
1760 2836 2045 2934 προάγειν,

474 2928 655 3022 εῖτουν
684 2929 787 3022 τῆς
816 2933 1123 3005 ἐνεργείας,
1170 2943 1347 2999 πάντα
1394 2948 1463 3001 τά
1510 2949 1663 3015 ὄντα,
1700 2952 1774 3022 μὴ
1805 2928 1959 3008 ἐῖναι
1992 2928 2048 3011 δέ

474 3019 656 3072 πάντα
691 3020 869 3088 θεοὺς,
905 3027 1063 3098 είπερ
1096 3030 1213 3084 ἔνια
1260 3035 1439 3088 αὐτῶν
1489 3038 1602 3093 θεοί
1645 3019 1873 3096 εισι-διὰ
1902 3046 2048 3100 τοῦτ’

474 3111 608 3164 αὐτὸ
628 3112 691 3166 τδ
719 3115 783 3169 ἐκ
808 3116 910 3187 τῆς
944 3120 1140 3187 οὐσίας,
1158 3124 1322 3179 αὐτοῦ
1351 3131 1655 3198 προελθεῖν,
1690 3133 1721 3204 ἢ
1760 3136 1887 3201 τοὺς
1912 3138 2047 3191 Θεοῦ

478 3203 694 3302 παῖδας,
739 3208 805 3261 ἐκ
852 3210 951 3280 τῆς
999 3214 1188 3277 οὐσίας
1234 3197 1405 3272 αὐτοῦ
1458 3197 1919 3296 προεληλύθότας,
1970 3231 2047 3302 μὴ
2075 3197 2117 3256 C

476 3290 634 3357 θεοὺς
688 3298 971 3367 προάγειν.
1004 3302 1122 3358 ἃττ’
1170 3306 1237 3360 ἂν
1279 3310 1342 3362 ἐκ
1371 3311 1470 3381 τῆς
1498 3314 1648 3381 σφῶν
1694 3319 1883 3382 οὐσίας
1915 3341 2049 3395 προσ

477 3384 686 3453 ἄγοιεν.
721 3390 794 3442 Τὸ
824 3391 871 3445 δ’
894 3394 958 3447 ἐκ
980 3396 1080 3464 τῆς
1106 3397 1295 3464 οὐσίας
1326 3402 1419 3456 τοῦ
1451 3405 1585 3459 Θεοῦ
1623 3410 1905 3478 προελθεῖν
1928 3384 2050 3470 τίνα

481 3480 555 3548 μὴ
586 3479 687 3551 τὴν
715 3484 903 3538 οὐσίαν
932 3486 1123 3557 ἔχοντα
1157 3491 1251 3545 τοῦ
1283 3495 1437 3563 Θεοῦ,
1476 3498 1675 3569 ἐπίσης
1705 3502 1908 3570 φαῦλόν
1932 3508 2049 3562 ἐστι

477 3571 554 3640 τῷ
577 3574 672 3627 καὶ
698 3575 875 3630 πάντα
902 3581 969 3632 τὰ
996 3580 1059 3632 ἐκ
1084 3580 1178 3643 τοῦ
1206 3582 1343 3636 Θεοῦ
1372 3589 1789 3658 προεληλυθότα,
1803 3594 2050 3653 ὁπωσοῦν

475 3664 577 3731 τῆς
605 3666 771 3719 αὐτοῦ
819 3670 1209 3740 μετειληφέναι
1274 3677 1483 3741 οὐσίας.
1529 3680 1614 3744 Ὦς
1651 3683 1760 3755 γὰρ
1807 3686 1926 3740 ἐκεῖ
1959 3690 2049 3743 ῖσα

475 3754 553 3821 τῷ
586 3755 706 3826 Θεῷ
728 3758 881 3813 ἔσται
909 3762 945 3816 ἀ
982 3763 1065 3816 δεῖ
1102 3765 1268 3821 αὐτοῦ
1298 3770 1558 3840 πάμπολυ
1594 3773 1756 3845 ἕτερα
1791 3776 1928 3834 εἶναι
1958 3782 2051 3835 καὶ

482 3848 617 3916 μηδέ
648 3849 1057 3921 ξυμὸεὸλῆσθαι
1098 3856 1246 3924 ἄξια,
1280 3857 1425 3914 οὕτω
1465 3863 1743 3921 κάνταῦθα
1773 3868 1923 3923 ἔσται
1956 3874 2052 3927 ἀν-

479 3937 641 4006 όμοια
667 3939 703 3994 ἀ
729 3942 838 3997 δέοι
859 3945 912 4013 γ’
943 3944 1011 4001 ἂν
1036 3947 1205 4017 μηδὲν
1234 3949 1619 4025 διενηνοχέναι.
1660 3957 1720 4012 Εἰ
1753 3959 1809 4014 δὲ
1843 3967 1935 4017 καὶ
1961 3966 2054 4034 γό-

480 4048 641 4125 νιμος
696 4032 851 4125 ὅλως-
881 4034 957 4125 ὢν
1008 4042 1103 4095 καὶ
1161 4047 1492 4115 παραγωγδς
1535 4049 1822 4117 πλειόνων,
1852 4056 1920 4109 τά
1952 4032 2052 4125 μὲν

476 4115 642 4186 ἕτερα
685 4121 853 4175 αὐτοῦ
899 4124 1196 4198 ὐποστήσει
1227 4131 1391 4203 (τὸδ’
1423 4136 1573 4200 ὅπως
1620 4141 1684 4193 ἐκ
1734 4140 1835 4210 τῆς
1867 4144 2051 4211 οὐσίας

476 4211 647 4267 αὐτοῦ
686 4214 949 4285 γινόμενα
971 4220 1180 4274 τοιαῦτ’
1204 4223 1271 4276 ἂν
1299 4226 1407 4295 εἴη,
1434 4228 1708 4301 ἠπόρηται
1738 4236 2049 4306 πρότερον),

475 4305 533 4355 ἐν
562 4305 741 4376 ἑαυτῷ
797 4308 852 4361 δὲ
894 4311 990 4364 καὶ
1019 4314 1083 4383 τῇ
1119 4314 1297 4386 οἰκεία
1326 4317 1541 4388 ἑνότητι
1571 4322 1700 4376 ἄνευ
1736 4328 1883 4390 τινὲς
1918 4347 2052 4400 προ-

476 4399 598 4451 όδου
634 4402 808 4467 μενεῖ,
840 4403 935 4456 καὶ
962 4400 1043 4467 εἷς
1068 4405 1244 4471 ἔσται,
1282 4408 1473 4482 ὥσπερ
1511 4412 1570 4467 ἓν
1608 4414 1794 4477 ἀπλῶς
1825 4399 2048 4488 ἄτομον,

479 4493 572 4542 καὶ
603 4490 790 4562 ὥσπερ
819 4510 905 4555 τις
931 4496 1182 4568 μονώτης
1205 4499 1281 4561 ὡς
1307 4501 1546 4571 ἀληθῶς,
1571 4505 1687 4569 πῶς
1712 4507 1771 4559 οὐ
1797 4508 1891 4560 καὶ
1915 4510 2049 4563 πολὺ
2083 4531 2126 4586 ι)

479 4580 677 4652 βελτίω
708 4582 874 4638 αὐτοῦ
909 4584 1063 4638 ἔσται
1105 4587 1173 4640 τὰ
1203 4588 1384 4658 ἔργα;
1414 4592 1630 4647 Τούτων
1677 4597 1789 4667 γάρ
1826 4598 1943 4652 ἔνια
1987 4600 2049 4654 οὐ

479 4672 599 4727 κατ’
634 4675 919 4744 ἐνέργειαν
954 4675 1133 4744 μόνον,
1161 4679 1297 4733 ἀλλά
1334 4680 1397 4750 δὴ
1445 4684 1539 4736 καὶ
1575 4688 1639 4756 τῇ
1687 4688 1846 4761 οὐσίᾳ
1888 4691 2052 4745 τινῶν

478 4766 628 4822 αῖτια
658 4768 923 4837 γίνονται,
967 4770 1063 4823 καὶ
1093 4772 1154 4823 οὐ
1185 4771 1349 4844 τέχνῃ
1394 4773 1556 4842 μόνον
1600 4777 1866 4846 ποιοῦσιν,
1916 4782 2052 4836 ἀλλά

478 4859 574 4913 καὶ
604 4859 763 4929 φύσει
797 4861 1154 4927 προάγουσιν.
1184 4858 1281 4927 Οἷς
1331 4866 1466 4919 πολύ
1507 4866 1560 4936 γ’
1591 4867 1671 4922 ἀν’
1705 4871 1789 4943 είη
1844 4871 2051 4941 βέλτιον

476 4950 574 5004 τοῦ
606 4952 780 5014 εἴδους
814 4951 1137 5021 μεταδοῦναι
1164 4955 1264 5025 τῆς
1297 4957 1514 5024 φύσεως
1544 4962 1637 5014 καὶ
1669 4964 1972 5040 ἐλάττοσιν,
2013 4970 2046 5040 ἢ

477 5045 641 5112 ὃμοια
683 5047 748 5115 τῇ
782 5044 1034 5114 βουλήσει
1071 5048 1367 5113 πάμπολλα
1416 5058 1784 5122 παραγαγεῖν,
1827 5058 1926 5111 οὐκ
1958 5061 2051 5114 ἐπὶ

476 5138 544 5207 τῇ
591 5135 686 5189 τοῦ
720 5136 896 5199 εἴδους
924 5137 1150 5207 διαμονῇ
1196 5140 1379 5209 μόνον,
1406 5142 1542 5197 ἀλλὰ
1583 5146 1674 5198 καὶ
1705 5147 1913 5212 ἁπλῶς.
1939 5152 2052 5206 Καὶ

482 5228 692 5299 βέλτιον
721 5231 820 5301 μὲν
845 5230 992 5301 ἔχειν
1016 5231 1125 5283 τῶν
1155 5231 1297 5285 κατὰ
1326 5233 1488 5299 φύσιν
1513 5236 1674 5305 μόνον
1703 5241 2053 5308 προαγόντων

479 5323 561 5383 τὰ,
581 5323 717 5392 πρὸς
745 5324 922 5394 τούτῳ
951 5323 1029 5377 ἔτι
1081 5326 1175 5377 καὶ
1204 5326 1344 5379 κατὰ
1370 5328 1566 5399 τέχνην
1614 5330 1893 5396 ποιοῦντα,
1945 5336 2052 5397 πᾶς

480 5433 563 5480 τις
605 5414 673 5470 ἂν
706 5416 863 5481 φαίη.
890 5415 953 5468 El
982 5416 1027 5470 δ’
1051 5409 1161 5471 οἷόν
1189 5418 1236 5472 τ’
1260 5413 1328 5489 ἦν
1362 5422 1456 5474 καὶ
1502 5420 1678 5485 ἄλλως
1712 5423 2054 5495 διελομένους

481 5507 557 5570 ὡς
600 5509 658 5560 ἐν
698 5507 957 5562 ὑποθέσει
1002 5512 1249 5575 σκοπεῖν,
1284 5511 1391 5564 τῶν
1423 5512 1519 5565 καὶ
1551 5513 1711 5582 φύσει
1752 5517 1844 5569 καὶ
1893 5518 2053 5589 τέχνῃ

483 5599 787 5667 γινομένων
822 5600 1012 5654 αἰτίων
1057 5601 1221 5654 τινῶν
1261 5597 1425 5676 ἦττον
1457 5603 1529 5658 ἂν
1559 5605 1691 5660 ἐὸίω
1722 5606 2053 5677 εὐδαιμόνως

487 5692 553 5743 τε
612 5692 776 5763 τέχνῃ
827 5694 986 5760 μόνον
1034 5695 1314 5749 ποιοῦντα.
1354 5696 1463 5750 Καὶ
1508 5695 1600 5750 νῦν
1637 5700 1694 5752 ἐν
1743 5699 2053 5769 ἀνθρώποις

491 5782 669 5853 πολλῷ
702 5801 781 5848 τις
812 5786 957 5856 ἥδιον
989 5787 1095 5858 βιοῖ
1116 5790 1205 5843 καῖ
1242 5789 1722 5862 εὐδαιμονέστερον
1754 5795 1815 5845 ἐκ
1840 5792 1932 5847 τοῦ
1961 5794 2053 5848 δύο

2155 1942 2462 2009 μιουργεῖν.
2503 1941 2612 1995 Καὶ
2649 1943 2760 2011 ὅσῳ
2790 1944 3143 2015 τιμιώτερον,
3187 1945 3248 1999 οῦ
3293 1945 3457 2000 ἓνεκά
3491 1963 3542 1998 τι
3584 1964 3728 2016 παρ-

2151 2027 2337 2097 ἦκται,
2370 2029 2588 2096 τούτου,
2620 2032 2654 2102 ἦ
2683 2032 2752 2086 αῦ
2787 2032 2880 2086 τοῦ
2930 2035 3287 2105 παρηγμένον
3321 2037 3531 2088 ἐκείνου
3562 2036 3727 2090 ἕνεκα

2152 2120 2326 2174 αἴτιον
2352 2117 2519 2187 εἶναι,
2545 2122 2786 2195 τοσούτῳ
2820 2126 2915 2179 καὶ
2946 2125 3231 2197 ἄνθρωπον
3256 2129 3450 2199 γεννᾷν
3479 2127 3511 2198 ἢ
3543 2128 3719 2180 οίκίαν

2152 2216 2327 2269 ποιεῖν
2357 2217 2632 2289 ἀνθρώπῳ
2655 2219 2869 2288 πέφυκε
2908 2221 3258 2292 τιμιὼτερον,
3303 2221 3358 2275 εί
3382 2240 3464 2284 τις
3502 2221 3725 2290 ἔμελλεν

2150 2306 2292 2361 αὐτά
2314 2307 2417 2377 ’τῆς
2444 2309 2678 2377 ἀληθοῦς
2706 2311 2883 2377 ἀξίας,
2907 2311 3042 2365 ἀλλά
3072 2312 3148 2384 μὴ
3180 2312 3371 2383 χρείας
3395 2313 3538 2375 τινὸς
3569 2313 3723 2366 ὠνεῖ-

2153 2399 2279 2453 σθαί
2307 2416 2368 2454 τε
2396 2400 2492 2454 καὶ
2512 2403 3120 2457 ἀντικαταλλάττεσθαι.
3156 2403 3299 2457 Ἀλλ’
3328 2406 3530 2457 ἐκεῖνοι
3555 2404 3725 2474 μηδέν

2122 2538 2129 2545 .
2151 2510 2205 2546 τι
2227 2492 2546 2563 βουλόμενοι
2574 2494 2838 2564 προάγειν
2859 2495 2919 2562 ἐξ
2943 2496 3109 2550 αὐτοῦ
3126 2496 3217 2552 τὸν
3238 2496 3370 2550 Θεὸν
3393 2495 3518 2551 καθ’
3539 2497 3720 2565 ῥμοιό-

2151 2601 2290 2655 τητα
2321 2586 2556 2653 φύσεως,
2592 2586 2726 2641 άλλά
2757 2588 2920 2657 μόνον
2958 2589 3027 2643 τὰ
3069 2588 3233 2657 ἕτερα
3267 2586 3487 2650 ἑαυτοῦ,
3531 2588 3723 2655 ἀγονον

2152 2675 2397 2747 ἀτεχνῶς
2427 2677 2591 2731 αὐτὸν
2633 2680 3003 2749 ἀποφαίνουσι
3049 2685 3145 2738 καὶ
3190 2681 3270 2752 τῷ
3306 2681 3575 2750 καλλίστῳ
3623 2679 3721 2746 τῆς

2154 2769 2487 2838 προαγωγῆς
2517 2769 2826 2840 χωλεύοντα
2870 2773 3059 2843 μέρει·
3102 2763 3277 2841 οἷςδὴ
3320 2771 3415 2826 καὶ
3445 2772 3505 2825 τὸ
3546 2771 3722 2826 εὐδαι-

2156 2874 2255 2927 μον
2284 2858 2451 2913 αὐτοῦ
2482 2859 2578 2916 καὶ
2613 2866 2884 2933 μακάριον
2919 2861 3412 2935 συνεξαμαυροῦσι.
3448 2861 3570 2926 Πῶς
3613 2862 3723 2930 γὰρ

2155 2947 2223 3001 ἂν
2253 2941 2341 3017 εἴη
2375 2951 2780 3022 μακαριότητος
2809 2954 2867 3007 ἐν
2894 2953 3156 3025 ἀκρότητι
3190 2951 3555 3022 τεταγμένοςῖ
3569 2952 3618 3004 εἶ
3646 2951 3722 3018 μὴ
3822 2972 3825 2977 ’

2154 3039 2407 3112 αὐτάρκη
2441 3042 2587 3114 ζωὴν
2620 3045 2757 3114 ἔχοι,
2790 3046 2847 3099 ἐν
2878 3046 3028 3117 αὐτῷ
3061 3063 3118 3101 τε
3151 3046 3247 3100 καὶ
3270 3047 3406 3116 πρδς
3440 3043 3601 3097 αὑτὸν
3628 3044 3724 3097 καὶ

2155 3132 2322 3187 αὐτοῦ
2355 3134 2515 3188 ἕνεκα
2554 3137 2815 3204 ἐνεργῶν,
2840 3138 2977 3193 ἀλλά
3005 3138 3114 3192 τῶν
3147 3139 3280 3192 πολὺ
3325 3137 3585 3209 χειρόνων
3627 3137 3725 3190 αὐ-

2153 3224 2246 3279 τοῦ
2281 3225 2478 3291 δέοιτο,
2510 3226 2620 3283 εἴτε
2668 3228 2731 3283 ἐκ
2756 3247 2901 3294 τινος
2931 3231 3123 3302 χρόνου
3153 3231 3557 3301 γεγενημένων,
3593 3227 3668 3292 ὡς
3696 3227 3727 3280 6

2155 3319 2300 3390 ίερδς
2327 3319 2567 3374 διδάσκει
2599 3320 2780 3388 λόγος,
2806 3323 3042 3377 εἴτε-καὶ
3065 3325 3128 3376 ἐκ
3156 3323 3249 3376 τοῦ
3277 3321 3477 3384 παντὸς
3507 3319 3724 3384 αἰῶνος,

2150 3410 2224 3475 ὡς
2247 3413 2448 3465 ἐκεῖνοι
2479 3412 2783 3477 ἐϐούλοντο,
2817 3414 2893 3479 ὡς
2930 3413 2998 3468 ἂν
3026 3414 3165 3468 αὐτά
3199 3432 3257 3468 τε
3288 3415 3382 3467 καὶ
3426 3411 3556 3482 περὶ
3587 3411 3727 3465 αὐτά

2152 3504 2415 3574 ἐνεργῶν,
2450 3505 2547 3559 καὶ
2586 3506 2725 3577 πρὸς
2753 3507 2946 3561 ἐαυτὸν
2975 3508 3125 3561 ταῦτ’
3154 3506 3521 3577 ἐπιστρέφων,
3552 3503 3726 3564 οὕτως

2151 3592 2376 3663 ἐνεργὸν
2410 3595 2525 3665 ἔχοι
2567 3597 2657 3648 καὶ
2689 3596 2786 3667 τὴν
2818 3597 3030 3661 οὐσίαν,
3063 3598 3157 3650 καὶ
3196 3597 3305 3649 τῶν
3331 3595 3589 3665 χειρόνων
3624 3593 3726 3646 αὐτ

2151 3682 2244 3736 τοῦ
2280 3685 2591 3754 ἠρτημένον
2633 3686 2719 3755 είη
2748 3687 2810 3740 τὸ
2846 3688 3115 3757 μακάριον
3158 3684 3308 3756 αὐτῷ
3334 3686 3486 3753 καὶὴ
3520 3681 3724 3735 τελειόο

2150 3790 2251 3842 της
2284 3790 2299 3840 ;
2336 3776 2427 3827 Δεῖ
2478 3774 2586 3846 γάρ
2613 3778 2704 3831 τὸν
2743 3775 2878 3829 Θεὸν
2912 3775 3169 3829 τοιούτων
3202 3774 3372 3827 ὄντων
3404 3772 3511 3825 τῶν
3549 3769 3718 3824 αὐτοῦ

2151 3865 2656 3938 δημιουργημάτων
2693 3869 2959 3938 πρότερον
2992 3862 3132 3920 εῖναι
3180 3869 3246 3937 τῇ
3282 3865 3465 3935 φύσει,
3489 3865 3563 3927 ὡς
3590 3863 3723 3931 γοῦν

2153 3953 2215 4013 υῦ
2255 3977 2307 4013 τι
2348 3960 2492 4031 ἴχνος
2530 3961 2671 4027 ἐστὶ,
2705 3958 2864 4012 τοῦτο
2909 3959 3003 4013 τοῦ
3043 3960 3222 4028 ίχνους
3262 3957 3526 4028 πρότερον
3581 3951 3724 4010 εἶναι

2151 4048 2270 4101 δέον
2320 4052 2390 4119 τῇ
2435 4048 2595 4118 φύσει
2621 4065 2634 4079 ο
2689 4047 2783 4102 τοῦ
2814 4050 2922 4119 γὰρ
2950 4047 3081 4103 Θεοῦ
3117 4048 3302 4118 ὥσπερ
3345 4049 3467 4119 ἴχνη
3501 4047 3568 4101 τὰ
3594 4046 3726 4100 ὄντα

2152 4140 2421 4208 λέγουσιν.
2469 4140 2556 4194 Ἐν
2579 4140 2647 4210 δὴ
2670 4141 2818 4211 αὐτῷ
2843 4141 2921 4207 τῷ
2956 4141 3203 4210 προτέρῳ
3229 4140 3459 4208 ἀνόητόν
3482 4155 3541 4191 τε
3569 4138 3725 4191 ἔσται

2152 4233 2212 4284 τὸ
2249 4234 2390 4285 θεῖον
2420 4234 2513 4286 καὶ
2543 4233 2861 4303 ἀνέραστον,
2895 4231 3015 4285 κατ’
3048 4233 3268 4294 αὐτοὺς,
3293 4232 3427 4294 ὅλως
3456 4231 3502 4283 δ’
3521 4231 3722 4293 είπεῖν,

2153 4320 2262 4373 οὐδ’
2292 4321 2598 4391 ῥπωστιοῦν
2633 4324 2876 4393 ἐνεργόν.
2905 4325 2980 4377 Οὐ
3011 4326 3117 4395 γὰρ
3149 4325 3310 4394 ἀρκεῖ
3338 4324 3398 4374 τὸ
3424 4322 3500 4386 ὡς
3523 4322 3720 4375 αὐτίκα

2158 4412 2301 4481 μάλα
2350 4413 2587 4483 ἐσόμενα
2635 4415 3038 4485 προγινώσκειν
3089 4417 3156 4469 τά
3208 4415 3359 4479 ὅντα,
3395 4413 3510 4467 οὐθ’
3548 4416 3580 4484 ἠ
3626 4414 3725 4467 τοῦ

2154 4503 2362 4574 κόσμου
2397 4505 2513 4558 ἰδέα
2550 4506 2658 4576 πρὸ
2689 4506 2784 4559 τοῦ
2816 4507 3025 4578 κόσμου
3058 4509 3402 4578 γεγενημένη
3425 4525 3440 4538 ·
3473 4512 3568 4564 καὶ
3597 4508 3728 4561 ταύ-

2155 4612 2253 4663 την
2282 4596 2395 4666 γὰρ
2423 4595 2518 4649 τοῦ
2545 4596 2679 4650 Θεοῦ
2705 4598 3103 4668 ὐποδεεστέραν
3130 4598 3357 4653 τιθεῖσιν
3376 4599 3425 4651 οί
3453 4599 3726 4667 λέγοντες,

2155 4687 2250 4742 ἅτε
2285 4688 2422 4758 μηδέ
2453 4688 2659 4760 ταύτης
2694 4691 2758 4743 ἐκ
2798 4690 2898 4760 τῆς
2934 4692 3181 4762 ἀνάγκης
3213 4690 3587 4762 γεγενημένης
3627 4693 3728 4757 τῆς

2155 4780 2391 4850 φύσεως.
2428 4782 2587 4835 Ἤτοι
2621 4782 2717 4836 νῦν
2752 4784 2915 4853 μόνος
2972 4786 3001 4838 ὁ
3031 4785 3163 4849 Θεὸς
3197 4786 3392 4839 ἑαυτὸν
3423 4786 3485 4839 οὐ
3516 4784 3726 4852 νοήσει,

2154 4871 2278 4936 νοῦς
2310 4871 2406 4938 ὣν,
2437 4872 2470 4943 ἢ
2502 4872 2577 4943 τῷ
2609 4873 2675 4927 τὰ
2696 4875 2831 4930 ἄλλα
2863 4879 3003 4928 νοεῖν
3027 4893 3040 4906 ·
3072 4871 3148 4928 ὧν
3175 4876 3228 4929 τί
3269 4875 3466 4944 γένοιτ’
3502 4873 3569 4928 ἂν
3604 4875 3729 4926 ἀτο-

2156 4965 2424 5034 πώτερον,
2457 4969 2505 5020 εί
2528 4966 2592 5038 δὴ
2633 4966 2806 5021 ταῦτα
2841 4968 2941 5037 μὲν
2967 4968 3325 5029 ἀνακόλουθα,
3349 4970 3376 5020 ό
3408 4967 3465 5019 δὲ
3503 4967 3637 5030 Θεός
3666 4967 3727 5019 δν

2153 5059 2271 5112 ἐστι
2315 5062 2410 5113 καὶ
2460 5060 2667 5129 ἀγαθόν
2712 5077 2773 5113 τε
2817 5060 2913 5115 καὶ
2949 5060 3169 5131 ἀληθὲς,
3204 5063 3260 5114 ἐν
3289 5061 3364 5130 τῷ
3390 5061 3602 5130 ἐσχάτῳ
3628 5062 3724 5113 καὶ

2153 5153 2451 5220 ἀκραιφνεῖ
2490 5153 2590 5223 τῆς
2633 5169 2695 5205 τε
2747 5152 2937 5215 οὐσίας
2981 5153 3074 5207 καὶ
3100 5152 3438 5222 ἀγαθότητος
3468 5151 3565 5205 καὶ
3596 5152 3729 5223 ἀλη-

2155 5243 2335 5312 θείας;
2368 5243 2543 5299 ταῦτα
2568 5245 2677 5316 γὰρ
2701 5246 2794 5299 καὶ
2824 5246 3005 5300 αὐτῶν
3050 5245 3317 5313 Ἑλλήνων
3347 5246 3395 5299 οί
3424 5245 3728 5315 δοκιμώτε-

2159 5354 2243 5407 ροι
2282 5337 2525 5407 ἠξίωσαν
2549 5338 2950 5408 ἀντιστρέφειν.
2987 5338 3093 5389 Καὶ
3119 5340 3146 5391 ὀ
3176 5339 3321 5408 ίερδς
3354 5337 3410 5391 δὲ
3441 5337 3601 5404 λόγος
3631 5338 3730 5389 αὐ-

2154 5431 2246 5482 τὸν
2289 5431 2387 5500 μὲν
2423 5427 2562 5483 εἶναι
2603 5429 2697 5482 τὸν
2730 5429 2863 5481 Θεὸν
2912 5430 3011 5499 τὴν
3040 5428 3298 5499 ἀλήθειαν
3334 5429 3495 5493 ἀξιοῖ,
3533 5429 3727 5481 οὐδένα

2155 5518 2211 5573 δὲ
2239 5520 2463 5586 ἀγαθὸν,
2493 5520 2541 5572 εί
2574 5519 2650 5589 μὴ
2681 5518 2779 5572 ἕνα
2799 5518 2887 5571 τὸν
2911 5518 3065 5585 Θεδν,
3095 5514 3236 5571 εἶναι
3264 5537 3276 5549 ·
3308 5521 3404 5573 καὶ
3430 5517 3595 5572 αὐτὸν
3623 5519 3729 5570 ὐπ-

2157 5614 2345 5684 άρχειν
2381 5612 2449 5665 τά
2483 5613 2612 5666 ὅντα
2657 5629 2722 5680 γε
2753 5613 2935 5666 καὶτὸ
2961 5613 3044 5677 ὃν,
3083 5614 3178 5665 καὶ
3209 5612 3331 5665 νοῦν
3383 5613 3440 5665 δὲ
3485 5614 3575 5664 τὸν
3606 5613 3729 5680 ἀρι-

2160 5708 2283 5759 στόν
2312 5723 2370 5758 τε
2418 5707 2511 5758 καὶ
2550 5705 2983 5775 φρονιμώτατον,
3016 5707 3113 5775 οὐχ
3161 5707 3322 5775 ἡμεῖς
3370 5707 3547 5773 μόνον,
3594 5706 3731 5757 ἀλλὰ

2162 5796 2253 5848 καὶ
2302 5793 2572 5866 Ἑλλήνων
2616 5796 2661 5848 oi
2708 5795 2862 5850 αὐτοὶ
2902 5788 3342 5865 οὗτοιλέγουσιν.
3387 5793 3596 5863 Ἑαυτῷ
3631 5795 3732 5862 μὲν
