4062 6438
365 461 470 527 m3
704 487 706 489 ›
1226 457 1240 475 ’
1467 447 1831 509 EPISTOLA
1881 449 1978 508 AD
2021 425 2529 507 PLETHONEM.
3529 439 3635 504 θιι

368 573 536 626 πᾶσιν
568 566 844 636 ὠφέλιμα.
879 564 946 616 Ἥ
986 565 1078 617 ἐπὶ
1128 563 1305 617 πάντα
1347 563 1396 630 γ’
1438 561 1505 616 ἂν
1533 560 1644 615 ἔδει
1674 560 1733 614 τδ
1764 559 1940 614 τοιοῦ-
1972 563 2022 624 Α
2050 561 2406 630 ἐκπλήρωσιν
2434 553 2571 630 ἧκον
2608 557 2705 628 τῆς
2733 556 2797 608 ἐκ
2831 557 2964 610 Θεοῦ
3011 559 3269 628 προνοίας
3311 557 3404 610 καὶ
3431 559 3633 626 κυϐερ-

364 681 428 716 το
479 661 643 722 σέϐας
703 656 967 710 ἐκτείνειν
993 693 1006 718 ,
1056 653 1092 708 ἆ
1142 671 1197 707 τι
1250 654 1533 721 θαύματος
1576 652 1728 719 ἄξιον
1769 650 1952 721 ἔχουσι
2056 654 2291 720 νήσεως,
2326 649 2729 730 ἀληθέςιέστιν.
2768 649 2917 701 Ἔδει
2951 651 3059 718 γάρ
3087 666 3138 702 τι
3179 650 3275 703 καὶ
3307 649 3488 710 αὐτοῖς
3521 654 3635 714 τοῖς

367 755 466 809 καὶ
509 752 545 805 ἀ
576 747 760 804 θεόθεν
793 747 952 801 είσίν.
982 746 1146 800 Οὐδὲν
1178 745 1236 800 δέ
1274 745 1427 799 ἐστιν
1465 744 1626 814 ἔργον
1651 743 1787 798 Θεοῦ
1807 783 1822 809 ,
1851 743 1953 797 κᾶν
2055 741 2188 796 κυϐε
2201 741 2500 812 ρνωμένοις
2549 737 2690 794 εἶναι
2721 740 2885 793 καλὸν
2919 743 2978 794 ἐν
3012 739 3102 810 ,τῷ
3147 743 3432 805 λυσιτελές
3458 761 3510 795 τι
3537 745 3636 796 καὶ

371 846 432 899 τὸ
460 841 823 914 σμικρότατον
857 834 916 911 ᾗ,
949 837 978 890 ὃ
1011 838 1085 908 μὴ
1119 837 1452 906 θαυμάσειεν
1481 837 1546 891 ἄν
1568 853 1654 899 τις
1684 835 1954 898 ἐκτόπως.

374 939 487 990 Καὶ
522 934 660 987 πολὺ
691 929 878 1001 μεῖζόν
912 931 1059 984 ἐστιν
1086 932 1144 984 ἐν
1174 931 1289 990 τοῖς
1316 929 1628 999 ἐλαχίστοις
1657 927 1720 980 τὸ
1747 927 1952 997 θαῦμα,

370 1029 464 1085 τοῦ
513 1025 651 1082 Θεοῦ
709 1025 915 1093 σφίσιν,
954 1024 1074 1077 ἀντὶ
1102 1023 1212 1076 τῶν
1258 1025 1322 1076 ἐκ
1363 1021 1459 1074 τοῦ
1496 1021 1765 1090 μεγέθους
1795 1019 1956 1073 ἐλατ-

285 1167 302 1178 ,
372 1121 665 1189 τωμάτων,
709 1115 906 1184 σοφίαν
955 1113 1077 1168 τινά
1121 1111 1219 1166 καὶ
1253 1113 1510 1183 μεθόδους
1559 1111 1717 1178 ξένας
1760 1113 1959 1179 ἐγκατ-

372 1210 700 1271 οικίσαντος,
731 1207 810 1270 είς
841 1204 1067 1270 ἔνδειξιν
1123 1205 1222 1273 τῆς
1251 1205 1562 1270 δυνάμεως.
1590 1203 1680 1256 Διὸ
1704 1203 1802 1256 καὶ
1830 1203 1957 1266 τοὺς

271 1299 274 1301 “
373 1301 600 1363 πολλοὺς
633 1301 666 1366 ἡ
716 1299 826 1351 τῶν
863 1297 1192 1366 σοφωτέρων
1249 1296 1502 1366 σφήλασα
1542 1295 1858 1365 περιεργία,
1891 1295 1959 1365 ἣν

373 1396 571 1446 ἐκεῖνοι
603 1388 735 1455 περὶ
759 1389 828 1443 τά
853 1388 1026 1458 μείζω
1050 1388 1158 1442 τῶν
1182 1389 1242 1442 ἐν
1264 1387 1342 1457 τῷ
1374 1388 1569 1456 κόσμῳ
1609 1386 1958 1455 φαινομένων

375 1484 577 1539 ἔπαθον
627 1482 930 1554 τεθηπότες
982 1482 1162 1546 αὐτὰ,
1212 1480 1510 1534 καὶταῦτα
1553 1480 1619 1550 δὴ
1667 1481 1959 1548 προήγαγε

375 1577 648 1630 θεοποιεῖν
699 1590 760 1627 τε
815 1573 909 1627 καὶ
963 1573 1164 1626 σέϐειν·
1201 1573 1442 1642 εὐλόγως
1503 1571 1603 1642 μὲν
1659 1572 1961 1641 οὐδετέρων

375 1669 778 1738 πεποιηκότων,
813 1668 920 1720 τῶν
956 1667 1014 1720 δέ.
1061 1666 1274 1720 πολλῶν
1306 1665 1712 1735 εὐλογώτερον,
1759 1667 1842 1718 ὅτι
1872 1680 1961 1731 γε,

374 1762 493 1814 δέον
513 1761 672 1826 δόξαν
695 1761 812 1822 τοῖς
845 1758 1115 1828 ἡγεμόσιν
1162 1758 1344 1814 αὐτῶν
1387 1758 1448 1811 τὸ
1479 1759 1622 1811 θεῖον
1671 1756 1838 1820 σέϐας
1869 1757 1964 1808 ἐπὶ

374 1855 442 1907 τὰ
468 1854 606 1923 ἔργα
654 1853 768 1907 τοῦ
792 1852 931 1908 Θεοῦ
967 1853 1328 1922 καταφέρειν,
1368 1854 1467 1921 τῆς
1497 1850 1756 1919 τοιαύτης
1806 1847 1964 1902 αὐτοὶ

2056 835 2266 888 τούτων
2291 834 2526 888 ἕκαστον
2555 830 2723 887 εἶναι’
2755 833 2900 887 οὕτω
2924 835 3032 903 γὰρ
3070 837 3132 888 ὃν
3158 839 3246 888 καὶ
3273 838 3308 903 ὴ
3334 837 3427 888 τοῦ
3471 837 3635 906 μόνου

2060 927 2398 996 κυϐερνήτου
2444 926 2557 978 τῶν
2609 927 2776 979 ὄντων
2830 926 3048 990 ἐξουσία
3088 926 3469 997 λαμπρότερον
3518 929 3638 981 δια·

2060 1019 2306 1087 φαίνοιτο
2340 1057 2354 1083 ,
2416 1019 2626 1071 πολλῶν
2695 1036 2754 1070 τε
2813 1018 3252 1085 διακονουμένων
3295 1020 3433 1087 αὐτῇ
3471 1061 3484 1084 ,
3539 1021 3638 1073 καὶ

2060 1112 2278 1163 πάντων
2333 1112 2649 1176 εὐτάκτως,
2797 1110 2925 1164 ἄλλο
2989 1111 3151 1164 ἄλλου
3206 1110 3445 1180 ἤρτηται
3511 1111 3642 1184 θαυ-

2063 1203 2294 1272 μασίως,
2327 1202 2516 1272 ὥσπερ
2571 1203 2630 1254 ἐν
2672 1182 2737 1271 τῇ
2772 1203 2921 1266 τάξει
2973 1203 3068 1270 τῆς
3123 1202 3366 1270 φύσεως,
3403 1202 3547 1255 οὕτω
3577 1182 3643 1274 δὴ

2059 1298 2154 1350 καὶ
2185 1296 2281 1362 τῆς
2312 1295 2653 1365 λειτουργίας
2681 1311 2695 1325 ·
2729 1297 2854 1348 ὅσον
2885 1296 2932 1348 δ’
2959 1297 3038 1357 είς
3085 1295 3176 1347 τὸν
3223 1295 3324 1364 τῆς
3373 1295 3646 1365 κυϐερνή-

2064 1405 2201 1444 σεως
2231 1387 2357 1456 ἥκει
2409 1387 2586 1453 λόγον,
2649 1386 2869 1454 ἀμέσως
2914 1387 3096 1439 πάντα
3143 1389 3208 1438 ἐκ
3256 1387 3391 1440 Θεοῦ
3441 1388 3642 1458 κυϐερ-

2063 1479 2253 1531 νᾶσθαι
2287 1479 2618 1549 πιστεύομεν
2675 1481 2779 1532 ὑπὸ
2831 1480 2925 1549 τῆς
2966 1479 3116 1543 θείας
3179 1483 3376 1551 σοφίας
3427 1499 3488 1534 τε
3546 1483 3646 1536 καί

2062 1572 2366 1638 δυνάμεως·
2402 1573 2815 1640 έφαρμόττουσι
2845 1574 2953 1643 γὰρ
2985 1577 3044 1626 ἐν
3071 1574 3146 1643 τῷ
3176 1575 3323 1646 λόγῳ
3349 1577 3610 1645 τῆς’ἀπει
3630 1606 3641 1614 -

2067 1664 2211 1730 ρίας,
2273 1663 2442 1730 μέχρι
2496 1661 2591 1713 καὶ
2639 1662 2747 1715 τῶν
2793 1663 3040 1732 ἐσχάτων
3093 1666 3475 1733 ἐκτεινομένῳ.
3508 1665 3648 1718 Οὐδὲ

2065 1754 2174 1820 γὰρ
2223 1747 2335 1804 οἷόν
2383 1753 2430 1805 τ’
2469 1747 2540 1822 ἦν
2587 1752 2652 1805 δι’
2713 1753 2883 1806 αὐτοῦ
2935 1754 3035 1823 μὲν
3087 1755 3504 1809 κατασκευάσαι
3553 1758 3650 1809 τὸν

2065 1834 2295 1911 κόσμον,
2338 1842 2414 1912 μὴ
2441 1843 2669 1898 διοικεῖν
2711 1843 2767 1896 δέ
2815 1844 3010 1898 τοῦτον
3052 1845 3120 1898 δι’
3163 1847 3330 1900 αὑτοῦ
3357 1848 3446 1900 τὸν
3487 1847 3645 1913 Θεὸν,

373 1947 538 2016 τιμῆς
589 1945 766 1999 οὐδενὶ
812 1946 921 1998 τῶν
1001 1944 1181 2015 ἔργων
1230 1942 1540 2014 ἐφθόνησαν
1564 1983 1578 2004 ,
1635 1941 1731 1995 ἅτε
1790 1941 1960 1994 πᾶσιν
1993 1923 2034 1976 Β
2069 1936 2190 2006 μηδ’
2213 1936 2271 2001 ἐξ
2303 1934 2467 1988 αὑτοῦ
2499 1936 2591 1989 τὸν
2623 1936 2724 2006 τῆς
2746 1938 2952 2002 τάξεως
2981 1938 3245 2007 λογισμὸν
3265 1939 3649 1996 ἐπιτεθεῖσθαί

376 2034 657 2106 ἐξαιρέτου
689 2036 842 2100 τινος
873 2037 973 2107 τῆς
999 2037 1096 2089 τοῦ
1130 2034 1266 2089 Θεοῦ
1304 2035 1499 2104 σοφίας
1525 2031 1958 2104 ἐμφαινομένης,

376 2129 470 2181 καὶ
504 2119 639 2201 πρὸς
683 2130 872 2199 μεῖζον
902 2129 1090 2195 θαῦμα
1121 2127 1443 2198 δυναμένων
1494 2129 1714 2193 ἐνάγειν
1747 2125 1856 2178 τῶν
1878 2125 1962 2179 δο-

376 2219 617 2274 κούντων
650 2221 997 2290 ὴλαττῶσθαι
1053 2219 1350 2291 ποσότητι,
1390 2219 1488 2273 καὶ
1523 2217 1750 2289 μηδενὸς
1781 2216 1962 2269 αὐτῶν

376 2312 550 2377 ὄντος,
585 2305 630 2380 ᾧ
659 2314 816 2383 μὴτὸ
844 2313 1094 2377 αίτιῶδές
1128 2330 1188 2367 τε
1232 2311 1442 2381 όπηοῦν
1476 2311 1656 2366 ἔνεστι
1694 2312 1789 2365 καὶ
1818 2310 1964 2378 ὠφέ-

377 2403 554 2472 λιμον.
590 2403 656 2454 Τί
689 2403 745 2456 δὲ
786 2405 820 2474 ή
853 2403 1172 2474 πατουμένη
1205 2403 1497 2475 Δημήτηρ,
1528 2403 1622 2457 καὶ
1670 2407 1697 2456 ό
1735 2403 1962 2457 σϐεννύ-

379 2511 540 2562 μενος
569 2495 900 2566 Ἥφαιστος,
933 2500 1031 2548 καὶ
1079 2496 1108 2549 ό
1159 2495 1357 2564 πικρὸς
1388 2496 1485 2547 καὶ
1517 2495 1818 2566 φθαρτικος
1855 2497 1960 2550 Ilo-

379 2584 571 2638 σειδῶν
599 2601 614 2652 ;
648 2585 713 2636 Τί
747 2585 803 2638 δὲ
834 2585 896 2638 τὸ
924 2585 1094 2656 ἄρρεν
1129 2587 1189 2640 ἐν
1224 2588 1340 2648 τοῖς
1383 2585 1524 2650 θεοῖς
1559 2588 1654 2640 καὶ
1685 2587 1861 2658 θῆλυς
1898 2589 1965 2642 Τί

378 2676 434 2730 δὲ
479 2676 538 2729 τὸ
578 2677 707 2738 τοὺς
764 2675 866 2744 μὲν
925 2676 1224 2744 ἐφεστάναι
1289 2679 1401 2740 τοῖς
1443 2679 1710 2745 ἀγαθοῖς,
1744 2680 1868 2742 τοὺς
1909 2679 1965 2734 δὲ

376 2769 494 2832 τοῖς
542 2768 757 2838 χείροσι
795 2765 907 2826 τῶν
957 2767 1014 2820 έν
1046 2785 1105 2820 τε
1145 2770 1211 2839 τῇ
1244 2767 1402 2838 φύσει
1429 2773 1521 2824 καὶ
1552 2769 1644 2824 ὐπ’
1669 2771 1849 2826 αὐτῶν
1877 2772 1967 2826 ἀν-

381 2858 614 2928 θρώπων
640 2861 955 2928 γενομένων
981 2875 1000 2928 3
1055 2860 1167 2914 Καὶ
1197 2860 1521 2931 ἀνθρώπους
1549 2862 1606 2916 δέ
1644 2881 1800 2927 τινας
1835 2865 1968 2918 ἀπο-

381 2950 589 3017 θεοῦσι,
627 2952 726 3006 καὶ
770 2952 964 3014 ἀλλους
991 2947 1148 3016 αὖθις
1179 2955 1664 3025 καταστερίζουσι,
1693 2958 1789 3010 καὶ
1813 2958 1968 3011 οὐδὲν

389 3044 418 3097 ὃ
448 3060 502 3097 τι
549 3043 611 3098 οὐ
662 3043 962 3099 πλάῑτουσι
1005 3044 1115 3097 τῶν
1149 3046 1386 3112 ἀτόπων,
1433 3047 1623 3120 ὥσπερ
1655 3047 1969 3120 ἐξεπίτηδες

381 3134 482 3205 τήν
506 3135 826 3205 τελειότητα
876 3136 972 3188 καὶ
1008 3136 1291 3208 ἁπλότητα
1338 3139 1438 3193 καὶ
1485 3139 1547 3192 τό
1590 3141 1845 3206 ἀνενδεὲς
1873 3142 1966 3197 τοῦ

384 3225 518 3279 Θεοῦ
565 3227 662 3278 καὶ
714 3227 813 3296 τήν
865 3226 1126 3292 ἀπειρίαν
1175 3229 1269 3280 καὶ
1301 3229 1403 3300 τήν
1439 3229 1714 3284 ἀπάθειαν
1768 3233 1864 3284 καὶ
1908 3231 1970 3284 τὸ

385 3315 804 3386 παντοδύναμον
839 3319 936 3370 καὶ
963 3318 1065 3390 τὴν
1100 3320 1367 3390 πρόνοιαν
1419 3321 1726 3386 ἐξελαύνειν
1781 3322 1967 3391 βουλό-

387 3426 562 3479 μενοι.
603 3409 682 3462 Δι’
734 3403 811 3464 ὧν
861 3412 940 3474 είς
991 3411 1220 3467 τοιαῦτα
1273 3413 1630 3468 κατασπῶσιν
1681 3416 1844 3485 αἴσχη
1874 3416 1967 3468 καί

386 3503 558 3572 πάθη,
582 3503 719 3557 πολὺ
751 3504 1029 3576 ἀπᾴδοντα
1058 3506 1158 3572 τῆς
1190 3505 1475 3576 βελτίστης
1514 3507 1612 3560 καὶ
1634 3508 1968 3580 σεμνοτάτης

386 3596 768 3667 προσηγορίας
813 3615 872 3650 τε
915 3599 1012 3650 καὶ
1043 3597 1136 3650 τοῦ
1189 3597 1537 3668 πράγματος.
1576 3592 1770 3652 Καίτοι
1803 3618 1968 3672 χωρι-

391 3686 524 3750 στὰς
556 3687 655 3756 μέν
699 3687 888 3751 οὐσίας
937 3688 1146 3742 τιθέναι
1195 3689 1351 3751 τινάς
1386 3688 1607 3757 εὐλογόν
1655 3692 1770 3742 ἐστι
1802 3691 1967 3744 πάνυο

384 3777 506 3832 ἀλλ’
523 3778 646 3849 οὐχὶ
685 3780 781 3833 καὶ
816 3781 927 3832 τῶν
953 3781 1123 3833 ὄντων
1149 3781 1526 3851 δημιουργοὺς
1550 3780 1728 3834 οὐδενὶ
1757 3780 1966 3852 τρόπῳ,

386 3867 512 3921 οὔτε
566 3855 1050 3942 συμμεριζομένας
1105 3871 1205 3942 τὴν
1259 3871 1356 3925 τοῦ
1409 3872 1617 3937 παντὸς
1665 3873 1843 3945 ἀρχὴν
1891 3873 1970 3945 τῷ

390 3958 534 4030 Θεῷ,
577 3959 766 4029 ἀρκεῖν
815 3961 1158 4032 ἡγουμένους
1207 3964 1309 4032 τῆς
1364 3967 1592 4034 πρώτης
1645 3965 1828 4026 αἰτίας
1871 3964 1971 4035 τὴν

389 4051 621 4122 δύναμιν
658 4051 725 4106 δι’
755 4052 1012 4123 ἀπειρίαν
1042 4054 1180 4125 πρὸς
1217 4054 1396 4108 πάντα
1447 4055 1838 4124 ἐκτεινομένην
1870 4055 1971 4120 τὰς

391 4141 501 4196 τῶν
527 4143 695 4196 όντων
730 4143 924 4212 φύσεις
960 4145 1267 4215 παράγειν.
1303 4146 1415 4199 Καὶ
1445 4147 1815 4200 διακονεῖσθαι
1842 4147 1971 4217 μέν-

392 4257 474 4293 τοι
516 4241 614 4304 τὰς
656 4242 932 4311 χωριστὰς
984 4243 1176 4307 οὐσίας
1208 4243 1421 4306 ἐκείνας
1452 4246 1518 4315 τῇ
1552 4242 1646 4296 τοῦ
1676 4243 1814 4298 Θεοῦ
1843 4244 1972 4314 περὶ

389 4332 538 4402 ήμάς
583 4333 812 4404 προνοίᾳ
869 4334 1203 4402 πιστεύομεν
1235 4375 1251 4402 ,
1281 4334 1398 4389 ἀλλ’
1428 4336 1528 4406 οὐχ
1575 4329 1688 4389 οἷον
1715 4335 1972 4406 Ἕλληνες

2062 2048 2120 2083 τε
2143 2031 2242 2101 τὴν
2281 2031 2457 2102 ἀρχὴν
2499 2032 2613 2094 τοῖς
2646 2032 2738 2085 ὐπ’
2768 2031 2938 2085 αὐτοῦ
2962 2035 3235 2101 γεγονόσι,
3263 2040 3359 2088 καὶ
3394 2034 3490 2090 νῦν
3515 2038 3640 2091 ἐπι-

2063 2123 2334 2189 τίθεσθαι,
2370 2125 2420 2176 εί
2444 2125 2524 2194 μὴ
2560 2124 2630 2178 δι’
2663 2125 2874 2181 ἔνδειαν
2923 2127 3106 2198 ἰσχύος
3138 2127 3171 2199 ἦ
3204 2129 3387 2196 λόγου·
3425 2124 3501 2184 ὧν
3534 2131 3649 2201 ἄρα

2064 2220 2159 2273 καὶ
2188 2222 2298 2273 τῶν
2351 2220 2611 2274 τοιούτων
2652 2221 2805 2274 οὐδὲν
2845 2221 3106 2289 ἁρμόττει
3139 2219 3278 2291 Θεῷο
3309 2219 3435 2274 οὐτε
3483 2223 3643 2292 λόγον

2064 2312 2130 2366 ἂν
2190 2313 2304 2384 ἔχοι
2358 2314 2662 2383 δυνάμενον
2705 2314 2799 2366 καὶ
2829 2313 3010 2367 εἰδότα
3067 2316 3455 2384 καταφρονεῖν,
3491 2315 3651 2368 ἐλατ-

2066 2402 2284 2456 τοῦσθαί
2338 2420 2394 2457 τι
2443 2406 2510 2474 τῇ
2556 2403 2665 2457 τῶν
2700 2395 2945 2471 μερικῶν
2978 2401 3188 2456 τούτων
3239 2401 3334 2455 καὶ
3364 2401 3644 2455 ταπεινῶν

2067 2496 2294 2567 προνοίᾳ
2325 2495 2633 2567 νομίζοντα.
2674 2496 2739 2550 Εἰ
2773 2496 2883 2564 γὰρ
2923 2495 3050 2566 μηδ’
3101 2497 3158 2548 ἐν
3188 2496 3373 2557 αὐτοῖς
3403 2494 3648 2564 ἐνεργῶν

2067 2589 2221 2640 ἐσται
2252 2605 2304 2640 τι
2327 2588 2551 2658 χείρων,
2580 2591 2796 2658 ἐνεργεῖ
2849 2588 2904 2640 δὲ
2946 2588 3119 2653 δήπου
3146 2588 3325 2641 πάντα
3367 2589 3424 2639 ἐν
3453 2587 3644 2651 πᾶσιν,

2068 2679 2152 2734 ἆτ’
2202 2679 2261 2744 ἐξ
2318 2679 2486 2732 αὐτοῦ
2541 2683 2708 2732 π”ίσιν
2759 2680 3125 2751 ἐπιρρεούσης
3162 2680 3378 2742 οίκείως
3424 2678 3524 2746 τῆς
3551 2675 3651 2730 τοῦ

2068 2773 2330 2826 δύνασθαι
2363 2775 2503 2843 πρὸς
2534 2773 2594 2826 τὸ
2631 2773 2897 2843 πράττειν
2927 2771 3320 2842 προσαγωγῆς,
3369 2769 3534 2840 σχολῇ
3579 2783 3647 2836 γε

2069 2863 2167 2929 τὴν
2195 2862 2356 2926 ἀξίαν
2395 2861 2562 2915 αὐτοῦ
2593 2863 2916 2932 λυμανεῖται
2947 2862 3008 2914 τὺ
3054 2862 3151 2932 τῆς
3185 2861 3243 2914 ἐν
3277 2860 3460 2928 σφίσιν
3489 2859 3651 2913 εὐτα-

2072 2955 2188 3022 ξίας
2220 2953 2552 3026 φροντίζειν,
2597 2954 2736 3024 ὅπερ
2783 2953 2883 3023 οὐχ
2923 2948 3089 3026 ἧττόν
3136 2969 3202 3022 γε
3235 2952 3332 3006 τοῦ
3373 2951 3645 3022 προτέρου

2071 3048 2173 3117 τὴν
2199 3048 2602 3118 ὑπερκειμένην
2632 3047 2698 3101 ἂν
2728 3046 2902 3112 δείξαι
2935 3046 3186 3116 δύναμιν.

2146 3226 2334 3282 Ταῦτά
2364 3243 2420 3280 τε
2454 3225 2640 3281 τοίνυν
2678 3224 2858 3288 εἴποις
2889 3224 2959 3280 ἀν
3005 3226 3142 3296 πρὸς
3182 3227 3403 3294 αὐτοὺς,
3436 3227 3654 3296 ἀνδρῶν

2069 3322 2284 3393 ἄριστε,
2333 3320 2428 3374 καὶ
2474 3318 2612 3374 ἄλλα
2668 3319 2802 3372 πολὺ
2852 3319 2952 3388 μὲν
2985 3321 3194 3372 τούτων
3228 3318 3448 3388 βελτίω,
3482 3317 3561 3390 τῷ
3593 3320 3653 3373 δὲ

2072 3411 2261 3481 σκοπῷ
2309 3410 2694 3480 παραπλήσια,
2728 3411 2948 3473 δεικνὺς
2979 3412 3178 3464 ὁπόσον
3205 3429 3258 3464 τι
3293 3412 3353 3464 τὸ
3387 3412 3654 3483 διάφορον

2068 3505 2168 3573 τῆς
2216 3502 2534 3574 Ἑλληνικῆς
2589 3503 3018 3572 δεισιδαιμονίας
3067 3507 3162 3556 καὶ
3218 3503 3319 3573 τῆς
3366 3505 3649 3575 ἡμετέρας

2071 3595 2370 3662 θεολογίας·
2403 3595 2498 3647 καὶ
2532 3597 2668 3664 πρὸς
2719 3595 2958 3659 τούτοις,
2988 3593 3063 3657 ὡς
3104 3595 3227 3647 οὐδέ
3253 3594 3336 3647 δεῖ
3387 3595 3485 3664 τῆς
3521 3594 3654 3648 Ἐκο

2070 3689 2304 3757 κλησίας
2337 3684 2562 3754 ἄγνοιάν
2594 3701 2720 3738 τινα
2751 3682 3197 3754 καταγινώσκειν
3224 3684 3421 3748 αὐτοὺς
3443 3724 3460 3751 ,
3492 3685 3544 3738 εί
3589 3686 3654 3738 τὸ

2081 3778 2399 3850 Ἑλληνικὸν
2430 3777 2652 3848 ἀξίωμα
2693 3775 2769 3846 μή
2826 3780 3165 3844 προσήκατο.
3213 3777 3381 3829 Ἀνευ
3411 3775 3522 3846 γάρ
3552 3775 3653 3830 τοῦ

2073 3872 2286 3943 μείζονι
2332 3869 2606 3940 ἀξιώματι
2645 3868 2987 3940 πειθομένην
3015 3867 3188 3937 αὐτὴν
3213 3869 3323 3922 δεῖν
3355 3869 3422 3923 ἂν
3454 3867 3653 3922 τούτου

2070 3980 2130 4018 τε
2182 3963 2280 4017 καὶ¹
2312 3962 2518 4024 παντὸς
2547 3960 2710 4015 ἄλλον
2750 3962 3142 4030 καταφρονεῖν,
3180 3960 3353 4014 πολλὰ
3390 3959 3653 4024 πολλάκις

2071 4059 2132 4110 ἐν
2177 4059 2291 4121 τοῖς
2350 4056 2495 4110 κατά
2546 4054 2659 4108 τῶν
2716 4053 3016 4123 αἱρετικῶν
3049 4052 3260 4120 ἀγῶσιν
3297 4053 3539 4124 ἐξεῦρεν,
3569 4047 3653 4115 οἷς

2070 4151 2172 4205 οὐκ
2213 4149 2430 4220 ἀνάγκη
2458 4148 2550 4202 διά
2577 4164 2641 4214 γε
2669 4146 2882 4217 ταύτην
2914 4150 3013 4214 τὴν
3052 4145 3319 4215 πρότασιν
3342 4144 3374 4215 ἢ
3407 4146 3503 4198 ’τον
3524 4145 3655 4198 Υίδν

2072 4244 2167 4298 τοῦ
2216 4242 2352 4296 Θεοῦ
2412 4241 2604 4312 ἐτέρας
2633 4240 2823 4304 οὐσίας
2853 4242 3008 4311 παρὰ
3035 4240 3129 4293 τὸν
3159 4239 3383 4309 Πατέρα
3415 4237 3651 4301 τιθέναι,

2076 4336 2108 4406 ἦ
2136 4336 2198 4389 τὸ
2233 4333 2459 4405 Πνεῦμα
2515 4334 2575 4386 τὸ
2614 4332 2769 4402 ἀγιον
2800 4350 2815 4408 τ
2847 4332 3048 4396 πάντες
3076 4333 3183 4400 γὰρ
3220 4331 3271 4384 οί
3299 4331 3357 4398 ἐξ
3405 4330 3646 4402 Ἀρείου,

389 4422 653 4477 ἔπλαττον
679 4440 694 4455 ·
729 4424 826 4478 καὶ
857 4423 1123 4492 δαίμονας
1177 4423 1246 4478 αῦ
1281 4423 1418 4479 εἷναί
1442 4443 1595 4488 τινας
1638 4425 1974 4496 βλ.απτικοῦς
2075 4427 2142 4480 τὰ
2182 4424 2453 4496 Ἑλλήνων
2491 4423 2666 4495 δήπου
2697 4424 3078 4493 νενοσηκότες,
3109 4428 3174 4492 τῇ
3208 4422 3435 4475 ἐκείνων
3476 4419 3657 4493 ταύτῃ

389 4515 496 4569 ὑπὸ
521 4515 718 4586 φθόνου
754 4517 854 4570 καὶ
887 4519 1370 4588 ἐπιχαιρεκακίας,
1403 4518 1611 4590 πλάνης
1641 4519 1734 4573 καὶ
1761 4521 1972 4591 μυρίων
2078 4519 2344 4593 προτάσει
2395 4521 2537 4591 ἀρχῇ
2572 4536 2681 4572 τινι
2725 4515 2821 4572 τοῦ
2875 4518 3019 4571 κατά
3068 4515 3177 4570 τῶν
3217 4517 3375 4570 θείων
3411 4515 3654 4570 ὑποστά-

391 4607 582 4661 δεινῶν
611 4608 922 4678 ἀνθρώποις
953 4610 1270 4680 προξένους,
1297 4611 1410 4664 ὅσοι
1447 4611 1687 4680 μάλιστα
1747 4610 1814 4664 δι’
1845 4615 1976 4666 ἀνα·
2007 4609 2051 4666 D
2084 4630 2222 4666 σεων
2273 4613 2580 4683 ἐκέχρηντο
2603 4609 2836 4688 ψεύδους
2862 4626 2877 4643 ο
2929 4609 3168 4679 εὑροῦσα
3216 4608 3296 4672 δὲ,
3355 4609 3451 4662 καὶ
3491 4609 3660 4661 πᾶσιν

390 4698 598 4768 γωγίαν
623 4699 940 4770 εὐχείρωτοί
972 4701 1077 4753 είσι
1107 4703 1229 4764 ταῖς
1259 4701 1318 4766 ἐξ
1354 4701 1579 4755 ἐκείνων
1606 4701 1925 4764 ἐπιϐουλαῖς
1947 4745 1963 4770 ,

389 4793 450 4844 οὐ
498 4791 777 4855 τοιούτους
815 4791 915 4862 τὴν
957 4793 1132 4863 ἀρχὴν
1181 4797 1278 4848 καὶ
1309 4793 1636 4862 γεγονότας.
1675 4795 1780 4848 ὑπὸ
1808 4798 1966 4864 Θεοῦ,

390 4882 617 4936 ἀλλ’ὑπδ
644 4884 850 4955 τόλμης
884 4886 980 4937 καὶ
1006 4885 1272 4948 αὐθαδίας
1298 4886 1393 4940 καὶ
1419 4887 1623 4958 χείρονι
1650 4890 1970 4960 προαιρέσει

387 4975 483 5028 ἐπὶ
506 4977 574 5028 τά
600 4975 826 5029 τοιαῦτα
849 4977 1274 5044 ἀποκλίναντας,
1305 4979 1400 5031 καὶ
1429 4979 1534 5033 ὑπὸ
1557 4979 1695 5034 Θεοῦ
1727 4982 1968 5048 ἐγκατα-

391 5066 754 5134 λειφθέντας,
788 5066 948 5138 ίσμεν
1004 5084 1064 5121 τε
1127 5071 1224 5123 καὶ
1279 5070 1744 5144 ἀποστρεφόμεθα
1797 5073 1974 5137 οὕτως

392 5157 637 5227 ἔχοντας,
682 5160 779 5213 καὶ
817 5163 937 5223 ταῖς
970 5161 1079 5213 τῶν
1131 5162 1351 5229 ἀγαθῶν
1394 5164 1487 5216 τοῦ
1523 5163 1659 5217 Θεοῦ
1706 5166 1974 5220 διακόνων

393 5249 738 5314 ἐπιστασίαις
787 5251 1022 5316 ἀπαθεῖς
1058 5253 1472 5323 διατηρούμεθα
1500 5241 1594 5309 ἀπ’
1621 5257 1826 5310 αὐτῶν·
1857 5258 1973 5311 θεό-

393 5358 555 5410 τητος
611 5343 670 5395 δέ
723 5360 776 5396 τι
833 5344 1018 5407 αὐτοῖς
1084 5348 1328 5413 μετεῖναι
1378 5345 1496 5409 πῶς
1544 5347 1610 5400 ἂν
1660 5351 1884 5417 φαῖμεν,
1925 5352 1973 5403 οἱ

396 5435 532 5504 μηδέ
562 5436 675 5496 τοῖς
721 5434 953 5503 ἀγαθοῖς
984 5437 1144 5488 τοῦτο
1186 5436 1461 5504 διδόντεςς
1507 5439 1619 5491 Καὶ
1669 5441 1979 5510 μακαρίους

395 5527 496 5595 μέν
526 5543 682 5590 τινας
724 5527 782 5594 ἐξ
839 5528 1146 5597 ἀνθρώπων
1198 5529 1446 5596 γίνεσθαι
1501 5531 1612 5583 τῶν
1664 5532 1978 5600 ἀναγκαίων

393 5620 562 5683 ἐστὶν,
615 5619 752 5672 ἀλλά
809 5620 1115 5690 μακαρίους
1148 5621 1496 5690 ἀνθρώπους.
1531 5621 1644 5676 Καὶ
1695 5623 1766 5676 δι’
1801 5623 1978 5677 ἄλλων

347 5701 350 5704 ’
396 5707 497 5778 μὲν
552 5707 688 5762 ἄλλα
737 5708 1109 5779 κυϐερνᾶσθαι
1161 5710 1263 5764 τῶν
1297 5710 1488 5777 ὄντων,
1523 5711 1584 5764 τό
1632 5728 1698 5780 γε
1751 5715 1830 5778 εἰς
1877 5717 1976 5786 τὴν

469 5889 544 5954 (ι)
581 5887 724 5944 Cave
763 5888 824 5941 τὸ
860 5903 959 5957 pro
1000 5906 1052 5942 τι
1088 5887 1196 5960 legi
1231 5888 1392 5945 velis.
1436 5889 1610 5947 Auzx.

2077 4705 2249 4771 ἔδειξε
2301 4705 2558 4775 φανερῶς
2587 4743 2602 4768 ,
2635 4704 2732 4755 καὶ
2781 4702 2962 4772 ψῆφον
3003 4703 3262 4771 τοιαύτην
3294 4701 3513 4772 ἣνεγκε.
3545 4700 3658 4753 Καὶ

2080 4796 2212 4858 Θεὸς
2242 4796 2452 4849 ἄνωθεν
2500 4795 2803 4866 ἐμαρτύρει
2859 4797 2925 4864 τῇ
2955 4793 3142 4866 ψήφῳ,
3172 4793 3346 4848 πολλὰ
3383 4792 3661 4862 ἐκφαίνων

2084 4892 2288 4956 σημεῖα
2323 4887 2418 4941 τοῦ
2453 4886 2768 4956 θεοστυγεῖς
2797 4887 3086 4956 γεγονέναι
3121 4887 3248 4948 τοὺς
3275 4883 3398 4938 ἀντὶ
3439 4882 3534 4937 τοῦ
3561 4884 3662 4952 τῆς

2091 4980 2422 5049 Ἐκκλησίας
2471 4978 2785 5052 ἀξιώματος
2843 4981 2922 5048 τῷ
2983 4977 3286 5049 Ἑλληνικῷ
3339 4976 3660 5046 φιλονείκως

2085 5072 2561 5142 ἰσχυριζομένους,
2612 5073 2708 5125 καὶ
2746 5073 2822 5142 μή
2872 5071 3281 5140 ἀφισταμένους
3317 5064 3484 5120 αὐτοῦ
3521 5065 3664 5127 μετά

2080 5163 2178 5233 τὴν
2211 5166 2308 5230 τῆς
2342 5163 2676 5233 Ἐκκλησίας
2725 5165 2784 5216 ἐν
2820 5166 2935 5225 τοῖς
2969 5163 3208 5231 βελτίοσί
3261 5177 3321 5211 τε
3371 5162 3466 5212 καὶ
3502 5159 3660 5228 ἀκρι·

2082 5253 2364 5322 ϐεστέροις
2414 5255 2732 5323 ὁμολογίαν.
2775 5254 2847 5305 Τὸ
2890 5252 2994 5322 μὲν
3029 5253 3138 5321 γὰρ
3182 5250 3252 5302 δι’
3294 5249 3429 5303 αὐτὸ
3455 5247 3514 5301 ὃν
3547 5250 3662 5301 δια-

2085 5347 2273 5416 φέρειν
2323 5346 2424 5416 μέν
2478 5363 2579 5398 που
2627 5346 2719 5398 τοῦ
2776 5345 2844 5397 δι’
2897 5347 3074 5397 ἐκεῖνό
3109 5361 3173 5412 γε
3219 5345 3414 5408 ὄντος,
3445 5341 3562 5397 ἀλλ’
3598 5344 3656 5394 οὐ

2080 5439 2254 5508 δήπου
2300 5438 2397 5490 καὶ
2433 5439 2596 5506 φύσει
2626 5438 2911 5506 διαφέρειν
2957 5438 3198 5506 ἀνάγκη.
3229 5431 3306 5488 Ἦ
3340 5439 3448 5504 γὰρ
3478 5435 3542 5488 ἂν
3570 5437 3663 5487 καί

2080 5533 2139 5584 τὸ
2173 5532 2236 5583 ἔκ
2259 5547 2401 5592 τινος
2429 5529 2489 5583 ὃν
2518 5531 2668 5584 ἅπαν
2697 5529 2996 5601 διενηνόχει
3022 5527 3118 5582 τοῦ
3152 5527 3211 5593 ἐξ
3239 5522 3300 5580 οὗ
3329 5529 3448 5580 ἐστι
3482 5526 3666 5595 φύσει.

2083 5621 2240 5672 Ἔστι
2275 5619 2330 5671 δέ
2372 5637 2423 5672 τι
2451 5619 2528 5691 (1)
2574 5623 2665 5673 καὶ
2690 5619 2759 5672 δι’
2807 5619 3017 5689 ἕτερον,
3055 5619 3218 5688 φύσει
3251 5616 3446 5670 ταυτὸν
3492 5616 3571 5686 τῷ
3597 5612 3672 5670 δι’

2078 5714 2104 5764 ὃ
2145 5715 2313 5766 ἐστιν.
2357 5712 2416 5766 ὐ
2451 5713 2559 5786 γὰρ
2591 5714 2796 5784 Πέτρος
2826 5715 2914 5767 διὰ
2949 5715 3036 5768 τὶν
3078 5714 3362 5767 Ζεϐεδαῖον
3388 5711 3484 5782 μὲν
3521 5709 3670 5779 ἔστι,
