4062 6404
446 402 550 463 615

1550 376 1810 439 GENNA
1826 372 1935 433 DlI
1978 371 2088 434 (ΣΡ.
2125 367 2650 431 ΡΑΤΒΙΑΠΟΗᾹΞ

3582 349 3690 409 διο

447 512 607 579 φύσει
634 505 697 558 δέ
719 504 778 555 οὐ
813 498 1209 569 διενηνόχατον.
1243 493 1308 547 El
1340 494 1384 546 δ’
1415 492 1443 545 ό
1475 490 1758 551 Ζεϐεδαίος
1807 486 1874 539 δι’
1901 484 2020 537 ’ἐτε-
2046 484 2099 544 Α
2123 484 2273 554 αὐτῷ
2303 485 2482 554 νόημα
2512 482 2607 534 καὶ
2638 480 2808 545 Λόγος
2930 469 3025 525 τοῦ
3062 465 3222 533 Θεοῦ,
3256 464 3351 518 καὶ
3384 461 3549 516 εἰκὼν
3591 461 3695 515 αὐ-

1873 575 1884 579 -
2188 578 2209 579 κν
2249 576 2267 579 ,_
2556 571 2672 579 --μ
2766 569 2778 579 .
2894 568 2905 579 .
2982 563 3006 579 .
3184 558 3269 579 ,_-_
3306 555 3440 579 n--:'!
3501 554 3585 579 .-ι
3633 552 3694 579 ,λ

453 575 542 669 ρόν
561 601 678 650 ἐστι
707 593 804 646 καὶ
828 590 1009 656 αὐτὸς,
1050 586 1187 658 πρός
1217 602 1281 654 γε
1313 583 1406 638 τὸν
1444 581 1607 650 λόγον
1635 580 1697 633 ού
1728 575 2015 645 διαφέρει·

446 661 507 741 οὐ
538 689 646 754 γὰρ
746 681 813 735 δι’
853 679 1040 747 ἔτερόν
1070 678 1219 729 ἐστιν
1247 675 1276 727 ὁ
1304 671 1608 733 Ζεϐεδαῖος,
1639 667 1815 737 ταύτῃ
1861 681 1925 733 γε
1962 661 2022 729 EE

446 779 612 833 αὐτοῦ
645 756 850 842 Πέτρος
876 769 1023 822 ἐστίν
1044 785 1058 799 ·
1098 768 1215 836 ἅμα
1236 781 1296 818 τε
1326 765 1437 834 γὰρ
1463 762 1530 815 ἂν
1551 756 1618 831 ἦν
1651 758 1933 818 Ζεϐεδαῖος
1961 756 2023 807 ἐκ

447 869 540 923 τοῦ
572 865 738 919 αὐτοῦ
775 862 1005 932 πατρὸς,
1040 858 1135 911 καὶ
1168 858 1372 924 Πέτρος
1420 855 1484 905 ἐκ
1529 848 1836 905 Ζεϐεδαίου.
1879 845 2023 899 Ἀλλ’

450 956 807 1016 ὐποτεθέντος
842 951 938 1002 καὶ
969 948 1043 1017 μὴ
1069 945 1200 1015 παρ’
1221 943 1384 998 ἄλλου
1412 936 1554 994 εἶναι
1584 939 1676 991 τὸν
1710 936 2024 1001 Ζεϐεδαῖον,

392 1052 399 1057 ’
453 1054 501 1102 εί
535 1048 771 1117 προάγοι
802 1044 1011 1112 Πέτρον
1050 1038 1124 1101 ὡς
1155 1036 1249 1089 νῦν
1281 1038 1346 1105 τῇ
1378 1031 1543 1087 αὐτοῦ
1575 1030 1763 1099 φύσει,
1792 1028 1884 1080 τὸν
1930 1026 2027 1079 αὐ-

452 1144 543 1196 τὸν
577 1143 642 1194 ἂν
671 1143 735 1208 τῇ
766 1135 934 1191 αὐτοῦ
969 1133 1129 1201 φύσει
1153 1118 1485 1198 προενέγκαι
1516 1125 1728 1177 τοῦτον.
1760 1121 1873 1173 Οὐκ
1901 1118 2027 1171 ἁδύ-

453 1250 612 1294 νατος
662 1231 706 1283 δ’
738 1232 771 1298 ἡ
806 1224 1141 1292 ὑπόθεσις·ὴ
1173 1224 1279 1290 γὰρ
1330 1218 1453 1288 ίερά
1509 1212 1829 1268 διδασκαλία
1868 1209 2027 1279 τπρῶο

451 1327 544 1379 τόν
575 1340 695 1377 τινα
734 1320 1021 1389 ἄνθρωπον
1069 1313 1357 1382 γεγονέναι
1407 1307 1676 1378 βούλεται.
1718 1305 1779 1357 El
1836 1303 1892 1357 δὲ
1924 1302 2031 1355 κά-

454 1421 629 1478 κεῖνος
658 1416 745 1468 διὰ
777 1413 869 1466 τὸν
899 1410 1055 1471 Θεὸν,
1082 1409 1183 1459 οὐκ
1225 1401 1459 1461 ἐνταῦθα
1501 1400 1582 1452 δεῖ
1608 1398 1765 1451 τοῦτό
1796 1413 1859 1465 γε
1909 1410 2033 1446 σκο-

454 1512 601 1562 πεῖν·
644 1509 706 1560 οὐ
742 1508 851 1573 γὰρ
883 1500 1138 1572 ὁμοειδὴς
1182 1500 1215 1561 ἡ
1268 1495 1441 1548 αἰτία.
1492 1492 1617 1545 Ἐπὶ⁵
1664 1491 1719 1543 δὲ
1766 1486 1861 1540 τοῦ
1893 1485 2031 1539 Θεοῦ

457 1601 554 1652 καὶ
579 1598 929 1652 παντάπασιν
960 1592 1165 1659 ἀληθής
1187 1590 1327 1649 ἐστι,
1360 1585 1430 1638 δι’
1453 1584 1605 1637 οὐδὲν
1633 1581 1821 1650 ἕτερον
1852 1579 2030 1641 ὄντος,

459 1692 596 1745 ἁ).λά
635 1692 773 1743 πάνυ
802 1688 868 1739 δι’
912 1683 1127 1737 ἐαυτόπη
1159 1665 1374 1746 Είγοῦν
1408 1675 1562 1730 οὐδέν
1598 1691 1651 1724 τι
1682 1669 1884 1724 κωλύει
1911 1667 2036 1720 ἀτο-

465 1785 566 1853 μόν
593 1802 645 1835 τι
695 1781 752 1846 ἐξ
787 1780 973 1847 ἐτέρου
1004 1773 1378 1843 γεγενημένον
1408 1769 1503 1821 καὶ
1538 1766 1670 1833 αὐτὸ
1700 1762 1827 1817 ἄλλο
1859 1777 2029 1831 προα-

461 1851 653 1947 γαγεῖν
695 1872 837 1925 κατά
887 1872 947 1922 τὸ
990 1869 1086 1936 τῆς
1136 1864 1351 1933 φύσεως
1392 1858 1534 1922 εἶδος
1559 1896 1573 1922 ,
1625 1854 1678 1908 τί
1713 1851 1914 1906 κωλύει
1939 1851 2030 1903 τὸν

462 1942 595 2023 Θεὸν
636 1968 730 2020 καὶ
757 1965 903 2032 ἡμᾶς
950 1959 1159 2013 οἴεσθαι
1194 1954 1394 2024 ἄνομόν
1447 1969 1501 2004 τι
1581 1945 1927 2019 προαγαγεῖν
1974 1942 2032 2007 ἐξ

463 2059 660 2115 ἐαυτοῦ
700 2057 776 2126 τῷ
832 2055 966 2106 εῖδει
1015 2052 1114 2120 τῆς
1167 2047 1417 2117 φύσεως;
1476 2043 1538 2097 El
1591 2042 1701 2109 γὰρ
1757 2037 1890 2108 μηδέ
1942 2034 2036 2087 τὸν

466 2152 746 2208 Ζεϐεδαῖον
780 2146 845 2199 ἂν
871 2142 1170 2203 ἐκώλυσεν,
1193 2138 1354 2207 ειπερ
1392 2130 1501 2189 οἷόν
1530 2128 1662 2203 τ’ἧν
1695 2129 1856 2184 αὐτὸν
1887 2125 2039 2197 πρῶ-

464 2260 556 2297 τον
605 2240 899 2305 ἄνθρωπον
948 2233 1255 2301 γεγονέναι,
1290 2227 1383 2280 τὸν
1440 2224 1646 2294 Πέτρον
1694 2217 2039 2289 προαγαγεῖν

465 2334 612 2388 τοῦτ’
646 2331 777 2385 αὐτὸ
811 2328 871 2381 τὸ
902 2329 967 2379 ἐκ
1011 2321 1240 2394 μηδενὸς
1271 2316 1626 2386 γεγενῆσθαι,
1657 2312 1762 2373 ἓως
1794 2307 2039 2370 τοιοῦτός

467 2443 532 2493 γε
570 2420 637 2494 ἦν
682 2421 778 2473 καὶ
819 2415 1049 2471 τοιαῦτα
1099 2412 1354 2480 ᾒδύνοιτο,
1388 2407 1504 2468 πῶς
1535 2406 1600 2458 ἂν
1621 2404 1682 2456 τὸ
1708 2404 1773 2454 ἐκ
1813 2397 2041 2469 μηδενὸς

467 2489 608 2571 εἶναι
658 2511 924 2567 κωλύσειε
969 2509 1063 2560 τὸν
1118 2503 1253 2556 Θεὸν
1296 2500 1563 2572 προάγειν
1617 2511 1672 2549 τι
1711 2492 1770 2560 EE
1816 2489 2038 2556 ἐαυτοῦ,

467 2610 572 2670 ἕως
607 2607 671 2659 ἂν
709 2604 742 2674 ᾖ
791 2599 1222 2666 παντοδύναμος,
1257 2594 1350 2647 καὶ
1379 2591 1540 2659 φύσει
1567 2605 1626 2642 τε
1657 2587 1752 2640 καὶ
1789 2583 2036 2656 βουλήσει

467 2695 796 2756 τελεώτατός
847 2709 908 2744 τε
957 2691 1053 2743 καὶ
1086 2689 1351 2757 άριστος;
1386 2682 1484 2751 Είη
1521 2681 1619 2750 μὲν
1640 2677 1734 2731 οῦν
1762 2676 1856 2728 καὶ
1885 2672 2042 2726 τοῦτο

469 2791 562 2843 τοῦ
596 2791 775 2842 πάντα
804 2783 1067 2838 δύνασθαι
1097 2780 1189 2831 τὸν
1226 2775 1379 2841 Θεὸν,
1410 2774 1471 2827 τὸ
1493 2769 1756 2824 δύνασθαι
1779 2764 2042 2835 γεννῆσαι

470 2880 651 2949 ἑαυτῷ
679 2881 799 2932 ἴσον
826 2875 983 2928 Υίὸν·
1013 2872 1108 2924 καὶ
1130 2866 1432 2937 ἀδυναμίας
1459 2865 1525 2918 ἂν
1554 2859 1622 2933 ἦν
1653 2859 1720 2913 αὖ
1756 2861 1816 2913 τὸ
1846 2856 1922 2928 μὴ
1953 2855 2045 2909 δύ-

471 2946 689 3023 νασθαι.
745 2965 932 3028 Οῦτως
985 2961 1079 3015 οῦν
1127 2959 1240 3013 οὐτ’
1273 2957 1486 3023 ἀνάγκη
1539 2955 1601 3005 τὸ
1641 2951 1710 3005 δι’
1747 2950 1939 3020 ἕτερον
1983 2946 2042 3001 ὃν

473 3062 620 3116 ἅπαν
643 3057 735 3110 τοῦ
778 3054 844 3108 δι’
879 3056 906 3106 ὅ
939 3055 1057 3105 ἐστι
1093 3051 1252 3119 φύσει
1283 3044 1707 3116 διακεκρίσθαι,
1746 3041 1808 3095 οὐ
1844 3039 2046 3111 μᾶλλον

474 3101 510 3221 ξ
541 3150 754 3216 ἀνάγκη
794 3101 1053 3214 μηδέν
1085 3101 1223 3193 ίῖναι
1264 3101 1512 3191 ὁπωσοῦν
1562 3135 1622 3186 ἐκ
1669 3101 1763 3186 τοῦ
1799 3101 2047 3203 μηδαμά·
2077 3101 2120 3160 c

476 3241 567 3292 θεν
599 3238 751 3297 ὄντος
788 3235 908 3304 μηδ’
938 3230 1213 3296 ὁπωσοῦν,
1255 3228 1368 3282 οὐτ’
1395 3226 1612 3294 ἀνάγκη
1641 3226 1735 3279 τὸν
1783 3224 1914 3277 Υίὸν
1950 3221 2045 3277 τοῦ

475 3330 612 3383 Θεοῦ
655 3328 841 3394 ἓτερον
873 3319 1016 3378 εἶναι
1055 3323 1152 3377 τοῦ
1184 3319 1580 3390 γεγεννηκότος
1609 3319 1676 3387 τῇ
1706 3315 1890 3385 φύσει,
1985 3314 2049 3384 δὴ

478 3422 757 3474 ἐϐούλοντο
786 3420 833 3471 οί
866 3418 997 3487 περὶ
1029 3415 1121 3469 τὸν
1159 3416 1402 3484 Ἀρειον,
1450 3413 1540 3465 καὶ
1593 3412 1643 3463 εί
1686 3409 1763 3479 μὴ
1806 3407 2048 3469 τοιοῦτος

483 3516 592 3584 εἴη,
628 3511 752 3583 μηδ’
780 3512 848 3563 ἂν
875 3510 1036 3562 αὐτὸν
1081 3506 1221 3559 εἶναι
1267 3505 1405 3567 ὅλως
1457 3506 1519 3555 ἐκ
1564 3502 1658 3555 τοῦ
1699 3499 1856 3563 Θεοῦ,
1888 3499 1961 3562 ὡς
1990 3498 2051 3551 τὸ

494 3605 808 3675 Ἑλληνικὸν
867 3603 959 3655 καὶ
1020 3599 1257 3652 ἐκείνων»
1296 3595 1550 3650 ἀπαιτεῖν
1588 3592 1763 3644 ἐδόκει
1806 3589 2049 3657 ἀξίωμα.

483 3699 660 3759 Ὀλως
689 3696 769 3757 δὲ,
798 3695 847 3746 εί
885 3691 984 3761 μὲν
1031 3691 1090 3743 τὸ
1119 3689 1182 3741 ἐκ
1227 3686 1477 3757 μηδενὸς,
1512 3682 1630 3736 ἀλλ’
1657 3680 1956 3750 ἀγέννητόν
1989 3695 2050 3730 τε

478 3790 576 3844 καὶ
610 3789 853 3842 ἀναίτιον
883 3783 966 3847 δν,
998 3781 1129 3837 αὐτὸ
1165 3776 1339 3850 μόνον’
1354 3778 1462 3830 ἔδει
1494 3769 1656 3840 εἶναι,
1691 3774 1789 3827 καὶ
1820 3773 1895 3836 ὡς
1921 3770 2053 3823 αὐτὸ

483 3881 558 3949 μὴ
611 3878 759 3931 ἐστιν
804 3876 868 3929 ἐκ
913 3891 1058 3937 τινος
1101 3871 1282 3926 οὐδενὶ
1341 3869 1553 3938 τρόπῳ,
1596 3864 1717 3919 οὐδ”
1742 3865 1871 3919 ἄλλο
1907 3882 1960 3916 τι
1996 3862 2055 3926 ἐξ

482 3970 649 4025 αὐτοῦ
680 3968 868 4039 τρόπῳ
903 3964 1096 4036 μηδενί⁵
1127 3959 1586 4033 προεληλυθέναι,
1619 3956 1731 4010 οὐδ’
1764 3956 1812 4009 οί
1841 3954 2053 4024 ψευδώ-

481 4082 541 4117 ν’.
552 4080 644 4132 μοι
676 4062 877 4114 ἐκεῖνοι
904 4057 1018 4112 θεοὶ
1047 4055 1143 4109 καὶ
1172 4054 1307 4108 Θεοῦ
1335 4053 1544 4117 παῖδες,
1570 4049 1679 4103 οὐδ’
1711 4048 1838 4104 ἄλλο
1863 4064 1918 4100 τι
1944 4045 2055 4099 τῶν

480 4154 652 4207 ὄντων
702 4149 900 4220 ἐγίνετ’
960 4149 1026 4203 ἂν
1084 4143 1146 4210 EE
1211 4143 1402 4200 αὐτοῦ.
1458 4142 1633 4196 Εί·δὲ
1676 4139 1835 4193 τοῦτό
1865 4155 1927 4207 γε
1954 4137 2056 4191 οὐκ

481 4247 719 4315 ἀνάγκη,
770 4240 945 4296 πολλὰ
977 4239 1088 4309 γὰρ
1139 4236 1245 4288 ὐπὸ
1292 4235 1388 4288 τοῦ
1450 4234 1750 4302 ἀγεννήτου
1799 4228 2055 4301 παρήχθη

482 4338 578 4392 καὶ
631 4338 858 4405 γέγονεν
895 4328 1172 4393 ὁπωσοῦν,
1225 4327 1307 4390 τίς
1363 4328 1395 4396 ἡ
1428 4326 1641 4392 ἀνάγκη
1675 4323 1734 4375 τὸ
1766 4321 2057 4390 ἀγέννητον

2119 578 2213 631 τοῦ
2244 552 2506 645 ἔμφυτος.
2548 571 2685 628 Οὐδὲ
2724 569 2792 622 τὰ
2849 568 2949 637 μὲν
2982 563 3149 633 ἔτερα
3180 558 3271 613 τοῦ
3305 555 3467 619 Θεοῦ,
3497 554 3586 608 διά
3633 552 3696 606 τὸ

2122 669 2288 723 αὐτὸν
2329 668 2393 718 ἐκ
2425 663 2654 735 μηδενὸς
2682 654 2847 720 εἶναι,
2884 655 2943 721 ἐξ
2975 651 3142 708 αὐτοῦ
3179 651 3353 713 ἐσται,
3386 648 3416 700 ὁ
3443 647 3501 699 δέ
3524 648 3697 714 Λόγος

2123 757 2289 814 αὐτοῦ
2320 757 2406 809 διὰ
2450 753 2598 807 τοῦτ’
2629 750 2763 806 αὐτὸ
2793 745 2860 804 αὖ
2894 748 2995 800 οὐκ
3041 745 3214 806 ἔσται,
3248 742 3346 796 καὶ
3386 739 3447 792 τὸ
3477 738 3699 806 Πνεῦμα

2123 852 2183 906 τὸ
2238 849 2415 915 ἆγιον.
2452 847 2597 909 Ἕως
2638 846 2682 898 δ’
2711 844 2776 897 ἂν
2824 839 3054 909 οὐδεμία
3104 837 3318 905 ἀνάγκη
3367 828 3401 906 ᾖ
3446 831 3537 884 τὸν
3568 830 3700 883 Θεὸν

2124 946 2317 1013 ἄγονον
2364 938 2505 995 εῖναι
2551 939 2638 992 διὰ
2684 936 2744 990 τὸ
2785 931 2928 989 slva:
2979 930 3297 998 ἀγέννητον,
3337 925 3370 995 ἢ
3428 924 3597 993 μηδέν
3648 938 3701 974 τι

2127 1010 2267 1089 εἶναι
2298 1033 2369 1086 δι’
2403 1032 2566 1085 αὐτὸν
2614 1030 2703 1101 διά
2732 1027 2793 1080 τὸ
2826 1023 2989 1081 αὐτὸν
3020 1016 3161 1075 εἶναι
3187 1017 3254 1072 δι’
3285 1014 3501 1079 ἐαυτὸν,
3552 1010 3701 1065 οὐδε-

2131 1127 2260 1198 μίαν
2288 1125 2441 1195 ίσχύν
2474 1125 2505 1193 ή
2537 1120 2648 1175 τῶν
2690 1118 2964 1187 Ἑλλήνων
2988 1113 3085 1168 καὶ
3111 1111 3220 1165 τῶν
3262 1103 3560 1178 Ἀρειανῶν
3586 1101 3700 1167 EE“

2129 1193 2414 1286 πρότασις·
2451 1211 2570 1267 ἀλλ’
2609 1211 2763 1264 ἔσται
2802 1209 2900 1279 μὲν
2926 1206 2987 1258 τὸ
3023 1203 3091 1257 δι’
3130 1200 3266 1255 αὐτὸ
3294 1198 3378 1262 δν,
3417 1197 3512 1250 καὶ
3544 1194 3603 1247 τὸ
3633 1193 3700 1245 δι’

2134 1375 2352 1467 πάντως
2381 1400 2637 1469 διαφορᾷ,
2679 1396 2794 1450 ἀλλ’
2831 1389 3053 1464 ἀριθμῷ
3087 1388 3206 1458 μὲν,
3248 1385 3341 1438 ἐάν
3389 1399 3443 1434 τι
3492 1378 3582 1469 διὰ

2133 1495 2297 1550 αὐτοῦ
2324 1463 2497 1562 ιρύσιν-
2579 1463 2637 1553 ἐξ
2665 1485 2853 1547 αὐτοῦ,
2884 1482 2980 1535 καὶ
3007 1478 3137 1532 εῖδει
3182 1473 3240 1527 δέ
3267 1471 3361 1526 καὶ
3392 1467 3570 1537 οὐσίᾳ,
3607 1463 3702 1516 ἐὰν

2133 1588 2221 1641 διὰ
2246 1558 2348 1653 τὴν
2372 1558 2646 1652 βούλησιν.
2678 1576 2787 1631 Καὶ
2819 1573 3103 1641 δυνάμεων
3127 1565 3360 1635 διαφορά
3388 1558 3559 1653 οὐχῌή
3606 1571 3702 1624 με·

2136 1648 2535 1745 γίστηνὸμοίως
2560 1672 2617 1722 ἐν
2648 1667 2873 1727 ἆπασιν,
2925 1659 3040 1714 ἀλλ’
3082 1658 3147 1712 ἂν
3182 1654 3280 1726 μέν
3309 1670 3363 1705 τι
3408 1648 3702 1745 ἀγέννητον

2140 1733 2220 1833 δν,
2252 1733 2345 1818 καὶ
2363 1733 2531 1831 ’φύσει
2564 1760 2629 1830 δὴ
2652 1760 2746 1809 καὶ
2775 1753 3029 1825 βουλήσει
3056 1745 3278 1818 ἄριστόν
3304 1759 3367 1812 γε
3394 1740 3490 1793 καὶ
3514 1733 3708 1790 τελεώ-

2064 1822 2104 1875 B
2136 1822 2319 1922 τατον,
2354 1822 2739 1925 δημιουργήση
2776 1822 3019 1917 -θελῆσαν
3064 1843 3139 1906 ὡς
3192 1839 3262 1892 τά
3306 1836 3473 1906 τέχνῃ
3508 1828 3708 1883 κποιού-

2140 1920 2313 2019 μενα,
2335 1920 2439 1999 καῖ
2469 1920 2722 2013 δυνάμει
2745 1941 2810 2011 δὴ
2851 1936 3088 2009 μάλιστά
3129 1949 3194 2001 γε
3245 1929 3440 1983 διοίσει
3473 1923 3583 1977 τῶν
3615 1920 3708 1975 ὐπ’

2139 2013 2306 2095 αὐτοῦ
2337 2036 2639 2106 γεγονότων
2667 2035 2734 2103 τῇ
2766 2033 2994 2099 φυσικῇ·
3029 2024 3229 2096 μᾶλλον
3260 2020 3304 2074 δ’
3328 2017 3467 2073 αὐτά
3494 2013 3707 2069 ἐκείνου

2138 2104 2427 2187 διοίσουσι·
2457 2127 2661 2195 φυσικῇ
2693 2123 2749 2176 δέ
2775 2119 2985 2192 προόδῳ
3006 2117 3066 2181 EE
3091 2112 3257 2169 αὐτοῦ
3287 2126 3450 2163 τινων
3480 2104 3713 2177 προελη-

2140 2220 2400 2284 λυθότων,
2428 2216 2515 2287 τῷ
2548 2215 2831 2284 ἀγεννήτῳ
2883 2210 3044 2280 μόνον
3080 2205 3174 2261 καὶ
3219 2202 3297 2273 τῷ
3329 2201 3387 2266 ἐξ
3414 2197 3732 2266 ἀγεννήτου.

2143 2307 2285 2365 εῖναι
2316 2311 2410 2363 καὶ
2454 2308 2589 2367 ὅλως
2636 2308 2703 2376 τῇ
2732 2302 2854 2357 κατ’
2897 2298 3130 2371 ἀριθμὸν
3168 2293 3402 2362 διαφορᾷ
3441 2289 3715 2360 χωρισθῆ-

2144 2418 2351 2464 σονται,
2378 2402 2477 2470 τῆς
2513 2398 2728 2467 φύσεως
2761 2396 2857 2465 τῆς
2887 2392 3057 2460 αὐτῆς
3109 2386 3280 2454 οὔσης
3306 2384 3585 2447 καθάπαξ·
3618 2379 3715 2432 καὶ

2146 2495 2290 2549 οῦτω
2323 2492 2525 2563 μᾶλλον
2553 2493 2652 2557 τῆς
2686 2487 2858 2554 αὐτῆς
2899 2485 2931 2554 ἢ
2972 2485 3031 2539 ἐν
3070 2479 3338 2548 Ζεϐεδαίῳ
3369 2478 3466 2531 καὶ
3502 2475 3714 2544 Πέτρῳ,

2143 2589 2254 2659 ὅσῳ
2299 2588 2413 2640 ἐκεῖ
2446 2583 2549 2655 μὲν
2584 2584 2673 2637 διά
2724 2579 2824 2651 τὴν
2870 2578 3004 2647 ῦλην
3049 2573 3270 2647 ἀριθμῷ
3318 2569 3614 2641 διενηνόχει
3657 2568 3718 2620 τὸ

2144 2677 2284 2742 εἶδος
2311 2677 2408 2746 τῆς
2453 2675 2669 2746 φύσεως
2721 2674 2780 2725 ἐν
2823 2670 3060 2739 ἀμφοῖν·
3092 2663 3329 2721 ἐνταῦθα
3377 2662 3433 2716 δέ
3477 2660 3568 2716 διὰ
3616 2659 3717 2731 τὴν

2146 2772 2339 2826 άύ).ίαν
2373 2785 2434 2821 τε
2465 2768 2561 2821 καὶ
2595 2764 2693 2835 τὴν
2744 2761 3025 2831 ἀπειρίαν,
3070 2755 3289 2828 ἀριθμῷ
3342 2754 3440 2824 μία
3466 2754 3499 2822 ἡ
3534 2750 3717 2819 φύσις,

2148 2863 2345 2918 ταυτὸν
2374 2861 2417 2914 δ’
2449 2859 2624 2913 εἰπεῖν
2648 2860 2682 2928 ὴ
2717 2857 2931 2924 θεότης,
2960 2852 3016 2906 ἐν
3042 2868 3101 2904 τε
3128 2850 3207 2919 τῷ
3230 2849 3298 2902 δι’
3328 2846 3459 2902 αὐτὸ
3489 2845 3602 2898 ὄντι
3624 2843 3720 2897 κιὶ

2148 2954 2261 3015 τοῖς
2295 2951 2353 3018 EE
2389 2948 2556 3004 αὐτοῦ
2592 2947 2721 3018 τῇδε
2754 2942 3128 3016 προηγμένοις
3156 2941 3401 3007 πέφυκεν
3429 2934 3589 2990 οὐσα.
3616 2934 3721 2985 Καὶ

2153 3044 2208 3098 εῐ
2232 3060 2294 3113 γε
2322 3043 2403 3096 δεῖ
2432 3041 2634 3113 μᾶλλον
2664 3037 3004 3108 ἐξακριϐοῦν,
3031 3034 3219 3096 me»;
3251 3032 3351 3103 μὲν
3390 3033 3503 3084 ἐστι
3530 3031 3597 3085 δι’
3626 3029 3723 3082 αύ-

2151 3137 2243 3189 τὸν
2268 3138 2295 3188 ό
2320 3134 2473 3199 Θεὸς,
2505 3132 2603 3186 καὶ
2642 3130 2710 3184 δι’
2740 3130 2891 3183 οὐδὲν
2924 3128 3072 3182 ἄλλο·
3119 3126 3182 3179 οῦ
3235 3125 3301 3195 δὴ
3336 3125 3369 3195 ἡ
3403 3124 3582 3187 κτίσις
3627 3137 3722 3192 με·
3794 3130 3800 3136 “

2149 3229 2316 3299 γίστῃ
2345 3224 2632 3293 δυνάμεων
2685 3221 2878 3292 ἐκρίθη
2928 3218 3180 3288 διαφορᾷ,
3233 3216 3310 3279 ὡς
3363 3215 3518 3269 αὐτοί
3563 3230 3720 3282 φασι.

2150 3321 2218 3374 δι’
2254 3317 2383 3372 ἄλλο
2426 3314 2686 3386 γεγονυῖά
2731 3329 2791 3367 τε
2824 3313 2920 3365 καὶ
2948 3307 3106 3376 οὖσα,
3145 3308 3385 3380 δηλονότι
3430 3308 3521 3361 διά
3563 3308 3721 3363 Θεὸν.

2163 3412 2222 3467 Ὀ
2251 3412 2305 3466 δὲ
2328 3411 2476 3474 θεῖος
2509 3408 2687 3476 Λόγος
2714 3405 2775 3458 οὐ
2805 3404 2872 3459 δι’
2900 3403 3029 3458 ἄλλο
3047 3403 3217 3470 ἐστὶν,
3249 3399 3375 3455 οὔτε
3396 3401 3456 3454 τὸ
3476 3400 3722 3469 Πνεῦμα,

2151 3506 2276 3561 οὐτε
2326 3504 2406 3576 τῷ
2456 3504 2523 3557 δι’
2572 3503 2701 3557 ἄλλο
2752 3502 2847 3555 καὶ
2899 3498 2976 3571 τῷ
3022 3498 3090 3553 δι’
3132 3496 3434 3565 αὐτὸεαύτά
3465 3511 3526 3548 τε
3572 3497 3666 3547 καὶ
3696 3495 3725 3544 ὁ

2154 3594 2487 3668 προαγαγὼν
2517 3593 2649 3657 Θεὸς
2699 3591 2996 3662 διενήνοχε·
3027 3589 3144 3652 πῶς
3172 3587 3281 3657 γάρ
3311 3587 3380 3640 τά
3413 3585 3511 3656 τὴν
3555 3584 3727 3652 αὐτὴν

2153 3688 2374 3760 ἀριθμῷ
2403 3685 2569 3757 φύσιν
2617 3683 2849 3755 ἔχοντας
2897 3680 3035 3735 άλλά
3088 3678 3167 3749 τῷ
3214 3678 3282 3732 δι’
3328 3677 3490 3731 αὐτὸν
3525 3675 3728 3745 μᾶλλον

2153 3781 2251 3833 κοιλ⁸
2274 3780 2352 3847 τῷ
2388 3777 2457 3831 δι’
2490 3777 2703 3844 ἕτερον,
2737 3774 2813 3835 ὡς
2844 3772 2911 3826 ἂν
2947 3773 2981 3843 ἡ
3009 3769 3248 3840 διαφορά
3283 3768 3419 3838 πρὸς
3465 3766 3565 3830 τάς
3595 3765 3730 3818 ὐπο-

2158 3871 2374 3934 στάσεις
2409 3869 2602 3934 αὐτὰς,
2640 3866 2715 3937 μὴ
2766 3864 2901 3936 πρὸς
2948 3863 3045 3934 τὴν
3084 3860 3246 3930 φύσιν
3277 3861 3607 3928 ἀνιέναιμτῳ
3634 3856 3727 3913 δό-

2158 3964 2321 4027 ξειεν.
2368 3960 2458 4012 Ἐν
2490 3951 2570 4020 οἷς
2603 3957 2657 4009 δέ
2692 3959 2838 4008 ἐστιν
2883 3956 2917 4025 ἡ
2968 3952 3111 4007 κατά
3144 3950 3307 4021 φύσιν
3356 3951 3541 4019 ἑνότης
3585 3949 3729 4001 οὕτω

2156 4051 2442 4122 λαμπρῶς,
2484 4050 2544 4102 τὸ
2570 4046 2638 4101 δι’
2677 4047 2838 4100 αὐτόν
2871 4063 2931 4098 τε
2967 4041 3109 4098 εἶναι
3158 4043 3252 4096 κοιλ⁵
3280 4042 3351 4096 δι’
3379 4043 3588 4095 ἐκεῖνον
3633 4042 3727 4093 οὐ-

2156 4144 2348 4213 δεμίαν
2378 4140 2640 4210 διαφορὰν
2666 4138 2876 4205 εἰσάγει
2908 4137 3196 4205 δύνάμεων
3217 4151 3230 4166 ·
3275 4133 3308 4203 ἢ
3334 4132 3597 4200 διαφορὰν
3632 4131 3731 4198 μὲν

2159 4238 2255 4291 καὶ
2285 4234 2529 4306 μεγάλην
2559 4233 2730 4303 δήπου
2774 4232 2934 4294 ποιεῖ,
2983 4230 3065 4282 ὅτι
3100 4226 3273 4295 ταύτῃ
3304 4224 3467 4292 μόνον
3496 4214 3733 4292 διενηνοὲ

2158 4330 2314 4400 χότα,
2338 4326 2434 4398 τὴν
2456 4326 2734 4394 διάκρισιν
2764 4321 3124 4390 ἀνεπίμικτον
3147 4318 3404 4382 σώζουσι,
3424 4316 3520 4369 καὶ
3541 4314 3732 4385 ὥσπερ

487 4431 561 4500 μὴ
593 4429 690 4481 καὶ
720 4422 1050 4492 συνωνύμως
1075 4420 1313 4490 γεννᾷν;
1354 4419 1428 4470 Οὐ
1457 4417 1566 4485 γὰρ
1597 4415 1661 4484 δὴ
1696 4413 1922 4481 ἀνόμοια
1960 4411 2058 4479 μὲν
2083 4428 2139 4489 Β
2164 4422 2263 4475 οὐκ
2298 4421 2363 4474 ἂν
2402 4418 2543 4472 αὐτά
2592 4433 2655 4483 γε
2702 4413 2797 4480 τὴν
2850 4411 2944 4465 τοῦ
2984 4413 3052 4465 δι’
3083 4409 3246 4464 αὐτὸν
3294 4409 3447 4472 ὄντος
3490 4406 3733 4477 ἰδιότητα

483 4523 795 4590 δυνήσεται,
820 4518 982 4584 ὃμοια
1010 4512 1066 4564 δὲ
1088 4513 1286 4580 γεννᾷν
1324 4509 1399 4579 μὴ
1421 4509 1732 4576 δυνήσεται,
1766 4504 1794 4567 δ
1826 4504 1888 4572 δὴ
1914 4503 2054 4572 ἔφθη

486 4609 882 4679 ἐληλεγμένον,
917 4604 991 4666 ὼς
1021 4604 1085 4658 ἄν
1116 4618 1260 4664 τινος
1317 4600 1425 4652 τῶν
1468 4597 1711 4666 γονίμων
1766 4595 1897 4647 νόθα
1954 4594 2053 4663 μὲν

486 4704 599 4756 οἴου
632 4717 692 4753 τε
723 4699 877 4760 ὄντος
916 4696 1135 4765 γεννᾷν,
1181 4693 1381 4762 γνήσια
1411 4689 1468 4741 δέ
1515 4689 1775 4758 προάγειν
1807 4687 1866 4738 οὐ
1901 4686 2059 4738 δυναο

493 4780 703 4864 μένου.⁸
736 4787 871 4841 Οὐδὲ
919 4787 1061 4840 κατὰ
1116 4785 1215 4854 μέν
1245 4784 1342 4853 τὴν
1379 4781 1634 4851 βούλησιν
1687 4780 1827 4848 ἁρχὴ
1874 4794 2056 4839 τινων,

494 4884 633 4938 κατὰ
652 4880 709 4933 δὲ
738 4880 835 4948 τὴν
863 4878 1025 4947 φύσιν
1054 4875 1266 4937 οὐδενὸς
1303 4873 1478 4925 ἐσται·
1512 4872 1574 4924 οὐ
1604 4869 1712 4939 γὰρ
1742 4870 1851 4921 τῶν
1878 4867 2059 4920 αὐτῶν

490 4990 556 5045 γε
589 4972 711 5025 κατ’
751 4972 943 5040 ἀμφω,
990 4961 1070 5030 οἷς
1119 4966 1180 5019 τὸ
1211 4964 1264 5017 τί
1313 4967 1460 5016 ἐστιν
1490 4964 1551 5015 οὐ
1586 4961 1805 5014 ταύτόν·
1843 4959 1963 5011 οὐδέ
1994 4959 2059 5027 τῇ

495 5069 593 5139 μὲν
627 5067 779 5119 ἐσται
807 5062 1053 5131 γόνιμος,
1099 5062 1164 5129 τῇ
1212 5058 1268 5110 δὲ
1312 5056 1527 5125 ἄγονος.
1575 5052 1701 5107 Οὐδ’
1739 5055 1788 5103 εἰ
1836 5053 1933 5120 τὴν
1965 5049 2062 5120 μὲν

493 5159 656 5230 φύσιν
684 5157 782 5228 τὴν
813 5152 985 5225 αὐτὴν
1018 5152 1137 5222 ἔχοι
1190 5153 1255 5220 τῇ
1311 5148 1562 5217 ἐνεργείᾳ
1597 5144 1874 5210 καθάπαξ,
1912 5144 2062 5195 ἔσται

492 5255 655 5309 τινῶν
694 5253 867 5314 αῐτιος
896 5251 993 5302 καὶ
1026 5246 1169 5300 κατὰ
1193 5246 1292 5313 τὴν
1333 5244 1496 5313 φύσιν
1526 5239 1633 5293 τῶν
1658 5238 1863 5303 αὐτῶν,
1904 5235 1940 5290 ἃ
1968 5236 2063 5287 καὶ

494 5351 560 5419 τῇ
616 5346 869 5415 ἐνεργείᾳ
914 5343 1194 5415 προάγοι,
1266 5338 1362 5390 καὶ
1423 5336 1575 5389 οὐδὲν
1644 5331 1898 5385 ἐντεῦθεν
1940 5330 2066 5396 ἐψει

494 5458 605 5501 ται,
653 5438 733 5505 τῷ
763 5438 857 5490 καὶ
909 5437 1067 5504 φύσει
1120 5432 1261 5486 εἶναι
1322 5427 1664 5499 προαγωγόν.
1704 5425 1764 5477 El
1808 5422 1865 5474 δὲ
1894 5422 2068 5490 διενη-

496 5531 683 5601 νέχθαι
712 5545 832 5591 πως
855 5525 1067 5594 ἀληθῶς
1116 5526 1175 5576 ἐν
1231 5521 1377 5589 αὐτῷ
1427 5519 1590 5587 φύσις
1637 5517 1734 5568 καὶ
1767 5514 1926 5565 οὐσία
1958 5513 2066 5564 δει-

498 5623 734 5687 κνύοιτο,
760 5623 825 5689 τῇ
864 5618 1115 5688 ἐνεργείᾳ
1143 5613 1370 5684 προαξει
1397 5615 1490 5665 καὶ
1533 5611 1591 5662 οὐ
1626 5610 1690 5677 τῇ
1725 5606 1909 5675 φύσει.
1934 5601 2066 5655 Οὐδέ

498 5713 567 5763 τὰ
602 5712 700 5780 μέν
730 5710 868 5765 ἄλλα
918 5706 1136 5776 ποιήσει
1187 5705 1321 5757 νοῶν
1351 5743 1366 5768 ,
1418 5700 1615 5755 ἑαυτὸν
1660 5697 1829 5751 δέ.οὐ
1882 5696 2066 5763 νοήσει

503 5803 678 5854 ποιεῖν
709 5802 777 5855 τὰ
804 5802 939 5855 ἄλλα
971 5797 1290 5864 δυνάμενον,
1327 5796 1412 5848 ἵνα
1450 5793 1526 5863 μὴ
1569 5790 1630 5843 τὸ
1661 5786 1965 5857 συλληφθὲν
2008 5788 2065 5839 ἐν

2167 4511 2480 4584 μεταλάϐοι,
2515 4508 2686 4571 οὐτως
2717 4507 2823 4559 οὐδ’
2866 4505 2932 4559 ἂν
2962 4504 3093 4558 αὐτό
3138 4517 3273 4556 ποτε
3307 4500 3442 4571 πρὸς
3491 4499 3594 4569 τὴν
3625 4496 3735 4551 τῶν

2162 4604 2421 4660 αίτιατῶν
2482 4602 2825 4673 μετασταίη·
2884 4597 3151 4667 διαφοράν
3205 4595 3263 4649 δὲ
3315 4594 3586 4662 ἀτομικὴν
3639 4593 3735 4646 καὶ

2163 4696 2545 4768 προσωπικὴν,
2604 4693 2638 4763 ἢ
2692 4692 2790 4761 τὴν
2842 4689 2940 4759 τῆς
2997 4688 3216 4766 φύρεως
3261 4684 3359 4737 οὐκ
3412 4682 3479 4736 ἂν
3518 4681 3735 4734 δύναιτο

2164 4790 2427 4860 βλάπτειν
2454 4781 2708 4855 ἑνότητα,
2740 4782 2865 4836 οὐτε
2915 4779 3011 4835 τοῦ
3041 4779 3255 4849 Πατρὸς
3280 4778 3349 4830 τά
3388 4775 3447 4840 ἐξ
3476 4773 3641 4828 αὐτοῦ
3672 4789 3733 4825 τε

2163 4882 2256 4934 καὶ
2289 4880 2347 4932 ἐν
2378 4876 2528 4947 αὐτῷ
2557 4874 2725 4946 χείρω
2761 4874 2936 4924 ποιεῖν
2968 4869 3025 4922 ἐν
3052 4886 3156 4921 τινι
3183 4868 3292 4922 τῶν
3327 4869 3385 4929 ἐς
3422 4865 3522 4935 τὴν
3548 4863 3735 4917 οὐσίαν

2162 4968 2402 5039 ἡκόντων
2426 4967 2522 5019 καὶ
2556 4963 2940 5033 ἀσθενέστερα.
2977 4961 3037 5013 El
3066 4958 3178 5028 γὰρ
3226 4957 3304 5026 τῷ
3351 4959 3425 5026 μη
3473 4954 3734 5009 δύνασθαι

2164 5061 2244 5122 είς
2295 5060 2392 5120 τάς
2442 5057 2692 5123 ἀλλήλων
2761 5054 3029 5123 ἰδιότητας
3094 5048 3373 5119 μετελθεῖν
3427 5048 3522 5100 καὶ
3575 5044 3736 5113 φύσει

2163 5152 2479 5214 διοίσουσιν,
2521 5148 2674 5199 οὐδὲν
2721 5144 2922 5215 μᾶλλον
2970 5142 3108 5195 αὐτὰ
3142 5139 3235 5194 τοῦ
3269 5138 3482 5208 Πατρὸς
3530 5138 3737 5189 ἐλάττω

2165 5242 2315 5293 ἐσται
2362 5243 2426 5309 τῇ
2465 5238 2644 5307 φύσει,
2687 5238 2769 5288 ὃτι
2808 5235 2883 5306 μὴ
2931 5236 3023 5287 καὶ
3054 5234 3243 5301 Πατήρ
3273 5233 3424 5283 ἐστιν
3455 5230 3734 5299 ἑκάτερον,

2168 5331 2344 5384 καίτοι
2369 5348 2432 5398 γε
2460 5332 2595 5399 ὅπερ
2626 5329 2653 5380 ὁ
2702 5330 2893 5397 Πατὴρ
2936 5326 3088 5388 ὄντα,
3119 5326 3152 5394 ἦ
3200 5327 3294 5377 καὶ
3327 5325 3353 5376 ό
3393 5324 3581 5392 Πατὴρ
3609 5322 3739 5374 αὐτὸ

2166 5423 2327 5475 τοῦτο
2358 5422 2607 5475 πείσεται
2638 5419 2714 5488 τῷ
2749 5419 2874 5489 μηδ’
2906 5417 3067 5478 αὐτὸς
3095 5414 3357 5469 δύνασθαι
3387 5409 3527 5467 εἶναι
3574 5414 3735 5475 αὐτὰ,

2162 5514 2345 5565 καίτοι
2374 5529 2434 5581 γε
2467 5513 2605 5582 ὅπερ
2632 5514 2768 5564 αὐτὰ
2799 5511 2895 5563 ὢν·
2928 5511 3042 5563 ἀλλ’
3069 5511 3191 5564 οὔτε
3234 5506 3397 5582 ἧτῑόν
3426 5529 3475 5562 τι
3510 5510 3618 5573 ἕξει
3645 5511 3737 5561 δυ-

2170 5607 2383 5673 νάμεως
2410 5608 2463 5657 ἐν
2496 5606 2678 5666 αὐτοῖς
2709 5605 2860 5656 οὐδὲν
2887 5604 2975 5655 διὰ
3017 5603 3116 5672 τὴν
3147 5605 3402 5671 τοιαύτην
3433 5601 3737 5671 ἀμετάϐλη-

2173 5698 2318 5762 σίαν,
2349 5695 2472 5750 οὐτε
2507 5697 2716 5766 βέλτιον
2764 5698 2919 5748 ἔσται
2964 5696 3021 5759 ἐς
3056 5695 3244 5748 οὐσίαν
3275 5694 3307 5764 ἢ
3345 5697 3544 5764 χεῖρον·
3578 5694 3739 5744 δυναο

2175 5805 2319 5857 μεως
2344 5789 2450 5855 γάρ
2490 5787 2693 5854 μᾶλλον
2745 5787 2777 5850 ἢ
2827 5786 3107 5846 ἀσθενείας
3158 5785 3219 5837 τὸ
3264 5786 3499 5837 τοιοῦτον
3528 5782 3593 5836 ἂν
3623 5782 3730 5837 εἴη.
