4062 6402
404 328 506 390 ﬁl!)

1493 325 1748 386 GENN’A
1762 325 1868 385 DIl
1911 325 2020 385 CI‘.
2056 326 2570 388 PATRIARCHJE

2309 181 2324 187 ,
2377 177 2407 186 .,
2417 175 2459 188 ,ν

3571 326 3676 388 ίῖἳί)

403 445 535 514 προς
573 442 832 507 Λατίνους
868 443 962 498 νῦν
1014 443 1171 513 λόγος
1223 444 1381 515 ἡμῖν,
1419 445 1549 512 περὶ
1596 436 1674 526 ᾦν
1723 445 1820 514 τῆς
1850 444 1981 514 ἑιλη⁴
2009 446 2056 507 Α
2084 445 2477 515 ἀκουσομένοις
2533 445 2670 515 πρὸς
2713 444 2810 515 τὴν
2842 444 2952 498 τῶν
3001 444 3175 514 λόγων
3219 444 3411 515 χρείαν
3439 445 3674 516 διαιρεῖν

403 537 550 595 θείας
601 534 950 604 ἐνδεέστερον
997 534 1417 602 ἀποφαίνονται,
1475 535 1754 605 προύργου
1803 536 1973 590 ἐστίν.

409 627 498 688 Ὠς
528 627 586 680 δὲ
627 626 762 679 πολὺ
817 627 950 696 ῥᾷον
983 628 1098 689 τοῖς
1151 626 1444 696 ἡμετέροις
1497 626 1531 696 ἢ
1586 626 1835 690 Λατίνοις
1881 627 1980 679 αὐ-

402 721 512 780 τοῖς
573 720 699 781 τοὺς
743 719 993 788 Πατέρας
1043 717 1297 788 ἀλλήλοις
1335 719 1606 788 συνῳδοὺς
1656 719 1981 787 ἀποφαίνειν

403 812 468 879 τῇ
515 826 580 877 γε
614 808 709 862 τοῦ
737 810 1056 877 Πνεύματος
1096 810 1392 880 ὁμωνυμίᾳ
1439 811 1535 864 καὶ
1571 812 1648 880 τῷ
1681 813 1844 883 διττῷ
1873 813 1981 865 τῶν

324 895 716 995 ξλεγόμένων
775 901 1022 970 προόδων
1081 901 1267 966 αὐτοῦ,
1300 904 1418 995 ἐκαὶ
1467 904 1538 995 τῇ
1597 903 1694 973 τῆς
1747 905 1981 975 προόδου

347 991 363 1014 ·’
401 991 468 1046 αὖ
523 994 620 1046 καὶ
674 992 768 1046 τοῦ
805 993 1083 1062 προϊέναι,
1113 992 1264 1046 οὐδὲν
1295 991 1362 1046 ἂν
1392 991 1582 1047 τούτου
1617 993 1982 1066 ἀληθέστερον

401 1085 639 1152 γένοιτο,
669 1086 805 1138 ὅπου
846 1102 910 1154 γε
955 1087 1046 1139 καὶ
1082 1085 1337 1148 Λατίνοις
1382 1087 1570 1151 αὐτοῖς
1610 1087 1784 1141 ταῦτα
1814 1089 1981 1146 δοκεῖ.

353 1183 365 1197 ‘
405 1179 501 1230 Διὸ
549 1178 614 1248 δὴ
665 1177 762 1230 κοιλ⁵
811 1176 1118 1246 θαυμάζειν
1155 1177 1333 1233 αὐτῶν
1365 1177 1535 1242 ἄξιον,
1581 1180 1664 1231 ὅτι
1713 1180 1814 1243 τὰς
1848 1181 1984 1247 ἀλη-

360 1271 368 1292 ·’
406 1271 672 1333 θεστάτας
695 1269 794 1338 τῆς
823 1271 932 1322 τῶν
961 1269 1295 1323 διδασκάλων
1329 1269 1652 1339 συμφωνίας
1685 1271 1984 1341 παριέντες

409 1363 690 1431 μεθόδους,
748 1361 838 1414 ἐπ’
908 1360 1074 1424 ἄλλας
1147 1361 1520 1430 άνηκούστους
1599 1363 1986 1431 ἐκτρέπονται,

411 1455 786 1523 μεταπτώσεις
835 1454 988 1517 τινας
1017 1454 1124 1507 τῶν
1155 1454 1527 1524 προσωπικῶν
1563 1454 1864 1524 ίδιοτήτων,
1897 1456 1990 1508 καὶ

408 1547 693 1610 κοινωνίας
744 1547 850 1600 τῶν
890 1547 1272 1615 ἁκοινωνήτων
1316 1544 1683 1609 ἐπινοοῦντες,
1727 1546 1824 1599 καὶ
1868 1562 1984 1598 τοι-

405 1639 548 1694 αῦτα
575 1641 711 1694 ἄττα
739 1641 1196 1710 ἐπισυνείροντες,
1218 1637 1254 1694 ἀ
1287 1638 1478 1709 πόρῤω
1505 1638 1615 1692 τῶν
1651 1639 1849 1692 κοινῶν
1882 1639 1990 1692 είσι

406 1734 634 1786 θέσεων.
668 1731 806 1784 Πολὺ
853 1731 899 1784 δ’
945 1733 1012 1785 ἂν
1056 1732 1185 1802 ῥᾷον
1231 1731 1353 1784 ἀντὶ
1391 1730 1600 1784 τούτων
1655 1725 1745 1800 ἦν,
1779 1731 1871 1784 ἐπὶ
1919 1732 1988 1785 τά

405 1823 502 1875 καὶ
537 1823 720 1891 σφίσιν
761 1821 946 1884 αὐτοῖς
988 1819 1388 1890 ὡμολογημένα
1437 1820 1835 1891 τραπομένοις,
1862 1823 1986 1875 ἀνε-

405 1913 631 1983 παχθῶς
664 1913 730 1981 τῇ
765 1910 928 1980 διπλῇ
959 1910 1185 1981 ἐκλήψει
1225 1911 1334 1964 τῶν
1367 1911 1808 1980 όμωνυμούντων
1839 1913 1985 1966 ἐκεί-

403 2023 512 2059 νων
555 2002 893 2058 διαλλάττειν
953 2019 1014 2055 τε
1070 2002 1199 2065 τοὺς
1253 2002 1501 2072 Πατέρας
1544 2003 1639 2056 καὶ
1692 2002 1840 2056 λύειν
1888 2005 1987 2072 τὴν

402 2096 846 2168 ἀμφισϐήτησιν
899 2095 996 2148 καὶ
1049 2093 1404 2165 Δύγουστίνῳ
1455 2095 1512 2149 δέ
1563 2096 1660 2149 καὶ
1728 2097 1984 2167 Κυρίλλῳ

402 2189 516 2250 τοῖς
559 2184 854 2260 μακαρίοις
885 2183 986 2237 οὐκ
1042 2182 1108 2236 ἂν
1139 2182 1283 2260 οὕτω
1314 2183 1576 2255 λυπηρῶς
1605 2185 1704 2254 τῆς
1743 2202 1990 2238 καινοτο-

407 2279 537 2350 μίας
561 2279 659 2350 τὴν
681 2277 870 2358 αἰτίαν
905 2259 1238 2345 ἐπέγραφον.
1285 2274 1516 2329 Ἐκεῖνοι
1543 2275 1600 2329 δέ
1635 2277 1854 2346 λέγουσι
1887 2278 1987 2346 μὲν

405 2373 470 2426 ἐκ
505 2371 716 2438 Πατρός
750 2372 843 2422 καὶ
887 2367 1017 2422 Υἱοῦ
1059 2367 1308 2438 προϊέναι
1345 2367 1404 2420 τὸ
1453 2367 1679 2436 Πνεῦμα
1731 2369 1990 2424 πλειστά-

405 2476 524 2524 κις⁶
559 2460 672 2514 ἀλλ’
703 2459 896 2529 ἅτερος
930 2460 1052 2528 μὲν,
1080 2457 1140 2510 τὺ
1168 2457 1268 2525 μὲν
1309 2457 1706 2524 ἐκπορεύεσθαι
1735 2459 1856 2511 ἀντὶ
1897 2459 1990 2511 τοῦ

407 2551 710 2623 ὑφεστάναι
755 2550 1132 2621 παρειληφὼς,
1179 2549 1320 2620 μετὰ
1373 2551 1594 2603 πάντων
1635 2549 1700 2620 δὴ
1733 2549 1843 2604 τῶν
1883 2551 1994 2606 άπδ

405 2647 504 2715 τῆς
538 2643 724 2706 Ἀσίας
769 2643 1029 2712 Πατέρων
1075 2641 1194 2712 (ἐπὶ
1225 2641 1331 2712 γὰρ
1375 2641 1468 2694 τοῦ
1521 2641 1834 2713 Πνεύματος
1892 2644 1994 2696 οὐκ

407 2737 520 2791 ἔσθ’
561 2739 652 2791 ὅτε
702 2736 802 2807 οὐχ
854 2733 997 2788 οὕτω
1029 2735 1310 2803 φαίνονται
1365 2735 1700 2804 κεχρημένοι
1753 2735 1880 2806 τῇδε
1924 2737 1991 2806 τῇ

406 2828 595 2898 λέξει),
631 2827 893 2898 μυριάκις
941 2825 1040 2896 μέν
1087 2826 1152 2878 ἐκ
1203 2825 1297 2878 τοῦ
1351 2826 1565 2896 Πατρδς
1597 2827 1993 2898 ἐκπορεύεσθαι

407 2920 579 2988 λέγει,
608 2921 703 2973 καὶ
729 2921 792 2972 ἐκ
815 2917 909 2970 τοῦ
942 2917 1074 2970 Υἱοῦ
1105 2917 1161 2972 δὲ
1193 2917 1302 2972 οὐδ’
1333 2916 1482 2982 ἆπαξ
1506 2933 1520 2947 °
1546 2918 1623 2988 τῷ
1652 2919 1708 2972 δὲ
1739 2921 1994 2988 προϊέναι

413 3010 518 3063 ποῦ
557 3009 658 3078 μὲν
700 3009 797 3062 ἐπὶ
828 3009 927 3078 τῆς
958 3008 1095 3077 πρὸς
1145 3007 1254 3078 τὴν
1293 3009 1473 3062 κτίσιν
1521 3007 1854 3078 ἀποστολῆς,
1888 3008 1994 3062 ποῦ

2082 537 2424 592 καταλείπει.
2453 537 2588 592 Οὐδὲ
2635 537 2746 605 γὰρ
2798 536 2962 600 αὐτὸς
3014 537 3162 605 λέγει
3214 543 3284 590 τά
3329 553 3394 605 γε
3443 535 3672 590 τοιαῦτα

2081 627 2272 696 πόρρω
2322 625 2432 680 τῶν
2475 625 2680 679 διπλῶν
2727 625 2955 679 ἐκείνων
2996 625 3314 695 ἐμφάσεων,
3355 620 3430 681 ὧν
3473 625 3531 678 αἱ
3573 623 3678 695 μὲν

2083 719 2222 789 πρὸς
2251 717 2348 788 τὴν
2393 717 2488 772 τοῦ
2541 719 2857 785 Πνεύματος
2901 717 3158 789 ὕπαρξιν,
3188 719 3245 771 αἱ
3287 719 3344 772 δέ
3393 717 3532 789 πρὸς
3577 719 3673 786 τὴν

2084 806 2319 876 πέμψιν,
2351 805 2412 858 τὸ
2436 801 2536 876 τῆς
2561 806 2793 876 προόδου
2834 807 2989 877 ῥῆμα
3020 806 3364 860 συνέλκονσι.
3391 807 3504 858 Καὶ
3533 805 3668 858 0.10“-

2094 896 2301 966 μαστόν
2347 895 2540 950 οὐδέν·
2593 897 2730 950 ὅπου
2785 900 2876 951 καὶ
2923 899 3014 950 τόν
3046 897 3176 951 Υίδν
3205 900 3271 952 ἐκ
3315 896 3411 950 τοῦ
3463 899 3673 967 Πατρδς

2088 987 2487 1059 ἐκπορεύεσθαι
2519 987 2786 1060 Κύριλλος
2819 989 2922 1060 ἔφη
2956 1007 3058 1042 που
3095 989 3219 1043 ἀντὶ
3245 989 3341 1042 τοῦ
3371 984 3668 1057 γεννᾶαθᾶι

2087 1081 2149 1132 τὸ
2182 1083 2334 1150 ῥῆμα
2367 1079 2746 1152 παρειληφὼς,
2782 1083 2906 1135 ὃθεν
2947 1085 2996 1136 εί
3047 1083 3141 1136 καὶ
3171 1083 3266 1136 τοῦ
3307 1083 3673 1151 Αὐγουστίνου

2088 1168 2187 1239 τὴν
2219 1167 2366 1235 λέξιν
2395 1171 2475 1232 είς
2519 1169 2580 1222 τὸ
2617 1170 3017 1240 ἐκπορεύεσθαι
3069 1170 3403 1241 ἑρμηνεύσει
3435 1188 3522 1231 τις
3575 1171 3675 1223 ὑπ).

2090 1260 2336 1314 Λατίνων
2369 1260 2748 1332 βεϐιασμένος,
2773 1263 2886 1317 οὐδ’
2913 1261 3088 1327 οὕτως
3113 1264 3328 1334 ἀνάγκη
3365 1263 3426 1316 τὸ
3453 1262 3678 1333 Πνεῦμα

2089 1353 2178 1406 διὰ
2210 1353 2308 1423 τὴν
2337 1354 2702 1422 Αὐγουστίνου
2749 1351 2895 1419 λέξιν
2924 1353 3254 1423 ὑφίστασθαι
3283 1356 3379 1410 καὶ
3411 1356 3471 1419 ἐξ
3516 1355 3672 1411 Υίοῦ.

2095 1443 2235 1497 Πολύ
2263 1444 2374 1514 γὰρ
2397 1444 2732 1515 οἰκειότερον
2767 1446 2862 1498 ἐπὶ
2885 1447 2984 1515 τῆς
3009 1445 3204 1516 λοιπῆς
3231 1446 3460 1514 προόδου
3502 1465 3677 1516 μετα-

2093 1535 2283 1604 φέρειν
2311 1537 2410 1608 τὴν
2439 1536 2607 1604 λέξιν,
2640 1541 2734 1590 καὶ
2769 1538 2972 1607 ἀμφοῖν
3004 1538 3084 1601 τῷ
3115 1538 3394 1608 Πνεύματι
3429 1556 3679 1609 πρεπουο

2095 1625 2207 1679 σῶν
2237 1627 2358 1695 (καὶ
2389 1626 2580 1689 ἀϊδίως
2621 1625 2734 1697 γὰρ
2781 1628 2848 1680 ἐκ
2895 1627 2992 1680 τοῦ
3045 1627 3261 1697 Πατρός
3310 1629 3523 1680 πνεῖται
3561 1625 3682 1678 καθ’

2097 1717 2432 1784 ὑπόστασιν,
2496 1720 2560 1771 ἐκ
2621 1717 2715 1770 τοῦ
2778 1719 2994 1788 Πατρὸς
3050 1719 3111 1771 τὸ
3181 1715 3320 1770 εἶναι
3378 1717 3678 1786 λαμεάνον,

2092 1811 2188 1864 καὶ
2225 1810 2290 1861 ἐκ
2322 1809 2535 1880 Πατρδς
2583 1808 2677 1863 καὶ
2718 1809 2842 1862 Υίοῦ
2874 1811 2987 1873 τοῖς
3035 1810 3251 1873 πιστοῖς
3281 1810 3520 1873 πνεῖται,
3555 1825 3679 1862 του-

2091 1901 2240 1955 τέστι
2273 1900 2415 1955 κατά
2463 1901 2564 1965 τὰς
2590 1901 2973 1972 πνευματικὰς
3007 1901 3294 1970 ἐνεργείας
3353 1901 3555 1954 δίδοται
3586 1900 3679 1952 καὶ

2094 1993 2428 2065 μετέχεται),
2451 1993 2485 2063 ἢ
2511 1993 2647 2064 πρὸς
2669 1993 2768 2063 τὴν
2801 1993 3057 2063 γέννησιν
3085 1993 3287 2058 ἐλκειν,
3323 1987 3391 2064 ἦς
3424 1992 3678 2062 οὐδαμῶς

2091 2085 2169 2157 τῷ
2211 2086 2490 2155 Πνεύματι
2541 2084 2832 2152 μέτεστινο
2889 2083 2918 2136 δ
2973 2083 3053 2154 τῷ
3101 2071 3363 2156 ’Κυρίλλῳ
3413 2085 3680 2154 γενναίως

2093 2179 2237 2234 πάνυ
2286 2179 2638 2250 τετόλμηται,
2671 2177 3129 2249 όλοσχερέστερον
3177 2178 3420 2242 εὐσεϐῶς
3471 2179 3680 2248 ἐκλαμο

2094 2272 2375 2344 σανομένῳ
2406 2271 2507 2342 τὴν
2549 2270 2718 2338 λέξιν,
2747 2272 2837 2325 ὅτε
2876 2272 2941 2344 δὴ
2992 2257 3089 2326 καὶ
3135 2272 3296 2342 μόνον
3328 2273 3429 2344 τὴν
3461 2273 3678 2341 ὁμωνυ-

2097 2366 2228 2436 μίαν
2255 2365 2348 2419 τοῦ
2375 2364 2776 2435 ἐκπορεύεσθαι
2803 2366 2870 2436 τῇ
2907 2365 3002 2418 τοῦ
3033 2365 3349 2436 Πνεύματος
3381 2365 3674 2436 ὁμωνυμία

2097 2455 2331 2524 συνῆψεν
2363 2454 2430 2508 ἄν
2456 2471 2540 2516 τις
2565 2455 2804 2524 εὐλόγως
2832 2457 2890 2507 ἐν
2927 2457 3041 2518 τοῖς
3074 2456 3206 2528 περὶ
3232 2455 3324 2508 τοῦ
3360 2456 3680 2526 Πνεύματος

2094 2545 2294 2614 λόγοις,
2329 2547 2480 2600 είτά
2525 2546 2638 2600 τῶν
2686 2547 2752 2599 ἐκ
2796 2533 2896 2616 τῆς
2939 2548 3182 2618 ἑσπέρας
3231 2548 3492 2620 Πατέρων
3541 2547 3684 2602 οὕτω

2096 2639 2233 2707 πρὸς
2289 2638 2412 2709 βίαν
2471 2639 2812 2710 ἡρμήνευτο,
2877 2641 3065 2693 κανόνι
3123 2640 3202 2709 τῷ
3258 2639 3354 2694 τοῦ
3407 2640 3683 2710 Κυρίλλον

2096 2729 2380 2802 χρώμενος
2404 2732 2614 2802 τρόπῳ,
2649 2731 2710 2783 ὃν
2738 2731 2886 2800 ἅπαξ
2933 2733 3382 2804 ἐκαινοτόμησεν,
3417 2732 3511 2786 ἐπὶ
3540 2732 3686 2785 δυοῖν

2097 2823 2456 2877 ὑποστάσεων
2520 2825 2615 2878 καὶ
2661 2824 2794 2878 εῖδει
2851 2825 3234 2895 διαφερουσῶν
3302 2825 3548 2896 προόδων
3607 2823 3686 2895 τῷ

2099 2917 2494 2989 ἐκπορεύεσθαι
2543 2920 2908 2992 κεχρημένος,
2948 2921 3152 2974 Καίτοι
3193 2937 3256 2990 γε
3308 2920 3402 2973 ἐπὶ
3449 2919 3550 2990 μὲν
3577 2920 3687 2971 τῶν

2101 3007 2274 3064 ἄλλων
2322 3010 2600 3075 ἀπάντων,
2649 3011 2698 3062 εί
2751 3011 2810 3065 τὸ
2853 3013 3106 3083 προϊέναι
3155 3012 3474 3083 ὁμώνυμον,
3530 3011 3685 3065 οὐδὲν

408 3103 454 3154 δ’
494 3101 616 3154 ἀντὶ
663 3101 762 3169 τῆς
810 3099 1101 3171 ὑπάρξεως
1146 3101 1506 3171 κεχρημένος,
1550 3102 1700 3172 ὅμως
1755 3101 1995 3172 οὐδαμοῦ
2026 3119 2070 3178 C
2103 3100 2302 3155 κωλύει
2351 3102 2534 3156 καὶτὸ
2567 3102 2964 3174 ἐκπορεύεσθαι
3013 3103 3256 3158 τοιοῦτον
3301 3099 3482 3160 εἶναι’
3517 3104 3611 3158 ἐπὶ
3640 3104 3687 3157 δ’

411 3193 665 3262 φαίνεται
718 3193 964 3262 προϊέναι
1008 3193 1184 3262 λέγων
1217 3196 1282 3248 ἐκ
1312 3191 1405 3246 τοῦ
1447 3193 1577 3248 Υίοῦ
1627 3193 1686 3248 τὸ
1737 3194 1986 3265 Πνεῦμα,

409 3288 476 3341 ἂν
511 3285 586 3356 μὴ
615 3285 710 3338 καὶ
750 3285 970 3346 κτισεός
1000 3303 1084 3348 τις
1134 3285 1261 3357 ὅρος
1303 3285 1699 3355 προσκείμενος
1730 3282 1784 3358 ᾖ.
1816 3286 1844 3340 δ
1881 3287 1992 3341 δεῖν

412 3395 577 3446 φασιν
606 3378 655 3430 οί
683 3376 926 3448 Πατέρες
963 3379 1190 3448 σημεῖον
1217 3379 1367 3449 ἡμᾶς
1415 3379 1689 3432 ποιεῖσθαι
1721 3379 1817 3432 τοῦ
1863 3380 1993 3450 περὶ

409 3473 508 3543 τῆς
543 3469 807 3542 πέμψεως
836 3468 1017 3539 λέγειν
1063 3469 1286 3535 αὐτοὺς,
1317 3471 1472 3523 αὐτοὶ
1510 3471 1620 3525 τῶν
1670 3471 1818 3526 ίδίωι
1863 3471 1992 3541 ἐξη-

409 3565 576 3634 γηταὶ
637 3562 915 3632 γινόμενοι
966 3561 1164 3630 λόγων,
1214 3561 1290 3627 ὠς
1352 3563 1419 3616 ἂν
1473 3565 1552 3633 μὴ
1612 3564 1993 3634 σοφιζομένοις

408 3657 553 3714 τισὶν
591 3656 684 3727 ἐξῇ
725 3655 820 3709 καὶ
847 3655 936 3708 ἐπ’
969 3655 1168 3717 αὐτοὺς
1207 3655 1597 3726 καταφεύγειν.
1661 3657 1854 3710 Καίτοι
1895 3657 1990 3712 ἀλ-

409 3749 527 3804 λοθι
577 3749 677 3820 μὲν
718 3749 786 3818 τῇ
827 3747 885 3802 ἐν
934 3749 1056 3811 ταῖς
1108 3746 1355 3818 Γραφαῖς
1405 3748 1698 3820 ὁμωνυμίᾳ
1749 3748 1990 3820 χρῶνται

407 3843 651 3905 Λατῖνοι,
704 3840 800 3893 καὶ
852 3839 914 3892 οὐ
961 3841 1328 3911 περιορῶσινο
1375 3839 1552 3904 ἄλλως
1611 3842 1726 3912 γὰρ
1771 3843 1870 3896 οὐκ
1925 3842 1994 3896 ἂν

409 3932 658 3987 δύναιντο
690 3932 835 3984 νοεῖν
866 3931 1038 3995 αὐτας
1080 3933 1250 4000 ὑγιῶς
1275 3948 1289 3963 ·
1325 3934 1633 4005 χρωμένοις
1666 3935 1712 3989 δ’
1753 3935 1990 3989 ἐνταῦθα

411 4024 506 4076 καὶ
537 4023 669 4093 ἡμῖν
697 4019 1045 4089 ἐγκαλοῦσιν,
1077 4022 1152 4086 ὡς
1181 4022 1246 4094 δὴ
1277 4023 1600 4093 σοφιστικὶς
1639 4024 1737 4088 τὰς
1769 4025 1995 4096 Γραφάς

407 4116 770 4184 ἀποφαίνουσι
799 4114 893 4169 καὶ
920 4117 1047 4177 τοὺς
1076 4113 1432 4178 διδασκάλους
1454 4131 1470 4147 ·
1514 4115 1704 4186 ὥσπερ
1733 4116 1999 4186 ἀγνοοῦν-

409 4223 502 4269 τες
529 4205 612 4257 ὃτι
642 4203 703 4258 τὸ
735 4205 834 4274 μὲν
864 4203 1068 4269 ἐξελεῖν
1097 4203 1191 4257 τοῦ
1222 4204 1385 4274 λόγου
1415 4205 1479 4260 τὰ
1505 4205 1752 4271 τοιαῦτα,
1781 4210 1995 4280 παγχά-

409 4296 574 4348 λεπον
605 4289 673 4366 ἦν
709 4296 803 4349 καὶ
832 4297 944 4355 τοῖς
979 4293 1218 4366 πρώτοις
1235 4310 1261 4331 -·
1297 4296 1739 4368 συμπεραίνουσι
1781 4297 1827 4352 δ’
1863 4300 1998 4370 ἡμῖν

2091 3195 2198 3265 ἄρα
2228 3195 2324 3266 τῆς
2356 3195 2506 3266 ἱερᾶς
2545 3195 2828 3265 θεολογίας
2858 3196 2936 3269 τῷ
2973 3198 3072 3269 μὲν
3121 3197 3524 3270 ἐκπορεύεσθαι
3577 3201 3678 3270 μό-

2091 3303 2189 3356 νην
2218 3286 2319 3356 τὴν
2350 3286 2585 3358 ὓπαρξιν
2614 3289 2947 3359 εὑρίσκομεν
2972 3290 3067 3344 τοῦ
3110 3290 3432 3362 Πνεύματος
3465 3294 3682 3356 πάντας

2092 3373 2411 3445 δηλοῦντας,
2458 3377 2536 3446 τῷ
2584 3375 2640 3429 δέ
2698 3381 2945 3449 προϊέναι
3005 3384 3531 3452 κατακεχρημένους
3589 3384 3688 3436 ἐπὶ

2091 3468 2298 3540 ταύτης
2333 3485 2392 3521 τε
2417 3471 2512 3522 καὶ
2542 3470 2639 3541 τῆς
2665 3471 2950 3542 πέμψεως.
2979 3466 3055 3527 ὧν
3101 3473 3180 3544 τῷ
3215 3475 3372 3545 τύπῳ
3402 3475 3494 3530 καὶ
3531 3476 3681 3545 ἡμᾶς

2091 3557 2328 3610 ἔπεσθαι
2377 3557 2585 3612 δίκαιόν
2625 3561 2764 3616 ἐστι.
2793 3561 2867 3614 Τὸ
2899 3561 2956 3616 δὲ
2985 3561 3076 3615 τὸν
3113 3564 3213 3633 μὲν
3236 3563 3366 3616 Υίδν
3418 3566 3692 3618 συναίτιον

2097 3651 2420 3726 λέγεινςτδν
2451 3651 2507 3705 δὲ
2545 3653 2766 3724 Πατέρα
2810 3656 3067 3727 ἀρχοειδῆ
3115 3658 3300 3710 αίτίαν
3348 3658 3559 3724 καλεῖν,
3588 3676 3692 3711 κα-

2093 3741 2202 3807 λῶς
2230 3744 2400 3798 ποιῶν
2426 3745 2524 3798 οὐκ
2557 3745 2856 3817 ἐπῄνεσαςο
2886 3747 3018 3802 ἀνευ
3051 3751 3159 3820 γάρ
3193 3750 3292 3804 τοῦ
3329 3750 3389 3804 τὸ
3417 3750 3692 3804 συναίτιον

2095 3835 2362 3904 διαιρεῖν,
2429 3838 2585 3891 αὐτοὶ
2641 3839 2706 3909 δὴ
2763 3839 2896 3909 μίαν
2957 3841 3132 3913 ἀρχὴν
3193 3844 3292 3908 τὰς
3352 3844 3689 3908 ὑποστάσεις

2097 3927 2265 3998 ἄμφω
2315 3927 2592 3994 καλοῦσιν,
2633 3929 2774 3984 ὥστε
2827 3933 3014 3986 λοιπόν
3071 3937 3224 3988 ἐστιν
3277 3938 3477 4000 αὐτοὺς
3537 3937 3693 3993 ἀντι·

2101 4025 2352 4092 φάσκειν,
2387 4025 2438 4077 εί
2470 4026 2566 4078 καὶ
2607 4020 2720 4078 οἷόν
2749 4042 2809 4078 τε
2844 4021 2912 4098 ἦν
2949 4028 3286 4100 μίανάρχὴν
3332 4025 3474 4084 εἶναι
3507 4034 3574 4084 τὰ
3607 4031 3687 4104 μὴ

2100 4113 2225 4168 καθ’
2265 4114 2294 4167 ὃ
2344 4116 2482 4168 εἰσιν
2513 4113 2593 4180 ἒν,
2621 4116 2740 4168 ἀλλ’
2874 4117 2969 4170 δύο
3003 4119 3230 4188 μᾶλλον,
3266 4120 3564 4191 προήγοντ’
3598 4123 3688 4188 ἂν,

2099 4206 2260 4280 είπερ
2293 4208 2562 4279 προῆγεν,
2591 4208 2694 4263 ποῦ
2735 4209 2836 4281 τὴν
2876 4211 2972 4265 τοῦ
3026 4214 3302 4267 συναιτίου
3355 4215 3502 4280 λέξιν
3532 4211 3692 4284 εὖρον

2101 4301 2365 4370 κειμένην
2415 4303 2509 4354 ἐπὶ
2558 4300 2669 4355 τῶν
2723 4301 2885 4356 θείων
2906 4320 2922 4371 ;
2983 4305 3100 4358 ἀλλ’
3148 4307 3272 4376 οὐχὶ
3323 4309 3526 4378 μᾶλλον
3597 4313 3692 4364 καὶ

409 4387 507 4441 ἀπ’
537 4387 721 4474 αὐτῶν
754 4386 960 4456 μέσων,
990 4382 1042 4438 οἷ
1083 4387 1183 4456 μὲν
1231 4385 1300 4440 ἂν
1333 4388 1782 4459 συμπεραίνοιτο,
1813 4391 2000 4456 αὑτοῖς
2105 4392 2312 4463 ταύτην
2361 4395 2776 4465 καινοτομοῦσι.
2829 4396 2939 4450 Ποῦ
3004 4398 3065 4451 τὸ
3114 4401 3410 4472 ἀρχοειδῶς
3461 4401 3692 4474 εὕρηταί

412 4493 473 4529 τε
523 4473 812 4566 ἀληθεύειν
871 4474 968 4566 καὶ
999 4477 1122 4566 Δτοῖς
1154 4475 1390 4566 πρῶτον
1451 4477 1702 4548 είρηκόσι
1748 4481 2002 4551 συνᾴδειν
2035 4475 2081 4531 D
2112 4501 2194 4548 τις
2244 4485 2420 4554 λέγων
2469 4485 2580 4540 τῶν
2624 4488 2955 4560 μακαρίωνς
2996 4491 3142 4544 ⁹Αλλ⁹
3193 4494 3443 4563 ἀρχικῶς
3491 4473 3694 4566 μᾶλλον

416 4565 738 4636 συμϐαίνειο
765 4563 940 4633 ψευδῆ
993 4563 1050 4616 δὲ
1078 4565 1176 4620 καὶ
1220 4560 1309 4618 οἷα
1356 4567 1485 4629 τούς
1517 4569 1628 4622 ἀπὸ
1671 4569 1878 4642 ταύτης
1913 4571 2004 4625 ἐπ’

414 4659 634 4728 ἐκείνην
699 4655 1131 4727 μεταπηδῶντας
1186 4659 1467 4731 σημασίαν
1522 4662 1619 4715 καλ⁵
1679 4661 1782 4735 τὴν
1839 4664 2006 4734 φύσιν

415 4752 582 4815 είκδς,
616 4751 748 4820 ἡμῖν
802 4749 900 4821 μὲν
951 4752 1236 4820 σοφισταῖς
1279 4745 1424 4808 εἷναί
1466 4772 1526 4808 τε
1571 4757 1669 4810 καὶ
1715 4757 1894 4812 δοκεῖν
1921 4759 2004 4831 τῷ

417 4841 531 4892 ὕντι
579 4839 874 4909 περίεστιο
915 4842 1194 4894 κοινωνεῖν
1250 4841 1308 4895 δὲ
1357 4841 1452 4896 τοῦ
1500 4845 1851 4918 ἐγκλήματος
1904 4850 2007 4902 οὐκ

417 4932 633 5001 ἀνάγκη
675 4931 803 4994 τοὺς
832 4931 1112 5002 ἡγεμόνας
1150 4931 1262 4986 τῶν
1312 4934 1535 5004 λέξεων,
1565 4933 1646 5003 οἷς
1677 4940 2008 5013 πειρώμεθα

418 5024 729 5093 συμφωνεῖν
749 5038 765 5053 ·
786 5022 1042 5093 διώριζον
1067 5025 1176 5096 γὰρ
1203 5026 1402 5082 ἐκεῖνοι
1430 5029 1614 5095 καλῶς
1636 5035 1760 5097 ταῖς
1787 5035 2006 5105 χρείαις

415 5115 525 5167 τῶν
553 5113 729 5183 λόγων
755 5114 1018 5172 ἑκάστοτε
1055 5117 1296 5186 οἰκείως,
1327 5120 1394 5172 τὰ
1433 5120 1577 5174 αὐτά
1601 5122 1699 5192 οὐχ
1738 5123 2006 5188 ὡσαύτως

416 5207 660 5277 ὀνόματα
703 5206 1131 5278 ἐφαρμόζοντες.
1190 5209 1301 5267 Καὶ
1344 5211 1614 5282 Κύριλ),ος
1664 5213 1765 5283 μὲν
1794 5215 2004 5280 οὕτως.

417 5299 775 5366 Αὐγουστῖνος
805 5298 861 5350 δὲ
918 5299 1038 5352 οὐδέ
1068 5299 1214 5352 δυοῖν
1241 5301 1445 5368 λεξέοιν
1486 5297 1774 5373 ἐμφαίνειν
1804 5307 1918 5378 ἔχει
1949 5312 2009 5364 τὸ

391 5375 592 5443 ¹διττὸν
626 5391 736 5444 τῶν
764 5391 1011 5461 προόδων
1043 5391 1292 5463 γλώττης
1345 5396 1629 5466 στενότητι
1659 5413 1672 5428 ο
1699 5400 1814 5451 ἀλλ’
1943 5419 2001 5455 τε

418 5478 647 5548 τὴνοτοῦ
699 5480 1022 5549 Πνεύματος
1072 5481 1328 5553 ὕπαρξιν,
1371 5485 1438 5540 ἄν
1480 5502 1541 5540 τε
1592 5487 1694 5560 τὴν
1722 5491 2007 5559 ἐνέργειαν

418 5573 514 5624 καὶ
540 5573 640 5638 τὴν
674 5573 837 5642 χάριν
873 5574 1162 5642 σημαίνειν
1190 5575 1375 5630 ἄλλοθι
1407 5577 1673 5652 βουληθῇ,
1706 5582 1870 5646 αὐτὸς
1905 5583 2006 5654 μὲν

423 5661 502 5713 ἐν).
549 5665 755 5733 ῥήματι
810 5664 889 5734 τῷ
966 5667 1219 5736 προϊέναι
1350 5675 1660 5742 προχωρεῖν
1718 5675 1812 5728 καὶ
1869 5677 2008 5746 πρὸς

425 5753 590 5824 ἄμφω
637 5760 736 5822 τὰς
775 5758 982 5823 ἐννοίας
1025 5761 1339 5831 ἐχρήσατοο
1389 5767 1498 5830 τοῖς
1551 5767 1596 5819 δ’
1643 5757 2006 5841 εὐγνώμύως

2107 4575 2172 4629 ἐκ
2203 4576 2296 4628 τοῦ
2328 4576 2540 4648 Πατρός
2566 4579 2725 4646 φαῖεν
2757 4579 2817 4633 τὸ
2865 4581 3090 4652 Πνεῦμα
3125 4589 3378 4652 προϊέναι
3425 4587 3592 4652 τινὲς,
3617 4588 3693 4651 ὡς

2111 4665 2178 4720 ἂν
2243 4669 2558 4740 ὲκφήνωσιν
2606 4671 2671 4724 ἐκ
2737 4671 2832 4725 τοῦ
2899 4674 3025 4728 Υίοῦ
3089 4676 3253 4731 τοῦτο
3311 4677 3388 4748 μὴ
3445 4680 3692 4751 ἀρχικῶς

2112 4759 2387 4828 προϊέναι,
2417 4761 2556 4816 ἀλλὰ
2597 4762 2799 4832 μᾶλλον
2835 4767 3172 4834 πεμπτικῶς
3217 4787 3278 4823 τε
3312 4774 3410 4826 καὶ
3467 4775 3695 4844 μεταδοο

2109 4849 2298 4914 τικῶς,
2328 4852 2426 4922 οἴῳ
2449 4853 2554 4906 κᾶν
2587 4856 2786 4908 ἑαυτοῦ
2820 4859 3109 4928 προελθεῖν
3141 4861 3336 4935 ῥηθείη
3369 4881 3432 4932 γε
3481 4869 3692 4938 τρόπῳ,

2110 4945 2206 4995 καὶ
2233 4941 2426 4999 ἐαυτοῦ
2460 4945 2632 5015 δῶρον
2657 4947 2740 5015 ὃν,
2770 4950 2866 5004 καὶ
2892 4953 2958 5022 τῇ
2986 4952 3084 5005 τοῦ
3117 4956 3498 5026 ἐπιρῤήματος
3535 4957 3691 5015 τοῦδε

2110 5037 2398 5109 προσθήκῃ
2432 5039 2491 5091 τὸ
2519 5039 2662 5095 κατὰ
2688 5041 2787 5113 την
2811 5041 2957 5110 λέξιν
2983 5045 3290 5114 ἀδιόριστον
3313 5048 3407 5103 τοῦ
3436 5053 3690 5122 προϊέναι

2111 5129 2206 5180 καὶ
2251 5129 2350 5199 τῆς
2399 5131 2630 5200 προόδου
2677 5133 3014 5204 διορίσαντες
3066 5137 3418 5204 ἐξιάσωνται.
3456 5145 3532 5197 Οὐ
3583 5146 3692 5216 γάρ

2112 5217 2374 5290 βραχεῖαν
2404 5223 2604 5294 ᾔδεσαν
2651 5225 2750 5296 τὴν
2784 5226 3073 5300 διαφορὰν,
3116 5232 3149 5304 ἢ
3191 5233 3267 5298 ὡς
3299 5234 3356 5301 ἐξ
3389 5236 3564 5307 ἀρχῆς
3590 5239 3692 5309 τῆς

2114 5312 2465 5376 ὑποστάσεως
2496 5317 2664 5371 αὐτοῦ
2708 5319 2761 5370 τί
2813 5321 2981 5374 ποθεν
3023 5324 3312 5388 προελθεῖν
3362 5327 3473 5383 τῶν
3528 5329 3690 5384 θείων

2113 5405 2445 5475 προσώπων,
2477 5412 2756 5468 τουτέστιν
2782 5415 2846 5468 ἐκ
2877 5416 2976 5486 τῆς
3010 5417 3236 5489 γονίμου
3269 5421 3366 5474 καὶ
3392 5423 3690 5495 άγσννητου

2111 5497 2317 5550 τούτων
2339 5501 2541 5565 αἰτίας,
2571 5504 2603 5572 ἢ
2641 5505 2778 5575 πρὸς
2810 5507 2912 5576 τὴν
2954 5508 3055 5578 τῆς
3089 5511 3317 5575 κτίσεως
3366 5513 3689 5584 εὐεργεσίαν

2110 5591 2426 5664 ὁρμηθῆναί
2454 5597 2622 5650 ποθεν
2657 5601 2800 5654 κατά
2827 5601 2926 5672 τὴν
2975 5603 3280 5674 ἐνέργειαν,
3310 5610 3593 5662 τουτέστιν
3630 5613 3694 5664 ἐκ

2111 5683 2212 5750 τῆς
2234 5683 2424 5754 ὁμοίου
2457 5687 2564 5741 τῶν
2593 5691 2766 5760 τριῶν
2805 5694 3122 5764 προσώπων
3173 5696 3472 5769 θελήσεως.
3505 5702 3576 5754 Ἦ
3607 5701 3695 5757 τὸν

2117 5774 2244 5830 Υιὸ)
2301 5773 2368 5846 ἦν
2429 5781 2643 5851 ἀνάγκη
2699 5784 2997 5852 γεννᾶσθαι
3066 5795 3424 5861 πεμπόμενον
3485 5795 3546 5846 ἐκ
3599 5794 3691 5844 τοῦ
