4062 6398
309 361 418 425 627

1429 362 1804 424 GENNADH
1849 363 1957 426 (ΖΡ.
2001 358 2517 432 ΡΛΤΙὶῘΛΒΕΙΙΕ

3481 371 3587 434 628

309 483 423 541 τοίς
443 477 723 532 κάνταῦθα
755 477 963 546 βέλτιον
995 479 1264 545 πράξουσι
1312 477 1408 531 καί
1445 479 1587 549 μετά
1623 477 1778 532 ταῦτ’
1811 477 1900 532 εύ-
1924 475 1975 536 Α
2005 485 2167 548 σκιᾶς
2198 486 2354 541 οὐδὲν
2382 487 2662 558 διαφέρειν
2717 489 2766 542 οξ
2795 489 2864 542 τὰ
2905 488 3120 544 έκείθεν
3172 488 3372 553 εἰδότες
3427 491 3587 562 ίσμεν

309 574 584 638 δαιμόνως
618 570 977 639 βιωσομένοις
999 587 1014 605 ο
1045 573 1102 625 ἐν
1131 571 1186 625 δὲ
1216 573 1284 642 τῇ
1335 571 1585 642 παρούσῃ
1630 573 1768 641 ζωῇ,
1803 571 1898 626 καὶ

310 668 418 733 προ
441 661 541 730 τῆς
577 660 637 714 ὲν
657 662 768 724 τοῖς
791 662 1063 732 δόγμασιν
1085 661 1364 734 ἀληθείας,
1406 664 1507 734 τὴν
1534 662 1704 734 ἄλλην
1741 661 1898 722 εὗσέ-

307 757 463 811 ϐειαν
494 756 594 811 καὶ
619 755 976 824 δικαιοσύνην
1008 755 1155 828 μέγα
1194 759 1309 821 τοῖς
1349 757 1702 828 αἱρουμένοις
1754 752 1897 810 εἶναι

306 849 447 919 πρὸς
507 848 767 920 εὐτυχίαν
823 849 1060 917 ἐφόδιον,
1113 850 1190 912 ὡς
1249 850 1468 919 ἐκείνης
1514 850 1614 919 τῆς
1648 849 1896 920 μείζονος

303 943 511 1014 ἀρετῆς
542 943 604 995 έν
635 942 713 1011 τῷ
745 941 994 1011 μέλλοντι
1029 939 1130 1014 βίῳ
1160 942 1364 1011 μᾶλλον
1389 942 1500 996 τῶν
1546 941 1776 1014 καρπῶν
1804 959 1895 996 τε-

310 1033 603 1105 θειμένων.
635 1034 696 1088 Εἰ
720 1035 769 1088 δ’
871 1029 1057 1099 πίστις
1089 1027 1224 1104 ήμῗν
1249 1016 1350 1089 οὐκ
1373 1035 1535 1102 ἀρκεῖ
1562 1035 1702 1106 πρὸς
1734 1035 1892 1090 οὐδε-

308 1127 478 1200 τέραν
507 1128 860 1198 εὐδαιμονίαν
888 1129 1020 1183 ἄνευ
1051 1129 1160 1182 τῶν
1187 1127 1393 1193 ἄλλων,
1421 1125 1476 1181 τί
1519 1129 1626 1199 χρὴ
1657 1127 1891 1199 προσδο-

309 1219 438 1287 κᾷν,
469 1219 520 1272 εἰ
548 1219 776 1276 καὶτῶν
797 1220 877 1283 είς
905 1219 1112 1288 ταύτην
1136 1220 1451 1290 ἀνηκόντων
1496 1219 1643 1283 τινος
1674 1219 1891 1291 ἔξαρνοι

302 1311 610 1381 γεγονότες,
667 1315 765 1368 καὶ
818 1311 940 1384 Θεῷ
997 1314 1093 1369 καὶ
1141 1314 1389 1384 Πατράσι
1419 1304 1516 1369 καὶ
1548 1311 1892 1377 διδασκάλοις

301 1407 439 1460 πᾶσι
471 1405 910 1477 προσκόψαιμεν,
943 1406 1135 1477 ὥσπερ
1152 1409 1216 1466 ἐκ
1249 1407 1463 1461 πολλῶν
1499 1407 1579 1460 ἐνὶ
1620 1407 1890 1476 πείσματι

297 1499 360 1552 τὸ
386 1499 462 1570 μή
492 1499 801 1571 προσρῆξαι
850 1499 920 1554 ἀν
963 1503 1086 1566 ταῖς
1136 1501 1367 1572 πέτραις
1406 1501 1776 1568 πιστεύοντες,
1838 1501 1890 1555 εί

297 1593 513 1658 γένοιτό
540 1601 624 1656 τις
645 1591 743 1646 τοῦ
777 1593 1049 1658 κλύδωνος
1077 1594 1285 1659 ἄνεσις,
1305 1591 1425 1650 εἷτα
1455 1595 1550 1650 καὶ
1583 1593 1743 1648 τοῦτο
1765 1597 1890 1660 ταῖς

299 1685 516 1740 ἑαυτῶν
544 1689 705 1756 χερσὶ
725 1687 1063 1758 τέμνοντες

368 1777 536 1832 Ἀλλά
567 1777 739 1849 πολλή
778 1780 928 1833 ἐστιν
956 1779 1115 1844 em;
1149 1778 1246 1834 ἐπὶ
1275 1779 1356 1853 τῷ
1387 1779 1663 1852 καλλίστῳ
1721 1781 1888 1834 Βασι-

298 1871 384 1924 λετ
410 1870 514 1942 (ί),
546 1872 646 1943 οὐχ
671 1871 796 1926 ὅσον
826 1873 886 1937 ἐς
913 1872 1229 1928 θεοσέϐειαν
1258 1865 1386 1943 ἥκει
1421 1875 1605 1945 μόνον,
1643 1873 1782 1928 ἀλλά
1821 1872 1888 1945 δὴ

297 1965 391 2017 καὶ
422 1965 482 2018 έν
511 1964 720 2020 ἅπασιν
747 1966 973 2034 ἀγαθοῖς
1002 1965 1138 2020 πολύ
1173 1985 1226 2021 τι
1260 1967 1332 2022 δι’
1355 1966 1523 2020 αὐτοῦ
1545 1967 1615 2020 τὰ
1639 1967 1887 2040 ἡμέτερα

297 2056 612 2123 ἐπιδώσειν,
669 2058 943 2129 ἔμφρονος
995 2059 1300 2131 ἡγεμονίας
1351 2059 1452 2131 ὀψὲ
1499 2060 1592 2116 νῦν
1646 2060 1887 2114 ἀπολαύ-

299 2161 492 2208 σαντα.
517 2152 653 2218 Θεὸς
680 2153 738 2207 δὲ
769 2154 889 2224 δοίη
921 2153 1018 2210 καὶ
1080 2151 1229 2225 ἔργῳ
1263 2154 1364 2225 τῆς
1407 2153 1623 2218 ἐλπίδος
1689 2154 1886 2225 πεῖραν

296 2241 504 2299 λαϐεῖν.
539 2241 602 2308 Εἰ
627 2245 685 2302 δέ
716 2264 802 2310 τις
826 2247 1027 2316 ἀξιοίη,
1069 2249 1210 2317 μετὰ
1255 2247 1358 2318 τῆς
1407 2245 1670 2317 ἀληθείας
1716 2244 1887 2300 ὄντων

295 2325 476 2404 ἡμῶν.
501 2335 629 2399 τοὺς
656 2338 852 2408 μικρόν
897 2354 951 2392 τι
981 2338 1187 2410 ταύτης
1217 2337 1566 2399 έκκλίνοντας
1595 2337 1884 2391 οὑστινασ-

293 2427 390 2482 οῦν
420 2429 624 2500 ὁμοίως
674 2431 806 2500 ήμϊν
859 2431 957 2500 τῆς
993 2431 1299 2502 μελλούσης
1335 2430 1621 2496 ἀξιοῦσθαι
1648 2429 1798 2498 ζωῆς
1822 2431 1885 2483 ἐκ

294 2539 360 2588 γε
413 2521 515 2593 τῆς
572 2522 830 2592 πίστεως,
875 2524 971 2579 καὶ
1025 2522 1112 2580 διά
1146 2524 1305 2578 τοῦτο
1364 2523 1532 2595 μηδὲν
1593 2518 1732 2578 εῖναι
1777 2522 1885 2576 δει-

293 2613 384 2665 νδν
421 2617 536 2677 τοῖς
569 2614 699 2669 ἄλλο
717 2632 770 2669 τι
803 2614 1092 2686 μέλλουσιν
1131 2615 1365 2686 ὠφελεῖν
1416 2615 1556 2688 πρὸς
1617 2615 1684 2668 τὰ
1713 2613 1882 2685 χείρω

295 2704 672 2773 συγκαθιέναι,
711 2705 941 2773 λήσεται
971 2709 1179 2770 πάντας
1208 2706 1524 2777 αίρετικοὺς
1549 2707 1577 2761 ὃ
1606 2723 1671 2775 γε
1704 2704 1876 2760 τοιοῦ-

289 2815 384 2862 τος
412 2799 504 2853 καὶ
535 2801 662 2864 τοὺς
685 2800 948 2865 ἀπίστους
970 2803 1217 2866 ἅπαντας
1241 2799 1322 2866 εἰς
1357 2802 1456 2873 τὴν
1479 2801 1731 2870 οὐράνιον
1767 2800 1883 2852 εἱσ-

293 2893 442 2959 ἀγων
470 2891 648 2962 λῆξιν,
683 2893 762 2964 τῷ
805 2893 947 2965 λόγῳ
981 2896 1081 2963 τῆς
1118 2892 1252 2964 παρ’
1297 2889 1477 2961 ὀλίγον
1507 2891 1771 2961 διαφορᾶς
1817 2888 1880 2942 οὗ

291 2983 590 3051 δυνάμενος
611 2985 820 3054 εἴργειν
847 2985 1056 3038 οὐδένα.
1087 2985 1242 3050 Δόξαι
1260 2985 1372 3055 γὰρ
1401 2985 1573 3038 πᾶσαι
1594 2984 1718 3051 περὶ
1741 2979 1878 3035 Θεοῦ

2003 576 2188 639 καλῶς
2224 592 2240 610 ο
2273 577 2370 632 καὶ
2403 577 2552 632 τοῦτ’
2579 580 2697 634 έστί
2723 580 2784 634 τὸ
2805 580 3133 647 δεινότατον,
3180 581 3281 636 καὶ
3305 582 3334 636 δ
3390 583 3584 656 λέληθε

1997 669 2128 727 τοὺς
2153 669 2406 735 πολλοὺς,
2437 669 2519 724 δτι
2545 671 2896 741 πειθομένοις
2943 673 3080 740 ήμϊν
3120 673 3157 728 ἃ
3185 674 3586 743 συμϐουλεύου·

2001 779 2087 816 σιν
2110 755 2282 830 οὗτοι,
2308 759 2612 834 ὑποστῆναι
2643 765 2741 834 μὲν
2767 764 2870 834 τήν
2892 764 3155 835 αἰσχύνην
3205 765 3301 818 καὶ
3336 765 3437 835 τήν
3490 765 3588 837 ζη-

2000 854 2134 925 μίαν
2167 855 2226 907 έν
2251 856 2366 919 τοῖς
2397 858 2656 927 καιρίοις,
2689 855 2801 909 τῶν
2846 856 2904 910 δὲ
2965 855 3104 927 μετὰ
3140 855 3314 910 ταῦτα
3359 857 3586 927 προσδο-

1997 949 2262 1019 κωμένων
2282 949 2610 1020 διαμαρτεῖν
2634 951 2893 1006 ἁπάντων
2924 950 3294 1020 συμϐήσεται,
3331 952 3427 1004 καὶ
3457 952 3584 1018 τοὺς

1996 1041 2298 1111 πολεμίους
2333 1043 2809 1115 προσπαροξῦναι,
2837 1043 2910 1098 δι’
2935 1043 3172 1112 ὑποψίας
3217 1043 3582 1113 ποιουμένους

1993 1134 2097 1206 τὴν
2119 1134 2340 1190 ἕνωσιν.
2387 1135 2589 1206 Ἐχρῆν
2617 1134 2675 1188 δὲ
2702 1135 2764 1189 τδ
2798 1136 2898 1206 μὲν
2919 1135 3173 1199 Λατίνοις
3203 1134 3448 1205 ἡνῶσθαι
3485 1137 3584 1190 καὶ

1994 1228 2165 1282 πᾶσιν
2220 1226 2534 1298 ἀνθρώποις
2606 1231 2718 1290 τοῖς
2795 1227 3162 1292 δικαιοτάτοις
3215 1229 3440 1297 τρόποις
3487 1227 3585 1292 ζη-

1993 1320 2128 1382 τεῖν,
2156 1318 2205 1373 εἰ
2245 1318 2341 1373 καὶ
2368 1318 2472 1388 γῆς
2522 1318 2744 1389 ἁπάσης
2775 1317 3150 1388 ἐτυγχάνομεν
3197 1317 3378 1387 κύριοι
3412 1333 3428 1348 ·
3481 1333 3581 1384 την

1992 1409 2050 1466 δὲ
2072 1411 2210 1482 πρὸς
2245 1410 2336 1466 τὸν
2369 1411 2503 1466 Θεὸν
2529 1413 2624 1466 καλ⁵
2652 1413 2780 1476 τοὺς
2811 1402 3065 1484 Πατέρας
3093 1410 3228 1466 αἰδὼ
3275 1413 3420 1483 μήτε
3473 1412 3581 1465 Λα-

1992 1504 2157 1557 τίνων
2184 1505 2392 1565 εἴνεκα,
2429 1506 2570 1576 μήτε
2599 1505 2712 1559 τῶν
2751 1505 3036 1576 συγγενῶν
3081 1505 3287 1569 αὐτῶν,
3332 1503 3582 1576 προδιδό-

1993 1615 2105 1659 ναι,
2145 1599 2193 1651 εί
2249 1597 2440 1668 μέλλοι
2490 1615 2595 1662 τις,
2646 1595 2864 1666 ἐκείνην
2917 1597 3127 1668 τηρῶν,
3181 1595 3492 1668 ἀνθρώποις
3518 1613 3580 1650 τε

1923 1723 1964 1778 Β
1995 1691 2130 1744 πᾶσι
2155 1690 2249 1744 καὶ
2269 1691 2394 1754 ταῖς
2421 1690 2580 1759 σαρξὶ
2619 1689 2895 1761 πολεμίως
2934 1689 3176 1761 χρῆσθαι
3205 1691 3326 1753 ταῖς
3352 1687 3577 1745 ἑαυτοῦ.

2064 1779 2229 1838 Ἀλλά
2251 1780 2458 1836 τούτων
2483 1781 2635 1836 οὐδὲν
2664 1779 2799 1836 ἔνιοι
2848 1780 3206 1852 συνορῶντες,
3247 1781 3300 1834 τί
3356 1781 3458 1850 μὲν
3513 1779 3576 1834 οὐ

1989 1865 2238 1944 λέγουσι,
2273 1875 2327 1930 τί
2355 1874 2402 1929 δ’
2423 1875 2482 1929 ού
2514 1872 2756 1941 ποιοῦσι,
2790 1875 2892 1938 τὰς
2943 1875 3054 1928 τῶν
3088 1873 3351 1943 ’μετρίων
3397 1871 3577 1943 ψυχὰς

1989 1970 2288 2038 ταράττειν
2315 1969 2622 2039 δυνάμενον
2648 1985 2666 2036 ;
2719 1967 2841 2022 Τῶν
2867 1966 2926 2021 δὲ
2960 1967 3131 2038 μηδὲν
3177 1965 3458 2037 διαφέρειν
3489 1967 3575 2019 λε-

1989 2061 2216 2129 γόντων,
2253 2059 2288 2116 ἆ
2310 2077 2369 2114 τε
2393 2059 2488 2114 νῦν
2524 2058 2747 2113 Λατῖνοί
2779 2075 2937 2126 φασι,
2979 2047 3077 2113 καὶ
3102 2055 3160 2122 ἃ,
3208 2055 3320 2118 τοῖς
3378 2054 3576 2124 ἡμετέ-

1992 2167 2106 2222 ροις
2156 2151 2403 2222 Πατράσι
2464 2149 2562 2221 καὶ
2593 2149 2937 2212 διδασκάλοις
2981 2148 3213 2216 δόξαντα
3244 2147 3343 2216 τήν
3376 2145 3572 2217 ἀρχὴν,

1989 2245 2083 2298 καὶ
2111 2243 2246 2315 ἡμῖν
2270 2243 2480 2314 ὁμοίως
2507 2242 2674 2308 δοκεῖ,
2711 2241 2840 2312 περὶ
2873 2237 2949 2295 ῶν
2976 2237 3430 2310 ἀμφισϐητοῦμεν
3461 2239 3573 2292 Λα·

1986 2337 2178 2401 τίνοις,
2202 2322 2280 2401 ὣς
2309 2335 2466 2400 εἴτις
2495 2335 2646 2403 λέγοι
2673 2335 2841 2408 μηδὲν
2867 2333 3150 2402 διαφέρειν
3197 2331 3297 2402 τὴν
3325 2331 3573 2398 κατάφα-

1989 2448 2075 2484 σιν
2104 2431 2280 2484 είπεῖν
2306 2430 2338 2502 ἢ
2367 2431 2466 2501 τὴν
2493 2429 2880 2500 ἀντικειμένην
2927 2427 3204 2495 ἀπόφασιν
3240 2425 3370 2495 περὶ
3423 2426 3573 2477 61:00-

1985 2521 2102 2588 οῦν,
2133 2521 2340 2574 τούτων
2361 2520 2481 2574 οὐδὲ
2507 2519 2794 2589 φροντίσαι
2823 2517 2951 2589 χρὴ,
2985 2517 3243 2570 τοιούτων
3277 2517 3340 2583 γε
3379 2512 3572 2566 ὄντων.

1987 2615 2052 2668 υἱ
2069 2613 2126 2668 δὲ
2147 2612 2352 2668 τούτων
2373 2613 2664 2684 δεινότεροι
2683 2611 2891 2682 βραχέα
2911 2609 3010 2681 μὲν
3035 2609 3124 2664 τοῦ
3145 2607 3294 2678 ίεροῦ
3323 2607 3418 2662 καὶ
3436 2622 3572 2660 παν-

1983 2707 2159 2778 δήμου
2191 2705 2588 2768 διδασκαλείου,
2618 2703 2775 2758 νόθου
2798 2701 2855 2755 δέ
2872 2718 3020 2765 τινος
3054 2701 3249 2772 ἐτέρας
3284 2699 3571 2768 διατριϐῆς

1986 2799 2082 2854 καὶ
2107 2794 2218 2852 οὐδ’
2243 2799 2448 2854 ἀνεκτά
2473 2815 2535 2866 γε
2560 2797 2628 2851 τὰ
2655 2796 2885 2850 πλεῖστα
2931 2794 3072 2864 πρὸς
3101 2791 3450 2862 κατασκευὴν
3477 2789 3570 2846 τοῦ

1986 2892 2256 2961 δόγματος
2281 2892 2557 2960 λέγοντες,
2593 2888 2903 2960 θαυμάζειν
2935 2887 3184 2943 ποιοῦσιν
3204 2888 3378 2958 ἡμᾶς,
3409 2886 3568 2940 εἰκαί

1987 2984 2156 3056 ¹ἡτῶν
2191 2986 2482 3056 Ῥωμαίων
2527 2984 2846 3056 Ἐκκλησία,
2901 2984 3022 3045 ταῖς
3084 2983 3281 3052 ἀρχαῖς
3337 2981 3570 3042 ἐκείναις

293 3063 396 3127 οὒκ
425 3073 668 3144 ἀληθεῖς,
706 3074 783 3146 τῷ
826 3077 977 3148 ποιρά
1004 3076 1200 3146 μικρὸν
1226 3077 1569 3147 διενηνοχυῖα
1614 3073 1713 3143 τῆς
1749 3078 1882 3126 κου·
1918 3087 1961 3147 ο
1991 3078 2274 3148 τιθεμένη,
2332 3079 2697 3148 συμπεραίνοι
2761 3077 2822 3132 τὸ
2885 3075 3206 3146 πρόϐλημα,
3267 3072 3405 3126 Πολξ)
3459 3071 3566 3142 γὰρ

294 3167 531 3238 φοτὲρας
565 3168 598 3238 ἡ
647 3167 849 3238 χείρων
868 3170 924 3221 ὲν
950 3167 1177 3238 ὁτῳοῦν,
1209 3167 1404 3240 βαθμῷ
1431 3184 1541 3222 τινι
1591 3166 1682 3220 καὶ
1727 3161 1881 3230 τάξει

293 3265 391 3333 τῆς
414 3261 674 3333 ἀληθείας
736 3259 1252 3332 ἀποπεπλάνηνται.
1299 3262 1422 3317 Τῶν
1455 3257 1551 3316 οὖν
1578 3260 1678 3332 τὴν
1728 3258 1881 3331 πρώ-

291 3369 394 3428 την
424 3355 524 3427 τῆς
547 3354 806 3426 ἀληθείας
851 3354 1154 3410 ἀπόστασιν
1181 3354 1534 3409 πεπονθότων
1577 3353 1879 3424 εἰσαγομέ-

291 3457 402 3502 νων
434 3448 514 3512 είς
550 3449 646 3519 τήν
675 3447 848 3518 ζωὴν,
873 3447 949 3508 ὡς
973 3447 1128 3502 αύτοί
1163 3463 1317 3518 φασι,
1353 3447 1449 3500 καὶ
1481 3446 1610 3510 τοὺς
1655 3447 1756 3517 ίσῳ
1782 3443 1880 3515 μέ-

291 3559 407 3612 τρῳ
436 3540 642 3610 ταύτης
672 3542 1049 3614 ἀφεστηκότας
1073 3540 1390 3610 εἰσάγεσθαι
1445 3539 1553 3612 χρή
1593 3539 1670 3610 τῷ
1726 3537 1878 3610 αὑτῷ

290 3638 486 3708 δικαίῳ
512 3638 606 3690 καὶ
633 3635 778 3708 λόγῳ
808 3651 824 3666 δ
853 3636 948 3691 και
981 3635 1131 3690 τοῦθ’
1173 3635 1318 3690 οῦτω
1370 3634 1670 3708 προϐαῖνον
1723 3635 1877 3706 μερί-

223 3739 230 3742 “
290 3746 389 3792 τας
429 3728 649 3798 ποιήσει
670 3727 770 3797 τῆς
796 3727 940 3798 ζωῆς
974 3728 1188 3800 ἐκείνης
1221 3728 1460 3790 καὶτοὺς
1494 3727 1736 3798 ἐσχάτως
1767 3728 1877 3798 ἄρα

295 3819 772 3888 πεπλανημένους.
807 3817 868 3870 Εἰ
889 3818 946 3872 δὲ
975 3818 1136 3872 τοῦτο
1168 3819 1279 3873 τῶν
1307 3818 1563 3884 καθάπαξ
1598 3817 1876 3872 ἀδυνάτων

290 3912 430 3981 ἐστὶ,
463 3909 558 3964 καὶ
589 3909 644 3963 τί
671 3909 800 3981 περὶ
825 3909 934 3963 τῶν
958 3911 1052 3964 καὶ
1084 3910 1280 3983 μικρὸν
1303 3911 1404 3980 τῆς
1433 3911 1602 3983 ὀρθῆς
1637 3910 1875 3974 πίστεως

290 4003 647 4058 ἔκκλινόντων
682 4001 830 4066 ἆπσς
856 4001 1220 4072 ἀποφαίνεται
1257 4005 1442 4073 νόμος,
1475 4005 1634 4076 ίσμεν
1664 4003 1872 4071 καλῶς,

289 4093 694 4163 σκοπείτωσαν,
736 4087 800 4147 οὗ
856 4093 926 4148 τὰ
965 4093 1077 4148 τῶν
1132 4094 1364 4149 ἐλπίδων
1399 4094 1586 4165 σφίσιν
1618 4096 1788 4161 ἐστὶν,
1821 4095 1872 4148 οἱ

291 4189 489 4261 μικρὸν
521 4189 818 4260 ἡγούμενοι
845 4187 945 4260 τὴν
976 4188 1076 4259 τῆς
1130 4186 1393 4260 ἀληθείας
1445 4185 1671 4258 πρώτην
1732 4189 1873 4242 ἀπό-

286 4287 517 4345 πτωσιν,
563 4279 655 4335 καὶ
706 4279 864 4336 ταῦθ’
918 4279 1105 4334 ἑκοῦσι
1129 4279 1528 4350 γεγενημένην,
1570 4280 1733 4352 χάριν
1777 4281 1870 4335 τοῦ

286 4373 558 4445 κοσμικοῦ
595 4391 739 4437 τινος
768 4374 952 4443 τυχεῖν
977 4372 1186 4440 ἀγαθοῦ
1232 4373 1267 4443 ἢ
1297 4372 1474 4426 δεινοῦ
1500 4390 1648 4435 τινος
1693 4374 1870 4426 ἀπαλ-

284 4469 518 4536 λαγῆναι
557 4466 918 4536 προσκαίρου.
965 4465 1028 4517 Εἰ
1055 4463 1113 4516 δὲ
1147 4465 1206 4518 τὸ
1257 4467 1355 4535 τῆς
1407 4466 1656 4528 ένώσεως
1708 4466 1872 4519 καλὸν

284 4561 422 4628 ἡμῖν
454 4559 548 4612 καὶ
581 4557 710 4619 τοὺς
731 4555 944 4609 ἐκεῖθεν
976 4550 1202 4625 μισθοὺς
1244 4555 1618 4625 προτείνοντες
1681 4557 1878 4625 ἡγοῦν-

283 4655 375 4708 ταί
406 4671 457 4706 τι
489 4650 688 4719 λέγειν,
729 4649 1156 4719 μανθανέτωσαν
1210 4643 1302 4714 αὖ,
1354 4648 1449 4709 ὡςχ
1477 4648 1729 4702 ένοῦσθαι
1777 4649 1877 4719 μὲν

283 4750 395 4809 τοῖς
427 4746 776 4815 ἐσχισμένοις
807 4741 1080 4814 συμφέρει
1115 4758 1131 4772 ο
1167 4732 1402 4796 τοιοῦτοι
1445 4742 1493 4796 δ’
1519 4733 1568 4796 οί
1609 4743 1710 4813 τῆς
1757 4759 1869 4796 κοι-

283 4841 382 4913 νῆς
402 4839 889 4911 ἁπορῥηγνύμενοι
918 4836 1169 4906 γνώμης,
1216 4837 1312 4891 καὶ
1341 4835 1404 4890 τὸ
1439 4827 1632 4889 δοκοῦν
1690 4836 1876 4901 αὐτοῖς

284 4936 456 5006 Imp“;
480 4932 775 5004 ἡγούμενοι
811 4929 1000 4999 κύριον
1027 4944 1041 4958 ⁸
1067 4929 1126 4982 τὸ
1155 4929 1213 4983 δὲ
1247 4929 1694 4998 προσλαμϐάνειν
1742 4929 1871 4990 τοὺς

285 5027 666 5102 σχιζομένους,
701 5027 840 5098 ὅπερ
867 5025 935 5080 ἂν
965 5023 1234 5096 ἁρμόττοι
1262 5024 1466 5092 μᾶλλον
1516 5024 1670 5094 ἡμῖν,
1699 5023 1780 5086 ,οὐ
1811 5023 1873 5075 τὸ

285 5121 595 5192 συγχωρεῖν
626 5122 746 5174 ἐστι
771 5121 894 5182 ταῖς
931 5118 1310 5187 καινοτομίαις
1362 5116 1457 5170 καὶ
1487 5133 1872 5185 συγκαταφρο-

284 5217 398 5270 νεῖν
435 5216 547 5270 τῶν
603 5212 850 5285 ἀρχαίων
902 5215 1014 5276 τοῖς
1045 5211 1286 5283 πρώτοις
1339 5211 1497 5265 τοῦτο
1551 5210 1867 5280 θελήσασιν,

281 5307 418 5363 ἀλλὰ
443 5308 504 5361 τὸ
529 5306 740 5361 πείθειν
769 5308 1034 5372 ἐκείνους,
1076 5306 1266 5376 ὥσπερ
1321 5306 1610 5378 πρότερον,
1655 5322 1872 5376 σωφρο-

281 5406 416 5468 νεῖν,
448 5401 548 5470 τὴν
577 5399 921 5471 ἰδιορυθμίαν
947 5401 1025 5472 (Ξ)
1060 5403 1156 5453 καὶ
1189 5401 1289 5472 τὴν
1311 5399 1563 5453 ἔνστασιν
1600 5399 1872 5470 ἀρνουμέ-

282 5515 432 5566 νους,
475 5477 633 5572 ᾗτὺν
655 5494 958 5568 σύνδεσμον
986 5495 1197 5551 λύουσι.
1248 5494 1359 5556 Τὰς
1399 5493 1446 5546 δ’
1496 5491 1866 5562 ἑλπιζομένας

283 5593 398 5654 τοῖς
417 5590 602 5663 ⁸ταῦτα
627 5589 853 5668 λέγουσι
898 5587 1154 5660 βοηθείας
1205 5586 1446 5642 εἰδώλων
1507 5586 1603 5641 καὶ
1655 5583 1867 5656 κούφης

358 5796 434 5860 (ί)
503 5795 924 5848 Constantinum
999 5792 1430 5865 i_nn_uit_rccens
1519 5799 1860 5865 regnantem.

359 5866 434 5932 (2)
462 5868 540 5918 An
575 5866 756 5933 potius
791 5863 1166 5936 ίδιορῤυθξλίαν
1191 5863 1226 5934 ⁷.

1988 3173 2154 3227 πλέον
2211 3171 2656 3242 ἀμφισϐητοῖμεν
2704 3171 2770 3225 ἀν
2827 3169 2966 3239 αὐτῇ
3039 3167 3309 3236 περὶτῶν
3361 3164 3569 3236 ἀρχῶν,

1987 3266 2100 3337 ὅσῳ
2149 3271 2248 3322 καὶ
2278 3266 2486 3335 μείζων
2511 3265 2698 3333 σφίσιν
2727 3264 2906 3317 ἔνεστι
2955 3261 3200 3323 κίνδυνος
3225 3276 3239 3292 ο
3285 3258 3398 3312 τῶν
3459 3258 3567 3327 γάρ

1985 3357 2278 3430 χειρίστων
2301 3355 2453 3410 οὐδέν
2488 3373 2541 3409 τι
2599 3355 2841 3425 βελτίους
2874 3353 3037 3408 εἰσίν.
3083 3350 3224 3406 Ἀλλ’
3287 3346 3370 3412 οἷς
3419 3350 3571 3414 ἐξεύ-

1989 3448 2185 3520 ρηνταί
2235 3466 2380 3511 τινες
2432 3446 2541 3502 ὀδοὶ
2590 3447 2729 3516 πρὸς
2768 3445 3014 3515 εἰρήνην,
3070 3443 3330 3515 ἀρνήσεις
3375 3436 3450 3494 ὧν
3479 3440 3570 3494 οὐ·

1984 3543 2098 3608 δεὶς
2151 3541 2395 3612 ἐγκαλεῖ,
2452 3539 2549 3594 καὶ
2619 3538 3004 3610 συγχωρήσεις
3054 3529 3130 3590 ὧν
3177 3535 3352 3598 οὐδεὶς
3405 3533 3569 3587 ἀπαι-

1983 3640 2093 3703 τεῖ,
2160 3635 2257 3690 καὶ
2293 3633 2388 3690 τοῦ
2437 3634 2712 3704 δόγματος
2755 3625 3077 3700 βεϐαιώσεις
3125 3629 3185 3681 ὲν
3236 3627 3566 3697 προσχήμα-

1982 3748 2038 3785 τι
2097 3730 2331 3794 λύσεως,
2387 3723 2541 3796 μόλις
2575 3727 2879 3795 ὲθνογενεῖς
2939 3737 3090 3788 τινας
3129 3723 3225 3776 καὶ
3255 3721 3566 3781 σκαπανέας

1983 3824 2076 3879 καὶ
2092 3823 2467 3894 τοκογλύφους
2494 3820 2839 3890 ἐξαπατῆσαι
2871 3818 3191 3885 δυνάμεναι,
3279 3831 3432 3874 τινας
3456 3813 3567 3865 τῶν

1981 3919 2078 3972 καὶ
2102 3919 2210 3988 πρὸ
2240 3916 2432 3971 τούτου
2491 3913 2972 3985 συνηρπασμένων
3009 3910 3189 3982 (ὀλίγη
3237 3908 3298 3964 δὲ
3357 3896 3435 3977 (3)
3472 3905 3567 3957 καὶ

1981 4009 2186 4064 τούτων
2239 4008 2482 4081 φροντίς)
2517 4023 2533 4039 ⁸
2587 4005 2703 4060 ἀλλ’
2761 4008 2809 4058 οξ
2871 4006 2990 4066 ταῖς
3047 3999 3237 4064 ἄλλαις
3296 3999 3565 4071 μηχαναῖς

1981 4101 2217 4162 ἐκείναις
2258 4099 2384 4160 τοὺς
2417 4096 2829 4163 ἁπλουστέρους
2879 4095 3153 4165 παράγειν
3206 4089 3560 4162 πειρώμενοι,

1979 4187 2128 4250 οῦτοι
2155 4194 2218 4262 δὴ
2250 4194 2340 4247 καὶ
2368 4191 2478 4245 τῶν
2525 4189 2778 4261 φανερῶς
2821 4187 3190 4254 ἀνθεστῖδτων,
3227 4185 3297 4237 επ
3332 4201 3363 4255 ρ
3395 4183 3565 4237 εἰπὼν

1979 4283 2169 4359 ἔφθην,
2199 4287 2250 4339 οἱ
2283 4285 2516 4355 χείρους.

2052 4381 2275 4446 Τούτοις
2307 4381 2496 4442 πᾶσιν,
2546 4379 2759 4448 ἄριστε,
2801 4376 2900 4445 τὴν
2942 4374 3042 4445 σὴν
3096 4373 3290 4444 σοφίαν
3341 4372 3562 4427 ἀντέτα-

1983 4481 2096 4546 ξας,
2123 4476 2210 4532 ἀεὶ
2241 4473 2338 4545 μὲν
2373 4471 2515 4528 οὕτω
2544 4473 2638 4524 καὶ
2690 4469 2928 4540 πρόσθεν
2973 4467 3312 4538 πεποιηκὼς,
3339 4465 3448 4532 Ξνῦν
3493 4458 3562 4530 δ’,

1981 4572 2141 4643 εἴπερ
2174 4569 2326 4643 ποτὲ,
2363 4571 2419 4622 ὲν
2451 4567 2650 4638 καιρῷ,
2683 4565 2780 4619 καλ⁵
2809 4562 2948 4634 μετά
3002 4561 3196 4615 πολλοῦ
3227 4560 3320 4618 τοῦ
3348 4559 3565 4630 περιόν-

1978 4681 2070 4727 τος
2121 4642 2318 4718 αὐτῶν.
2349 4660 2709 4727 καθικόμενος
2763 4655 2945 4723 λόγοις
2983 4653 3258 4724 ἄδίρηκτόν
3310 4668 3430 4704 τινα
3463 4651 3562 4713 τὴν

1983 4756 2138 4823 ἰσχὺν
2175 4755 2560 4821 κεκτημένοις,
2593 4749 2655 4801 οὐ
2683 4748 2780 4818 τῆς
2805 4744 3033 4814 ἐνούσης
3067 4761 3146 4798 σοι
3176 4745 3374 4813 τέχνης
3426 4740 3564 4808 μᾶλ-

1975 4843 2130 4916 λονῆ
2188 4845 2290 4912 τῆς
2345 4838 2453 4895 τῶν
2498 4841 2673 4909 λόγων
2726 4839 2858 4909 ὕλης
2898 4837 3058 4891 τοῦτο
3092 4834 3517 4906 παρασχομένης
3544 4847 3559 4862 '

1979 4935 2237 5005 ἀληθείας
2263 4934 2371 5006 γὰρ
2392 4930 2922 5001 ὑπεραγωνιζομένῳ
2953 4929 3046 4983 καὶ
3076 4927 3168 4980 τοῦ
3202 4925 3360 4988 Θεοῦ,
3403 4925 3561 4996 μένος

1975 5019 2387 5099 ἐμπνευσθῆναί
2416 5033 2471 5078 τι
2515 5025 2794 5096 προσῆκεν
2844 5022 3074 5074 ἐκεῖθεν.
3113 5018 3299 5072 Ἀλλοι
3347 5034 3408 5068 τε
3467 5011 3562 5070 οὖν

1975 5122 2161 5175 πολλοὶ
2189 5122 2272 5173 σοὶ
2309 5119 2573 5190 μεγίστην
2603 5119 2836 5179 εἴσονται
2862 5115 3024 5185 χάριν
3049 5104 3140 5165 καὶ
3165 5101 3232 5164 δι’
3260 5110 3382 5182 ἐμὲ,
3402 5108 3561 5176 κάγὼ

1974 5216 2081 5286 πρὸ
2111 5214 2332 5268 πάντων
2360 5215 2418 5266 ὲν
2447 5214 2560 5275 τοῖς
2597 5210 2802 5279 τιμίοις
2829 5209 2938 5274 ἓξω
2970 5223 3029 5259 σε
3063 5206 3156 5259 καὶ
3177 5206 3247 5258 τὰ
3276 5206 3344 5258 σὰ
3377 5203 3558 5273 πολλῷ

1979 5306 2200 5378 πλέονῆ
2232 5306 2489 5377 πρόσθεν,
2528 5305 2590 5358 ού
2623 5303 2734 5357 τῶν
2759 5303 2816 5354 ἐν
2864 5301 3007 5371 ἀρχῇ
3039 5299 3197 5368 μόνον
3252 5296 3560 5366 εἰρημένων

1973 5400 2160 5465 ἕνεκα,
2185 5399 2301 5452 ἀλλ’
2335 5399 2417 5452 ὅτι
2447 5398 2512 5467 δὴ
2545 5397 2641 5450 καὶ
2672 5395 2732 5448 τὸ
2775 5392 2917 5462 ὑπὲρ
2950 5392 3196 5447 Λατίνων
3236 5392 3414 5443 ἐκεῖνο
3477 5389 3560 5458 βι-

1974 5491 2123 5545 ὅλίον
2145 5493 2280 5562 ἡμῖν
2310 5490 2412 5562 μὲν
2435 5490 2536 5543 οὐκ
2559 5487 2830 5541 ἐδείκνυον
2855 5483 2904 5536 οἱ
2932 5483 3016 5536 σοὶ
3057 5481 3427 5550 πεπομφότας,
3458 5481 3558 5551 τὴν

1976 5585 2076 5656 σὴν
2105 5583 2248 5654 ὑπὲρ
2277 5583 2443 5636 αὑτοῦ
2469 5582 2648 5652 ψῆφον
2679 5579 2950 5651 ἀρπάσειν
2979 5577 3110 5647 πρὶν
3129 5577 3278 5646 ,ἡμῖν
3321 5573 3554 5646 ὀφθῆναι
3651 5601 3656 5605 -

2051 5789 2129 5860 (5)
2163 5785 2288 5843 Ιῐςυο
2351 5802 2450 5843 nos
2510 5786 2564 5843 in
2623 5781 2957 5858 parenthesi,
3024 5797 3091 5838 uc
3131 5776 3254 5851 quis
3279 5778 3344 5851 δὴ
3377 5792 3471 5848 pro
3499 5773 3555 5828 δὲ

1985 5862 2090 5931 logi
2125 5861 2266 5917 \‘Clil.
2298 5863 2471 5916 Ale.
