4062 6462
268 448 372 507 ΜΓ»
1359 455 1744 516 UENNADH
1787 454 1875 515 (ΖΡ

1976 454 2465 513 ’ΛΤΒΙΛΙὶίΖΙΙιθΕ

3445 457 3554 522 6‘6

270 552 367 615 οὑκ
418 559 632 630 ἔχοντες
679 559 949 615 ἀπιστεῖν.
994 561 1181 633 Ὁρᾷς,
1211 554 1259 616 ὦ
1306 563 1557 632 φίλτατε,
1585 566 1731 636 πόση
1778 583 1861 629 τις
1890 566 1939 627 Α
1966 582 2102 628 των,
2171 564 2266 616 καὶ
2324 563 2435 617 τῶν
2495 563 2676 618 ἀλλων
2734 565 3168 637 ὑπερουρανίων.
3243 566 3558 642 Ἐνδεκάτη,

272 652 401 721 ἡμῖν
444 654 663 724 ἀπαντᾷ
710 654 978 724 διηνεκῶς
1010 654 1069 720 ἐξ
1111 655 1420 724 ἀνθρώπιον
1448 657 1551 726 τῆς
1582 657 1724 728 ὑπὲρ
1753 658 1863 712 τῶν

271 745 464 801 κοινῶν
494 746 717 815 ἀγαθῶν
764 748 1023 814 προνοίας
1062 749 1308 820 η“χάρις,
1347 742 1424 805 ῶν
1452 752 1685 806 κατόπιν
1715 751 1864 807 ἀπαν

269 838 399 893 ίδιον
424 841 510 895 ἀεὶ
537 840 821 912 συμφέρον
858 840 1115 910 ἐθέμεθα.
1165 841 1309 896 Ἀλλ’
1341 844 1392 898 εί
1429 843 1586 911 Θεὸν,
1614 844 1772 917 ἡμῶν
1805 846 1864 899 ἐν

271 930 434 983 παντὶ
486 930 567 1000 τῷ
619 930 720 1001 βίῳ
765 931 1193 1003 προϊστάμενον,
1228 932 1464 988 ἔπαισαν
1511 934 1609 988 ἐπὶ
1654 936 1863 1006 κόρρης

270 1020 477 1086 πολλοὶ,
517 1020 612 1074 τὸν
638 1022 731 1076 ἐπὶ
762 1022 841 1092 τῷ
874 1024 1044 1093 μηδὲν
1076 1024 1439 1096 λελαληκέναι
1479 1024 1684 1096 φαῦλον
1705 1025 1865 1092 δεξά-

272 1129 437 1181 μενον
483 1111 584 1183 τὴν
631 1114 853 1185 πληγὴν
898 1114 1133 1183 ἐγγύθεν
1183 1115 1397 1187 ἔχομεν.
1446 1117 1747 1185 συνειδότα,
1801 1120 1865 1175 δν

272 1203 565 1275 ὑπέρδικον
605 1205 664 1263 ἐν
703 1209 817 1271 τοῖς
860 1207 1127 1271 τοιούτοις
1166 1208 1437 1275 ἐλπίζειν,
1493 1210 1614 1281 ἅμα
1665 1211 1724 1266 δέ
1768 1212 1864 1268 καὶ

273 1298 612 1369 παρήγορον,
634 1297 739 1369 χρὴ
765 1298 892 1363 τοὺς
926 1301 1001 1372 μὴ
1028 1300 1289 1369 καθάπαξ
1318 1303 1440 1375 είκῆ
1471 1304 1791 1376 τρέχοντας.

354 1390 513 1445 Ἐπεὶ
545 1389 601 1443 δὲ
637 1390 746 1444 ἔδει
774 1390 953 1445 πάντα
1003 1392 1373 1463 φαειεροὺσθαι
1424 1393 1505 1466 τῷ
1537 1396 1736 1467 χρόνῳ.
1768 1396 1867 1451 καὶ

275 1479 343 1555 ῆν
389 1484 490 1554 μὲν
537 1483 599 1538 τὸ
634 1482 842 1553 βιϐλίον
894 1483 994 1539 τοὺ
1047 1485 1321 1556 Γεμιστοὺ
1367 1487 1665 1555 τεθνεῶτος
1711 1491 1867 1561 παρά

274 1579 385 1639 τοῖς
412 1577 645 1648 ἄρχουσι
674 1577 777 1647 τῆς
797 1576 1211 1649 Πελοποννήσου
1242 1578 1463 1651 (διττῶν
1490 1579 1548 1636 δέ
1570 1580 1741 1637 όντων
1759 1582 1862 1653 (l),

276 1671 403 1734 τοὺς
440 1667 862 1741 εὐσεϐεστέρους
887 1685 948 1723 τε
974 1671 1070 1724 καὶ
1114 1669 1340 1740 μείζους
1372 1673 1564 1744 φημὶ),
1591 1674 1693 1729 οὑκ
1720 1670 1866 1746 εἶχον

274 1762 333 1815 δὲ
367 1762 580 1829 ἀγνοεῖν
608 1761 720 1815 τῶν
766 1762 827 1815 ἐν
855 1760 1006 1832 αὑτῷ
1032 1763 1446 1833 γεγραμμένων
1472 1764 1574 1835 τὴν
1606 1765 1861 1835 ἀτοπίαν,

275 1852 559 1909 ἐϐούλοντο
612 1853 713 1925 μὲν
757 1855 955 1909 αὐτίκα
1008 1855 1254 1925 πέμπειν
1299 1856 1459 1926 ημῖν,
1511 1855 1606 1909 καὶ
1649 1855 1866 1920 πολλοῖς

275 1948 599 2003 ἀπαιτοῦσιν
646 1947 965 2019 ἐκγράφειν,
992 1946 1095 2002 οὑκ
1131 1948 1320 2017 ἠξίουν
1372 1947 1610 2003 διδόναι·
1657 1947 1764 2002 ὑπὸ
1806 1946 1866 2002 δέ
1895 1927 1940 1985 Β

276 2041 385 2096 τῶν
424 2042 632 2111 καιρῶν
675 2041 829 2096 τουτὶ
875 2040 1238 2107 κωλυθέντες,
1272 2041 1382 2097 ὑπὸ
1409 2041 1521 2097 τῶν
1554 2039 1738 2097 αὑτῶν
1767 2040 1867 2097 αὑ-

276 2136 357 2189 τοὶ
401 2137 498 2190 καὶ
524 2136 678 2205 ,παρ’
710 2132 932 2197 ἐλπίδας
965 2134 1104 2205 ἡμῖν
1146 2126 1284 2206 ἦκον
1335 2131 1619 2204 φέροντες,
1645 2132 1742 2187 καὶ
1789 2131 1868 2186 δι-

278 2228 447 2282 πλοὺν
491 2230 626 2299 ἡμῖν
671 2229 912 2297 ἤνεγκαν
965 2226 1185 2295 πένθος,
1233 2225 1296 2281 τδ
1353 2226 1455 2298 μὲν
1515 2227 1605 2280 ἐπ’
1660 2226 1866 2292 αὑτοῖς,

277 2322 639 2394 ἀποναμένοις
692 2321 791 2389 τῆς
841 2320 1032 2392 κοινῆς
1092 2321 1416 2392 συμφορᾶς,
1476 2318 1538 2385 ἐξ
1586 2313 1664 2374 ῶν
1716 2318 1870 2375 ἄλλοι

278 2415 719 2485 προπετέστερον
746 2413 1174 2485 βουλευσάμενοι
1218 2412 1639 2482 κατεπράξαντο
1658 2430 1676 2449 ο
1710 2412 1771 2466 τὸ
1797 2412 1869 2479 δ’,

278 2508 373 2563 ἐπὶ
418 2506 495 2578 τῷ
542 2506 754 2579 βιϐλίῳ.
785 2505 965 2570 Εὐθὺς
996 2505 1108 2578 γάρ
1147 2496 1521 2578 ἀναπτυχθὲν,
1552 2507 1700 2569 τίνος
1732 2506 1868 2578 ἡμῖν

278 2601 379 2653 οὐκ
412 2599 743 2670 ἀηδέστερον
770 2597 916 2663 ἔδοξε
949 2597 1404 2670 συναντήματοςς

349 2688 461 2751 Ἦν
495 2692 597 2762 μὲν
641 2693 723 2754 είς
764 2692 894 2763 τρία
923 2690 1281 2767 διῃρημένον.
1321 2690 1586 2748 Ἐκάστου
1635 2692 1692 2747 δέ
1741 2693 1873 2748 ὑπο-

280 2787 458 2850 θέσεις
513 2784 957 2858 προτεταγμέναι
1017 2780 1160 2858 ἦσαν
1213 2784 1444 2851 πολλαὶ,
1496 2784 1750 2855 καθάπερ
1809 2788 1870 2841 ἐν

280 2879 495 2944 πίνακι,
548 2879 824 2949 μηδεμίαν
863 2878 1003 2950 πρὸς
1053 2878 1293 2949 ἀλλήλας
1345 2876 1619 2944 σώζουσαι
1670 2878 1868 2946 τάξιν*

280 2970 451 3041 σοφοῦ
485 2970 540 3024 δέ
570 2970 633 3024 τὸ
663 2970 882 3025 τάττειν
911 2968 1053 3024 ἐστί.
1091 2969 1202 3024 Καὶ
1230 2963 1300 3038 ἦν
1327 2969 1425 3023 τοῦ
1457 2971 1560 3040 μέν
1589 2970 1866 3043 προτέρου

281 3062 572 3133 τμήματος
605 3059 864 3124 ὑπόθεσις
897 3059 1115 3130 πρώτη,
1144 3061 1275 3132 περὶ
1307 3061 1575 3131 διαφορᾶς
1598 3062 1708 3115 τῶν
1741 3062 1873 3131 περὶ

283 3149 393 3205 τῶν
425 3149 701 3220 μεγίστων
724 3148 1037 3221 ἀνθρώποις
1062 3149 1252 3217 δοξῶν.
1282 3150 1551 3219 Δευτέρα,
1583 3152 1716 3220 περὶ
1742 3153 1872 3223 ἡγε-

1966 656 2232 727 περὶτῆς
2287 655 2397 710 τῶν
2431 658 2587 721 ἐντὸς
2632 657 2867 733 ούρανοῦ
2911 656 3053 713 θεῶν
3079 660 3368 728 γενέσεως.
3406 659 3560 733 Εἶτα,

1966 752 2099 822 περὶ
2133 749 2318 821 ψυχῆς
2369 750 2466 804 καὶ
2494 748 2735 820 ἄστρων,
2765 731 2859 804 οἷαὶ
2909 752 3011 820 τῆς
3055 751 3164 807 τῶν
3203 754 3421 823 ἄστρων
3461 731 3553 824 ψυλ

1964 842 2067 913 χῆς
2110 841 2215 913 (2),
2249 840 2345 895 καὶ
2397 842 2528 913 περὶ
2576 841 2857 912 δαιμόνων
2915 844 3053 898 ἄλλα
3105 862 3186 911 τε,
3228 847 3325 901 καὶ
3372 848 3451 912 ώς
3495 851 3558 904 οὐ

1966 933 2202 1003 πονηροί
2254 933 2387 996 είσι,
2421 935 2519 986 καὶ
2563 932 2789 1004 έλεγχον
2822 934 2934 989 τῶν
2970 935 3114 990 κατὰ
3144 935 3257 991 τῶν
3286 937 3559 1009 δαιμόνων

1962 1022 2249 1090 διαϐολῶν,
2299 1024 2398 1078 καὶ
2435 1025 2566 1095 περὶ
2609 1025 2945 1095 αἰσθήσεων,
3004 1031 3101 1084 καὶ
3143 1029 3275 1100 περὶ
3324 1030 3558 1101 θηρίων,

1964 1119 2062 1172 καὶ
2090 1118 2323 1172 τοιαῦτα
2354 1117 2617 1187 προσθεὶς
2638 1158 2655 1183 ,
2692 1119 2946 1193 εἰκοστὴν
2973 1121 3069 1175 καὶ
3093 1122 3333 1193 ἑϐδόμην
3361 1125 3557 1195 ἐπῆγε,

1965 1207 2095 1278 περὶ
2122 1206 2226 1276 τῆς
2267 1206 2364 1262 τοὺ
2392 1209 2596 1274 παντὸς
2633 1210 2981 1281 ἀῖδιότητοςο
3012 1211 3151 1284 αὕτη
3184 1213 3266 1279 δὲ,
3301 1217 3334 1284 η
3374 1217 3557 1272 τελευ-

1963 1300 2094 1355 ταία
2130 1300 2243 1355 τῶν
2289 1299 2606 1358 ὑποθέσεων
2653 1303 2750 1358 τοῦ
2800 1303 3082 1375 δευτέρου.
3113 1307 3222 1361 Τοὺ
3264 1308 3454 1377 τρίτου
3501 1310 3559 1364 δέ

1965 1391 2277 1458 ὑποθέσεις,
2323 1393 2519 1465 πρώτη
2576 1394 2684 1466 μὲν
2737 1395 3006 1467 ἀνάληψις
3053 1396 3149 1451 τοῦ
3200 1400 3333 1468 περὶ
3358 1402 3558 1472 εἱμαρ-

1968 1481 2139 1554 μένης
2171 1481 2358 1551 λόγου.
2384 1484 2571 1558 Ταύτῃ
2632 1486 2690 1540 δέ
2736 1486 2946 1553 εἵπετο,
2992 1489 3123 1559 περὶ
3171 1489 3371 1561 ψυχῆς.
3404 1488 3557 1559 Εἶτα,

1967 1574 2098 1646 περὶ
2131 1575 2322 1640 τέλους
2350 1576 2446 1630 τοὺ
2481 1576 2623 1648 βίου.
2653 1574 2811 1644 Εἶτα,
2860 1581 2992 1650 περὶ
3041 1584 3382 1681 φρονησεως.
3419 1580 3554 1639 Εῐτα

1966 1670 2096 1739 περὶ
2138 1668 2349 1724 παίδων
2381 1670 2629 1739 ἀγωγῆς.
2667 1665 2827 1737 Εῐτα,
2853 1672 2982 1744 περὶ
3010 1672 3106 1726 τοῦ
3136 1665 3237 1742 τῆς
3279 1674 3559 1740 πολιτείας

1965 1761 2270 1833 σχήματος.
2327 1757 2484 1828 Εἶτα,
2535 1764 2668 1835 περὶ
2702 1764 2976 1835 ἀνδρείας,
3010 1765 3107 1819 καὶ
3167 1765 3303 1821 ἀλλα
3360 1764 3562 1837 ἐφεξῆς

1964 1854 2196 1911 τοιαῦτα
2248 1855 2535 1927 προσθεὶς,
2577 1857 2820 1931 δεκάτην
2879 1859 2974 1914 καὶ
3026 1858 3302 1930 τετάρτην
3358 1861 3558 1931 ἐπῆγε,

1970 1947 2100 2019 περὶ
2136 1948 2239 2020 τῆς
2290 1949 2496 2019 γονέων
2545 1949 2796 2019 ἐκγόνοις
2847 1950 2912 2005 ού
2975 1951 3200 2022 μίξεως.
3240 1947 3398 2018 Εῖτα,
3427 1953 3559 2023 περὶ

1971 2040 2112 2096 θεῶν
2138 2042 2430 2111 γενέσεως.
2470 2037 2624 2109 Εἶτα,
2660 2043 2790 2113 περὶ
2819 2043 2923 2114 τῆς
2971 2044 3131 2113 ἀνδρὶ
3165 2042 3249 2099 ἐνι
3280 2046 3559 2110 γυναικῶν

1972 2135 2239 2202 πλειόνων
2273 2137 2670 2207 συνοικήσεως.
2700 2132 2860 2203 Εἶτα,
2888 2138 3020 2208 περὶ
3062 2140 3167 2208 τῆς
3211 2138 3324 2192 τῶν
3355 2136 3577 2193 κοινῶν“

1971 2228 2248 2299 γυναικῶν
2295 2231 2568 2301 χρήσεως.
2621 2229 2872 2297 Τούτοις,
2913 2228 3045 2302 περὶ
3099 2230 3283 2301 κρεῶν
3331 2231 3560 2301 ἐδωδῆς,

1971 2324 2067 2379 καὶ
2091 2322 2318 2378 τοιαῦτα
2349 2322 2486 2380 ἄλλα
2522 2324 2844 2392 ἐπαγαγὼν,
2881 2322 3140 2393 είκοστὴν
3167 2323 3263 2377 καὶ
3292 2323 3558 2394 δευτέραν

1971 2414 2233 2470 ὑπόθεσιν
2277 2418 2517 2470 ποιεῖται
2548 2415 2684 2484 περὶ
2716 2414 2860 2479 Διὸς,
2896 2412 2973 2479 ώς
3001 2414 3125 2468 οὑδέ
3173 2414 3319 2485 λόγῳ
3349 2414 3563 2485 διάκρι-

1973 2509 2059 2572 σίς
2086 2508 2173 2572 τίς
2221 2508 2374 2561 ἐστιν
2419 2508 2477 2560 ἐν
2517 2505 2690 2579 αὑτῷ.
2737 2506 2926 2580 Ταύτῃ
2978 2507 3325 2578 ἐπισυνάψας
3357 2507 3560 2577 ηθικάς

1970 2616 2128 2665 τινας
2169 2600 2482 2666 ὑποθέσεις,
2542 2601 2640 2654 καλ⁵
2687 2599 2935 2672 πολιτείᾳ
2984 2600 3153 2664 ἄλλας
3213 2600 3558 2670 πρεπούσας,

1970 2689 2306 2761 τριακοστὴν
2336 2690 2534 2758 ἐπάγει
2567 2690 2661 2746 καὶ
2681 2689 2966 2760 δευτέραν,
2983 2690 3115 2762 περὶ
3142 2690 3252 2744 τῶν
3281 2691 3392 2745 τῶν
3417 2691 3558 2745 θεῶν

1971 2781 2277 2853 ὀνομάτων,
2332 2775 2367 2856 ᾗ
2432 2782 2505 2838 τά
2565 2782 2840 2851 κεφάλαια
2907 2783 3017 2838 τῶν
3081 2783 3395 2837 ὑποθέσεων
3461 2783 3560 2836 καὶ

1971 2878 2002 2931 ό
2033 2875 2502 2946 προύργιαίτατον
2532 2875 2609 2947 (3)
2639 2876 2740 2946 τῆς
2770 2875 3095 2946 νομοθεσίας
3116 2877 3322 2947 ταύτης
3354 2876 3560 2939 σκοπδς

1976 2970 2220 3039 συνῆπτο
2252 2967 2438 3031 εὐθύς.
2471 2967 2789 3040 Τριακοστὴ
2829 2972 2940 3039 γὰρ
2970 2970 3067 3021 καὶ
3097 2967 3259 3039 τρίτη
3300 2967 3560 3030 ὑπόθεσις

1971 3055 2064 3131 ἦν,
2113 3061 2246 3132 περὶ
2317 3062 2653 3131 προσευχῆς.
2713 3059 2872 3114 Μετά
2948 3058 3175 3129 ταύτην,
3234 3059 3316 3122 είς
3402 3057 3560 3121 θεοὺς

1975 3152 2339 3224 προσρήσεις.
2387 3147 2544 3216 Εἶτα,
2577 3149 2739 3222 ὕμνοι
2790 3152 2871 3215 είς
2921 3149 3100 3213 θεούς.
3129 3145 3265 3203 Εῐτα
3314 3148 3561 3220 προσρή-

286 3243 466 3314 μόνων
490 3240 602 3295 τῶν
631 3240 932 3311 βελτίστων
961 3241 1157 3309 λόγων,
1190 3240 1388 3311 Τρίτη,
1420 3242 1556 3315 περὶ
1583 3245 1697 3297 τοῖν
1723 3244 1873 3299 δυοῖν
1898 3271 1952 3332 α
1977 3243 2121 3298 σεών
2165 3259 2226 3296 τε
2256 3242 2353 3297 καὶ
2401 3241 2589 3312 ὓμνων
2633 3232 2887 3314 ᾖρήσεως
2935 3240 3205 3308 διάταξις.
3253 3237 3409 3302 Εἶτα,
3447 3240 3560 3294 τίσι
3618 3272 3627 3283 -

284 3334 550 3392 ἐναντίοιν
607 3333 816 3401 λόγοιν,
865 3333 964 3388 τοῦ
1020 3350 1082 3387 τε
1127 3335 1570 3407 Πρωταγορείου,
1623 3337 1719 3391 καὶ
1777 3337 1873 3392 τοῦ

286 3426 658 3499 Πυρρωνείου.
683 3427 960 3497 Τετάρτη,
982 3428 1064 3491 είς
1108 3426 1268 3491 θεοὺς
1296 3429 1425 3490 τοὺς
1465 3428 1684 3497 λογίους
1707 3429 1869 3500 εὐχή.

287 3522 541 3593 ίῖέμπτη,
601 3518 755 3574 κοινά
805 3519 935 3589 περὶ
987 3518 1127 3574 θεῶν
1183 3519 1456 3591 δόγματα.
1488 3521 1692 3593 Ἐκτη,
1742 3523 1876 3592 περὶ

286 3613 405 3676 Διὸς
435 3610 529 3666 τοῦ
555 3609 847 3682 βασιλέως.
884 3606 1151 3681 Ἑϐδόμη,
1178 3611 1307 3681 περὶ
1334 3609 1474 3666 θεῶν
1504 3596 1612 3666 τῶν
1638 3612 1875 3681 ὑπερου-

287 3705 513 3775 ρανίων.
589 3702 806 3773 Ὀγδόη,
859 3702 989 3775 περὶ
1047 3701 1189 3756 θεῶν
1246 3700 1357 3756 τῶν
1406 3702 1560 3767 ἐντὸς
1615 3703 1871 3775 ούρανοῦ.

300 3792 552 3862 Ἐννάτη,
586 3792 718 3864 περὶ
747 3794 845 3861 τῆς
874 3794 981 3847 τῶν
1012 3792 1152 3847 θεῶν
1181 3794 1518 3864 συμπάντων
1549 3794 1874 3864 ἀῖδιότητος.

289 3886 525 3956 Δεκάτη,
556 3885 688 3950 περὶ
742 3883 842 3954 τῆς
888 3885 1223 3950 Ποσειδῶνός
1276 3903 1335 3939 τε
1385 3885 1483 3939 καὶ
1539 3886 1649 3941 τῶν
1701 3886 1878 3941 ἄλλων

291 3977 704 4046 ὑπερουρανίων
738 3976 877 4029 θεῶν
929 3979 1221 4045 γενέσεως.
1264 3977 1589 4050 Ἐνδεκάτη.
1618 3981 1748 4051 περὶ
1778 3980 1879 4051 τῆς

290 4070 397 4123 τῶν
432 4068 844 4151 ἐντὸςΙοὺρανοὺ
883 4068 1036 4123 τοῦδε
1066 4068 1355 4124 ἀθανάτων
1386 4071 1676 4139 γενέσεως.
1719 4067 1876 4138 Εἶτα,

289 4162 522 4234 ἠθικὰς,
565 4162 921 4233 οίκονομικάς
973 4179 1035 4215 τε
1099 4164 1193 4216 καὶ
1250 4162 1540 4229 πολιτικάς
1591 4164 1881 4229 ὑποθέσεις

293 4261 633 4330 συμπλέξας,
662 4261 916 4331 εἰκοστὴν
966 4259 1063 4315 καὶ
1123 4259 1257 4331 μίαν
1314 4261 1491 4330 ἐπῆγε
1555 4262 1686 4332 περὶ
1740 4261 1881 4315 θεῶν

292 4353 612 4424 θεραπείας.
655 4352 782 4406 Ἐπὶ
819 4350 1017 4423 ταύτῃ,
1049 4352 1177 4423 περὶ
1236 4351 1427 4421 ἱερέων
1474 4354 1569 4407 καὶ
1627 4353 1745 4422 βίου
1779 4339 1910 4407 αύ-⁸

291 4443 400 4497 τῶν
421 4459 437 4474 ο
490 4440 576 4511 ἐφ’
609 4434 667 4515 ᾖ,
697 4442 826 4510 περὶ
860 4440 1189 4510 καθαρμῶν.
1247 4435 1404 4508 Εἶτα,
1437 4439 1632 4511 λογικῇ
1672 4440 1883 4510 μᾶλλον

291 4533 582 4601 ἐπισκέψει
635 4532 1021 4604 προσηκούσας
1073 4532 1367 4596 ὑποθέσεις
1426 4533 1690 4602 συνάψας,
1723 4550 1881 4603 τρια-

1975 3334 2119 3391 θεῶν
2151 3334 2275 3390 τίνα
2324 3333 2513 3389 θυτέα.
2545 3329 2702 3401 Εῑτα,
2750 3334 2845 3388 ἐπὶ
2885 3334 2997 3388 τίσι
3039 3333 3302 3405 πράξεσι,
3340 3333 3452 3387 τίσι
3497 3350 3561 3386 τε

1977 3427 2118 3481 θεῶν
2147 3426 2244 3482 καὶ
2292 3426 2441 3490 ὅπως
2497 3426 2686 3483 θυτέα.
2715 3425 2974 3492 Ἔπειτα,
3009 3425 3157 3489 ὅπως
3203 3424 3393 3496 έχουσι
3445 3423 3562 3476 τῶν

1977 3518 2182 3574 θυσιῶν
2241 3516 2622 3589 μεταληπτέα.
2687 3512 2852 3582 Εἶτα,
2908 3517 3042 3588 περὶ
3105 3516 3394 3588 ἀκριϐείας
3449 3516 3562 3569 τῶν

1977 3613 2115 3685 πρὸς
2170 3609 2350 3674 θεούς.
2380 3605 2536 3674 Εἶτα,
2573 3608 2715 3663 κατά
2766 3609 2932 3662 τίνων
2987 3607 3191 3662 εύκτέα
3239 3610 3352 3671 τοῖς
3394 3606 3561 3667 θεοῖς.

1988 3706 2113 3760 Ἐπὶ
2140 3708 2299 3772 πᾶσι,
2329 3706 2461 3776 περὶ
2502 3704 2799 3775 μαντειῶν.
2844 3703 3127 3773 Ἐπινομὶς
3172 3702 3230 3757 δὲ
3272 3696 3343 3773 ἦν
3390 3704 3424 3772 ἡ
3469 3718 3582 3754 τεο·

1977 3797 2207 3853 λευταία
2246 3798 2359 3852 τῶν
2411 3795 2749 3860 ὑποθέσεων,
2796 3794 3215 3866 τεσσαρακοστη
3268 3795 3364 3849 καὶ
3402 3792 3562 3863 τρίτη

1978 3888 2114 3944 οὖσα
2156 3888 2254 3945 τοῦ
2283 3889 2472 3961 τρίτου
2530 3885 2769 3958 βιϐλίου.
2806 3886 3054 3958 Ἐκάττῳ
3083 3885 3142 3939 δὲ
3181 3885 3292 3940 τῶν
3341 3884 3564 3947 βιϐλίων

1980 3984 2390 4055 ἐπεγέγρχπτο,
2417 3980 2712 4051 Πλήθωνος
2758 3981 2941 4050 νόμων
2977 3979 3305 4050 συγγραφῆς
3356 3979 3565 4049 βιϐλίον

1980 4077 2222 4148 πρῶτον,
2259 4074 2495 4137 καὶτοῖς
2534 4071 2746 4135 λοιποῖς
2792 4071 3129 4137 ἀκολούθως.
3172 4071 3342 4142 Ἀρχὴ
3373 4071 3430 4125 δὲ
3466 4069 3565 4123 τοῦ

1983 4167 2183 4231 παντὸς
2228 4165 2436 4237 βιϐλίου
2466 4164 2645 4220 τοιάδε
2675 4160 2765 4235 ἦν’
2801 4165 2946 4219 Τάδε
2978 4164 3399 4233 συγγέγραπται
3434 4179 3499 4215 πε
3512 4161 3565 4230 p1

1981 4261 2163 4331 νόμων
2190 4276 2251 4312 τε
2310 4258 2408 4312 καὶ
2469 4258 2753 4321 πολιτείας
2800 4258 2899 4327 τῆς
2929 4257 3189 4328 ἀρίστης,
3331 4255 3399 4309 ἂν
3452 4254 3561 4307 δια-

1986 4350 2270 4419 νοούμενοι
2302 4348 2603 4420 ἄνθρωποι,
2639 4349 2732 4401 καὶ
2761 4345 2880 4401 ἅττ’
2908 4346 2973 4400 ἂν
2999 4346 3095 4400 καὶ
3134 4345 3241 4416 ἰδίᾳ
3290 4346 3386 4397 καὶ
3411 4346 3566 4414 κοινῇ

1989 4442 2271 4514 μετιόντες
2317 4456 2379 4493 τε
2438 4440 2535 4493 καὶ
2573 4438 3009 4509 ἐπιτηδεύοντες,
3061 4435 3137 4500 ὡς
3191 4435 3420 4489 δυνατὸν
3469 4437 3564 4488 ἀν-

1987 4532 2217 4603 θρώπῳ,
2245 4531 2515 4585 κάλλιστά
2544 4547 2603 4585 τε
2638 4532 2734 4584 καὶ
2761 4529 2965 4602 ἄριστα
3006 4527 3194 4599 βιῷεν,
3221 4527 3319 4580 καὶ
3352 4527 3413 4591 ἐς
3441 4526 3566 4580 ὅσον

294 4626 494 4696 κοστὴν
521 4627 617 4678 καὶ
641 4624 773 4695 μίαν
800 4624 1000 4693 ἐπῆγε,
1034 4624 1163 4696 περὶ
1195 4625 1479 4694 ὀνομάτων
1504 4625 1612 4678 τῶν
1639 4626 1886 4693 πρεσϐυ-
1921 4635 1965 4694 ο
1991 4619 2102 4680 οἷόν
2134 4641 2217 4689 τε,
2249 4622 2732 4696 εὐδαιμονέστατα.

294 4718 474 4772 τάτων
500 4716 640 4771 θεῶν
664 4733 675 4746 ·
700 4714 843 4787 αὕτη
868 4716 924 4770 δὲ
953 4712 1021 4789 ἦν
1051 4718 1085 4788 ἡ
1106 4716 1394 4771 τελευταία
1425 4717 1537 4771 τῶν
1571 4717 1889 4772 ὑποθέσεων

296 4812 391 4867 τοῦ
440 4811 660 4884 πρώτου
712 4810 944 4882 βιϐλίου.
996 4811 1228 4882 Ἐφεξῆς
1270 4811 1327 4865 δέ
1376 4827 1463 4881 γε,
1500 4828 1612 4865 των
1645 4809 1741 4863 τοῦ
1770 4813 1890 4864 δευ·

2068 4716 2347 4771 Τοιούτων
2380 4708 2684 4789 συμφορῶν
2715 4715 2921 4787 πλῆρες
2954 4715 3015 4769 τὶ
3049 4713 3276 4786 βιϐλίον.
3320 4714 3442 4768 ’Λπ“
3472 4715 3565 4768 αὑ-

1989 4810 2100 4865 τῶν
2156 4811 2217 4865 δὲ
2266 4809 2504 4882 πρώτων
2552 4811 2666 4865 τῶν
2728 4809 3055 4880 ἐπιγραφῶν
3108 4809 3204 4863 καὶ
3258 4807 3568 4861 ὑποθέσεων

296 4906 457 4978 τὲρου
503 4903 695 4975 πρώτη
730 4904 832 4975 μὲν
885 4898 976 4976 ἦν,
1010 4905 1141 4976 περὶ
1175 4904 1463 4974 κριτηρίου
1512 4903 1610 4957 τοῦ
1660 4904 1752 4959 ἐπὶ
1791 4904 1891 4977 τὴν
1990 4904 2235 4974 γνόντες,
2268 4903 2607 4976 ἐϐουλόμεθα
2639 4903 2742 4974 μέν
2773 4902 2937 4967 εὐθὺς
2967 4901 3092 4975 μηδ’
3115 4902 3330 4956 ἐπιέναι
3362 4901 3551 4955 λοιπόν

295 4999 405 5052 τῶν
459 4998 843 5071 προκειμένων
899 4996 1112 5069 σκέψιν.
1165 4997 1408 5067 Δευτέρα
1468 4997 1548 5063 δέ,
1610 4996 1889 5067 πρόληψις

296 5094 493 5149 κοινῶν
525 5091 766 5147 ἐννοιῶν.
795 5091 993 5164 Τρίτη,
1024 5093 1101 5154 ὡς
1126 5093 1235 5145 είσὶ
1271 5091 1407 5145 θεοί.
1442 5089 1718 5163 Τετάρτη,
1749 5092 1885 5162 περὶ

297 5186 559 5256 προνοίας
614 5184 777 5261 θεῶν.
832 5184 1094 5256 Πέμπτη,
1157 5183 1236 5248 ὡς
1284 5183 1346 5238 οὑ
1408 5183 1598 5238 κακῶν
1652 5187 1702 5239 οί
1767 5185 1884 5240 θεοὶ

297 5281 482 5336 αίτιοι.
538 5277 739 5347 Ἕκτη,
786 5264 943 5347 ’περΐ
989 5275 1359 5348 εἱμαρμένης.
1427 5275 1699 5347 Ἑϐδόμη,
1754 5278 1886 5348 περὶ

297 5372 537 5445 πλήθους
568 5371 730 5425 θεῶν.
773 5370 993 5441 Ὀγδόη,
1023 5371 1154 5441 περὶ
1177 5371 1442 5440 διαφορᾶς
1465 5371 1577 5423 τῶν
1605 5387 1715 5422 των
1743 5369 1884 5423 θεῶν

297 5466 491 5534 γενῶν.
536 5464 788 5535 Ἐννάτη,
838 5465 968 5535 περὶ
1015 5463 1116 5534 τῆς
1162 5464 1306 5517 κατά
1356 5464 1649 5534 Κούρητας
1701 5462 1889 5516 θεοσε-

300 5558 476 5623 ϐείας.
507 5558 742 5630 Δεκάτη,
784 5558 911 5628 περὶ
959 5556 1099 5611 θεῶν
1134 5556 1244 5610 τῶν
1278 5572 1338 5609 τε
1377 5556 1519 5611 ἐπτά
1568 5556 1886 5627 πρεσϐυτί-

377 5723 454 5793 (Ι)
488 5721 633 5778 Duos
675 5720 873 5793 fratres
910 5721 1188 5791 intelligit,
1225 5720 1571 5793 Dvnielrium
1621 5728 1677 5774 cl.
1733 5722 1886 5775 Tho-

306 5791 449 5845 mzmi
511 5792 868 5862 Palzeologos,
937 5809 1172 5861 quurum
1240 5791 1502 5860 majorem
1548 5791 1880 5847 Danelrium

309 5874 496 5931 postea
536 5862 864 5929 designabzl.
916 5865 1086 5916 Αωεκ.

377 5933 454 6001 (2)
514 5933 749 5986 υιιοιιιιιι
816 5934 1066 5987 videnlur
1108 5933 1273 5988 verba
1336 5942 1594 6002 quatuor,
1657 5936 1748 5987 καὶ
1783 5935 1878 5998 τῆς

2002 4999 2156 5055 Ἐπεὶ
2179 4999 2237 5053 δὲ
2266 4995 2335 5072 ἦν
2367 5000 2585 5070 ἀνάγκη
2616 5000 2770 5054 πᾶσα
2813 4997 3058 5053 τοιοῦτον
3097 4995 3157 5049 ὂν
3186 4994 3570 5066 ἀφανίζεσθαι,

1992 5094 2174 5160 ἔδοξεν
2197 5095 2337 5164 ἡμῖν
2379 5092 2589 5147 δίκαιον
2618 5085 2783 5156 εἶναι,
2814 5089 3066 5159 καθάπερ
3098 5089 3167 5142 ἂν
3211 5085 3464 5158 παρόντι,
3495 5084 3571 5154 τῷ

1995 5186 2304 5258 γεγραφότι
2335 5183 2669 5256 χαρίσασθαι
2712 5182 2777 5238 τὸ
2827 5183 2903 5255 μὴ
2936 5182 3155 5253 ἐρήμην
3189 5179 3570 5249 καταψηφίσα-

1996 5280 2121 5334 σθαι
2163 5277 2258 5331 τοῦ
2298 5276 2531 5347 βιϐλίου,
2565 5276 2705 5332 ἀλλά
2737 5274 2832 5329 τὸν
2868 5276 2927 5328 ἐν
2973 5275 3106 5346 ημῖν
3137 5275 3203 5327 ἐκ
3244 5270 3381 5326 Θεοὺ
3416 5272 3571 5337 λόγον

1994 5373 2092 5427 καὶ
2119 5372 2219 5443 τὴν
2247 5371 2351 5441 τῆς
2379 5368 2643 5440 ἀληθείας
2688 5367 2997 5438 συνείδησιν
3038 5364 3304 5429 δικαστὰς
3352 5364 3571 5417 καθίσαι

1995 5468 2062 5536 τῇ
2098 5482 2161 5519 τε
2202 5464 2400 5537 γνώμῃ
2431 5462 2526 5517 τοὺ
2556 5461 2848 5532 ἀνθρώπου
2878 5460 2973 5514 καὶ
3003 5461 3072 5530 τῇ
3108 5459 3337 5530 σπουδῇ,
3386 5456 3479 5510 καὶ
3525 5450 3573 5507 οἳ

1997 5558 2064 5613 ἂν
2107 5559 2296 5627 ἀγοιεν
2321 5555 2578 5626 ἕπεσθαι,
2620 5555 2719 5610 καὶ
2748 5555 2899 5619 ὅπως
2928 5553 2994 5608 ἃν
3019 5552 3355 5623 ψηφίσαιντο
3397 5549 3566 5620 πράτ-

1992 5723 2103 5777 τῶν
2136 5725 2356 5796 ἄστρων
2391 5723 2591 5794 ψυχῆς,
2622 5721 2731 5777 nisi
2773 5720 2906 5790 quid
2963 5718 3108 5773 a!iud
3171 5713 3287 5770 vitii
3362 5712 3571 5769 subest.

1989 5796 2163 5849 ALFK.

2061 5870 2133 5938 (5}
2182 5868 2267 5922 Sic
2307 5866 2490 5933 codd.,
2533 5879 2638 5921 non
2682 5861 3153 5935 :pv-bpyzzz'tztog.
3192 5862 3363 5910 ALex.
