  <div class='ocr_page' id='page_1' title='image "/cluster/home/n/w/nwhite01/storage/ocr_20150623/160/coo.31924054870658/332.png"; bbox 0 0 4062 6416; ppageno 0'>
   <div class='ocr_carea' id='block_1_1' title="bbox 456 383 2583 455">
    <p class='ocr_par' dir='ltr' id='par_1_1' title="bbox 456 383 2583 455">
     <span class='ocr_line' id='line_1_1' title="bbox 456 383 2583 455; baseline -0.001 -4"><span class='ocrx_word' id='word_1_1' title='bbox 456 390 561 452; x_wconf 73' lang='lat'>€49</span> <span class='ocrx_word' id='word_1_2' title='bbox 1610 383 1915 455; x_wconf 82' lang='lat' dir='ltr'>CONTRA</span> <span class='ocrx_word' id='word_1_3' title='bbox 1955 384 2583 455; x_wconf 69' lang='lat' dir='ltr'>ACINDYNIASTAS.</span> 
     </span>
    </p>
   </div>
   <div class='ocr_carea' id='block_1_2' title="bbox 3609 399 3718 463">
    <p class='ocr_par' dir='ltr' id='par_1_2' title="bbox 3609 399 3718 463">
     <span class='ocr_line' id='line_1_2' title="bbox 3609 399 3718 463; baseline 0 0"><span class='ocrx_word' id='word_1_4' title='bbox 3609 399 3718 463; x_wconf 77' lang='lat'>650</span> 
     </span>
    </p>
   </div>
   <div class='ocr_carea' id='block_1_3' title="bbox 1880 516 3677 557">
    <p class='ocr_par' dir='ltr' id='par_1_3' title="bbox 1880 516 3677 557">
     <span class='ocr_line' id='line_1_3' title="bbox 1880 516 3677 557; baseline 0 -8"><span class='ocrx_word' id='word_1_5' title='bbox 1880 516 3677 557; x_wconf 40' lang='grc' dir='ltr'>Μὴ.</span> <span class='ocrx_word' id='word_1_6' title='bbox 2750 516 2755 519; x_wconf 67' lang='grc'><strong>⁷</strong></span> <span class='ocrx_word' id='word_1_7' title='bbox 2840 516 2845 519; x_wconf 67' lang='grc'><strong>⁷</strong></span> <span class='ocrx_word' id='word_1_8' title='bbox 2980 516 2995 521; x_wconf 65' lang='grc'><strong><em>⁵</em></strong></span> 
     </span>
    </p>
   </div>
   <div class='ocr_carea' id='block_1_4' title="bbox 1758 651 2421 759">
    <p class='ocr_par' dir='ltr' id='par_1_4' title="bbox 1758 651 2421 759">
     <span class='ocr_line' id='line_1_4' title="bbox 1758 651 2421 759; baseline 0.002 -5"><span class='ocrx_word' id='word_1_9' title='bbox 1758 651 2421 759; x_wconf 86' lang='lat' dir='ltr'>MONITUM.</span> 
     </span>
    </p>
   </div>
   <div class='ocr_carea' id='block_1_5' title="bbox 525 962 3710 1042">
    <p class='ocr_par' dir='ltr' id='par_1_5' title="bbox 525 962 3710 1042">
     <span class='ocr_line' id='line_1_5' title="bbox 525 962 3710 1042; baseline 0.004 -27"><span class='ocrx_word' id='word_1_10' title='bbox 525 964 819 1033; x_wconf 67' lang='lat' dir='ltr'><strong>quueulia</strong></span> <span class='ocrx_word' id='word_1_11' title='bbox 878 963 1175 1031; x_wconf 71' lang='lat' dir='ltr'><strong>opuscula:</strong></span> <span class='ocrx_word' id='word_1_12' title='bbox 1210 964 1409 1020; x_wconf 72' lang='lat' dir='ltr'>Contra</span> <span class='ocrx_word' id='word_1_13' title='bbox 1453 967 1885 1038; x_wconf 76' lang='lat' dir='ltr'>Acindyniaslas.</span> <span class='ocrx_word' id='word_1_14' title='bbox 1936 970 2209 1039; x_wconf 66' lang='lat' dir='ltr'>Expositio</span> <span class='ocrx_word' id='word_1_15' title='bbox 2255 973 2381 1039; x_wconf 82' lang='lat' dir='ltr'><strong><em>ﬁdei</em></strong></span> <span class='ocrx_word' id='word_1_16' title='bbox 2438 974 2511 1029; x_wconf 86' lang='lat' dir='ltr'>De</span> <span class='ocrx_word' id='word_1_17' title='bbox 2558 973 2890 1042; x_wconf 77' lang='lat' dir='ltr'>processione</span> <span class='ocrx_word' id='word_1_18' title='bbox 2934 962 3176 1041; x_wconf 73' lang='lat' dir='ltr'>Spiritus</span> <span class='ocrx_word' id='word_1_19' title='bbox 3208 974 3405 1034; x_wconf 75' lang='lat' dir='ltr'>sancti,</span> <span class='ocrx_word' id='word_1_20' title='bbox 3453 974 3527 1025; x_wconf 83' lang='lat' dir='ltr'><em>De</em></span> <span class='ocrx_word' id='word_1_21' title='bbox 3558 976 3710 1029; x_wconf 77' lang='lat' dir='ltr'>addi-</span> 
     </span>
    </p>
   </div>
   <div class='ocr_carea' id='block_1_6' title="bbox 452 1056 3716 1132">
    <p class='ocr_par' dir='ltr' id='par_1_6' title="bbox 452 1056 3716 1132">
     <span class='ocr_line' id='line_1_6' title="bbox 452 1056 3716 1132; baseline 0 -21"><span class='ocrx_word' id='word_1_22' title='bbox 452 1060 591 1111; x_wconf 80' lang='lat' dir='ltr'><strong>u&#39;auc</strong></span> <span class='ocrx_word' id='word_1_23' title='bbox 628 1056 872 1127; x_wconf 77' lang='lat' dir='ltr'>Symbolo</span> <span class='ocrx_word' id='word_1_24' title='bbox 910 1075 942 1110; x_wconf 92' lang='lat' dir='ltr'><strong><em>a</em></strong></span> <span class='ocrx_word' id='word_1_25' title='bbox 978 1057 1184 1113; x_wconf 65' lang='lat' dir='ltr'><strong>Latinis</strong></span> <span class='ocrx_word' id='word_1_26' title='bbox 1225 1059 1390 1127; x_wconf 76' lang='lat' dir='ltr'>facta.</span> <span class='ocrx_word' id='word_1_27' title='bbox 1431 1058 1632 1113; x_wconf 77' lang='lat' dir='ltr'>Contra</span> <span class='ocrx_word' id='word_1_28' title='bbox 1670 1057 2335 1127; x_wconf 61' lang='lat' dir='ltr'>Simouiacam&#39;Izwrcsim,</span> <span class='ocrx_word' id='word_1_29' title='bbox 2379 1066 2641 1119; x_wconf 73' lang='lat' dir='ltr'>Adversus</span> <span class='ocrx_word' id='word_1_30' title='bbox 2676 1064 2943 1132; x_wconf 74' lang='lat' dir='ltr'>jejunium</span> <span class='ocrx_word' id='word_1_31' title='bbox 2984 1063 3347 1126; x_wconf 71' lang='lat' dir='ltr'><strong>sabbulinum,</strong></span> <span class='ocrx_word' id='word_1_32' title='bbox 3402 1063 3569 1115; x_wconf 67' lang='lat' dir='ltr'><strong>edidit</strong></span> <span class='ocrx_word' id='word_1_33' title='bbox 3611 1064 3716 1115; x_wconf 82' lang='lat' dir='ltr'>Du-</span> 
     </span>
    </p>
   </div>
   <div class='ocr_carea' id='block_1_7' title="bbox 452 1142 2016 1221">
    <p class='ocr_par' dir='ltr' id='par_1_7' title="bbox 452 1148 1983 1221">
     <span class='ocr_line' id='line_1_7' title="bbox 452 1148 1983 1221; baseline 0.003 -18"><span class='ocrx_word' id='word_1_34' title='bbox 452 1151 662 1203; x_wconf 75' lang='lat' dir='ltr'>silheus</span> <span class='ocrx_word' id='word_1_35' title='bbox 707 1150 757 1202; x_wconf 89' lang='lat' dir='ltr'>in</span> <span class='ocrx_word' id='word_1_36' title='bbox 795 1163 895 1202; x_wconf 87' lang='lat' dir='ltr'>suo</span> <span class='ocrx_word' id='word_1_37' title='bbox 930 1148 1120 1219; x_wconf 81' lang='grc' dir='ltr'>ΤΟΜῼ</span> <span class='ocrx_word' id='word_1_38' title='bbox 1166 1150 1463 1215; x_wconf 81' lang='grc' dir='ltr'>ΑΓΑΠΗΣ,</span> <span class='ocrx_word' id='word_1_39' title='bbox 1492 1153 1548 1203; x_wconf 86' lang='grc' dir='ltr'>ἐν</span> <span class='ocrx_word' id='word_1_40' title='bbox 1588 1150 1792 1221; x_wconf 84' lang='grc' dir='ltr'>Γιασίῳ</span> <span class='ocrx_word' id='word_1_41' title='bbox 1824 1150 1983 1207; x_wconf 78' lang='grc'>1698.</span> 
     </span>
    </p>
   </div>
   <div class='ocr_carea' id='block_1_8' title="bbox 2120 1142 3718 1221">
    <p class='ocr_par' dir='ltr' id='par_1_8' title="bbox 2120 1142 3718 1209">
     <span class='ocr_line' id='line_1_8' title="bbox 2120 1142 3718 1209; baseline 0.001 -3"><span class='ocrx_word' id='word_1_42' title='bbox 2120 1154 2354 1207; x_wconf 77' lang='grc' dir='ltr'>ιεοιιιυιιι</span> <span class='ocrx_word' id='word_1_43' title='bbox 2401 1153 2602 1207; x_wconf 78' lang='lat' dir='ltr'><strong>Contra</strong></span> <span class='ocrx_word' id='word_1_44' title='bbox 2646 1152 2950 1208; x_wconf 85' lang='lat' dir='ltr'><strong>Simoniam</strong></span> <span class='ocrx_word' id='word_1_45' title='bbox 3000 1163 3306 1209; x_wconf 76' lang='lat' dir='ltr'>memorant</span> <span class='ocrx_word' id='word_1_46' title='bbox 3340 1153 3624 1207; x_wconf 84' lang='lat' dir='ltr'>Fabricius</span> <span class='ocrx_word' id='word_1_47' title='bbox 3663 1142 3718 1207; x_wconf 68' lang='grc' dir='ltr'>εί</span> 
     </span>
    </p>
   </div>
   <div class='ocr_carea' id='block_1_9' title="bbox 454 1244 3712 1319">
    <p class='ocr_par' dir='ltr' id='par_1_9' title="bbox 454 1244 3712 1319">
     <span class='ocr_line' id='line_1_9' title="bbox 454 1244 3712 1319; baseline 0.001 -21"><span class='ocrx_word' id='word_1_48' title='bbox 454 1244 828 1308; x_wconf 81' lang='lat' dir='ltr'><strong>Rcuaudolus,</strong></span> <span class='ocrx_word' id='word_1_49' title='bbox 864 1244 970 1298; x_wconf 67' lang='grc' dir='ltr'>θοι.</span> <span class='ocrx_word' id='word_1_50' title='bbox 1004 1244 1142 1310; x_wconf 75' lang='lat'>9.90;</span> <span class='ocrx_word' id='word_1_51' title='bbox 1184 1246 1378 1300; x_wconf 82' lang='lat' dir='ltr'><strong>librum</strong></span> <span class='ocrx_word' id='word_1_52' title='bbox 1419 1247 1485 1299; x_wconf 85' lang='lat' dir='ltr'>de</span> <span class='ocrx_word' id='word_1_53' title='bbox 1519 1246 1865 1313; x_wconf 86' lang='lat' dir='ltr'>processioue</span> <span class='ocrx_word' id='word_1_54' title='bbox 1903 1244 2143 1316; x_wconf 78' lang='lat' dir='ltr'>Spiritus</span> <span class='ocrx_word' id='word_1_55' title='bbox 2180 1248 2356 1301; x_wconf 76' lang='lat' dir='ltr'><strong>sancti</strong></span> <span class='ocrx_word' id='word_1_56' title='bbox 2389 1247 2764 1314; x_wconf 79' lang='lat' dir='ltr'><strong>chaudotus,</strong></span> <span class='ocrx_word' id='word_1_57' title='bbox 2801 1250 2908 1304; x_wconf 89' lang='lat' dir='ltr'>col.</span> <span class='ocrx_word' id='word_1_58' title='bbox 2942 1249 3089 1317; x_wconf 59' lang='lat'>50$;</span> <span class='ocrx_word' id='word_1_59' title='bbox 3136 1250 3470 1319; x_wconf 87' lang='lat' dir='ltr'><strong>reliquorum</strong></span> <span class='ocrx_word' id='word_1_60' title='bbox 3507 1250 3712 1302; x_wconf 77' lang='lat' dir='ltr'><strong>nullam</strong></span> 
     </span>
    </p>
   </div>
   <div class='ocr_carea' id='block_1_10' title="bbox 450 1334 3719 1409">
    <p class='ocr_par' dir='ltr' id='par_1_10' title="bbox 450 1334 3719 1409">
     <span class='ocr_line' id='line_1_10' title="bbox 450 1334 3719 1409; baseline 0.002 -21"><span class='ocrx_word' id='word_1_61' title='bbox 450 1339 590 1406; x_wconf 85' lang='lat' dir='ltr'><strong>apud</strong></span> <span class='ocrx_word' id='word_1_62' title='bbox 622 1352 717 1391; x_wconf 77' lang='lat' dir='ltr'>eos</span> <span class='ocrx_word' id='word_1_63' title='bbox 751 1350 853 1391; x_wconf 89' lang='lat' dir='ltr'>nec</span> <span class='ocrx_word' id='word_1_64' title='bbox 881 1334 1012 1389; x_wconf 77' lang='lat' dir='ltr'><strong>alius</strong></span> <span class='ocrx_word' id='word_1_65' title='bbox 1046 1339 1374 1393; x_wconf 85' lang='lat' dir='ltr'><strong>memiouem</strong></span> <span class='ocrx_word' id='word_1_66' title='bbox 1407 1337 1738 1392; x_wconf 79' lang='lat' dir='ltr'>invenimus.</span> <span class='ocrx_word' id='word_1_67' title='bbox 1777 1338 1928 1394; x_wconf 84' lang='lat' dir='ltr'><strong>Unde</strong></span> <span class='ocrx_word' id='word_1_68' title='bbox 1966 1349 2147 1394; x_wconf 80' lang='lat' dir='ltr'><strong>autem</strong></span> <span class='ocrx_word' id='word_1_69' title='bbox 2175 1355 2239 1394; x_wconf 85' lang='lat' dir='ltr'>ea</span> <span class='ocrx_word' id='word_1_70' title='bbox 2273 1339 2563 1397; x_wconf 77' lang='lat' dir='ltr'>Dositheus</span> <span class='ocrx_word' id='word_1_71' title='bbox 2601 1342 2875 1409; x_wconf 60' lang='lat' dir='ltr'><strong>habuerit,</strong></span> <span class='ocrx_word' id='word_1_72' title='bbox 2911 1356 3035 1397; x_wconf 86' lang='lat' dir='ltr'>cum</span> <span class='ocrx_word' id='word_1_73' title='bbox 3068 1342 3299 1398; x_wconf 77' lang='lat' dir='ltr'>Lectore</span> <span class='ocrx_word' id='word_1_74' title='bbox 3328 1357 3435 1396; x_wconf 80' lang='lat' dir='ltr'><strong>non</strong></span> <span class='ocrx_word' id='word_1_75' title='bbox 3468 1356 3719 1396; x_wconf 86' lang='lat' dir='ltr'><strong>commu-</strong></span> 
     </span>
    </p>
   </div>
   <div class='ocr_carea' id='block_1_11' title="bbox 452 1430 672 1484">
    <p class='ocr_par' dir='ltr' id='par_1_11' title="bbox 452 1430 672 1484">
     <span class='ocr_line' id='line_1_11' title="bbox 452 1430 672 1484; baseline -0.005 -1"><span class='ocrx_word' id='word_1_76' title='bbox 452 1430 672 1484; x_wconf 64' lang='lat' dir='ltr'><strong>nicavit.</strong></span> 
     </span>
    </p>
   </div>
   <div class='ocr_carea' id='block_1_12' title="bbox 1407 1722 2707 1936">
    <p class='ocr_par' dir='ltr' id='par_1_12' title="bbox 1407 1722 2707 1936">
     <span class='ocr_line' id='line_1_12' title="bbox 1407 1722 2707 1936; baseline 0.001 -6"><span class='ocrx_word' id='word_1_77' title='bbox 1407 1760 2707 1936; x_wconf 78' lang='grc' dir='ltr'>ΓΕΝΝΑΔΙΟΥ</span> 
     </span>
    </p>
   </div>
   <div class='ocr_carea' id='block_1_13' title="bbox 1978 2029 2149 2087">
    <p class='ocr_par' dir='ltr' id='par_1_13' title="bbox 1978 2029 2149 2087">
     <span class='ocr_line' id='line_1_13' title="bbox 1978 2029 2149 2087; baseline -0.023 0"><span class='ocrx_word' id='word_1_78' title='bbox 1978 2029 2149 2087; x_wconf 85' lang='grc' dir='ltr'>ΗΤΟΙ</span> 
     </span>
    </p>
   </div>
   <div class='ocr_carea' id='block_1_14' title="bbox 880 2102 3270 2341">
    <p class='ocr_par' dir='ltr' id='par_1_14' title="bbox 880 2102 3270 2341">
     <span class='ocr_line' id='line_1_14' title="bbox 880 2102 3270 2341; baseline -0.004 0"><span class='ocrx_word' id='word_1_79' title='bbox 880 2200 1730 2341; x_wconf 75' lang='grc' dir='ltr'>ΓΕΩΡΓΙΟΥ</span> <span class='ocrx_word' id='word_1_80' title='bbox 1844 2203 2195 2335; x_wconf 82' lang='grc' dir='ltr'>ΤΟΥ</span> <span class='ocrx_word' id='word_1_81' title='bbox 2288 2198 3270 2335; x_wconf 75' lang='grc' dir='ltr'>ΣΧΟΑΑΡΙΟΥ</span> 
     </span>
    </p>
   </div>
   <div class='ocr_carea' id='block_1_15' title="bbox 1642 2436 2439 2492">
    <p class='ocr_par' dir='ltr' id='par_1_15' title="bbox 1642 2436 2439 2492">
     <span class='ocr_line' id='line_1_15' title="bbox 1642 2436 2439 2492; baseline -0.005 0"><span class='ocrx_word' id='word_1_82' title='bbox 1642 2437 1823 2492; x_wconf 82' lang='grc' dir='ltr'>ΠΡΟΣ</span> <span class='ocrx_word' id='word_1_83' title='bbox 1852 2438 2018 2491; x_wconf 82' lang='grc' dir='ltr'>ΤΙΝΛ</span> <span class='ocrx_word' id='word_1_84' title='bbox 2059 2437 2196 2490; x_wconf 83' lang='grc' dir='ltr'>ΤΩΝ</span> <span class='ocrx_word' id='word_1_85' title='bbox 2231 2436 2439 2491; x_wconf 80' lang='grc' dir='ltr'>ΦΙΛΩΝ</span> 
     </span>
    </p>
   </div>
   <div class='ocr_carea' id='block_1_16' title="bbox 682 2548 3424 2621">
    <p class='ocr_par' dir='ltr' id='par_1_16' title="bbox 682 2548 3424 2621">
     <span class='ocr_line' id='line_1_16' title="bbox 682 2548 3424 2621; baseline -0.003 0"><span class='ocrx_word' id='word_1_86' title='bbox 682 2582 687 2589; x_wconf 91' lang='grc'>·</span> <span class='ocrx_word' id='word_1_87' title='bbox 729 2561 1185 2621; x_wconf 75' lang='grc' dir='ltr'>ΕΡΩΤΗΣΑΝΤΑ</span> <span class='ocrx_word' id='word_1_88' title='bbox 1218 2560 1377 2616; x_wconf 80' lang='grc' dir='ltr'>ΠΕΡι</span> <span class='ocrx_word' id='word_1_89' title='bbox 1418 2563 1556 2614; x_wconf 70' lang='grc' dir='ltr'>τηε</span> <span class='ocrx_word' id='word_1_90' title='bbox 1601 2556 1738 2614; x_wconf 80' lang='grc' dir='ltr'>ΤΟΥ</span> <span class='ocrx_word' id='word_1_91' title='bbox 1778 2559 2146 2614; x_wconf 58' lang='grc' dir='ltr'>ΜΑΚΑΡιυΥ</span> <span class='ocrx_word' id='word_1_92' title='bbox 2195 2552 2550 2613; x_wconf 76' lang='grc' dir='ltr'>ΘΕΟΔΩΡΟΥ</span> <span class='ocrx_word' id='word_1_93' title='bbox 2608 2548 2747 2612; x_wconf 77' lang='grc' dir='ltr'>ΤΟΥ</span> <span class='ocrx_word' id='word_1_94' title='bbox 2804 2560 3128 2612; x_wconf 61' lang='lat' dir='ltr'><strong>rumor</strong></span> <span class='ocrx_word' id='word_1_95' title='bbox 3160 2559 3424 2613; x_wconf 81' lang='grc' dir='ltr'>ΡΠΣΕΩΣ</span> 
     </span>
    </p>
   </div>
   <div class='ocr_carea' id='block_1_17' title="bbox 1349 2676 2743 2734">
    <p class='ocr_par' dir='ltr' id='par_1_17' title="bbox 1349 2676 2743 2734">
     <span class='ocr_line' id='line_1_17' title="bbox 1349 2676 2743 2734; baseline -0.001 0"><span class='ocrx_word' id='word_1_96' title='bbox 1349 2683 1438 2734; x_wconf 77' lang='grc' dir='ltr'><strong>ΛΦ</strong></span> <span class='ocrx_word' id='word_1_97' title='bbox 1480 2682 1589 2733; x_wconf 85' lang='grc' dir='ltr'>ἨΣ</span> <span class='ocrx_word' id='word_1_98' title='bbox 1610 2678 1679 2734; x_wconf 83' lang='lat' dir='ltr'>Ol</span> <span class='ocrx_word' id='word_1_99' title='bbox 1711 2676 2256 2733; x_wconf 70' lang='grc' dir='ltr'>ΛΚΙΝΔἸΝῘΑΣΤΑΙ</span> <span class='ocrx_word' id='word_1_100' title='bbox 2286 2678 2743 2732; x_wconf 84' lang='grc' dir='ltr'>ΘΟΡΥΒΟΥΣΙΝ.</span> 
     </span>
    </p>
   </div>
   <div class='ocr_carea' id='block_1_18' title="bbox 629 2796 3528 2862">
    <p class='ocr_par' dir='ltr' id='par_1_18' title="bbox 629 2796 3528 2862">
     <span class='ocr_line' id='line_1_18' title="bbox 629 2796 3528 2862; baseline -0.001 -2"><span class='ocrx_word' id='word_1_101' title='bbox 629 2802 740 2861; x_wconf 76' lang='lat' dir='ltr'>ET!</span> <span class='ocrx_word' id='word_1_102' title='bbox 814 2807 898 2862; x_wconf 87' lang='grc' dir='ltr'>ΔΕ</span> <span class='ocrx_word' id='word_1_103' title='bbox 950 2808 1071 2862; x_wconf 81' lang='grc' dir='ltr'>ΚΑΙ</span> <span class='ocrx_word' id='word_1_104' title='bbox 1113 2808 1272 2862; x_wconf 78' lang='grc' dir='ltr'>ΠΕΡΙ</span> <span class='ocrx_word' id='word_1_105' title='bbox 1329 2806 1421 2859; x_wconf 87' lang='grc' dir='ltr'>ΩΝ</span> <span class='ocrx_word' id='word_1_106' title='bbox 1475 2807 1594 2858; x_wconf 78' lang='grc' dir='ltr'>ΚΑΙ</span> <span class='ocrx_word' id='word_1_107' title='bbox 1653 2804 1865 2858; x_wconf 72' lang='grc' dir='ltr'><strong>ΑΥΤΟΙ</strong></span> <span class='ocrx_word' id='word_1_108' title='bbox 1922 2803 2330 2858; x_wconf 77' lang='grc' dir='ltr'>ΣΟΦΙΖΟΝΤΑΙ</span> <span class='ocrx_word' id='word_1_109' title='bbox 2400 2796 2561 2855; x_wconf 84' lang='grc' dir='ltr'>ΠΕΡΙ</span> <span class='ocrx_word' id='word_1_110' title='bbox 2623 2803 2762 2857; x_wconf 87' lang='grc' dir='ltr'>ΤΟΥ</span> <span class='ocrx_word' id='word_1_111' title='bbox 2814 2802 3021 2856; x_wconf 82' lang='grc' dir='ltr'>ΑΓΙΟΥ</span> <span class='ocrx_word' id='word_1_112' title='bbox 3079 2803 3528 2858; x_wconf 78' lang='grc' dir='ltr'>ΠΝΕΥΜΑΤΟΣ.</span> 
     </span>
    </p>
   </div>
   <div class='ocr_carea' id='block_1_19' title="bbox 512 3090 3712 3184">
    <p class='ocr_par' dir='ltr' id='par_1_19' title="bbox 512 3090 3712 3184">
     <span class='ocr_line' id='line_1_19' title="bbox 512 3090 3712 3184; baseline -0.001 -16"><span class='ocrx_word' id='word_1_113' title='bbox 512 3090 686 3184; x_wconf 65' lang='grc' dir='ltr'>Χάρις</span> <span class='ocrx_word' id='word_1_114' title='bbox 719 3112 887 3176; x_wconf 88' lang='grc' dir='ltr'>πολλή</span> <span class='ocrx_word' id='word_1_115' title='bbox 930 3128 1012 3163; x_wconf 93' lang='grc' dir='ltr'>σοι</span> <span class='ocrx_word' id='word_1_116' title='bbox 1059 3111 1156 3179; x_wconf 80' lang='grc' dir='ltr'>τῆς</span> <span class='ocrx_word' id='word_1_117' title='bbox 1211 3110 1291 3172; x_wconf 85' lang='grc' dir='ltr'>είς</span> <span class='ocrx_word' id='word_1_118' title='bbox 1338 3102 1485 3179; x_wconf 80' lang='grc' dir='ltr'>ἡμᾶς</span> <span class='ocrx_word' id='word_1_119' title='bbox 1533 3110 1765 3172; x_wconf 77' lang='grc' dir='ltr'>εὐνοίας,</span> <span class='ocrx_word' id='word_1_120' title='bbox 1820 3110 2009 3179; x_wconf 80' lang='grc' dir='ltr'>ἄριστε</span> <span class='ocrx_word' id='word_1_121' title='bbox 2039 3125 2087 3181; x_wconf 77' lang='grc' dir='ltr'>Α</span> <span class='ocrx_word' id='word_1_122' title='bbox 2115 3110 2297 3175; x_wconf 81' lang='grc' dir='ltr'>ζονται</span> <span class='ocrx_word' id='word_1_123' title='bbox 2353 3110 2611 3172; x_wconf 86' lang='grc' dir='ltr'>πίστεως,</span> <span class='ocrx_word' id='word_1_124' title='bbox 2654 3108 2842 3179; x_wconf 77' lang='grc' dir='ltr'>τιόρρω</span> <span class='ocrx_word' id='word_1_125' title='bbox 2896 3108 3228 3178; x_wconf 73' lang='grc' dir='ltr'>συγγνώμης</span> <span class='ocrx_word' id='word_1_126' title='bbox 3299 3110 3712 3180; x_wconf 60' lang='grc' dir='ltr'>ἐξαμαρτᾶινον-</span> 
     </span>
    </p>
   </div>
   <div class='ocr_carea' id='block_1_20' title="bbox 442 3200 2013 3283">
    <p class='ocr_par' dir='ltr' id='par_1_20' title="bbox 442 3200 2013 3283">
     <span class='ocr_line' id='line_1_20' title="bbox 442 3200 2013 3283; baseline -0.003 -23"><span class='ocrx_word' id='word_1_127' title='bbox 442 3209 635 3276; x_wconf 82' lang='grc' dir='ltr'>φίλων,</span> <span class='ocrx_word' id='word_1_128' title='bbox 667 3206 733 3275; x_wconf 80' lang='grc' dir='ltr'>ἦν</span> <span class='ocrx_word' id='word_1_129' title='bbox 783 3202 998 3265; x_wconf 75' lang='grc' dir='ltr'>πολλοῖς</span> <span class='ocrx_word' id='word_1_130' title='bbox 1040 3202 1364 3271; x_wconf 76' lang='grc' dir='ltr'>τεκμηρίοις</span> <span class='ocrx_word' id='word_1_131' title='bbox 1421 3200 2013 3283; x_wconf 30' lang='grc' dir='ltr'>ἀληθέσινιὲκφαίνων,</span> 
     </span>
    </p>
   </div>
   <div class='ocr_carea' id='block_1_21' title="bbox 446 3288 2018 3366">
    <p class='ocr_par' dir='ltr' id='par_1_21' title="bbox 446 3288 2018 3366">
     <span class='ocr_line' id='line_1_21' title="bbox 446 3288 2018 3366; baseline -0.003 -16"><span class='ocrx_word' id='word_1_132' title='bbox 446 3297 682 3366; x_wconf 78' lang='grc' dir='ltr'>μάλιστα</span> <span class='ocrx_word' id='word_1_133' title='bbox 706 3295 784 3364; x_wconf 87' lang='grc' dir='ltr'>τῷ</span> <span class='ocrx_word' id='word_1_134' title='bbox 815 3288 1038 3365; x_wconf 69' lang='grc' dir='ltr'>θαρρεῖν</span> <span class='ocrx_word' id='word_1_135' title='bbox 1074 3294 1205 3362; x_wconf 80' lang='grc' dir='ltr'>ἡμῖν</span> <span class='ocrx_word' id='word_1_136' title='bbox 1259 3294 1389 3361; x_wconf 74' lang='grc' dir='ltr'>περὶ</span> <span class='ocrx_word' id='word_1_137' title='bbox 1433 3292 1852 3361; x_wconf 43' lang='grc' dir='ltr'>τῶν-μεγίστων</span> <span class='ocrx_word' id='word_1_138' title='bbox 1908 3294 2018 3347; x_wconf 86' lang='grc' dir='ltr'>δει-</span> 
     </span>
    </p>
   </div>
   <div class='ocr_carea' id='block_1_22' title="bbox 444 3376 2016 3454">
    <p class='ocr_par' dir='ltr' id='par_1_22' title="bbox 444 3376 2016 3454">
     <span class='ocr_line' id='line_1_22' title="bbox 444 3376 2016 3454; baseline -0.001 -12"><span class='ocrx_word' id='word_1_139' title='bbox 444 3393 646 3451; x_wconf 84' lang='grc' dir='ltr'>κνύεις.</span> <span class='ocrx_word' id='word_1_140' title='bbox 699 3386 939 3440; x_wconf 84' lang='grc' dir='ltr'>Τοιαῦτα</span> <span class='ocrx_word' id='word_1_141' title='bbox 994 3380 1038 3438; x_wconf 77' lang='grc' dir='ltr'>δ’</span> <span class='ocrx_word' id='word_1_142' title='bbox 1071 3386 1177 3437; x_wconf 80' lang='grc' dir='ltr'>είσὶ</span> <span class='ocrx_word' id='word_1_143' title='bbox 1227 3383 1298 3435; x_wconf 86' lang='grc' dir='ltr'>τά</span> <span class='ocrx_word' id='word_1_144' title='bbox 1327 3386 1462 3452; x_wconf 73' lang='grc' dir='ltr'>πρὸς</span> <span class='ocrx_word' id='word_1_145' title='bbox 1494 3382 1592 3453; x_wconf 75' lang='grc' dir='ltr'>τὴν</span> <span class='ocrx_word' id='word_1_146' title='bbox 1625 3376 1777 3454; x_wconf 76' lang='grc' dir='ltr'>Ξεράν</span> <span class='ocrx_word' id='word_1_147' title='bbox 1836 3385 2016 3440; x_wconf 87' lang='grc' dir='ltr'>πίστιν</span> 
     </span>
    </p>
   </div>
   <div class='ocr_carea' id='block_1_23' title="bbox 446 3470 2014 3550">
    <p class='ocr_par' dir='ltr' id='par_1_23' title="bbox 446 3470 2014 3550">
     <span class='ocr_line' id='line_1_23' title="bbox 446 3470 2014 3550; baseline -0.003 -16"><span class='ocrx_word' id='word_1_148' title='bbox 446 3482 740 3550; x_wconf 78' lang='grc' dir='ltr'>ἀνήκοντα,</span> <span class='ocrx_word' id='word_1_149' title='bbox 774 3476 902 3546; x_wconf 80' lang='grc' dir='ltr'>περὶ</span> <span class='ocrx_word' id='word_1_150' title='bbox 927 3470 963 3530; x_wconf 84' lang='grc' dir='ltr'>δι</span> <span class='ocrx_word' id='word_1_151' title='bbox 993 3478 1060 3546; x_wconf 78' lang='grc' dir='ltr'>τῇ</span> <span class='ocrx_word' id='word_1_152' title='bbox 1083 3476 1301 3544; x_wconf 86' lang='grc' dir='ltr'>συνεχεῖ</span> <span class='ocrx_word' id='word_1_153' title='bbox 1333 3475 1533 3545; x_wconf 79' lang='grc' dir='ltr'>μελέτῃ</span> <span class='ocrx_word' id='word_1_154' title='bbox 1569 3475 1665 3529; x_wconf 73' lang='grc' dir='ltr'>καὶ</span> <span class='ocrx_word' id='word_1_155' title='bbox 1686 3477 1754 3545; x_wconf 77' lang='grc' dir='ltr'>τῇ</span> <span class='ocrx_word' id='word_1_156' title='bbox 1788 3477 2014 3547; x_wconf 78' lang='grc' dir='ltr'>σπουδῇ,</span> 
     </span>
    </p>
   </div>
   <div class='ocr_carea' id='block_1_24' title="bbox 443 3564 2018 3644">
    <p class='ocr_par' dir='ltr' id='par_1_24' title="bbox 443 3564 2018 3644">
     <span class='ocr_line' id='line_1_24' title="bbox 443 3564 2018 3644; baseline -0.004 -16"><span class='ocrx_word' id='word_1_157' title='bbox 443 3577 493 3628; x_wconf 83' lang='grc' dir='ltr'>εί</span> <span class='ocrx_word' id='word_1_158' title='bbox 550 3575 645 3628; x_wconf 72' lang='grc' dir='ltr'>καὶ</span> <span class='ocrx_word' id='word_1_159' title='bbox 695 3575 769 3644; x_wconf 77' lang='grc' dir='ltr'>μὴ</span> <span class='ocrx_word' id='word_1_160' title='bbox 819 3574 927 3626; x_wconf 83' lang='grc' dir='ltr'>τῶν</span> <span class='ocrx_word' id='word_1_161' title='bbox 972 3568 1370 3640; x_wconf 73' lang='grc' dir='ltr'>ἐπισταμένων,</span> <span class='ocrx_word' id='word_1_162' title='bbox 1416 3564 1689 3639; x_wconf 79' lang='grc' dir='ltr'>ἠδυνήθης</span> <span class='ocrx_word' id='word_1_163' title='bbox 1736 3570 2018 3634; x_wconf 82' lang='grc' dir='ltr'>ἀποδεῖξαι</span> 
     </span>
    </p>
   </div>
   <div class='ocr_carea' id='block_1_25' title="bbox 448 3661 2017 3735">
    <p class='ocr_par' dir='ltr' id='par_1_25' title="bbox 448 3661 2017 3735">
     <span class='ocr_line' id='line_1_25' title="bbox 448 3661 2017 3735; baseline -0.005 -14"><span class='ocrx_word' id='word_1_164' title='bbox 448 3668 666 3721; x_wconf 88' lang='grc' dir='ltr'>σαυτόν.</span> <span class='ocrx_word' id='word_1_165' title='bbox 712 3666 865 3718; x_wconf 73' lang='grc' dir='ltr'>Ἐπεὶ</span> <span class='ocrx_word' id='word_1_166' title='bbox 902 3664 1036 3735; x_wconf 80' lang='grc' dir='ltr'>μηδέ</span> <span class='ocrx_word' id='word_1_167' title='bbox 1085 3663 1273 3728; x_wconf 86' lang='grc' dir='ltr'>πολλοί</span> <span class='ocrx_word' id='word_1_168' title='bbox 1315 3663 1419 3713; x_wconf 89' lang='grc' dir='ltr'>εἱσι</span> <span class='ocrx_word' id='word_1_169' title='bbox 1450 3661 1581 3730; x_wconf 82' lang='grc' dir='ltr'>παρ’</span> <span class='ocrx_word' id='word_1_170' title='bbox 1615 3662 1748 3730; x_wconf 79' lang='grc' dir='ltr'>ἡμῖν</span> <span class='ocrx_word' id='word_1_171' title='bbox 1781 3664 2017 3732; x_wconf 83' lang='grc' dir='ltr'>ἐπιστή-</span> 
     </span>
    </p>
   </div>
   <div class='ocr_carea' id='block_1_26' title="bbox 445 3744 2020 3830">
    <p class='ocr_par' dir='ltr' id='par_1_26' title="bbox 445 3744 2020 3830">
     <span class='ocr_line' id='line_1_26' title="bbox 445 3744 2020 3830; baseline -0.004 -18"><span class='ocrx_word' id='word_1_172' title='bbox 445 3776 630 3830; x_wconf 84' lang='grc' dir='ltr'>μονες.</span> <span class='ocrx_word' id='word_1_173' title='bbox 654 3759 728 3820; x_wconf 87' lang='grc' dir='ltr'>ὡς</span> <span class='ocrx_word' id='word_1_174' title='bbox 757 3758 823 3810; x_wconf 81' lang='grc' dir='ltr'>ἂν</span> <span class='ocrx_word' id='word_1_175' title='bbox 847 3757 1024 3824; x_wconf 80' lang='grc' dir='ltr'>ἔγωγε</span> <span class='ocrx_word' id='word_1_176' title='bbox 1057 3753 1243 3824; x_wconf 79' lang='grc' dir='ltr'>φαίην,</span> <span class='ocrx_word' id='word_1_177' title='bbox 1277 3754 1375 3823; x_wconf 80' lang='grc' dir='ltr'>τῆς</span> <span class='ocrx_word' id='word_1_178' title='bbox 1402 3744 1586 3821; x_wconf 82' lang='grc' dir='ltr'>κοίνῆς</span> <span class='ocrx_word' id='word_1_179' title='bbox 1607 3753 1899 3823; x_wconf 87' lang='grc' dir='ltr'>δυστυχίας</span> <span class='ocrx_word' id='word_1_180' title='bbox 1925 3754 2020 3808; x_wconf 72' lang='grc' dir='ltr'>καὶ</span> 
     </span>
    </p>
   </div>
   <div class='ocr_carea' id='block_1_27' title="bbox 441 3835 2019 3920">
    <p class='ocr_par' dir='ltr' id='par_1_27' title="bbox 441 3835 2019 3920">
     <span class='ocr_line' id='line_1_27' title="bbox 441 3835 2019 3920; baseline -0.006 -14"><span class='ocrx_word' id='word_1_181' title='bbox 441 3852 588 3906; x_wconf 86' lang='grc' dir='ltr'>τοῦθ’</span> <span class='ocrx_word' id='word_1_182' title='bbox 623 3851 778 3920; x_wconf 83' lang='grc' dir='ltr'>ἡμῶν</span> <span class='ocrx_word' id='word_1_183' title='bbox 813 3850 910 3902; x_wconf 89' lang='grc' dir='ltr'>σύν</span> <span class='ocrx_word' id='word_1_184' title='bbox 957 3852 1067 3909; x_wconf 86' lang='grc' dir='ltr'>τοῖς</span> <span class='ocrx_word' id='word_1_185' title='bbox 1104 3840 1284 3911; x_wconf 77' lang='grc' dir='ltr'>ἄλλοις</span> <span class='ocrx_word' id='word_1_186' title='bbox 1333 3845 1700 3915; x_wconf 86' lang='grc' dir='ltr'>ἀφελομένης,</span> <span class='ocrx_word' id='word_1_187' title='bbox 1742 3835 1879 3898; x_wconf 82' lang='grc' dir='ltr'>ἀλλά</span> <span class='ocrx_word' id='word_1_188' title='bbox 1909 3845 2019 3898; x_wconf 85' lang='grc' dir='ltr'>τῶν</span> 
     </span>
    </p>
   </div>
   <div class='ocr_carea' id='block_1_28' title="bbox 442 3932 2013 4013">
    <p class='ocr_par' dir='ltr' id='par_1_28' title="bbox 442 3932 2013 4013">
     <span class='ocr_line' id='line_1_28' title="bbox 442 3932 2013 4013; baseline -0.003 -17"><span class='ocrx_word' id='word_1_189' title='bbox 442 3942 757 4013; x_wconf 80' lang='grc' dir='ltr'>ἀρκούντως</span> <span class='ocrx_word' id='word_1_190' title='bbox 788 3940 1259 4010; x_wconf 80' lang='grc' dir='ltr'>πεπαιδευμένων,</span> <span class='ocrx_word' id='word_1_191' title='bbox 1289 3933 1370 4001; x_wconf 78' lang='grc' dir='ltr'>εἷς</span> <span class='ocrx_word' id='word_1_192' title='bbox 1413 3936 1599 4002; x_wconf 79' lang='grc' dir='ltr'>ἔδοξας</span> <span class='ocrx_word' id='word_1_193' title='bbox 1625 3932 1786 4001; x_wconf 80' lang='grc' dir='ltr'>εἶναι,</span> <span class='ocrx_word' id='word_1_194' title='bbox 1816 3938 1911 3991; x_wconf 75' lang='grc' dir='ltr'>καὶ</span> <span class='ocrx_word' id='word_1_195' title='bbox 1942 3933 2013 3991; x_wconf 82' lang='grc' dir='ltr'>εἷ.</span> 
     </span>
    </p>
   </div>
   <div class='ocr_carea' id='block_1_29' title="bbox 445 4030 2019 4101">
    <p class='ocr_par' dir='ltr' id='par_1_29' title="bbox 445 4030 2019 4101">
     <span class='ocr_line' id='line_1_29' title="bbox 445 4030 2019 4101; baseline -0.003 -13"><span class='ocrx_word' id='word_1_196' title='bbox 445 4034 637 4088; x_wconf 77' lang='grc' dir='ltr'>Πολλοὶ</span> <span class='ocrx_word' id='word_1_197' title='bbox 666 4034 723 4087; x_wconf 82' lang='grc' dir='ltr'>δέ</span> <span class='ocrx_word' id='word_1_198' title='bbox 751 4035 891 4086; x_wconf 76' lang='grc' dir='ltr'>εἰσιν</span> <span class='ocrx_word' id='word_1_199' title='bbox 932 4033 990 4084; x_wconf 81' lang='grc' dir='ltr'>ἐν</span> <span class='ocrx_word' id='word_1_200' title='bbox 1037 4033 1169 4101; x_wconf 75' lang='grc' dir='ltr'>ἡμῖν</span> <span class='ocrx_word' id='word_1_201' title='bbox 1214 4033 1263 4084; x_wconf 84' lang='grc' dir='ltr'>οἱ</span> <span class='ocrx_word' id='word_1_202' title='bbox 1313 4030 1521 4097; x_wconf 85' lang='grc' dir='ltr'>ταύτην</span> <span class='ocrx_word' id='word_1_203' title='bbox 1571 4030 1786 4099; x_wconf 80' lang='grc' dir='ltr'>ἔχοντες</span> <span class='ocrx_word' id='word_1_204' title='bbox 1818 4031 2019 4084; x_wconf 85' lang='grc' dir='ltr'>ἐπιδει-</span> 
     </span>
    </p>
   </div>
   <div class='ocr_carea' id='block_1_30' title="bbox 444 4119 2019 4195">
    <p class='ocr_par' dir='ltr' id='par_1_30' title="bbox 444 4119 2019 4195">
     <span class='ocr_line' id='line_1_30' title="bbox 444 4119 2019 4195; baseline -0.004 -16"><span class='ocrx_word' id='word_1_205' title='bbox 444 4125 633 4179; x_wconf 82' lang='grc' dir='ltr'>κνύναι</span> <span class='ocrx_word' id='word_1_206' title='bbox 660 4125 760 4195; x_wconf 74' lang='grc' dir='ltr'>τὴν</span> <span class='ocrx_word' id='word_1_207' title='bbox 790 4123 985 4187; x_wconf 75' lang='grc' dir='ltr'>ἕξιν,οἳ</span> <span class='ocrx_word' id='word_1_208' title='bbox 1013 4124 1076 4192; x_wconf 81' lang='grc' dir='ltr'>δὴ</span> <span class='ocrx_word' id='word_1_209' title='bbox 1117 4122 1322 4175; x_wconf 78' lang='grc' dir='ltr'>καὶτὸν</span> <span class='ocrx_word' id='word_1_210' title='bbox 1345 4119 1623 4190; x_wconf 81' lang='grc' dir='ltr'>πρέποντα</span> <span class='ocrx_word' id='word_1_211' title='bbox 1653 4120 1812 4190; x_wconf 75' lang='grc' dir='ltr'>ζῆλον</span> <span class='ocrx_word' id='word_1_212' title='bbox 1847 4138 2019 4192; x_wconf 84' lang='grc' dir='ltr'>προσ-</span> 
     </span>
    </p>
   </div>
   <div class='ocr_carea' id='block_1_31' title="bbox 444 4212 2017 4289">
    <p class='ocr_par' dir='ltr' id='par_1_31' title="bbox 444 4212 2017 4289">
     <span class='ocr_line' id='line_1_31' title="bbox 444 4212 2017 4289; baseline -0.004 -18"><span class='ocrx_word' id='word_1_213' title='bbox 444 4220 725 4289; x_wconf 83' lang='grc' dir='ltr'>ειληφότες</span> <span class='ocrx_word' id='word_1_214' title='bbox 784 4217 923 4287; x_wconf 84' lang='grc' dir='ltr'>πρὸς</span> <span class='ocrx_word' id='word_1_215' title='bbox 974 4217 1075 4278; x_wconf 76' lang='grc' dir='ltr'>τὰς</span> <span class='ocrx_word' id='word_1_216' title='bbox 1139 4214 1249 4267; x_wconf 82' lang='grc' dir='ltr'>τῶν</span> <span class='ocrx_word' id='word_1_217' title='bbox 1312 4212 1613 4266; x_wconf 80' lang='grc' dir='ltr'>ἀντιθέτων</span> <span class='ocrx_word' id='word_1_218' title='bbox 1683 4213 2017 4284; x_wconf 79' lang='grc' dir='ltr'>προπετείας</span> 
     </span>
    </p>
   </div>
   <div class='ocr_carea' id='block_1_32' title="bbox 443 4302 2020 4377">
    <p class='ocr_par' dir='ltr' id='par_1_32' title="bbox 443 4302 2020 4377">
     <span class='ocr_line' id='line_1_32' title="bbox 443 4302 2020 4377; baseline -0.004 -14"><span class='ocrx_word' id='word_1_219' title='bbox 443 4305 706 4377; x_wconf 76' lang='grc' dir='ltr'>γενναίως</span> <span class='ocrx_word' id='word_1_220' title='bbox 738 4307 1081 4361; x_wconf 84' lang='grc' dir='ltr'>ἐνίστανται·</span> <span class='ocrx_word' id='word_1_221' title='bbox 1110 4304 1172 4357; x_wconf 83' lang='grc' dir='ltr'>τὸ</span> <span class='ocrx_word' id='word_1_222' title='bbox 1206 4302 1306 4374; x_wconf 79' lang='grc' dir='ltr'>μὲν</span> <span class='ocrx_word' id='word_1_223' title='bbox 1332 4302 1609 4373; x_wconf 84' lang='grc' dir='ltr'>εὐστόχως</span> <span class='ocrx_word' id='word_1_224' title='bbox 1640 4304 1852 4374; x_wconf 82' lang='grc' dir='ltr'>κρίνειν</span> <span class='ocrx_word' id='word_1_225' title='bbox 1887 4305 2020 4375; x_wconf 74' lang='grc' dir='ltr'>περὶ</span> 
     </span>
    </p>
   </div>
   <div class='ocr_carea' id='block_1_33' title="bbox 2118 3200 3701 3273">
    <p class='ocr_par' dir='ltr' id='par_1_33' title="bbox 2118 3200 3701 3273">
     <span class='ocr_line' id='line_1_33' title="bbox 2118 3200 3701 3273; baseline 0.001 -19"><span class='ocrx_word' id='word_1_226' title='bbox 2118 3219 2249 3265; x_wconf 82' lang='grc' dir='ltr'>ταςο</span> <span class='ocrx_word' id='word_1_227' title='bbox 2280 3202 2358 3272; x_wconf 85' lang='grc' dir='ltr'>τῷ</span> <span class='ocrx_word' id='word_1_228' title='bbox 2389 3202 2444 3254; x_wconf 78' lang='grc' dir='ltr'>δὲ</span> <span class='ocrx_word' id='word_1_229' title='bbox 2477 3201 2547 3252; x_wconf 73' lang='grc' dir='ltr'>τὰ</span> <span class='ocrx_word' id='word_1_230' title='bbox 2577 3201 2845 3268; x_wconf 73' lang='grc' dir='ltr'>δόγματα,</span> <span class='ocrx_word' id='word_1_231' title='bbox 2881 3200 2975 3254; x_wconf 71' lang='grc' dir='ltr'>καὶ</span> <span class='ocrx_word' id='word_1_232' title='bbox 3002 3201 3100 3271; x_wconf 83' lang='grc' dir='ltr'>τὴν</span> <span class='ocrx_word' id='word_1_233' title='bbox 3130 3200 3319 3255; x_wconf 87' lang='grc' dir='ltr'>πίστιν</span> <span class='ocrx_word' id='word_1_234' title='bbox 3348 3203 3701 3273; x_wconf 78' lang='grc' dir='ltr'>ἀνθρωπίνης</span> 
     </span>
    </p>
   </div>
   <div class='ocr_carea' id='block_1_34' title="bbox 2118 3293 3705 3365">
    <p class='ocr_par' dir='ltr' id='par_1_34' title="bbox 2118 3293 3705 3365">
     <span class='ocr_line' id='line_1_34' title="bbox 2118 3293 3705 3365; baseline 0 -16"><span class='ocrx_word' id='word_1_235' title='bbox 2118 3298 2289 3365; x_wconf 79' lang='grc' dir='ltr'>τιμῆς</span> <span class='ocrx_word' id='word_1_236' title='bbox 2348 3296 2625 3347; x_wconf 84' lang='grc' dir='ltr'>ποιεῖσθαι</span> <span class='ocrx_word' id='word_1_237' title='bbox 2671 3294 2955 3363; x_wconf 78' lang='grc' dir='ltr'>πάρεργον</span> <span class='ocrx_word' id='word_1_238' title='bbox 3006 3293 3215 3356; x_wconf 85' lang='grc' dir='ltr'>πάντας</span> <span class='ocrx_word' id='word_1_239' title='bbox 3265 3295 3428 3365; x_wconf 87' lang='grc' dir='ltr'>ὁμοῦ,</span> <span class='ocrx_word' id='word_1_240' title='bbox 3485 3295 3612 3360; x_wconf 82' lang='grc' dir='ltr'>τούς</span> <span class='ocrx_word' id='word_1_241' title='bbox 3644 3313 3705 3349; x_wconf 83' lang='grc' dir='ltr'>τε</span> 
     </span>
    </p>
   </div>
   <div class='ocr_carea' id='block_1_35' title="bbox 2124 3385 3705 3457">
    <p class='ocr_par' dir='ltr' id='par_1_35' title="bbox 2124 3385 3705 3457">
     <span class='ocr_line' id='line_1_35' title="bbox 2124 3385 3705 3457; baseline 0.002 -18"><span class='ocrx_word' id='word_1_242' title='bbox 2124 3387 2597 3456; x_wconf 78' lang='grc' dir='ltr'>προαιρουμένους</span> <span class='ocrx_word' id='word_1_243' title='bbox 2616 3385 2780 3451; x_wconf 86' lang='grc' dir='ltr'>οῦτω,</span> <span class='ocrx_word' id='word_1_244' title='bbox 2809 3385 2936 3449; x_wconf 86' lang='grc' dir='ltr'>τούς</span> <span class='ocrx_word' id='word_1_245' title='bbox 2956 3404 3017 3438; x_wconf 86' lang='grc' dir='ltr'>τε</span> <span class='ocrx_word' id='word_1_246' title='bbox 3047 3387 3469 3457; x_wconf 81' lang='grc' dir='ltr'>συγχωροῦντας</span> <span class='ocrx_word' id='word_1_247' title='bbox 3497 3390 3705 3452; x_wconf 86' lang='grc' dir='ltr'>αὐτοῖς,</span> 
     </span>
    </p>
   </div>
   <div class='ocr_carea' id='block_1_36' title="bbox 2122 3478 3710 3549">
    <p class='ocr_par' dir='ltr' id='par_1_36' title="bbox 2122 3478 3710 3549">
     <span class='ocr_line' id='line_1_36' title="bbox 2122 3478 3710 3549; baseline 0 -18"><span class='ocrx_word' id='word_1_248' title='bbox 2122 3481 2327 3545; x_wconf 82' lang='grc' dir='ltr'>πᾶσαν,</span> <span class='ocrx_word' id='word_1_249' title='bbox 2364 3480 2439 3543; x_wconf 84' lang='grc' dir='ltr'>ὡς</span> <span class='ocrx_word' id='word_1_250' title='bbox 2467 3479 2571 3531; x_wconf 81' lang='grc' dir='ltr'>κᾶν</span> <span class='ocrx_word' id='word_1_251' title='bbox 2598 3478 2751 3530; x_wconf 70' lang='grc' dir='ltr'>αὐτοὶ</span> <span class='ocrx_word' id='word_1_252' title='bbox 2777 3480 2961 3546; x_wconf 85' lang='grc' dir='ltr'>φαῖεν,</span> <span class='ocrx_word' id='word_1_253' title='bbox 2985 3480 3309 3534; x_wconf 86' lang='grc' dir='ltr'>δυσσέϐειαν</span> <span class='ocrx_word' id='word_1_254' title='bbox 3340 3482 3710 3549; x_wconf 84' lang='grc' dir='ltr'>παρελαύνον-</span> 
     </span>
    </p>
   </div>
   <div class='ocr_carea' id='block_1_37' title="bbox 2118 3569 3707 3641">
    <p class='ocr_par' dir='ltr' id='par_1_37' title="bbox 2118 3569 3707 3641">
     <span class='ocr_line' id='line_1_37' title="bbox 2118 3569 3707 3641; baseline 0.002 -19"><span class='ocrx_word' id='word_1_255' title='bbox 2118 3588 2241 3631; x_wconf 85' lang='grc' dir='ltr'>τας.</span> <span class='ocrx_word' id='word_1_256' title='bbox 2291 3570 2457 3623; x_wconf 82' lang='grc' dir='ltr'>Ταῦτ’</span> <span class='ocrx_word' id='word_1_257' title='bbox 2495 3571 2641 3623; x_wconf 76' lang='grc' dir='ltr'>ἴσασι</span> <span class='ocrx_word' id='word_1_258' title='bbox 2679 3569 2774 3622; x_wconf 75' lang='grc' dir='ltr'>καὶ</span> <span class='ocrx_word' id='word_1_259' title='bbox 2819 3569 3016 3639; x_wconf 86' lang='grc' dir='ltr'>βοῶσιν</span> <span class='ocrx_word' id='word_1_260' title='bbox 3062 3572 3112 3622; x_wconf 72' lang='lat' dir='ltr'><strong>oi</strong></span> <span class='ocrx_word' id='word_1_261' title='bbox 3142 3570 3274 3640; x_wconf 82' lang='grc' dir='ltr'>παρ’</span> <span class='ocrx_word' id='word_1_262' title='bbox 3316 3574 3452 3641; x_wconf 84' lang='grc' dir='ltr'>ἡμῖν</span> <span class='ocrx_word' id='word_1_263' title='bbox 3501 3590 3707 3625; x_wconf 88' lang='grc' dir='ltr'>πεπαι-</span> 
     </span>
    </p>
   </div>
   <div class='ocr_carea' id='block_1_38' title="bbox 2120 3659 3706 3731">
    <p class='ocr_par' dir='ltr' id='par_1_38' title="bbox 2120 3659 3706 3731">
     <span class='ocr_line' id='line_1_38' title="bbox 2120 3659 3706 3731; baseline 0.001 -19"><span class='ocrx_word' id='word_1_264' title='bbox 2120 3661 2401 3730; x_wconf 86' lang='grc' dir='ltr'>δευμένοι,</span> <span class='ocrx_word' id='word_1_265' title='bbox 2452 3661 2548 3713; x_wconf 78' lang='grc' dir='ltr'>καὶ</span> <span class='ocrx_word' id='word_1_266' title='bbox 2597 3659 2751 3713; x_wconf 68' lang='grc' dir='ltr'>καλοὶ</span> <span class='ocrx_word' id='word_1_267' title='bbox 2794 3662 2905 3712; x_wconf 83' lang='grc' dir='ltr'>τῶν</span> <span class='ocrx_word' id='word_1_268' title='bbox 2957 3659 3198 3731; x_wconf 86' lang='grc' dir='ltr'>ἀρίστων</span> <span class='ocrx_word' id='word_1_269' title='bbox 3232 3664 3515 3731; x_wconf 75' lang='grc' dir='ltr'>προγόνων</span> <span class='ocrx_word' id='word_1_270' title='bbox 3547 3665 3706 3731; x_wconf 78' lang='grc' dir='ltr'>ἡμῶν</span> 
     </span>
    </p>
   </div>
   <div class='ocr_carea' id='block_1_39' title="bbox 2119 3749 3706 3822">
    <p class='ocr_par' dir='ltr' id='par_1_39' title="bbox 2119 3749 3706 3822">
     <span class='ocr_line' id='line_1_39' title="bbox 2119 3749 3706 3822; baseline 0 -17"><span class='ocrx_word' id='word_1_271' title='bbox 2119 3750 2358 3821; x_wconf 77' lang='grc' dir='ltr'>ἔκγονοι,</span> <span class='ocrx_word' id='word_1_272' title='bbox 2413 3749 2506 3804; x_wconf 73' lang='grc' dir='ltr'>καὶ</span> <span class='ocrx_word' id='word_1_273' title='bbox 2548 3752 2756 3805; x_wconf 77' lang='grc' dir='ltr'>τούτων</span> <span class='ocrx_word' id='word_1_274' title='bbox 2794 3752 2955 3822; x_wconf 82' lang='grc' dir='ltr'>χάριν</span> <span class='ocrx_word' id='word_1_275' title='bbox 3002 3750 3287 3819; x_wconf 89' lang='grc' dir='ltr'>ἀλγοῦσιν.</span> <span class='ocrx_word' id='word_1_276' title='bbox 3333 3753 3458 3805; x_wconf 78' lang='grc' dir='ltr'>Ἐτιὶ</span> <span class='ocrx_word' id='word_1_277' title='bbox 3492 3754 3706 3816; x_wconf 76' lang='grc' dir='ltr'>τούτοις</span> 
     </span>
    </p>
   </div>
   <div class='ocr_carea' id='block_1_40' title="bbox 2121 3828 3705 3916">
    <p class='ocr_par' dir='ltr' id='par_1_40' title="bbox 2121 3828 3705 3916">
     <span class='ocr_line' id='line_1_40' title="bbox 2121 3828 3705 3916; baseline 0.003 -22"><span class='ocrx_word' id='word_1_278' title='bbox 2121 3859 2180 3895; x_wconf 87' lang='grc' dir='ltr'>τε</span> <span class='ocrx_word' id='word_1_279' title='bbox 2207 3828 2698 3912; x_wconf 76' lang='grc' dir='ltr'>μνησικακοῦντων</span> <span class='ocrx_word' id='word_1_280' title='bbox 2730 3842 2885 3912; x_wconf 85' lang='grc' dir='ltr'>σφίσι</span> <span class='ocrx_word' id='word_1_281' title='bbox 2917 3843 3013 3897; x_wconf 75' lang='grc' dir='ltr'>καὶ</span> <span class='ocrx_word' id='word_1_282' title='bbox 3038 3844 3432 3914; x_wconf 85' lang='grc' dir='ltr'>ἀμυνομένων,</span> <span class='ocrx_word' id='word_1_283' title='bbox 3470 3847 3578 3899; x_wconf 80' lang='grc' dir='ltr'>τῶν</span> <span class='ocrx_word' id='word_1_284' title='bbox 3606 3847 3705 3916; x_wconf 73' lang='grc' dir='ltr'>τῆς</span> 
     </span>
    </p>
   </div>
   <div class='ocr_carea' id='block_1_41' title="bbox 2123 3935 3703 4009">
    <p class='ocr_par' dir='ltr' id='par_1_41' title="bbox 2123 3935 3703 4009">
     <span class='ocr_line' id='line_1_41' title="bbox 2123 3935 3703 4009; baseline 0.003 -22"><span class='ocrx_word' id='word_1_285' title='bbox 2123 3935 2312 4005; x_wconf 85' lang='grc' dir='ltr'>ἐτέρας</span> <span class='ocrx_word' id='word_1_286' title='bbox 2344 3936 2542 4005; x_wconf 87' lang='grc' dir='ltr'>μοίρας</span> <span class='ocrx_word' id='word_1_287' title='bbox 2586 3937 3009 4008; x_wconf 76' lang='grc' dir='ltr'>προϊσταμένων</span> <span class='ocrx_word' id='word_1_288' title='bbox 3034 3937 3338 4007; x_wconf 90' lang='grc' dir='ltr'>ἀνέχονται.</span> <span class='ocrx_word' id='word_1_289' title='bbox 3372 3939 3548 3992; x_wconf 88' lang='grc' dir='ltr'>’Ίσασι</span> <span class='ocrx_word' id='word_1_290' title='bbox 3592 3939 3703 4009; x_wconf 84' lang='grc' dir='ltr'>γάρ</span> 
     </span>
    </p>
   </div>
   <div class='ocr_carea' id='block_1_42' title="bbox 2120 4026 3704 4098">
    <p class='ocr_par' dir='ltr' id='par_1_42' title="bbox 2120 4026 3704 4098">
     <span class='ocr_line' id='line_1_42' title="bbox 2120 4026 3704 4098; baseline 0.002 -18"><span class='ocrx_word' id='word_1_291' title='bbox 2120 4026 2314 4097; x_wconf 81' lang='grc' dir='ltr'>ὥσπερ</span> <span class='ocrx_word' id='word_1_292' title='bbox 2344 4045 2396 4081; x_wconf 87' lang='grc' dir='ltr'>τι</span> <span class='ocrx_word' id='word_1_293' title='bbox 2423 4027 2594 4096; x_wconf 76' lang='grc' dir='ltr'>γέρας</span> <span class='ocrx_word' id='word_1_294' title='bbox 2620 4032 2732 4091; x_wconf 88' lang='grc' dir='ltr'>τοῖς</span> <span class='ocrx_word' id='word_1_295' title='bbox 2764 4028 2902 4098; x_wconf 84' lang='grc' dir='ltr'>μετά</span> <span class='ocrx_word' id='word_1_296' title='bbox 2932 4029 3033 4097; x_wconf 87' lang='grc' dir='ltr'>τῆς</span> <span class='ocrx_word' id='word_1_297' title='bbox 3079 4026 3339 4096; x_wconf 75' lang='grc' dir='ltr'>ἀληθείας</span> <span class='ocrx_word' id='word_1_298' title='bbox 3382 4031 3535 4085; x_wconf 80' lang='grc' dir='ltr'>οὖσιν</span> <span class='ocrx_word' id='word_1_299' title='bbox 3562 4032 3704 4097; x_wconf 83' lang='grc' dir='ltr'>ἐξει-</span> 
     </span>
    </p>
   </div>
   <div class='ocr_carea' id='block_1_43' title="bbox 2120 4118 3701 4194">
    <p class='ocr_par' dir='ltr' id='par_1_43' title="bbox 2120 4118 3701 4194">
     <span class='ocr_line' id='line_1_43' title="bbox 2120 4118 3701 4194; baseline 0.006 -25"><span class='ocrx_word' id='word_1_300' title='bbox 2120 4118 2389 4188; x_wconf 84' lang='grc' dir='ltr'>λεγμένον</span> <span class='ocrx_word' id='word_1_301' title='bbox 2438 4120 2603 4184; x_wconf 85' lang='grc' dir='ltr'>εὐθὺς</span> <span class='ocrx_word' id='word_1_302' title='bbox 2641 4121 2751 4175; x_wconf 87' lang='grc' dir='ltr'>ἀπὸ</span> <span class='ocrx_word' id='word_1_303' title='bbox 2806 4120 3047 4191; x_wconf 80' lang='grc' dir='ltr'>Χριστοῦ</span> <span class='ocrx_word' id='word_1_304' title='bbox 3090 4125 3191 4192; x_wconf 82' lang='grc' dir='ltr'>τῆς</span> <span class='ocrx_word' id='word_1_305' title='bbox 3233 4122 3493 4192; x_wconf 80' lang='grc' dir='ltr'>ἀληθείας</span> <span class='ocrx_word' id='word_1_306' title='bbox 3530 4125 3701 4194; x_wconf 71' lang='grc' dir='ltr'>αὐτῆς</span> 
     </span>
    </p>
   </div>
   <div class='ocr_carea' id='block_1_44' title="bbox 2121 4208 3702 4284">
    <p class='ocr_par' dir='ltr' id='par_1_44' title="bbox 2121 4208 3702 4284">
     <span class='ocr_line' id='line_1_44' title="bbox 2121 4208 3702 4284; baseline 0.004 -24"><span class='ocrx_word' id='word_1_307' title='bbox 2121 4208 2183 4261; x_wconf 80' lang='grc' dir='ltr'>τό</span> <span class='ocrx_word' id='word_1_308' title='bbox 2207 4223 2269 4276; x_wconf 87' lang='grc' dir='ltr'>γε</span> <span class='ocrx_word' id='word_1_309' title='bbox 2301 4211 2359 4262; x_wconf 84' lang='grc' dir='ltr'>ἐν</span> <span class='ocrx_word' id='word_1_310' title='bbox 2388 4209 2653 4273; x_wconf 81' lang='grc' dir='ltr'>τοιούτοις</span> <span class='ocrx_word' id='word_1_311' title='bbox 2694 4211 2955 4280; x_wconf 86' lang='grc' dir='ltr'>διωγμοῖς</span> <span class='ocrx_word' id='word_1_312' title='bbox 2988 4211 3362 4279; x_wconf 77' lang='grc' dir='ltr'>ἐξετάζεσθαι.</span> <span class='ocrx_word' id='word_1_313' title='bbox 3395 4213 3572 4284; x_wconf 83' lang='grc' dir='ltr'>Ὅπερ</span> <span class='ocrx_word' id='word_1_314' title='bbox 3603 4217 3702 4269; x_wconf 83' lang='grc' dir='ltr'>οὐκ</span> 
     </span>
    </p>
   </div>
   <div class='ocr_carea' id='block_1_45' title="bbox 2123 4298 3704 4376">
    <p class='ocr_par' dir='ltr' id='par_1_45' title="bbox 2123 4298 3704 4376">
     <span class='ocr_line' id='line_1_45' title="bbox 2123 4298 3704 4376; baseline 0.004 -21"><span class='ocrx_word' id='word_1_315' title='bbox 2123 4301 2190 4355; x_wconf 83' lang='grc' dir='ltr'>ἂν</span> <span class='ocrx_word' id='word_1_316' title='bbox 2213 4298 2302 4373; x_wconf 80' lang='grc' dir='ltr'>ἦν,</span> <span class='ocrx_word' id='word_1_317' title='bbox 2336 4303 2384 4355; x_wconf 85' lang='grc' dir='ltr'>εί</span> <span class='ocrx_word' id='word_1_318' title='bbox 2422 4303 2498 4373; x_wconf 80' lang='grc' dir='ltr'>μὴ</span> <span class='ocrx_word' id='word_1_319' title='bbox 2531 4304 2599 4358; x_wconf 81' lang='grc' dir='ltr'>τά</span> <span class='ocrx_word' id='word_1_320' title='bbox 2634 4307 2804 4374; x_wconf 86' lang='grc' dir='ltr'>χείρω</span> <span class='ocrx_word' id='word_1_321' title='bbox 2873 4306 3282 4376; x_wconf 77' lang='grc' dir='ltr'>προῃρημένοις</span> <span class='ocrx_word' id='word_1_322' title='bbox 3330 4309 3425 4360; x_wconf 72' lang='grc' dir='ltr'>καὶ</span> <span class='ocrx_word' id='word_1_323' title='bbox 3476 4310 3507 4373; x_wconf 84' lang='grc' dir='ltr'>ἡ</span> <span class='ocrx_word' id='word_1_324' title='bbox 3541 4308 3704 4363; x_wconf 73' lang='grc' dir='ltr'>δύνα-</span> 
     </span>
    </p>
   </div>
   <div class='ocr_carea' id='block_1_46' title="bbox 439 4390 3705 4471">
    <p class='ocr_par' dir='ltr' id='par_1_46' title="bbox 439 4390 3705 4471">
     <span class='ocr_line' id='line_1_46' title="bbox 439 4390 3705 4471; baseline 0 -17"><span class='ocrx_word' id='word_1_325' title='bbox 439 4392 517 4454; x_wconf 80' lang='grc' dir='ltr'>ὧν</span> <span class='ocrx_word' id='word_1_326' title='bbox 546 4402 744 4453; x_wconf 80' lang='grc' dir='ltr'>ἐκεῖνοι</span> <span class='ocrx_word' id='word_1_327' title='bbox 774 4390 1209 4466; x_wconf 77' lang='grc' dir='ltr'>καινοτομοῦσιν,</span> <span class='ocrx_word' id='word_1_328' title='bbox 1231 4396 1295 4448; x_wconf 84' lang='grc' dir='ltr'>ἐκ</span> <span class='ocrx_word' id='word_1_329' title='bbox 1319 4394 1413 4449; x_wconf 90' lang='grc' dir='ltr'>τοῦ</span> <span class='ocrx_word' id='word_1_330' title='bbox 1445 4396 1842 4450; x_wconf 84' lang='grc' dir='ltr'>πεπαιδεῦσθαι</span> <span class='ocrx_word' id='word_1_331' title='bbox 1874 4397 2015 4451; x_wconf 75' lang='grc' dir='ltr'>πάνυ</span> <span class='ocrx_word' id='word_1_332' title='bbox 2055 4455 2095 4471; x_wconf 60' lang='grc'>“</span> <span class='ocrx_word' id='word_1_333' title='bbox 2126 4411 2219 4460; x_wconf 89' lang='grc' dir='ltr'>μις</span> <span class='ocrx_word' id='word_1_334' title='bbox 2252 4393 2346 4447; x_wconf 89' lang='grc' dir='ltr'>τοῦ</span> <span class='ocrx_word' id='word_1_335' title='bbox 2385 4395 2645 4464; x_wconf 82' lang='grc' dir='ltr'>βλάπτειν</span> <span class='ocrx_word' id='word_1_336' title='bbox 2678 4396 2912 4466; x_wconf 78' lang='grc' dir='ltr'>προσῆν,</span> <span class='ocrx_word' id='word_1_337' title='bbox 2967 4398 3062 4451; x_wconf 77' lang='grc' dir='ltr'>καὶ</span> <span class='ocrx_word' id='word_1_338' title='bbox 3094 4398 3182 4451; x_wconf 79' lang='grc' dir='ltr'>διὰ</span> <span class='ocrx_word' id='word_1_339' title='bbox 3235 4405 3393 4453; x_wconf 81' lang='grc' dir='ltr'>τοῦτο</span> <span class='ocrx_word' id='word_1_340' title='bbox 3428 4404 3492 4471; x_wconf 85' lang='grc' dir='ltr'>τῇ</span> <span class='ocrx_word' id='word_1_341' title='bbox 3537 4420 3705 4470; x_wconf 83' lang='grc' dir='ltr'>πονη-</span> 
     </span>
    </p>
   </div>
   <div class='ocr_carea' id='block_1_47' title="bbox 442 4486 3704 4559">
    <p class='ocr_par' dir='ltr' id='par_1_47' title="bbox 442 4486 3704 4559">
     <span class='ocr_line' id='line_1_47' title="bbox 442 4486 3704 4559; baseline -0.001 -15"><span class='ocrx_word' id='word_1_342' title='bbox 442 4490 646 4554; x_wconf 85' lang='grc' dir='ltr'>καλῶς,</span> <span class='ocrx_word' id='word_1_343' title='bbox 698 4489 840 4543; x_wconf 87' lang='grc' dir='ltr'>καθά</span> <span class='ocrx_word' id='word_1_344' title='bbox 893 4488 1066 4559; x_wconf 84' lang='grc' dir='ltr'>δήπου</span> <span class='ocrx_word' id='word_1_345' title='bbox 1120 4486 1216 4542; x_wconf 72' lang='grc' dir='ltr'>καὶ</span> <span class='ocrx_word' id='word_1_346' title='bbox 1262 4487 1624 4557; x_wconf 84' lang='grc' dir='ltr'>Ἀριστοτέλει</span> <span class='ocrx_word' id='word_1_347' title='bbox 1671 4488 1841 4555; x_wconf 89' lang='grc' dir='ltr'>δοκεῖ,</span> <span class='ocrx_word' id='word_1_348' title='bbox 1868 4489 1929 4541; x_wconf 81' lang='grc' dir='ltr'>τὸ</span> <span class='ocrx_word' id='word_1_349' title='bbox 1957 4489 2015 4543; x_wconf 77' lang='grc' dir='ltr'>δὲ</span> <span class='ocrx_word' id='word_1_350' title='bbox 2056 4486 2096 4509; x_wconf 81' lang='grc'><strong><em>⁸³</em></strong></span> <span class='ocrx_word' id='word_1_351' title='bbox 2125 4487 2218 4557; x_wconf 77' lang='grc' dir='ltr'>ρίᾳ</span> <span class='ocrx_word' id='word_1_352' title='bbox 2264 4487 2359 4540; x_wconf 75' lang='grc' dir='ltr'>καὶ</span> <span class='ocrx_word' id='word_1_353' title='bbox 2394 4489 2459 4557; x_wconf 85' lang='grc' dir='ltr'>τῇ</span> <span class='ocrx_word' id='word_1_354' title='bbox 2494 4486 2751 4557; x_wconf 75' lang='grc' dir='ltr'>δυνάμει⁸</span> <span class='ocrx_word' id='word_1_355' title='bbox 2778 4487 2887 4539; x_wconf 85' lang='grc' dir='ltr'>τῶν</span> <span class='ocrx_word' id='word_1_356' title='bbox 2920 4488 3097 4541; x_wconf 84' lang='grc' dir='ltr'>ἄλλων</span> <span class='ocrx_word' id='word_1_357' title='bbox 3128 4491 3206 4552; x_wconf 89' lang='grc' dir='ltr'>είς</span> <span class='ocrx_word' id='word_1_358' title='bbox 3238 4490 3300 4541; x_wconf 75' lang='grc' dir='ltr'>τὸ</span> <span class='ocrx_word' id='word_1_359' title='bbox 3332 4492 3473 4559; x_wconf 80' lang='grc' dir='ltr'>σφᾶς</span> <span class='ocrx_word' id='word_1_360' title='bbox 3505 4492 3704 4555; x_wconf 69' lang='grc' dir='ltr'>αὐτοὺς</span> 
     </span>
    </p>
   </div>
   <div class='ocr_carea' id='block_1_48' title="bbox 445 4572 2015 4649">
    <p class='ocr_par' dir='ltr' id='par_1_48' title="bbox 445 4572 2015 4649">
     <span class='ocr_line' id='line_1_48' title="bbox 445 4572 2015 4649; baseline 0.001 -18"><span class='ocrx_word' id='word_1_361' title='bbox 445 4580 584 4647; x_wconf 80' lang='grc' dir='ltr'>μήτε</span> <span class='ocrx_word' id='word_1_362' title='bbox 621 4576 1001 4646; x_wconf 87' lang='grc' dir='ltr'>συγκαθιέναι,</span> <span class='ocrx_word' id='word_1_363' title='bbox 1031 4579 1127 4632; x_wconf 78' lang='grc' dir='ltr'>καὶ</span> <span class='ocrx_word' id='word_1_364' title='bbox 1155 4572 1316 4632; x_wconf 68' lang='grc' dir='ltr'>πάνθ’</span> <span class='ocrx_word' id='word_1_365' title='bbox 1348 4578 1488 4649; x_wconf 82' lang='grc' dir='ltr'>ὑπὲρ</span> <span class='ocrx_word' id='word_1_366' title='bbox 1526 4579 1625 4647; x_wconf 82' lang='grc' dir='ltr'>τῆς</span> <span class='ocrx_word' id='word_1_367' title='bbox 1661 4580 1896 4648; x_wconf 87' lang='grc' dir='ltr'>πατρίου</span> <span class='ocrx_word' id='word_1_368' title='bbox 1928 4580 2015 4632; x_wconf 85' lang='grc' dir='ltr'>δό-</span> 
     </span>
    </p>
   </div>
   <div class='ocr_carea' id='block_1_49' title="bbox 444 4668 2015 4742">
    <p class='ocr_par' dir='ltr' id='par_1_49' title="bbox 444 4668 2015 4742">
     <span class='ocr_line' id='line_1_49' title="bbox 444 4668 2015 4742; baseline -0.01 -16"><span class='ocrx_word' id='word_1_369' title='bbox 444 4672 542 4741; x_wconf 82' lang='grc' dir='ltr'>ξης</span> <span class='ocrx_word' id='word_1_370' title='bbox 571 4670 923 4742; x_wconf 79' lang='grc' dir='ltr'>ὑφίστασθαι,</span> <span class='ocrx_word' id='word_1_371' title='bbox 950 4671 1014 4723; x_wconf 85' lang='grc' dir='ltr'>ἐκ</span> <span class='ocrx_word' id='word_1_372' title='bbox 1044 4670 1142 4739; x_wconf 79' lang='grc' dir='ltr'>τῆς</span> <span class='ocrx_word' id='word_1_373' title='bbox 1174 4670 1501 4741; x_wconf 78' lang='grc' dir='ltr'>εἰλικρινοῦς</span> <span class='ocrx_word' id='word_1_374' title='bbox 1554 4668 1691 4739; x_wconf 79' lang='grc' dir='ltr'>πρὸς</span> <span class='ocrx_word' id='word_1_375' title='bbox 1716 4672 1850 4723; x_wconf 81' lang='grc' dir='ltr'>Θεὸν</span> <span class='ocrx_word' id='word_1_376' title='bbox 1877 4671 2015 4739; x_wconf 80' lang='grc' dir='ltr'>ἀγά-</span> 
     </span>
    </p>
   </div>
   <div class='ocr_carea' id='block_1_50' title="bbox 444 4762 2017 4836">
    <p class='ocr_par' dir='ltr' id='par_1_50' title="bbox 444 4762 2017 4836">
     <span class='ocr_line' id='line_1_50' title="bbox 444 4762 2017 4836; baseline 0 -19"><span class='ocrx_word' id='word_1_377' title='bbox 444 4781 552 4832; x_wconf 88' lang='grc' dir='ltr'>πης</span> <span class='ocrx_word' id='word_1_378' title='bbox 577 4766 967 4836; x_wconf 75' lang='grc' dir='ltr'>ἐπιφερόμενοι</span> <span class='ocrx_word' id='word_1_379' title='bbox 988 4778 1002 4791; x_wconf 89' lang='grc'>·</span> <span class='ocrx_word' id='word_1_380' title='bbox 1034 4763 1096 4816; x_wconf 81' lang='grc' dir='ltr'>τὸ</span> <span class='ocrx_word' id='word_1_381' title='bbox 1126 4762 1182 4816; x_wconf 85' lang='grc' dir='ltr'>δὲ</span> <span class='ocrx_word' id='word_1_382' title='bbox 1211 4763 1307 4816; x_wconf 70' lang='grc' dir='ltr'>καὶ</span> <span class='ocrx_word' id='word_1_383' title='bbox 1332 4762 1461 4825; x_wconf 83' lang='grc' dir='ltr'>τοὺς</span> <span class='ocrx_word' id='word_1_384' title='bbox 1493 4762 1813 4825; x_wconf 82' lang='grc' dir='ltr'>ἀντιθέτους</span> <span class='ocrx_word' id='word_1_385' title='bbox 1848 4762 2017 4833; x_wconf 78' lang='grc' dir='ltr'>μηδὲν</span> 
     </span>
    </p>
   </div>
   <div class='ocr_carea' id='block_1_51' title="bbox 442 4845 2016 4922">
    <p class='ocr_par' dir='ltr' id='par_1_51' title="bbox 442 4845 2016 4922">
     <span class='ocr_line' id='line_1_51' title="bbox 442 4845 2016 4922; baseline -0.001 -17"><span class='ocrx_word' id='word_1_386' title='bbox 442 4854 593 4921; x_wconf 84' lang='grc' dir='ltr'>ὑγιὲς</span> <span class='ocrx_word' id='word_1_387' title='bbox 643 4854 787 4921; x_wconf 82' lang='grc' dir='ltr'>μήτε</span> <span class='ocrx_word' id='word_1_388' title='bbox 841 4853 1065 4921; x_wconf 84' lang='grc' dir='ltr'>φωνεῖν,</span> <span class='ocrx_word' id='word_1_389' title='bbox 1119 4852 1257 4922; x_wconf 85' lang='grc' dir='ltr'>μήτε</span> <span class='ocrx_word' id='word_1_390' title='bbox 1299 4852 1495 4915; x_wconf 81' lang='grc' dir='ltr'>ποιεῖν,</span> <span class='ocrx_word' id='word_1_391' title='bbox 1551 4850 1612 4903; x_wconf 91' lang='grc' dir='ltr'>οὐ</span> <span class='ocrx_word' id='word_1_392' title='bbox 1651 4851 1814 4920; x_wconf 74' lang='grc' dir='ltr'>μόνον</span> <span class='ocrx_word' id='word_1_393' title='bbox 1858 4851 1919 4915; x_wconf 81' lang='grc' dir='ltr'>ἐξ</span> <span class='ocrx_word' id='word_1_394' title='bbox 1942 4845 2016 4904; x_wconf 80' lang='grc' dir='ltr'>ὦν</span> 
     </span>
    </p>
   </div>
   <div class='ocr_carea' id='block_1_52' title="bbox 442 4935 2016 5013">
    <p class='ocr_par' dir='ltr' id='par_1_52' title="bbox 442 4935 2016 5013">
     <span class='ocr_line' id='line_1_52' title="bbox 442 4935 2016 5013; baseline -0.002 -17"><span class='ocrx_word' id='word_1_395' title='bbox 442 4944 595 4996; x_wconf 77' lang='grc' dir='ltr'>αὐτοὶ</span> <span class='ocrx_word' id='word_1_396' title='bbox 623 4942 972 5013; x_wconf 77' lang='grc' dir='ltr'>κατορθοῦσι,</span> <span class='ocrx_word' id='word_1_397' title='bbox 1001 4942 1355 5011; x_wconf 88' lang='grc' dir='ltr'>πεπεισμένοι</span> <span class='ocrx_word' id='word_1_398' title='bbox 1377 4940 1630 5009; x_wconf 88' lang='grc' dir='ltr'>βεϐαίως,</span> <span class='ocrx_word' id='word_1_399' title='bbox 1655 4940 1794 4992; x_wconf 89' lang='grc' dir='ltr'>ἀλλά</span> <span class='ocrx_word' id='word_1_400' title='bbox 1820 4940 1914 4993; x_wconf 77' lang='grc' dir='ltr'>καὶ</span> <span class='ocrx_word' id='word_1_401' title='bbox 1936 4935 2016 5003; x_wconf 71' lang='grc' dir='ltr'>οἷς</span> 
     </span>
    </p>
   </div>
   <div class='ocr_carea' id='block_1_53' title="bbox 441 5032 2015 5105">
    <p class='ocr_par' dir='ltr' id='par_1_53' title="bbox 441 5032 2015 5105">
     <span class='ocr_line' id='line_1_53' title="bbox 441 5032 2015 5105; baseline 0 -20"><span class='ocrx_word' id='word_1_402' title='bbox 441 5037 641 5088; x_wconf 85' lang='grc' dir='ltr'>ἐκεῖνοι</span> <span class='ocrx_word' id='word_1_403' title='bbox 698 5035 1185 5105; x_wconf 87' lang='grc' dir='ltr'>διαμαρτάνουσιν.</span> <span class='ocrx_word' id='word_1_404' title='bbox 1236 5035 1415 5086; x_wconf 86' lang='grc' dir='ltr'>Ἷσασι</span> <span class='ocrx_word' id='word_1_405' title='bbox 1470 5032 1579 5103; x_wconf 87' lang='grc' dir='ltr'>γάρ</span> <span class='ocrx_word' id='word_1_406' title='bbox 1636 5033 1847 5096; x_wconf 88' lang='grc' dir='ltr'>πάντας</span> <span class='ocrx_word' id='word_1_407' title='bbox 1890 5032 2015 5095; x_wconf 84' lang='grc' dir='ltr'>τούς</span> 
     </span>
    </p>
   </div>
   <div class='ocr_carea' id='block_1_54' title="bbox 439 5122 2018 5195">
    <p class='ocr_par' dir='ltr' id='par_1_54' title="bbox 439 5122 2018 5195">
     <span class='ocr_line' id='line_1_54' title="bbox 439 5122 2018 5195; baseline -0.001 -17"><span class='ocrx_word' id='word_1_408' title='bbox 439 5128 533 5179; x_wconf 79' lang='grc' dir='ltr'>ἐπὶ</span> <span class='ocrx_word' id='word_1_409' title='bbox 563 5127 661 5195; x_wconf 84' lang='grc' dir='ltr'>τῆς</span> <span class='ocrx_word' id='word_1_410' title='bbox 688 5127 814 5189; x_wconf 85' lang='grc' dir='ltr'>νέας</span> <span class='ocrx_word' id='word_1_411' title='bbox 847 5126 1126 5195; x_wconf 88' lang='grc' dir='ltr'>θεολογίας</span> <span class='ocrx_word' id='word_1_412' title='bbox 1152 5124 1383 5193; x_wconf 79' lang='grc' dir='ltr'>ταύτης,</span> <span class='ocrx_word' id='word_1_413' title='bbox 1409 5126 1499 5194; x_wconf 84' lang='grc' dir='ltr'>ὐφ’</span> <span class='ocrx_word' id='word_1_414' title='bbox 1529 5122 1604 5178; x_wconf 81' lang='grc' dir='ltr'><strong>ὧν</strong></span> <span class='ocrx_word' id='word_1_415' title='bbox 1654 5126 1755 5194; x_wconf 82' lang='grc' dir='ltr'>μὲν</span> <span class='ocrx_word' id='word_1_416' title='bbox 1789 5126 2018 5195; x_wconf 87' lang='grc' dir='ltr'>πεισθῆ-</span> 
     </span>
    </p>
   </div>
   <div class='ocr_carea' id='block_1_55' title="bbox 441 5214 2019 5285">
    <p class='ocr_par' dir='ltr' id='par_1_55' title="bbox 441 5214 2019 5285">
     <span class='ocr_line' id='line_1_55' title="bbox 441 5214 2019 5285; baseline -0.001 -16"><span class='ocrx_word' id='word_1_417' title='bbox 441 5234 528 5269; x_wconf 88' lang='grc' dir='ltr'>ναι</span> <span class='ocrx_word' id='word_1_418' title='bbox 574 5219 795 5285; x_wconf 82' lang='grc' dir='ltr'>λέγουσι</span> <span class='ocrx_word' id='word_1_419' title='bbox 826 5217 1026 5284; x_wconf 87' lang='grc' dir='ltr'>λόγων,</span> <span class='ocrx_word' id='word_1_420' title='bbox 1060 5216 1155 5269; x_wconf 74' lang='grc' dir='ltr'>καὶ</span> <span class='ocrx_word' id='word_1_421' title='bbox 1179 5214 1273 5278; x_wconf 85' lang='grc' dir='ltr'>οὒς</span> <span class='ocrx_word' id='word_1_422' title='bbox 1305 5215 1607 5269; x_wconf 84' lang='grc' dir='ltr'>ἀποθέσθαι</span> <span class='ocrx_word' id='word_1_423' title='bbox 1637 5216 1903 5283; x_wconf 86' lang='grc' dir='ltr'>πρότερον</span> <span class='ocrx_word' id='word_1_424' title='bbox 1933 5217 2019 5268; x_wconf 83' lang='grc' dir='ltr'>ἐν·</span> 
     </span>
    </p>
   </div>
   <div class='ocr_carea' id='block_1_56' title="bbox 442 5308 2016 5378">
    <p class='ocr_par' dir='ltr' id='par_1_56' title="bbox 442 5308 2016 5378">
     <span class='ocr_line' id='line_1_56' title="bbox 442 5308 2016 5378; baseline 0.001 -19"><span class='ocrx_word' id='word_1_425' title='bbox 442 5308 807 5378; x_wconf 77' lang='grc' dir='ltr'>ὑπάρχοντας,</span> <span class='ocrx_word' id='word_1_426' title='bbox 830 5310 1039 5361; x_wconf 85' lang='grc' dir='ltr'>τούτων</span> <span class='ocrx_word' id='word_1_427' title='bbox 1064 5309 1365 5378; x_wconf 85' lang='grc' dir='ltr'>οὐδετέρων</span> <span class='ocrx_word' id='word_1_428' title='bbox 1403 5308 1716 5373; x_wconf 76' lang='grc' dir='ltr'>ἐπαΐοντας,</span> <span class='ocrx_word' id='word_1_429' title='bbox 1739 5309 1839 5376; x_wconf 83' lang='grc' dir='ltr'>οὐχ</span> <span class='ocrx_word' id='word_1_430' title='bbox 1869 5310 2016 5370; x_wconf 82' lang='grc' dir='ltr'>ὅπως</span> 
     </span>
    </p>
   </div>
   <div class='ocr_carea' id='block_1_57' title="bbox 443 5398 2005 5470">
    <p class='ocr_par' dir='ltr' id='par_1_57' title="bbox 443 5398 2005 5470">
     <span class='ocr_line' id='line_1_57' title="bbox 443 5398 2005 5470; baseline 0.001 -20"><span class='ocrx_word' id='word_1_431' title='bbox 443 5400 647 5468; x_wconf 88' lang='grc' dir='ltr'>κρίνειν</span> <span class='ocrx_word' id='word_1_432' title='bbox 682 5401 908 5463; x_wconf 78' lang='grc' dir='ltr'>ἑαυτοὺς</span> <span class='ocrx_word' id='word_1_433' title='bbox 939 5401 1295 5470; x_wconf 84' lang='grc' dir='ltr'>δυναμένους,</span> <span class='ocrx_word' id='word_1_434' title='bbox 1322 5399 1359 5452; x_wconf 83' lang='grc' dir='ltr'>ἀ</span> <span class='ocrx_word' id='word_1_435' title='bbox 1396 5399 1453 5451; x_wconf 81' lang='grc' dir='ltr'>δὲ</span> <span class='ocrx_word' id='word_1_436' title='bbox 1483 5398 1698 5452; x_wconf 80' lang='grc' dir='ltr'>οἴκοθεν</span> <span class='ocrx_word' id='word_1_437' title='bbox 1738 5400 2005 5469; x_wconf 81' lang='grc' dir='ltr'>ἐφευρίσ-</span> 
     </span>
    </p>
   </div>
   <div class='ocr_carea' id='block_1_58' title="bbox 441 5487 2018 5560">
    <p class='ocr_par' dir='ltr' id='par_1_58' title="bbox 441 5487 2018 5560">
     <span class='ocr_line' id='line_1_58' title="bbox 441 5487 2018 5560; baseline 0.002 -20"><span class='ocrx_word' id='word_1_438' title='bbox 441 5505 556 5540; x_wconf 89' lang='grc' dir='ltr'>κειν</span> <span class='ocrx_word' id='word_1_439' title='bbox 590 5489 866 5560; x_wconf 87' lang='grc' dir='ltr'>αὐχοῦσιν,</span> <span class='ocrx_word' id='word_1_440' title='bbox 901 5490 1023 5544; x_wconf 81' lang='grc' dir='ltr'>οὐδέ</span> <span class='ocrx_word' id='word_1_441' title='bbox 1070 5490 1277 5559; x_wconf 85' lang='grc' dir='ltr'>ἀμείνω</span> <span class='ocrx_word' id='word_1_442' title='bbox 1310 5489 1419 5541; x_wconf 87' lang='grc' dir='ltr'>τῶν</span> <span class='ocrx_word' id='word_1_443' title='bbox 1468 5487 1770 5557; x_wconf 84' lang='grc' dir='ltr'>ποιητικῶν</span> <span class='ocrx_word' id='word_1_444' title='bbox 1831 5489 2018 5556; x_wconf 86' lang='grc' dir='ltr'>μύθων</span> 
     </span>
    </p>
   </div>
   <div class='ocr_carea' id='block_1_59' title="bbox 440 5578 2017 5652">
    <p class='ocr_par' dir='ltr' id='par_1_59' title="bbox 440 5578 2017 5652">
     <span class='ocr_line' id='line_1_59' title="bbox 440 5578 2017 5652; baseline 0.002 -21"><span class='ocrx_word' id='word_1_445' title='bbox 440 5580 816 5648; x_wconf 81' lang='grc' dir='ltr'>εὑρίσκοντας,</span> <span class='ocrx_word' id='word_1_446' title='bbox 868 5583 954 5636; x_wconf 83' lang='grc' dir='ltr'>ἵνα</span> <span class='ocrx_word' id='word_1_447' title='bbox 1005 5582 1080 5652; x_wconf 83' lang='grc' dir='ltr'>μὴ</span> <span class='ocrx_word' id='word_1_448' title='bbox 1121 5582 1266 5650; x_wconf 85' lang='grc' dir='ltr'>λέγω</span> <span class='ocrx_word' id='word_1_449' title='bbox 1307 5578 1369 5633; x_wconf 74' lang='grc' dir='ltr'>τὸ</span> <span class='ocrx_word' id='word_1_450' title='bbox 1416 5580 1619 5650; x_wconf 85' lang='grc' dir='ltr'>χεῖρον,</span> <span class='ocrx_word' id='word_1_451' title='bbox 1653 5578 1745 5642; x_wconf 81' lang='grc' dir='ltr'>οὓς</span> <span class='ocrx_word' id='word_1_452' title='bbox 1794 5581 1889 5632; x_wconf 79' lang='grc' dir='ltr'>ἐπὶ</span> <span class='ocrx_word' id='word_1_453' title='bbox 1918 5580 2017 5650; x_wconf 84' lang='grc' dir='ltr'>τῆς</span> 
     </span>
    </p>
   </div>
   <div class='ocr_carea' id='block_1_60' title="bbox 436 5669 2015 5745">
    <p class='ocr_par' dir='ltr' id='par_1_60' title="bbox 436 5669 2015 5745">
     <span class='ocr_line' id='line_1_60' title="bbox 436 5669 2015 5745; baseline 0.001 -19"><span class='ocrx_word' id='word_1_454' title='bbox 436 5672 829 5744; x_wconf 70' lang='grc' dir='ltr'>ταλασιεργίας</span> <span class='ocrx_word' id='word_1_455' title='bbox 866 5674 1282 5745; x_wconf 86' lang='grc' dir='ltr'>συμπλάττουσι</span> <span class='ocrx_word' id='word_1_456' title='bbox 1312 5672 1379 5725; x_wconf 84' lang='grc' dir='ltr'>τά</span> <span class='ocrx_word' id='word_1_457' title='bbox 1414 5672 1637 5742; x_wconf 82' lang='grc' dir='ltr'>γραῒδια</span> <span class='ocrx_word' id='word_1_458' title='bbox 1662 5686 1677 5702; x_wconf 74' lang='grc'><strong><em>⁸</em></strong></span> <span class='ocrx_word' id='word_1_459' title='bbox 1720 5669 1755 5725; x_wconf 78' lang='grc' dir='ltr'>ἃ</span> <span class='ocrx_word' id='word_1_460' title='bbox 1780 5672 1836 5724; x_wconf 83' lang='grc' dir='ltr'>δὲ</span> <span class='ocrx_word' id='word_1_461' title='bbox 1872 5673 2015 5727; x_wconf 87' lang='grc' dir='ltr'>κατά</span> 
     </span>
    </p>
   </div>
   <div class='ocr_carea' id='block_1_61' title="bbox 435 5757 2024 5835">
    <p class='ocr_par' dir='ltr' id='par_1_61' title="bbox 435 5757 2024 5835">
     <span class='ocr_line' id='line_1_61' title="bbox 435 5757 2024 5835; baseline -0.001 -17"><span class='ocrx_word' id='word_1_462' title='bbox 435 5767 545 5820; x_wconf 84' lang='grc' dir='ltr'>τῶν</span> <span class='ocrx_word' id='word_1_463' title='bbox 581 5768 799 5820; x_wconf 80' lang='grc' dir='ltr'>οἰκείων</span> <span class='ocrx_word' id='word_1_464' title='bbox 834 5768 1117 5835; x_wconf 86' lang='grc' dir='ltr'>προγόνων</span> <span class='ocrx_word' id='word_1_465' title='bbox 1171 5766 1393 5834; x_wconf 74' lang='grc' dir='ltr'>καὶτῆς</span> <span class='ocrx_word' id='word_1_466' title='bbox 1447 5765 1672 5821; x_wconf 87' lang='grc' dir='ltr'>ἐκείνων</span> <span class='ocrx_word' id='word_1_467' title='bbox 1716 5757 2024 5819; x_wconf 82' lang='grc' dir='ltr'>ἀπαυθαδί-’</span> 
     </span>
    </p>
   </div>
   <div class='ocr_carea' id='block_1_62' title="bbox 798 5883 1441 5945">
    <p class='ocr_par' dir='ltr' id='par_1_62' title="bbox 798 5883 1441 5945">
     <span class='ocr_line' id='line_1_62' title="bbox 798 5883 1441 5945; baseline 0.003 -2"><span class='ocrx_word' id='word_1_468' title='bbox 798 5883 1062 5944; x_wconf 72' lang='grc' dir='ltr'>ΡΑτιιοῐ..</span> <span class='ocrx_word' id='word_1_469' title='bbox 1097 5884 1213 5944; x_wconf 79' lang='lat' dir='ltr'>Gn.</span> <span class='ocrx_word' id='word_1_470' title='bbox 1262 5883 1441 5945; x_wconf 80' lang='lat' dir='ltr'>CLX.</span> 
     </span>
    </p>
   </div>
   <div class='ocr_carea' id='block_1_63' title="bbox 2122 4578 3703 4652">
    <p class='ocr_par' dir='ltr' id='par_1_63' title="bbox 2122 4578 3703 4652">
     <span class='ocr_line' id='line_1_63' title="bbox 2122 4578 3703 4652; baseline 0.005 -23"><span class='ocrx_word' id='word_1_471' title='bbox 2122 4578 2399 4647; x_wconf 86' lang='grc' dir='ltr'>ἀποφῆναι</span> <span class='ocrx_word' id='word_1_472' title='bbox 2434 4581 2809 4648; x_wconf 74' lang='grc' dir='ltr'>μακαριστοὺς</span> <span class='ocrx_word' id='word_1_473' title='bbox 2844 4581 3218 4651; x_wconf 85' lang='grc' dir='ltr'>ἁποχρῶνται,</span> <span class='ocrx_word' id='word_1_474' title='bbox 3251 4582 3479 4652; x_wconf 80' lang='grc' dir='ltr'>ἀνδράσι</span> <span class='ocrx_word' id='word_1_475' title='bbox 3510 4600 3568 4635; x_wconf 88' lang='grc' dir='ltr'>τε</span> <span class='ocrx_word' id='word_1_476' title='bbox 3608 4585 3703 4637; x_wconf 74' lang='grc' dir='ltr'>καὶ</span> 
     </span>
    </p>
   </div>
   <div class='ocr_carea' id='block_1_64' title="bbox 2122 4669 3703 4745">
    <p class='ocr_par' dir='ltr' id='par_1_64' title="bbox 2122 4669 3703 4745">
     <span class='ocr_line' id='line_1_64' title="bbox 2122 4669 3703 4745; baseline 0.006 -25"><span class='ocrx_word' id='word_1_477' title='bbox 2122 4669 2471 4738; x_wconf 85' lang='grc' dir='ltr'>Χριστιανοῖς</span> <span class='ocrx_word' id='word_1_478' title='bbox 2528 4670 2809 4739; x_wconf 76' lang='grc' dir='ltr'>προσῆκον</span> <span class='ocrx_word' id='word_1_479' title='bbox 2874 4672 3360 4743; x_wconf 83' lang='grc' dir='ltr'>ἀναλαμϐάνοντες</span> <span class='ocrx_word' id='word_1_480' title='bbox 3422 4675 3703 4745; x_wconf 83' lang='grc' dir='ltr'>φρόνημα.</span> 
     </span>
    </p>
   </div>
   <div class='ocr_carea' id='block_1_65' title="bbox 2122 4760 3706 4838">
    <p class='ocr_par' dir='ltr' id='par_1_65' title="bbox 2122 4760 3706 4838">
     <span class='ocr_line' id='line_1_65' title="bbox 2122 4760 3706 4838; baseline 0.005 -26"><span class='ocrx_word' id='word_1_481' title='bbox 2122 4761 2186 4812; x_wconf 71' lang='lat' dir='ltr'>Oi.</span> <span class='ocrx_word' id='word_1_482' title='bbox 2223 4760 2279 4813; x_wconf 86' lang='grc' dir='ltr'>δὲ</span> <span class='ocrx_word' id='word_1_483' title='bbox 2312 4761 2445 4830; x_wconf 81' lang='grc' dir='ltr'>πρὸς</span> <span class='ocrx_word' id='word_1_484' title='bbox 2476 4760 2597 4830; x_wconf 86' lang='grc' dir='ltr'>βίαν</span> <span class='ocrx_word' id='word_1_485' title='bbox 2646 4762 2963 4827; x_wconf 73' lang='grc' dir='ltr'>ἐλπίζοντες</span> <span class='ocrx_word' id='word_1_486' title='bbox 2996 4768 3098 4828; x_wconf 82' lang='grc' dir='ltr'>τὰς</span> <span class='ocrx_word' id='word_1_487' title='bbox 3144 4766 3254 4819; x_wconf 85' lang='grc' dir='ltr'>τῶν</span> <span class='ocrx_word' id='word_1_488' title='bbox 3290 4767 3594 4838; x_wconf 79' lang='grc' dir='ltr'>ἀνθρώπων</span> <span class='ocrx_word' id='word_1_489' title='bbox 3623 4769 3706 4820; x_wconf 69' lang='grc' dir='ltr'>δό-</span> 
     </span>
    </p>
   </div>
   <div class='ocr_carea' id='block_1_66' title="bbox 2122 4853 3700 4929">
    <p class='ocr_par' dir='ltr' id='par_1_66' title="bbox 2122 4853 3700 4929">
     <span class='ocr_line' id='line_1_66' title="bbox 2122 4853 3700 4929; baseline 0.004 -26"><span class='ocrx_word' id='word_1_490' title='bbox 2122 4853 2218 4917; x_wconf 84' lang='grc' dir='ltr'>ξας</span> <span class='ocrx_word' id='word_1_491' title='bbox 2256 4856 2579 4921; x_wconf 83' lang='grc' dir='ltr'>μεταποιεῖν</span> <span class='ocrx_word' id='word_1_492' title='bbox 2610 4854 2832 4918; x_wconf 88' lang='grc' dir='ltr'>ἀσεϐεῖς</span> <span class='ocrx_word' id='word_1_493' title='bbox 2865 4858 3005 4910; x_wconf 91' lang='grc' dir='ltr'>είσιν</span> <span class='ocrx_word' id='word_1_494' title='bbox 3036 4856 3229 4921; x_wconf 80' lang='grc' dir='ltr'>ὅντως,</span> <span class='ocrx_word' id='word_1_495' title='bbox 3255 4858 3282 4910; x_wconf 85' lang='grc' dir='ltr'>ὃ</span> <span class='ocrx_word' id='word_1_496' title='bbox 3321 4860 3485 4926; x_wconf 83' lang='grc' dir='ltr'>μόνον</span> <span class='ocrx_word' id='word_1_497' title='bbox 3512 4861 3700 4929; x_wconf 62' lang='grc' dir='ltr'>σχεδὸν</span> 
     </span>
    </p>
   </div>
   <div class='ocr_carea' id='block_1_67' title="bbox 2120 4943 3701 5020">
    <p class='ocr_par' dir='ltr' id='par_1_67' title="bbox 2120 4943 3701 5020">
     <span class='ocr_line' id='line_1_67' title="bbox 2120 4943 3701 5020; baseline 0.005 -24"><span class='ocrx_word' id='word_1_498' title='bbox 2120 4946 2147 4996; x_wconf 89' lang='grc' dir='ltr'>ὁ</span> <span class='ocrx_word' id='word_1_499' title='bbox 2179 4943 2312 5007; x_wconf 72' lang='grc' dir='ltr'>Θεὸς</span> <span class='ocrx_word' id='word_1_500' title='bbox 2355 4945 2573 5015; x_wconf 79' lang='grc' dir='ltr'>ἀφῆκεν</span> <span class='ocrx_word' id='word_1_501' title='bbox 2611 4946 2900 5018; x_wconf 80' lang='grc' dir='ltr'>ἐλεύθερον</span> <span class='ocrx_word' id='word_1_502' title='bbox 2932 4952 2990 5002; x_wconf 85' lang='grc' dir='ltr'>ἐν</span> <span class='ocrx_word' id='word_1_503' title='bbox 3032 4949 3364 5020; x_wconf 80' lang='grc' dir='ltr'>ἀνθρώποις,</span> <span class='ocrx_word' id='word_1_504' title='bbox 3406 4951 3549 5004; x_wconf 82' lang='grc' dir='ltr'>τοῦτ’</span> <span class='ocrx_word' id='word_1_505' title='bbox 3578 4955 3701 5004; x_wconf 79' lang='grc' dir='ltr'>ἐπι-</span> 
     </span>
    </p>
   </div>
   <div class='ocr_carea' id='block_1_68' title="bbox 2121 5034 3703 5110">
    <p class='ocr_par' dir='ltr' id='par_1_68' title="bbox 2121 5034 3703 5110">
     <span class='ocr_line' id='line_1_68' title="bbox 2121 5034 3703 5110; baseline 0.003 -22"><span class='ocrx_word' id='word_1_506' title='bbox 2121 5034 2314 5106; x_wconf 84' lang='grc' dir='ltr'>κήροις</span> <span class='ocrx_word' id='word_1_507' title='bbox 2349 5037 2621 5104; x_wconf 85' lang='grc' dir='ltr'>ἀνάγκαις</span> <span class='ocrx_word' id='word_1_508' title='bbox 2687 5038 2780 5091; x_wconf 75' lang='grc' dir='ltr'>καὶ</span> <span class='ocrx_word' id='word_1_509' title='bbox 2830 5041 3253 5110; x_wconf 86' lang='grc' dir='ltr'>μορμολυκείοις</span> <span class='ocrx_word' id='word_1_510' title='bbox 3286 5041 3396 5093; x_wconf 73' lang='grc' dir='ltr'>τισὶ</span> <span class='ocrx_word' id='word_1_511' title='bbox 3434 5042 3703 5094; x_wconf 79' lang='grc' dir='ltr'>καταδου-</span> 
     </span>
    </p>
   </div>
   <div class='ocr_carea' id='block_1_69' title="bbox 2120 5116 3700 5200">
    <p class='ocr_par' dir='ltr' id='par_1_69' title="bbox 2120 5116 3700 5200">
     <span class='ocr_line' id='line_1_69' title="bbox 2120 5116 3700 5200; baseline 0.006 -22"><span class='ocrx_word' id='word_1_512' title='bbox 2120 5125 2346 5179; x_wconf 87' lang='grc' dir='ltr'>λοῦσθαι</span> <span class='ocrx_word' id='word_1_513' title='bbox 2395 5129 2750 5198; x_wconf 83' lang='grc' dir='ltr'>πειρὼμενοι.</span> <span class='ocrx_word' id='word_1_514' title='bbox 2784 5131 2893 5183; x_wconf 71' lang='grc' dir='ltr'>Καὶ</span> <span class='ocrx_word' id='word_1_515' title='bbox 2940 5131 3076 5200; x_wconf 85' lang='grc' dir='ltr'>πρὸς</span> <span class='ocrx_word' id='word_1_516' title='bbox 3112 5132 3323 5193; x_wconf 83' lang='grc' dir='ltr'>τούτοις</span> <span class='ocrx_word' id='word_1_517' title='bbox 3346 5116 3457 5200; x_wconf 45' lang='grc' dir='ltr'>’τὴν</span> <span class='ocrx_word' id='word_1_518' title='bbox 3487 5133 3700 5187; x_wconf 80' lang='grc' dir='ltr'>ἑαυτῶν</span> 
     </span>
    </p>
   </div>
   <div class='ocr_carea' id='block_1_70' title="bbox 2120 5214 3701 5292">
    <p class='ocr_par' dir='ltr' id='par_1_70' title="bbox 2120 5214 3701 5292">
     <span class='ocr_line' id='line_1_70' title="bbox 2120 5214 3701 5292; baseline 0.007 -26"><span class='ocrx_word' id='word_1_519' title='bbox 2120 5214 2437 5285; x_wconf 80' lang='grc' dir='ltr'>ἐλέγχουσιν</span> <span class='ocrx_word' id='word_1_520' title='bbox 2468 5220 2755 5286; x_wconf 84' lang='grc' dir='ltr'>ἁστασίαν,</span> <span class='ocrx_word' id='word_1_521' title='bbox 2787 5220 3002 5274; x_wconf 82' lang='grc' dir='ltr'>ὅτιτῶν</span> <span class='ocrx_word' id='word_1_522' title='bbox 3039 5221 3413 5292; x_wconf 88' lang='grc' dir='ltr'>ἀνελευθέρως</span> <span class='ocrx_word' id='word_1_523' title='bbox 3450 5224 3543 5275; x_wconf 74' lang='grc' dir='ltr'>καὶ</span> <span class='ocrx_word' id='word_1_524' title='bbox 3578 5222 3701 5292; x_wconf 83' lang='grc' dir='ltr'>βιά-</span> 
     </span>
    </p>
   </div>
   <div class='ocr_carea' id='block_1_71' title="bbox 2121 5303 3699 5387">
    <p class='ocr_par' dir='ltr' id='par_1_71' title="bbox 2121 5303 3699 5387">
     <span class='ocr_line' id='line_1_71' title="bbox 2121 5303 3699 5387; baseline 0.008 -31"><span class='ocrx_word' id='word_1_525' title='bbox 2121 5303 2313 5369; x_wconf 79' lang='grc' dir='ltr'>ζεσθαι</span> <span class='ocrx_word' id='word_1_526' title='bbox 2357 5308 2673 5376; x_wconf 82' lang='grc' dir='ltr'>δυναμένων</span> <span class='ocrx_word' id='word_1_527' title='bbox 2722 5311 2848 5376; x_wconf 71' lang='grc' dir='ltr'>είσὶ,</span> <span class='ocrx_word' id='word_1_528' title='bbox 2882 5311 2977 5364; x_wconf 73' lang='grc' dir='ltr'>καὶ</span> <span class='ocrx_word' id='word_1_529' title='bbox 3008 5313 3106 5380; x_wconf 81' lang='grc' dir='ltr'>τὴν</span> <span class='ocrx_word' id='word_1_530' title='bbox 3154 5315 3211 5366; x_wconf 82' lang='grc' dir='ltr'>ἐν</span> <span class='ocrx_word' id='word_1_531' title='bbox 3246 5316 3310 5385; x_wconf 79' lang='grc' dir='ltr'>τῇ</span> <span class='ocrx_word' id='word_1_532' title='bbox 3354 5313 3503 5387; x_wconf 72' lang='grc' dir='ltr'>ψυχῇ</span> <span class='ocrx_word' id='word_1_533' title='bbox 3541 5314 3699 5381; x_wconf 80' lang='grc' dir='ltr'>δόξαν</span> 
     </span>
    </p>
   </div>
   <div class='ocr_carea' id='block_1_72' title="bbox 2122 5398 3702 5474">
    <p class='ocr_par' dir='ltr' id='par_1_72' title="bbox 2122 5398 3702 5474">
     <span class='ocr_line' id='line_1_72' title="bbox 2122 5398 3702 5474; baseline 0.006 -24"><span class='ocrx_word' id='word_1_534' title='bbox 2122 5398 2227 5451; x_wconf 79' lang='grc' dir='ltr'>ὑπό</span> <span class='ocrx_word' id='word_1_535' title='bbox 2254 5398 2407 5461; x_wconf 82' lang='grc' dir='ltr'>δέους</span> <span class='ocrx_word' id='word_1_536' title='bbox 2455 5400 2489 5469; x_wconf 77' lang='grc' dir='ltr'><strong>ἦ</strong></span> <span class='ocrx_word' id='word_1_537' title='bbox 2522 5416 2664 5463; x_wconf 87' lang='grc' dir='ltr'>τινος</span> <span class='ocrx_word' id='word_1_538' title='bbox 2690 5402 2904 5466; x_wconf 80' lang='grc' dir='ltr'>ἐλπίδος</span> <span class='ocrx_word' id='word_1_539' title='bbox 2937 5404 3249 5473; x_wconf 84' lang='grc' dir='ltr'>προΐεσθαι.</span> <span class='ocrx_word' id='word_1_540' title='bbox 3293 5405 3437 5474; x_wconf 86' lang='grc' dir='ltr'>Ἐγὼ</span> <span class='ocrx_word' id='word_1_541' title='bbox 3466 5407 3510 5459; x_wconf 82' lang='grc' dir='ltr'>δ’</span> <span class='ocrx_word' id='word_1_542' title='bbox 3535 5409 3584 5459; x_wconf 84' lang='grc' dir='ltr'>εἰ</span> <span class='ocrx_word' id='word_1_543' title='bbox 3608 5409 3702 5460; x_wconf 84' lang='grc' dir='ltr'>καὶ</span> 
     </span>
    </p>
   </div>
   <div class='ocr_carea' id='block_1_73' title="bbox 2119 5490 3697 5568">
    <p class='ocr_par' dir='ltr' id='par_1_73' title="bbox 2119 5490 3697 5568">
     <span class='ocr_line' id='line_1_73' title="bbox 2119 5490 3697 5568; baseline 0.004 -25"><span class='ocrx_word' id='word_1_544' title='bbox 2119 5490 2409 5562; x_wconf 77' lang='grc' dir='ltr'>πόρρωθεν</span> <span class='ocrx_word' id='word_1_545' title='bbox 2438 5492 2537 5562; x_wconf 84' lang='grc' dir='ltr'>τῆς</span> <span class='ocrx_word' id='word_1_546' title='bbox 2565 5492 2673 5547; x_wconf 83' lang='grc' dir='ltr'>τῶν</span> <span class='ocrx_word' id='word_1_547' title='bbox 2701 5494 2963 5548; x_wconf 83' lang='grc' dir='ltr'>τοιούτων</span> <span class='ocrx_word' id='word_1_548' title='bbox 2987 5495 3219 5566; x_wconf 80' lang='grc' dir='ltr'>μελέτης</span> <span class='ocrx_word' id='word_1_549' title='bbox 3249 5497 3431 5561; x_wconf 82' lang='grc' dir='ltr'>ἄλλοις</span> <span class='ocrx_word' id='word_1_550' title='bbox 3450 5498 3697 5568; x_wconf 74' lang='grc' dir='ltr'>ἐξέστην,</span> 
     </span>
    </p>
   </div>
   <div class='ocr_carea' id='block_1_74' title="bbox 2120 5583 3697 5661">
    <p class='ocr_par' dir='ltr' id='par_1_74' title="bbox 2120 5583 3697 5661">
     <span class='ocr_line' id='line_1_74' title="bbox 2120 5583 3697 5661; baseline 0.005 -25"><span class='ocrx_word' id='word_1_551' title='bbox 2120 5584 2181 5636; x_wconf 82' lang='grc' dir='ltr'>τὸ</span> <span class='ocrx_word' id='word_1_552' title='bbox 2213 5583 2392 5637; x_wconf 85' lang='grc' dir='ltr'>δοκεῖν</span> <span class='ocrx_word' id='word_1_553' title='bbox 2420 5601 2530 5636; x_wconf 87' lang='grc' dir='ltr'>τισι</span> <span class='ocrx_word' id='word_1_554' title='bbox 2559 5587 2906 5655; x_wconf 79' lang='grc' dir='ltr'>πραγμάτων</span> <span class='ocrx_word' id='word_1_555' title='bbox 2934 5589 3224 5659; x_wconf 73' lang='grc' dir='ltr'>ἐπιθυμεῖν</span> <span class='ocrx_word' id='word_1_556' title='bbox 3266 5591 3697 5661; x_wconf 80' lang='grc' dir='ltr'>ἐκτρεπόμενος,</span> 
     </span>
    </p>
   </div>
   <div class='ocr_carea' id='block_1_75' title="bbox 2121 5673 3704 5753">
    <p class='ocr_par' dir='ltr' id='par_1_75' title="bbox 2121 5673 3704 5753">
     <span class='ocr_line' id='line_1_75' title="bbox 2121 5673 3704 5753; baseline 0.004 -24"><span class='ocrx_word' id='word_1_557' title='bbox 2121 5673 2304 5738; x_wconf 76' lang='grc' dir='ltr'>ἄλλως</span> <span class='ocrx_word' id='word_1_558' title='bbox 2348 5692 2409 5728; x_wconf 86' lang='grc' dir='ltr'>τε</span> <span class='ocrx_word' id='word_1_559' title='bbox 2440 5676 2534 5730; x_wconf 78' lang='grc' dir='ltr'>καὶ</span> <span class='ocrx_word' id='word_1_560' title='bbox 2562 5676 2660 5745; x_wconf 84' lang='grc' dir='ltr'>τῆς</span> <span class='ocrx_word' id='word_1_561' title='bbox 2694 5676 2791 5729; x_wconf 86' lang='grc' dir='ltr'>τοῦ</span> <span class='ocrx_word' id='word_1_562' title='bbox 2819 5678 3000 5747; x_wconf 84' lang='grc' dir='ltr'>λέγειν</span> <span class='ocrx_word' id='word_1_563' title='bbox 3042 5681 3233 5750; x_wconf 83' lang='grc' dir='ltr'>χρείας</span> <span class='ocrx_word' id='word_1_564' title='bbox 3259 5682 3441 5735; x_wconf 88' lang='grc' dir='ltr'>οὐκέτι</span> <span class='ocrx_word' id='word_1_565' title='bbox 3492 5685 3704 5753; x_wconf 80' lang='grc' dir='ltr'>παρού-</span> 
     </span>
    </p>
   </div>
   <div class='ocr_carea' id='block_1_76' title="bbox 2123 5766 3703 5846">
    <p class='ocr_par' dir='ltr' id='par_1_76' title="bbox 2123 5766 3703 5846">
     <span class='ocr_line' id='line_1_76' title="bbox 2123 5766 3703 5846; baseline 0.006 -27"><span class='ocrx_word' id='word_1_566' title='bbox 2123 5783 2246 5836; x_wconf 73' lang='grc' dir='ltr'>σης,</span> <span class='ocrx_word' id='word_1_567' title='bbox 2278 5766 2373 5822; x_wconf 78' lang='grc' dir='ltr'>καί</span> <span class='ocrx_word' id='word_1_568' title='bbox 2420 5769 2557 5841; x_wconf 78' lang='grc' dir='ltr'>πρὸς</span> <span class='ocrx_word' id='word_1_569' title='bbox 2611 5767 2787 5841; x_wconf 81' lang='grc' dir='ltr'>τούτῳ</span> <span class='ocrx_word' id='word_1_570' title='bbox 2826 5772 3042 5828; x_wconf 77' lang='grc' dir='ltr'>σύνοιδα</span> <span class='ocrx_word' id='word_1_571' title='bbox 3078 5774 3302 5846; x_wconf 80' lang='grc' dir='ltr'>ἐμαυτῷ</span> <span class='ocrx_word' id='word_1_572' title='bbox 3345 5776 3456 5831; x_wconf 86' lang='grc' dir='ltr'>τῶν</span> <span class='ocrx_word' id='word_1_573' title='bbox 3506 5794 3703 5831; x_wconf 84' lang='grc' dir='ltr'>πεπαι-</span> 
     </span>
    </p>
   </div>
   <div class='ocr_carea' id='block_1_77' title="bbox 3319 5897 3394 5958">
    <p class='ocr_par' dir='ltr' id='par_1_77' title="bbox 3319 5897 3394 5958">
     <span class='ocr_line' id='line_1_77' title="bbox 3319 5897 3394 5958; baseline 0.04 -3"><span class='ocrx_word' id='word_1_574' title='bbox 3319 5897 3394 5958; x_wconf 77' lang='lat'>21</span> 
     </span>
    </p>
   </div>
  </div>
