4062 6410
387 363 490 424 651

1445 364 1821 427 GENNADII
1848 364 1966 427 'CP.
2013 364 2525 426 PATRIARCILE

3533 368 3652 433 οδε

384 473 666 543 δευμένων
702 472 856 545 ὑμῶν
883 473 1035 529 οὐδὲν
1072 474 1249 546 ἔχοντι
1292 475 1477 541 πλέον,
1523 477 1554 530 δ
1593 479 1660 548 δὴ
1705 485 1799 533 καὶ
1836 478 1965 542 τοὺς
1995 484 2039 540 Α
2066 477 2131 530 οὐ
2166 476 2279 547 γὰρ
2308 476 2376 546 δὴ
2411 477 2593 548 μάτην
2621 476 2768 531 οὕτω
2804 475 3099 533 διέστελλε.
3131 460 3245 549 Τῆς
3294 478 3520 552 Γραφῆς
3536 482 3650 536 τοί-

385 569 696 631 ἀντιθέτους
718 564 836 622 οῖδα
862 565 1276 639 ψηφιζομένους
1305 569 1436 639 περὶ
1469 573 1631 640 ἐμοῦ.
1659 567 1737 625 ὧν
1762 572 1967 641 ἀμφοῖν

383 662 552 714 ἓνεκα
605 662 786 732 σιωπῇ
823 659 1105 731 παρῆλθον
1134 661 1203 715 ἄν
1260 677 1353 713 σου
1410 661 1511 733 τὴν
1553 661 1772 716 πεῦσιν.
1825 664 1970 733 Πρὸς

383 755 454 822 ἦν
495 771 557 820 γε
616 754 924 824 μηδετέραν
974 753 1205 806 τουτωνὶ
1267 753 1376 805 τῶν
1430 754 1761 823 προφάσεων
1814 756 1969 825 ίσχῦν

384 845 535 915 ἔχειν
565 845 816 912 ἐνόμισα,
851 844 1008 914 φίλος
1040 846 1150 916 γὰρ
1176 838 1228 898 εἷ
1254 847 1433 916 σαφὴς
1460 848 1518 899 ἐν
1550 850 1663 910 τοῖς
1691 845 1933 916 πρώτοις
1954 864 1970 879 ο

384 938 507 991 ὅθεν
545 935 672 990 οὔτε
716 935 1030 1006 μέμψεσθαι
1064 940 1261 1006 φήσεις
1310 937 1561 1001 τοιοῦτος
1591 937 1690 1005 ὣν,
1726 940 1781 993 εί
1801 940 1856 991 τί
1883 957 1970 993 σοι

385 1031 487 1100 τῆς
520 1029 835 1091 ὑποθέσεως
872 1028 967 1081 καὶ
995 1027 1104 1082 τῶν
1148 1030 1385 1083 ἐλπίδων
1431 1030 1657 1084 ἔλαττον
1691 1034 1868 1085 εἰπεῖν
1903 1050 1969 1094 με

386 1122 660 1190 συμϐαίη,
691 1121 789 1174 καὶ
817 1120 878 1173 rb
914 1120 1153 1174 κίνδυνόν
1184 1139 1308 1175 τινα
1331 1122 1586 1176 ὑπελθεῖν
1614 1122 1690 1186 ώς
1727 1124 1793 1178 ἄν
1816 1124 1869 1177 τί
1887 1141 1970 1177 σοι

386 1211 729 1283 χαρισαίμην
778 1208 887 1262 τῶν
923 1211 1262 1277 ἀναγκαίων,
1292 1211 1367 1275 ὡς
1419 1213 1580 1283 χρέος
1614 1212 1683 1265 ἂν
1730 1214 1972 1283 ἀπαιτή-

393 1319 566 1365 σειας.
594 1301 728 1356 Οὐδέ
761 1303 889 1372 μιᾶς
932 1320 1022 1370 μοι
1054 1303 1239 1354 τοίνυν
1272 1303 1589 1373 ἀποφυγῆς,
1623 1303 1767 1358 ἐκὼν
1818 1306 1972 1359 ἄκων

394 1394 700 1462 ὐφίσταμαί
732 1410 815 1445 σοι
844 1392 905 1445 τὸ
937 1393 1121 1463 ἔργον.
1161 1388 1258 1456 Οἷς
1283 1394 1383 1447 οὐκ
1410 1395 1640 1464 ἀρέσκει
1674 1395 1703 1447 ὃ
1730 1413 1789 1449 τε
1811 1396 1970 1464 λόγος

393 1485 489 1539 καὶ
518 1485 586 1537 τὰ
620 1485 678 1537 ἐν
708 1483 858 1553 αὐτῷ
890 1485 1068 1538 πάντα
1103 1484 1282 1553 μέλει,
1322 1489 1370 1540 εί
1405 1485 1635 1557 μελήσει
1664 1504 1729 1556 γε
1758 1488 1972 1552 τούτοις

390 1577 717 1633 καὶτούτων
736 1577 898 1631 ἕνεκα
920 1577 1139 1631 διώκειν
1165 1580 1334 1648 ἡμᾶς,
1365 1579 1458 1633 καὶ
1484 1578 1673 1642 κακῶς
1697 1596 1754 1633 τι
1772 1583 1973 1646 ποιεῖν,

391 1670 506 1724 ἀλλ’
536 1673 670 1742 ἡμῖν
701 1672 800 1741 μὲν
829 1671 925 1725 καὶ
953 1664 1029 1725 ὧν
1049 1674 1314 1738 πράττειν
1347 1671 1666 1742 μέλλουσιν,
1688 1673 1970 1742 οὐδαμῶς,

388 1763 484 1819 τοῦ
514 1764 595 1829 δέ,
626 1764 688 1818 rb
715 1764 835 1818 δέον
875 1763 1024 1819 ἆτιαν
1060 1766 1258 1831 ποιεῖν,
1296 1764 1399 1818 κᾶν
1435 1766 1547 1836 ἐπῇ
1580 1781 1666 1830 τις
1699 1765 1969 1831 κίνδυνος,

2071 584 2168 620 νυν
2194 564 2336 621 οὕτω
2362 566 2805 638 διαστελλούσης,
2847 568 3121 639 τολμηρόν
3149 570 3298 625 ἐστιν
3337 572 3485 640 ἡμᾶς
3541 588 3649 642 μη-

2060 657 2160 710 ·δέν
2184 655 2466 726 διαφέρειν
2498 658 2709 713 οῖεσθαι
2737 657 2800 712 rb
2824 658 3052 729 Πνεῦμα
3071 675 3133 712 τε
3165 660 3302 714 Υίοῦ
3333 662 3531 728 είπεῖν,
3554 664 3650 717 καὶ

2074 748 2301 819 Πνεῦμα
2332 750 2397 803 ἐκ
2426 749 2521 802 τοῦ
2551 748 2704 814 Υίοῦ,
2733 749 2873 804 ἀλλὰ
2896 750 2978 804 δεῖ
2996 751 3104 804 τῶν
3135 752 3426 822 γραφικῶν
3454 753 3653 817 λέξεων

2072 841 2368 910 ἐχομένους
2398 841 2488 894 ἐπ’
2517 842 2712 902 αὐταῖς
2741 843 2836 895 τὸν
2868 843 2968 912 τῆς
3017 844 3255 907 πίστεως
3292 844 3483 901 τοῦτον
3533 845 3653 916 δρό-

2076 947 2176 1000 μον
2200 930 2407 994 ἀνύειν,
2437 932 2543 994 ἔως
2569 930 2637 985 ἂν
2661 933 2799 1002 ημῖν
2831 936 2894 985 τὸ
2919 931 3130 985 τέλειον
3156 933 3546 1005 ἀποκαλυφθῇ.
3578 935 3652 988 Οὐ
3758 991 3763 995 ,

2074 1023 2183 1090 γὰρ
2221 1022 2386 1090 ἡμεῖς
2416 1022 2511 1075 τοῦ
2543 1039 2606 1090 γε
2628 1021 2940 1091 ’Δγὰθωνος
2963 1027 3166 1093 πάππα
3187 1024 3584 1095 εὐσεϐέστεροι,
3617 1025 3650 1095 ἢ

2074 1113 2175 1182 τῆς
2203 1116 2484 1186 γραφικῆς
2521 1114 2761 1180 διανοίας
2795 1115 3209 1185 ἐπιϐολώτεροι,
3243 1116 3302 1179 δς
3325 1117 3382 1169 ἐν
3411 1119 3477 1188 τῇ
3516 1117 3652 1187 πρὸς

2075 1204 2335 1276 βασιλέας
2368 1206 2556 1274 ἔλεγεν
2586 1207 2871 1278 ἐπιστολῇ,
2911 1208 3025 1269 τοῖς
3063 1207 3159 1259 ἐπὶ
3186 1209 3284 1276 τῆς
3311 1206 3496 1277 ,ἕκτης
3531 1225 3657 1261 συν-

2074 1299 2194 1350 όδου
2221 1299 2469 1368 Πατράσι
2504 1298 2804 1369 σύγχρονος
2851 1296 2951 1360 ὢν,
2991 1298 3052 1351 ἓν
3087 1298 3365 1367 ἐξαίρετον
3408 1298 3495 1351 διὰ
3521 1315 3659 1365 παν-

2073 1393 2166 1452 rb;
2193 1392 2338 1461 ἒχειν
2393 1391 2677 1460 εὐχόμενοι
2728 1392 2820 1444 καὶ
2878 1390 3297 1456 σπουδάζοντες,
3339 1390 3428 1445 ῖνα
3488 1389 3656 1461 μηδὲν

2076 1482 2231 1552 παρὰ
2277 1480 2345 1535 τὰ
2376 1474 2680 1545 κανονικῶς
2712 1480 2999 1551 ὡρισμένα
3069 1480 3302 1551 μειωθῇ,
3335 1480 3507 1550 μηδὲν
3560 1481 3657 1534 ἀλ-

2076 1575 2241 1646 λαγῇ,
2275 1575 2310 1646 ἦ
2344 1575 2638 1647 προστεθῇ.
2674 1576 2811 1630 ἀλλὰ
2830 1575 3001 1630 ταῦτα
3033 1578 3129 1630 καὶ
3163 1578 3374 1646 ῥήμασι
3400 1574 3497 1629 καὶ
3526 1574 3658 1646 νοή-

2079 1684 2246 1738 μασιν
2276 1667 2650 1741 ἀπαράτρωτα
2681 1660 3054 1741 φυλαχθῶσιν.

2072 1740 2083 1753 ’
2158 1756 2218 1813 Ὅ
2247 1758 2306 1813 δέ
2346 1740 2520 1829 μέγας
2556 1756 2859 1825 Βασίλειος,
2913 1775 2934 1811 ε
2990 1754 3267 1822 Εὐσεϐοῦς
3309 1759 3450 1822 ἐστι,
3496 1755 3654 1826 φησὶ,

391 1856 722 1928 μέλει.Δεῖν
770 1856 830 1910 δέ
865 1857 922 1909 ἐν
955 1854 1033 1926 τῷ
1083 1828 1251 1926 φωτὶ⁷
1279 1828 1701 1926 καταγγέλλειν,
1748 1857 1842 1913 καὶ
2001 1828 2051 1890 Β
2074 1849 2313 1916 διανοίας
2350 1828 2437 1907 τα
2472 1850 2940 1921 ἀποσιωπηθέντα
2967 1852 3025 1904 ἐν
3055 1852 3177 1913 ταῖς
3213 1851 3460 1921 Γραφαῖς
3497 1849 3658 1902 εὐλα-

387 1947 499 2001 τῶν
528 1947 802 2017 δωμάτων
832 1949 979 2018 ἆπερ
1028 1948 1216 2018 ἡρέμα
1240 1964 1304 2001 τε
1350 1950 1450 2002 καὶ⁵
1485 1948 1770 2019 μυστικῶς
1797 1951 1976 2005 ἐδιδά-

388 2041 623 2112 χθημεν,
653 2040 807 2096 οὐδὲν
839 2039 896 2093 δέ
923 2040 1170 2104 δεδιότας
1214 2040 1326 2094 ἀπὸ
1353 2040 1465 2095 τῶν
1492 2041 1553 2094 rb
1588 2039 1752 2111 σῶμα
1774 2040 1977 2113 λυμαι-

386 2131 658 2202 νομένων,
688 2129 791 2201 τῆς
828 2129 886 2183 δέ
918 2130 1100 2200 ψυχῆς
1145 2129 1409 2199 οὐδεμίαν
1454 2129 1691 2202 ἐχόντων
1738 2129 1976 2201 δύναμιν

386 2223 684 2288 ἇπτεσθαι,
716 2222 965 2277 διδάσκει
998 2222 1098 2293 μὲν
1127 2225 1156 2277 6
1183 2223 1469 2294 Δεσπότης
1498 2222 1882 2294 ήμῶν’,ἐνάγει
1913 2224 1971 2278 δι

387 2319 417 2371 6
444 2307 657 2381 Παῦλος
682 2314 764 2387 τῷ
789 2317 913 2370 καθ’
946 2316 1143 2369 ἐαυτὸν
1174 2300 1566 2385 ὑποδείγματι,
1599 2307 1644 2383 ᾧ
1677 2314 1755 2369 διε
1766 2317 1975 2387 μαρτύο

389 2425 518 2481 ρετο
571 2410 672 2480 μὲν
711 2408 773 2462 rb
822 2407 1053 2478 Πνεῦμα
1081 2409 1264 2477 λέγειν,
1294 2408 1380 2462 ὅτι
1412 2407 1592 2477 δεσμὰ
1623 2408 1717 2463 καὶ
1761 2408 1974 2479 θλίψεις

386 2503 551 2556 αὐτδν
583 2502 809 2573 μένουσι
852 2503 998 2557 κατὰ
1045 2501 1226 2564 πόλιν,
1257 2501 1449 2556 Πάντα
1489 2500 1550 2555 δέ
1577 2499 1759 2556 ταῦτα
1789 2500 1974 2572 κοῦφα

358 2588 567 2649 ’ἐδόκει
597 2610 611 2629 ο
648 2593 877 2660 υύδενδς
904 2594 1040 2666 γὰρ,
1069 2594 1226 2666 φησὶ,
1256 2594 1416 2665 λόγον
1466 2594 1649 2649 αὐτῶν
1682 2593 1969 2664 ποιοῦμαι.

385 2687 597 2758 Μηδενὶ
659 2686 795 2756 γοῦν
863 2687 974 2743 τῶν
1022 2687 1239 2759 ἐχθρῶν
1286 2687 1548 2758 φορτικὸν
1590 2686 1842 2750 δοκείτω,
1892 2684 1975 2758 τῷ

386 2779 642 2851 ἡμετέρῳ
669 2779 919 2851 Δεσπότῃ
953 2783 1046 2835 καὶ
1071 2779 1149 2849 τῷ
1172 2780 1463 2850 κορυφαίῳ
1490 2780 1603 2834 τῶν
1631 2780 1972 2846 ἀποστόλων,

386 2870 488 2926 καὶ
522 2872 673 2942 ἡμᾶς
721 2870 903 2925 θέλειν
936 2887 991 2925 τι
1040 2869 1352 2938 πείθεσθαι,
1383 2869 1503 2924 ἀλλ’
1533 2869 1764 2925 ἐκείνων
1815 2869 1978 2943 ὀλίγη

264 3058 270 3065 .
387 2963 638 3065 φοιτέε-

459 3053 566 3108 Δύο
589 3052 770 3108 τοίνυν
793 3053 1090 3124 ἐζήτησας,
1126 3045 1204 3106 ὧν
1237 3052 1468 3123 θάτερον
1501 3051 1604 3122 μέν
1634 3053 1723 3126 ἦν,
1760 3054 1812 3108 τί
1835 3053 1973 3126 πρὸς

385 3146 516 3209 τοὺς
573 3143 958 3216 ἐκκηρύκτοιες
1019 3142 1245 3208 τούτους
1293 3142 1712 3210 ’Δκινδυνείους,
1772 3144 1974 3214 μᾶλλον
2002 3173 2048 3233 c

386 3235 446 3290 δέ
484 3234 919 3301 ’Ᾱκινδυνιστὰς,
955 3234 1101 3305 ἡμᾶς
1127 3234 1195 3288 ἂν
1225 3234 1628 3304 ἀποκρίνεσθαι
1655 3235 1792 3299 δέοι,
1824 3236 1980 3289 ἐπει-

385 3325 485 3380 δὰν
519 3326 654 3397 ἡμῖν
686 3323 786 3397 τὴν
817 3321 913 3378 τοῦ
948 3323 1225 3395 μακαρίου
1260 3324 1541 3395 Θεοδώρου
1590 3326 1686 3381 τοῦ
1721 3326 1974 3398 Γραπτοῦ

388 3419 551 3488 ῥῆσιν
579 3410 993 3489 προσφέρωσιν,
1026 3418 1089 3471 ἐν
1178 3417 1329 3472 δοκεῖ
1362 3417 1424 3471 rb
1446 3416 1730 3490 διαφέρειν
1762 3418 1976 3473 οῖεσθαι

384 3509 485 3581 τὴν
514 3511 706 3565 οὐσίαν
740 3511 835 3565 καὶ
860 3510 962 3581 τὴν
999 3509 1289 3581 ἐνέργειαν
1320 3512 1414 3564 ἐπὶ
1447 3509 1543 3565 τοῦ
1571 3510 1709 3565 Θεοῦ
1746 3512 1827 3575 είς
1846 3511 1977 3576 τοὺς

386 3602 700 3675 αἱρετικοὺς
729 3603 1119 3674 ἀπορρίπτειν,
1153 3602 1229 3666 ὡς
1265 3604 1429 3667 αὐτὸς
1456 3604 1631 3675 δήπου
1673 3604 1868 3657 ταυτὸν
1896 3595 1976 3656 εῖ-

386 3712 478 3749 ναι
501 3696 749 3767 οίόμενος
772 3695 948 3750 ταῦτα
968 3712 982 3727 ·
1014 3695 1244 3765 θάτερον
1269 3695 1327 3748 δὲ
1360 3695 1489 3759 τοὺς
1519 3695 1715 3759 αὐτοὺς
1740 3694 1973 3758 τούτους

385 3788 600 3860 ἔφησθα
646 3789 777 3860 περὶ
834 3787 929 3841 τοῦ
972 3788 1244 3856 παναγίου
1291 3782 1614 3858 Πνεῦμα-τός
1668 3789 1972 3859 διαπορεῖν,

384 3880 527 3935 διατί
578 3876 796 3952 Πατρδς
847 3881 949 3950 μὲν
1007 3879 1254 3934 ἐστικαὶ
1307 3879 1439 3933 Υίοῦ
1492 3880 1554 3932 rb
1605 3881 1736 3934 αὐτὸ
1781 3880 1880 3934 καὶ
1913 3880 1973 3934 ἓν

383 3973 615 4043 Πνεῦμα
652 3973 837 4040 ἅγιον,
857 3972 1002 4026 οὕτω
1024 3954 1123 4042 τῆς
1152 3973 1376 4042 Γραφῆς
1405 3964 1784 4044 διδασκούσης,
1808 3975 1970 4045 ἡμεῖς

337 4092 351 4130 χ
383 4065 430 4118 δ’
464 4068 528 4119 ἐκ
558 4065 660 4133 μὲν
688 4066 781 4118 τοῦ
814 4064 1028 4135 Πατρές
1052 4063 1383 4132 ὑφίστασθαι
1417 4064 1967 4140 ὁμολογοῦμεναύτδ,

382 4161 446 4212 ἐκ
478 4159 535 4211 δὲ
570 4158 662 4212 τοῦ
702 4158 831 4212 Υίοῦ
880 4157 984 4229 τὴν
1035 4158 1214 4214 αἰτίαν
1259 4158 1405 4228 ἔχειν
1438 4156 1772 4228 ἀρνούμεθα.
1813 4159 1972 4212 Δοκεῖ

331 4277 347 4298 ι
382 4255 489 4322 γὰρ
521 4255 679 4321 εἰπερ
713 4250 774 4304 ἐν
808 4253 925 4303 ἐστι
952 4251 1044 4302 καὶ
1071 4250 1266 4302 ταυτὸν
1310 4250 1369 4301 ἐν
1411 4249 1614 4318 ἀμφοῖν
1644 4250 1738 4304 καὶ
1791 4248 1971 4301 ὡσαύ-

380 4358 509 4403 τως.
540 4340 649 4392 δεῖν
680 4341 744 4392 ἂν
772 4338 902 4392 αῦτῦ
933 4347 1025 4392 καὶ
1047 4338 1106 4404 ἐξ
1135 4340 1339 4407 ἀμφοῖν
1370 4341 1619 4408 προϊέναι
1647 4339 1830 4391 εἴτουν
1853 4336 1973 4406 ὑφί-

385 4430 641 4483 στασθαι.
668 4427 772 4482 ’Ὧν
809 4432 938 4499 περὶ
969 4429 1062 4483 τοῦ
1107 4418 1368 4499 δευτέρου
1399 4429 1468 4483 δι’
1496 4429 1795 4483 ἐλαττόνων
1821 4429 1975 4501 πρῶ-

2076 1939 2294 1994 ϐεῖσθαι
2325 1941 2421 1995 καὶ
2468 1940 2829 2011 ἐπιφημίζειν
2854 1939 2935 2010 τῷ
2970 1939 3112 2010 ἁγίῳ
3146 1939 3450 2008 Πνεύματι.
3488 1957 3510 1993 ο
3548 1939 3658 1992 Καὶ

2078 2031 2241 2086 πάλιν
2277 2033 2307 2086 6
2331 2030 2516 2097 αὐτὸς,
2551 2048 2572 2084 ε
2605 2032 2681 2086 Οὐ
2714 2030 2825 2102 γὰρ
2856 2031 3034 2086 ἐκεῖνό
3071 2031 3122 2099 γ’
3154 2031 3220 2084 ἂν
3255 2030 3421 2096 εῖποι,
3465 2031 3656 2099 φησὶν,

2076 2123 2345 2195 Εὐνόμιος
2396 2122 2666 2193 δηλονότι,
2710 2122 2793 2177 ὅτι
2842 2121 3052 2188 ἔξεστιν
3090 2122 3242 2192 αὐτῷ
3283 2124 3342 2175 ἐν
3369 2123 3481 2185 τοῖς
3526 2121 3656 2191 περὶ

2075 2217 2413 2288 τηλικούτων
2440 2215 2625 2285 λόγοις
2671 2216 3018 2287 παραγωγάς
3043 2228 3199 2280 τινας
3239 2216 3337 2270 καὶ
3365 2231 3657 2286 παρασχη-

2079 2309 2391 2381 ματισμοὺς
2426 2309 2536 2362 τῶν
2570 2308 2851 2378 ὀνομάτων
2897 2310 3158 2364 ἐπινοεῖν.
3191 2308 3253 2362 ΕΞ
3277 2309 3387 2379 γὰρ
3415 2308 3514 2362 καὶ
3551 2308 3656 2380 ἁρ-

2077 2400 2183 2470 γοῦ
2232 2401 2397 2471 λόγου
2447 2400 2681 2465 εὐθύνας
2729 2399 3002 2472 ὐφέξομεν
3038 2400 3102 2453 ἐν
3152 2399 3337 2472 ἡμέρᾳ
3396 2400 3655 2471 κρίσεως,

2073 2490 2218 2565 ἦπού
2255 2509 2319 2564 γε
2357 2493 2419 2547 rb
2446 2493 2579 2564 περὶ
2608 2492 2947 2565 τηλικούτων
2979 2493 3329 2562 καινοτομεῖν
3359 2488 3660 2545 ἀνεύθυνον

2073 2587 2211 2657 ἡμῖν
2258 2584 2616 2656 ἀφεθήσεται,
2651 2585 2793 2656 τάχα
2830 2586 2948 2657 γὰρ
2966 2585 3030 2639 rb
3072 2585 3174 2656 μέν
3206 2583 3283 2647 ὡς
3315 2583 3526 2657 πρέπον
3560 2584 3656 2638 ἐπὶ

2073 2678 2214 2733 Θεοῦ
2244 2679 2340 2732 καὶ
2373 2678 2590 2749 Πατρδς
2618 2677 2874 2747 λέγεσθαι
2904 2676 3057 2748 παρὰ
3108 2676 3204 2730 τοῦ
3233 2676 3384 2730 ὴίου
3409 2675 3657 2743 δεδιδάγ-

2078 2769 2221 2840 μεθα
2241 2769 2428 2837 λόγου,
2452 2767 2610 2823 τοῦτο
2644 2767 2701 2821 δέ
2727 2767 2828 2837 οὐχ
2854 2768 3099 2837 ἁρμόζον
3127 2765 3213 2837 τῷ
3244 2767 3567 2836 Μονογενεῖ,
3588 2762 3661 2819 δι’

2073 2855 2151 2916 ὧν
2178 2862 2543 2932 ἀπεσιώπησε
2582 2862 2645 2914 rb
2694 2859 2917 2931 Πνεῦμα
2946 2861 3008 2914 τὸ
3057 2860 3213 2929 ἅγιον
3260 2856 3584 2925 ἐνεδείξατο.
3630 2876 3650 2910 ι

2157 2953 2216 3006 Ὃ
2246 2953 2304 3007 δὲ
2336 2953 2514 3023 μέγας
2556 2951 2878 3015 Ἀθανάσιος
2905 2951 3045 3023 πρὸς
3071 2950 3257 3016 αὐτὸν,
3293 2968 3313 3002 ε
3340 2949 3499 3020 Ὑμῖν
3516 2965 3659 3018 παρ-

2077 3043 2356 3117 αινοῦμεν,
2403 3043 2540 3114 φησὶ
2570 3083 2584 3107 ,
2627 3045 2767 3112 ὅπερ
2841 3044 2939 3097 καὶ
2986 3043 3203 3106 ἑαυτοῖς
3256 3039 3659 3113 παραινοῦμεν,

2080 3133 2182 3206 τὴν
2209 3133 2663 3211 παραδεδομένην
2701 3134 2894 3189 πίστιν
2941 3132 3258 3203 φυλάττειν,
3294 3131 3659 3207 ἐκτρέπεσθαι

2078 3227 2137 3280 δέ
2162 3227 2262 3292 τὰς
2293 3226 2557 3299 βεϐήλους
2588 3227 2976 3299 καινοφωνίας.
3016 3227 3078 3281 Ὃ
3109 3227 3211 3298 μὲν
3235 3227 3347 3297 γὰρ
3377 3222 3558 3294 ζητῶν
3591 3224 3667 3278 τὰ

2080 3319 2222 3392 ὑπὲρ
2256 3320 2476 3387 ἑαυτὸν,
2511 3320 2702 3392 φησὶν,
2732 3319 3105 3384 ἐπικίνδυνος,
3135 3321 3164 3373 6
3190 3318 3248 3372 δέ
3274 3320 3389 3382 τοῖς
3423 3317 3667 3385 παραδο-

2078 3410 2250 3465 θεῖσιν
2277 3410 2535 3482 ἐμμένων
2564 3410 2871 3476 ἀκίνδυνος.
2912 3429 2933 3465 ε
2982 3409 3272 3483 Ἀρκοῦσιν
3306 3409 3359 3463 οῖ
3396 3409 3546 3476 τρεῖς
3569 3401 3658 3463 οῦ-

2076 3518 2161 3556 τοι
2192 3502 2475 3575 μάρτυρες
2497 3501 2693 3568 δεῖξαι,
2715 3503 2800 3557 ὅτι
2838 3504 2935 3575 καὶ
2976 3501 3204 3571 μηδενὸς
3234 3502 3368 3573 ἡμῖν
3405 3499 3664 3555 διδασκά-

2076 3595 2171 3650 λου
2230 3596 2329 3667 τὴν
2391 3595 2673 3667 γραφικὴν
2716 3595 2925 3673 ταύτην
2980 3594 3246 3660 διὰστιξιν
3291 3593 3666 3648 ἀναπτύσσον-

2075 3704 2191 3751 τος,
2229 3688 2399 3758 ἐχρῆν
2423 3687 2591 3758 ἡμᾶς,
2624 3687 2661 3741 ἃ
2686 3687 2785 3757 μὲν
2811 3687 2845 3758 ἡ
2872 3686 3068 3758 Γραφὴ
3100 3687 3250 3755 λέγει
3277 3685 3591 3755 κηρύττειν,
3622 3683 3662 3738 ἃ

2074 3778 2134 3833 δὲ
2190 3780 2526 3851 σεσιώπηκε,
2554 3779 2650 3833 καὶ
2683 3779 2883 3844 αὐτοὺς
2933 3779 3166 3849 σιωπᾷν,
3222 3778 3318 3831 καὶ
3363 3774 3445 3843 οἷς
3475 3778 3657 3847 ἐκείνη

2074 3870 2330 3939 διώρισεν
2354 3871 2726 3941 ἐφησυχὰζειν
2746 3885 2760 3899 ⁸
2788 3872 3037 3925 τουτέστι
3064 3871 3125 3924 rb
3150 3871 3375 3940 Πνεῦμα
3409 3873 3470 3924 rb
3504 3871 3659 3939 ἅγιον

2073 3962 2166 4014 τοῦ
2194 3962 2409 4032 Πατρδς
2438 3962 2538 4031 μὲν
2570 3965 2667 4015 καὶ
2715 3963 2780 4014 ἐκ
2803 3961 2895 4015 τοῦ
2923 3964 3130 4031 Πατρδς
3147 3963 3450 4032 ὁμολογεῖν,
3481 3963 3544 4014 ἐκ
3565 3961 3665 4015 τοῦ

2075 4054 2208 4107 Υἰοῦ
2231 4054 2287 4106 δὲ
2307 4053 2380 4124 μὴ
2398 4054 2599 4121 λέγειν,
2619 4054 2755 4108 ἀλλὰ
2772 4055 2933 4124 μόνον
2945 4055 3040 4109 τοῦ
3059 4055 3212 4112 Υίοῦ.
3232 4052 3388 4110 Οῦτω
3407 4057 3512 4127 γὰρ
3526 4055 3660 4108 ὲκεί-

2074 4163 2139 4216 νη
2159 4144 2440 4209 διέστιξεν.

2158 4238 2322 4292 Ἀλλὰ
2344 4240 2464 4307 νῦν,
2489 4241 2517 4294 ὃ
2547 4242 2713 4296 πλέον
2740 4243 2913 4312 ἐστὶν,
2931 4246 2959 4296 6
2993 4244 3167 4314 μέγας
3192 4243 3476 4309 Βασίλειος
3507 4238 3660 4306 οὗτος

2074 4329 2140 4401 δὴ
2160 4331 2267 4382 τῶν
2315 4331 2499 4384 καλῶν
2553 4335 2850 4407 μαρτύρων
2898 4337 3030 4406 ἡμῖν
3056 4338 3084 4390 6
3128 4334 3315 4407 μέσος,
3339 4337 3398 4390 ἐν
3426 4339 3492 4409 τῇ
3521 4337 3660 4407 πρὸς

2076 4423 2167 4476 τὸν
2188 4422 2417 4494 ἀδελφὸν
2442 4426 2722 4498 ἐπιστολῇ,
2752 4432 2817 4499 τῇ
2851 4429 3110 4496 διαστίξει
3143 4431 3244 4499 τῆς
3275 4426 3500 4501 Γραφῆς
3530 4430 3663 4482 ταύ-

381 4540 475 4575 τον
504 4523 776 4586 εἰπόντες,
811 4524 903 4574 ἐπὶ
938 4523 1191 4592 θάτερον,
1217 4523 1245 4575 ὃ
1269 4524 1334 4593 δὴ
1364 4525 1456 4575 καὶ
1487 4524 1766 4592 προῦργου
1802 4525 1969 4588 ποιεῖ,
2003 4532 2049 4589 ι)
2076 4533 2173 4584 της
2202 4517 2580 4585 ἐφαπτόμενος
2616 4521 2887 4588 φαίνεται,
2927 4524 3179 4594 καθάπερ
3210 4541 3296 4588 τις
3326 4525 3529 4592 ἀγαθὸς
3565 4525 3660 4577 καὶ

381 4612 443 4664 rb
474 4611 636 4664 πλέον
664 4612 941 4680 τρέψομεν
962 4610 1056 4663 τοῦ
1086 4612 1270 4678 λόγου.

466 4700 658 4770 Ἀρκεῖ
692 4700 793 4768 μὲν
838 4696 933 4754 οῦν
968 4702 1050 4762 είς
1084 4701 1243 4754 λύσιν
1293 4701 1395 4771 τῆς
1437 4701 1720 4772 ζητήσεως
1768 4701 1970 4770 ταύτης

382 4790 687 4862 εὐσεϐούσῃ
716 4790 885 4862 ψυχῇ,
908 4794 966 4843 rb
992 4782 1090 4860 τὴν
1124 4790 1357 4861 Γραφὴν
1388 4792 1453 4843 ἐκ
1495 4790 1588 4843 τοῦ
1624 4790 1833 4862 Πατρδς
1872 4790 1973 4858 μὲν

383 4886 445 4937 rb
477 4883 702 4952 Πνεῦμα
725 4883 1040 4955 κηρύττειν,
1073 4887 1138 4939 ἐκ
1157 4884 1213 4938 δὲ
1242 4883 1336 4937 τοῦ
1361 4883 1489 4938 Υἱοῦ
1518 4883 1809 4954 μηδαμῶς,
1830 4883 1969 4937 ἀλλὰ

387 4977 551 5047 μόνον
597 4976 822 5048 Πνεῦμα
873 4977 1030 5043 Υίοῦ,
1063 4977 1163 5031 καὶ
1202 4968 1453 5048 Πνεῦμα
1487 4977 1729 5047 Χριστοῦ
1788 4976 1970 5045 λέγειν

382 5070 537 5137 αὐτὸ,
583 5072 644 5124 οὐ
684 5070 746 5123 rb
791 5069 1018 5138 Πνεῦμα
1049 5069 1397 5140 διχὰζουσαν,
1444 5073 1543 5141 οὐχ
1582 5066 1748 5142 ἦττον
1780 5069 1881 5140 μὲν
1913 5071 1971 5122 ἐν

298 5156 306 5164 ’
382 5160 461 5234 τῷ
489 5161 631 5233 Υίῷ,
676 5162 879 5233 μᾶλλον
912 5162 971 5217 δὲ
1012 5161 1171 5232 ἐντῷ
1214 5163 1393 5234 Πατρὶ
1433 5160 1579 5215 τοῦτ’
1614 5156 1756 5214 εἶναι
1817 5158 1969 5212 διδά-

388 5271 646 5322 σκουσαν,
681 5253 821 5308 ἀλλὰ
875 5252 953 5324 τῷ
989 5253 1090 5332 μεν
1129 5254 1196 5307 ἐκ
1233 5252 1328 5306 τοῦ
1359 5251 1574 5322 Πατρδς
1623 5250 1723 5321 τὴν
1758 5250 1971 5304 ἐκεῖθεν

382 5347 684 5401 ὑπόστασιν
714 5332 1061 5413 φανεροῦσαν
1090 5344 1227 5415 πρὸς
1251 5346 1322 5415 τῇ
1361 5344 1483 5397 κατ’
1512 5343 1704 5397 οὐσίαν
1730 5343 1967 5413 ἐνότητι,

381 5439 461 5510 τῷ
497 5438 555 5491 δὲ
591 5437 687 5491 τοῦ
720 5435 852 5494 Υίοῦ
878 5437 1061 5511 λέγειν
1110 5436 1273 5507 μόνον
1311 5434 1464 5502 αὐτὸ,
1501 5435 1600 5506 τὴν
1626 5435 1771 5490 κατὰ
1803 5433 1969 5503 φύσιν

381 5530 659 5584 οἰκείωσιν
689 5529 858 5601 μόνην
887 5527 1411 5597 κατασημαίνουσαν
1451 5521 1674 5598 ἧστινος
1713 5527 1877 5580 ἕνεκα
1907 5526 1969 5579 rb

384 5625 610 5694 Πνεῦμα
637 5622 699 5676 rb
723 5621 900 5692 ἅγιον,
932 5619 1159 5690 Πνεῦμά
1187 5637 1247 5673 τε
1270 5619 1407 5674 Θεοῦ
1433 5620 1603 5687 λέγει,
1627 5620 1720 5672 καὶ
1744 5614 1969 5688 Πνεῦμα

387 5714 451 5764 ἐκ
484 5712 577 5764 τοῦ
613 5711 769 5771 Θεοῦ,
819 5713 912 5765 7.1".
953 5710 1176 5779 Πνεῦμα
1209 5710 1273 5762 ἐκ
1320 5708 1415 5761 τοῦ
1470 5708 1721 5776 Πατρός·
1755 5708 1817 5760 ἐκ
1875 5707 1968 5761 τοῦ

383 5804 515 5857 Υἰοῦ
550 5804 604 5857 δὲ
634 5803 874 5872 οὐδαμοῦ
904 5820 1058 5872 φησι,
1086 5802 1199 5854 ἀλλ’
1233 5802 1269 5872 ἦ
1322 5801 1484 5871 μόνοι
1520 5799 1748 5871 Πνεῦμα
1796 5799 1922 5855 Υἱοῦ
1952 5820 1966 5833 ο

2076 4606 2403 4678 εὐγνώμων,
2450 4612 2542 4663 καὶ
2568 4610 2758 4682 ὥσπερ
2788 4614 2886 4685 τὴν
2920 4614 3127 4685 τόλμαν
3159 4616 3318 4669 ἐνίων
3346 4617 3443 4670 καὶ
3473 4634 3663 4686 προει⁴

2073 4697 2177 4762 δὼς
2209 4701 2496 4771 ἐσομένην,
2520 4708 2611 4757 καὶ
2641 4704 2928 4776 πόρρωθεν
2959 4694 3234 4777 ἀναιρῶν·
3259 4709 3394 4778 φησὶ
3426 4707 3535 4776 γὰρ
3566 4707 3662 4760 οὐ·

2073 4793 2209 4846 τωσί
2228 4809 2243 4825 ο
2279 4811 2297 4843 ι
2338 4796 2450 4849 Καὶ
2478 4796 2507 4849 6
2528 4796 2587 4849 rb
2617 4797 2843 4867 Πνεῦμα
2875 4798 3037 4867 μόνον
3063 4798 3233 4853 εἰπὼν
3254 4799 3663 4870 συμπεριέλαϐε

2073 4885 2138 4952 τῇ
2168 4884 2430 4954 ὁμολογία
2456 4886 2550 4939 καὶ
2580 4886 2673 4939 τὸν
2721 4886 2783 4941 οῦ
2813 4890 2932 4942 ἐστι
2967 4886 3215 4960 Πνεῦμα,
3272 4888 3368 4942 τοῦ
3419 4886 3658 4957 Χριστοῦ

2072 4975 2205 5044 γαρ,
2242 4977 2459 5029 καὶτὸν
2503 4976 2561 5043 ἐξ
2612 4971 2673 5030 οῦ
2700 4979 2874 5043 ἐστιν,
2925 4981 2990 5034 ἐκ
3028 4979 3125 5033 τοῦ
3173 4978 3308 5034 Θεοῦ
3342 4978 3474 5051 γὰρ,
3517 4978 3663 5033 καθα
3728 5052 3731 5055 Α

2075 5083 2241 5136 φησιν
2267 5069 2295 5119 6
2324 5067 2674 5133 Ἀπόστολος.
2708 5088 2728 5122 ε
2767 5071 2879 5125 Καὶ
2916 5073 2944 5124 6
2972 5072 3388 5141 Χρυσόστομος,
3427 5089 3446 5122 ι
3486 5068 3662 5124 Πνεῦ-

2077 5175 2153 5228 μα
2183 5157 2343 5225 Θεοῦ,
2374 5161 2469 5214 καί⁵
2505 5160 2750 5233 Πνεῦμα,
2782 5163 2936 5233 φησὶ,
2959 5162 3022 5216 rb
3044 5163 3109 5217 ἐκ
3132 5161 3225 5217 τοῦ
3248 5162 3407 5218 Θεοῦ.
3435 5163 3546 5216 Καὶ
3575 5162 3661 5215 ἵνα

2076 5247 2289 5319 μήποτε
2316 5249 2647 5315 ἀκούσαντες
2677 5252 2841 5322 ἡμεῖς
2870 5253 3100 5324 Πνεῦμα
3149 5252 3309 5321 Θεοῦ,
3343 5253 3661 5323 νομίσωμεν

2071 5338 2141 5393 δι’
2166 5341 2476 5413 οἰκείοτητα
2495 5342 2754 5412 λέγεσθαι
2790 5343 3018 5416 Πνεῦμα
3034 5344 3194 5413 Θεοῦ,
3224 5345 3436 5417 εἰσάγει
3465 5348 3498 5416 ἠ
3517 5348 3661 5417 Γρα-

2073 5433 2154 5505 φὴ
2175 5435 2235 5487 rb
2287 5435 2511 5504 Πνεῦμα
2560 5435 2620 5490 rb
2654 5437 2834 5505 ἅγιον,
2871 5439 2965 5492 καὶ
2989 5439 3317 5510 προστίθησι
3343 5438 3422 5508 τῷ
3446 5439 3566 5511 Θεῷ
3600 5439 3661 5492 rb

2074 5526 2139 5576 ἐκ
2191 5523 2286 5577 τοῦ
2337 5524 2490 5579 Θεοῦ.
2560 5525 2724 5580 Ἀλλο
2758 5527 2816 5580 δέ
2847 5528 2929 5595 rb,
2979 5528 3152 5595 Θεοῦ,
3201 5530 3295 5583 καὶ
3316 5528 3443 5583 ἄλλο
3471 5530 3554 5594 rb,
3593 5529 3663 5584 ἐκ

2072 5619 2180 5673 τοῦ
2215 5618 2389 5673 Θεοῦ.
2419 5620 2644 5684 Τούτοις
2693 5620 3003 5692 συμφώνως
3041 5622 3070 5676 6
3103 5622 3248 5693 ἱερὸς
3296 5626 3663 5693 Δαμασκην“ις

2087 5710 2359 5780 Ἰωάννης,
2391 5733 2409 5764 ε
2449 5711 2543 5766 Ἐκ
2564 5712 2656 5766 τοῦ
2688 5712 2819 5767 Υίοῦ
2851 5713 2906 5768 δὲ
2938 5714 2998 5768 rb
3029 5715 3254 5787 Πνεῦμα
3293 5717 3358 5770 οὐ
3404 5715 3662 5785 λέγομεν,

2074 5804 2226 5873 φησὶ,
2264 5803 2491 5875 Πνεῦμα
2522 5805 2579 5858 δὲ
2611 5804 2740 5859 Υίοῦ
2777 5806 3140 5878 ὀνομάζομεν.
3181 5826 3203 5860 ε
