  <div class='ocr_page' id='page_1' title='image "/cluster/home/n/w/nwhite01/storage/ocr_20150623/160/coo.31924054870658/336.png"; bbox 0 0 4062 6404; ppageno 0'>
   <div class='ocr_carea' id='block_1_1' title="bbox 473 391 590 457">
    <p class='ocr_par' dir='ltr' id='par_1_1' title="bbox 473 391 590 457">
     <span class='ocr_line' id='line_1_1' title="bbox 473 391 590 457; baseline -0.017 0"><span class='ocrx_word' id='word_1_1' title='bbox 473 391 590 457; x_wconf 70' lang='lat'>657</span> 
     </span>
    </p>
   </div>
   <div class='ocr_carea' id='block_1_2' title="bbox 1591 386 2579 458">
    <p class='ocr_par' dir='ltr' id='par_1_2' title="bbox 1591 386 2579 458">
     <span class='ocr_line' id='line_1_2' title="bbox 1591 386 2579 458; baseline -0.008 0"><span class='ocrx_word' id='word_1_2' title='bbox 1591 395 1897 458; x_wconf 80' lang='lat' dir='ltr'>CONTRA</span> <span class='ocrx_word' id='word_1_3' title='bbox 1944 386 2579 455; x_wconf 66' lang='lat' dir='ltr'>ACINDYNIASTASL</span> 
     </span>
    </p>
   </div>
   <div class='ocr_carea' id='block_1_3' title="bbox 3643 373 3756 443">
    <p class='ocr_par' dir='ltr' id='par_1_3' title="bbox 3643 373 3756 443">
     <span class='ocr_line' id='line_1_3' title="bbox 3643 373 3756 443; baseline -0.035 0"><span class='ocrx_word' id='word_1_4' title='bbox 3643 373 3756 443; x_wconf 83' lang='lat'>658</span> 
     </span>
    </p>
   </div>
   <div class='ocr_carea' id='block_1_4' title="bbox 476 491 3755 581">
    <p class='ocr_par' dir='ltr' id='par_1_4' title="bbox 476 491 3755 581">
     <span class='ocr_line' id='line_1_4' title="bbox 476 491 3755 581; baseline -0.004 -23"><span class='ocrx_word' id='word_1_5' title='bbox 476 507 509 575; x_wconf 84' lang='grc' dir='ltr'><strong>ἡ</strong></span> <span class='ocrx_word' id='word_1_6' title='bbox 535 505 880 577; x_wconf 69' lang='grc' dir='ltr'>δικαιοσύιιη,</span> <span class='ocrx_word' id='word_1_7' title='bbox 915 508 1073 578; x_wconf 72' lang='grc' dir='ltr'>εἴπερ</span> <span class='ocrx_word' id='word_1_8' title='bbox 1115 508 1209 564; x_wconf 60' lang='grc' dir='ltr'>καί</span> <span class='ocrx_word' id='word_1_9' title='bbox 1234 508 1572 571; x_wconf 68' lang='grc' dir='ltr'>ἄλλοθ’ίποιπ,</span> <span class='ocrx_word' id='word_1_10' title='bbox 1608 511 1704 562; x_wconf 71' lang='grc' dir='ltr'>καὶ</span> <span class='ocrx_word' id='word_1_11' title='bbox 1735 512 1764 578; x_wconf 80' lang='grc' dir='ltr'><strong>ἡ</strong></span> <span class='ocrx_word' id='word_1_12' title='bbox 1791 510 2064 581; x_wconf 69' lang='grc' dir='ltr'>ἀγαθίτης</span> <span class='ocrx_word' id='word_1_13' title='bbox 2094 508 2141 568; x_wconf 78' lang='grc' dir='ltr'><strong>Α</strong></span> <span class='ocrx_word' id='word_1_14' title='bbox 2174 521 2296 576; x_wconf 89' lang='grc' dir='ltr'>μον,</span> <span class='ocrx_word' id='word_1_15' title='bbox 2331 502 2358 555; x_wconf 79' lang='grc' dir='ltr'><strong>ὃ</strong></span> <span class='ocrx_word' id='word_1_16' title='bbox 2396 502 2461 573; x_wconf 84' lang='grc' dir='ltr'>δὴ</span> <span class='ocrx_word' id='word_1_17' title='bbox 2496 498 2718 562; x_wconf 79' lang='grc' dir='ltr'>’πολλοῖς</span> <span class='ocrx_word' id='word_1_18' title='bbox 2745 494 3297 568; x_wconf 62' lang='grc' dir='ltr'>ἐπῆλθεν,ὑπονοεῖν,</span> <span class='ocrx_word' id='word_1_19' title='bbox 3341 495 3438 546; x_wconf 73' lang='grc' dir='ltr'>καὶ</span> <span class='ocrx_word' id='word_1_20' title='bbox 3468 491 3556 545; x_wconf 81' lang='grc' dir='ltr'>διὰ</span> <span class='ocrx_word' id='word_1_21' title='bbox 3590 493 3755 545; x_wconf 88' lang='grc' dir='ltr'>τοῦτο</span> 
     </span>
    </p>
   </div>
   <div class='ocr_carea' id='block_1_5' title="bbox 476 597 2061 666">
    <p class='ocr_par' dir='ltr' id='par_1_5' title="bbox 476 597 2061 666">
     <span class='ocr_line' id='line_1_5' title="bbox 476 597 2061 666; baseline 0.003 -15"><span class='ocrx_word' id='word_1_22' title='bbox 476 599 571 651; x_wconf 74' lang='grc' dir='ltr'>καὶ</span> <span class='ocrx_word' id='word_1_23' title='bbox 601 598 636 666; x_wconf 82' lang='grc' dir='ltr'><strong>ἡ</strong></span> <span class='ocrx_word' id='word_1_24' title='bbox 671 597 903 660; x_wconf 84' lang='grc' dir='ltr'>ἀλήθεια</span> <span class='ocrx_word' id='word_1_25' title='bbox 943 601 1038 653; x_wconf 74' lang='grc' dir='ltr'>καὶ</span> <span class='ocrx_word' id='word_1_26' title='bbox 1073 603 1244 655; x_wconf 70' lang='grc' dir='ltr'>τᾶλλα</span> <span class='ocrx_word' id='word_1_27' title='bbox 1291 601 1578 664; x_wconf 70' lang='grc' dir='ltr'>ὡσαύτως.</span> <span class='ocrx_word' id='word_1_28' title='bbox 1642 603 1983 656; x_wconf 86' lang='grc' dir='ltr'>Ἑκινδύνευε</span> <span class='ocrx_word' id='word_1_29' title='bbox 2015 603 2061 656; x_wconf 81' lang='grc' dir='ltr'>δ’</span> 
     </span>
    </p>
   </div>
   <div class='ocr_carea' id='block_1_6' title="bbox 477 688 2064 764">
    <p class='ocr_par' dir='ltr' id='par_1_6' title="bbox 477 688 2064 764">
     <span class='ocr_line' id='line_1_6' title="bbox 477 688 2064 764; baseline 0.003 -24"><span class='ocrx_word' id='word_1_30' title='bbox 477 688 542 740; x_wconf 79' lang='grc' dir='ltr'>ἂν</span> <span class='ocrx_word' id='word_1_31' title='bbox 573 689 702 757; x_wconf 81' lang='grc' dir='ltr'>τόγε</span> <span class='ocrx_word' id='word_1_32' title='bbox 760 690 1030 759; x_wconf 78' lang='grc' dir='ltr'>πρότερον</span> <span class='ocrx_word' id='word_1_33' title='bbox 1063 695 1128 761; x_wconf 85' lang='grc' dir='ltr'>τῇ</span> <span class='ocrx_word' id='word_1_34' title='bbox 1181 693 1305 762; x_wconf 85' lang='grc' dir='ltr'>ἱερᾷ</span> <span class='ocrx_word' id='word_1_35' title='bbox 1361 691 1687 762; x_wconf 86' lang='grc' dir='ltr'>συμϐαίνειν</span> <span class='ocrx_word' id='word_1_36' title='bbox 1734 693 1928 764; x_wconf 68' lang='grc' dir='ltr'>Βραφῇ</span> <span class='ocrx_word' id='word_1_37' title='bbox 1962 693 2064 762; x_wconf 85' lang='grc' dir='ltr'>τῆς</span> 
     </span>
    </p>
   </div>
   <div class='ocr_carea' id='block_1_7' title="bbox 477 777 1293 851">
    <p class='ocr_par' dir='ltr' id='par_1_7' title="bbox 477 777 1293 851">
     <span class='ocr_line' id='line_1_7' title="bbox 477 777 1293 851; baseline 0.005 -18"><span class='ocrx_word' id='word_1_38' title='bbox 477 777 706 834; x_wconf 76' lang='grc' dir='ltr'>ἐκείνων</span> <span class='ocrx_word' id='word_1_39' title='bbox 733 781 1044 851; x_wconf 84' lang='grc' dir='ltr'>κρατούσης</span> <span class='ocrx_word' id='word_1_40' title='bbox 1070 782 1293 846; x_wconf 79' lang='grc' dir='ltr'>θέσεως.</span> 
     </span>
    </p>
   </div>
   <div class='ocr_carea' id='block_1_8' title="bbox 447 872 2078 947">
    <p class='ocr_par' dir='ltr' id='par_1_8' title="bbox 447 872 2078 947">
     <span class='ocr_line' id='line_1_8' title="bbox 447 872 2078 947; baseline 0.001 -21"><span class='ocrx_word' id='word_1_41' title='bbox 447 920 482 932; x_wconf 85' lang='grc'>.,</span> <span class='ocrx_word' id='word_1_42' title='bbox 551 872 734 935; x_wconf 88' lang='grc' dir='ltr'>Ὅλως</span> <span class='ocrx_word' id='word_1_43' title='bbox 769 873 826 925; x_wconf 87' lang='grc' dir='ltr'>δέ</span> <span class='ocrx_word' id='word_1_44' title='bbox 857 873 1018 941; x_wconf 82' lang='grc' dir='ltr'>λόγου</span> <span class='ocrx_word' id='word_1_45' title='bbox 1059 874 1157 944; x_wconf 83' lang='grc' dir='ltr'>μὲν</span> <span class='ocrx_word' id='word_1_46' title='bbox 1211 877 1326 928; x_wconf 84' lang='grc' dir='ltr'>ἐστι</span> <span class='ocrx_word' id='word_1_47' title='bbox 1357 877 1563 946; x_wconf 78' lang='grc' dir='ltr'>κυρίως</span> <span class='ocrx_word' id='word_1_48' title='bbox 1593 876 1887 947; x_wconf 85' lang='grc' dir='ltr'>διάκρισις,</span> <span class='ocrx_word' id='word_1_49' title='bbox 1938 875 2078 946; x_wconf 79' lang='grc' dir='ltr'>ἧτις·</span> 
     </span>
    </p>
   </div>
   <div class='ocr_carea' id='block_1_9' title="bbox 480 964 2074 1043">
    <p class='ocr_par' dir='ltr' id='par_1_9' title="bbox 480 964 2074 1043">
     <span class='ocr_line' id='line_1_9' title="bbox 480 964 2074 1043; baseline 0.003 -23"><span class='ocrx_word' id='word_1_50' title='bbox 480 968 848 1036; x_wconf 81' lang='grc' dir='ltr'>ὑποκειμένου</span> <span class='ocrx_word' id='word_1_51' title='bbox 905 970 999 1021; x_wconf 72' lang='grc' dir='ltr'>καὶ</span> <span class='ocrx_word' id='word_1_52' title='bbox 1048 972 1536 1040; x_wconf 74' lang='grc' dir='ltr'>κατηγορουμένου</span> <span class='ocrx_word' id='word_1_53' title='bbox 1606 971 1766 1040; x_wconf 89' lang='grc' dir='ltr'>μόνον</span> <span class='ocrx_word' id='word_1_54' title='bbox 1827 972 1980 1024; x_wconf 69' lang='grc' dir='ltr'>ἐστὶν</span> 
     </span>
    </p>
   </div>
   <div class='ocr_carea' id='block_1_10' title="bbox 478 1053 2064 1135">
    <p class='ocr_par' dir='ltr' id='par_1_10' title="bbox 478 1053 2064 1135">
     <span class='ocr_line' id='line_1_10' title="bbox 478 1053 2064 1135; baseline 0.004 -23"><span class='ocrx_word' id='word_1_55' title='bbox 478 1060 762 1114; x_wconf 81' lang='grc' dir='ltr'>τοιούτωνι</span> <span class='ocrx_word' id='word_1_56' title='bbox 820 1060 969 1131; x_wconf 75' lang='grc' dir='ltr'>Αὕτη</span> <span class='ocrx_word' id='word_1_57' title='bbox 1027 1061 1150 1130; x_wconf 70' lang='grc' dir='ltr'>γάρ’</span> <span class='ocrx_word' id='word_1_58' title='bbox 1188 1062 1339 1114; x_wconf 90' lang='grc' dir='ltr'>ἐστιν</span> <span class='ocrx_word' id='word_1_59' title='bbox 1370 1065 1426 1114; x_wconf 83' lang='grc' dir='ltr'>ἐν</span> <span class='ocrx_word' id='word_1_60' title='bbox 1452 1066 1517 1132; x_wconf 76' lang='grc' dir='ltr'>τῇ</span> <span class='ocrx_word' id='word_1_61' title='bbox 1547 1061 1714 1135; x_wconf 71' lang='grc' dir='ltr'>ψυχῇ</span> <span class='ocrx_word' id='word_1_62' title='bbox 1751 1053 1938 1130; x_wconf 82' lang='grc' dir='ltr'>μόνον,</span> <span class='ocrx_word' id='word_1_63' title='bbox 1961 1065 2064 1118; x_wconf 73' lang='grc' dir='ltr'>καὶ</span> 
     </span>
    </p>
   </div>
   <div class='ocr_carea' id='block_1_11' title="bbox 478 1148 2066 1226">
    <p class='ocr_par' dir='ltr' id='par_1_11' title="bbox 478 1148 2066 1226">
     <span class='ocr_line' id='line_1_11' title="bbox 478 1148 2066 1226; baseline 0.002 -21"><span class='ocrx_word' id='word_1_64' title='bbox 478 1148 734 1220; x_wconf 80' lang='grc' dir='ltr'>οὐδαμῶς</span> <span class='ocrx_word' id='word_1_65' title='bbox 763 1153 821 1202; x_wconf 88' lang='grc' dir='ltr'>ἐν</span> <span class='ocrx_word' id='word_1_66' title='bbox 848 1151 927 1222; x_wconf 82' lang='grc' dir='ltr'>τῷ</span> <span class='ocrx_word' id='word_1_67' title='bbox 983 1152 1288 1221; x_wconf 78' lang='grc' dir='ltr'>πράγματι,</span> <span class='ocrx_word' id='word_1_68' title='bbox 1323 1154 1406 1206; x_wconf 77' lang='grc' dir='ltr'>ὅτι</span> <span class='ocrx_word' id='word_1_69' title='bbox 1436 1156 1744 1224; x_wconf 70' lang='grc' dir='ltr'>κατηγορία</span> <span class='ocrx_word' id='word_1_70' title='bbox 1772 1155 1946 1226; x_wconf 82' lang='grc' dir='ltr'>δήπου</span> <span class='ocrx_word' id='word_1_71' title='bbox 1970 1155 2066 1208; x_wconf 71' lang='grc' dir='ltr'>καὶ</span> 
     </span>
    </p>
   </div>
   <div class='ocr_carea' id='block_1_12' title="bbox 485 1240 2064 1319">
    <p class='ocr_par' dir='ltr' id='par_1_12' title="bbox 485 1240 2064 1319">
     <span class='ocr_line' id='line_1_12' title="bbox 485 1240 2064 1319; baseline 0.003 -22"><span class='ocrx_word' id='word_1_72' title='bbox 485 1240 742 1307; x_wconf 78' lang='grc' dir='ltr'>ὑπόθεσις</span> <span class='ocrx_word' id='word_1_73' title='bbox 790 1244 967 1314; x_wconf 75' lang='grc' dir='ltr'>ψυχῆς</span> <span class='ocrx_word' id='word_1_74' title='bbox 1009 1248 1158 1300; x_wconf 85' lang='grc' dir='ltr'>ἐστιν</span> <span class='ocrx_word' id='word_1_75' title='bbox 1212 1247 1392 1316; x_wconf 77' lang='grc' dir='ltr'>ἔργον.</span> <span class='ocrx_word' id='word_1_76' title='bbox 1441 1248 1500 1301; x_wconf 87' lang='lat'>&#39;0</span> <span class='ocrx_word' id='word_1_77' title='bbox 1560 1249 1671 1319; x_wconf 77' lang='grc' dir='ltr'>γάρ</span> <span class='ocrx_word' id='word_1_78' title='bbox 1713 1249 1919 1318; x_wconf 81' lang='grc' dir='ltr'>Πέτρος</span> <span class='ocrx_word' id='word_1_79' title='bbox 1965 1249 2064 1301; x_wconf 83' lang='grc' dir='ltr'>οὐκ</span> 
     </span>
    </p>
   </div>
   <div class='ocr_carea' id='block_1_13' title="bbox 485 1337 2063 1413">
    <p class='ocr_par' dir='ltr' id='par_1_13' title="bbox 485 1337 2063 1413">
     <span class='ocr_line' id='line_1_13' title="bbox 485 1337 2063 1413; baseline 0.003 -23"><span class='ocrx_word' id='word_1_80' title='bbox 485 1337 632 1390; x_wconf 71' lang='grc' dir='ltr'>ἐστιν</span> <span class='ocrx_word' id='word_1_81' title='bbox 657 1340 715 1392; x_wconf 89' lang='grc' dir='ltr'>ἐν</span> <span class='ocrx_word' id='word_1_82' title='bbox 735 1337 821 1408; x_wconf 55' lang='grc' dir='ltr'>’τῷ</span> <span class='ocrx_word' id='word_1_83' title='bbox 843 1338 1054 1408; x_wconf 75' lang='grc' dir='ltr'>Πέτρῳ,</span> <span class='ocrx_word' id='word_1_84' title='bbox 1083 1339 1159 1401; x_wconf 84' lang='grc' dir='ltr'>ὡς</span> <span class='ocrx_word' id='word_1_85' title='bbox 1189 1341 1425 1411; x_wconf 81' lang='grc' dir='ltr'>πρᾶγμά</span> <span class='ocrx_word' id='word_1_86' title='bbox 1444 1359 1498 1395; x_wconf 93' lang='grc' dir='ltr'>τι</span> <span class='ocrx_word' id='word_1_87' title='bbox 1526 1342 1584 1395; x_wconf 86' lang='grc' dir='ltr'>ἐν</span> <span class='ocrx_word' id='word_1_88' title='bbox 1615 1343 1929 1413; x_wconf 85' lang='grc' dir='ltr'>πράγματι.</span> <span class='ocrx_word' id='word_1_89' title='bbox 1965 1342 2063 1395; x_wconf 81' lang='grc' dir='ltr'>Ἓν</span> 
     </span>
    </p>
   </div>
   <div class='ocr_carea' id='block_1_14' title="bbox 403 1429 2069 1504">
    <p class='ocr_par' dir='ltr' id='par_1_14' title="bbox 403 1429 2069 1504">
     <span class='ocr_line' id='line_1_14' title="bbox 403 1429 2069 1504; baseline 0.002 -22"><span class='ocrx_word' id='word_1_90' title='bbox 403 1454 406 1456; x_wconf 54' lang='grc' dir='ltr'>ν</span> <span class='ocrx_word' id='word_1_91' title='bbox 484 1430 772 1501; x_wconf 78' lang='grc' dir='ltr'>γάρ’ἐστιν</span> <span class='ocrx_word' id='word_1_92' title='bbox 797 1430 1021 1501; x_wconf 84' lang='grc' dir='ltr'>ἀριθμῷ</span> <span class='ocrx_word' id='word_1_93' title='bbox 1048 1433 1076 1486; x_wconf 93' lang='lat'>6</span> <span class='ocrx_word' id='word_1_94' title='bbox 1098 1432 1305 1502; x_wconf 76' lang='grc' dir='ltr'>Πέτρος</span> <span class='ocrx_word' id='word_1_95' title='bbox 1336 1432 1432 1486; x_wconf 80' lang='grc' dir='ltr'>καὶ</span> <span class='ocrx_word' id='word_1_96' title='bbox 1457 1434 1789 1504; x_wconf 76' lang='grc' dir='ltr'>ἀδιαίρετον,</span> <span class='ocrx_word' id='word_1_97' title='bbox 1829 1433 1945 1486; x_wconf 79' lang='grc' dir='ltr'>ἀλλ’</span> <span class='ocrx_word' id='word_1_98' title='bbox 1973 1429 2069 1486; x_wconf 83' lang='grc' dir='ltr'>οὖν</span> 
     </span>
    </p>
   </div>
   <div class='ocr_carea' id='block_1_15' title="bbox 481 1523 2066 1597">
    <p class='ocr_par' dir='ltr' id='par_1_15' title="bbox 481 1523 2066 1597">
     <span class='ocr_line' id='line_1_15' title="bbox 481 1523 2066 1597; baseline 0.003 -21"><span class='ocrx_word' id='word_1_99' title='bbox 481 1523 739 1594; x_wconf 80' lang='grc' dir='ltr'>τοιαύτην</span> <span class='ocrx_word' id='word_1_100' title='bbox 785 1524 910 1577; x_wconf 77' lang='grc' dir='ltr'>τινὰ</span> <span class='ocrx_word' id='word_1_101' title='bbox 972 1526 1241 1595; x_wconf 75' lang='grc' dir='ltr'>πρότασιν</span> <span class='ocrx_word' id='word_1_102' title='bbox 1304 1527 1585 1597; x_wconf 84' lang='grc' dir='ltr'>δυνάμεθα</span> <span class='ocrx_word' id='word_1_103' title='bbox 1652 1527 1914 1582; x_wconf 80' lang='grc' dir='ltr'>πλάττειν</span> <span class='ocrx_word' id='word_1_104' title='bbox 1970 1527 2066 1580; x_wconf 75' lang='grc' dir='ltr'>καὶ</span> 
     </span>
    </p>
   </div>
   <div class='ocr_carea' id='block_1_16' title="bbox 485 1614 2070 1693">
    <p class='ocr_par' dir='ltr' id='par_1_16' title="bbox 485 1614 2070 1693">
     <span class='ocr_line' id='line_1_16' title="bbox 485 1614 2070 1693; baseline 0 -21"><span class='ocrx_word' id='word_1_105' title='bbox 485 1617 682 1687; x_wconf 79' lang='grc' dir='ltr'>ἀληθῆ,</span> <span class='ocrx_word' id='word_1_106' title='bbox 714 1619 796 1672; x_wconf 86' lang='grc' dir='ltr'>ὅτι</span> <span class='ocrx_word' id='word_1_107' title='bbox 821 1621 847 1671; x_wconf 97' lang='lat'>6</span> <span class='ocrx_word' id='word_1_108' title='bbox 878 1619 1082 1688; x_wconf 83' lang='grc' dir='ltr'>Πέτρος</span> <span class='ocrx_word' id='word_1_109' title='bbox 1100 1621 1306 1690; x_wconf 80' lang='grc' dir='ltr'>Πέτρος</span> <span class='ocrx_word' id='word_1_110' title='bbox 1329 1622 1494 1675; x_wconf 82' lang='grc' dir='ltr'>ἐστίν.</span> <span class='ocrx_word' id='word_1_111' title='bbox 1533 1619 1622 1672; x_wconf 83' lang='grc' dir='ltr'>Ἐν</span> <span class='ocrx_word' id='word_1_112' title='bbox 1711 1622 1770 1672; x_wconf 89' lang='grc' dir='ltr'>τὸ</span> <span class='ocrx_word' id='word_1_113' title='bbox 1794 1620 1894 1684; x_wconf 81' lang='grc' dir='ltr'>μὲν</span> <span class='ocrx_word' id='word_1_114' title='bbox 1920 1619 2070 1673; x_wconf 75' lang='grc' dir='ltr'>ἔστιν</span> 
     </span>
    </p>
   </div>
   <div class='ocr_carea' id='block_1_17' title="bbox 487 1711 2066 1787">
    <p class='ocr_par' dir='ltr' id='par_1_17' title="bbox 487 1711 2066 1787">
     <span class='ocr_line' id='line_1_17' title="bbox 487 1711 2066 1787; baseline 0.001 -24"><span class='ocrx_word' id='word_1_115' title='bbox 487 1711 870 1779; x_wconf 77' lang='grc' dir='ltr'>ὑποκείμενον,</span> <span class='ocrx_word' id='word_1_116' title='bbox 920 1711 983 1764; x_wconf 83' lang='grc' dir='ltr'>τὸ</span> <span class='ocrx_word' id='word_1_117' title='bbox 1035 1711 1091 1765; x_wconf 72' lang='grc' dir='ltr'>δὲ</span> <span class='ocrx_word' id='word_1_118' title='bbox 1137 1712 1305 1765; x_wconf 85' lang='grc' dir='ltr'>αὐτοῦ</span> <span class='ocrx_word' id='word_1_119' title='bbox 1349 1713 1864 1783; x_wconf 78' lang='grc' dir='ltr'>κατηγορούμενονο</span> <span class='ocrx_word' id='word_1_120' title='bbox 1893 1713 2066 1787; x_wconf 81' lang='grc' dir='ltr'>ταύτῃ</span> 
     </span>
    </p>
   </div>
   <div class='ocr_carea' id='block_1_18' title="bbox 484 1791 1322 1876">
    <p class='ocr_par' dir='ltr' id='par_1_18' title="bbox 484 1791 1322 1876">
     <span class='ocr_line' id='line_1_18' title="bbox 484 1791 1322 1876; baseline 0.006 -21"><span class='ocrx_word' id='word_1_121' title='bbox 484 1801 540 1855; x_wconf 83' lang='grc' dir='ltr'>δέ</span> <span class='ocrx_word' id='word_1_122' title='bbox 559 1803 740 1873; x_wconf 83' lang='grc' dir='ltr'>δήπως</span> <span class='ocrx_word' id='word_1_123' title='bbox 783 1805 876 1857; x_wconf 65' lang='grc' dir='ltr'>καὶ</span> <span class='ocrx_word' id='word_1_124' title='bbox 905 1791 1322 1876; x_wconf 73' lang='grc' dir='ltr'>διακεκριμένα.</span> 
     </span>
    </p>
   </div>
   <div class='ocr_carea' id='block_1_19' title="bbox 556 1895 2070 1968">
    <p class='ocr_par' dir='ltr' id='par_1_19' title="bbox 556 1895 2070 1968">
     <span class='ocr_line' id='line_1_19' title="bbox 556 1895 2070 1968; baseline 0.001 -19"><span class='ocrx_word' id='word_1_125' title='bbox 556 1895 757 1949; x_wconf 79' lang='grc' dir='ltr'>Σκόπει</span> <span class='ocrx_word' id='word_1_126' title='bbox 780 1897 980 1960; x_wconf 88' lang='grc' dir='ltr'>τοίνυν,</span> <span class='ocrx_word' id='word_1_127' title='bbox 1006 1899 1054 1950; x_wconf 90' lang='grc' dir='ltr'>εἱ</span> <span class='ocrx_word' id='word_1_128' title='bbox 1085 1899 1180 1951; x_wconf 68' lang='grc' dir='ltr'>καὶ</span> <span class='ocrx_word' id='word_1_129' title='bbox 1205 1899 1232 1950; x_wconf 97' lang='lat'>6</span> <span class='ocrx_word' id='word_1_130' title='bbox 1255 1898 1384 1961; x_wconf 75' lang='grc' dir='ltr'>Θεὸς</span> <span class='ocrx_word' id='word_1_131' title='bbox 1417 1897 1591 1962; x_wconf 75' lang='grc' dir='ltr'>οὕτως</span> <span class='ocrx_word' id='word_1_132' title='bbox 1614 1898 1823 1966; x_wconf 72' lang='grc' dir='ltr'>ἀληθής</span> <span class='ocrx_word' id='word_1_133' title='bbox 1850 1901 1998 1951; x_wconf 88' lang='grc' dir='ltr'>ἐστιν</span> <span class='ocrx_word' id='word_1_134' title='bbox 2031 1899 2070 1968; x_wconf 81' lang='grc' dir='ltr'>ἢ</span> 
     </span>
    </p>
   </div>
   <div class='ocr_carea' id='block_1_20' title="bbox 483 1987 2066 2061">
    <p class='ocr_par' dir='ltr' id='par_1_20' title="bbox 483 1987 2066 2061">
     <span class='ocr_line' id='line_1_20' title="bbox 483 1987 2066 2061; baseline 0.001 -21"><span class='ocrx_word' id='word_1_135' title='bbox 483 1987 709 2052; x_wconf 74' lang='grc' dir='ltr'>δίκαιος,</span> <span class='ocrx_word' id='word_1_136' title='bbox 740 1988 815 2050; x_wconf 85' lang='grc' dir='ltr'>ὡς</span> <span class='ocrx_word' id='word_1_137' title='bbox 857 1990 884 2041; x_wconf 90' lang='grc' dir='ltr'>ό</span> <span class='ocrx_word' id='word_1_138' title='bbox 920 1988 1126 2059; x_wconf 84' lang='grc' dir='ltr'>Πέτρος</span> <span class='ocrx_word' id='word_1_139' title='bbox 1161 1991 1366 2060; x_wconf 80' lang='grc' dir='ltr'>Πέτρος</span> <span class='ocrx_word' id='word_1_140' title='bbox 1405 1989 1524 2043; x_wconf 72' lang='grc' dir='ltr'>ἐστὶ</span> <span class='ocrx_word' id='word_1_141' title='bbox 1553 1990 1902 2060; x_wconf 54' lang='grc' dir='ltr'>μαινόμενος·</span> <span class='ocrx_word' id='word_1_142' title='bbox 1939 1991 2066 2061; x_wconf 82' lang='grc' dir='ltr'>μήτ’</span> 
     </span>
    </p>
   </div>
   <div class='ocr_carea' id='block_1_21' title="bbox 487 2079 2068 2154">
    <p class='ocr_par' dir='ltr' id='par_1_21' title="bbox 487 2079 2068 2154">
     <span class='ocr_line' id='line_1_21' title="bbox 487 2079 2068 2154; baseline 0.003 -22"><span class='ocrx_word' id='word_1_143' title='bbox 487 2081 555 2132; x_wconf 84' lang='grc' dir='ltr'>ἂν</span> <span class='ocrx_word' id='word_1_144' title='bbox 577 2081 756 2150; x_wconf 79' lang='grc' dir='ltr'>ἀξιοίη</span> <span class='ocrx_word' id='word_1_145' title='bbox 786 2083 967 2145; x_wconf 84' lang='grc' dir='ltr'>τοῦτο,</span> <span class='ocrx_word' id='word_1_146' title='bbox 999 2085 1110 2146; x_wconf 82' lang='grc' dir='ltr'>τοῖς</span> <span class='ocrx_word' id='word_1_147' title='bbox 1165 2083 1264 2153; x_wconf 84' lang='grc' dir='ltr'>μὲν</span> <span class='ocrx_word' id='word_1_148' title='bbox 1297 2083 1407 2154; x_wconf 80' lang='grc' dir='ltr'>γὰρ</span> <span class='ocrx_word' id='word_1_149' title='bbox 1439 2083 1586 2154; x_wconf 81' lang='grc' dir='ltr'>ὅροις</span> <span class='ocrx_word' id='word_1_150' title='bbox 1617 2083 1848 2146; x_wconf 81' lang='grc' dir='ltr'>ἐκείνοις</span> <span class='ocrx_word' id='word_1_151' title='bbox 1877 2086 1936 2137; x_wconf 85' lang='grc' dir='ltr'>ἐν</span> <span class='ocrx_word' id='word_1_152' title='bbox 1986 2079 2068 2148; x_wconf 78' lang='grc' dir='ltr'>οἷς</span> 
     </span>
    </p>
   </div>
   <div class='ocr_carea' id='block_1_22' title="bbox 485 2171 2066 2244">
    <p class='ocr_par' dir='ltr' id='par_1_22' title="bbox 485 2171 2066 2244">
     <span class='ocr_line' id='line_1_22' title="bbox 485 2171 2066 2244; baseline 0.001 -21"><span class='ocrx_word' id='word_1_153' title='bbox 485 2173 518 2236; x_wconf 83' lang='grc' dir='ltr'><strong>ὴ</strong></span> <span class='ocrx_word' id='word_1_154' title='bbox 547 2171 640 2224; x_wconf 86' lang='grc' dir='ltr'>τοῦ</span> <span class='ocrx_word' id='word_1_155' title='bbox 695 2172 857 2240; x_wconf 82' lang='grc' dir='ltr'>λόγου</span> <span class='ocrx_word' id='word_1_156' title='bbox 905 2171 1176 2240; x_wconf 82' lang='grc' dir='ltr'>διάκρισις</span> <span class='ocrx_word' id='word_1_157' title='bbox 1235 2173 1551 2244; x_wconf 83' lang='grc' dir='ltr'>στρέφεται,</span> <span class='ocrx_word' id='word_1_158' title='bbox 1614 2171 1816 2240; x_wconf 79' lang='grc' dir='ltr'>γένοιτ’</span> <span class='ocrx_word' id='word_1_159' title='bbox 1842 2171 1908 2225; x_wconf 78' lang='grc' dir='ltr'>ἄν</span> <span class='ocrx_word' id='word_1_160' title='bbox 1932 2189 2066 2226; x_wconf 89' lang='grc' dir='ltr'>ποτε</span> 
     </span>
    </p>
   </div>
   <div class='ocr_carea' id='block_1_23' title="bbox 488 2262 2069 2336">
    <p class='ocr_par' dir='ltr' id='par_1_23' title="bbox 488 2262 2069 2336">
     <span class='ocr_line' id='line_1_23' title="bbox 488 2262 2069 2336; baseline 0.003 -23"><span class='ocrx_word' id='word_1_161' title='bbox 488 2262 653 2333; x_wconf 78' lang='grc' dir='ltr'>σχολὴ</span> <span class='ocrx_word' id='word_1_162' title='bbox 678 2264 777 2333; x_wconf 86' lang='grc' dir='ltr'>τῆς</span> <span class='ocrx_word' id='word_1_163' title='bbox 810 2265 1088 2336; x_wconf 74' lang='grc' dir='ltr'>ἡμετέρας</span> <span class='ocrx_word' id='word_1_164' title='bbox 1133 2263 1314 2336; x_wconf 77' lang='grc' dir='ltr'>ψυχῆς</span> <span class='ocrx_word' id='word_1_165' title='bbox 1346 2264 1837 2336; x_wconf 78' lang='grc' dir='ltr'>περιαιρουμένης,</span> <span class='ocrx_word' id='word_1_166' title='bbox 1869 2264 1903 2335; x_wconf 83' lang='grc' dir='ltr'>ἢ</span> <span class='ocrx_word' id='word_1_167' title='bbox 1941 2265 2069 2328; x_wconf 77' lang='grc' dir='ltr'>τοὺς</span> 
     </span>
    </p>
   </div>
   <div class='ocr_carea' id='block_1_24' title="bbox 487 2357 2070 2430">
    <p class='ocr_par' dir='ltr' id='par_1_24' title="bbox 487 2357 2070 2430">
     <span class='ocr_line' id='line_1_24' title="bbox 487 2357 2070 2430; baseline 0.001 -20"><span class='ocrx_word' id='word_1_168' title='bbox 487 2357 725 2412; x_wconf 78' lang='grc' dir='ltr'>τοιούσδε</span> <span class='ocrx_word' id='word_1_169' title='bbox 754 2359 914 2430; x_wconf 87' lang='grc' dir='ltr'>ὅρους</span> <span class='ocrx_word' id='word_1_170' title='bbox 957 2359 1182 2414; x_wconf 84' lang='grc' dir='ltr'>δύναται</span> <span class='ocrx_word' id='word_1_171' title='bbox 1232 2359 1515 2420; x_wconf 90' lang='grc' dir='ltr'>πλάττειν,</span> <span class='ocrx_word' id='word_1_172' title='bbox 1551 2357 1693 2411; x_wconf 82' lang='grc' dir='ltr'>ὥστε</span> <span class='ocrx_word' id='word_1_173' title='bbox 1727 2359 1824 2413; x_wconf 75' lang='grc' dir='ltr'>καὶ</span> <span class='ocrx_word' id='word_1_174' title='bbox 1857 2360 1978 2420; x_wconf 79' lang='grc' dir='ltr'>ταῖς</span> <span class='ocrx_word' id='word_1_175' title='bbox 2010 2359 2070 2411; x_wconf 83' lang='grc' dir='ltr'>ἐν</span> 
     </span>
    </p>
   </div>
   <div class='ocr_carea' id='block_1_25' title="bbox 487 2449 2070 2522">
    <p class='ocr_par' dir='ltr' id='par_1_25' title="bbox 487 2449 2070 2522">
     <span class='ocr_line' id='line_1_25' title="bbox 487 2449 2070 2522; baseline 0.001 -21"><span class='ocrx_word' id='word_1_176' title='bbox 487 2451 680 2514; x_wconf 85' lang='grc' dir='ltr'>αὑταῖς</span> <span class='ocrx_word' id='word_1_177' title='bbox 705 2450 1071 2520; x_wconf 75' lang='grc' dir='ltr'>διακρίσεσιν,</span> <span class='ocrx_word' id='word_1_178' title='bbox 1101 2451 1259 2505; x_wconf 82' lang='grc' dir='ltr'>οὐσία</span> <span class='ocrx_word' id='word_1_179' title='bbox 1290 2451 1346 2504; x_wconf 85' lang='grc' dir='ltr'>δὲ</span> <span class='ocrx_word' id='word_1_180' title='bbox 1375 2449 1514 2504; x_wconf 82' lang='grc' dir='ltr'>Θεοῦ</span> <span class='ocrx_word' id='word_1_181' title='bbox 1539 2450 1635 2504; x_wconf 68' lang='grc' dir='ltr'>καὶ</span> <span class='ocrx_word' id='word_1_182' title='bbox 1665 2451 1938 2522; x_wconf 83' lang='grc' dir='ltr'>ἐνέργεια,</span> <span class='ocrx_word' id='word_1_183' title='bbox 1971 2449 2070 2503; x_wconf 79' lang='grc' dir='ltr'>καὶ</span> 
     </span>
    </p>
   </div>
   <div class='ocr_carea' id='block_1_26' title="bbox 489 2541 2070 2614">
    <p class='ocr_par' dir='ltr' id='par_1_26' title="bbox 489 2541 2070 2614">
     <span class='ocr_line' id='line_1_26' title="bbox 489 2541 2070 2614; baseline 0.001 -21"><span class='ocrx_word' id='word_1_184' title='bbox 489 2543 520 2611; x_wconf 88' lang='grc' dir='ltr'>ή</span> <span class='ocrx_word' id='word_1_185' title='bbox 561 2544 619 2595; x_wconf 89' lang='grc' dir='ltr'>ἐν</span> <span class='ocrx_word' id='word_1_186' title='bbox 661 2543 874 2605; x_wconf 78' lang='grc' dir='ltr'>τούτοις</span> <span class='ocrx_word' id='word_1_187' title='bbox 917 2543 1150 2614; x_wconf 69' lang='grc' dir='ltr'>διαφορὰ</span> <span class='ocrx_word' id='word_1_188' title='bbox 1185 2543 1281 2596; x_wconf 74' lang='grc' dir='ltr'>καὶ</span> <span class='ocrx_word' id='word_1_189' title='bbox 1325 2545 1806 2614; x_wconf 74' lang='grc' dir='ltr'>⁴περιαιρουμένης</span> <span class='ocrx_word' id='word_1_190' title='bbox 1851 2541 2070 2610; x_wconf 88' lang='grc' dir='ltr'>ἁπάσης</span> 
     </span>
    </p>
   </div>
   <div class='ocr_carea' id='block_1_27' title="bbox 487 2633 2067 2705">
    <p class='ocr_par' dir='ltr' id='par_1_27' title="bbox 487 2633 2067 2705">
     <span class='ocr_line' id='line_1_27' title="bbox 487 2633 2067 2705; baseline -0.002 -18"><span class='ocrx_word' id='word_1_191' title='bbox 487 2635 664 2705; x_wconf 71' lang='grc' dir='ltr'>ψυχῆς</span> <span class='ocrx_word' id='word_1_192' title='bbox 687 2634 785 2687; x_wconf 73' lang='grc' dir='ltr'>καὶ</span> <span class='ocrx_word' id='word_1_193' title='bbox 819 2636 909 2687; x_wconf 89' lang='grc' dir='ltr'>νοῦ</span> <span class='ocrx_word' id='word_1_194' title='bbox 959 2635 1161 2698; x_wconf 76' lang='grc' dir='ltr'>παντὸς</span> <span class='ocrx_word' id='word_1_195' title='bbox 1187 2633 1362 2687; x_wconf 80' lang='grc' dir='ltr'>ἔσται.</span> <span class='ocrx_word' id='word_1_196' title='bbox 1399 2635 1474 2688; x_wconf 85' lang='grc' dir='ltr'>Οὐ</span> <span class='ocrx_word' id='word_1_197' title='bbox 1505 2634 1614 2703; x_wconf 81' lang='grc' dir='ltr'>γάρ</span> <span class='ocrx_word' id='word_1_198' title='bbox 1648 2633 1971 2688; x_wconf 84' lang='grc' dir='ltr'>ἀνθίσταται</span> <span class='ocrx_word' id='word_1_199' title='bbox 2001 2635 2067 2704; x_wconf 79' lang='grc' dir='ltr'>τῇ</span> 
     </span>
    </p>
   </div>
   <div class='ocr_carea' id='block_1_28' title="bbox 489 2721 2070 2798">
    <p class='ocr_par' dir='ltr' id='par_1_28' title="bbox 489 2721 2070 2798">
     <span class='ocr_line' id='line_1_28' title="bbox 489 2721 2070 2798; baseline 0 -20"><span class='ocrx_word' id='word_1_200' title='bbox 489 2726 739 2796; x_wconf 75' lang='grc' dir='ltr'>ἐνεργείᾳ</span> <span class='ocrx_word' id='word_1_201' title='bbox 755 2728 820 2797; x_wconf 80' lang='grc' dir='ltr'>τῇ</span> <span class='ocrx_word' id='word_1_202' title='bbox 858 2725 999 2796; x_wconf 83' lang='grc' dir='ltr'>θείᾳ,</span> <span class='ocrx_word' id='word_1_203' title='bbox 1030 2725 1149 2788; x_wconf 49' lang='grc' dir='ltr'>εἴτε,</span> <span class='ocrx_word' id='word_1_204' title='bbox 1173 2729 1239 2798; x_wconf 80' lang='grc' dir='ltr'>τῇ</span> <span class='ocrx_word' id='word_1_205' title='bbox 1274 2726 1558 2788; x_wconf 74' lang='grc' dir='ltr'>ἕνδον,εῖτε</span> <span class='ocrx_word' id='word_1_206' title='bbox 1581 2729 1647 2798; x_wconf 85' lang='grc' dir='ltr'>τῇ</span> <span class='ocrx_word' id='word_1_207' title='bbox 1682 2725 1808 2792; x_wconf 79' lang='grc' dir='ltr'>ἔξω,</span> <span class='ocrx_word' id='word_1_208' title='bbox 1840 2725 1900 2779; x_wconf 87' lang='grc' dir='ltr'>τὸ</span> <span class='ocrx_word' id='word_1_209' title='bbox 1929 2721 2070 2778; x_wconf 81' lang='grc' dir='ltr'>εἶναι</span> 
     </span>
    </p>
   </div>
   <div class='ocr_carea' id='block_1_29' title="bbox 486 2817 2068 2890">
    <p class='ocr_par' dir='ltr' id='par_1_29' title="bbox 486 2817 2068 2890">
     <span class='ocr_line' id='line_1_29' title="bbox 486 2817 2068 2890; baseline 0.001 -20"><span class='ocrx_word' id='word_1_210' title='bbox 486 2817 615 2887; x_wconf 82' lang='grc' dir='ltr'>ῆ”,τὸ</span> <span class='ocrx_word' id='word_1_211' title='bbox 661 2818 932 2890; x_wconf 80' lang='grc' dir='ltr'>ὑπάρχειν</span> <span class='ocrx_word' id='word_1_212' title='bbox 980 2817 1013 2887; x_wconf 84' lang='grc' dir='ltr'>ἦ</span> <span class='ocrx_word' id='word_1_213' title='bbox 1064 2819 1128 2870; x_wconf 90' lang='grc' dir='ltr'>τὸ</span> <span class='ocrx_word' id='word_1_214' title='bbox 1183 2817 1555 2888; x_wconf 84' lang='grc' dir='ltr'>προάγεσθαι,</span> <span class='ocrx_word' id='word_1_215' title='bbox 1599 2818 1704 2872; x_wconf 79' lang='grc' dir='ltr'>κᾶν</span> <span class='ocrx_word' id='word_1_216' title='bbox 1738 2820 1918 2872; x_wconf 91' lang='grc' dir='ltr'>πάντα</span> <span class='ocrx_word' id='word_1_217' title='bbox 1942 2819 2068 2872; x_wconf 88' lang='grc' dir='ltr'>νοῦν</span> 
     </span>
    </p>
   </div>
   <div class='ocr_carea' id='block_1_30' title="bbox 486 2907 2072 2980">
    <p class='ocr_par' dir='ltr' id='par_1_30' title="bbox 486 2907 2072 2980">
     <span class='ocr_line' id='line_1_30' title="bbox 486 2907 2072 2980; baseline 0.002 -21"><span class='ocrx_word' id='word_1_218' title='bbox 486 2907 844 2978; x_wconf 80' lang='grc' dir='ltr'>ἀναιρεθῆναι</span> <span class='ocrx_word' id='word_1_219' title='bbox 868 2907 1133 2977; x_wconf 87' lang='grc' dir='ltr'>συμϐαίη,</span> <span class='ocrx_word' id='word_1_220' title='bbox 1167 2907 1226 2972; x_wconf 83' lang='grc' dir='ltr'>ὅς</span> <span class='ocrx_word' id='word_1_221' title='bbox 1249 2907 1424 2963; x_wconf 85' lang='grc' dir='ltr'>ταῦτα</span> <span class='ocrx_word' id='word_1_222' title='bbox 1452 2908 1550 2979; x_wconf 86' lang='grc' dir='ltr'>τῆς</span> <span class='ocrx_word' id='word_1_223' title='bbox 1582 2909 1733 2972; x_wconf 81' lang='grc' dir='ltr'>θείας</span> <span class='ocrx_word' id='word_1_224' title='bbox 1786 2909 2072 2980; x_wconf 76' lang='grc' dir='ltr'>ἐνεργείας</span> 
     </span>
    </p>
   </div>
   <div class='ocr_carea' id='block_1_31' title="bbox 487 2997 2073 3070">
    <p class='ocr_par' dir='ltr' id='par_1_31' title="bbox 487 2997 2073 3070">
     <span class='ocr_line' id='line_1_31' title="bbox 487 2997 2073 3070; baseline 0.004 -22"><span class='ocrx_word' id='word_1_225' title='bbox 487 2997 827 3068; x_wconf 78' lang='grc' dir='ltr'>κατηγορεῖ·</span> <span class='ocrx_word' id='word_1_226' title='bbox 883 2999 1006 3053; x_wconf 88' lang='grc' dir='ltr'>οὐδέ</span> <span class='ocrx_word' id='word_1_227' title='bbox 1029 3000 1083 3052; x_wconf 93' lang='grc' dir='ltr'>τί</span> <span class='ocrx_word' id='word_1_228' title='bbox 1114 3016 1176 3067; x_wconf 90' lang='grc' dir='ltr'>γε</span> <span class='ocrx_word' id='word_1_229' title='bbox 1206 3001 1305 3069; x_wconf 88' lang='grc' dir='ltr'>τῆς</span> <span class='ocrx_word' id='word_1_230' title='bbox 1344 2999 1606 3069; x_wconf 84' lang='grc' dir='ltr'>τοιαύτης</span> <span class='ocrx_word' id='word_1_231' title='bbox 1632 2998 1800 3053; x_wconf 74' lang='grc' dir='ltr'>ἕνεκα</span> <span class='ocrx_word' id='word_1_232' title='bbox 1832 3017 2073 3070; x_wconf 60' lang='grc' dir='ltr'>κατηγοά</span> 
     </span>
    </p>
   </div>
   <div class='ocr_carea' id='block_1_32' title="bbox 491 3088 2068 3164">
    <p class='ocr_par' dir='ltr' id='par_1_32' title="bbox 491 3088 2068 3164">
     <span class='ocr_line' id='line_1_32' title="bbox 491 3088 2068 3164; baseline 0.001 -20"><span class='ocrx_word' id='word_1_233' title='bbox 491 3093 614 3161; x_wconf 82' lang='grc' dir='ltr'>ρίας</span> <span class='ocrx_word' id='word_1_234' title='bbox 642 3093 780 3154; x_wconf 78' lang='grc' dir='ltr'>ἐστὶ,</span> <span class='ocrx_word' id='word_1_235' title='bbox 809 3092 869 3145; x_wconf 90' lang='grc' dir='ltr'>τὸ</span> <span class='ocrx_word' id='word_1_236' title='bbox 894 3092 994 3164; x_wconf 76' lang='grc' dir='ltr'>τὴν</span> <span class='ocrx_word' id='word_1_237' title='bbox 1033 3092 1184 3146; x_wconf 89' lang='grc' dir='ltr'>θείαν</span> <span class='ocrx_word' id='word_1_238' title='bbox 1204 3092 1521 3161; x_wconf 89' lang='grc' dir='ltr'>άγαθότητα</span> <span class='ocrx_word' id='word_1_239' title='bbox 1567 3094 1625 3144; x_wconf 82' lang='grc' dir='ltr'>ἐν</span> <span class='ocrx_word' id='word_1_240' title='bbox 1655 3091 1732 3162; x_wconf 80' lang='grc' dir='ltr'>τῷ</span> <span class='ocrx_word' id='word_1_241' title='bbox 1758 3091 1879 3158; x_wconf 88' lang='grc' dir='ltr'>Θεῷ</span> <span class='ocrx_word' id='word_1_242' title='bbox 1903 3088 2068 3160; x_wconf 79' lang='grc' dir='ltr'>εῖναι,</span> 
     </span>
    </p>
   </div>
   <div class='ocr_carea' id='block_1_33' title="bbox 487 3184 2072 3258">
    <p class='ocr_par' dir='ltr' id='par_1_33' title="bbox 487 3184 2072 3258">
     <span class='ocr_line' id='line_1_33' title="bbox 487 3184 2072 3258; baseline 0.001 -21"><span class='ocrx_word' id='word_1_243' title='bbox 487 3184 610 3255; x_wconf 78' lang='grc' dir='ltr'>ἥτὸ</span> <span class='ocrx_word' id='word_1_244' title='bbox 657 3185 1076 3256; x_wconf 71' lang='grc' dir='ltr'>ἀπολελυμένους</span> <span class='ocrx_word' id='word_1_245' title='bbox 1131 3189 1233 3254; x_wconf 78' lang='grc' dir='ltr'>μὲν</span> <span class='ocrx_word' id='word_1_246' title='bbox 1259 3185 1432 3255; x_wconf 81' lang='grc' dir='ltr'>αὐτὴν</span> <span class='ocrx_word' id='word_1_247' title='bbox 1467 3186 1734 3258; x_wconf 80' lang='grc' dir='ltr'>ὑπάρχειν</span> <span class='ocrx_word' id='word_1_248' title='bbox 1778 3187 1918 3252; x_wconf 85' lang='grc' dir='ltr'>ἐκεῖ,</span> <span class='ocrx_word' id='word_1_249' title='bbox 1949 3186 2072 3255; x_wconf 88' lang='grc' dir='ltr'>γέν-</span> 
     </span>
    </p>
   </div>
   <div class='ocr_carea' id='block_1_34' title="bbox 488 3277 2070 3350">
    <p class='ocr_par' dir='ltr' id='par_1_34' title="bbox 488 3277 2070 3350">
     <span class='ocr_line' id='line_1_34' title="bbox 488 3277 2070 3350; baseline 0.002 -21"><span class='ocrx_word' id='word_1_250' title='bbox 488 3293 646 3345; x_wconf 81' lang='grc' dir='ltr'>νησιν</span> <span class='ocrx_word' id='word_1_251' title='bbox 673 3277 729 3330; x_wconf 82' lang='grc' dir='ltr'>δὲ</span> <span class='ocrx_word' id='word_1_252' title='bbox 776 3278 870 3331; x_wconf 80' lang='grc' dir='ltr'>καὶ</span> <span class='ocrx_word' id='word_1_253' title='bbox 931 3277 1206 3349; x_wconf 82' lang='grc' dir='ltr'>προϐολὴν</span> <span class='ocrx_word' id='word_1_254' title='bbox 1238 3278 1594 3350; x_wconf 84' lang='grc' dir='ltr'>ἀναφορικῶς</span> <span class='ocrx_word' id='word_1_255' title='bbox 1622 3279 1718 3332; x_wconf 76' lang='grc' dir='ltr'>καὶ</span> <span class='ocrx_word' id='word_1_256' title='bbox 1747 3278 2070 3349; x_wconf 88' lang='grc' dir='ltr'>πατρότητα</span> 
     </span>
    </p>
   </div>
   <div class='ocr_carea' id='block_1_35' title="bbox 489 3370 2074 3442">
    <p class='ocr_par' dir='ltr' id='par_1_35' title="bbox 489 3370 2074 3442">
     <span class='ocr_line' id='line_1_35' title="bbox 489 3370 2074 3442; baseline 0 -20"><span class='ocrx_word' id='word_1_257' title='bbox 489 3370 582 3422; x_wconf 76' lang='grc' dir='ltr'>καὶ</span> <span class='ocrx_word' id='word_1_258' title='bbox 615 3371 863 3442; x_wconf 84' lang='grc' dir='ltr'>υίότητα.</span> <span class='ocrx_word' id='word_1_259' title='bbox 906 3371 1071 3426; x_wconf 82' lang='grc' dir='ltr'>Ἀλλά</span> <span class='ocrx_word' id='word_1_260' title='bbox 1105 3370 1279 3426; x_wconf 89' lang='grc' dir='ltr'>ταῦτα</span> <span class='ocrx_word' id='word_1_261' title='bbox 1311 3372 1409 3424; x_wconf 63' lang='grc' dir='ltr'>καί⁸</span> <span class='ocrx_word' id='word_1_262' title='bbox 1454 3371 1531 3442; x_wconf 79' lang='grc' dir='ltr'>μὴ</span> <span class='ocrx_word' id='word_1_263' title='bbox 1572 3370 1866 3441; x_wconf 86' lang='grc' dir='ltr'>νοούμενα,</span> <span class='ocrx_word' id='word_1_264' title='bbox 1917 3371 2074 3426; x_wconf 80' lang='grc' dir='ltr'>οὐδὲν</span> 
     </span>
    </p>
   </div>
   <div class='ocr_carea' id='block_1_36' title="bbox 489 3457 2072 3534">
    <p class='ocr_par' dir='ltr' id='par_1_36' title="bbox 489 3457 2072 3534">
     <span class='ocr_line' id='line_1_36' title="bbox 489 3457 2072 3534; baseline 0.002 -21"><span class='ocrx_word' id='word_1_265' title='bbox 489 3457 652 3532; x_wconf 81' lang='grc' dir='ltr'>ἧττον</span> <span class='ocrx_word' id='word_1_266' title='bbox 688 3463 803 3516; x_wconf 81' lang='grc' dir='ltr'>ἐστι</span> <span class='ocrx_word' id='word_1_267' title='bbox 852 3463 947 3517; x_wconf 71' lang='grc' dir='ltr'>καὶ</span> <span class='ocrx_word' id='word_1_268' title='bbox 981 3463 1134 3518; x_wconf 74' lang='grc' dir='ltr'>ἔσται</span> <span class='ocrx_word' id='word_1_269' title='bbox 1164 3463 1338 3528; x_wconf 84' lang='grc' dir='ltr'>οὑτως</span> <span class='ocrx_word' id='word_1_270' title='bbox 1394 3463 1455 3516; x_wconf 82' lang='grc' dir='ltr'>ἐν</span> <span class='ocrx_word' id='word_1_271' title='bbox 1487 3465 1553 3534; x_wconf 83' lang='grc' dir='ltr'>τῇ</span> <span class='ocrx_word' id='word_1_272' title='bbox 1603 3463 1700 3517; x_wconf 90' lang='grc' dir='ltr'>τοῦ</span> <span class='ocrx_word' id='word_1_273' title='bbox 1737 3464 2072 3533; x_wconf 90' lang='grc' dir='ltr'>πράγματος</span> 
     </span>
    </p>
   </div>
   <div class='ocr_carea' id='block_1_37' title="bbox 489 3553 2070 3628">
    <p class='ocr_par' dir='ltr' id='par_1_37' title="bbox 489 3553 2070 3628">
     <span class='ocr_line' id='line_1_37' title="bbox 489 3553 2070 3628; baseline 0.001 -21"><span class='ocrx_word' id='word_1_274' title='bbox 489 3554 673 3622; x_wconf 82' lang='grc' dir='ltr'>φύσει.</span> <span class='ocrx_word' id='word_1_275' title='bbox 735 3555 944 3627; x_wconf 82' lang='grc' dir='ltr'>Πέτρος</span> <span class='ocrx_word' id='word_1_276' title='bbox 990 3555 1047 3609; x_wconf 88' lang='grc' dir='ltr'>δὲ</span> <span class='ocrx_word' id='word_1_277' title='bbox 1104 3555 1464 3610; x_wconf 83' lang='grc' dir='ltr'>ὑποκείσεται</span> <span class='ocrx_word' id='word_1_278' title='bbox 1517 3553 1677 3619; x_wconf 86' lang='grc' dir='ltr'>αὐτὸς</span> <span class='ocrx_word' id='word_1_279' title='bbox 1731 3555 1937 3628; x_wconf 84' lang='grc' dir='ltr'>ἐαυτῷ,</span> <span class='ocrx_word' id='word_1_280' title='bbox 1973 3555 2070 3610; x_wconf 79' lang='grc' dir='ltr'>καὶ</span> 
     </span>
    </p>
   </div>
   <div class='ocr_carea' id='block_1_38' title="bbox 488 3641 2068 3716">
    <p class='ocr_par' dir='ltr' id='par_1_38' title="bbox 488 3641 2068 3716">
     <span class='ocr_line' id='line_1_38' title="bbox 488 3641 2068 3716; baseline 0.001 -22"><span class='ocrx_word' id='word_1_281' title='bbox 488 3641 682 3696; x_wconf 80' lang='grc' dir='ltr'>ἑαυτοῦ</span> <span class='ocrx_word' id='word_1_282' title='bbox 713 3643 1250 3716; x_wconf 84' lang='grc' dir='ltr'>κατηγορηθήσεται,</span> <span class='ocrx_word' id='word_1_283' title='bbox 1285 3647 1381 3698; x_wconf 76' lang='grc' dir='ltr'>καὶ</span> <span class='ocrx_word' id='word_1_284' title='bbox 1411 3646 1588 3716; x_wconf 89' lang='grc' dir='ltr'>ταύτῃ</span> <span class='ocrx_word' id='word_1_285' title='bbox 1623 3644 2068 3715; x_wconf 85' lang='grc' dir='ltr'>διακριθήσεται,</span> 
     </span>
    </p>
   </div>
   <div class='ocr_carea' id='block_1_39' title="bbox 487 3734 2070 3809">
    <p class='ocr_par' dir='ltr' id='par_1_39' title="bbox 487 3734 2070 3809">
     <span class='ocr_line' id='line_1_39' title="bbox 487 3734 2070 3809; baseline 0.003 -23"><span class='ocrx_word' id='word_1_286' title='bbox 487 3734 696 3807; x_wconf 83' lang='grc' dir='ltr'>οὐδαμῆ</span> <span class='ocrx_word' id='word_1_287' title='bbox 745 3736 1000 3805; x_wconf 76' lang='grc' dir='ltr'>οὐδαμῶς</span> <span class='ocrx_word' id='word_1_288' title='bbox 1030 3735 1516 3808; x_wconf 79' lang='grc' dir='ltr'>ἀπαλλαττόμενος</span> <span class='ocrx_word' id='word_1_289' title='bbox 1559 3737 1660 3809; x_wconf 84' lang='grc' dir='ltr'>τῆς</span> <span class='ocrx_word' id='word_1_290' title='bbox 1690 3736 1863 3792; x_wconf 89' lang='grc' dir='ltr'>ταῦτα</span> <span class='ocrx_word' id='word_1_291' title='bbox 1894 3755 2070 3806; x_wconf 87' lang='grc' dir='ltr'>πεφυ-</span> 
     </span>
    </p>
   </div>
   <div class='ocr_carea' id='block_1_40' title="bbox 487 3828 1170 3902">
    <p class='ocr_par' dir='ltr' id='par_1_40' title="bbox 487 3828 1170 3902">
     <span class='ocr_line' id='line_1_40' title="bbox 487 3828 1170 3902; baseline 0.01 -22"><span class='ocrx_word' id='word_1_292' title='bbox 487 3828 644 3891; x_wconf 83' lang='grc' dir='ltr'>κυίας</span> <span class='ocrx_word' id='word_1_293' title='bbox 678 3830 940 3899; x_wconf 90' lang='grc' dir='ltr'>πράττειν</span> <span class='ocrx_word' id='word_1_294' title='bbox 970 3828 1170 3902; x_wconf 70' lang='grc' dir='ltr'>ψυχῆς.</span> 
     </span>
    </p>
   </div>
   <div class='ocr_carea' id='block_1_41' title="bbox 559 3919 2060 3996">
    <p class='ocr_par' dir='ltr' id='par_1_41' title="bbox 559 3919 2060 3996">
     <span class='ocr_line' id='line_1_41' title="bbox 559 3919 2060 3996; baseline 0.003 -22"><span class='ocrx_word' id='word_1_295' title='bbox 559 3919 696 3974; x_wconf 76' lang='grc' dir='ltr'>Οὔτε</span> <span class='ocrx_word' id='word_1_296' title='bbox 738 3921 918 3976; x_wconf 86' lang='grc' dir='ltr'>τοίνυν</span> <span class='ocrx_word' id='word_1_297' title='bbox 962 3927 1028 3995; x_wconf 87' lang='grc' dir='ltr'>τῇ</span> <span class='ocrx_word' id='word_1_298' title='bbox 1062 3923 1186 3995; x_wconf 77' lang='grc' dir='ltr'>θείᾳ</span> <span class='ocrx_word' id='word_1_299' title='bbox 1219 3925 1434 3996; x_wconf 85' lang='grc' dir='ltr'>Γραφῇ,</span> <span class='ocrx_word' id='word_1_300' title='bbox 1467 3923 1590 3978; x_wconf 79' lang='grc' dir='ltr'>οὔτε</span> <span class='ocrx_word' id='word_1_301' title='bbox 1636 3924 1715 3996; x_wconf 83' lang='grc' dir='ltr'>τῷ</span> <span class='ocrx_word' id='word_1_302' title='bbox 1742 3924 1886 3994; x_wconf 87' lang='grc' dir='ltr'>λόγῳ</span> <span class='ocrx_word' id='word_1_303' title='bbox 1918 3940 2060 3994; x_wconf 86' lang='grc' dir='ltr'>συμ-</span> 
     </span>
    </p>
   </div>
   <div class='ocr_carea' id='block_1_42' title="bbox 489 4011 2064 4088">
    <p class='ocr_par' dir='ltr' id='par_1_42' title="bbox 489 4011 2064 4088">
     <span class='ocr_line' id='line_1_42' title="bbox 489 4011 2064 4088; baseline 0.004 -25"><span class='ocrx_word' id='word_1_304' title='bbox 489 4011 741 4066; x_wconf 79' lang='grc' dir='ltr'>ϐαίνοντα</span> <span class='ocrx_word' id='word_1_305' title='bbox 793 4015 982 4084; x_wconf 67' lang='grc' dir='ltr'>ἠξίουν</span> <span class='ocrx_word' id='word_1_306' title='bbox 1009 4017 1222 4088; x_wconf 78' lang='grc' dir='ltr'>οἱπερὶ</span> <span class='ocrx_word' id='word_1_307' title='bbox 1274 4015 1547 4087; x_wconf 86' lang='grc' dir='ltr'>Βαρλαάμ</span> <span class='ocrx_word' id='word_1_308' title='bbox 1591 4017 1688 4070; x_wconf 80' lang='grc' dir='ltr'>καὶ</span> <span class='ocrx_word' id='word_1_309' title='bbox 1729 4017 2064 4082; x_wconf 79' lang='grc' dir='ltr'>Ἀκίνδυνον,</span> 
     </span>
    </p>
   </div>
   <div class='ocr_carea' id='block_1_43' title="bbox 487 4101 2068 4180">
    <p class='ocr_par' dir='ltr' id='par_1_43' title="bbox 487 4101 2068 4180">
     <span class='ocr_line' id='line_1_43' title="bbox 487 4101 2068 4180; baseline 0.004 -22"><span class='ocrx_word' id='word_1_310' title='bbox 487 4107 583 4158; x_wconf 82' lang='grc' dir='ltr'>καὶ</span> <span class='ocrx_word' id='word_1_311' title='bbox 613 4107 731 4176; x_wconf 79' lang='grc' dir='ltr'>ἅμα</span> <span class='ocrx_word' id='word_1_312' title='bbox 757 4110 870 4171; x_wconf 85' lang='grc' dir='ltr'>τοῖς</span> <span class='ocrx_word' id='word_1_313' title='bbox 913 4108 1258 4173; x_wconf 84' lang='grc' dir='ltr'>διδασκάλοις</span> <span class='ocrx_word' id='word_1_314' title='bbox 1300 4111 1436 4164; x_wconf 83' lang='grc' dir='ltr'>πᾶσι</span> <span class='ocrx_word' id='word_1_315' title='bbox 1485 4111 1791 4180; x_wconf 86' lang='grc' dir='ltr'>μαχόμενα,</span> <span class='ocrx_word' id='word_1_316' title='bbox 1835 4101 1910 4162; x_wconf 83' lang='grc' dir='ltr'>ὧν</span> <span class='ocrx_word' id='word_1_317' title='bbox 1967 4109 2068 4173; x_wconf 79' lang='grc' dir='ltr'>τὰς</span> 
     </span>
    </p>
   </div>
   <div class='ocr_carea' id='block_1_44' title="bbox 487 4197 2069 4272">
    <p class='ocr_par' dir='ltr' id='par_1_44' title="bbox 487 4197 2069 4272">
     <span class='ocr_line' id='line_1_44' title="bbox 487 4197 2069 4272; baseline 0.001 -21"><span class='ocrx_word' id='word_1_318' title='bbox 487 4197 678 4268; x_wconf 75' lang='grc' dir='ltr'>ῥήσεις</span> <span class='ocrx_word' id='word_1_319' title='bbox 712 4200 970 4271; x_wconf 72' lang='grc' dir='ltr'>εὑρήσεις</span> <span class='ocrx_word' id='word_1_320' title='bbox 997 4203 1057 4255; x_wconf 90' lang='grc' dir='ltr'>ἐν</span> <span class='ocrx_word' id='word_1_321' title='bbox 1106 4201 1185 4272; x_wconf 84' lang='grc' dir='ltr'>τῷ</span> <span class='ocrx_word' id='word_1_322' title='bbox 1215 4200 1310 4256; x_wconf 91' lang='grc' dir='ltr'>τοῦ</span> <span class='ocrx_word' id='word_1_323' title='bbox 1342 4202 1620 4272; x_wconf 83' lang='grc' dir='ltr'>μακαρίου</span> <span class='ocrx_word' id='word_1_324' title='bbox 1654 4201 1894 4272; x_wconf 82' lang='grc' dir='ltr'>Παλαμᾶ</span> <span class='ocrx_word' id='word_1_325' title='bbox 1935 4217 2069 4270; x_wconf 68' lang='grc' dir='ltr'>συγα</span> 
     </span>
    </p>
   </div>
   <div class='ocr_carea' id='block_1_45' title="bbox 485 4287 2064 4366">
    <p class='ocr_par' dir='ltr' id='par_1_45' title="bbox 485 4287 2064 4366">
     <span class='ocr_line' id='line_1_45' title="bbox 485 4287 2064 4366; baseline 0.003 -24"><span class='ocrx_word' id='word_1_326' title='bbox 485 4289 798 4359; x_wconf 80' lang='grc' dir='ltr'>γράμματι,</span> <span class='ocrx_word' id='word_1_327' title='bbox 830 4292 890 4345; x_wconf 87' lang='grc' dir='ltr'>ἐν</span> <span class='ocrx_word' id='word_1_328' title='bbox 939 4287 985 4360; x_wconf 84' lang='grc' dir='ltr'><strong>ᾧ</strong></span> <span class='ocrx_word' id='word_1_329' title='bbox 1010 4293 1246 4366; x_wconf 86' lang='grc' dir='ltr'>τρόπους</span> <span class='ocrx_word' id='word_1_330' title='bbox 1275 4294 1430 4358; x_wconf 80' lang='grc' dir='ltr'>τινὰς</span> <span class='ocrx_word' id='word_1_331' title='bbox 1463 4293 1790 4364; x_wconf 85' lang='grc' dir='ltr'>διακρίσεως</span> <span class='ocrx_word' id='word_1_332' title='bbox 1821 4293 1945 4365; x_wconf 77' lang='grc' dir='ltr'>τῆς</span> <span class='ocrx_word' id='word_1_333' title='bbox 1971 4293 2064 4347; x_wconf 85' lang='grc' dir='ltr'>οὑ-</span> 
     </span>
    </p>
   </div>
   <div class='ocr_carea' id='block_1_46' title="bbox 487 4380 2064 4458">
    <p class='ocr_par' dir='ltr' id='par_1_46' title="bbox 487 4380 2064 4458">
     <span class='ocr_line' id='line_1_46' title="bbox 487 4380 2064 4458; baseline 0.003 -24"><span class='ocrx_word' id='word_1_334' title='bbox 487 4380 610 4445; x_wconf 88' lang='grc' dir='ltr'>σίας</span> <span class='ocrx_word' id='word_1_335' title='bbox 636 4381 746 4436; x_wconf 85' lang='grc' dir='ltr'>τοῦ</span> <span class='ocrx_word' id='word_1_336' title='bbox 777 4383 918 4437; x_wconf 88' lang='grc' dir='ltr'>Θεοῦ</span> <span class='ocrx_word' id='word_1_337' title='bbox 949 4386 1045 4440; x_wconf 75' lang='grc' dir='ltr'>καὶ</span> <span class='ocrx_word' id='word_1_338' title='bbox 1093 4386 1194 4458; x_wconf 84' lang='grc' dir='ltr'>τῆς</span> <span class='ocrx_word' id='word_1_339' title='bbox 1243 4387 1528 4458; x_wconf 73' lang='grc' dir='ltr'>ἐνεργείας</span> <span class='ocrx_word' id='word_1_340' title='bbox 1575 4387 1741 4440; x_wconf 82' lang='grc' dir='ltr'>αὐτοῦ</span> <span class='ocrx_word' id='word_1_341' title='bbox 1782 4385 2064 4458; x_wconf 71' lang='grc' dir='ltr'>προτιθεὶς</span> 
     </span>
    </p>
   </div>
   <div class='ocr_carea' id='block_1_47' title="bbox 480 4471 2065 4550">
    <p class='ocr_par' dir='ltr' id='par_1_47' title="bbox 480 4471 2065 4550">
     <span class='ocr_line' id='line_1_47' title="bbox 480 4471 2065 4550; baseline 0.006 -25"><span class='ocrx_word' id='word_1_342' title='bbox 480 4473 582 4534; x_wconf 81' lang='grc' dir='ltr'>τὰς</span> <span class='ocrx_word' id='word_1_343' title='bbox 612 4474 719 4528; x_wconf 86' lang='grc' dir='ltr'>τῶν</span> <span class='ocrx_word' id='word_1_344' title='bbox 741 4471 1081 4532; x_wconf 79' lang='grc' dir='ltr'>διδασκάλων</span> <span class='ocrx_word' id='word_1_345' title='bbox 1106 4479 1298 4550; x_wconf 77' lang='grc' dir='ltr'>ῥήσεις</span> <span class='ocrx_word' id='word_1_346' title='bbox 1318 4478 1542 4542; x_wconf 90' lang='grc' dir='ltr'>τούτους</span> <span class='ocrx_word' id='word_1_347' title='bbox 1573 4479 1900 4548; x_wconf 84' lang='grc' dir='ltr'>βεϐαιοὺσας</span> <span class='ocrx_word' id='word_1_348' title='bbox 1925 4480 2065 4534; x_wconf 76' lang='grc' dir='ltr'>ἐπάά</span> 
     </span>
    </p>
   </div>
   <div class='ocr_carea' id='block_1_48' title="bbox 2097 3247 2144 3306">
    <p class='ocr_par' dir='ltr' id='par_1_48' title="bbox 2097 3247 2144 3306">
     <span class='ocr_line' id='line_1_48' title="bbox 2097 3247 2144 3306; baseline 0 0"><span class='ocrx_word' id='word_1_349' title='bbox 2097 3247 2144 3306; x_wconf 81' lang='lat' dir='ltr'><strong><em>C</em></strong></span> 
     </span>
    </p>
   </div>
   <div class='ocr_carea' id='block_1_49' title="bbox 2164 585 3750 660">
    <p class='ocr_par' dir='ltr' id='par_1_49' title="bbox 2164 585 3750 660">
     <span class='ocr_line' id='line_1_49' title="bbox 2164 585 3750 660; baseline -0.008 -9"><span class='ocrx_word' id='word_1_350' title='bbox 2164 601 2268 660; x_wconf 69' lang='grc' dir='ltr'>τὰς</span> <span class='ocrx_word' id='word_1_351' title='bbox 2303 594 2584 658; x_wconf 82' lang='grc' dir='ltr'>συνθέσεις</span> <span class='ocrx_word' id='word_1_352' title='bbox 2613 594 2843 660; x_wconf 83' lang='grc' dir='ltr'>ἐπῆγον,</span> <span class='ocrx_word' id='word_1_353' title='bbox 2901 592 2996 644; x_wconf 76' lang='grc' dir='ltr'>καὶ</span> <span class='ocrx_word' id='word_1_354' title='bbox 3040 589 3141 660; x_wconf 82' lang='grc' dir='ltr'>τὴν</span> <span class='ocrx_word' id='word_1_355' title='bbox 3172 587 3483 651; x_wconf 82' lang='grc' dir='ltr'>πολυθεῖαν,</span> <span class='ocrx_word' id='word_1_356' title='bbox 3529 585 3665 640; x_wconf 89' lang='grc' dir='ltr'>ἀλλά</span> <span class='ocrx_word' id='word_1_357' title='bbox 3698 600 3750 638; x_wconf 87' lang='grc' dir='ltr'>τι</span> 
     </span>
    </p>
   </div>
   <div class='ocr_carea' id='block_1_50' title="bbox 2166 675 3750 759">
    <p class='ocr_par' dir='ltr' id='par_1_50' title="bbox 2166 675 3750 759">
     <span class='ocr_line' id='line_1_50' title="bbox 2166 675 3750 759; baseline -0.009 -15"><span class='ocrx_word' id='word_1_358' title='bbox 2166 689 2262 744; x_wconf 88' lang='grc' dir='ltr'>τοῦ</span> <span class='ocrx_word' id='word_1_359' title='bbox 2302 688 2632 759; x_wconf 85' lang='grc' dir='ltr'>πράγματος</span> <span class='ocrx_word' id='word_1_360' title='bbox 2672 683 2814 738; x_wconf 70' lang='grc' dir='ltr'>εἶναι</span> <span class='ocrx_word' id='word_1_361' title='bbox 2859 683 2955 737; x_wconf 75' lang='grc' dir='ltr'>καὶ</span> <span class='ocrx_word' id='word_1_362' title='bbox 3002 685 3060 736; x_wconf 91' lang='grc' dir='ltr'>ἐν</span> <span class='ocrx_word' id='word_1_363' title='bbox 3121 681 3198 750; x_wconf 84' lang='grc' dir='ltr'>τῷ</span> <span class='ocrx_word' id='word_1_364' title='bbox 3234 681 3528 749; x_wconf 78' lang='grc' dir='ltr'>πράγματι</span> <span class='ocrx_word' id='word_1_365' title='bbox 3577 675 3750 730; x_wconf 90' lang='grc' dir='ltr'>ταῦτα</span> 
     </span>
    </p>
   </div>
   <div class='ocr_carea' id='block_1_51' title="bbox 2171 768 3755 851">
    <p class='ocr_par' dir='ltr' id='par_1_51' title="bbox 2171 768 3755 851">
     <span class='ocr_line' id='line_1_51' title="bbox 2171 768 3755 851; baseline -0.01 -16"><span class='ocrx_word' id='word_1_366' title='bbox 2171 779 2496 851; x_wconf 87' lang='grc' dir='ltr'>φρονοῦντες</span> <span class='ocrx_word' id='word_1_367' title='bbox 2531 777 2627 831; x_wconf 74' lang='grc' dir='ltr'>καὶ</span> <span class='ocrx_word' id='word_1_368' title='bbox 2653 777 3052 846; x_wconf 82' lang='grc' dir='ltr'>κηρύττοντες,</span> <span class='ocrx_word' id='word_1_369' title='bbox 3089 773 3185 826; x_wconf 69' lang='grc' dir='ltr'>καὶ</span> <span class='ocrx_word' id='word_1_370' title='bbox 3211 772 3350 834; x_wconf 81' lang='grc' dir='ltr'>ὅλως</span> <span class='ocrx_word' id='word_1_371' title='bbox 3382 768 3755 838; x_wconf 88' lang='grc' dir='ltr'>πραγματικά</span> 
     </span>
    </p>
   </div>
   <div class='ocr_carea' id='block_1_52' title="bbox 2168 859 3753 942">
    <p class='ocr_par' dir='ltr' id='par_1_52' title="bbox 2168 859 3753 942">
     <span class='ocr_line' id='line_1_52' title="bbox 2168 859 3753 942; baseline -0.01 -14"><span class='ocrx_word' id='word_1_372' title='bbox 2168 891 2330 940; x_wconf 90' lang='grc' dir='ltr'>τινα,</span> <span class='ocrx_word' id='word_1_373' title='bbox 2389 876 2484 926; x_wconf 80' lang='grc' dir='ltr'>καὶ</span> <span class='ocrx_word' id='word_1_374' title='bbox 2547 874 2613 942; x_wconf 82' lang='grc' dir='ltr'>τῇ</span> <span class='ocrx_word' id='word_1_375' title='bbox 2684 868 2782 924; x_wconf 88' lang='grc' dir='ltr'>τοῦ</span> <span class='ocrx_word' id='word_1_376' title='bbox 2861 867 3188 939; x_wconf 83' lang='grc' dir='ltr'>πράγματος</span> <span class='ocrx_word' id='word_1_377' title='bbox 3247 863 3410 930; x_wconf 84' lang='grc' dir='ltr'>φύσει</span> <span class='ocrx_word' id='word_1_378' title='bbox 3474 859 3753 932; x_wconf 85' lang='grc' dir='ltr'>διακρινό-</span> 
     </span>
    </p>
   </div>
   <div class='ocr_carea' id='block_1_53' title="bbox 2172 981 2334 1036">
    <p class='ocr_par' dir='ltr' id='par_1_53' title="bbox 2172 981 2334 1036">
     <span class='ocr_line' id='line_1_53' title="bbox 2172 981 2334 1036; baseline 0.012 -18"><span class='ocrx_word' id='word_1_379' title='bbox 2172 981 2334 1036; x_wconf 90' lang='grc' dir='ltr'>μενα.</span> 
     </span>
    </p>
   </div>
   <div class='ocr_carea' id='block_1_54' title="bbox 2242 1043 3755 1128">
    <p class='ocr_par' dir='ltr' id='par_1_54' title="bbox 2242 1043 3755 1128">
     <span class='ocr_line' id='line_1_54' title="bbox 2242 1043 3755 1128; baseline -0.011 -18"><span class='ocrx_word' id='word_1_380' title='bbox 2242 1057 2463 1126; x_wconf 86' lang='grc' dir='ltr'>Ταύτην</span> <span class='ocrx_word' id='word_1_381' title='bbox 2495 1056 2550 1109; x_wconf 82' lang='grc' dir='ltr'>δὲ</span> <span class='ocrx_word' id='word_1_382' title='bbox 2581 1054 2680 1124; x_wconf 76' lang='grc' dir='ltr'>τὴν</span> <span class='ocrx_word' id='word_1_383' title='bbox 2707 1053 2983 1128; x_wconf 78' lang='grc' dir='ltr'>διάκρισιν</span> <span class='ocrx_word' id='word_1_384' title='bbox 3015 1051 3098 1113; x_wconf 83' lang='grc' dir='ltr'>τίς</span> <span class='ocrx_word' id='word_1_385' title='bbox 3123 1049 3330 1118; x_wconf 72' lang='grc' dir='ltr'>ἀγνοεῖ.</span> <span class='ocrx_word' id='word_1_386' title='bbox 3362 1045 3498 1098; x_wconf 84' lang='grc' dir='ltr'>πολὺ</span> <span class='ocrx_word' id='word_1_387' title='bbox 3528 1045 3628 1112; x_wconf 81' lang='grc' dir='ltr'>μὲν</span> <span class='ocrx_word' id='word_1_388' title='bbox 3653 1043 3755 1111; x_wconf 84' lang='grc' dir='ltr'>τῆς</span> 
     </span>
    </p>
   </div>
   <div class='ocr_carea' id='block_1_55' title="bbox 2169 1133 3757 1217">
    <p class='ocr_par' dir='ltr' id='par_1_55' title="bbox 2169 1133 3757 1217">
     <span class='ocr_line' id='line_1_55' title="bbox 2169 1133 3757 1217; baseline -0.009 -17"><span class='ocrx_word' id='word_1_389' title='bbox 2169 1149 2497 1214; x_wconf 80' lang='grc' dir='ltr'>διακρίσεως</span> <span class='ocrx_word' id='word_1_390' title='bbox 2550 1147 2947 1217; x_wconf 86' lang='grc' dir='ltr'>ὑπερηρμένην</span> <span class='ocrx_word' id='word_1_391' title='bbox 3007 1141 3246 1212; x_wconf 78' lang='grc' dir='ltr'>ἐκείνης,</span> <span class='ocrx_word' id='word_1_392' title='bbox 3386 1136 3675 1206; x_wconf 79' lang='grc' dir='ltr'>προσεῖχον</span> <span class='ocrx_word' id='word_1_393' title='bbox 3704 1133 3757 1185; x_wconf 77' lang='grc' dir='ltr'>οἱ</span> 
     </span>
    </p>
   </div>
   <div class='ocr_carea' id='block_1_56' title="bbox 2172 1226 3757 1308">
    <p class='ocr_par' dir='ltr' id='par_1_56' title="bbox 2172 1226 3757 1308">
     <span class='ocr_line' id='line_1_56' title="bbox 2172 1226 3757 1308; baseline -0.011 -17"><span class='ocrx_word' id='word_1_394' title='bbox 2172 1239 2304 1308; x_wconf 79' lang='grc' dir='ltr'>περὶ</span> <span class='ocrx_word' id='word_1_395' title='bbox 2349 1237 2614 1308; x_wconf 83' lang='grc' dir='ltr'>Βαρλαάμ</span> <span class='ocrx_word' id='word_1_396' title='bbox 2662 1237 2756 1290; x_wconf 69' lang='grc' dir='ltr'>καὶ</span> <span class='ocrx_word' id='word_1_397' title='bbox 2805 1233 3149 1296; x_wconf 76' lang='grc' dir='ltr'>’Ᾱκίνδυνον,.</span> <span class='ocrx_word' id='word_1_398' title='bbox 3195 1228 3498 1291; x_wconf 86' lang='grc' dir='ltr'>τουτέστιν,</span> <span class='ocrx_word' id='word_1_399' title='bbox 3523 1226 3646 1294; x_wconf 69' lang='grc' dir='ltr'>ἥτις</span> <span class='ocrx_word' id='word_1_400' title='bbox 3700 1226 3757 1274; x_wconf 85' lang='grc' dir='ltr'>ἐν</span> 
     </span>
    </p>
   </div>
   <div class='ocr_carea' id='block_1_57' title="bbox 2171 1316 3756 1403">
    <p class='ocr_par' dir='ltr' id='par_1_57' title="bbox 2171 1316 3756 1403">
     <span class='ocr_line' id='line_1_57' title="bbox 2171 1316 3756 1403; baseline -0.01 -19"><span class='ocrx_word' id='word_1_401' title='bbox 2171 1333 2320 1403; x_wconf 83' lang='grc' dir='ltr'>ὅροις</span> <span class='ocrx_word' id='word_1_402' title='bbox 2375 1331 2671 1400; x_wconf 75' lang='grc' dir='ltr'>στρέφεται</span> <span class='ocrx_word' id='word_1_403' title='bbox 2717 1325 3114 1398; x_wconf 85' lang='grc' dir='ltr'>πεποιημένοις</span> <span class='ocrx_word' id='word_1_404' title='bbox 3151 1322 3257 1378; x_wconf 87' lang='grc' dir='ltr'>ὑπὸ</span> <span class='ocrx_word' id='word_1_405' title='bbox 3290 1321 3385 1376; x_wconf 90' lang='grc' dir='ltr'>τοῦ</span> <span class='ocrx_word' id='word_1_406' title='bbox 3418 1319 3534 1383; x_wconf 88' lang='grc' dir='ltr'>νοῦ,</span> <span class='ocrx_word' id='word_1_407' title='bbox 3585 1317 3655 1389; x_wconf 82' lang='grc' dir='ltr'>ἢν</span> <span class='ocrx_word' id='word_1_408' title='bbox 3691 1316 3756 1385; x_wconf 78' lang='grc' dir='ltr'>δὴ</span> 
     </span>
    </p>
   </div>
   <div class='ocr_carea' id='block_1_58' title="bbox 2173 1406 3757 1492">
    <p class='ocr_par' dir='ltr' id='par_1_58' title="bbox 2173 1406 3757 1492">
     <span class='ocr_line' id='line_1_58' title="bbox 2173 1406 3757 1492; baseline -0.006 -16"><span class='ocrx_word' id='word_1_409' title='bbox 2173 1423 2378 1492; x_wconf 84' lang='grc' dir='ltr'>κυρίως</span> <span class='ocrx_word' id='word_1_410' title='bbox 2409 1423 2570 1490; x_wconf 84' lang='grc' dir='ltr'>ἴσμεν</span> <span class='ocrx_word' id='word_1_411' title='bbox 2591 1420 2754 1487; x_wconf 86' lang='grc' dir='ltr'>λόγου</span> <span class='ocrx_word' id='word_1_412' title='bbox 2785 1419 3083 1486; x_wconf 82' lang='grc' dir='ltr'>διάκρισιν.</span> <span class='ocrx_word' id='word_1_413' title='bbox 3115 1414 3216 1483; x_wconf 76' lang='grc' dir='ltr'>τῆς</span> <span class='ocrx_word' id='word_1_414' title='bbox 3247 1411 3304 1465; x_wconf 82' lang='grc' dir='ltr'>δέ</span> <span class='ocrx_word' id='word_1_415' title='bbox 3358 1406 3757 1480; x_wconf 71' lang='grc' dir='ltr'>πραγματικῆς</span> 
     </span>
    </p>
   </div>
   <div class='ocr_carea' id='block_1_59' title="bbox 2171 1498 3754 1585">
    <p class='ocr_par' dir='ltr' id='par_1_59' title="bbox 2171 1498 3754 1585">
     <span class='ocr_line' id='line_1_59' title="bbox 2171 1498 3754 1585; baseline -0.013 -17"><span class='ocrx_word' id='word_1_416' title='bbox 2171 1516 2392 1585; x_wconf 77' lang='grc' dir='ltr'>ἐκείνης</span> <span class='ocrx_word' id='word_1_417' title='bbox 2423 1512 2578 1574; x_wconf 72' lang='grc' dir='ltr'>αὖθις</span> <span class='ocrx_word' id='word_1_418' title='bbox 2610 1510 3038 1581; x_wconf 85' lang='grc' dir='ltr'>άδρανεστέραν,</span> <span class='ocrx_word' id='word_1_419' title='bbox 3144 1507 3214 1561; x_wconf 78' lang='grc' dir='ltr'>τὰ</span> <span class='ocrx_word' id='word_1_420' title='bbox 3260 1504 3384 1559; x_wconf 87' lang='grc' dir='ltr'>θεῖα</span> <span class='ocrx_word' id='word_1_421' title='bbox 3411 1498 3754 1572; x_wconf 84' lang='grc' dir='ltr'>διακρίνεται</span> 
     </span>
    </p>
   </div>
   <div class='ocr_carea' id='block_1_60' title="bbox 2171 1593 3758 1680">
    <p class='ocr_par' dir='ltr' id='par_1_60' title="bbox 2171 1593 3758 1680">
     <span class='ocr_line' id='line_1_60' title="bbox 2171 1593 3758 1680; baseline -0.012 -18"><span class='ocrx_word' id='word_1_422' title='bbox 2171 1609 2478 1680; x_wconf 73' lang='grc' dir='ltr'>πρόσωπας</span> <span class='ocrx_word' id='word_1_423' title='bbox 2514 1605 2701 1659; x_wconf 79' lang='grc' dir='ltr'>Ταῦτα</span> <span class='ocrx_word' id='word_1_424' title='bbox 2733 1604 2790 1657; x_wconf 79' lang='grc' dir='ltr'>δὲ</span> <span class='ocrx_word' id='word_1_425' title='bbox 2843 1603 3146 1672; x_wconf 77' lang='grc' dir='ltr'>διακρίνειν</span> <span class='ocrx_word' id='word_1_426' title='bbox 3179 1600 3282 1653; x_wconf 86' lang='grc' dir='ltr'>οὐκ</span> <span class='ocrx_word' id='word_1_427' title='bbox 3326 1595 3530 1657; x_wconf 85' lang='grc' dir='ltr'>εἰδότες</span> <span class='ocrx_word' id='word_1_428' title='bbox 3566 1593 3616 1646; x_wconf 82' lang='grc' dir='ltr'>οἱ</span> <span class='ocrx_word' id='word_1_429' title='bbox 3649 1608 3758 1659; x_wconf 87' lang='grc' dir='ltr'>μη-</span> 
     </span>
    </p>
   </div>
   <div class='ocr_carea' id='block_1_61' title="bbox 2171 1685 3756 1772">
    <p class='ocr_par' dir='ltr' id='par_1_61' title="bbox 2171 1685 3756 1772">
     <span class='ocr_line' id='line_1_61' title="bbox 2171 1685 3756 1772; baseline -0.012 -19"><span class='ocrx_word' id='word_1_430' title='bbox 2171 1701 2439 1772; x_wconf 82' lang='grc' dir='ltr'>τραλοῖαι,</span> <span class='ocrx_word' id='word_1_431' title='bbox 2482 1699 2566 1751; x_wconf 83' lang='grc' dir='ltr'>ὅτι</span> <span class='ocrx_word' id='word_1_432' title='bbox 2626 1695 2709 1767; x_wconf 79' lang='grc' dir='ltr'>μὴ·</span> <span class='ocrx_word' id='word_1_433' title='bbox 2751 1694 3061 1764; x_wconf 90' lang='grc' dir='ltr'>δυναμένην</span> <span class='ocrx_word' id='word_1_434' title='bbox 3113 1691 3216 1761; x_wconf 79' lang='grc' dir='ltr'>τὴν</span> <span class='ocrx_word' id='word_1_435' title='bbox 3263 1688 3417 1742; x_wconf 88' lang='grc' dir='ltr'>θείαν</span> <span class='ocrx_word' id='word_1_436' title='bbox 3471 1685 3756 1755; x_wconf 80' lang='grc' dir='ltr'>ἐνέργειαν</span> 
     </span>
    </p>
   </div>
   <div class='ocr_carea' id='block_1_62' title="bbox 2173 1777 3758 1864">
    <p class='ocr_par' dir='ltr' id='par_1_62' title="bbox 2173 1777 3758 1864">
     <span class='ocr_line' id='line_1_62' title="bbox 2173 1777 3758 1864; baseline -0.012 -19"><span class='ocrx_word' id='word_1_437' title='bbox 2173 1791 2558 1864; x_wconf 84' lang='grc' dir='ltr'>διακρίνεσθαι</span> <span class='ocrx_word' id='word_1_438' title='bbox 2593 1789 2695 1858; x_wconf 81' lang='grc' dir='ltr'>τῆς</span> <span class='ocrx_word' id='word_1_439' title='bbox 2735 1787 2888 1852; x_wconf 89' lang='grc' dir='ltr'>θείας</span> <span class='ocrx_word' id='word_1_440' title='bbox 2936 1787 3150 1850; x_wconf 86' lang='grc' dir='ltr'>οὐσίας,</span> <span class='ocrx_word' id='word_1_441' title='bbox 3194 1783 3271 1847; x_wconf 83' lang='grc' dir='ltr'>ὡς</span> <span class='ocrx_word' id='word_1_442' title='bbox 3303 1782 3401 1845; x_wconf 77' lang='grc' dir='ltr'>τὰς</span> <span class='ocrx_word' id='word_1_443' title='bbox 3423 1777 3758 1836; x_wconf 82' lang='grc' dir='ltr'>ὑποστάσεις</span> 
     </span>
    </p>
   </div>
   <div class='ocr_carea' id='block_1_63' title="bbox 2102 1857 3757 1954">
    <p class='ocr_par' dir='ltr' id='par_1_63' title="bbox 2102 1857 3757 1954">
     <span class='ocr_line' id='line_1_63' title="bbox 2102 1857 3757 1954; baseline -0.008 -18"><span class='ocrx_word' id='word_1_444' title='bbox 2102 1857 2141 1914; x_wconf 77' lang='grc' dir='ltr'><strong>Β</strong></span> <span class='ocrx_word' id='word_1_445' title='bbox 2172 1857 2421 1954; x_wconf 82' lang='grc' dir='ltr'>ἀλλήλων</span> <span class='ocrx_word' id='word_1_446' title='bbox 2445 1857 2659 1951; x_wconf 82' lang='grc' dir='ltr'>ἐώρων,</span> <span class='ocrx_word' id='word_1_447' title='bbox 2688 1881 2833 1934; x_wconf 86' lang='grc' dir='ltr'>πάνυ</span> <span class='ocrx_word' id='word_1_448' title='bbox 2863 1879 3044 1942; x_wconf 86' lang='grc' dir='ltr'>καλῶς</span> <span class='ocrx_word' id='word_1_449' title='bbox 3093 1876 3238 1931; x_wconf 87' lang='grc' dir='ltr'>τοῦθ’</span> <span class='ocrx_word' id='word_1_450' title='bbox 3273 1874 3513 1945; x_wconf 89' lang='grc' dir='ltr'>ὁρῶντες</span> <span class='ocrx_word' id='word_1_451' title='bbox 3546 1873 3624 1933; x_wconf 84' lang='grc' dir='ltr'>είς</span> <span class='ocrx_word' id='word_1_452' title='bbox 3656 1869 3757 1936; x_wconf 83' lang='grc' dir='ltr'>τὴν</span> 
     </span>
    </p>
   </div>
   <div class='ocr_carea' id='block_1_64' title="bbox 2170 1959 3756 2044">
    <p class='ocr_par' dir='ltr' id='par_1_64' title="bbox 2170 1959 3756 2044">
     <span class='ocr_line' id='line_1_64' title="bbox 2170 1959 3756 2044; baseline -0.014 -14"><span class='ocrx_word' id='word_1_453' title='bbox 2170 1978 2267 2030; x_wconf 83' lang='grc' dir='ltr'>τοῦ</span> <span class='ocrx_word' id='word_1_454' title='bbox 2298 1977 2461 2044; x_wconf 84' lang='grc' dir='ltr'>λόγου</span> <span class='ocrx_word' id='word_1_455' title='bbox 2487 1977 2766 2044; x_wconf 79' lang='grc' dir='ltr'>διάκρισιν</span> <span class='ocrx_word' id='word_1_456' title='bbox 2811 1970 2975 2034; x_wconf 82' lang='grc' dir='ltr'>εὐθὺς</span> <span class='ocrx_word' id='word_1_457' title='bbox 3018 1965 3462 2036; x_wconf 84' lang='grc' dir='ltr'>κατηνέχθησαν,</span> <span class='ocrx_word' id='word_1_458' title='bbox 3493 1959 3614 2024; x_wconf 83' lang='grc' dir='ltr'>ἐνὸς</span> <span class='ocrx_word' id='word_1_459' title='bbox 3655 1959 3756 2028; x_wconf 80' lang='grc' dir='ltr'>μὲν</span> 
     </span>
    </p>
   </div>
   <div class='ocr_carea' id='block_1_65' title="bbox 2174 2050 3754 2140">
    <p class='ocr_par' dir='ltr' id='par_1_65' title="bbox 2174 2050 3754 2140">
     <span class='ocr_line' id='line_1_65' title="bbox 2174 2050 3754 2140; baseline -0.015 -14"><span class='ocrx_word' id='word_1_460' title='bbox 2174 2071 2585 2140; x_wconf 82' lang='grc' dir='ltr'>ἀπαλλαγέντες</span> <span class='ocrx_word' id='word_1_461' title='bbox 2615 2066 2885 2139; x_wconf 91' lang='grc' dir='ltr'>κρημνοῦ,</span> <span class='ocrx_word' id='word_1_462' title='bbox 2910 2063 3057 2132; x_wconf 86' lang='grc' dir='ltr'>ἄλλῳ</span> <span class='ocrx_word' id='word_1_463' title='bbox 3089 2062 3146 2114; x_wconf 83' lang='grc' dir='ltr'>δὲ</span> <span class='ocrx_word' id='word_1_464' title='bbox 3177 2054 3629 2128; x_wconf 77' lang='grc' dir='ltr'>ἐμπεπτωκότες,</span> <span class='ocrx_word' id='word_1_465' title='bbox 3663 2050 3754 2104; x_wconf 86' lang='grc' dir='ltr'>τὸν</span> 
     </span>
    </p>
   </div>
   <div class='ocr_carea' id='block_1_66' title="bbox 2173 2147 3754 2235">
    <p class='ocr_par' dir='ltr' id='par_1_66' title="bbox 2173 2147 3754 2235">
     <span class='ocr_line' id='line_1_66' title="bbox 2173 2147 3754 2235; baseline -0.016 -15"><span class='ocrx_word' id='word_1_466' title='bbox 2173 2168 2287 2220; x_wconf 78' lang='grc' dir='ltr'>ἴσον</span> <span class='ocrx_word' id='word_1_467' title='bbox 2319 2166 2545 2235; x_wconf 74' lang='grc' dir='ltr'>ὄλεθρον</span> <span class='ocrx_word' id='word_1_468' title='bbox 2585 2162 2809 2232; x_wconf 82' lang='grc' dir='ltr'>φέροντι</span> <span class='ocrx_word' id='word_1_469' title='bbox 2832 2173 2848 2189; x_wconf 86' lang='grc'>⁶</span> <span class='ocrx_word' id='word_1_470' title='bbox 2882 2157 2992 2213; x_wconf 84' lang='grc' dir='ltr'>οὐδ’</span> <span class='ocrx_word' id='word_1_471' title='bbox 3015 2157 3196 2208; x_wconf 82' lang='grc' dir='ltr'>ἐκεῖνο</span> <span class='ocrx_word' id='word_1_472' title='bbox 3240 2151 3372 2220; x_wconf 83' lang='grc' dir='ltr'>γοῦν</span> <span class='ocrx_word' id='word_1_473' title='bbox 3396 2147 3754 2215; x_wconf 87' lang='grc' dir='ltr'>ἐννοήσαντες</span> 
     </span>
    </p>
   </div>
   <div class='ocr_carea' id='block_1_67' title="bbox 2171 2239 3753 2326">
    <p class='ocr_par' dir='ltr' id='par_1_67' title="bbox 2171 2239 3753 2326">
     <span class='ocr_line' id='line_1_67' title="bbox 2171 2239 3753 2326; baseline -0.016 -14"><span class='ocrx_word' id='word_1_474' title='bbox 2171 2257 2232 2312; x_wconf 90' lang='grc' dir='ltr'>τὸ</span> <span class='ocrx_word' id='word_1_475' title='bbox 2265 2251 2359 2311; x_wconf 88' lang='grc' dir='ltr'>τοῦ</span> <span class='ocrx_word' id='word_1_476' title='bbox 2402 2254 2552 2326; x_wconf 90' lang='grc' dir='ltr'>ίεροῦ</span> <span class='ocrx_word' id='word_1_477' title='bbox 2602 2252 2890 2307; x_wconf 87' lang='grc' dir='ltr'>Βασιλείου</span> <span class='ocrx_word' id='word_1_478' title='bbox 2922 2251 2979 2302; x_wconf 90' lang='grc' dir='ltr'>ἐν</span> <span class='ocrx_word' id='word_1_479' title='bbox 3009 2251 3077 2320; x_wconf 80' lang='grc' dir='ltr'>τῇ</span> <span class='ocrx_word' id='word_1_480' title='bbox 3130 2239 3601 2317; x_wconf 64' lang='grc' dir='ltr'>πρὸςιΕὐστάθιον</span> <span class='ocrx_word' id='word_1_481' title='bbox 3630 2239 3753 2290; x_wconf 80' lang='grc' dir='ltr'>ἐπι-</span> 
     </span>
    </p>
   </div>
   <div class='ocr_carea' id='block_1_68' title="bbox 2175 2331 3758 2420">
    <p class='ocr_par' dir='ltr' id='par_1_68' title="bbox 2175 2331 3758 2420">
     <span class='ocr_line' id='line_1_68' title="bbox 2175 2331 3758 2420; baseline -0.016 -13"><span class='ocrx_word' id='word_1_482' title='bbox 2175 2354 2337 2420; x_wconf 82' lang='grc' dir='ltr'>στολῇ</span> <span class='ocrx_word' id='word_1_483' title='bbox 2361 2367 2375 2382; x_wconf 87' lang='grc'><strong>·</strong></span> <span class='ocrx_word' id='word_1_484' title='bbox 2417 2367 2436 2402; x_wconf 76' lang='grc' dir='ltr'>ι</span> <span class='ocrx_word' id='word_1_485' title='bbox 2480 2348 2710 2416; x_wconf 88' lang='grc' dir='ltr'>Οὐκοῦν,</span> <span class='ocrx_word' id='word_1_486' title='bbox 2754 2345 2942 2416; x_wconf 67' lang='grc' dir='ltr'>φησὶν,</span> <span class='ocrx_word' id='word_1_487' title='bbox 2971 2341 3032 2408; x_wconf 80' lang='grc' dir='ltr'>ἐξ</span> <span class='ocrx_word' id='word_1_488' title='bbox 3066 2339 3254 2402; x_wconf 81' lang='grc' dir='ltr'>οὐσίας</span> <span class='ocrx_word' id='word_1_489' title='bbox 3284 2335 3455 2400; x_wconf 91' lang='grc' dir='ltr'>τινὸς,</span> <span class='ocrx_word' id='word_1_490' title='bbox 3488 2333 3598 2386; x_wconf 85' lang='grc' dir='ltr'>εῖτε</span> <span class='ocrx_word' id='word_1_491' title='bbox 3629 2331 3758 2420; x_wconf 82' lang='grc' dir='ltr'>ἐπο-</span> 
     </span>
    </p>
   </div>
   <div class='ocr_carea' id='block_1_69' title="bbox 2172 2419 3758 2512">
    <p class='ocr_par' dir='ltr' id='par_1_69' title="bbox 2172 2419 3758 2512">
     <span class='ocr_line' id='line_1_69' title="bbox 2172 2419 3758 2512; baseline -0.016 -15"><span class='ocrx_word' id='word_1_492' title='bbox 2172 2419 2398 2512; x_wconf 85' lang='grc' dir='ltr'>πτικῆς,</span> <span class='ocrx_word' id='word_1_493' title='bbox 2431 2441 2541 2494; x_wconf 87' lang='grc' dir='ltr'>εῐτε</span> <span class='ocrx_word' id='word_1_494' title='bbox 2571 2435 2959 2510; x_wconf 83' lang='grc' dir='ltr'>ἐνεργητικῆς,</span> <span class='ocrx_word' id='word_1_495' title='bbox 2988 2430 3242 2501; x_wconf 76' lang='grc' dir='ltr'>ἔδειξενὴ</span> <span class='ocrx_word' id='word_1_496' title='bbox 3274 2419 3758 2498; x_wconf 79' lang='grc' dir='ltr'>προσηγορία,.φέ-</span> 
     </span>
    </p>
   </div>
   <div class='ocr_carea' id='block_1_70' title="bbox 2177 2514 3756 2606">
    <p class='ocr_par' dir='ltr' id='par_1_70' title="bbox 2177 2514 3756 2606">
     <span class='ocr_line' id='line_1_70' title="bbox 2177 2514 3756 2606; baseline -0.016 -16"><span class='ocrx_word' id='word_1_497' title='bbox 2177 2553 2259 2606; x_wconf 83' lang='grc' dir='ltr'>ρει</span> <span class='ocrx_word' id='word_1_498' title='bbox 2291 2535 2390 2604; x_wconf 88' lang='grc' dir='ltr'>τῆς</span> <span class='ocrx_word' id='word_1_499' title='bbox 2411 2532 2667 2597; x_wconf 88' lang='grc' dir='ltr'>θεότητος</span> <span class='ocrx_word' id='word_1_500' title='bbox 2693 2528 2936 2601; x_wconf 85' lang='grc' dir='ltr'>δηλονότι</span> <span class='ocrx_word' id='word_1_501' title='bbox 2961 2543 2975 2558; x_wconf 91' lang='grc'><strong>·</strong></span> <span class='ocrx_word' id='word_1_502' title='bbox 3009 2527 3042 2594; x_wconf 80' lang='grc' dir='ltr'><strong>ἡ</strong></span> <span class='ocrx_word' id='word_1_503' title='bbox 3075 2525 3132 2578; x_wconf 83' lang='grc' dir='ltr'>δέ</span> <span class='ocrx_word' id='word_1_504' title='bbox 3163 2521 3284 2576; x_wconf 86' lang='grc' dir='ltr'>θεία</span> <span class='ocrx_word' id='word_1_505' title='bbox 3311 2521 3475 2591; x_wconf 84' lang='grc' dir='ltr'>φύσις</span> <span class='ocrx_word' id='word_1_506' title='bbox 3516 2518 3581 2570; x_wconf 89' lang='grc' dir='ltr'>ἐν</span> <span class='ocrx_word' id='word_1_507' title='bbox 3619 2514 3756 2606; x_wconf 70' lang='grc' dir='ltr'>πᾶσι</span> 
     </span>
    </p>
   </div>
   <div class='ocr_carea' id='block_1_71' title="bbox 2171 2605 3758 2694">
    <p class='ocr_par' dir='ltr' id='par_1_71' title="bbox 2171 2605 3758 2694">
     <span class='ocr_line' id='line_1_71' title="bbox 2171 2605 3758 2694; baseline -0.005 -15"><span class='ocrx_word' id='word_1_508' title='bbox 2171 2605 2284 2689; x_wconf 76' lang='grc' dir='ltr'>τοῖς</span> <span class='ocrx_word' id='word_1_509' title='bbox 2312 2624 2722 2694; x_wconf 85' lang='grc' dir='ltr'>ἐπινοουμένοις</span> <span class='ocrx_word' id='word_1_510' title='bbox 2766 2619 3019 2688; x_wconf 85' lang='grc' dir='ltr'>ὀνόμασι,</span> <span class='ocrx_word' id='word_1_511' title='bbox 3073 2614 3212 2668; x_wconf 80' lang='grc' dir='ltr'>καθὸ</span> <span class='ocrx_word' id='word_1_512' title='bbox 3243 2611 3384 2678; x_wconf 82' lang='grc' dir='ltr'>ἔστι,</span> <span class='ocrx_word' id='word_1_513' title='bbox 3429 2611 3584 2680; x_wconf 65' lang='grc' dir='ltr'>μένει</span> <span class='ocrx_word' id='word_1_514' title='bbox 3621 2605 3758 2671; x_wconf 69' lang='grc' dir='ltr'>ἀσῆ⁶</span> 
     </span>
    </p>
   </div>
   <div class='ocr_carea' id='block_1_72' title="bbox 2173 2790 3758 2882">
    <p class='ocr_par' dir='ltr' id='par_1_72' title="bbox 2173 2790 3758 2882">
     <span class='ocr_line' id='line_1_72' title="bbox 2173 2790 3758 2882; baseline -0.015 -16"><span class='ocrx_word' id='word_1_515' title='bbox 2173 2809 2390 2882; x_wconf 83' lang='grc' dir='ltr'>κριτὴν,</span> <span class='ocrx_word' id='word_1_516' title='bbox 2418 2807 2625 2876; x_wconf 85' lang='grc' dir='ltr'>ἀγαθόν</span> <span class='ocrx_word' id='word_1_517' title='bbox 2646 2823 2707 2860; x_wconf 88' lang='grc' dir='ltr'>τε</span> <span class='ocrx_word' id='word_1_518' title='bbox 2737 2806 2832 2860; x_wconf 69' lang='grc' dir='ltr'>καὶ</span> <span class='ocrx_word' id='word_1_519' title='bbox 2856 2805 3090 2870; x_wconf 89' lang='grc' dir='ltr'>δίκαιον,</span> <span class='ocrx_word' id='word_1_520' title='bbox 3111 2801 3207 2856; x_wconf 72' lang='grc' dir='ltr'>καὶ</span> <span class='ocrx_word' id='word_1_521' title='bbox 3236 2801 3336 2854; x_wconf 83' lang='grc' dir='ltr'>ὅσα</span> <span class='ocrx_word' id='word_1_522' title='bbox 3367 2796 3504 2853; x_wconf 82' lang='grc' dir='ltr'>ἄλλα</span> <span class='ocrx_word' id='word_1_523' title='bbox 3529 2790 3758 2848; x_wconf 85' lang='grc' dir='ltr'>τοιαῦτα</span> 
     </span>
    </p>
   </div>
   <div class='ocr_carea' id='block_1_73' title="bbox 2177 2882 3756 2971">
    <p class='ocr_par' dir='ltr' id='par_1_73' title="bbox 2177 2882 3756 2971">
     <span class='ocr_line' id='line_1_73' title="bbox 2177 2882 3756 2971; baseline -0.013 -15"><span class='ocrx_word' id='word_1_524' title='bbox 2177 2901 2468 2971; x_wconf 89' lang='grc' dir='ltr'>μαθόντες,</span> <span class='ocrx_word' id='word_1_525' title='bbox 2509 2897 2806 2971; x_wconf 73' lang='grc' dir='ltr'>ἐνεργειῶν</span> <span class='ocrx_word' id='word_1_526' title='bbox 2842 2894 3110 2966; x_wconf 86' lang='grc' dir='ltr'>διαφορὰς</span> <span class='ocrx_word' id='word_1_527' title='bbox 3139 2890 3523 2962; x_wconf 85' lang='grc' dir='ltr'>ἐδιδάχθημεν.</span> <span class='ocrx_word' id='word_1_528' title='bbox 3559 2884 3668 2940; x_wconf 89' lang='grc' dir='ltr'>Τοῦ</span> <span class='ocrx_word' id='word_1_529' title='bbox 3698 2882 3756 2937; x_wconf 75' lang='grc' dir='ltr'>δέ</span> 
     </span>
    </p>
   </div>
   <div class='ocr_carea' id='block_1_74' title="bbox 2175 2977 3756 3064">
    <p class='ocr_par' dir='ltr' id='par_1_74' title="bbox 2175 2977 3756 3064">
     <span class='ocr_line' id='line_1_74' title="bbox 2175 2977 3756 3064; baseline -0.012 -16"><span class='ocrx_word' id='word_1_530' title='bbox 2175 2991 2529 3064; x_wconf 86' lang='grc' dir='ltr'>ἐνεργοῦντος</span> <span class='ocrx_word' id='word_1_531' title='bbox 2559 2991 2663 3064; x_wconf 77' lang='grc' dir='ltr'>τὴν</span> <span class='ocrx_word' id='word_1_532' title='bbox 2697 2989 2862 3060; x_wconf 86' lang='grc' dir='ltr'>φύσιν</span> <span class='ocrx_word' id='word_1_533' title='bbox 2916 2986 3075 3043; x_wconf 76' lang='grc' dir='ltr'>οὐδὲν</span> <span class='ocrx_word' id='word_1_534' title='bbox 3105 2985 3312 3056; x_wconf 79' lang='grc' dir='ltr'>μᾶλλον</span> <span class='ocrx_word' id='word_1_535' title='bbox 3344 2981 3436 3037; x_wconf 69' lang='grc' dir='ltr'>διὰ</span> <span class='ocrx_word' id='word_1_536' title='bbox 3485 2981 3588 3051; x_wconf 85' lang='grc' dir='ltr'>τῆς</span> <span class='ocrx_word' id='word_1_537' title='bbox 3644 2977 3756 3031; x_wconf 88' lang='grc' dir='ltr'>τῶν</span> 
     </span>
    </p>
   </div>
   <div class='ocr_carea' id='block_1_75' title="bbox 2177 3073 3757 3156">
    <p class='ocr_par' dir='ltr' id='par_1_75' title="bbox 2177 3073 3757 3156">
     <span class='ocr_line' id='line_1_75' title="bbox 2177 3073 3757 3156; baseline -0.01 -16"><span class='ocrx_word' id='word_1_538' title='bbox 2177 3086 2473 3156; x_wconf 81' lang='grc' dir='ltr'>ἐνεργειῶν</span> <span class='ocrx_word' id='word_1_539' title='bbox 2512 3085 2888 3155; x_wconf 85' lang='grc' dir='ltr'>κατανοήσεως</span> <span class='ocrx_word' id='word_1_540' title='bbox 2912 3077 3217 3152; x_wconf 66' lang='grc' dir='ltr'>ἐπιγνῶναι</span> <span class='ocrx_word' id='word_1_541' title='bbox 3245 3075 3554 3149; x_wconf 89' lang='grc' dir='ltr'>δυνάμεθα.</span> <span class='ocrx_word' id='word_1_542' title='bbox 3583 3073 3757 3126; x_wconf 85' lang='grc' dir='ltr'>Ὅταν</span> 
     </span>
    </p>
   </div>
   <div class='ocr_carea' id='block_1_76' title="bbox 2174 3161 3758 3248">
    <p class='ocr_par' dir='ltr' id='par_1_76' title="bbox 2174 3161 3758 3248">
     <span class='ocr_line' id='line_1_76' title="bbox 2174 3161 3758 3248; baseline -0.01 -14"><span class='ocrx_word' id='word_1_543' title='bbox 2174 3179 2283 3248; x_wconf 78' lang='grc' dir='ltr'>γὰρ</span> <span class='ocrx_word' id='word_1_544' title='bbox 2317 3177 2557 3248; x_wconf 86' lang='grc' dir='ltr'>ἀποδιδῷ</span> <span class='ocrx_word' id='word_1_545' title='bbox 2593 3194 2678 3241; x_wconf 89' lang='grc' dir='ltr'>τις</span> <span class='ocrx_word' id='word_1_546' title='bbox 2708 3177 2868 3247; x_wconf 89' lang='grc' dir='ltr'>λόγον</span> <span class='ocrx_word' id='word_1_547' title='bbox 2914 3174 3150 3230; x_wconf 78' lang='grc' dir='ltr'>ἑκάστου</span> <span class='ocrx_word' id='word_1_548' title='bbox 3183 3170 3390 3227; x_wconf 89' lang='grc' dir='ltr'>τούτων</span> <span class='ocrx_word' id='word_1_549' title='bbox 3419 3168 3530 3223; x_wconf 87' lang='grc' dir='ltr'>τῶν</span> <span class='ocrx_word' id='word_1_550' title='bbox 3555 3161 3758 3238; x_wconf 83' lang='grc' dir='ltr'>ὀνομά-</span> 
     </span>
    </p>
   </div>
   <div class='ocr_carea' id='block_1_77' title="bbox 2174 3261 3756 3341">
    <p class='ocr_par' dir='ltr' id='par_1_77' title="bbox 2174 3261 3756 3341">
     <span class='ocr_line' id='line_1_77' title="bbox 2174 3261 3756 3341; baseline -0.009 -14"><span class='ocrx_word' id='word_1_551' title='bbox 2174 3289 2310 3336; x_wconf 91' lang='grc' dir='ltr'>των,</span> <span class='ocrx_word' id='word_1_552' title='bbox 2349 3273 2445 3326; x_wconf 77' lang='grc' dir='ltr'>καὶ</span> <span class='ocrx_word' id='word_1_553' title='bbox 2479 3272 2649 3341; x_wconf 80' lang='grc' dir='ltr'>αὐτῆς</span> <span class='ocrx_word' id='word_1_554' title='bbox 2680 3271 2778 3341; x_wconf 89' lang='grc' dir='ltr'>τῆς</span> <span class='ocrx_word' id='word_1_555' title='bbox 2813 3270 3029 3339; x_wconf 88' lang='grc' dir='ltr'>φύσεως</span> <span class='ocrx_word' id='word_1_556' title='bbox 3058 3269 3190 3337; x_wconf 78' lang='grc' dir='ltr'>περὶ</span> <span class='ocrx_word' id='word_1_557' title='bbox 3220 3267 3290 3336; x_wconf 84' lang='grc' dir='ltr'>ἢν</span> <span class='ocrx_word' id='word_1_558' title='bbox 3311 3267 3378 3320; x_wconf 82' lang='grc' dir='ltr'>τὰ</span> <span class='ocrx_word' id='word_1_559' title='bbox 3404 3262 3670 3333; x_wconf 81' lang='grc' dir='ltr'>ὀνόματα,</span> <span class='ocrx_word' id='word_1_560' title='bbox 3692 3261 3756 3314; x_wconf 84' lang='grc' dir='ltr'>οὐ</span> 
     </span>
    </p>
   </div>
   <div class='ocr_carea' id='block_1_78' title="bbox 2175 3348 3761 3430">
    <p class='ocr_par' dir='ltr' id='par_1_78' title="bbox 2175 3348 3761 3430">
     <span class='ocr_line' id='line_1_78' title="bbox 2175 3348 3761 3430; baseline -0.01 -12"><span class='ocrx_word' id='word_1_561' title='bbox 2175 3360 2267 3418; x_wconf 83' lang='grc' dir='ltr'>τὸν</span> <span class='ocrx_word' id='word_1_562' title='bbox 2312 3360 2478 3414; x_wconf 85' lang='grc' dir='ltr'>αὑτὸν</span> <span class='ocrx_word' id='word_1_563' title='bbox 2509 3360 2824 3430; x_wconf 84' lang='grc' dir='ltr'>ἀμφοτέρου</span> <span class='ocrx_word' id='word_1_564' title='bbox 2855 3357 3130 3414; x_wconf 81' lang='grc' dir='ltr'>ἀποδώσει</span> <span class='ocrx_word' id='word_1_565' title='bbox 3178 3355 3360 3425; x_wconf 81' lang='grc' dir='ltr'>λόγον.</span> <span class='ocrx_word' id='word_1_566' title='bbox 3391 3348 3496 3406; x_wconf 80' lang='grc' dir='ltr'>Ὧν</span> <span class='ocrx_word' id='word_1_567' title='bbox 3535 3351 3592 3405; x_wconf 81' lang='grc' dir='ltr'>δὲ</span> <span class='ocrx_word' id='word_1_568' title='bbox 3616 3351 3644 3404; x_wconf 90' lang='lat'>6</span> <span class='ocrx_word' id='word_1_569' title='bbox 3673 3350 3761 3403; x_wconf 86' lang='grc' dir='ltr'>λό-</span> 
     </span>
    </p>
   </div>
   <div class='ocr_carea' id='block_1_79' title="bbox 2174 3441 3760 3525">
    <p class='ocr_par' dir='ltr' id='par_1_79' title="bbox 2174 3441 3760 3525">
     <span class='ocr_line' id='line_1_79' title="bbox 2174 3441 3760 3525; baseline -0.005 -19"><span class='ocrx_word' id='word_1_570' title='bbox 2174 3469 2271 3522; x_wconf 89' lang='grc' dir='ltr'>γος</span> <span class='ocrx_word' id='word_1_571' title='bbox 2314 3452 2521 3525; x_wconf 74' lang='grc' dir='ltr'>ἕτερος,</span> <span class='ocrx_word' id='word_1_572' title='bbox 2567 3451 2776 3506; x_wconf 89' lang='grc' dir='ltr'>τούτων</span> <span class='ocrx_word' id='word_1_573' title='bbox 2805 3451 2902 3507; x_wconf 75' lang='grc' dir='ltr'>καὶ</span> <span class='ocrx_word' id='word_1_574' title='bbox 2955 3451 2990 3522; x_wconf 75' lang='grc' dir='ltr'><strong>ἡ</strong></span> <span class='ocrx_word' id='word_1_575' title='bbox 3030 3449 3194 3520; x_wconf 84' lang='grc' dir='ltr'>φύσις</span> <span class='ocrx_word' id='word_1_576' title='bbox 3224 3447 3508 3518; x_wconf 88' lang='grc' dir='ltr'>διάφορος.</span> <span class='ocrx_word' id='word_1_577' title='bbox 3545 3441 3760 3498; x_wconf 86' lang='grc' dir='ltr'>Οὐκοῦν</span> 
     </span>
    </p>
   </div>
   <div class='ocr_carea' id='block_1_80' title="bbox 2173 3532 3759 3616">
    <p class='ocr_par' dir='ltr' id='par_1_80' title="bbox 2173 3532 3759 3616">
     <span class='ocr_line' id='line_1_80' title="bbox 2173 3532 3759 3616; baseline -0.008 -16"><span class='ocrx_word' id='word_1_578' title='bbox 2173 3545 2303 3600; x_wconf 77' lang='grc' dir='ltr'>ἄλλο</span> <span class='ocrx_word' id='word_1_579' title='bbox 2345 3545 2446 3614; x_wconf 86' lang='grc' dir='ltr'>μὲν</span> <span class='ocrx_word' id='word_1_580' title='bbox 2469 3543 2617 3597; x_wconf 76' lang='grc' dir='ltr'>ἔστιν</span> <span class='ocrx_word' id='word_1_581' title='bbox 2647 3532 2828 3610; x_wconf 80' lang='grc' dir='ltr'>οὐσία,</span> <span class='ocrx_word' id='word_1_582' title='bbox 2856 3537 2924 3616; x_wconf 76' lang='grc' dir='ltr'>ἧς</span> <span class='ocrx_word' id='word_1_583' title='bbox 2950 3540 3104 3596; x_wconf 77' lang='grc' dir='ltr'>οῦπω</span> <span class='ocrx_word' id='word_1_584' title='bbox 3139 3540 3299 3609; x_wconf 88' lang='grc' dir='ltr'>λόγος</span> <span class='ocrx_word' id='word_1_585' title='bbox 3339 3537 3584 3610; x_wconf 80' lang='grc' dir='ltr'>μηνυτὴς</span> <span class='ocrx_word' id='word_1_586' title='bbox 3604 3535 3759 3603; x_wconf 77' lang='grc' dir='ltr'>ἐξευ-</span> 
     </span>
    </p>
   </div>
   <div class='ocr_carea' id='block_1_81' title="bbox 2177 3633 3758 3710">
    <p class='ocr_par' dir='ltr' id='par_1_81' title="bbox 2177 3633 3758 3710">
     <span class='ocr_line' id='line_1_81' title="bbox 2177 3633 3758 3710; baseline -0.006 -18"><span class='ocrx_word' id='word_1_587' title='bbox 2177 3637 2330 3710; x_wconf 88' lang='grc' dir='ltr'>ρέθη,</span> <span class='ocrx_word' id='word_1_588' title='bbox 2386 3637 2552 3710; x_wconf 75' lang='grc' dir='ltr'>ἑτέρα</span> <span class='ocrx_word' id='word_1_589' title='bbox 2596 3637 2654 3690; x_wconf 86' lang='grc' dir='ltr'>δέ</span> <span class='ocrx_word' id='word_1_590' title='bbox 2698 3638 2734 3709; x_wconf 88' lang='grc' dir='ltr'>ή</span> <span class='ocrx_word' id='word_1_591' title='bbox 2785 3636 2896 3690; x_wconf 86' lang='grc' dir='ltr'>τῶν</span> <span class='ocrx_word' id='word_1_592' title='bbox 2939 3636 3072 3707; x_wconf 80' lang='grc' dir='ltr'>περὶ</span> <span class='ocrx_word' id='word_1_593' title='bbox 3119 3634 3293 3705; x_wconf 84' lang='grc' dir='ltr'>αὐτὴν</span> <span class='ocrx_word' id='word_1_594' title='bbox 3328 3633 3616 3700; x_wconf 80' lang='grc' dir='ltr'>ὀνομάτων</span> <span class='ocrx_word' id='word_1_595' title='bbox 3654 3647 3758 3700; x_wconf 86' lang='grc' dir='ltr'>ση-</span> 
     </span>
    </p>
   </div>
   <div class='ocr_carea' id='block_1_82' title="bbox 2174 3723 3757 3802">
    <p class='ocr_par' dir='ltr' id='par_1_82' title="bbox 2174 3723 3757 3802">
     <span class='ocr_line' id='line_1_82' title="bbox 2174 3723 3757 3802; baseline -0.005 -19"><span class='ocrx_word' id='word_1_596' title='bbox 2174 3731 2371 3801; x_wconf 87' lang='grc' dir='ltr'>μασία,</span> <span class='ocrx_word' id='word_1_597' title='bbox 2435 3730 2495 3798; x_wconf 78' lang='grc' dir='ltr'>ἐξ</span> <span class='ocrx_word' id='word_1_598' title='bbox 2546 3729 2831 3802; x_wconf 84' lang='grc' dir='ltr'>ἐνεργείας</span> <span class='ocrx_word' id='word_1_599' title='bbox 2890 3727 3035 3791; x_wconf 89' lang='grc' dir='ltr'>τινὸς</span> <span class='ocrx_word' id='word_1_600' title='bbox 3087 3727 3121 3797; x_wconf 72' lang='grc' dir='ltr'>ἢ</span> <span class='ocrx_word' id='word_1_601' title='bbox 3175 3726 3332 3792; x_wconf 79' lang='grc' dir='ltr'>ἀξίας</span> <span class='ocrx_word' id='word_1_602' title='bbox 3410 3723 3757 3795; x_wconf 76' lang='grc' dir='ltr'>ὀνομαζομέ-</span> 
     </span>
    </p>
   </div>
   <div class='ocr_carea' id='block_1_83' title="bbox 2171 3840 2368 3881">
    <p class='ocr_par' dir='ltr' id='par_1_83' title="bbox 2171 3840 2368 3881">
     <span class='ocr_line' id='line_1_83' title="bbox 2171 3840 2368 3881; baseline -0.005 -4"><span class='ocrx_word' id='word_1_603' title='bbox 2171 3840 2300 3881; x_wconf 91' lang='grc' dir='ltr'>νων.</span> <span class='ocrx_word' id='word_1_604' title='bbox 2348 3841 2368 3876; x_wconf 70' lang='grc' dir='ltr'>ι</span> 
     </span>
    </p>
   </div>
   <div class='ocr_carea' id='block_1_84' title="bbox 2249 3909 3750 3984">
    <p class='ocr_par' dir='ltr' id='par_1_84' title="bbox 2249 3909 3750 3984">
     <span class='ocr_line' id='line_1_84' title="bbox 2249 3909 3750 3984; baseline -0.006 -16"><span class='ocrx_word' id='word_1_605' title='bbox 2249 3913 2386 3969; x_wconf 77' lang='grc' dir='ltr'>Ἰδοὺ</span> <span class='ocrx_word' id='word_1_606' title='bbox 2439 3917 2628 3984; x_wconf 84' lang='grc' dir='ltr'>σαφῶς</span> <span class='ocrx_word' id='word_1_607' title='bbox 2680 3917 2710 3970; x_wconf 89' lang='lat'>6</span> <span class='ocrx_word' id='word_1_608' title='bbox 2756 3914 3078 3976; x_wconf 84' lang='grc' dir='ltr'>διδάσκαλος</span> <span class='ocrx_word' id='word_1_609' title='bbox 3125 3913 3312 3976; x_wconf 58' lang='grc' dir='ltr'>αὐτοῖς</span> <span class='ocrx_word' id='word_1_610' title='bbox 3359 3909 3750 3974; x_wconf 73' lang='grc' dir='ltr'>ἐπιδείκνυσιν,</span> 
     </span>
    </p>
   </div>
   <div class='ocr_carea' id='block_1_85' title="bbox 2138 3999 3746 4084">
    <p class='ocr_par' dir='ltr' id='par_1_85' title="bbox 2138 3999 3746 4084">
     <span class='ocr_line' id='line_1_85' title="bbox 2138 3999 3746 4084; baseline -0.005 -24"><span class='ocrx_word' id='word_1_611' title='bbox 2138 4006 2328 4084; x_wconf 9' lang='grc' dir='ltr'>,εἰπερ</span> <span class='ocrx_word' id='word_1_612' title='bbox 2375 4006 2663 4061; x_wconf 87' lang='grc' dir='ltr'>ἐϐούλοντο</span> <span class='ocrx_word' id='word_1_613' title='bbox 2718 4007 2976 4078; x_wconf 84' lang='grc' dir='ltr'>συνορᾷν,</span> <span class='ocrx_word' id='word_1_614' title='bbox 3015 4006 3164 4068; x_wconf 81' lang='grc' dir='ltr'>ὅπως</span> <span class='ocrx_word' id='word_1_615' title='bbox 3197 4006 3233 4075; x_wconf 80' lang='grc' dir='ltr'><strong>ἡ</strong></span> <span class='ocrx_word' id='word_1_616' title='bbox 3266 4003 3428 4057; x_wconf 75' lang='grc' dir='ltr'>οὐσία</span> <span class='ocrx_word' id='word_1_617' title='bbox 3473 4001 3566 4056; x_wconf 88' lang='grc' dir='ltr'>τοῦ</span> <span class='ocrx_word' id='word_1_618' title='bbox 3607 3999 3746 4055; x_wconf 86' lang='grc' dir='ltr'>Θεοῦ</span> 
     </span>
    </p>
   </div>
   <div class='ocr_carea' id='block_1_86' title="bbox 2169 4095 3752 4172">
    <p class='ocr_par' dir='ltr' id='par_1_86' title="bbox 2169 4095 3752 4172">
     <span class='ocr_line' id='line_1_86' title="bbox 2169 4095 3752 4172; baseline -0.003 -20"><span class='ocrx_word' id='word_1_619' title='bbox 2169 4100 2267 4153; x_wconf 75' lang='grc' dir='ltr'>καὶ</span> <span class='ocrx_word' id='word_1_620' title='bbox 2296 4101 2329 4171; x_wconf 77' lang='grc' dir='ltr'><strong>ἡ</strong></span> <span class='ocrx_word' id='word_1_621' title='bbox 2359 4101 2706 4171; x_wconf 82' lang='grc' dir='ltr'>ἐνέργεια-ἐκ</span> <span class='ocrx_word' id='word_1_622' title='bbox 2733 4100 2834 4171; x_wconf 88' lang='grc' dir='ltr'>τῆς</span> <span class='ocrx_word' id='word_1_623' title='bbox 2867 4100 2960 4153; x_wconf 83' lang='grc' dir='ltr'>τοῦ</span> <span class='ocrx_word' id='word_1_624' title='bbox 3008 4099 3339 4172; x_wconf 84' lang='grc' dir='ltr'>πράγματος</span> <span class='ocrx_word' id='word_1_625' title='bbox 3359 4121 3364 4124; x_wconf 85' lang='grc'><strong><em>-</em></strong></span> <span class='ocrx_word' id='word_1_626' title='bbox 3387 4095 3625 4167; x_wconf 78' lang='grc' dir='ltr'>φύσεως,</span> <span class='ocrx_word' id='word_1_627' title='bbox 3655 4095 3752 4147; x_wconf 77' lang='grc' dir='ltr'>καὶ</span> 
     </span>
    </p>
   </div>
   <div class='ocr_carea' id='block_1_87' title="bbox 2171 4188 3753 4264">
    <p class='ocr_par' dir='ltr' id='par_1_87' title="bbox 2171 4188 3753 4264">
     <span class='ocr_line' id='line_1_87' title="bbox 2171 4188 3753 4264; baseline -0.004 -19"><span class='ocrx_word' id='word_1_628' title='bbox 2171 4192 2253 4246; x_wconf 78' lang='grc' dir='ltr'>ἐτι</span> <span class='ocrx_word' id='word_1_629' title='bbox 2286 4192 2490 4264; x_wconf 80' lang='grc' dir='ltr'>μᾶλλον</span> <span class='ocrx_word' id='word_1_630' title='bbox 2537 4192 2756 4256; x_wconf 83' lang='grc' dir='ltr'>εἰδικῶς</span> <span class='ocrx_word' id='word_1_631' title='bbox 2787 4193 2862 4257; x_wconf 87' lang='grc' dir='ltr'>ὡς</span> <span class='ocrx_word' id='word_1_632' title='bbox 2891 4193 3068 4246; x_wconf 85' lang='grc' dir='ltr'>είπεῖν</span> <span class='ocrx_word' id='word_1_633' title='bbox 3107 4190 3467 4262; x_wconf 83' lang='grc' dir='ltr'>διακρίνεται.</span> <span class='ocrx_word' id='word_1_634' title='bbox 3501 4208 3521 4241; x_wconf 77' lang='grc' dir='ltr'>ι</span> <span class='ocrx_word' id='word_1_635' title='bbox 3557 4188 3753 4249; x_wconf 72' lang='grc' dir='ltr'>ΙἌλλος</span> 
     </span>
    </p>
   </div>
   <div class='ocr_carea' id='block_1_88' title="bbox 2173 4277 3753 4357">
    <p class='ocr_par' dir='ltr' id='par_1_88' title="bbox 2173 4277 3753 4357">
     <span class='ocr_line' id='line_1_88' title="bbox 2173 4277 3753 4357; baseline -0.004 -20"><span class='ocrx_word' id='word_1_636' title='bbox 2173 4284 2274 4357; x_wconf 88' lang='grc' dir='ltr'>μέν</span> <span class='ocrx_word' id='word_1_637' title='bbox 2321 4284 2433 4356; x_wconf 91' lang='grc' dir='ltr'>γάρ</span> <span class='ocrx_word' id='word_1_638' title='bbox 2456 4286 2579 4338; x_wconf 81' lang='grc' dir='ltr'>ἐστι</span> <span class='ocrx_word' id='word_1_639' title='bbox 2612 4283 2812 4354; x_wconf 81' lang='grc' dir='ltr'>νοητῆς</span> <span class='ocrx_word' id='word_1_640' title='bbox 2844 4284 3039 4348; x_wconf 84' lang='grc' dir='ltr'>οὐσίας</span> <span class='ocrx_word' id='word_1_641' title='bbox 3074 4283 3253 4352; x_wconf 83' lang='grc' dir='ltr'>λόγος,</span> <span class='ocrx_word' id='word_1_642' title='bbox 3288 4281 3478 4352; x_wconf 68' lang='grc' dir='ltr'>φησὶν,</span> <span class='ocrx_word' id='word_1_643' title='bbox 3506 4278 3666 4340; x_wconf 79' lang='grc' dir='ltr'>ἄλλος</span> <span class='ocrx_word' id='word_1_644' title='bbox 3693 4277 3753 4332; x_wconf 81' lang='grc' dir='ltr'>δέ</span> 
     </span>
    </p>
   </div>
   <div class='ocr_carea' id='block_1_89' title="bbox 2167 4375 3755 4450">
    <p class='ocr_par' dir='ltr' id='par_1_89' title="bbox 2167 4375 3755 4450">
     <span class='ocr_line' id='line_1_89' title="bbox 2167 4375 3755 4450; baseline -0.004 -17"><span class='ocrx_word' id='word_1_645' title='bbox 2167 4380 2196 4433; x_wconf 92' lang='lat'>6</span> <span class='ocrx_word' id='word_1_646' title='bbox 2221 4378 2318 4450; x_wconf 88' lang='grc' dir='ltr'>τῆς</span> <span class='ocrx_word' id='word_1_647' title='bbox 2349 4379 2654 4449; x_wconf 79' lang='grc' dir='ltr'>ἐνεργείας.</span> <span class='ocrx_word' id='word_1_648' title='bbox 2686 4375 2787 4432; x_wconf 79' lang='grc' dir='ltr'>Ὧν</span> <span class='ocrx_word' id='word_1_649' title='bbox 2817 4379 2875 4433; x_wconf 79' lang='grc' dir='ltr'>δέ</span> <span class='ocrx_word' id='word_1_650' title='bbox 2907 4381 2936 4432; x_wconf 88' lang='lat'>6</span> <span class='ocrx_word' id='word_1_651' title='bbox 2967 4379 3129 4447; x_wconf 86' lang='grc' dir='ltr'>λόγος</span> <span class='ocrx_word' id='word_1_652' title='bbox 3163 4379 3370 4448; x_wconf 80' lang='grc' dir='ltr'>ἐτερος,</span> <span class='ocrx_word' id='word_1_653' title='bbox 3404 4376 3501 4431; x_wconf 69' lang='grc' dir='ltr'>καὶ</span> <span class='ocrx_word' id='word_1_654' title='bbox 3530 4377 3562 4446; x_wconf 84' lang='grc' dir='ltr'>ἠ</span> <span class='ocrx_word' id='word_1_655' title='bbox 3590 4376 3755 4446; x_wconf 89' lang='grc' dir='ltr'>φύσις</span> 
     </span>
    </p>
   </div>
   <div class='ocr_carea' id='block_1_90' title="bbox 2165 4467 3753 4544">
    <p class='ocr_par' dir='ltr' id='par_1_90' title="bbox 2165 4467 3753 4544">
     <span class='ocr_line' id='line_1_90' title="bbox 2165 4467 3753 4544; baseline -0.003 -18"><span class='ocrx_word' id='word_1_656' title='bbox 2165 4473 2376 4527; x_wconf 76' lang='grc' dir='ltr'>τούτοιν</span> <span class='ocrx_word' id='word_1_657' title='bbox 2412 4473 2698 4544; x_wconf 87' lang='grc' dir='ltr'>διάφορος.</span> <span class='ocrx_word' id='word_1_658' title='bbox 2738 4473 2806 4527; x_wconf 85' lang='grc' dir='ltr'><em>Ἡ</em></span> <span class='ocrx_word' id='word_1_659' title='bbox 2854 4472 3015 4544; x_wconf 87' lang='grc' dir='ltr'>φύσις</span> <span class='ocrx_word' id='word_1_660' title='bbox 3061 4473 3170 4544; x_wconf 80' lang='grc' dir='ltr'>ἄρα</span> <span class='ocrx_word' id='word_1_661' title='bbox 3208 4472 3307 4541; x_wconf 88' lang='grc' dir='ltr'>τῆς</span> <span class='ocrx_word' id='word_1_662' title='bbox 3351 4471 3507 4534; x_wconf 86' lang='grc' dir='ltr'>θείας</span> <span class='ocrx_word' id='word_1_663' title='bbox 3561 4467 3753 4533; x_wconf 81' lang='grc' dir='ltr'>οὐσίας</span> 
     </span>
    </p>
   </div>
   <div class='ocr_carea' id='block_1_91' title="bbox 481 4561 3754 4645">
    <p class='ocr_par' dir='ltr' id='par_1_91' title="bbox 481 4561 3754 4645">
     <span class='ocr_line' id='line_1_91' title="bbox 481 4561 3754 4645; baseline -0.001 -29"><span class='ocrx_word' id='word_1_664' title='bbox 481 4578 569 4632; x_wconf 89' lang='grc' dir='ltr'>γει</span> <span class='ocrx_word' id='word_1_665' title='bbox 601 4565 839 4636; x_wconf 84' lang='grc' dir='ltr'>μάλιστα</span> <span class='ocrx_word' id='word_1_666' title='bbox 865 4570 1183 4638; x_wconf 87' lang='grc' dir='ltr'>προσφυῶς.</span> <span class='ocrx_word' id='word_1_667' title='bbox 1220 4570 1336 4623; x_wconf 84' lang='grc' dir='ltr'>Νῦν</span> <span class='ocrx_word' id='word_1_668' title='bbox 1366 4571 1412 4623; x_wconf 85' lang='grc' dir='ltr'>δ’</span> <span class='ocrx_word' id='word_1_669' title='bbox 1438 4571 1656 4645; x_wconf 76' lang='grc' dir='ltr'>ἀπόχρη</span> <span class='ocrx_word' id='word_1_670' title='bbox 1679 4573 1756 4626; x_wconf 67' lang='grc' dir='ltr'>’τὰ</span> <span class='ocrx_word' id='word_1_671' title='bbox 1790 4573 2060 4644; x_wconf 78' lang='grc' dir='ltr'>εἰρημένα</span> <span class='ocrx_word' id='word_1_672' title='bbox 2094 4575 2137 4644; x_wconf 67' lang='grc' dir='ltr'>ι)</span> <span class='ocrx_word' id='word_1_673' title='bbox 2166 4567 2265 4621; x_wconf 77' lang='grc' dir='ltr'>καὶ</span> <span class='ocrx_word' id='word_1_674' title='bbox 2291 4567 2391 4636; x_wconf 87' lang='grc' dir='ltr'>τῆς</span> <span class='ocrx_word' id='word_1_675' title='bbox 2415 4565 2567 4629; x_wconf 88' lang='grc' dir='ltr'>θείας</span> <span class='ocrx_word' id='word_1_676' title='bbox 2613 4565 2896 4637; x_wconf 86' lang='grc' dir='ltr'>ἐνεργείας</span> <span class='ocrx_word' id='word_1_677' title='bbox 2927 4566 3084 4638; x_wconf 89' lang='grc' dir='ltr'>οὐχὴ</span> <span class='ocrx_word' id='word_1_678' title='bbox 3135 4566 3272 4635; x_wconf 89' lang='grc' dir='ltr'>αὐτή</span> <span class='ocrx_word' id='word_1_679' title='bbox 3316 4565 3487 4628; x_wconf 87' lang='grc' dir='ltr'>ἐστιν,</span> <span class='ocrx_word' id='word_1_680' title='bbox 3527 4568 3546 4616; x_wconf 67' lang='grc' dir='ltr'>ὑ</span> <span class='ocrx_word' id='word_1_681' title='bbox 3591 4561 3754 4632; x_wconf 89' lang='grc' dir='ltr'>φύσιν</span> 
     </span>
    </p>
   </div>
   <div class='ocr_carea' id='block_1_92' title="bbox 480 4658 2058 4736">
    <p class='ocr_par' dir='ltr' id='par_1_92' title="bbox 480 4658 2058 4736">
     <span class='ocr_line' id='line_1_92' title="bbox 480 4658 2058 4736; baseline 0.006 -26"><span class='ocrx_word' id='word_1_682' title='bbox 480 4658 544 4710; x_wconf 88' lang='grc' dir='ltr'>τό</span> <span class='ocrx_word' id='word_1_683' title='bbox 576 4676 636 4712; x_wconf 90' lang='grc' dir='ltr'>τε</span> <span class='ocrx_word' id='word_1_684' title='bbox 671 4661 780 4714; x_wconf 86' lang='grc' dir='ltr'>τῶν</span> <span class='ocrx_word' id='word_1_685' title='bbox 825 4661 1239 4716; x_wconf 85' lang='grc' dir='ltr'>Ἀκινδυνιανῶν</span> <span class='ocrx_word' id='word_1_686' title='bbox 1267 4664 1622 4734; x_wconf 78' lang='grc' dir='ltr'>παραστῆσαι</span> <span class='ocrx_word' id='word_1_687' title='bbox 1649 4682 1732 4719; x_wconf 86' lang='grc' dir='ltr'>σοι</span> <span class='ocrx_word' id='word_1_688' title='bbox 1780 4666 2058 4736; x_wconf 87' lang='grc' dir='ltr'>φρόνημα,</span> 
     </span>
    </p>
   </div>
   <div class='ocr_carea' id='block_1_93' title="bbox 481 4745 2066 4828">
    <p class='ocr_par' dir='ltr' id='par_1_93' title="bbox 481 4745 2066 4828">
     <span class='ocr_line' id='line_1_93' title="bbox 481 4745 2066 4828; baseline 0.006 -27"><span class='ocrx_word' id='word_1_689' title='bbox 481 4750 577 4802; x_wconf 78' lang='grc' dir='ltr'>καὶ</span> <span class='ocrx_word' id='word_1_690' title='bbox 605 4749 680 4814; x_wconf 84' lang='grc' dir='ltr'>ὡς</span> <span class='ocrx_word' id='word_1_691' title='bbox 710 4745 860 4822; x_wconf 73' lang='grc' dir='ltr'>εἶχεν</span> <span class='ocrx_word' id='word_1_692' title='bbox 885 4752 1108 4808; x_wconf 80' lang='grc' dir='ltr'>ἄτοπον.</span> <span class='ocrx_word' id='word_1_693' title='bbox 1146 4755 1223 4808; x_wconf 81' lang='grc' dir='ltr'><strong><em>Ἦ</em></strong></span> <span class='ocrx_word' id='word_1_694' title='bbox 1254 4754 1313 4808; x_wconf 83' lang='grc' dir='ltr'>δὲ</span> <span class='ocrx_word' id='word_1_695' title='bbox 1353 4755 1450 4809; x_wconf 90' lang='grc' dir='ltr'>τοῦ</span> <span class='ocrx_word' id='word_1_696' title='bbox 1497 4755 1739 4828; x_wconf 86' lang='grc' dir='ltr'>Χριστοῦ</span> <span class='ocrx_word' id='word_1_697' title='bbox 1765 4757 2066 4826; x_wconf 80' lang='grc' dir='ltr'>Ἐκκλησία</span> 
     </span>
    </p>
   </div>
   <div class='ocr_carea' id='block_1_94' title="bbox 481 4841 2060 4919">
    <p class='ocr_par' dir='ltr' id='par_1_94' title="bbox 481 4841 2060 4919">
     <span class='ocr_line' id='line_1_94' title="bbox 481 4841 2060 4919; baseline 0.006 -26"><span class='ocrx_word' id='word_1_698' title='bbox 481 4841 573 4894; x_wconf 80' lang='grc' dir='ltr'>τὸν</span> <span class='ocrx_word' id='word_1_699' title='bbox 609 4843 760 4911; x_wconf 75' lang='grc' dir='ltr'>ἱερὸν</span> <span class='ocrx_word' id='word_1_700' title='bbox 803 4843 1054 4915; x_wconf 89' lang='grc' dir='ltr'>θεολόγον</span> <span class='ocrx_word' id='word_1_701' title='bbox 1085 4847 1392 4918; x_wconf 81' lang='grc' dir='ltr'>Γρηγόριον</span> <span class='ocrx_word' id='word_1_702' title='bbox 1422 4847 1533 4902; x_wconf 86' lang='grc' dir='ltr'>τῶν</span> <span class='ocrx_word' id='word_1_703' title='bbox 1576 4849 1791 4919; x_wconf 84' lang='grc' dir='ltr'>ἑαυτῆς·</span> <span class='ocrx_word' id='word_1_704' title='bbox 1817 4866 2060 4918; x_wconf 78' lang='grc' dir='ltr'>προστη-</span> 
     </span>
    </p>
   </div>
   <div class='ocr_carea' id='block_1_95' title="bbox 483 4935 2063 5015">
    <p class='ocr_par' dir='ltr' id='par_1_95' title="bbox 483 4935 2063 5015">
     <span class='ocr_line' id='line_1_95' title="bbox 483 4935 2063 5015; baseline 0.007 -29"><span class='ocrx_word' id='word_1_705' title='bbox 483 4935 694 5006; x_wconf 79' lang='grc' dir='ltr'>σαμένη</span> <span class='ocrx_word' id='word_1_706' title='bbox 726 4936 1036 5007; x_wconf 86' lang='grc' dir='ltr'>δογμάτων,</span> <span class='ocrx_word' id='word_1_707' title='bbox 1086 4942 1489 5012; x_wconf 84' lang='grc' dir='ltr'>ύπερασπίζειν</span> <span class='ocrx_word' id='word_1_708' title='bbox 1523 4944 1718 5015; x_wconf 88' lang='grc' dir='ltr'>ἐκείνῳ</span> <span class='ocrx_word' id='word_1_709' title='bbox 1773 4943 2063 5015; x_wconf 87' lang='grc' dir='ltr'>πολλαχῶς</span> 
     </span>
    </p>
   </div>
   <div class='ocr_carea' id='block_1_96' title="bbox 477 5023 2064 5106">
    <p class='ocr_par' dir='ltr' id='par_1_96' title="bbox 477 5023 2064 5106">
     <span class='ocr_line' id='line_1_96' title="bbox 477 5023 2064 5106; baseline 0.006 -29"><span class='ocrx_word' id='word_1_710' title='bbox 477 5023 686 5078; x_wconf 75' lang='grc' dir='ltr'>τούτων</span> <span class='ocrx_word' id='word_1_711' title='bbox 733 5028 1031 5098; x_wconf 87' lang='grc' dir='ltr'>προσῆκον,</span> <span class='ocrx_word' id='word_1_712' title='bbox 1073 5031 1168 5084; x_wconf 91' lang='grc' dir='ltr'>τὸν</span> <span class='ocrx_word' id='word_1_713' title='bbox 1203 5032 1302 5102; x_wconf 79' lang='grc' dir='ltr'>μὲν</span> <span class='ocrx_word' id='word_1_714' title='bbox 1361 5033 1454 5086; x_wconf 91' lang='grc' dir='ltr'>τὸν</span> <span class='ocrx_word' id='word_1_715' title='bbox 1498 5034 1643 5087; x_wconf 88' lang='grc' dir='ltr'>Θεὸν</span> <span class='ocrx_word' id='word_1_716' title='bbox 1690 5034 2064 5106; x_wconf 82' lang='grc' dir='ltr'>ἀνθρωπίναις</span> 
     </span>
    </p>
   </div>
   <div class='ocr_carea' id='block_1_97' title="bbox 478 5117 2063 5197">
    <p class='ocr_par' dir='ltr' id='par_1_97' title="bbox 478 5117 2063 5197">
     <span class='ocr_line' id='line_1_97' title="bbox 478 5117 2063 5197; baseline 0.008 -29"><span class='ocrx_word' id='word_1_717' title='bbox 478 5117 745 5181; x_wconf 81' lang='grc' dir='ltr'>ἐπινοίαις</span> <span class='ocrx_word' id='word_1_718' title='bbox 772 5120 1161 5189; x_wconf 87' lang='grc' dir='ltr'>σεμνύνεσθαι,</span> <span class='ocrx_word' id='word_1_719' title='bbox 1199 5123 1392 5194; x_wconf 85' lang='grc' dir='ltr'>ῶσπερ</span> <span class='ocrx_word' id='word_1_720' title='bbox 1433 5126 1705 5195; x_wconf 75' lang='grc' dir='ltr'>μηδεμιᾶς</span> <span class='ocrx_word' id='word_1_721' title='bbox 1733 5126 1879 5197; x_wconf 83' lang='grc' dir='ltr'>ἔργῳ</span> <span class='ocrx_word' id='word_1_722' title='bbox 1927 5145 2063 5197; x_wconf 80' lang='grc' dir='ltr'>σεμ-</span> 
     </span>
    </p>
   </div>
   <div class='ocr_carea' id='block_1_98' title="bbox 478 5209 2062 5287">
    <p class='ocr_par' dir='ltr' id='par_1_98' title="bbox 478 5209 2062 5287">
     <span class='ocr_line' id='line_1_98' title="bbox 478 5209 2062 5287; baseline 0.007 -28"><span class='ocrx_word' id='word_1_723' title='bbox 478 5209 706 5278; x_wconf 86' lang='grc' dir='ltr'>νὸτητος</span> <span class='ocrx_word' id='word_1_724' title='bbox 731 5211 1046 5282; x_wconf 85' lang='grc' dir='ltr'>προσούσης</span> <span class='ocrx_word' id='word_1_725' title='bbox 1080 5214 1249 5284; x_wconf 86' lang='grc' dir='ltr'>αὐτῷ,</span> <span class='ocrx_word' id='word_1_726' title='bbox 1285 5217 1472 5287; x_wconf 75' lang='grc' dir='ltr'>πόρρω</span> <span class='ocrx_word' id='word_1_727' title='bbox 1497 5217 1595 5286; x_wconf 88' lang='grc' dir='ltr'>τῆς</span> <span class='ocrx_word' id='word_1_728' title='bbox 1634 5216 1894 5278; x_wconf 85' lang='grc' dir='ltr'>εὐσεϐοῦς</span> <span class='ocrx_word' id='word_1_729' title='bbox 1925 5217 2062 5270; x_wconf 85' lang='grc' dir='ltr'>ὑπο-</span> 
     </span>
    </p>
   </div>
   <div class='ocr_carea' id='block_1_99' title="bbox 475 5297 2064 5374">
    <p class='ocr_par' dir='ltr' id='par_1_99' title="bbox 475 5297 2064 5374">
     <span class='ocr_line' id='line_1_99' title="bbox 475 5297 2064 5374; baseline 0.008 -24"><span class='ocrx_word' id='word_1_730' title='bbox 475 5297 694 5369; x_wconf 78' lang='grc' dir='ltr'>λήψεως</span> <span class='ocrx_word' id='word_1_731' title='bbox 722 5300 942 5368; x_wconf 77' lang='grc' dir='ltr'>ἔκρινεν</span> <span class='ocrx_word' id='word_1_732' title='bbox 979 5301 1121 5358; x_wconf 79' lang='grc' dir='ltr'>εἷναι</span> <span class='ocrx_word' id='word_1_733' title='bbox 1143 5322 1158 5337; x_wconf 78' lang='grc' dir='ltr'><strong><em>ο</em></strong></span> <span class='ocrx_word' id='word_1_734' title='bbox 1193 5301 1336 5360; x_wconf 72' lang='grc' dir='ltr'>εἶναι</span> <span class='ocrx_word' id='word_1_735' title='bbox 1379 5307 1435 5360; x_wconf 88' lang='grc' dir='ltr'>δέ</span> <span class='ocrx_word' id='word_1_736' title='bbox 1469 5325 1589 5360; x_wconf 89' lang='grc' dir='ltr'>τινα</span> <span class='ocrx_word' id='word_1_737' title='bbox 1644 5309 1739 5360; x_wconf 72' lang='grc' dir='ltr'>καὶ</span> <span class='ocrx_word' id='word_1_738' title='bbox 1769 5307 1922 5374; x_wconf 82' lang='grc' dir='ltr'>τάξιν</span> <span class='ocrx_word' id='word_1_739' title='bbox 1963 5309 2064 5362; x_wconf 68' lang='grc' dir='ltr'>καὶ</span> 
     </span>
    </p>
   </div>
   <div class='ocr_carea' id='block_1_100' title="bbox 476 5389 2062 5469">
    <p class='ocr_par' dir='ltr' id='par_1_100' title="bbox 476 5389 2062 5469">
     <span class='ocr_line' id='line_1_100' title="bbox 476 5389 2062 5469; baseline 0.006 -27"><span class='ocrx_word' id='word_1_740' title='bbox 476 5389 750 5461; x_wconf 85' lang='grc' dir='ltr'>διάκρισιν</span> <span class='ocrx_word' id='word_1_741' title='bbox 772 5393 948 5464; x_wconf 83' lang='grc' dir='ltr'>ἀληθῆ</span> <span class='ocrx_word' id='word_1_742' title='bbox 982 5412 1040 5449; x_wconf 88' lang='grc' dir='ltr'>τε</span> <span class='ocrx_word' id='word_1_743' title='bbox 1073 5397 1168 5450; x_wconf 76' lang='grc' dir='ltr'>καὶ</span> <span class='ocrx_word' id='word_1_744' title='bbox 1217 5397 1602 5469; x_wconf 85' lang='grc' dir='ltr'>πραγματὼδη</span> <span class='ocrx_word' id='word_1_745' title='bbox 1648 5400 1747 5468; x_wconf 87' lang='grc' dir='ltr'>τῆς</span> <span class='ocrx_word' id='word_1_746' title='bbox 1787 5400 1936 5463; x_wconf 90' lang='grc' dir='ltr'>θείας</span> <span class='ocrx_word' id='word_1_747' title='bbox 1967 5401 2062 5452; x_wconf 81' lang='grc' dir='ltr'>οὐ-</span> 
     </span>
    </p>
   </div>
   <div class='ocr_carea' id='block_1_101' title="bbox 477 5482 2060 5561">
    <p class='ocr_par' dir='ltr' id='par_1_101' title="bbox 477 5482 2060 5561">
     <span class='ocr_line' id='line_1_101' title="bbox 477 5482 2060 5561; baseline 0.007 -25"><span class='ocrx_word' id='word_1_748' title='bbox 477 5482 602 5546; x_wconf 85' lang='grc' dir='ltr'>σίας</span> <span class='ocrx_word' id='word_1_749' title='bbox 637 5485 856 5557; x_wconf 58' lang='grc' dir='ltr'>καὶδτῆς</span> <span class='ocrx_word' id='word_1_750' title='bbox 882 5490 1164 5561; x_wconf 78' lang='grc' dir='ltr'>ἐνεργείας</span> <span class='ocrx_word' id='word_1_751' title='bbox 1195 5491 1382 5553; x_wconf 88' lang='grc' dir='ltr'>αὐτοῦ,</span> <span class='ocrx_word' id='word_1_752' title='bbox 1409 5491 1486 5556; x_wconf 84' lang='grc' dir='ltr'>ὡς</span> <span class='ocrx_word' id='word_1_753' title='bbox 1513 5493 1607 5544; x_wconf 79' lang='grc' dir='ltr'>καὶ</span> <span class='ocrx_word' id='word_1_754' title='bbox 1637 5492 1823 5545; x_wconf 87' lang='grc' dir='ltr'>αὐτοῖν</span> <span class='ocrx_word' id='word_1_755' title='bbox 1851 5493 2060 5561; x_wconf 80' lang='grc' dir='ltr'>ἀμφοῖν</span> 
     </span>
    </p>
   </div>
   <div class='ocr_carea' id='block_1_102' title="bbox 478 5574 2058 5654">
    <p class='ocr_par' dir='ltr' id='par_1_102' title="bbox 478 5574 2058 5654">
     <span class='ocr_line' id='line_1_102' title="bbox 478 5574 2058 5654; baseline 0.009 -30"><span class='ocrx_word' id='word_1_756' title='bbox 478 5574 660 5627; x_wconf 83' lang='grc' dir='ltr'>οὐσῶν</span> <span class='ocrx_word' id='word_1_757' title='bbox 700 5577 933 5649; x_wconf 83' lang='grc' dir='ltr'>ἀληθείᾳ</span> <span class='ocrx_word' id='word_1_758' title='bbox 973 5582 1072 5634; x_wconf 76' lang='grc' dir='ltr'>καὶ</span> <span class='ocrx_word' id='word_1_759' title='bbox 1122 5582 1436 5652; x_wconf 77' lang='grc' dir='ltr'>πράγματι,</span> <span class='ocrx_word' id='word_1_760' title='bbox 1469 5584 1613 5635; x_wconf 77' lang='grc' dir='ltr'>κατὰ</span> <span class='ocrx_word' id='word_1_761' title='bbox 1663 5583 1755 5636; x_wconf 84' lang='grc' dir='ltr'>τὸν</span> <span class='ocrx_word' id='word_1_762' title='bbox 1792 5583 2058 5654; x_wconf 84' lang='grc' dir='ltr'>ἐκατέρου</span> 
     </span>
    </p>
   </div>
   <div class='ocr_carea' id='block_1_103' title="bbox 481 5667 2058 5745">
    <p class='ocr_par' dir='ltr' id='par_1_103' title="bbox 481 5667 2058 5745">
     <span class='ocr_line' id='line_1_103' title="bbox 481 5667 2058 5745; baseline 0.009 -29"><span class='ocrx_word' id='word_1_763' title='bbox 481 5667 770 5735; x_wconf 78' lang='grc' dir='ltr'>πρέποντα</span> <span class='ocrx_word' id='word_1_764' title='bbox 789 5671 992 5741; x_wconf 81' lang='grc' dir='ltr'>τρόπον</span> <span class='ocrx_word' id='word_1_765' title='bbox 1021 5675 1334 5744; x_wconf 88' lang='grc' dir='ltr'>περιφανῶς</span> <span class='ocrx_word' id='word_1_766' title='bbox 1371 5673 1710 5744; x_wconf 80' lang='grc' dir='ltr'>άνεκήρυξεν</span> <span class='ocrx_word' id='word_1_767' title='bbox 1730 5690 1744 5704; x_wconf 80' lang='lat'><strong><em>°</em></strong></span> <span class='ocrx_word' id='word_1_768' title='bbox 1785 5676 1884 5745; x_wconf 81' lang='grc' dir='ltr'>οὐχ</span> <span class='ocrx_word' id='word_1_769' title='bbox 1914 5675 2058 5730; x_wconf 52' lang='grc' dir='ltr'>οῶω</span> 
     </span>
    </p>
   </div>
   <div class='ocr_carea' id='block_1_104' title="bbox 474 5756 2054 5837">
    <p class='ocr_par' dir='ltr' id='par_1_104' title="bbox 474 5756 2054 5837">
     <span class='ocr_line' id='line_1_104' title="bbox 474 5756 2054 5837; baseline 0.009 -29"><span class='ocrx_word' id='word_1_770' title='bbox 474 5756 728 5824; x_wconf 84' lang='grc' dir='ltr'>λέγοντες</span> <span class='ocrx_word' id='word_1_771' title='bbox 781 5759 922 5818; x_wconf 73' lang='grc' dir='ltr'>εἷναι</span> <span class='ocrx_word' id='word_1_772' title='bbox 972 5768 1206 5837; x_wconf 84' lang='grc' dir='ltr'>πρᾶγμα</span> <span class='ocrx_word' id='word_1_773' title='bbox 1247 5767 1346 5836; x_wconf 84' lang='grc' dir='ltr'>τὴν</span> <span class='ocrx_word' id='word_1_774' title='bbox 1379 5767 1534 5821; x_wconf 82' lang='grc' dir='ltr'>θείαν</span> <span class='ocrx_word' id='word_1_775' title='bbox 1588 5767 1803 5832; x_wconf 84' lang='grc' dir='ltr'>οὐσίαν,</span> <span class='ocrx_word' id='word_1_776' title='bbox 1856 5770 1958 5837; x_wconf 84' lang='grc' dir='ltr'>τήν</span> <span class='ocrx_word' id='word_1_777' title='bbox 1996 5785 2054 5822; x_wconf 87' lang='grc' dir='ltr'>τε</span> 
     </span>
    </p>
   </div>
   <div class='ocr_carea' id='block_1_105' title="bbox 477 5849 2056 5932">
    <p class='ocr_par' dir='ltr' id='par_1_105' title="bbox 477 5849 2056 5932">
     <span class='ocr_line' id='line_1_105' title="bbox 477 5849 2056 5932; baseline 0.008 -30"><span class='ocrx_word' id='word_1_778' title='bbox 477 5849 628 5906; x_wconf 84' lang='grc' dir='ltr'>θείαν</span> <span class='ocrx_word' id='word_1_779' title='bbox 669 5854 975 5926; x_wconf 71' lang='grc' dir='ltr'>ἐνέργειαν,</span> <span class='ocrx_word' id='word_1_780' title='bbox 1014 5859 1089 5926; x_wconf 83' lang='grc' dir='ltr'>ὡς</span> <span class='ocrx_word' id='word_1_781' title='bbox 1130 5861 1392 5931; x_wconf 72' lang='grc' dir='ltr'>ἑκάτερον</span> <span class='ocrx_word' id='word_1_782' title='bbox 1425 5857 1678 5932; x_wconf 76' lang='grc' dir='ltr'>ὑφεστὼς</span> <span class='ocrx_word' id='word_1_783' title='bbox 1702 5877 1762 5915; x_wconf 87' lang='grc' dir='ltr'>τε</span> <span class='ocrx_word' id='word_1_784' title='bbox 1809 5861 1902 5914; x_wconf 74' lang='grc' dir='ltr'>καὶ</span> <span class='ocrx_word' id='word_1_785' title='bbox 1933 5862 2056 5916; x_wconf 76' lang='grc' dir='ltr'>ἄτο-</span> 
     </span>
    </p>
   </div>
   <div class='ocr_carea' id='block_1_106' title="bbox 2164 4651 3752 4728">
    <p class='ocr_par' dir='ltr' id='par_1_106' title="bbox 2164 4651 3752 4728">
     <span class='ocr_line' id='line_1_106' title="bbox 2164 4651 3752 4728; baseline -0.005 -17"><span class='ocrx_word' id='word_1_786' title='bbox 2164 4657 2340 4725; x_wconf 82' lang='grc' dir='ltr'>λέγων</span> <span class='ocrx_word' id='word_1_787' title='bbox 2369 4655 2470 4727; x_wconf 83' lang='grc' dir='ltr'>τὴν</span> <span class='ocrx_word' id='word_1_788' title='bbox 2499 4657 2748 4728; x_wconf 80' lang='grc' dir='ltr'>φυσικῶς</span> <span class='ocrx_word' id='word_1_789' title='bbox 2779 4655 3261 4727; x_wconf 85' lang='grc' dir='ltr'>ἐνσημαινομένην</span> <span class='ocrx_word' id='word_1_790' title='bbox 3304 4655 3386 4725; x_wconf 83' lang='grc' dir='ltr'>τῷ</span> <span class='ocrx_word' id='word_1_791' title='bbox 3414 4654 3580 4725; x_wconf 87' lang='grc' dir='ltr'>λόγῳ,</span> <span class='ocrx_word' id='word_1_792' title='bbox 3611 4653 3676 4705; x_wconf 89' lang='grc' dir='ltr'>τὸ</span> <span class='ocrx_word' id='word_1_793' title='bbox 3699 4651 3752 4704; x_wconf 90' lang='grc' dir='ltr'>τί</span> 
     </span>
    </p>
   </div>
   <div class='ocr_carea' id='block_1_107' title="bbox 2162 4744 3753 4821">
    <p class='ocr_par' dir='ltr' id='par_1_107' title="bbox 2162 4744 3753 4821">
     <span class='ocr_line' id='line_1_107' title="bbox 2162 4744 3753 4821; baseline -0.004 -19"><span class='ocrx_word' id='word_1_794' title='bbox 2162 4744 2232 4820; x_wconf 74' lang='grc' dir='ltr'>ἦν</span> <span class='ocrx_word' id='word_1_795' title='bbox 2265 4744 2409 4804; x_wconf 81' lang='grc' dir='ltr'>εἶναι</span> <span class='ocrx_word' id='word_1_796' title='bbox 2445 4749 2684 4819; x_wconf 87' lang='grc' dir='ltr'>λέγοντι,</span> <span class='ocrx_word' id='word_1_797' title='bbox 2719 4749 2814 4803; x_wconf 84' lang='grc' dir='ltr'>τοῦ</span> <span class='ocrx_word' id='word_1_798' title='bbox 2847 4747 3072 4821; x_wconf 87' lang='grc' dir='ltr'>ὁριστοῦ</span> <span class='ocrx_word' id='word_1_799' title='bbox 3111 4748 3373 4819; x_wconf 80' lang='grc' dir='ltr'>ἰδιότητα,</span> <span class='ocrx_word' id='word_1_800' title='bbox 3406 4745 3474 4800; x_wconf 86' lang='grc' dir='ltr'>δι’</span> <span class='ocrx_word' id='word_1_801' title='bbox 3505 4747 3573 4816; x_wconf 77' lang='grc' dir='ltr'>ἢν</span> <span class='ocrx_word' id='word_1_802' title='bbox 3602 4745 3753 4798; x_wconf 77' lang='grc' dir='ltr'>ἐστιν</span> 
     </span>
    </p>
   </div>
   <div class='ocr_carea' id='block_1_108' title="bbox 2165 4837 3750 4910">
    <p class='ocr_par' dir='ltr' id='par_1_108' title="bbox 2165 4837 3750 4910">
     <span class='ocr_line' id='line_1_108' title="bbox 2165 4837 3750 4910; baseline -0.002 -20"><span class='ocrx_word' id='word_1_803' title='bbox 2165 4838 2321 4903; x_wconf 87' lang='grc' dir='ltr'>αὐτὸ,</span> <span class='ocrx_word' id='word_1_804' title='bbox 2350 4837 2382 4908; x_wconf 79' lang='grc' dir='ltr'>ἦ</span> <span class='ocrx_word' id='word_1_805' title='bbox 2418 4838 2634 4910; x_wconf 81' lang='grc' dir='ltr'>ἐνεργεῖ</span> <span class='ocrx_word' id='word_1_806' title='bbox 2660 4838 2693 4908; x_wconf 75' lang='grc' dir='ltr'><strong>ἢ</strong></span> <span class='ocrx_word' id='word_1_807' title='bbox 2724 4839 2862 4910; x_wconf 76' lang='grc' dir='ltr'>ἔχει,</span> <span class='ocrx_word' id='word_1_808' title='bbox 2894 4839 2970 4903; x_wconf 83' lang='grc' dir='ltr'>ὡς</span> <span class='ocrx_word' id='word_1_809' title='bbox 2999 4837 3109 4908; x_wconf 79' lang='grc' dir='ltr'>ἄρα</span> <span class='ocrx_word' id='word_1_810' title='bbox 3139 4838 3314 4902; x_wconf 89' lang='grc' dir='ltr'>δήπου</span> <span class='ocrx_word' id='word_1_811' title='bbox 3356 4837 3452 4891; x_wconf 82' lang='grc' dir='ltr'>καὶ</span> <span class='ocrx_word' id='word_1_812' title='bbox 3481 4837 3750 4906; x_wconf 80' lang='grc' dir='ltr'>πέφυκεν,</span> 
     </span>
    </p>
   </div>
   <div class='ocr_carea' id='block_1_109' title="bbox 2163 4925 3750 5002">
    <p class='ocr_par' dir='ltr' id='par_1_109' title="bbox 2163 4925 3750 5002">
     <span class='ocr_line' id='line_1_109' title="bbox 2163 4925 3750 5002; baseline 0 -19"><span class='ocrx_word' id='word_1_813' title='bbox 2163 4929 2224 4983; x_wconf 83' lang='grc' dir='ltr'>ὸν</span> <span class='ocrx_word' id='word_1_814' title='bbox 2267 4925 2426 5000; x_wconf 83' lang='grc' dir='ltr'>οῐμαι</span> <span class='ocrx_word' id='word_1_815' title='bbox 2471 4931 2680 5002; x_wconf 86' lang='grc' dir='ltr'>τρόπον</span> <span class='ocrx_word' id='word_1_816' title='bbox 2717 4931 2778 4985; x_wconf 89' lang='grc' dir='ltr'>τὸ</span> <span class='ocrx_word' id='word_1_817' title='bbox 2812 4930 2975 5001; x_wconf 85' lang='grc' dir='ltr'>φύσει</span> <span class='ocrx_word' id='word_1_818' title='bbox 3008 4930 3150 5001; x_wconf 87' lang='grc' dir='ltr'>πρὸς</span> <span class='ocrx_word' id='word_1_819' title='bbox 3179 4931 3242 4984; x_wconf 91' lang='grc' dir='ltr'>τὸ</span> <span class='ocrx_word' id='word_1_820' title='bbox 3270 4930 3419 4985; x_wconf 84' lang='grc' dir='ltr'>θέσει</span> <span class='ocrx_word' id='word_1_821' title='bbox 3473 4933 3573 4985; x_wconf 74' lang='grc' dir='ltr'>καὶ</span> <span class='ocrx_word' id='word_1_822' title='bbox 3624 4931 3750 4984; x_wconf 75' lang='grc' dir='ltr'>κατ’</span> 
     </span>
    </p>
   </div>
   <div class='ocr_carea' id='block_1_110' title="bbox 2164 5022 3752 5095">
    <p class='ocr_par' dir='ltr' id='par_1_110' title="bbox 2164 5022 3752 5095">
     <span class='ocr_line' id='line_1_110' title="bbox 2164 5022 3752 5095; baseline 0.001 -20"><span class='ocrx_word' id='word_1_823' title='bbox 2164 5024 2435 5078; x_wconf 82' lang='grc' dir='ltr'>ἐπίνοιαν.</span> <span class='ocrx_word' id='word_1_824' title='bbox 2467 5025 2656 5089; x_wconf 72' lang='grc' dir='ltr'>Οὕτως</span> <span class='ocrx_word' id='word_1_825' title='bbox 2681 5042 2742 5078; x_wconf 89' lang='grc' dir='ltr'>τε</span> <span class='ocrx_word' id='word_1_826' title='bbox 2779 5026 2807 5078; x_wconf 90' lang='lat'>6</span> <span class='ocrx_word' id='word_1_827' title='bbox 2832 5025 3242 5087; x_wconf 78' lang='grc' dir='ltr'>διδάσκαλος-ἐν</span> <span class='ocrx_word' id='word_1_828' title='bbox 3279 5027 3396 5089; x_wconf 88' lang='grc' dir='ltr'>τοῖς</span> <span class='ocrx_word' id='word_1_829' title='bbox 3419 5024 3556 5095; x_wconf 85' lang='grc' dir='ltr'>πρὸς</span> <span class='ocrx_word' id='word_1_830' title='bbox 3582 5022 3752 5078; x_wconf 74' lang='grc' dir='ltr'>Εὐνόο</span> 
     </span>
    </p>
   </div>
   <div class='ocr_carea' id='block_1_111' title="bbox 2167 5117 3752 5188">
    <p class='ocr_par' dir='ltr' id='par_1_111' title="bbox 2167 5117 3752 5188">
     <span class='ocr_line' id='line_1_111' title="bbox 2167 5117 3752 5188; baseline -0.001 -16"><span class='ocrx_word' id='word_1_831' title='bbox 2167 5135 2314 5188; x_wconf 81' lang='grc' dir='ltr'>μιον,</span> <span class='ocrx_word' id='word_1_832' title='bbox 2357 5117 2452 5172; x_wconf 80' lang='grc' dir='ltr'>καὶ</span> <span class='ocrx_word' id='word_1_833' title='bbox 2483 5118 2636 5171; x_wconf 79' lang='grc' dir='ltr'>ἄλλοι</span> <span class='ocrx_word' id='word_1_834' title='bbox 2661 5117 2774 5171; x_wconf 85' lang='grc' dir='ltr'>τῶν</span> <span class='ocrx_word' id='word_1_835' title='bbox 2796 5117 3235 5171; x_wconf 65' lang='grc' dir='ltr'>διδασκάλωνηέν</span> <span class='ocrx_word' id='word_1_836' title='bbox 3265 5119 3381 5180; x_wconf 89' lang='grc' dir='ltr'>τοῖς</span> <span class='ocrx_word' id='word_1_837' title='bbox 3423 5117 3578 5181; x_wconf 82' lang='grc' dir='ltr'>ἰδίοις</span> <span class='ocrx_word' id='word_1_838' title='bbox 3599 5119 3752 5171; x_wconf 88' lang='grc' dir='ltr'>ἀντι-</span> 
     </span>
    </p>
   </div>
   <div class='ocr_carea' id='block_1_112' title="bbox 2160 5206 3748 5279">
    <p class='ocr_par' dir='ltr' id='par_1_112' title="bbox 2160 5206 3748 5279">
     <span class='ocr_line' id='line_1_112' title="bbox 2160 5206 3748 5279; baseline -0.001 -16"><span class='ocrx_word' id='word_1_839' title='bbox 2160 5206 2439 5277; x_wconf 84' lang='grc' dir='ltr'>διαιροῦσι</span> <span class='ocrx_word' id='word_1_840' title='bbox 2465 5208 2925 5278; x_wconf 81' lang='grc' dir='ltr'>συγγράμμασιν.</span> <span class='ocrx_word' id='word_1_841' title='bbox 2962 5208 3152 5274; x_wconf 84' lang='grc' dir='ltr'>Ἀρκεί</span> <span class='ocrx_word' id='word_1_842' title='bbox 3187 5208 3296 5276; x_wconf 82' lang='grc' dir='ltr'>γάρ</span> <span class='ocrx_word' id='word_1_843' title='bbox 3335 5207 3479 5260; x_wconf 79' lang='grc' dir='ltr'>οὕτω</span> <span class='ocrx_word' id='word_1_844' title='bbox 3507 5206 3748 5279; x_wconf 78' lang='grc' dir='ltr'>τοῦνομα</span> 
     </span>
    </p>
   </div>
   <div class='ocr_carea' id='block_1_113' title="bbox 2159 5299 3747 5372">
    <p class='ocr_par' dir='ltr' id='par_1_113' title="bbox 2159 5299 3747 5372">
     <span class='ocr_line' id='line_1_113' title="bbox 2159 5299 3747 5372; baseline 0 -16"><span class='ocrx_word' id='word_1_845' title='bbox 2159 5303 2259 5372; x_wconf 85' lang='grc' dir='ltr'>τῆς</span> <span class='ocrx_word' id='word_1_846' title='bbox 2291 5302 2507 5371; x_wconf 88' lang='grc' dir='ltr'>φύσεως</span> <span class='ocrx_word' id='word_1_847' title='bbox 2566 5299 2877 5365; x_wconf 75' lang='grc' dir='ltr'>ἀναπτύξαι</span> <span class='ocrx_word' id='word_1_848' title='bbox 2912 5317 2995 5353; x_wconf 89' lang='grc' dir='ltr'>σοι</span> <span class='ocrx_word' id='word_1_849' title='bbox 3036 5300 3174 5371; x_wconf 86' lang='grc' dir='ltr'>πρός</span> <span class='ocrx_word' id='word_1_850' title='bbox 3222 5317 3286 5370; x_wconf 91' lang='grc' dir='ltr'>γε</span> <span class='ocrx_word' id='word_1_851' title='bbox 3332 5299 3429 5372; x_wconf 82' lang='grc' dir='ltr'>τὴν</span> <span class='ocrx_word' id='word_1_852' title='bbox 3457 5301 3747 5372; x_wconf 73' lang='grc' dir='ltr'>παροῦσαν</span> 
     </span>
    </p>
   </div>
   <div class='ocr_carea' id='block_1_114' title="bbox 2161 5393 3748 5467">
    <p class='ocr_par' dir='ltr' id='par_1_114' title="bbox 2161 5393 3748 5467">
     <span class='ocr_line' id='line_1_114' title="bbox 2161 5393 3748 5467; baseline 0.001 -20"><span class='ocrx_word' id='word_1_853' title='bbox 2161 5395 2376 5467; x_wconf 89' lang='grc' dir='ltr'>χρείαν.</span> <span class='ocrx_word' id='word_1_854' title='bbox 2411 5393 2839 5464; x_wconf 78' lang='grc' dir='ltr'>Ἐμϐαθῦναι-δέ</span> <span class='ocrx_word' id='word_1_855' title='bbox 2890 5393 3040 5462; x_wconf 88' lang='grc' dir='ltr'>αὐτῷ</span> <span class='ocrx_word' id='word_1_856' title='bbox 3105 5395 3202 5448; x_wconf 75' lang='grc' dir='ltr'>καὶ</span> <span class='ocrx_word' id='word_1_857' title='bbox 3242 5395 3385 5448; x_wconf 79' lang='grc' dir='ltr'>κατὰ</span> <span class='ocrx_word' id='word_1_858' title='bbox 3412 5395 3512 5458; x_wconf 85' lang='grc' dir='ltr'>τὰς</span> <span class='ocrx_word' id='word_1_859' title='bbox 3544 5395 3748 5464; x_wconf 74' lang='grc' dir='ltr'>ὑψηλο-</span> 
     </span>
    </p>
   </div>
   <div class='ocr_carea' id='block_1_115' title="bbox 2159 5486 3742 5560">
    <p class='ocr_par' dir='ltr' id='par_1_115' title="bbox 2159 5486 3742 5560">
     <span class='ocr_line' id='line_1_115' title="bbox 2159 5486 3742 5560; baseline -0.001 -18"><span class='ocrx_word' id='word_1_860' title='bbox 2159 5491 2330 5560; x_wconf 76' lang='grc' dir='ltr'>τέρας</span> <span class='ocrx_word' id='word_1_861' title='bbox 2373 5487 2658 5557; x_wconf 83' lang='grc' dir='ltr'>μεθόδους,</span> <span class='ocrx_word' id='word_1_862' title='bbox 2711 5486 2833 5538; x_wconf 80' lang='grc' dir='ltr'>λίαν</span> <span class='ocrx_word' id='word_1_863' title='bbox 2887 5488 3006 5538; x_wconf 78' lang='grc' dir='ltr'>ἐστὶ</span> <span class='ocrx_word' id='word_1_864' title='bbox 3066 5488 3386 5559; x_wconf 87' lang='grc' dir='ltr'>περίεργον.</span> <span class='ocrx_word' id='word_1_865' title='bbox 3445 5487 3505 5541; x_wconf 81' lang='grc' dir='ltr'><strong>Εἰ</strong></span> <span class='ocrx_word' id='word_1_866' title='bbox 3537 5490 3742 5556; x_wconf 85' lang='grc' dir='ltr'>τοίνυν,</span> 
     </span>
    </p>
   </div>
   <div class='ocr_carea' id='block_1_116' title="bbox 2163 5580 3748 5651">
    <p class='ocr_par' dir='ltr' id='par_1_116' title="bbox 2163 5580 3748 5651">
     <span class='ocr_line' id='line_1_116' title="bbox 2163 5580 3748 5651; baseline -0.001 -16"><span class='ocrx_word' id='word_1_867' title='bbox 2163 5583 2306 5635; x_wconf 73' lang='grc' dir='ltr'>κατὰ</span> <span class='ocrx_word' id='word_1_868' title='bbox 2332 5581 2427 5636; x_wconf 88' lang='grc' dir='ltr'>τὸν</span> <span class='ocrx_word' id='word_1_869' title='bbox 2463 5582 2638 5650; x_wconf 84' lang='grc' dir='ltr'>μέγαν</span> <span class='ocrx_word' id='word_1_870' title='bbox 2679 5580 3068 5645; x_wconf 77' lang='grc' dir='ltr'>Βασίλειον,ἐκ</span> <span class='ocrx_word' id='word_1_871' title='bbox 3119 5580 3222 5649; x_wconf 90' lang='grc' dir='ltr'>τῆς</span> <span class='ocrx_word' id='word_1_872' title='bbox 3270 5580 3364 5634; x_wconf 88' lang='grc' dir='ltr'>τοῦ</span> <span class='ocrx_word' id='word_1_873' title='bbox 3413 5581 3748 5651; x_wconf 81' lang='grc' dir='ltr'>πράγματος</span> 
     </span>
    </p>
   </div>
   <div class='ocr_carea' id='block_1_117' title="bbox 2161 5673 3749 5744">
    <p class='ocr_par' dir='ltr' id='par_1_117' title="bbox 2161 5673 3749 5744">
     <span class='ocr_line' id='line_1_117' title="bbox 2161 5673 3749 5744; baseline -0.001 -16"><span class='ocrx_word' id='word_1_874' title='bbox 2161 5675 2376 5742; x_wconf 88' lang='grc' dir='ltr'>φύσεως</span> <span class='ocrx_word' id='word_1_875' title='bbox 2401 5674 2742 5743; x_wconf 70' lang='grc' dir='ltr'>διακρίνεται</span> <span class='ocrx_word' id='word_1_876' title='bbox 2770 5673 2803 5743; x_wconf 82' lang='grc' dir='ltr'>ἦ</span> <span class='ocrx_word' id='word_1_877' title='bbox 2833 5689 2891 5725; x_wconf 91' lang='grc' dir='ltr'>τε</span> <span class='ocrx_word' id='word_1_878' title='bbox 2921 5673 3078 5726; x_wconf 88' lang='grc' dir='ltr'>οὐσία</span> <span class='ocrx_word' id='word_1_879' title='bbox 3104 5673 3200 5728; x_wconf 87' lang='grc' dir='ltr'>τοῦ</span> <span class='ocrx_word' id='word_1_880' title='bbox 3231 5674 3368 5727; x_wconf 85' lang='grc' dir='ltr'>Θεοῦ</span> <span class='ocrx_word' id='word_1_881' title='bbox 3401 5674 3495 5727; x_wconf 82' lang='grc' dir='ltr'>καὶ</span> <span class='ocrx_word' id='word_1_882' title='bbox 3527 5676 3559 5744; x_wconf 81' lang='grc' dir='ltr'>ή</span> <span class='ocrx_word' id='word_1_883' title='bbox 3592 5675 3749 5744; x_wconf 87' lang='grc' dir='ltr'>ἐνέρ-</span> 
     </span>
    </p>
   </div>
   <div class='ocr_carea' id='block_1_118' title="bbox 2160 5761 3748 5838">
    <p class='ocr_par' dir='ltr' id='par_1_118' title="bbox 2160 5761 3748 5838">
     <span class='ocr_line' id='line_1_118' title="bbox 2160 5761 3748 5838; baseline -0.001 -17"><span class='ocrx_word' id='word_1_884' title='bbox 2160 5785 2285 5836; x_wconf 86' lang='grc' dir='ltr'>γεια</span> <span class='ocrx_word' id='word_1_885' title='bbox 2319 5767 2506 5832; x_wconf 81' lang='grc' dir='ltr'>αὐτοῦ,</span> <span class='ocrx_word' id='word_1_886' title='bbox 2540 5766 2635 5819; x_wconf 74' lang='grc' dir='ltr'>καὶ</span> <span class='ocrx_word' id='word_1_887' title='bbox 2670 5768 2782 5828; x_wconf 85' lang='grc' dir='ltr'>τοῖς</span> <span class='ocrx_word' id='word_1_888' title='bbox 2822 5765 3003 5830; x_wconf 86' lang='grc' dir='ltr'>λόγοις</span> <span class='ocrx_word' id='word_1_889' title='bbox 3033 5769 3149 5830; x_wconf 86' lang='grc' dir='ltr'>τοῖς</span> <span class='ocrx_word' id='word_1_890' title='bbox 3178 5766 3238 5820; x_wconf 90' lang='grc' dir='ltr'>τὸ</span> <span class='ocrx_word' id='word_1_891' title='bbox 3271 5767 3324 5820; x_wconf 90' lang='grc' dir='ltr'>τί</span> <span class='ocrx_word' id='word_1_892' title='bbox 3363 5761 3431 5837; x_wconf 78' lang='grc' dir='ltr'>ἦν</span> <span class='ocrx_word' id='word_1_893' title='bbox 3472 5762 3615 5819; x_wconf 82' lang='grc' dir='ltr'>εἶναι</span> <span class='ocrx_word' id='word_1_894' title='bbox 3648 5769 3748 5838; x_wconf 81' lang='grc' dir='ltr'>δη-</span> 
     </span>
    </p>
   </div>
   <div class='ocr_carea' id='block_1_119' title="bbox 2162 5857 3766 5930">
    <p class='ocr_par' dir='ltr' id='par_1_119' title="bbox 2162 5857 3766 5930">
     <span class='ocr_line' id='line_1_119' title="bbox 2162 5857 3766 5930; baseline 0 -17"><span class='ocrx_word' id='word_1_895' title='bbox 2162 5860 2363 5914; x_wconf 59' lang='grc' dir='ltr'>λοῦσιν</span> <span class='ocrx_word' id='word_1_896' title='bbox 2385 5860 2495 5924; x_wconf 74' lang='grc' dir='ltr'>πῶς</span> <span class='ocrx_word' id='word_1_897' title='bbox 2525 5859 2584 5914; x_wconf 81' lang='grc' dir='ltr'>οὐ</span> <span class='ocrx_word' id='word_1_898' title='bbox 2617 5857 2887 5930; x_wconf 81' lang='grc' dir='ltr'>πρόδηλόν</span> <span class='ocrx_word' id='word_1_899' title='bbox 2920 5859 3078 5913; x_wconf 79' lang='grc' dir='ltr'>ἐστιν</span> <span class='ocrx_word' id='word_1_900' title='bbox 3097 5859 3434 5930; x_wconf 65' lang='grc' dir='ltr'>ἁμαρτάνειν</span> <span class='ocrx_word' id='word_1_901' title='bbox 3460 5860 3586 5920; x_wconf 64' lang='grc' dir='ltr'>’ωὺς</span> <span class='ocrx_word' id='word_1_902' title='bbox 3607 5862 3766 5913; x_wconf 52' lang='grc' dir='ltr'>κατὰ</span> 
     </span>
    </p>
   </div>
  </div>
