4062 6406
322 391 424 452 659

1371 387 1752 447 GENNADH
1800 384 1916 448 ΟΡ.
1946 382 2386 443 PATRIARCH
2403 383 2460 442 ΞΕ

3486 380 3602 442 660

321 504 420 567 τὴν
447 501 724 570 ἡμετέραν
753 500 1001 555 ἐπίνοιαν
1033 499 1175 575 αῄτὰ
1199 501 1612 571 διακρίνοντας;
1636 500 1774 553 ἀλλά
1795 499 1903 568 μὴν
1933 498 1978 557 Α
2002 495 2102 565 ψαι
2160 497 2273 552 τοῖς
2321 496 2555 564 πρόσθεν
2596 492 2801 564 ταύτην
2858 495 2918 547 ού
2985 494 3273 564 βλέπουσιν
3309 511 3322 525 ·
3361 471 3604 565 ἠδύνατο

318 595 413 647 καὶ
449 592 545 647 τοῦ
583 593 686 664 τῆς
723 594 1037 656 συνθέσεως
1068 592 1229 657 δέους
1257 593 1706 656 ἀπαλλάττοντας
1738 593 1903 660 σφᾶς,

318 685 482 740 αὐτόν
509 703 577 756 γε
637 687 828 741 τοῦτον
861 687 954 741 τδν
991 687 1339 750 διδάσκαλον,
1402 687 1566 742 ἄλλον
1627 688 1694 741 ἂν
1746 687 1800 740 εί
1806 704 1906 755 περ

320 779 629 845 ἐϐούλοντο,
659 781 757 834 καὶ
778 780 872 834 τὸν
897 780 1045 850 ἱερὸν
1075 780 1354 850 Μάξιμον.
1393 779 1453 834 Ὀ
1479 782 1577 851 μὲν
1611 780 1746 849 γὰρ,
1781 782 1839 832 ἐν
1860 780 1910 848 β*

319 874 432 924 τῶν
459 873 596 941 πρὸς
627 872 896 941 Εὐνόμιον
929 872 1276 938 ἐγκαλοῦντα
1308 872 1460 941 αὐτῷ
1491 873 1591 942 τὴν
1627 871 1901 932 σύνθεσιν,

319 967 404 1016 ΐτι
466 965 543 1035 μὴ
577 964 750 1031 αὐτὴν
779 961 879 1032 τὴν
914 963 1067 1015 θείαν
1117 963 1330 1026 οὐσίαν,
1368 961 1504 1014 ἀλλὰ
1554 963 1683 1030 περὶ
1735 961 1906 1028 αὐτὴν

325 1053 495 1108 ἐτίθει
542 1053 605 1107 τὺ
640 1052 974 1123 ἀγέννητονΙ,
1018 1072 1037 1104 ι
1082 1058 1158 1107 Οὐ
1190 1054 1300 1124 γὰρ
1329 1051 1390 1121 δὴ
1421 1053 1471 1104 οῖ
1502 1051 1766 1104 δεικτικοὶ
1805 1051 1905 1120 τῆς

329 1145 597 1212 ἰδιότητος
645 1142 815 1197 αὐτοῦ
873 1143 1092 1212 τρόποι,
1129 1143 1287 1212 φησὶ,
1330 1143 1422 1196 τὸν
1467 1142 1566 1210 τῆς
1601 1141 1905 1210 ἁπλότητος

323 1221 531 1302 τρόπον
590 1232 1079 1304 παραλυπήσουσι.
1116 1251 1138 1285 ι
1195 1233 1448 1300 Μάξιμος
1481 1232 1538 1285 δὲ
1586 1235 1743 1300 ἐν,ιγ’
1774 1249 1901 1300 κεφ.

326 1326 430 1394 τῆς
474 1326 616 1395 πρὸς
671 1325 890 1396 Πύρρον
936 1324 1252 1388 διαλέξεως,
1311 1343 1330 1376 ι
1374 1325 1558 1395 Ὁρᾷς,
1591 1326 1776 1394 φησῖν,
1823 1324 1905 1378 ἔτι

328 1419 395 1470 ἐκ
422 1417 620 1471 τούτου
657 1415 963 1480 πλανᾶσθε,
990 1419 1055 1469 ἐκ
1085 1415 1181 1470 τοῦ
1213 1418 1390 1486 πάντη
1423 1415 1713 1484 ἀγνοῆσαι,
1744 1416 1826 1470 ὅτι
1850 1417 1906 1469 al

331 1509 617 1572 συνθέσεις
647 1509 757 1562 τῶν
803 1511 862 1562 ἐν
897 1493 1198 1562 ὑποστάσει
1225 1508 1420 1572 ὅντων,
1447 1509 1539 1561 καὶ
1579 1508 1639 1560 ού
1696 1509 1806 1562 τῶν
1848 1509 1908 1560 ἐν

330 1598 503 1671 ἑτέρῳ
537 1600 935 1668 θεωρουμένων
971 1601 1099 1658 εἰσὶ,
1133 1601 1229 1652 καὶ
1255 1599 1413 1653 τοῦτο
1438 1601 1616 1652 κοινὸν
1648 1601 1907 1670 φρόνημα

327 1692 550 1743 πάντων
578 1691 674 1742 καὶ
703 1692 813 1741 τῶν
862 1690 966 1753 ἐξω
1003 1689 1333 1757 ⁵φιλοσόφων,
1376 1689 1472 1741 καὶ
1508 1687 1618 1742 τῶν
1645 1688 1745 1757 τῆς
1779 1689 1908 1740 Ἐκ-

327 1783 558 1854 κλησίας
587 1783 864 1850 θεοσόφων
899 1782 1300 1850 μυσταγωγῶν,
1337 1783 1396 1835 ἐν
1445 1780 1748 1834 ὑποστάσει
1775 1780 1909 1834 ὄντα

329 1876 535 1931 καλῶν.
571 1875 753 1945 "Am-:9
812 1874 928 1944 ἃμα
969 1875 1067 1928 ὅλα
1115 1873 1222 1927 ὖπδ
1254 1875 1364 1938 τοῖς
1418 1874 1598 1927 αὐτῶν
1643 1873 1907 1942 ὀνόμασιν

326 1965 795 2038 ἀναθρῶσκουσιν,
833 1965 912 2030 ὡς
963 1965 1180 2036 ἔχουσιν
1209 1967 1265 2019 αἱ
1297 1966 1512 2035 πρῶται
1560 1966 1764 2030 οὐσίαι,
1811 1965 1907 2020 καὶ

325 2061 394 2112 τὰ
442 2059 583 2128 μέρη
617 2059 726 2112 τῶν
755 2057 958 2110 οὐσιῶν
994 2055 1223 2122 τούτων,
1254 2056 1286 2126 ἢ
1315 2057 1378 2110 τὸ
1412 2057 1776 2125 ὑποκείμενον
1811 2055 1908 2110 καὶ

329 2153 390 2204 1‘)
419 2151 601 2205 κοινὸν
630 2149 976 2221 συμϐεϐηκὸς
1003 2150 1099 2203 καὶ
1126 2148 1195 2202 τά
1221 2148 1470 2207 τοιαῦτα.
1513 2168 1535 2202 ι
1581 2150 1641 2203 '0
1668 2149 1725 2204 δὲ
1763 2149 1909 2219 ἱερὸς

329 2247 580 2315 θεολόγος
625 2246 928 2316 Γρηγόριος
983 2244 1085 2314 οὐχ
1141 2243 1319 2308 οὕτως
1359 2247 1418 2298 ἐν
1469 2244 1775 2299 ὑποστάσει
1805 2244 1907 2314 τὴν

328 2340 644 2410 ἀγαθότητα
693 2339 787 2392 τοῦ
851 2336 990 2391 Θεοῦ
1041 2338 1143 2392 καὶ
1183 2337 1291 2408 τὴν
1313 2338 1509 2406 σοφίαν
1539 2337 1731 2406 ἔλεγεν
1766 2333 1907 2391 εῖναι

325 2434 523 2502 χωρὶς,
581 2429 678 2484 καὶ
727 2427 828 2498 τὴν
862 2427 1212 2498 δικαιοσύνην
1249 2430 1347 2482 καὶ
1375 2429 1476 2498 τήν
1516 2427 1798 2498 ἀλήθειαν.
1833 2427 1910 2491 ὡς

329 2528 480 2580 ἔστιν
511 2527 690 2580 εἰπεῖν
719 2526 810 2578 τὸν
842 2523 1050 2593 Πέτρον
1085 2523 1182 2578 καλ⁵
1210 2523 1302 2577 τὸν
1333 2521 1568 2589 Παῦλον,
1602 2522 1637 2592 ἢ
1675 2521 1775 2593 τὴν
1805 2520 1910 2590 ψυιι

325 2620 432 2691 γὴν
464 2621 562 2674 καὶ
596 2617 659 2671 τδ
718 2617 901 2686 σῶμα,
942 2615 977 2686 ἢ
1011 2614 1114 2686 τὴν
1161 2616 1320 2685 χεῖρα
1371 2615 1466 2669 καὶ
1499 2612 1601 2685 τήν
1640 2613 1906 2683 κεφαλὴν,

325 2711 444 2766 ἀλλ’
468 2711 545 2774 ὡς
604 2710 697 2765 τὸν
737 2709 868 2764 νοῦν
924 2707 1024 2762 καὶ
1058 2710 1158 2778 τὴν
1185 2706 1420 2777 θέλησιν.
1457 2709 1516 2761 ἐν
1546 2703 1848 2776 ἀνθρώπῳ,
1873 2703 1910 2758 ἀ

333 2805 473 2874 μήτε
500 2800 829 2874 χωρίζεσθαι
862 2801 1141 2866 δύνανται,
1167 2799 1262 2852 καὶ
1289 2799 1440 2864 ὅμως
1472 2796 1702 2867 θάτερον
1724 2794 1910 2851 αὐτῶν

327 2894 444 2948 οὔθ’
484 2893 714 2964 ὁρισμός
744 2895 860 2946 ἐστι
894 2891 1151 2958 θατέρου,
1178 2887 1296 2942 οὗθ’
1318 2885 1552 2962 ὁρισμοῦ
1586 2887 1777 2956 μέρος,
1811 2885 1910 2940 καὶ

332 2987 583 3052 φυσικῶς
640 2983 1007 3053 ἐνυπάρχουσι
1059 2981 1139 3048 τῷ
1187 2980 1482 3048 ἀνθρώπῳ,
1516 2977 1708 3047 ὥσπερ
1765 2977 1912 3040 τινὲς

329 3080 498 3137 αὒτοῦ
521 3068 977 3146 τελειότητες,,ὦν
1000 3075 1130 3130 ἄνευ
1150 3073 1259 3127 οὐδ’
1282 3072 1380 3126 ἀνθ
1390 3089 1566 3141 ρωπος
1610 3072 1718 3141 εἴη,
1736 3070 1920 3136 οὓτως-

330 3177 528 3243 είοντα
561 3171 658 3224 καὶ⁸
691 3167 1101 3239 πραγματικῶς
1132 3166 1308 3236 δήπου
1333 3165 1475 3218 είσὶν
1513 3164 1688 3235 αύτῷ,
1736 3163 1816 3234 τῷ
1846 3180 1910 3234 γε
1937 3201 1984 3266 C

330 3264 773 3335 vllocxepsatépcp
799 3260 910 3314 τῶν
953 3257 1379 3329 σημαινομένων
1429 3255 1524 3310 τοῦ
1558 3256 1911 3326 πράγματος.

343 3357 417 3410 Ἡ
449 3355 553 3424 μὲν
588 3353 656 3425 δὴ
685 3354 796 3408 τῶν
833 3350 1006 3420 δοξῶν
1035 3350 1366 3422 ἀμφοτέρων
1406 3349 1648 3421 διαφορά
1685 3347 1914 3418 τοιαύτη

314 3451 419 3514 τίς
453 3449 628 3502 ἐστιν.

419 3540 526 3596 Ἒῶ
557 3539 660 3612 μὲν
705 3537 816 3607 γὰρ
847 3538 949 3602 τὰς
979 3536 1147 3600 ἀλλας
1177 3535 1446 3608 διαφοράς
1492 3536 1603 3592 τῶν
1636 3534 1918 3608 ὑϐριστῶν

337 3631 586 3696 ἐκείνων,
619 3631 680 3685 ἐν
730 3624 823 3693 αἷς
865 3625 959 3702 ἦν,
996 3630 1082 3682 ὅτι
1110 3627 1212 3683 καὶ.¹
1255 3629 1319 3684 τὸ
1367 3627 1792 3699 περιαστράψαν
1825 3626 1919 3680 τὸν

338 3727 610 3797 ἡμέτερον
634 3724 920 3794 Δεσπότην
967 3723 1027 3776 ἐν
1057 3721 1329 3794 Θαϐωρίῳ
1362 3720 1484 3789 φῶς
1523 3720 1737 3790 κτίσμα
1775 3714 1919 3773 εἶναι

338 3818 603 3885 ἐτίθεντο,
629 3817 664 3888 ἢ
692 3821 758 3872 ἐκ
787 3816 883 3872 τοῦ
915 3815 1149 3888 ἡλιακοῦ
1181 3816 1664 3888 προσειλημμένον
1715 3812 1919 3883 φωτὸς,

337 3909 516 3980 ἦτότ*
540 3909 704 3972 εὐθὺς
745 3908 847 3979 τῆς
892 3907 1082 3980 χρείας
1135 3907 1302 3964 ἕνεκα
1353 3905 1760 3978 δημιουρηθέν
1822 3906 1921 3959 καὶ

342 4002 517 4058 πάλιν.
538 4003 974 4071 ἀπογενόμενον..
1001 3997 1104 4054 Ὦν
1148 4002 1382 4070 θάτερον
1413 3999 1514 4070 μὲν
1538 3998 1757 4062 ἀνάξιον
1786 3998 1923 4067 Χρι-

342 4092 475 4148 στοῦ.
533 4092 631 4148 καὶ
680 4092 781 4163 τῆς
831 4092 1096 4164 ἀληθινῆς
1140 4091 1362 4146 ἐκείνου
1427 4088 1918 4160 θαυματουργίας,

340 4183 571 4251 θάτερον
602 4179 663 4237 δέ
707 4179 827 4236 οὔτ’
871 4183 1206 4252 ἀναγκαῖον,
1233 4181 1327 4234 καὶ
1355 4179 1476 4250 ἅμα
1518 4181 1806 4236 ἀδύνατον·
1837 4177 1924 4241 τίς

340 4277 459 4347 γὰρ.
502 4276 721 4345 ἀνάγκη
767 4274 1130 4346 δημιουργεῖν
1183 4274 1302 4344 φῶς
1357 4274 1587 4339 ὀθνεῖον,
1617 4272 1733 4328 ἀλλ’
1765 4272 1828 4326 ού
1863 4269 1925 4324 τὸ

343 4369 550 4423 οἰκεῖον
579 4367 994 4423 ἀνακαλύπτειν
1013 4383 1032 4433 ;

411 4459 483 4513 Τί-
511 4460 568 4514 δέ
607 4463 754 4514 ἐστιν
788 4460 821 4530 ή
853 4459 1006 4529 παρὰ
1040 4459 1142 4527 τῆς
1179 4457 1502 4528 Ἑκκλησίας
1530 4457 1924 4528 κηρυττομένη

2007 587 2065 640 δέ
2097 587 2273 656 δήπου
2295 589 2361 656 τῇ
2387 584 2584 640 ἐαυτοῦ
2637 587 2801 654 σαρκὶ
2833 585 2902 639 τὰ
2953 584 3181 640 τοιαῦτα
3242 585 3592 655 χαρίζεσθαι,

2005 681 2127 736 ἐπεὶ
2157 679 2250 733 καὶ
2279 679 2441 739 αὐτὸς
2466 674 2534 748 ἦν
2559 679 2587 730 ό
2614 679 2821 748 ταύτην
2841 677 3067 748 ὕστερον
3094 675 3301 748 μέλλων
3323 678 3594 743 δοξάζειν,

2007 775 2104 828 καὶ
2132 773 2213 834 είς
2243 768 2430 837 ἀπαθῆ
2465 771 2562 824 καὶ
2596 769 2906 838 κουφότητα
2932 771 3244 837 μεταποιεῖν
3275 769 3369 821 καὶ
3390 768 3594 820 λεπτό-

2005 878 2144 931 τητα
2177 876 2191 889 ·
2232 859 2344 912 εῖτε
2396 857 2491 911 καὶ
2538 861 2652 920 τοῖς
2709 857 3033 921 ἀποστόλοις
3083 855 3597 911 ἐπισκευασθεισῶν

2006 970 2123 1014 πως
2163 952 2362 1004 αὐτίκα
2386 951 2493 1003 τῶν
2520 950 2694 1019 ὄψεων
2727 969 2738 980 ·
2773 949 2898 1002 οὔτε
2946 951 3055 1018 γὰρ
3086 949 3313 1011 ἀπεικὸς
3351 944 3441 1019 ἦν,
3497 947 3598 1001 καὶ

2004 1043 2164 1098 τοῦτο
2194 1042 2620 1114 συνεληλυθέναι
2665 1044 2732 1112 τῇ
2796 1042 2958 1111 χρείᾳ
3007 1040 3101 1094 τοῦ
3158 1041 3456 1109 θαύματος,
3499 1041 3600 1094 καὶ

2005 1137 2124 1206 ἅμα
2156 1136 2454 1206 προσῆκον.
2487 1136 2648 1197 Τίνες
2687 1134 2890 1203 ταύτης
2919 1135 3186 1204 ἡγεμόνες
3231 1133 3334 1202 τῆς
3384 1131 3550 1203 δόξης
3578 1149 3598 1197 ;

2018 1231 2080 1282 '0
2103 1228 2354 1296 θεολόγος
2379 1227 2702 1297 Γρηγόριος,
2731 1228 2759 1280 ό
2792 1227 2963 1296 μέγας
2995 1225 3299 1288 Βασίλειος,
3358 1225 3388 1277 ό
3444 1224 3602 1292 X90-

2010 1322 2295 1388 σόστομιδς,
2335 1321 2364 1372 ὁ
2396 1319 2774 1387 Δαμασκηνὸς,
2807 1318 2902 1370 καὶ
2935 1317 3115 1385 ἕτεροι
3169 1315 3378 1369 πολλοί.

2089 1413 2382 1481 Ἐπάνειμι
2412 1411 2548 1478 πρὸς
2578 1411 2639 1464 τὸ
2691 1409 2788 1464 τοῦ
2841 1408 3120 1478 Θεοδώρου
3177 1407 3276 1460 τοῦ
3334 1404 3598 1476 Γραπτοῦ

2011 1503 2303 1575 ρησείδιον.
2364 1501 2588 1572 Πρῶτον
2654 1499 2834 1557 ἔπεισί
2891 1516 2982 1568 μοι
3043 1497 3345 1566 θαυμάζειν
3409 1496 3606 1550 αὐτῶν-

2007 1595 2107 1664 τὴν
2133 1594 2435 1662 σκαιότητα
2466 1611 2480 1625 ·
2520 1593 2876 1661 δραττόμενοι
2906 1592 3011 1659 γὰρ
3042 1590 3112 1642 τά
3141 1589 3234 1642 τοῦ
3288 1588 3604 1659 Θεοδώρου,

2009 1686 2070 1738 ού
2099 1684 2498 1756 περισκοποῦσι
2520 1684 2612 1737 τὸν
2647 1684 2824 1750 μέγαν
2855 1682 3168 1748 Βασίλειον,
3194 1679 3252 1743 δς
3275 1679 3369 1732 καὶ
3417 1680 3477 1731 ἐν
3520 1677 3603 1746 τῷ

2011 1777 2151 1846 πρὸς
2189 1776 2543 1846 Ἀμφιλόχιον
2601 1775 2745 1844 λόγῳ
2774 1775 2971 1852 ,τοιάδε
3026 1771 3383 1842 προστίθησιν
3414 1786 3426 1799 ·
3460 1790 3480 1822 ι
3512 1769 3608 1841 Μὴ

1939 1853 1982 1908 Β
2014 1867 2406 1937 ἐρωτάτωσαν,
2432 1868 2480 1918 εἱ
2507 1867 2607 1933 τὴν
2635 1864 2824 1918 οὐσίαν
2845 1863 3069 1933 οἴδαμεν
3097 1861 3192 1916 τοῦ
3228 1861 3363 1916 Θεοῦ
3395 1878 3410 1894 ο
3459 1861 3605 1915 ἀλλά

2015 1957 2459 2024 πυνθανέτωσαν,
2509 1959 2558 2010 εί
2585 1956 2819 2026 φοϐερὸν
2851 1955 3076 2025 οἴδαμεν
3106 1957 3195 2006 τὸν
3246 1953 3404 2016 Θεὸν,
3431 1953 3469 2023 ἢ
3523 1953 3611 2006 δίσ-

2013 2067 2192 2113 καιον,
2227 2048 2260 2111 ἢ
2288 2047 2695 2118 φιλάνθρωπον*
2731 2063 2905 2099 ταυτα
2931 2043 3306 2113 ὁμολογοῦμεν
3369 2042 3608 2097 ειδέναι.

2016 2142 2080 2195 El
2109 2141 2167 2194 δὲ
2204 2139 2334 2194 ἄλλο
2358 2157 2412 2192 τι
2440 2138 2661 2206 λέγουσι
2711 2137 2810 2206 τὴν
2859 2136 3070 2200 οὐσίαν,
3109 2135 3184 2205 μὴ
3226 2133 3609 2202 παραλογιζέ-

2015 2230 2232 2286 σθωσαν
2253 2231 2401 2301 ἡμᾶς
2439 2229 2530 2284 διὰ
2563 2229 2662 2296 τῆς
2694 2225 2995 2297 ἁπλότητος
3023 2242 3037 2256 ·
3074 2226 3232 2279 αὐτοὶ
3293 2225 3403 2294 γὰρ
3445 2225 3610 2293 ὡμο-

2014 2325 2278 2394 λόγησαν,
2315 2321 2444 2376 ἀλλο
2467 2319 2560 2373 καὶ
2593 2318 2724 2374 ἀλλο
2749 2313 2892 2371 εἶναι
2926 2318 3026 2388 τήν
3055 2333 3114 2369 τε
3145 2316 3335 2370 ούσίαν
3359 2316 3455 2369 καὶ
3500 2315 3620 2368 τῶν

2017 2417 2494 2490 ἀπηριθμημένων
2528 2415 2780 2477 ἕκαστον,
2809 2411 2927 2465 ἀλλ’
2956 2411 3014 2464 αἱ
3044 2410 3144 2481 μὲν
3176 2411 3449 2481 ἐνέργειαι
3491 2426 3617 2462 ποι-

2015 2510 2163 2566 κίλαι
2183 2527 2197 2540 ·
2230 2510 2262 2577 ἡ
2299 2509 2356 2561 δὲ
2385 2505 2542 2560 ούσία
2572 2503 2720 2572 ἁπλῆ
2753 2519 2767 2532 ·
2797 2504 2961 2572 ἡμεῖς
2977 2501 3034 2554 δὲ
3073 2503 3138 2554 ἐκ
3167 2500 3277 2554 τῶν
3306 2499 3618 2571 ἐνεργειῶν

2016 2602 2309 2672 γνωρίζειν
2331 2599 2565 2668 λέγομεν
2594 2598 2685 2650 τὸν
2740 2595 2920 2648 Θεόν⁹
2983 2597 3049 2664 τῇ
3109 2592 3166 2646 δὲ
3216 2592 3374 2663 οὐσίᾳ
3435 2591 3606 2644 αὑτοῦ

2017 2692 2407 2765 προσεγγίζειν
2439 2691 2538 2759 οὐχ
2560 2687 2999 2758 ὑπισχνούμεθα.
3028 2685 3231 2752 Δῑ-·μὲν
3273 2684 3390 2754 γὰρ.
3447 2684 3609 2752 ἐνέρρ

2017 2803 2164 2856 γειαι
2197 2781 2365 2837 αὑτοῦ
2389 2780 2526 2848 πρὸς
2551 2781 2698 2850 ἡμᾶς
2740 2778 3166 2834 καταϐαίνουσιν
3191 2793 3206 2806 ·
3234 2777 3268 2846 ἡ
3332 2774 3389 2828 δέ
3445 2775 3611 2828 οὐσία

2019 2877 2188 2934 αὑτοῦ
2224 2875 2378 2946 μένει
2413 2874 2734 2942 ἀπρόσιτος.
2776 2891 2796 2924 ι
2846 2871 3014 2942 Ὁρᾷς
3038 2868 3130 2923 τὸν
3195 2869 3367 2941 μέγαν
3442 2864 3613 2922 Βασί-

2018 2971 2164 3025 λειον
2203 2970 2319 3030 πῶς
2350 2968 2561 3036 ἐλέγχει
2617 2965 2744 3028 τοὺς
2788 2962 3104 3032 Ἀνομοίους
3126 2977 3143 3030 ;

2089 3059 2413 3116 Σκοπείσθω
2445 3059 2504 3112 δὲ
2549 3056 2714 3111 τανῦν
2738 3055 2800 3109 τὸ
2829 3053 2921 3108 τοῦ
2952 3051 3205 3125 Γραπτοῦ
3257 3049 3468 3118 λόγιον,
3515 3046 3617 3101 τοῦ.

2018 3154 2279 3224 Μαξίμου
2317 3153 2478 3222 μόνον
2508 3151 2642 3220 ἡμῖν
2671 3150 2859 3218 δεήσει
2877 3158 2979 3218 την
3015 3146 3242 3215 μέθοδον
3281 3141 3612 3213 ὑφηγουμέο

2017 3258 2108 3295 νου
2133 3243 2234 3310 τῆς
2251 3239 2590 3309 ἐξηγήσεως.
2617 3237 2756 3308 Φησὶ
2775 3236 2958 3290 τοίνυν
2991 3236 3201 3296 ἐκεῖνος
3225 3234 3281 3288 ἐν
3303 3234 3370 3302 τῇ
3401 3232 3486 3296 εῖς
3509 3231 3612 3300 τὴν
3683 3247 3690 3253 ·

2017 3333 2239 3404 λυχνίαν
2263 3330 2476 3404 θεωρίᾳΔ
2499 3346 2512 3361 ·
2545 3348 2563 3382 ι
2599 3330 2674 3383 Οὐ
2704 3328 2936 3383 πάντοτε
2989 3328 3086 3381 καὶ
3137 3326 3318 3380 πάντα
3366 3323 3440 3379 τὰ
3509 3323 3621 3393 τὴν.

2021 3426 2193 3497 αὐτὴν
2227 3424 2541 3494 ἐκφώνησιν
2578 3421 2771 3492 ἔχοντα
2801 3417 2928 3474 καθ’
2972 3418 3071 3471 ἕνα
3133 3417 3230 3471 καὶ
3289 3415 3382 3468 τὸν
3444 3413 3612 3468 αὐτὸν

2020 3519 2244 3582 πάντως
2267 3517 2596 3588 νοηθήσεται
2626 3512 2850 3584 τρόπον,
2884 3509 3000 3564 ἀλλ’
3034 3508 3268 3562 ἕκαστον
3298 3505 3408 3560 τῶν
3448 3507 3612 3574 λεγο-

2023 3615 2203 3686 μένων
2226 3612 2366 3680 πρὸς
2400 3609 2498 3680 τὴν
2526 3607 2918 3676 ὑποκειμένην,
2936 3601 3182 3674 δηλονότι
3207 3599 3284 3670 τῷ
3319 3599 3476 3668 τόπῳ
3512 3595 3614 3665 τῆς

2021 3685 2183 3778 ἀγίας
2212 3704 2437 3776 Γραφῆς
2461 3699 2696 3770 δύναμιν
2723 3697 2971 3766 νοητέον,
3011 3695 3061 3749 εί
3094 3685 3386 3765 μέλλοιμεν
3427 3689 3612 3762 ὀρθῶς

2019 3799 2115 3854 τοῦ
2149 3795 2353 3852 σκοποῦ
2373 3795 2482 3848 τῶν
2513 3792 2825 3864 λεγομένων
2879 3784 3408 3858 καταστοχάζεσθαι.
3447 3802 3469 3836 ι
3506 3779 3614 3838 Οὖ-

2022 3909 2101 3946 τω
2121 3890 2178 3945 δέ
2209 3889 2383 3960 δήπου
2409 3889 2505 3942 καὶ
2529 3887 2602 3939 τά
2637 3885 2748 3938 τῶν
2777 3882 3139 3948 διδασκάλων,
3173 3880 3247 3943 ὡς
3286 3879 3382 3933 καὶ
3414 3877 3489 3931 τὰ
3512 3875 3612 3945 τῆς

2021 3983 2185 4053 ἀγίας
2218 3981 2466 4050 Γραφῆς,
2500 3975 2820 4048 ἐξηγεῖσθαι
2842 3978 2924 4030 δεῖ
2951 3976 3172 4048 ῥήματα
3193 3972 3288 4026 καὶ
3339 3970 3485 4041 μετὰ
3514 3968 3611 4037 τῆς

2023 4075 2192 4144 αὐτῆς
2214 4073 2452 4144 ἑκάτερα
2471 4070 2803 4142 δεξιότητος,
2835 4069 2884 4122 εί
2911 4068 3008 4122 καὶ
3058 4066 3246 4136 μεῖζον
3294 4066 3408 4126 τοῖς
3473 4079 3613 4132 γρα-

2025 4169 2205 4240 φικοῖς
2239 4164 2400 4226 σέϐας
2435 4161 2727 4217 ἀποδοτέον
2784 4161 2956 4215 ἐστίν.
3003 4159 3165 4226 Λέγω
3230 4156 3412 4210 τοίνυν
3470 4153 3612 4210 κατὰ

2024 4264 2117 4319 τὸν
2143 4263 2302 4334 ἀγιον
2329 4261 2582 4332 Μάξιμον
2611 4259 2673 4313 τὸ
2703 4258 2804 4330 μέν
2829 4257 2959 4312 ἀλλο
2997 4254 3096 4310 καὶ
3119 4252 3248 4308 ἀλλο
3295 4251 3476 4304 εἰπεῖν
3534 4243 3614 4300 εἷς

2028 4375 2118 4412 ναι
2140 4356 2259 4409 τόδε
2281 4355 2374 4408 καὶ
2404 4354 2522 4408 τόδε
2547 4368 2563 4385 ⁶
2598 4351 2695 4406 καὶ
2731 4347 2888 4414 αὖθις
2916 4348 3112 4403 ταυτὸν
3130 4341 3272 4401 εῖναι
3297 4344 3414 4397 τόδε
3472 4340 3610 4411 τῷδε

2027 4449 2128 4522 τὴν
2157 4447 2330 4516 αὐτὴν
2357 4443 2667 4515 ἐκφῶνησιν
2700 4443 2814 4514 ἔχει
2836 4457 2852 4474 ⁸
2887 4440 3011 4495 οὕτε
3046 4441 3104 4494 δὲ
3130 4441 3313 4493 πᾶσαν
3345 4435 3613 4502 ταυτότη-

343 4552 574 4623 ἀλήθεια
599 4568 614 4619 ;
646 4552 771 4604 Ὅτι
797 4526 862 4614 τδ
885 4526 1072 4619 θαῦμα
1099 4526 1277 4605 ἐκεῖνο
1305 4526 1557 4621 θεότητος
1585 4526 1928 4619 ἀποκάλυψις
1959 4545 2005 4605 ι)
2035 4561 2103 4597 τα
2141 4542 2441 4612 νοήσαιμεν
2463 4540 2521 4592 ὲν
2553 4539 2667 4601 τοῖς
2701 4535 2912 4598 αὐτοῖς,
2959 4531 3086 4587 οὗτε
3126 4532 3308 4585 πᾶσαν
3343 4526 3611 4623 διαφίίρίξν
3696 4597 3709 4610 ,

341 4642 433 4715 ἦν,
457 4646 524 4712 τῇ
553 4644 712 4713 χρείᾳ
735 4641 833 4696 καλ⁸
859 4641 939 4714 τῷ
968 4641 1150 4712 καιρῷ
1185 4642 1491 4712 πρόσφορος
1519 4641 1927 4713 τεθαυματουρ-

346 4737 588 4806 γημένη.
629 4736 740 4792 Καὶ
764 4733 825 4789 τὸ
861 4735 978 4804 φῶς
1006 4737 1068 4789 οὐ
1109 4736 1260 4803 ξένον
1298 4734 1410 4790 οὐδ’
1463 4736 1787 4791 ἐπείσακτον
1835 4731 1924 4808 ἦν,

347 4829 464 4882 ἀλλ’
497 4829 715 4892 οἰκεῖον,
743 4828 841 4881 κοιλ⁸
873 4826 976 4898 τῆς
1008 4829 1066 4882 ἐν
1134 4827 1359 4900 Χριστῷ
1410 4829 1778 4899 προσωπικῶς
1803 4847 1930 4883 συν-η

346 4921 603 4992 ημμένης
661 4919 936 4990 θεότητος,
969 4920 998 4976 δ
1028 4920 1093 4990 δὴ
1123 4921 1217 4976 τὸν
1240 4921 1340 4992 μὲν
1373 4921 1682 4992 ἔμπροσθεν
1711 4923 1926 4993 χρόνον,

347 5015 445 5070 καὶ
481 5014 624 5084 μετά
651 5011 826 5074 ταῦτα
863 5013 1024 5068 πάλιν
1059 5013 1373 5077 ἐλάνθανεν,
1413 5014 1519 5068 ὑπὸ
1545 5019 1611 5083 τῇ
1677 5015 1932 5082 στεγανό-

345 5127 469 5180 τητι
495 5108 595 5179 τῆς
629 5106 854 5176 σαρκὸς,
884 5106 962 5171 ὡς
999 5105 1174 5170 οὕτως
1203 5107 1400 5170 εἰπεῖν,
1456 5107 1887 5176 συνεσταλμένον
1914 5123 1928 5138 ·

345 5202 526 5256 καίτοι
549 5199 808 5265 καθάπαξ
833 5199 1084 5271 ἄπειρον,
1118 5200 1213 5253 καὶ
1244 5201 1580 5268 σωματικοῖς
1631 5197 1932 5268 ὀφθαλμοῖς

348 5295 596 5362 φυσικῶς
641 5294 875 5363 ἀόρατον
907 5291 968 5345 δν
997 5307 1013 5322 ο
1058 5293 1183 5346 τότε
1229 5292 1287 5345 δὲ
1340 5291 1656 5360 παραδόξως
1707 5292 1801 5354 διὰ
1836 5290 1932 5344 τοῦ

347 5386 669 5440 δεσποτικοῦ
697 5385 953 5456 διέδραμε
996 5385 1248 5456 σώματος
1307 5387 1401 5438 καὶ
1459 5384 1781 5456 διήστραψε,
1841 5384 1936 5437 καὶ

348 5478 448 5548 τὴν
470 5476 680 5532 οἰκείαν
711 5475 925 5530 ἔνδοθεν
964 5474 1274 5546 ἐξέπεμψεν
1332 5477 1549 5545 αἴγλην,
1591 5475 1700 5528 εἴτε
1766 5475 1936 5545 μόνης

349 5569 450 5637 τῆς
482 5569 646 5637 ἁγίας
675 5567 879 5637 σαρκὸς
900 5567 1115 5637 ἐκείνης
1144 5567 1426 5637 βελτίωσίν
1452 5585 1578 5622 τινα
1599 5567 1938 5630 πεπονθυίας

350 5659 582 5731 τοιούτῳ
612 5657 856 5728 θαύματι
887 5641 1227 5727 πρέπουσαν,
1253 5657 1328 5721 ῶς
1369 5657 1436 5711 ἂν
1459 5659 1513 5711 εί
1559 5675 1640 5720 τις
1672 5656 1806 5725 φαίη
1851 5674 1934 5710 σι-

269 5747 278 5764 ’
350 5752 550 5820 δήρεον
617 5749 811 5814 σκεῦος
867 5751 1084 5819 μηχανῇ
1137 5767 1246 5802 τινι
1303 5749 1560 5816 γενέσθαι
1615 5749 1935 5818 παραυτίκα

352 5840 636 5914 διαφανὲς,
671 5842 766 5894 καὶ
802 5841 898 5912 τὴν
939 5841 1084 5894 ἔνδον
1124 5841 1216 5894 τοῦ
1272 5842 1441 5909 πυρὸς
1482 5842 1674 5908 αἴγλην
1724 5842 1934 5907 ἐκπέμ-

2033 4635 2128 4690 ἐπὶ
2157 4635 2265 4690 τῶν
2294 4633 2517 4703 ἐτέρων,
2554 4628 2673 4683 ἀλλ’
2709 4626 3016 4696 ἑκασταχοῦ
3067 4625 3165 4698 τὴν
3197 4623 3425 4679 οἰκείαν.
3472 4618 3613 4686 Τρό-

2034 4745 2129 4782 ποι
2158 4727 2216 4782 δέ
2238 4725 2514 4795 διαφορῶν
2535 4741 2595 4777 τε
2621 4722 2715 4776 καὶ
2748 4719 3076 4791 διακρίσεων
3109 4720 3167 4770 ἐν
3196 4718 3310 4780 τοῖς
3348 4716 3610 4785 πράγμα-

2037 4837 2123 4875 σιν
2150 4822 2251 4874 οὐκ
2279 4819 2471 4886 ὀλίγοι,
2499 4809 2574 4870 ὧν
2605 4814 2739 4868 ἔνιοι
2763 4817 2858 4868 καὶ
2899 4813 3014 4874 τοῖς
3061 4811 3228 4868 θείοις
3271 4801 3610 4872 ἀναλογικῶς

2037 4911 2467 4984 ἐφαρμόζονται.
2508 4906 2785 4967 Ὡσαύτως
2831 4904 2888 4958 δὲ
2933 4902 3027 4956 no.1
3064 4901 3260 4973 ταυτὸν
3306 4897 3422 4950 τόδε
3472 4895 3610 4984 τῷδε

2037 4980 2260 5074 λέγεται
2296 5001 2670 5070 πολυτρόπως.
2705 4999 2766 5050 Et
2803 4997 2902 5065 μὲν
2929 4993 3022 5046 οὖν
3048 4993 3182 5046 αὑτὸ
3232 4989 3492 5061 πρόθεσις
3544 4980 3612 5052 ἦν

2038 5100 2175 5168 ἡμῖν
2205 5094 2334 5166 περὶ
2365 5093 2694 5164 διακρίσεως
2717 5089 2936 5157 ἀπάσης
2961 5087 3137 5139 εἰπεῖν
3197 5085 3292 5136 καὶ
3340 5081 3612 5168 ἐνὼσεως,

2039 5167 2147 5244 ἔδει
2175 5187 2229 5257 γ’
2262 5187 2329 5241 ἂν
2358 5186 2534 5240 πάντα
2568 5184 2766 5237 διελεῖν
2812 5178 3056 5249 ἀκριϐῶς
3083 5193 3097 5207 ο
3133 5175 3229 5230 νῦν
3262 5175 3310 5227 δ’
3339 5172 3462 5226 οὔτε
3488 5167 3615 5221 τοῦ·

2038 5301 2100 5336 το
2131 5279 2554 5352 προτεθειμένον
2587 5279 2743 5346 ἡμῖν,
2783 5275 2880 5328 καλ⁸
2918 5271 3038 5341 ἅμα
3095 5269 3191 5322 τοῦ
3236 5267 3365 5336 περὶ
3410 5263 3615 5318 τούτων

2043 5373 2307 5444 ἀκριϐοῦς
2331 5372 2490 5436 λόγου
2526 5368 2657 5423 πολὺ
2687 5367 2751 5420 τὸ
2777 5366 2875 5435 τῆς
2911 5362 3196 5433 παρούσης
3226 5358 3417 5429 χρείας
3447 5355 3616 5444 ὑπερ·

2044 5440 2325 5529 ϐαίνοντος
2382 5464 2614 5534 μέτρον,
2674 5457 2882 5530 ἀρκοῦν
2925 5452 3212 5528 ἡγούμεθα
3271 5448 3442 5513 δεῖξαι
3491 5440 3616 5534 τοὺς

2055 5529 2462 5620 Ἀκινδυνιστὰς
2491 5529 2714 5624 ιραύλως
2743 5548 3146 5620 ἐξηγουμένους
3189 5545 3280 5597 τὸν
3333 5543 3505 5608 ἅγιον.
3541 5529 3614 5624 Ού

2045 5658 2158 5724 γὰρ
2186 5652 2262 5716 ὡς
2282 5650 2437 5705 αὐτοὶ
2467 5622 2748 5718 βούλονται
2788 5643 2977 5706 ἁπλῶς
3009 5643 3220 5702 ἐκεῖνος
3260 5633 3509 5724 ἐκϐάλλει
3558 5622 3617 5724 τδ

2046 5747 2146 5810 τὴν
2170 5744 2358 5796 οὐσίαν
2388 5740 2482 5794 καὶ
2506 5739 2602 5808 τὴν
2628 5738 2913 5806 ἐνέργειαν
2932 5732 3026 5788 τοῦ
3053 5727 3188 5783 Θεοῦ
3214 5726 3344 5782 ἄλλο
3366 5720 3502 5777 εἶναι
3528 5709 3620 5768 καὶ

2048 5835 2200 5901 ἄλλο»
2229 5833 2303 5899 ὡς
2332 5833 2396 5886 ἄν
2417 5848 2500 5894 τις
2527 5830 2654 5894 τοὺς
2689 5828 2924 5900 τρόπους
2956 5823 3165 5885 πάντας
3188 5819 3287 5891 τῆς
3307 5812 3620 5886 ἑτερότητος
