4062 6446
449 389 552 452 671

1598 394 1643 454 G
1657 395 1987 455 ENNADH
2019 396 2136 461 ΟΡ.
2178 395 2699 458 ΡΛΤΒῘΛΒΟΗΕ

3621 378 3731 447 672

457 506 525 558 ἐκ
556 507 791 577 Πατρός,
858 509 1008 577 ὅμως
1067 512 1368 579 πεφηνέναι
1426 512 1644 581 λέγεται
1695 515 1788 568 καὶ
1833 516 2043 583 πέφηνε
2074 530 2116 587 Α
2151 514 2479 580 μεσιτεύειν.
2515 514 2592 568 Οὐ
2619 513 2730 582 γάρ
2761 509 3000 565 συνεῖδον
3029 507 3067 564 ἃ
3102 504 3335 562 συνιδεῖν
3388 500 3557 577 ἐχρῆν
3600 502 3727 567 τοὺς

454 594 526 649 δι’
554 597 707 660 Υἰοῦ,
733 599 895 670 διχῶς
916 601 1009 668 ὑφ’
1037 602 1192 669 ἡμῶν
1213 606 1509 671 νοουμένου
1558 605 1656 657 τοῦ
1714 605 2041 673 πεφηνέναι,

455 691 551 742 καὶ
576 689 681 745 ὑπὸ
711 692 823 745 τῶν
879 693 1165 748 εἰπόντων.
1217 696 1440 764 Πρῶτον
1507 698 1605 766 μὲν
1663 696 1754 749 καί¹
1807 696 2044 766 μάλιστα

455 781 539 835 ὅτι
570 783 891 853 γνωρίζεται
923 785 991 839 δι’
1022 786 1175 853 Υίοῦ,
1210 788 1491 842 τουτέστιν
1534 787 1628 842 τοῦ
1658 788 1787 843 Υἰοῦ
1840 804 2042 859 γνωρι·

462 871 681 935 σθέντος
707 874 840 927 αὐτὸ
867 877 1195 947 γνωρίζεται
1225 894 1242 911 ⁸
1270 880 1303 948 ὴ
1355 881 1465 950 γὰρ
1521 880 1718 949 ἰδιότης
1759 879 1852 933 τοῦ
1897 881 2043 934 θείου

460 964 871 1037 προσώπου,ῆν
920 969 1176 1038 ἐμφαίνει
1223 971 1285 1025 τὸ
1326 972 1497 1042 ὄνομα
1546 971 1734 1037 αὐτοῦ,
1781 970 2046 1041 διακρίνει

461 1056 559 1127 ἀπ’
582 1057 743 1112 ἄλλου
771 1058 918 1113 θείου
943 1061 1241 1129 προσώπου
1272 1080 1290 1097 ο
1323 1064 1418 1117 καὶ
1441 1064 1794 1136 διακρίνουσα
1819 1066 2048 1134 φανεροί

461 1166 523 1202 τε
552 1150 704 1212 αὐτὸ,
737 1152 829 1206 καὶ
861 1155 922 1206 τδ
953 1153 1015 1207 οῦ
1046 1155 1384 1225 διακρίνεται
1420 1160 1765 1228 συμφανεροϊ
1811 1163 1877 1231 τῇ
1913 1161 2046 1215 ἐαυ-

459 1243 563 1324 τῆς
586 1244 857 1316 ἐνεργείᾳ,
888 1244 1078 1318 ὥσπερ
1100 1252 1205 1302 τινὶ
1238 1251 1379 1320 φωτὶ
1434 1250 1573 1320 πρὸς
1610 1252 1710 1324 τὴν
1736 1252 1794 1319 ἐξ
1833 1254 2046 1308 ἀποκα-

463 1322 681 1401 λ’ύψεως
709 1335 840 1405 ἡμῖν
894 1338 1254 1409 ἐγγινομένην
1319 1341 1428 1394 τῶν
1481 1322 2048 1398 θείωννῦποστάσεων

448 1427 819 1497 κατανόησιν,
851 1429 912 1481 τὸ
948 1430 1176 1499 φυσικὸν
1214 1432 1317 1502 τῆς
1351 1433 1508 1504 ἡμῶν
1565 1435 1805 1499 διανοίας
1856 1437 2048 1498 σκότος

467 1518 825 1589 ἐλλάμπουσά
849 1539 906 1575 τε
942 1524 1033 1577 καὶ
1061 1523 1353 1594 ὁδηγοῦσα.
1398 1525 1507 1581 Καὶ
1532 1527 1620 1582 διά
1651 1527 1811 1583 τοῦτο
1871 1530 1900 1597 ἡ
1950 1526 2047 1582 τοῦ

469 1610 602 1665 Υἰοῦ
645 1612 969 1683 ὑπόστασις,
991 1615 1056 1669 ἐκ
1083 1615 1184 1686 τῆς
1204 1616 1298 1670 τοῦ
1354 1618 1638 1688 προσεχῶς
1676 1617 2048 1688 ὀνομάζεσθαι

467 1703 551 1771 τῷ
606 1703 784 1773 Πατρὶ
851 1704 1113 1774 ἰδιότητος
1172 1707 1593 1776 ἐπιγνωσθείσα,
1657 1709 2049 1779 ἐναργέστερον

471 1795 808 1866 παρίστησιν
843 1799 976 1866 ἡμῖν
1004 1799 1101 1867 τὴν
1126 1799 1220 1853 τοῦ
1248 1801 1567 1871 Πνεύματος
1595 1802 1852 1874 ἰδιότητα,
1877 1797 1913 1878 ἦ
1951 1802 2046 1857 τοῦ

2149 602 2444 670 μέλλοντας
2476 601 2861 669 διαφυλάττειν
2915 600 2984 654 τά
3036 600 3135 669 τῆς
3199 598 3439 661 πίστεως
3491 596 3728 665 ἀκίνητα

2143 691 2410 762 δόγματα.
2456 692 2515 746 Ὀ
2546 693 2657 763 γὰρ
2684 692 2812 755 Υίδς
2837 690 2936 747 τοῦ
2962 690 3096 745 Θεοῦ
3123 691 3219 746 καὶ
3274 684 3336 744 τδ
3391 689 3616 756 Πνεῦμα
3664 686 3726 740 τὸ

2147 785 2211 839 ἐκ
2239 785 2335 840 τοῦ
2364 784 2524 849 Θεοῦ,
2553 786 2743 857 ὥσπερ
2764 785 2925 851 ἀκτίς
2971 801 3057 849 τις
3091 784 3152 848 ἐξ
3188 782 3342 855 ἦλίου
3398 782 3642 849 δίδυμος,
3689 780 3724 851 ἢ

2144 879 2399 951 δίρῤυτος
2440 879 2695 947 ποταμδς
2723 880 2786 933 ἐκ
2851 878 2983 947 μιᾶς
3021 876 3230 946 πηγῆς,
3266 876 3299 946 ἤ
3335 872 3556 945 βλαστοὶ
3613 875 3734 928 θεό-

2146 986 2305 1038 φυτοι
2341 970 2405 1024 ἐκ
2442 970 2600 1040 ῥίζης
2637 972 2788 1040 μιᾶς,
2825 969 2861 1042 ἦ
2909 968 3004 1024 δύο
3035 968 3172 1036 ἄνθη
3208 965 3309 1023 καϊ³
3331 969 3383 1021 εί
3415 983 3471 1018 τι
3518 965 3731 1033 συμϐά-

2145 1062 2278 1119 λειτ⁹
2306 1061 2374 1118 ἅν
2400 1063 2538 1134 πρδς
2563 1063 2626 1117 τὸ
2653 1059 2823 1128 δεῖξαι
2852 1061 2912 1117 τὺ
2943 1060 3177 1132 Πνεῦμα
3214 1061 3308 1115 καὶ
3332 1061 3424 1114 τὴν
3452 1055 3580 1112 TD»:
3606 1068 3731 1110 συν-

2112 1210 2117 1213 ,
2146 1153 2436 1224 ανίσχοντα
2462 1156 2558 1209 καὶ
2582 1158 2650 1224 τῇ
2682 1156 2981 1225 ἀποδλέψει
3009 1159 3112 1224 τῆς
3139 1156 3331 1227 κοινῆς
3359 1153 3540 1217 αἰτίας
3574 1153 3633 1217 ἐξ
3659 1143 3729 1223 ἧς

2148 1247 2530 1317 συνανίσχουσι
2556 1248 2625 1304 τά
2652 1246 2902 1316 δεύτερα,
2935 1247 3179 1319 φέροντα·
3196 1242 3272 1312 ὥς
3297 1245 3515 1300 αἰτιατά
3543 1246 3728 1311 μόνον,

2147 1337 2207 1392 ού
2233 1338 2356 1392 κατ’
2385 1337 2514 1393 ἄλλο
2537 1357 2592 1394 τι
2622 1339 2732 1395 τῶν
2782 1341 3004 1396 πάντων
3053 1339 3231 1406 οὐδὲν,
3284 1337 3460 1402 οὕτως
3514 1340 3578 1391 ἐκ
3631 1337 3728 1390 τοῦ

2147 1425 2286 1481 Θεοῦ
2339 1428 2437 1482 καὶ
2489 1429 2708 1500 Πατρδς
2762 1431 3015 1500 προϊέναι
3066 1427 3342 1491 νοοῦντας.
3416 1427 3558 1482 Ἀλλ’
3616 1426 3732 1481 οὗθ’

2150 1518 2421 1589 ὑπουργεῖ
2450 1520 2581 1591 ἡμῖν
2610 1522 2643 1592 ἠ
2681 1521 2864 1593 νόησις
2917 1523 3014 1575 καὶ
3042 1522 3071 1575 6
3104 1520 3285 1589 λόγος,
3347 1519 3730 1591 μεταϐατικῶς

2147 1612 2439 1684 ἀμφότερα
2462 1613 2792 1683 ἐνεργοῦντα
2821 1613 3040 1685 σύναμα
3078 1614 3264 1670 ἐκεῖνα
3319 1613 3463 1668 νοεῖν
3511 1628 3574 1666 τε
3628 1611 3727 1665 καὶ

2146 1704 2351 1773 λέγειν,
2400 1705 2523 1761 οὐδὲ
2549 1708 2608 1760 ἐν
2634 1705 2785 1777 αύτῷ
2808 1706 2870 1761 τὸ
2891 1708 3033 1761 νοεῖν
3064 1706 3157 1762 καὶ
3186 1707 3368 1777 λέγειν
3393 1706 3475 1761 ὅτι
3509 1704 3727 1773 σύναμα

2148 1795 2429 1866 δυνάμεθα
2466 1795 2544 1868 μὴ
2575 1800 2670 1852 καὶ
2696 1797 2925 1870 θάτερον
2953 1798 3186 1868 θατέρου
3228 1796 3480 1887 προνοεῖν
3510 1816 3569 1853 τε
3631 1797 3730 1851 καὶ

474 1887 797 1956 μονογενοῦς
827 1889 955 1942 Υίοῦ
982 1891 1322 1958 διακέκριται
1346 1909 1361 1925 ο
1390 1893 1467 1954 ὡς
1493 1889 1589 1948 οὗν
1615 1895 1714 1964 τῆς
1768 1893 1866 1948 τοῦ
1914 1891 2045 1949 Υἰοῦ
2081 1879 2122 1934 Β
2152 1889 2549 1959 πρπκφέρειν,
2600 1891 2745 1944 δυοῖν
2802 1891 2976 1947 ὄντων
3033 1893 3177 1947 κατά
3219 1890 3318 1956 τὰς
3355 1879 3682 1953 hostium
3711 1906 3727 1922 '

470 1978 825 2049 προεπινοίας
844 1998 904 2034 τε
946 1983 1043 2037 καὶ
1069 1987 1417 2056 προεκφορᾶς
1446 1986 1505 2039 ὲν
1527 1986 1603 2056 τῷ
1630 1985 1776 2056 λόγῳ
1806 1984 2050 2056 φανερώο

467 2088 629 2143 τερον
657 2074 790 2143 ήμϊν
828 2074 1190 2146 ἀποδιδούσης
1231 2077 1325 2131 τδν
1382 2079 1512 2148 περὶ
1571 2078 1666 2133 τοῦ
1729 2079 2050 2148 Πνεύματος

467 2164 650 2232 λόγον,
681 2167 802 2219 κατ’
862 2166 994 2221 αὐτὸ
1040 2168 1169 2237 γοῦν
1216 2169 1277 2223 τδ
1345 2170 1709 2238 γινώσκεσθαι
1763 2172 1897 2242 ἡμῖν
1952 2171 2051 2224 καὶ

471 2258 831 2313 πιστεύεσθαι
860 2258 1166 2323 ἄλλονκτινὰ
1229 2260 1450 2332 τρόπον,
1494 2262 1590 2317 καὶ
1652 2262 1714 2316 οὐ
1774 2264 2052 2335 γεννητῶς

466 2351 713 2421 προϊέναι
736 2350 896 2406 τοῦτο
919 2354 983 2406 ἐκ
1015 2352 1109 2406 τοῦ
1140 2353 1352 2424 Πατρδς
1384 2356 1640 2426 ἀρῤήτως
1669 2356 1765 2409 καὶ
1823 2356 2051 2428 ἀνενοή-

468 2460 601 2509 τως,
630 2444 726 2499 καὶ
743 2443 888 2499 οὕτω
909 2444 1006 2499 τοῦ
1034 2447 1238 2518 τρόπου
1269 2447 1369 2516 τῆς
1391 2446 1555 2501 αὑτοῦ
1585 2448 1814 2517 προόδου
1842 2449 2049 2520 φυλατ-

466 2539 699 2609 τομένου
727 2556 743 2572 ο
778 2540 856 2604 ὡς
880 2542 1057 2596 τοίνυν
1086 2541 1174 2596 διά
1203 2542 1373 2597 ταῦτα
1405 2541 1499 2597 τοῦ
1551 2543 1869 2616 Πνεύματος
1918 2545 2051 2614 ἡμῖν

474 2634 616 2701 μετά
648 2632 741 2687 τὸν
778 2633 908 2687 Υἰὺν
938 2632 1141 2704 μᾶλλον
1186 2633 1591 2705 γνωριζομένου
1629 2652 1690 2689 τε
1738 2639 1833 2688 καὶ
1878 2652 2049 2689 κατα-

468 2725 911 2797 λαμϐανομένου,
939 2723 1009 2780 δι’
1039 2724 1101 2780 οῦ
1151 2724 1452 2797 πεφηνέναι
1504 2726 1565 2780 τὸ
1603 2724 1830 2797 Πνεῦμα
1872 2726 2050 2790 καλῶς

465 2819 707 2887 λέγεται.
740 2818 951 2882 Ἀλλως
976 2818 1033 2872 δὲ
1062 2819 1161 2872 σὺν
1188 2816 1267 2887 τῷ
1296 2818 1415 2890 Υἱῷ
1455 2837 1515 2874 τε
1540 2820 1656 2874 ἐστι
1690 2822 1784 2874 καὶ
1820 2821 1917 2874 σὺν
1949 2819 2051 2874 αύ-

463 2902 546 2978 τῷ
584 2911 834 2981 πρόεισιν
865 2900 941 2964 ἐκ
963 2911 1198 2982 Πατρδς,
1239 2911 1429 2984 ὥσπερ
1457 2915 1486 2967 6
1516 2912 1646 2976 Υἱὸς
1693 2914 1954 2982 γεννᾶται
1988 2913 2053 2966 ἐκ

465 2992 563 3055 τοῦ
595 3000 833 3070 Πατρδς,
866 2999 1043 3065 οὕτως
1069 3001 1202 3057 αὐτὸ
1237 3002 1302 3057 ἐκ
1330 3001 1423 3057 τοῦ
1479 3004 1691 3074 Πατρδς
1751 3003 2052 3073 προϐαλλό-

470 3109 656 3162 μενον.

1081 3185 1335 3241 ΚΕΦᾹΛ.
1373 3188 1446 3241 Δ’.

471 3303 593 3358 ’Ότι
616 3305 655 3371 ἠ
695 3303 805 3358 τοῦ
841 3300 977 3357 Υἱοῦ
1001 3302 1277 3370 ιιεσιτεία
1300 3302 1417 3355 οὐκ
1446 3300 1764 3367 ἀναγκάζει
1818 3303 1914 3358 καί
1940 3304 2055 3371 ,τὸν

548 3370 690 3428 Υίὸν
707 3374 909 3443 ἀρχὴν
936 3374 1031 3443 καὶ
1056 3372 1354 3443 προᾷολέα
1378 3370 1416 3440 ἢ
1451 3371 1874 3440 προϐάλλοντα
1898 3370 2053 3429 εἶναι

487 3456 496 3468 ³
535 3446 688 3514 πρὸς
712 3441 794 3498 τό
810 3441 1059 3511 Πνεῦμα
1085 3442 1152 3496 τὸ
1178 3441 1371 3510 ἅγιον.

482 3616 487 3621 η
550 3554 619 3607 Ἥ
643 3548 701 3608 δέ
725 3552 820 3607 τοῦ
857 3552 990 3607 Υἰοῦ
1027 3553 1303 3624 μεσιτεία,
1352 3553 1496 3608 οὕτω
1527 3555 1636 3623 γὰρ
1672 3554 1835 3608 αὐτὴν
1866 3555 2057 3627 ὁμολο-

472 3647 756 3718 γοῦμενέν
791 3644 870 3715 τῷ
902 3644 1031 3716 θείῳ
1069 3645 1305 3716 λουτρῷ,
1368 3647 1461 3700 καὶ
1513 3646 1594 3710 εἰς
1651 3646 1752 3715 τὴν
1800 3647 2055 3715 τοιαύτην

466 3741 579 3795 τῶν
606 3740 768 3795 θείων
809 3736 1095 3809 ὀνομάτων
1129 3739 1544 3809 βεϐιπτίσμεθα
1577 3741 1851 3808 σύνταξιν,
1891 3743 2055 3795 αὐτὶν

472 3814 572 3901 μὶν
597 3831 859 3902 μονογενῆ
915 3829 1175 3893 δείκνυσι,
1208 3832 1267 3883 τδ
1301 3830 1358 3883 δέ
1391 3828 1615 3900 Πνεῦμα
1666 3830 1768 3900 τῆς
1820 3834 2055 3902 φυσικῆς

468 3925 609 3995 προς
633 3921 725 3975 τδν
758 3921 978 3993 Πατέρα
1008 3921 1269 3991 σχέσεως,
1295 3923 1544 3976 τουτέστι
1563 3922 1663 3993 τῆς
1689 3923 1896 3993 ἀμέσου
1915 3924 2055 3994 πρὸς

467 4018 567 4087 τὴν
592 4014 768 4070 αἰτίαν
783 4015 1062 4086 ἀναφορᾶς
1088 4015 1191 4070 ούκ
1221 4014 1493 4086 ἀπείργει.
1527 4015 1602 4069 Οὐ
1652 4016 1760 4087 γάρ
1813 4017 2051 4088 εἴρηται,

469 4106 592 4162 οὔτε
616 4106 835 4162 δύναται
867 4106 1126 4176 λέγεσθαι
1153 4109 1217 4163 ἐκ
1267 4107 1362 4163 τοῦ
1416 4106 1550 4162 Υἰοῦ
1606 4109 1891 4180 προσεχῶς
1929 4112 2053 4180 ὑφι-

473 4201 663 4255 στάναι
690 4201 751 4254 1:6
791 4198 1038 4270 Πνεῦμα,
1093 4200 1287 4272 ὥσπερ
1337 4201 1386 4254 οἰ
1435 4200 2054 4272 αἰρετικοὶίνομίζοντες

469 4293 772 4364 εἰργεσθαι.
801 4294 984 4364 τρίτον
1019 4293 1321 4365 ἐφλυάρουν
1349 4289 1490 4348 εἶναι
1522 4296 1589 4365 τῇ
1632 4294 1794 4365 φύσει
1843 4296 1938 4349 καὶ
1983 4297 2050 4367 τῇ

468 4387 616 4457 ἀξίᾳ,
662 4386 755 4439 καὶ
775 4388 841 4439 ἐκ
869 4384 963 4439 τοῦ
997 4384 1128 4439 Υίοῦ
1160 4384 1435 4457 προῆχθαι
1480 4389 1576 4442 καὶ
1637 4388 2053 4460 δημιουργικῶς

469 4477 531 4530 τδ
557 4477 696 4529 κατά
731 4475 901 4547 μόνην
926 4475 1035 4529 τῶν
1091 4474 1374 4547 ὀνομάτων
1418 4475 1517 4547 τὴν
1569 4476 1823 4544 σύνταξιν
1867 4479 2051 4550 τρίτον

2148 1983 2268 2039 οὔτ’
2298 1986 2536 2058 ἐγχωρεῖ
2566 1988 2629 2042 τὸ
2650 1985 2880 2057 Πνεῦμα
2933 1985 3304 2059 προτετάχθαι
3360 1984 3456 2040 τοῦ
3496 1982 3629 2039 Υἰοῦ
3673 1985 3732 2036 ἐν

2149 2079 2226 2151 τῷ
2248 2080 2347 2149 τῆς
2372 2079 2809 2153 άπαριθμήσεως
2839 2080 2948 2133 τῶν
2979 2079 3144 2134 θείων
3194 2075 3504 2148 προσώπων
3530 2073 3746 2146 εἰρμῷ..

2162 2170 2398 2226 Ἐνοεϊτο
2414 2172 2524 2243 γὰρ
2551 2172 2616 2226 ἂν
2635 2169 2776 2226 εῖναι
2804 2171 3013 2242 Πατὴρ,
3039 2172 3135 2225 καὶ
3158 2172 3186 2225 6
3216 2170 3346 2233 Υἱὸς
3376 2169 3478 2222 οὐκ
3516 2167 3585 2221 ἂν
3635 2182 3731 2237 μοι

2150 2266 2379 2338 νογενὴς
2436 2267 2772 2333 ἐπιστεύετοζ
2796 2262 3077 2319 τουτέστιν
3108 2264 3172 2319 ἔκ
3228 2263 3392 2334 μόνου
3423 2278 3484 2316 τε
3509 2260 3604 2316 καὶ
3638 2258 3735 2332 μό-

2152 2375 2244 2422 νος
2282 2359 2704 2429 γεγεννημένος,
2757 2358 2855 2414 καὶ
2902 2358 2937 2427 ἠ
2972 2356 3116 2412 οὕτω
3173 2353 3628 2425 καινοτομηθεϊσα
3664 2349 3733 2406 ἂν

2154 2451 2404 2524 μεσιτεία
2426 2440 2521 2506 τοῦ
2547 2450 2863 2521 Πνεύματος
2894 2451 2974 2513 εἰς
3011 2448 3235 2520 μείζονα
3286 2446 3354 2502 ἂν
3409 2444 3745 2514 ἀπεπλάνησ

2153 2561 2246 2599 σεν
2271 2545 2523 2609 ἀτοπίαν,
2551 2545 2666 2612 είγε
2697 2545 2729 2612 ἠ
2766 2542 2975 2614 ἀληθὴς
2999 2539 3093 2595 τοῦ
3123 2539 3261 2614 Θεοῦ
3289 2536 3537 2611 μεσιτε-ία
3561 2538 3757 2609 πρόσει

2153 2654 2347 2710 κομμα
2397 2639 2618 2709 τοϊς-,μὴ
2649 2634 2831 2699 καλῶς
2851 2632 3066 2688 νοοῦσιν
3102 2635 3319 2701 ἐγένετό
3365 2649 3446 2698 τε,
3500 2631 3590 2684 καὶ
3640 2629 3755 2682 νῦν⁴

2154 2724 2236 2780 ἔτι
2262 2726 2466 2796 τρόπον
2494 2727 2684 2793 ἕτερον
2712 2725 2941 2793 γίνεται.
2977 2722 3293 2778 Κάντεῦθέν
3318 2724 3437 2777 ἐστι
3477 2719 3542 2775 τδ
3596 2721 3753 2792 μήτς

2151 2816 2408 2886 λέγεσθαι
2436 2817 2530 2870 τὸν
2555 2816 2686 2870 Υίὺν
2717 2816 2814 2871 τοῦ
2872 2816 3215 2888 Πνεύματος,
3272 2815 3349 2879 ὡς
3397 2814 3459 2868 τὸ
3510 2815 3735 2883 Πνεῦμα

2153 2907 2380 2978 λέγεται
2408 2908 2502 2964 τοῦ
2530 2909 2688 2975 Υίοῦ,
2724 2911 2864 2981 μήτε
2893 2911 2987 2962 τὸν
3018 2908 3150 2964 Υἰδν
3177 2909 3266 2964 διὰ
3294 2907 3390 2961 τοῦ
3418 2906 3751 2978 Πνεύματοςῖ

2153 3003 2404 3074 προϊέναι
2426 3003 2703 3070 λέγεσθαι,
2735 3001 2860 3055 οὔτε
2892 3001 3097 3068 ἀϊδίως,
3129 3001 3311 3055 καίτοι
3353 3016 3418 3066 γε
3463 2999 3521 3052 ἐν
3575 2994 3735 3065 ἀλλή-

2152 3090 2265 3157 λοις
2295 3095 2434 3149 εἰσίν
2470 3111 2486 3128 ο
2517 3093 2647 3149 ὥστ’
2673 3095 2775 3148 οὐκ
2803 3094 2869 3148 ἂν
2907 3093 3114 3148 ἐκώλυε
3149 3093 3242 3146 καὶ
3277 3090 3343 3145 δι’
3375 3089 3620 3161 ἀλλήλων
3648 3084 3753 3142 λέξιν

2154 3204 2276 3258 γειν
2302 3188 2500 3253 ταῦτα,
2525 3187 2720 3256 ἐφόσον
2751 3185 2960 3257 υἰότητι
3013 3186 3176 3257 μόνον
3205 3174 3375 3238 αὑτοῦ
3426 3182 3735 3252 διακρίνον-

2156 3282 2245 3333 ται
2278 3280 2374 3335 καὶ
2399 3282 2675 3351 γεννήσει,
2707 3278 2873 3335 αὑτοῦ
2925 3296 2989 3347 γε
3058 3272 3211 3341 ὄντος
3261 3274 3593 3347 ἐκπορευτοῦ
3642 3274 3736 3328 καὶ

2159 3372 2298 3425 Πνεύ
2310 3390 2501 3443 ματος,
2533 3369 2651 3427 ἀλλ’
2686 3369 2837 3426 οὗτοι
2864 3388 2929 3439 γε
2963 3371 3042 3441 τῷ
3101 3369 3258 3439 αἰτίῳ
3326 3370 3422 3423 καὶ
3478 3364 3734 3437 θἐογόνῳ,

2110 3519 2117 3525 _
2155 3461 2282 3518 οὔτε
2313 3465 2604 3536 χρονικῶς,
2633 3464 2814 3537 καίτοι
2847 3462 3104 3535 ἐπέμφθη
3136 3464 3164 3517 6
3191 3462 3322 3526 Υἱὸς
3353 3460 3445 3515 τοῦ
3470 3459 3605 3514 Θεοῦ
3637 3477 3741 3513 πα-

2159 3558 2227 3628 ρὰ
2253 3556 2346 3613 τοῦ
2373 3559 2587 3629 Πατρὸς
2621 3556 2718 3612 καὶ
2744 3557 2839 3613 τοῦ
2904 3557 3223 3627 Πνεύματος
3256 3570 3274 3588 ο
3338 3554 3479 3609 ὥστε
3532 3555 3628 3607 καὶ
3672 3555 3739 3607 ἐκ

2155 3652 2371 3723 Πατρδς
2398 3651 2488 3705 διὰ
2513 3651 2834 3722 Πνεύματος
2865 3647 3020 3705 εἶπεν
3042 3650 3110 3706 ἄν
3135 3668 3221 3714 τις
3271 3648 3435 3702 αὐτον
3486 3645 3744 3719 πεμφθῆ-

2156 3760 2247 3798 ναι
2267 3743 2511 3808 οἰκείως.
2551 3744 2712 3799 Ἀλλά
2738 3744 2828 3799 διὰ
2858 3745 2928 3798 τά
2983 3741 3250 3815 εἰρημένα
3281 3740 3375 3795 καὶ
3433 3742 3579 3811 φυγῇ
3632 3740 3743 3795 τῶν

2157 3828 2411 3891 ἐντεῦθεν
2436 3836 2503 3889 ἂν
2554 3835 3044 3906 ἀκολουθησάντων
3096 3835 3316 3888 ἀτόπων
3385 3832 3448 3887 οὐ
3501 3831 3741 3899 λέγεται,

2157 3923 2293 3979 άλλά
2319 3923 2399 3996 τῷ
2425 3924 2516 3978 τὸν
2544 3924 2672 3978 Υἰὸν
2703 3920 3139 3996 προθεωρεϊσθαι
3169 3924 3266 3978 καὶ
3300 3919 3741 3993 προεκφέρεσθαί

2158 4007 2223 4087 γε
2248 4017 2342 4071 τοῦ
2377 4016 2715 4089 Πνεύματος,
2743 4016 2887 4070 αἵτε
2941 4016 3204 4087 ἰδιότητες
3234 4016 3328 4070 καὶ
3390 4013 3551 4069 πάνθ’
3605 4013 3742 4083 ὁμοῦ

2159 4106 2521 4175 σώζονταιτά
2551 4107 2649 4179 τῆς
2676 4107 2917 4170 πίστεως
2980 4105 3215 4176 ἀκίνητα
3265 4104 3536 4176 δόγματα.
3596 4100 3743 4171 Προ-

2156 4199 2447 4269 θεωρείται
2479 4199 2588 4271 γάρ
2619 4198 2714 4252 τοῦ
2763 4198 3083 4268 Πνεύματος
3133 4197 3163 4250 6
3211 4196 3342 4261 Υἰδς
3394 4194 3456 4250 οὒ
3518 4196 3584 4266 τῇ
3635 4191 3744 4265 ὁδῷ

2153 4288 2253 4343 τοῦ
2277 4289 2436 4359 λόγου
2463 4289 2566 4362 τῆς
2604 4290 2843 4359 φύσεως,
2882 4287 3018 4342 ἀλλὰ
3044 4290 3112 4360 τῇ
3147 4285 3252 4356 ὁδῷ
3280 4286 3377 4341 τοῦ
3408 4285 3508 4356 τῆς
3559 4283 3743 4346 αἰτίας

2155 4382 2342 4452 λόγου,
2374 4381 2434 4445 ὃς
2462 4384 2560 4446 τὰς
2594 4381 2744 4446 θείας
2775 4379 3105 4444 ὑποστάσεις
3129 4378 3397 4451 διέκρινεν
3423 4380 3482 4431 ἐν
3508 4378 3575 4451 τῇ
3605 4376 3742 4449 αὐτῇ

2155 4474 2257 4547 τῆς
2290 4474 2481 4537 οὐσίας
2513 4473 2752 4544 ἐνότητι.

472 4565 601 4636 παρ’
628 4566 760 4637 ήμϊν
805 4565 1192 4634 ἐκφερόμενον,
1223 4564 1317 4618 καὶ
1338 4565 1483 4620 κατὰ
1509 4565 1608 4639 τὴν
1635 4568 1746 4620 τῶν
1772 4567 2052 4639 ὀνομάτων
2085 4575 2130 4631 ι)
2226 4566 2387 4636 Λέγω
2429 4564 2486 4617 δέ
2510 4563 2629 4619 ὁδὸν
2658 4563 2753 4617 τοῦ
2784 4563 2883 4634 τῆς
2914 4562 3095 4627 αἰτίας
3126 4561 3289 4632 λόγου
3316 4560 3377 4615 τό
3399 4578 3460 4615 τε
3491 4560 3746 4625 ἀναιτίοις

471 4656 793 4713 ἀκολουθίαν
826 4655 994 4710 ἐνεκά
1021 4672 1084 4726 γε
1117 4654 1214 4709 τοῦ
1247 4654 1325 4727 μὴ
1356 4658 1677 4728 συγχεῖσθαι
1709 4660 1810 4723 τάς
1862 4659 2058 4730 ἰδιότη-

470 4767 591 4816 τας,
623 4750 808 4822 τρίτον
839 4748 1002 4818 εἶναι,
1035 4749 1132 4804 καὶ
1162 4749 1274 4804 τῶν
1305 4751 1534 4823 βαθμῶν
1559 4752 1664 4824 τῆς
1715 4754 1953 4822 φύσεως,
2016 4754 2051 4827 ἢ

471 4845 571 4915 τῆς
597 4843 755 4909 ἀξίας
780 4841 1191 4910 πιστεύσαντες,
1229 4843 1422 4918 ὥσπερ
1457 4846 1608 4917 μέσῳ
1635 4848 1743 4900 τινὶ
1802 4846 1881 4919 τῷ
1939 4847 2056 4919 Υίῷ

469 4934 864 5006 διειργόμενον,
891 4934 988 4988 καὶ¹
1016 4933 1107 4989 διὰ
1130 4933 1290 4989 τοῦτο
1318 4936 1603 5008 προσεχῶς
1655 4935 1715 4991 δν
1736 4936 1797 5002 ἐξ
1852 4936 2019 4992 αὐτοῦ
2040 4955 2055 4970 θ

473 5025 505 5091 ἦ
544 5026 664 5080 κατ’
696 5024 896 5092 ἐνίους,
931 5028 1027 5082 καὶ
1054 5027 1115 5096 ἐξ
1156 5028 1325 5082 αὐτοῦ
1359 5029 1550 5099 μόνου,
1579 5028 1681 5099 τῆς
1714 5033 2060 5104 προακτικῆς

472 5119 505 5185 ἢ
536 5116 829 5189 ποιητικῆς
857 5116 1146 5190 δυνάμεως
1242 5118 1309 5171 ἂν
1336 5110 1643 5189 προαχθείη
1706 5120 1768 5171 τὸ
1829 5119 2059 5190 Πνεῦμα
2096 5161 2105 5167 .

469 5212 550 5274 εἰς
580 5209 668 5265 τὸν
694 5209 828 5264 Υἰδν
851 5208 1185 5279 κενωθείσης
1214 5209 1438 5280 ἀπάσης
1465 5212 1561 5264 καὶ
1593 5208 1969 5280 ἀναλωθείσης
1993 5213 2061 5264 ἐκ

469 5301 566 5357 τοῦ
595 5304 829 5375 Πατρός.
859 5301 1018 5358 Οὕτω
1049 5303 1160 5375 γάρ
1195 5303 1505 5375 ἐφλυάρουν
1544 5304 1767 5375 παχέως
1796 5302 1896 5373 τὴν
1960 5302 2059 5358 τοῦ

468 5395 602 5451 Υίοῦ
632 5396 935 5466 μεσιτείαν,
964 5399 1062 5453 καὶ
1081 5395 1181 5467 τὴν
1210 5394 1307 5450 τοῦ
1342 5395 1664 5466 Πνεύματος
1704 5396 1899 5466 τρίτην
1923 5413 2059 5451 κατ-

469 5488 913 5559 ο·εομασίαν,ούχ
964 5482 1193 5562 ἦττονῆ
1244 5487 1570 5558 κακούργως
1619 5487 1938 5562 νοήσαντες,
1985 5490 2063 5554 ὡς

472 5581 708 5637 ἐπὶτῶν
741 5585 851 5636 ἀπό
899 5597 1048 5645 τινος
1103 5580 1304 5653 τρίτων
1351 5581 1848 5651 κατατεταγμένων
1899 5582 1977 5653 τῷ
2027 5582 2060 5652 ἢ

471 5674 803 5747 διαστήματι
835 5676 1053 5746 χρόνου,
1085 5673 1119 5745 ἢ
1154 5674 1490 5745 διαστήματι
1528 5674 1722 5735 τόπου.
1754 5676 1788 5744 ἢ
1839 5676 2062 5747 διαδοχῇ

471 5768 575 5836 τῆς
600 5769 932 5838 γεννήσεως,
959 5766 994 5838 ἦ
1031 5767 1456 5838 δραστηριότητι
1487 5767 1796 5837 δυνάμεως,
1830 5769 1863 5839 ἢ
1893 5768 2060 5835 ἀξιῶ·

483 5874 652 5928 ματος
680 5857 973 5931 μεγαλείῳ,
1004 5857 1039 5930 ἢ
1063 5857 1294 5930 τοιούτῳ
1314 5859 1425 5914 τινὶ
1453 5860 1515 5915 ἐν
1577 5861 1763 5931 σφίσιν
1796 5861 1951 5917 ’ἄλλο
2008 5879 2062 5917 τι

2157 4655 2299 4714 εἶναι
2325 4659 2423 4712 καὶ
2451 4658 2511 4711 τὸ
2538 4656 2827 4723 αἱτιατῶς,
2854 4656 2951 4735 καὶ
2977 4656 3039 4710 τὸ
3069 4654 3166 4710 ὡδί
3193 4672 3310 4719 πως
3336 4652 3617 4721 αἰτιατῶς,
3649 4654 3744 4708 καὶ

2157 4750 2258 4804 ὅσα
2307 4749 2407 4819 τῆς
2454 4748 2550 4803 τοῦ
2596 4749 2771 4803 αἰτίου
2836 4748 3209 4819 παρωνυμίας
3256 4749 3388 4801 εἰσί.
3421 4747 3609 4802 Ταῦτα
3638 4749 3746 4817 γὰρ

2159 4842 2341 4898 πάντα
2370 4841 2465 4897 τοῦ
2501 4842 2664 4911 λόγου
2693 4841 2795 4912 τῆς
2843 4846 3060 4911 φύσεως
3088 4840 3471 4914 ἀποδιῄρηται.
3501 4841 3641 4897 Οῦτε
3670 4842 3741 4906 ὡς

2159 4935 2353 5002 αἴτιος,
2387 4935 2526 4989 ἁλλά
2568 4935 2777 5005 μᾶλλον
2803 4934 2880 4998 ὡς
2912 4935 3010 4989 ὡδί
3045 4951 3164 4999 πως
3195 4936 3437 5000 αἰτιατὺς
3460 4974 3476 4999 ,
3511 4935 3587 5000 ὡς
3620 4935 3749 4999 Υἱὸς

2161 5025 2387 5099 δηλαδὴ,
2427 5026 2620 5098 διότιή
2654 5026 2752 5081 τοῦ
2812 5024 2944 5081 Υίοῦ
2981 5026 3328 5099 προσηγορία
3374 5027 3471 5081 καὶ
3503 5026 3598 5081 τοῦ
3635 5028 3745 5080 Πα-

2161 5118 2290 5189 τρὸς
2308 5118 2467 5171 οὐδὲν
2495 5120 2785 5190 προσίεται
2832 5120 2998 5190 μέσον
3045 5120 3133 5173 διὰ
3163 5120 3232 5173 τά
3261 5119 3550 5190 εἰρημένα.
3605 5116 3662 5173 ’0
3691 5118 3746 5172 δέ

2162 5209 2354 5282 Πατὴρ
2391 5209 2487 5264 τοῦ
2518 5210 2652 5265 Υἱοῦ
2688 5214 3097 5287 προεπινοείται
3130 5212 3212 5282 τῷ
3253 5211 3357 5281 τῆς
3396 5211 3576 5275 αἰτίας
3606 5210 3747 5280 λόγῳ

2163 5304 2241 5368 ὡς
2268 5304 2461 5372 αίτιος,
2496 5305 2579 5359 ὅτι
2621 5304 2682 5372 ἐξ
2718 5304 2887 5360 αὐτοῦ
2942 5305 3003 5359 τὸ
3037 5301 3180 5359 εἶναι
3210 5307 3239 5360 6
3271 5302 3402 5370 Υἱὸς
3439 5307 3577 5377 ἔχει.
3624 5306 3747 5358 Ὅσα

2166 5396 2347 5462 αύτως
2369 5397 2425 5451 δέ
2450 5399 2547 5454 καὶ
2574 5399 2672 5452 τοῦ
2710 5399 3047 5470 Πνεύματος,
3081 5398 3160 5469 τῷ
3187 5399 3358 5463 αἰτιος
3399 5399 3567 5454 αὐτοῦ
3609 5395 3748 5452 εἶναι

2167 5491 2197 5542 6
2238 5489 2429 5561 Πατὴρ
2461 5490 2536 5554 ὡς
2566 5491 2896 5563 προϐάλλων
2938 5492 3412 5563 προτεθεώρηται.
3461 5493 3607 5546 Ἀλλ’
3633 5493 3662 5546 ὅ
3685 5507 3749 5559 γε

2170 5581 2297 5644 Υἱὸς
2327 5587 2737 5652 προεπινοεῖται
2785 5585 2883 5641 τοῦ
2926 5583 3250 5652 Πνεύματος
3295 5585 3373 5656 τῷ
3415 5585 3476 5639 τὸ
3524 5583 3752 5655 Πνεῦμα.

2169 5675 2232 5729 ού
2264 5678 2543 5747 γεννητῶς
2567 5677 2643 5740 ὡς
2674 5678 2835 5741 αὐτὸς
2870 5680 2933 5731 ἐκ
2961 5679 3055 5731 τοῦ
3096 5680 3311 5749 Πατρδς
3338 5679 3584 5733 αίτιατὸν
3611 5674 3752 5732 εῖναι

2168 5767 2265 5823 καὶ
2309 5767 2614 5836 ὑφεστάναι
2639 5810 2654 5835 ,
2684 5770 2805 5826 ἀλλ’
2836 5773 3026 5841 ἔτερόν
3068 5789 3197 5826 τινα
3221 5771 3446 5843 τρόπον,
3483 5772 3512 5825 δ
3559 5771 3754 5842 σημαί-

2168 5862 2300 5917 νοιτ⁴
2330 5862 2398 5917 ἂν
2427 5860 2505 5933 τῷ
2543 5863 2619 5934 μὴ
2657 5862 2797 5932 μετὰ
2843 5863 2941 5918 τὸν
2986 5865 3206 5937 Πατέρα
3242 5844 3627 5937 ὁμολογεῖσθαι
3657 5863 3753 5919 εὐ-
