4062 6412
290 387 397 451 6τ3

1196 390 1296 449 DE
1341 389 1869 450 PROCESSIONE
1903 389 2269 449 SPlRlTUS
2310 387 2577 449 SANCTI

3468 390 3577 459 674

289 500 544 570 θὺς,παρ“
565 501 744 571 ἡμῶν,
780 502 877 554 καὶ
908 499 1083 573 ταύτῃ
1106 500 1208 565 τὰς
1230 501 1503 572 Εὑνομίου
1531 501 1677 555 κατά
1704 501 1804 569 τῆς
1828 503 1887 554 ἐν
1916 504 1959 561 Α
1990 500 2163 553 αῖτιον
2197 499 2229 568 ἢ
2284 498 2468 569 τρίτον
2490 539 2506 564 ,
2546 500 2707 568 μόνον
2758 498 2813 552 δὲ
2866 501 2893 553 ὁ
2935 502 3123 571 Πατὴρ
3154 502 3299 556 αἰτία
3353 505 3573 571 λέγεται

284 598 350 666 τῇ
379 592 572 663 Τριάδι
630 594 888 664 ἑνότητος
926 593 1232 657 ἀντιθέσεις
1268 584 1728 663 διακρινούμεθα.
1780 593 1878 654 Ὃς

284 688 386 756 τὴν
422 685 565 738 κατὰ
604 686 697 737 τὸν
727 684 829 752 τῆς
861 684 1045 748 αίτίας
1073 682 1234 751 λόγον
1262 685 1358 738 καὶ
1386 684 1590 752 τρόπον
1625 698 1880 734 πιστευο-

290 778 460 845 μένην
491 775 701 845 Τριάδα
728 779 785 826 ὲν
812 776 1029 844 ἑνότητι
1055 774 1270 843 φύσεως
1294 776 1373 836 είς
1406 773 1507 843 τὴν
1534 775 1590 827 ἑν
1618 775 1684 842 τῇ
1720 773 1880 841 φύσει

1989 594 2206 662 πρώτη,
2234 592 2314 661 τῷ
2345 592 2441 645 καὶ
2471 591 2571 660 τῆς
2600 591 2855 661 θεότητος
2885 594 3060 663 ἀρχὴν
3091 597 3187 646 καὶ
3215 597 3397 662 πηγὴν
3427 594 3575 651 εἶναι

1986 682 2086 749 τῆς
2110 681 2331 733 πάντων
2379 681 2585 741 αἰτίας.
2628 681 2716 743 Ὦς
2742 681 2853 749 γάρ
2884 684 2998 733 ἐστι
3028 683 3165 749 μετά
3201 684 3292 736 τοῦ
3328 686 3455 737 Υίοῦ
3487 690 3580 738 καὶ

1989 773 2310 841 Πνεύματος
2360 773 2579 825 πάντων
2637 772 2786 824 αἰτία
2849 771 2924 833 ὡς
2991 774 3146 839 Θεὸς,
3198 773 3372 833 οὕτως
3426 778 3578 829 ἐστὶν

287 864 557 934 διαφορὰν
601 865 786 933 φέρων
840 865 1029 931 ἐτίθει,
1071 865 1170 916 καλ⁵
1207 864 1307 926 τὰς
1344 862 1487 916 κατὰ
1534 862 1626 916 τὸν
1666 867 1765 932 τῆς
1799 866 1882 918 αἱ·
1942 866 2123 918 ΑΥἱοῦ
2154 883 2216 918 τε
2252 866 2346 917 καὶ
2376 866 2696 933 Πνεύματος
2726 866 2887 930 μόνος
2933 866 3107 928 αῐτιος
3152 868 3220 936 τῇ
3253 869 3577 938 πατρότητι,

286 959 407 1020 τίας
440 956 601 1023 λόγον
635 957 729 1010 καὶ
760 956 963 1026 τρόπον
990 957 1334 1025 προθεωρίας
1370 972 1429 1008 τε
1463 958 1562 1010 καὶ
1601 955 1875 1024 προαριθ-

295 1054 512 1123 μήσεις,
541 1049 631 1102 διὰ
664 1049 727 1102 :0
772 1049 880 1103 τῶν
909 1049 1268 1102 ὑποστάσεων
1305 1048 1617 1117 ἀσύγχυτον
1647 1048 1879 1117 γινομέ-

290 1160 385 1206 νας
426 1143 507 1205 εἱς
540 1142 870 1212 ὑπερθέσεις
909 1143 1000 1194 καὶ
1032 1141 1254 1210 ὑφέσεις
1283 1141 1617 1209 ἀξιωμάτων
1652 1143 1745 1193 καὶ
1777 1141 1881 1210 φύ-

293 1248 431 1284 σεων
489 1231 719 1299 ἀμαθῶς
778 1247 837 1282 τε
889 1231 982 1283 καὶ
1031 1229 1357 1297 κακούργως
1412 1230 1730 1300 ἑλάμδανεο
1783 1233 1880 1283 καὶ

294 1323 547 1392 κλίμακα
575 1323 796 1391 φύσεων
826 1323 1051 1389 συνίστη
1079 1322 1154 1383 ὡς
1182 1321 1515 1391 ἀξιωμάτων
1553 1322 1754 1392 ἑτεροι·
1784 1324 1880 1376 καὶ

293 1415 444 1468 ἄλλοι
473 1414 538 1468 αὑ
569 1414 811 1483 προόδων
852 1418 1123 1485 μηχαναῖς
1146 1431 1254 1466 τισι
1285 1415 1345 1467 :0
1374 1415 1579 1485 ἀπᾷδον
1604 1417 1877 1485 ἐπιχρών-

294 1507 486 1571 νύντες
520 1509 616 1561 τοῦ
645 1509 936 1578 δόγματος.

364 1598 471 1649 Καὶ
502 1596 693 1668 ἕτερον
723 1600 779 1652 δέ
811 1618 933 1652 τινα
978 1600 1185 1671 τρόπον
1220 1602 1525 1670 πεφηνέναι
1555 1600 1616 1654 :0
1649 1600 1880 1672 Πνεῦμα

290 1688 352 1742 :0
394 1691 573 1757 ἀγιον,
601 1690 669 1743 δι’
710 1684 771 1743 οὑ
806 1708 990 1760 φαμεν
1023 1692 1120 1745 καὶ
1150 1692 1382 1763 νοοῦμεν
1420 1694 1549 1757 τοὺς
1595 1693 1879 1761 λέγοντας,

291 1784 373 1837 ὃτι
406 1784 475 1836 δι’
513 1776 801 1848 Υίοῦ⁴τοῖς
853 1783 1170 1853 ἀνθρώποις
1212 1784 1562 1856 ἐφανερώθη,
1595 1786 1696 1858 τὴν
1727 1785 1880 1856 ἐνέρ-

1987 959 2166 1011 είτουν
2199 960 2265 1027 τῇ
2298 958 2646 1027 γονιμότητι.

2057 1052 2323 1119 Λέγωμεν
2369 1050 2433 1119 δὴ
2468 1051 2527 1102 ἐν
2577 1049 2747 1118 αὑτῷ,
2798 1048 2875 1115 τῷ
2928 1051 2991 1102 ἑκ
3027 1050 3240 1120 [10:90;
3278 1052 3580 1119 ὑφεστάναι

1986 1142 2047 1195 :0
2089 1141 2316 1209 Πνεῦμα
2350 1142 2409 1194 :0
2445 1140 2604 1208 ἆγιον
2654 1141 2742 1194 διὰ
2771 1140 2864 1194 τοῦ
2909 1141 3037 1194 Υἱοῦ
3090 1142 3367 1212 προῖέναιο
3410 1142 3577 1194 τοῦτο

1988 1232 2045 1285 δέ
2085 1233 2205 1284 ἐστι
2257 1230 2320 1283 :0
2370 1232 2434 1283 ἑκ
2492 1232 2708 1301 Πατρδς
2759 1231 2829 1285 δι’
2871 1232 3003 1285 Υἱοῦ
3059 1232 3458 1303 ἐκπορεύεσθαι
3491 1234 3579 1286 δια

1988 1323 2087 1393 τὴν
2112 1324 2211 1391 τῆς
2244 1322 2436 1385 οὑσίας
2466 1322 2702 1391 ἑνότητα
2728 1323 2926 1394 ἄκραν,
2953 1325 3030 1387 ώς
3062 1325 3163 1377 οὑκ
3193 1325 3351 1388 ἐκτὸς
3378 1325 3444 1377 ἂν
3479 1324 3577 1377 τοῦ

1991 1414 2147 1481 Υίοῦ,
2181 1416 2299 1469 ἀλλ’
2352 1418 2411 1468 ἑν
2450 1415 2598 1484 αὑτῷ
2637 1417 2828 1484 προϊὸν
2877 1418 2941 1470 ἐκ
3005 1415 3131 1469 τοῦ-
3155 1419 3388 1484 Πατρδς,
3423 1434 3581 1470 τουτ-

1991 1506 2163 1571 έστιν,
2190 1508 2249 1558 ἐν
2287 1506 2439 1576 αὑτῷ
2478 1507 2629 1576 παρὰ
2664 1508 2872 1576 [10:90;
2902 1508 3169 1578 ὑπάρχον,
3202 1508 3294 1561 καὶ
3330 1511 3388 1561 ἑν
3428 1509 3580 1576 αὑτῷ

1990 1594 2276 1663 διαμένον,
2312 1598 2406 1648 καὶ
2460 1597 2520 1647 ὲν
2576 1596 2693 1666 Υίῷ
2747 1598 2900 1666 παρά
2945 1599 3162 1669 [10:90;
3214 1599 3442 1669 διῆκον,
3482 1600 3580 1652 καὶ

1988 1686 2077 1739 διὰ
2125 1685 2221 1739 τοῦ
2256 1686 2387 1739 Υίοῦ
2418 1687 2575 1751 διιδν,
2618 1688 2940 1757 θεοπρεπῶς
2987 1690 3082 1742 τοῦ
3131 1706 3191 1743 τε
3241 1690 3451 1759 διήκειν
3483 1695 3577 1743 καὶ

1988 1775 2182 1829 διιέναι
2231 1776 2565 1846 νοουμένου,
2622 1778 2744 1830 ἐπεὶ
2787 1779 2862 1848 μὴ
2906 1780 3081 1842 ἄλλως
3129 1778 3281 1834 ἔστιν
3334 1781 3578 1851 ἐμφῆναι

292 1892 448 1943 γειαν
476 1874 645 1929 αὑτοῦ
674 1877 769 1929 καὶ
812 1877 909 1946 τὴν
951 1880 1116 1947 χάριν
1149 1878 1263 1939 τοῖς
1312 1876 1638 1939 ἀποστόλοις
1678 1877 1879 1947 πρότεο
1911 1860 1950 1914 Β
1980 1867 2078 1937 τὴν
2136 1867 2314 1934 ἄκραν
2370 1871 2659 1921 κοινωνίαν
2709 1873 2809 1936 τῆς
2857 1875 3073 1939 φΰπεως
3104 1891 3118 1902 ’
3152 1874 3245 1925 καὶ
3278 1873 3353 1934 ὡς
3397 1872 3461 1926 ἄν
3489 1891 3573 1935 τις

295 1984 390 2036 ρον
432 1966 533 2036 μὲν
563 1966 650 2020 διὰ
686 1966 781 2019 τοῦ
816 1968 1239 2037 ἐμφυσήματος,
1274 1964 1397 2021 εἶτα
1448 1968 1544 2022 καὶ
1572 1968 1629 2019 ἐν
1659 1967 1738 2037 τῷ
1770 1967 1881 2021 τῶν

294 2060 542 2128 πυρίνων
564 2059 830 2128 γλωσσῶν
854 2059 986 2112 εῖδει
1016 2057 1351 2130 τελεώτερον
1374 2059 1472 2114 καὶ
1502 2059 1881 2130 πληρέστερον

295 2152 590 2216 δεδωκόςος
621 2194 636 2218 ,
672 2153 770 2206 καὶ
821 2153 1181 2222 πεπομφότος
1206 2194 1221 2219 ,
1273 2152 1661 2222 συνεκχέοντὸς
1693 2169 1751 2205 τε
1782 2153 1881 2207 καὶ

296 2238 745 2309 συνδιανέμοντος
786 2238 885 2309 τὴν
927 2239 1186 2309 τοιαύτην
1230 2240 1393 2310 χάριν
1451 2239 1546 2294 τοῦ
1596 2240 1734 2293 Θεοῦ
1784 2241 1881 2294 καὶ

297 2328 533 2399 Πατρδς,
567 2329 664 2381 καὶ
694 2328 860 2382 αὑτοῦ
898 2329 964 2400 δὴ
1000 2328 1096 2382 τοῦ
1138 2329 1487 2398 Πνεύματος,
1517 2330 1609 2382 καὶ⁸
1638 2329 1736 2400 τὴν
1780 2330 1880 2399 τῆς

296 2422 519 2489 χὶριτος
578 2419 806 2488 ἔκχυσιν
835 2456 852 2483 ,
886 2420 984 2473 καὶ
1036 2419 1136 2489 τὴν
1180 2420 1249 2473 δι’
1296 2419 1471 2490 αὐτῆς
1514 2420 1735 2489 μέθεξιν
1780 2422 1881 2490 τῆς

295 2511 551 2579 θεότητος
580 2508 674 2561 τοῦ
721 2509 928 2580 Πατρδς
975 2512 1069 2563 καὶ
1115 2509 1209 2563 τοῦ
1245 2511 1378 2563 Υίοῦ
1430 2512 1527 2565 καὶ
1561 2513 1656 2564 τοῦ
1704 2513 1877 2566 Πνεύ-

299 2618 468 2671 ματος
496 2600 865 2671 ἐνεργούντων
915 2604 1095 2673 κοινῇ,
1139 2606 1235 2657 καὶ
1280 2602 1354 2665 ὡς
1392 2603 1510 2665 ἑνὸς
1546 2602 1682 2656 Θεοῦ
1719 2605 1877 2673 ἐνερ-

294 2692 541 2760 γοῦντος.
576 2693 684 2746 Καὶ
712 2692 855 2745 οὑτω
883 2692 1014 2761 γοῦν
1047 2692 1117 2746 δι’
1142 2694 1273 2746 Υἱοὺ
1315 2696 1619 2763 πεφηνέναι
1660 2695 1876 2763 λέγεται

293 2785 389 2838 καὶ
413 2784 739 2854 ἐκλάμπειν,
765 2785 841 2847 ώς
871 2785 960 2839 διά
996 2770 1090 2839 τοῦ
1129 2786 1261 2838 Υίοῦ
1298 2787 1731 2858 φανερούμενον,
1772 2788 1867 2840 καὶ

293 2878 363 2947 τῇ
389 2879 570 2930 κτίσει
615 2878 1057 2948 μεταδιδόμενον.

900 2988 1154 3043 ΚΕΦΛΛ.
1199 2988 1276 3045 Ε’.

298 3101 430 3174 Ὅτι
470 3102 532 3155 ἐν
572 3100 655 3174 τῷ
707 3100 963 3174 διἈΥίοῦ
1010 3101 1096 3174 ἐκΔ
1138 3104 1368 3171 Πατίὸς
1402 3105 1469 3158 τό
1508 3105 1755 3174 Πνεῦμα
1809 3106 1874 3159 τὸ

365 3172 535 3241 ἅγιον
560 3172 992 3239 ἐκπορεύεσθαι
1026 3170 1350 3241 λέγεσθαι,
1374 3178 1427 3229 εὶ
1456 3176 1554 3228 καὶ
1602 3170 1871 3242 σπανίως

364 3243 617 3313 εἴρηται,
648 3241 785 3294 ἀλλ’
809 3243 844 3307 ἡ
876 3242 1105 3313 ἐνώτης
1130 3242 1242 3311 τῆς
1273 3247 1486 3308 οὐσίας
1524 3246 1626 3300 καὶ
1651 3248 1688 3313 ὴ
1718 3241 1869 3299 συν.

363 3311 558 3380 άφεια,
591 3314 706 3378 οὐχ
734 3313 770 3378 ἡ
798 3312 1013 3382 σχέσις
1046 3311 1153 3377 τῆς
1184 3317 1375 3379 αἰτίας
1406 3314 1479 3382 τῇ
1537 3317 1624 3368 διὰ
1658 3311 1871 3382 προθέ-

361 3397 458 3434 σει
490 3386 909 3448 σημαίνονται,
936 3381 1016 3445 ὡς
1044 3387 1095 3434 oi
1125 3383 1367 3436 Λατῖνοι
1394 3381 1469 3447 ,βξ
1481 3387 1749 3443 ὐλοντιιι.
1777 3387 1874 3438 καὶ

360 3452 428 3503 ἐκ
453 3450 559 3503 τοῦ
592 3452 725 3502 Υίοῡ
754 3449 1033 3518 λέγοντες
1066 3452 1520 3519 ἐκπορεύεσθαι,
1546 3456 1646 3508 καί
1678 3457 1874 3509 τᾶλλα

362 3522 435 3574 τὰ
452 3522 520 3573 ἐν
559 3519 637 3584 τῷ
672 3522 1091 3589 Φλωρεντιακῴ
1124 3523 1258 3589 ὅρῳ.

378 3612 517 3665 Ἀλλ’
552 3613 738 3681 ἐπειδὴ
779 3614 871 3664 καὶ
913 3615 974 3663 ἐκ
1024 3613 1118 3664 τοῦ
1171 3616 1381 3683 Πατρ“.ς
1430 3615 1498 3667 δι’
1541 3615 1672 3668 Υίοῦ
1706 3617 1873 3668 ἐκπο·

292 3704 576 3775 ρεύεσθαι,
614 3708 662 3756 εί
707 3705 798 3755 καὶ
846 3705 1085 3765 σπανίως
1121 3706 1372 3774 εἴρηται,
1411 3708 1553 3759 οὑτω
1582 3708 1678 3760 καὶ
1713 3708 1871 3761 τοῦτο

290 3802 432 3851 νοεῖν
459 3796 698 3859 εὑσεδῶς
742 3796 1172 3865 ἀναγκαζόμεθα
1204 3797 1293 3850 διὰ
1325 3797 1425 3867 τὴν
1458 3797 1598 3867 πρὸς
1634 3799 1761 3859 τοὺς
1794 3800 1872 3849 εἶ’

291 3891 489 3954 πόντας
524 3890 832 3953 εὐλάϐειαν,
887 3892 936 3942 εί
973 3893 1061 3942 καὶ
1107 3892 1180 3959 μὴ
1216 3891 1523 3960 ποιούμεθα
1575 3894 1732 3942 τοῦτο
1772 3892 1871 3961 κή-

296 4000 505 4055 ρυγμα,
560 3982 685 4034 οὔτε
732 3982 981 4049 γίνεσθαι
1033 3983 1149 4044 δεῖ,
1187 3981 1303 4033 ἀλλ’
1348 3984 1422 4043 ὡς
1475 3982 1651 4050 δύγμα
1706 3981 1867 4052 μόνον

292 4074 534 4136 εὐσεϐῶς
567 4072 828 4139 νοεῖσθαι,
883 4072 1025 4124 οὑτω
1074 4073 1154 4125 δεῖ
1194 4072 1289 4125 καὶ
1325 4074 1429 4126 ὑπὸ
1457 4076 1565 4126 τῶν
1601 4075 1868 4127 εἰπόντων

291 4168 607 4237 εἰρημένον.
653 4168 757 4218 Καὶ
805 4166 995 4236 ἐπειδὴ
1035 4164 1098 4217 :0
1151 4166 1574 4234 ἐκπορεύεσθαι,
1618 4167 1676 4217 :0
1729 4167 1868 4235 λαμ-

292 4260 499 4327 ϐάνειν,
534 4259 593 4312 :0
622 4253 782 4323 εἶναι,
811 4258 901 4310 καὶ
937 4258 996 4310 :0
1034 4254 1173 4310 εἶναι
1200 4257 1295 4310 x01
1328 4258 1390 4310 :0
1421 4259 1751 4326 προάγεσθαι
1785 4260 1868 4322 είς

294 4353 430 4404 ίδίαν
472 4352 773 4403 ὑπόστασιν
804 4349 1141 4419 ἐτάχθησαν,
1174 4349 1346 4409 ἀΐδιον
1374 4351 1473 4417 μὲν
1500 4349 1673 4421 ταύτῃ
1717 4350 1867 4403 νοοῦ-

294 4459 393 4510 μεν
433 4445 489 4493 ἑν
546 4441 724 4511 τούτῳ
762 4440 837 4506 τῷ
889 4440 1056 4510 λόγῳ,
1115 4440 1232 4494 ἀλλ’
1283 4443 1383 4509 οὑχ
1420 4441 1503 4493 ὅτι
1540 4442 1637 4495 καὶ
1673 4443 1737 4493 ἑκ
1769 4440 1863 4494 τοῦ

1984 1957 2125 2009 εῖποι
2196 1956 2622 2026 διαπεφοιτηκὸς
2685 1959 2785 2026 τῆς
2862 1961 2957 2013 τοῦ
3017 1960 3149 2013 Υἱοῦ
3214 1962 3571 2023 ὑποστάσεως

1982 2048 2323 2117 ἀσυγχύτως.
2373 2049 2435 2101 El
2479 2048 2577 2116 μὲν
2609 2049 2718 2119 γὰρ
2765 2050 2940 2114 αἴτιος
2970 2047 3039 2122 ἦν
3089 2051 3184 2105 τοῦ
3231 2054 3561 2119 Πνεύματος

1984 2142 2012 2194 ό
2053 2141 2183 2201 Υίὸς
2235 2140 2328 2193 τοῦ
2391 2139 2553 2205 Θεοῦ,
2600 2140 2751 2193 τοῦτ’
2791 2143 2860 2194 ἀν
2913 2143 3137 2213 ἐξήρκει
3191 2142 3436 2214 δηλῶσαι
3467 2145 3571 2214 τὴν

1983 2230 2275 2285 κοινωνίαν
2326 2230 2428 2299 τῆς
2463 2230 2705 2300 φύσεως,
2746 2232 2807 2285 :0
2860 2232 2920 2297 ἐξ
2973 2233 3139 2286 αὑτοῦ
3180 2235 3425 2303 δηλονότι
3467 2254 3569 2305 φλ·-

1984 2323 2151 2388 σικῶς
2208 2324 2537 2392 ὑποστῆναι,
2591 2325 2852 2394 καθάπερ
2900 2326 3009 2397 ἀρα
3054 2327 3151 2380 καὶ
3193 2328 3292 2396 τὴν
3339 2328 3569 2396 ἑνότητα

1984 2413 2199 2484 Πατρδς
2229 2415 2324 2468 καὶ
2360 2414 2513 2479 Υίοῦ,
2542 2416 2602 2468 :0
2632 2416 2691 2478 ἑξ
2719 2416 2889 2469 αὑτοῦ
2925 2418 3015 2469 τὸν
3047 2418 3173 2471 Υίὺν
3202 2422 3567 2489 γεγεννῆσθαι

1980 2505 2245 2570 δείκνυσι,
2265 2506 2360 2559 καὶ
2388 2505 2483 2559 τοῦ
2515 2507 2833 2577 Πνεύματος
2871 2508 2969 2577 τὴν
3030 2512 3268 2581 φυσικὴν
3309 2513 3447 2582 πρὸς
3477 2515 3571 2567 τὸν

1982 2597 2205 2668 Πατέρα
2232 2599 2484 2666 ἑνότητα,
2526 2598 2584 2651 :0
2612 2600 2742 2670 παρ’
2770 2600 2935 2652 αὑτοῦ
2966 2602 3110 2654 τοῦτ’
3142 2605 3564 2674 ἐκπορεύεσθαι.

1995 2690 2151 2744 Ἐπεὶ
2182 2690 2237 2743 δὲ
2276 2690 2338 2743 :0
2369 2692 2594 2759 Πνεῦμα
2624 2693 2688 2744 ἐκ
2715 2691 2808 2745 τοῦ
2860 2694 2992 2745 Υίοῦ
3034 2696 3094 2746 οὑ
3132 2696 3353 2763 λέγεται
3394 2701 3566 2751 ἐκπο-

1982 2781 2239 2849 ρεύεσθαι
2289 2782 2534 2852 δηλονότι
2590 2787 2685 2836 καὶ
2726 2785 3069 2852 ὑφεστάναι,
3107 2787 3275 2849 ἅὶλω,
3321 2792 3454 2857 γὰρ,
3485 2791 3563 2852 ὡς

1888 2882 1891 2885 ’
1980 2872 2218 2944 εἴρηται,
2249 2874 2472 2943 λέγεται
2519 2876 2799 2943 προϊέναι,
2856 2875 2980 2929 οὑτε
3031 2878 3140 2947 γὰρ
3192 2883 3255 2932 ἐκ
3303 2883 3396 2933 τοῦ
3432 2882 3562 2934 Υίοῦ

1979 2962 2419 3031 ἐκπορεύεσθαι,
2453 2961 2578 3015 οὑτε
2621 2967 2683 3016 ἐκ
2728 2963 2823 3016 τοῦ
2878 2966 3005 3019 Υἱοῦ
3063 2968 3387 3035 ὑφεστάναι,
3435 2970 3561 3023 οὔτε

1978 3057 2041 3107 ἑκ
2098 3053 2191 3108 τοῦ
2244 3054 2377 3107 Υίοῦ
2435 3056 2536 3125 τὴν
2586 3055 2772 3109 αἰτίαν
2827 3057 2928 3127 τῆς
2978 3058 3333 3124 ὑ;.οστάσεως
3392 3062 3562 3129 ἔχειν,

1978 3145 2103 3199 οὑτε
2141 3146 2441 3216 προδολεὺ;
2488 3147 2656 3199 αὑτοῦ
2714 3147 2742 3199 ό
2788 3146 2917 3211 Υἱὸς
2948 3143 3110 3215 εἶναι,
3143 3148 3256 3202 οὒτ’
3290 3152 3432 3222 ἀρχὴ
3462 3155 3559 3204 αὑ·

1977 3239 2092 3304 τοῦ,
2131 3239 2253 3292 οὑτε
2307 3238 2502 3303 αἴτιος,
2560 3239 2686 3291 οὔτε
2742 3240 3061 3308 ἐκπόρευμα
3114 3242 3281 3295 αὑτοῦ
3332 3241 3473 3297 εἶναι
3502 3248 3563 3298 :0

1976 3331 2226 3400 Πνεῦμα,
2257 3330 2381 3382 οὑτε
2439 3330 2732 3400 πρίϐλημα
2766 3333 2958 3400 αὑτοῦ,
2993 3332 3117 3385 οὔτε
3167 3351 3218 3388 τι
3244 3335 3355 3389 τῶν
3384 3337 3563 3388 τοιού-

1973 3443 2082 3477 των
2113 3425 2289 3487 οὐδὲν,
2328 3424 2364 3478 δι
2420 3426 2602 3477 πάντα
2654 3425 2859 3493 μεταξὺ
2914 3426 3009 3479 τοῦ
3061 3429 3271 3498 [10:90;
3327 3429 3560 3483 καὶτοῦ

1974 3516 2293 3585 Πνεύματος
2350 3516 2509 3567 εἴωθε
2586 3515 2886 3583 λέγεσθαι·
2940 3518 3065 3571 ἐπεὶ
3152 3522 3334 3574 τοίνυν
3404 3521 3560 3575 οὐδὲν

1972 3611 2080 3663 τῶν
2124 3608 2380 3661 τοιούτων
2430 3610 2543 3661 οὗθ’
2583 3610 2615 3679 η
2685 3608 2879 3678 Γραφη
2908 3648 2920 3670 ,
2955 3609 3081 3663 οὔτε
3145 3613 3253 3666 τῶν
3308 3611 3563 3668 διδασκά-

1973 3705 2079 3754 λων
2119 3701 2309 3771 εἴρηκέ
2342 3718 2425 3763 τις
2457 3702 2564 3753 τών
2613 3702 3013 3770 ἀρχαιοτάτων,
3060 3703 3112 3757 οἱ
3168 3703 3421 3772 νεώτεροι
3447 3706 3560 3757 τῶν

1970 3794 2308 3847 διδασκάλων
2331 3795 2386 3844 ἐν
2424 3793 2501 3862 τῷ
2524 3793 2592 3846 δι’
2620 3793 2751 3846 Υίοῦ
2795 3794 2855 3845 :0
2904 3793 3129 3863 Πνεῦμα
3164 3795 3343 3862 λέγειν
3395 3796 3503 3847 ὲκπ
3532 3825 3563 3839 -

1974 3887 2264 3955 ρευόμενον
2310 3886 2374 3936 ὲκ
2404 3886 2638 3954 Πατρὸς,
2681 3885 2740 3937 τὸ
2789 3886 3024 3953 συναφὲς
3071 3886 3168 3953 τῆς
3225 3886 3413 3948 οὑσίας
3467 3890 3560 3940 x21

1971 3976 2394 4047 ἀπαράλλακτον
2452 3979 2875 4047 παριστάνουσι,
2910 3978 3005 4029 καὶ
3032 3980 3187 4046 ἡμεῖ.
3225 3982 3344 4041 ταῖς
3380 3980 3561 4033 αὑτῶν

1972 4071 2229 4130 ἑπόμενοι
2284 4069 2568 4134 διανοίαις,
2600 4068 2742 4121 οὑτω
2774 4070 2833 4121 :0
2866 4070 3011 4141 παρ’
3043 4069 3223 4123 αὑτῶν
3255 4073 3554 4140 εἰρημένον

1970 4164 2200 4232 λέγομεν
2246 4162 2340 4214 καὶ
2396 4160 2641 4229 νοοῦμεν.
2688 4162 2955 4223 Νειοῦντες
2996 4162 3103 4230 γὰρ
3151 4161 3227 4222 ὡς
3283 4161 3373 4213 τὸν
3426 4163 3558 4216 Υίδν

1970 4256 2035 4307 ἑκ
2065 4253 2158 4307 τοῦ
2188 4251 2403 4323 Πατρδς
2437 4251 2875 4321 γεγεννημένον,
2925 4250 3069 4304 οὑτω
3112 4252 3208 4305 καὶ
3237 4253 3298 4305 :0
3331 4252 3556 4323 Πνεῦμτ

1974 4344 2458 4414 ἐκπορευόμενον,
2512 4342 2630 4413 ἅμα
2695 4342 2790 4395 καὶ
2841 4345 2909 4413 τῇ
2991 4344 3132 4413 αὐτῇ
3213 4343 3365 4408 τάξει
3417 4344 3558 4413 πρὸς

1969 4439 2069 4508 τὴν
2131 4437 2311 4490 αὑτῶν
2375 4437 2550 4508 ἀρχὴν
2618 4436 2713 4489 καὶ
2771 4436 3042 4504 ἑκατέραν
3121 4439 3184 4506 τῇ
3262 4436 3367 4507 ίδ’ᾳ
3407 4437 3559 4505 αἰτίᾳ

290 4530 417 4584 Υἱοὺ
450 4532 743 4599 ὑφίσταται
772 4532 832 4583 :0
874 4532 1097 4600 Πνεῦμα
1143 4533 1200 4584 :0
1232 4530 1631 4607 anon/(0:059
1660 4534 1757 4584 καὶ
1795 4534 1861 4584 τὰ
1902 4536 1944 4589 D
1974 4529 2410 4599 ἐφηρμοσμένων
2449 4528 2622 4591 οὕτως
2655 4528 2857 4593 είπεῖν,
2898 4528 3046 4597 ὅμως
3080 4527 3143 4580 οὑ
3192 4528 3560 4599 διηρίτημένον

289 4622 421 4675 ὅντα
448 4621 667 4689 λέγεται
707 4622 776 4675 δι’
828 4621 961 4675 Υίοῦ
1021 4621 1380 4690 γεγενῆσθαι,
1412 4623 1502 4675 ὅτε
1543 4623 1712 4694 μηδὲν
1750 4624 1869 4677 δια-

293 4712 469 4782 φέρει,
518 4713 613 4765 καί
677 4713 742 4765 ἑκ
794 4711 891 4765 τοῦ
940 4712 1073 4764 Υίοῦ
1112 4712 1448 4781 γεγενῆσθαι
1482 4714 1667 4780 λέγειν
1708 4715 1868 4768 αὑτά.

291 4803 353 4855 Εί
394 4803 503 4873 γὰρ
556 4801 699 4855 τοῦτ’
753 4800 953 4872 ἀληθὲς
1008 4798 1099 4872 ἦν,
1134 4802 1223 4855 διὰ
1279 4802 1373 4855 τοῦ
1429 4804 1557 4857 Υίοῦ
1599 4795 1907 4877 ἐκπορεύ-’

292 4894 487 4960 εσθαι,
523 4893 729 4963 ἐλέγετ’
759 4894 827 4949 ἄν
872 4911 1003 4947 ποτε
1051 4894 1239 4957 ἁπλῶς
1282 4896 1511 4949 οὑτωσὶν
1554 4896 1745 4967 ὥσπερ
1774 4900 1870 4952 καὶ⁵

291 4987 380 5041 διὰ
419 4987 512 5039 τοῦ
544 4987 674 5039 Υίοῦ
705 4986 1035 5056 γεγενῆσθαι
1080 4988 1146 5039 τά
1180 4985 1331 5039 ὄντα.
1381 4988 1520 5039 ’Λλλ’
1552 4988 1663 5040 οὔτ’
1724 4988 1870 5043 ἔστιν

295 5078 439 5131 οὑτω
462 5079 551 5131 διά
579 5077 676 5130 τοῦ
711 5077 865 5145 Υῑοῦ,
910 5077 1035 5130 οὑτε
1065 5078 1310 5147 λέγεται,
1343 5080 1459 5132 ἀλλ’
1492 5082 1580 5132 ἀεὶ
1628 5080 1726 5133 τοῦ
1766 5099 1871 5133 πα-

292 5169 482 5240 τρικοῦ
518 5170 872 5239 συνημμένου
904 5169 1204 5241 προσώπου
1244 5187 1303 5224 τε
1355 5175 1446 5225 καὶ
1486 5174 1774 5244 ὀνόματος,
1806 5177 1870 5229 ἐκ

293 5262 386 5314 τοῦ
425 5261 634 5332 [10:90;
678 5262 747 5314 δι’
782 5261 907 5315 Υίοῦ
942 5262 1163 5332 λέγεται
1212 5265 1639 5336 ἐκπορεύεσθαι,
1674 5270 1724 5320 εί
1774 5269 1870 5321 καὶ

296 5354 562 5416 σπανίως’
598 5354 775 5417 άλλως
794 5354 856 5407 δὲ
890 5354 1173 5420 οὐδέποτε,
1207 5356 1293 5410 ἴνα
1331 5359 1406 5426 μὴ
1437 5360 1531 5409 καὶ
1568 5358 1629 5410 ἓν
1664 5376 1717 5411 τι
1757 5360 1868 5413 τῶν

289 5441 427 5494 ὅλων
460 5443 523 5494 :0
557 5443 786 5512 Πνεῦμα
837 5447 1159 5519 παρανοηθῇ
1210 5448 1318 5500 τῶν
1366 5448 1434 5501 δι’
1476 5449 1600 5502 Υίοῦ
1644 5454 1869 5513 γεγονό-

288 5549 418 5587 των.
442 5534 660 5588 Τούτων
684 5537 795 5605 γὰρ
830 5536 988 5605 μόνον
1020 5539 1161 5609 ἀρχή
1198 5540 1345 5591 ἑστιν
1378 5540 1406 5591 ό
1430 5540 1554 5603 Υίὺς
1595 5543 1692 5611 μία
1731 5542 1871 5611 μετά

292 5627 504 5696 Πατρὶς
556 5631 649 5680 καὶ
695 5626 1039 5697 Πνεύματος,
1069 5629 1165 5681 καὶ
1203 5629 1394 5701 πρώτη
1428 5632 1566 5701 πρός
1610 5650 1671 5701 γε
1702 5635 1863 5699 αὑτὰ,
1902 5636 1905 5639 λ

290 5719 339 5769 εί
374 5720 466 5769 καὶ
496 5718 585 5769 διὰ
615 5719 676 5770 τὸ
724 5714 866 5770 εἶναι
898 5720 1134 5788 ἐξαρχῆς
1164 5721 1326 5784 αὑτδς
1362 5724 1424 5773 οὑ
1472 5722 1686 5791 λέγεται
1717 5725 1865 5795 πρώ-

286 5825 378 5879 τη,
410 5809 524 5861 άλλ’
566 5809 686 5863 οὑδὲ
741 5810 1008 5880 δευτέρα,
1064 5808 1187 5865 οὑτε
1241 5814 1301 5865 :0
1337 5814 1563 5885 Πνεῦμα
1608 5815 1863 5886 δεύτερον

1975 4621 2069 4676 τοῦ
2108 4622 2233 4674 Υἱοῦ
2268 4620 2427 4673 τοῦτο
2476 4619 2708 4691 νοοῦμεν
2761 4620 2905 4672 κατὰ
2953 4618 3051 4689 τὴν
3101 4621 3399 4690 ὁμοιότητα
3448 4622 3559 4673 τῶν

1975 4713 2440 4783 παραδειγμάτων
2475 4712 2704 4765 ἐκείνων
2726 4710 2762 4764 ἃ
2791 4712 2886 4764 καὶ
2919 4712 3264 4782 προείρηται,
3297 4715 3352 4765 ἐν
3381 4706 3459 4774 οἷς
3488 4714 3557 4765 τα

1974 4809 2234 4874 προϊόντα
2256 4808 2322 4876 τῇ
2346 4805 2486 4875 ἀρχῇ
2521 4804 2759 4875 ἦνωνται
2794 4804 2995 4873 μᾶλλον
3026 4804 3059 4874 ἢ
3088 4805 3325 4867 ἑαυτοῖς.
3365 4804 3561 4875 Ἀλλή-

1973 4897 2087 4959 λοις
2131 4897 2187 4950 δὲ
2236 4897 2335 4966 οὑχ
2368 4898 2633 4966 ῆνωνται,
2669 4897 2718 4947 εί
2759 4895 2833 4965 μὴ
2868 4897 2926 4948 ἐν
2972 4899 3039 4966 τῇ
3085 4896 3269 4967 ἀρχῇ·
3321 4897 3416 4950 δύο
3449 4899 3559 4965 γὰρ

1975 4988 2161 5041 κλάδοι
2192 4990 2291 5057 οὑχ
2319 4989 2556 5058 ἧνωνται
2590 4987 2863 5056 ἀλλήλοις,
2896 4989 2945 5040 εί
2974 4987 3050 5058 μὴ
3090 4989 3147 5041 ἐν
3173 4987 3252 5057 τῷ
3278 4988 3519 5057 στελέχει
3541 5006 3555 5019 ’

1973 5081 2093 5134 οὑδέ
2128 5081 2219 5134 δύο
2253 5084 2493 5146 ἀκτῖνες,
2548 5082 2597 5132 εί
2643 5080 2719 5150 μὴ
2770 5082 2829 5132 ἐν
2874 5079 2951 5149 τῷ
2991 5080 3150 5150 ἡλίῳ,
3196 5079 3289 5131 καὶ
3320 5080 3414 5131 ἐπὶ
3446 5082 3559 5131 τῶν

1973 5174 2152 5231 ἄλλων
2203 5175 2487 5235 ὡσαύτως.
2535 5174 2623 5235 Ὠς
2682 5171 2750 5225 ἂν
2804 5172 2983 5225 τοίνυν
3041 5174 3117 5241 μὴ
3163 5171 3560 5241 ἀπηρτημένον

1973 5265 2117 5319 οὑτω
2162 5265 2257 5319 τοῦ
2308 5266 2439 5318 Υἰοῦ
2477 5265 2537 5317 :0
2587 5263 2814 5334 Πνεῦμα
2860 5264 3055 5327 νοοῖτο,
3096 5263 3234 5333 πρὸς
3272 5262 3373 5332 μὲν
3408 5262 3467 5315 :0
3493 5265 3558 5316 ἐκ

1975 5358 2191 5428 Πατρὸς
2239 5358 2409 5428 ἄμφω
2446 5358 2731 5429 προελθεῖν
2781 5362 3045 5427 συμφυῶς
3081 5376 3141 5411 τε
3176 5358 3269 5411 καὶ
3314 5358 3457 5411 κατὰ
3495 5360 3558 5411 :0

1975 5448 2242 5521 πρωεχές
2279 5448 2390 5499 τῶν
2440 5446 2902 5515 παραδειγμάτων
2953 5447 3180 5500 ἐκείνων
3214 5446 3553 5515 ἀρκούντων,

1972 5541 2051 5610 τῷ
2082 5540 2135 5592 δὲ
2170 5539 2264 5592 καὶ
2303 5539 2373 5589 τΞι
2428 5540 2690 5607 προϊόντα
2742 5537 2995 5607 ἀλλήλοις
3049 5535 3119 5589 δι’
3155 5536 3292 5589 ὅλων
3343 5536 3557 5589 ἑαυτῶν

1976 5632 2395 5702 συμπεφυκέναι
2426 5630 2526 5682 οὑκ
2558 5629 2937 5699 ἐξαρκούντων
2965 5632 3027 5682 ἐκ
3059 5628 3153 5682 τοῦ
3182 5629 3394 5700 [10:90;
3424 5630 3559 5681 αὑτὸ

1974 5727 2225 5794 λέγοντες
2257 5707 2679 5792 ἐκπορεύεσθαι,
2721 5722 2787 5775 δι’
2830 5722 2955 5774 Υίοῦ
3006 5723 3462 5791 προστεθείκασιν
3503 5723 3556 5775 οἱ

1974 5816 2244 5882 εἰπόντες,
2306 5814 2399 5866 καὶ
2448 5815 2607 5884 ἡμεῖς
2660 5814 2802 5868 οὑτω
2834 5814 3111 5889 φρονοιῦμε
3138 5836 3167 5879 ’,
3199 5815 3269 5877 ώ,
3319 5817 3380 5869 ἐν
3407 5816 3561 5885 αᾷτῷ
