4104 6424
451 392 564 455 θ’ίθ

1546 383 1936 448 GENNADH
1983 383 2096 446 CP.
2136 378 2654 445 PATRIARCHAE

3612 372 3726 446 680

452 505 546 556 καὶ
587 501 736 556 ἄλλοι
766 501 817 552 οἰ
858 495 1084 569 ἱδρῶτες
1124 494 1235 549 τῶν
1283 494 1422 564 πρὸς
1454 493 1556 558 τὰς
1597 493 1904 553 ἀντιθέσεις
1936 491 2037 560 τῆς
2069 498 2112 552 Α
2140 491 2242 560 τῆς
2295 487 2553 563 ἀληθείας
2602 492 2853 553 ἕλκοντες
2891 488 3144 560 δέχεσθαι
3195 490 3412 559 μηχανῇ
3436 506 3569 554 τινι,
3595 493 3738 559 ἀφε-

453 590 814 663 ψευδωνύμου
870 589 1128 658 γνώσεως
1183 585 1514 656 ἰσταμένων.
1548 583 1712 636 Ὠστε
1758 580 1941 651 τούτῳ
1977 582 2044 635 ἂν

451 682 533 750 τῷ
581 682 772 754 τρόπῳ
825 681 921 733 καὶ⁸
978 680 1144 748 ἡμεῖς
1195 674 1607 745 οἰκονομοῦντες
1667 674 1797 737 τούς
1849 671 2045 740 λόγους

453 773 614 843 ἡμῶν
641 773 699 824 ἐν
731 770 915 842 κρίσει
943 766 1225 837 πανταχοῦ
1253 767 1366 829 τοῖς
1390 765 1530 836 πρὸς
1558 764 1812 832 φυλακὴν
1841 761 1874 830 ἢ
1902 763 2047 815 οἰκο-

453 865 627 934 δομὴν
648 863 745 932 τῆς
772 860 1012 924 πίστεως
1035 857 1347 920 ἀκολούθως
1378 855 1751 926 χρησαίμεθα,
1780 854 1912 907 ποτὲ
1945 853 2046 922 μὲν

454 957 567 1019 τοῖς
615 956 674 1008 ἐν
709 951 964 1023 μεθοδείᾳ
1006 949 1101 1004 τοῦ
1139 949 1386 1002 διαϐόλου
1434 946 1732 1001 καταλύειν
1762 942 2046 1014 πειρωμέο

455 1064 574 1110 νοις
603 1045 774 1115 αὐτὴν
820 1041 1334 1112 ἀγωνιστικῶτερον
1364 1039 1776 1108 άνθιστάμενοι,
1815 1037 1949 1090 ποτὲ
1990 1034 2046 1087 δέ

456 1141 572 1203 τοῖς
614 1135 1020 1206 οἰκοδομεῖσθαι
1064 1132 1412 1204 βουλομένοις
1444 1133 1502 1184 ἐν
1529 1131 1668 1199 αὐτῇ
1701 1129 2047 1183 ἀπλοῖκὼτε-

459 1249 555 1302 ρον
594 1231 691 1284 καὶ
721 1227 1050 1296 οἰκειότερον
1079 1224 1251 1294 αὐτὴν
1301 1222 1659 1294 ἐξηγούμενοι
1684 1261 1700 1288 ,
1747 1221 1845 1274 καὶ
1889 1221 2048 1275 οὐδὶν

454 1323 587 1379 ἄλλο
640 1319 929 1382 ποιοῦντες
962 1319 996 1388 ἢ
1048 1319 1229 1371 ἐκεῖνο
1279 1317 1340 1371 τὸ
1391 1317 1542 1386 παρὰ
1589 1315 1682 1370 τοῦ
1722 1315 2046 1369 Ἀποστόλου

452 1415 769 1488 εἰρημένον,
799 1411 999 1467 εἰδέναι
1033 1412 1152 1475 πῶς
1195 1411 1278 1464 δεῖ
1317 1411 1466 1481 ἡμᾶς
1514 1410 1595 1463 ἐνὶ
1646 1409 1865 1478 ἑκάστῳ
1913 1407 2050 1461 ἀπο-

456 1506 857 1647 κρὲίῗάθῖοίνυν
882 1591 977 1644 καί
1012 1588 1203 1644 τοῦτον
1229 1589 1393 1643 αὐτὸν
1419 1588 1511 1642 τὸν
1566 1589 1743 1657 μέγαν
1766 1587 2048 1641 Βασίλειον

461 1684 908 1756 συγχωρήσαντα
958 1683 1037 1753 τῷ
1091 1683 1343 1753 Εὐνομίῳ
1403 1681 1464 1736 τὺ
1522 1683 1708 1752 τρίτον
1767 1677 1910 1735 εἶναι
1968 1682 2048 1752 τῷ

458 1774 758 1845 ἀξιώματι,
802 1776 878 1839 ὡς
923 1775 990 1829 ἀν
1024 1775 1120 1828 καὶ
1164 1774 1310 1827 οὕτω
1347 1775 1689 1846 περιτρέψας
1715 1775 1808 1826 τὸν
1852 1774 2046 1827 δυσσε-

2147 583 2273 635 τέον
2301 583 2463 636 τοῦτο
2497 581 2640 653 μετά
2666 582 2770 652 τῆς
2799 581 2939 652 πρὸς
2971 582 3066 635 τὸν
3106 580 3330 636 εἰπόντα
3357 582 3547 650 τιμῆς.
3583 581 3743 636 Οὕτω

2146 673 2255 744 γάρ
2311 674 2680 742 Αὐγουστῖνος
2740 675 2802 728 έν
2856 675 2925 743 τῇ
2979 671 3119 744 πρὸς
3167 671 3262 727 τὸν
3326 673 3736 742 Φουρτουνᾶτον

2146 764 2408 834 ἐπιστολῇ
2455 761 2821 833 συμϐουλεύει
2853 763 3058 826 καλῶς.
3097 782 3116 816 ι
3164 763 3302 818 Οὐδέ
3335 763 3436 827 τάς
3468 763 3742 817 ὡντινων-

2147 852 2267 917 οῦν,
2335 854 2495 924 φησί,
2530 853 2800 920 διαλέξεις
2855 854 2962 908 κᾶν
3018 854 3302 909 καθολικοί
3352 869 3498 918 τινες
3549 856 3742 925 ἄνδρες

2147 936 2256 996 ῶσι
2287 945 2382 998 καὶ
2415 945 2760 1017 περιϐόητοι,
2791 947 2987 1017 ῶσπερ
3033 949 3132 1013 τὰς
3169 949 3464 1013 κανονικάς
3515 949 3742 1018 Γραφάς

2151 1033 2301 1104 ἔχειν
2334 1036 2645 1108 ὀφείλομεν,
2677 1039 2754 1102 ῶς
2791 1039 2869 1112 μὴ
2912 1039 3113 1106 ἐξεῖναι
3145 1045 3243 1098 καὶ
3285 1043 3442 1112 ἡμῖν,
3487 1043 3740 1113 σωζομέ-

2148 1143 2247 1196 νης
2270 1134 2373 1200 τῆς
2403 1131 2765 1204 ὀφειλομένης
2818 1134 3005 1198 αὐτοῖς
3050 1135 3244 1205 τιμῆς,
3283 1136 3339 1189 τὶ
3406 1136 3517 1190 τῶν
3547 1137 3606 1189 ἐν
3631 1141 3742 1199 τοῖς

2148 1223 2336 1276 αὐτῶν
2371 1225 2808 1296 συγγράμμασιν
2839 1227 3270 1298 ἀποδοκιμάζειν
3305 1232 3402 1284 καὶ
3430 1230 3738 1294 διαπτύειν,

2149 1315 2203 1367 εἰ
2231 1314 2364 1368 ποτέ
2391 1333 2444 1370 τι
2468 1317 2832 1388 φωράσαιμεν
2858 1317 2887 1372 δ
2913 1318 3090 1384 άλλως
3124 1318 3439 1392 φρονοῦσιν,
3470 1321 3504 1390 ἢ
3538 1322 3573 1392 ή
3603 1321 3740 1390 ἀλή-

2152 1404 2277 1457 θεια
2332 1404 2450 1474 ἔχει
2497 1409 2563 1476 τῇ
2612 1406 2710 1460 τοῦ
2759 1406 2900 1462 Θεοῦ
2938 1408 3190 1481 βοηθείᾳ,
3239 1409 3282 1482 ἦ
3321 1413 3450 1482 παρ’
3481 1409 3737 1482 duava

2150 1495 2286 1566 παρ’
2317 1498 2481 1568 ἡμῶν
2526 1498 2804 1569 νοηθεῖσα.
2849 1519 2870 1553 ι
2913 1500 3060 1570 Ἐγὼ
3093 1503 3226 1571 γοῦν
3259 1495 3501 1567 τοιοῦτός
3529 1499 3647 1574 εἰμι
3678 1507 3737 1557 ἐν

2148 1589 2263 1654 τοῖς
2295 1589 2424 1658 περὶ
2469 1589 2579 1643 τῶν
2612 1590 2786 1658 ἁγίων
2841 1592 3318 1664 συγγράμμασιν,
3380 1595 3527 1658 οῖους
3577 1589 3727 1651 εἶναι

2149 1677 2289 1734 θέλω
2337 1681 2466 1745 τοὺς
2509 1682 2580 1736 τά
2631 1683 2879 1754 ἡμέτερα
2910 1686 3222 1754 μετιόντας.

2219 1772 2312 1826 Διὸ
2372 1773 2468 1827 καὶ
2509 1776 2754 1845 Θωμᾶς,
2795 1776 2920 1830 ἐπεὶ
2967 1777 3059 1832 τὸν
3111 1777 3477 1846 Δύγουστῖνον
3534 1775 3739 1848 εὕρηκε

459 1867 557 1937 ϐῆ,
588 1842 654 1920 ἐκ
688 1866 1008 1936 περιουσίας
1060 1865 1349 1938 καταϐάλῃ
1406 1842 1467 1918 τὸ
1512 1842 1738 1933 ψεῦδος.
1789 1860 1923 1919 Οἶδα
1952 1865 2049 1918 καὶ
2083 1842 2126 1902 Β
2154 1864 2388 1934 λέγοντα
2421 1866 2523 1938 τήν
2552 1842 2733 1938 ψύχὴν
2783 1867 2879 1922 τοῦ
2919 1842 3216 1940 ἀνθρώπου
3261 1842 3738 1941 δημιουργηθῆναι

464 1960 556 2012 τὸν
591 1957 842 2026 θεολόγον
878 1957 1186 2027 Γρηγόριον
1231 1958 1366 2026 περὶ
1413 1955 1506 2010 τοῦ
1547 1956 1798 2026 μείζονος
1839 1958 1900 2010 ἐν
1929 1960 2050 2020 ταῖς

463 2050 604 2121 πρὸς
644 2049 960 2120 ’Ᾱρειανούς
1015 2048 1320 2116 διαλέξεσιν
1379 2049 1583 2103 οὑτωσί
1633 2049 1884 2115 λέγονταο
1923 2067 1942 2101 ι
1981 2051 2052 2103 Ἢ

457 2141 625 2211 δῆλον
661 2143 745 2195 ὅτι
778 2140 840 2195 τὺ
870 2141 1054 2211 μεῖζόν
1087 2140 1206 2193 ἐστι
1249 2140 1350 2209 τῆς
1384 2139 1588 2205 αἰτίας,
1615 2139 1676 2192 τὸ
1709 2141 1765 2193 δὲ
1807 2141 1921 2195 ῖσον
1952 2143 2052 2208 τῆς

471 2235 712 2302 φύσεως,
749 2235 848 2288 καὶ
873 2232 1032 2287 τοῦτο
1083 2233 1190 2288 ὐπὸ
1235 2232 1440 2302 πολλῆς
1466 2233 1890 2304 εὐγνωμοσύνης
1921 2251 2053 2302 συγ-

463 2325 754 2399 χωροῦμεν
787 2327 952 2396 ἡμεῖς
975 2365 990 2391 ,
1025 2324 1423 2394 συγκαθιέντες
1465 2325 1713 2395 δηλονότι
1753 2325 1833 2396 τῷ
1881 2327 2049 2397 λόγῳ,

463 2417 556 2471 ῖνα
589 2433 650 2470 σε
679 2417 774 2470 καὶ
803 2415 947 2469 οὐτω
975 2415 1307 2485 ἐλέγξωμεν.
1349 2433 1366 2467 ι
1401 2410 1537 2469 Εῐτα
1563 2414 1787 2483 ἐπάγει,
1813 2435 1831 2467 ι
1863 2416 2051 2472 Ταῦτα

471 2510 574 2577 μὲν
621 2508 760 2579 πρὸς
797 2507 925 2570 τούς
971 2508 1032 2562 τδ
1067 2507 1255 2577 μεῖζον
1305 2506 1715 2577 κομπάζοντας.
1747 2525 1766 2560 ι
1809 2508 1920 2560 Καὶ
1960 2507 2055 2562 τόν

468 2601 650 2671 μέγαν
689 2601 1008 2656 Ἀθανάσιον
1043 2599 1198 2669 εὖροι
1244 2617 1328 2665 τις
1367 2599 1435 2654 ἂν
1478 2599 1750 2672 πολλαχοῦ
1785 2603 1852 2672 τῇ
1892 2601 2056 2672 χρεία

465 2691 576 2744 τῶν
632 2691 862 2760 ἀγώνων
923 2691 1314 2760 συγκαθιέντα.
1367 2686 1464 2756 Οἷς
1533 2693 1955 2762 ἐντυγχάνοντες
2004 2695 2056 2748 οἰ

472 2781 614 2855 πρὸς
645 2783 796 2852 ἡμᾶς
821 2772 1226 2852 διενενηγμένοι
1256 2782 1354 2836 καὶ
1384 2782 1494 2850 τὴν.
1521 2781 1749 2860 πάτριον
1774 2781 2051 2853 ἀλήθειαν,
2079 2835 2082 2840 .

478 2875 734 2944 καθάπερ
770 2877 826 2928 αἰ
857 2875 1014 2942 μυῖαι
1061 2877 1180 2938 ταῖς
1215 2872 1638 2944 ἀσθενεστέραις
1671 2873 1834 2942 σαρξὶ
1879 2890 2056 2944 προσ·-

471 2968 722 3036 φύονται,
745 2967 840 3022 καὶ
875 2966 1072 3035 μικρόν
1097 2982 1151 3019 τι
1186 2963 1623 3036 παρεξηγήσεως
1651 2965 1857 3036 χρῶμα
1885 2983 2058 3036 προσ-

467 3058 821 3124 τεθεικότες,
872 3052 994 3110 εἷτα
1043 3058 1138 3110 καὶ
1175 3056 1407 3126 φυσικόν
1438 3071 1563 3110 τινα
1615 3055 1777 3126 λόγον
1827 3058 2057 3128 ἐπιμορ-

467 3149 775 3216 φῶσαντες,
815 3148 905 3201 ἐπὶ
962 3145 1192 3201 κενώσει
1246 3147 1340 3202 τοῦ
1392 3147 1520 3204 καθ’
1551 3149 1703 3220 ἡμᾶς
1745 3150 2054 3219 μυστηρίου
2081 3170 2126 3234 C

466 3241 662 3309 δήπου,
694 3237 865 3310 ᾤοντο
897 3238 958 3293 τὸ
1008 3240 1117 3292 πᾶν
1157 3239 1304 3310 ἔχειν
1351 3239 1640 3294 ἐντεῦθενο
1683 3240 1780 3293 καὶ
1827 3239 2056 3304 πολλοὺς

469 3332 874 3402 χειρωσάμενοι
899 3330 968 3384 δι’
999 3332 1278 3402 ἀμάθειαν
1306 3332 1414 3387 τῶν
1438 3334 1699 3388 τοιούτων
1729 3333 2057 3402 καὶάἰχμα-

469 3421 655 3474 λώτων
693 3422 986 3491 ἀπήγαγον
1013 3461 1028 3487 ,
1081 3425 1394 3492 σοφιστῶν,
1443 3426 1506 3480 οὐ
1569 3424 1839 3495 θεολόγων
1891 3423 2056 3496 ἔργον

474 3515 862 3584 πεποιηκότες.

561 3602 705 3656 Ἀλλ’
729 3605 758 3656 6
785 3603 959 3673 μέγας
996 3602 1520 3672 Διονύσιος,ι¹Ἐστι,
1557 3605 1708 3675 φησί,
1734 3606 1842 3659 τῶν
1881 3605 1956 3676 μὴ
1991 3607 2060 3661 τά

474 3693 598 3748 θεῖα
626 3697 846 3765 φρονεῖν
876 3695 1172 3748 ἐθελόντων
1205 3695 1265 3748 τὸ
1315 3696 1392 3766 μὴ
1425 3700 1492 3766 τῇ
1527 3697 1762 3766 δυνάμει
1795 3699 1889 3752 τοῦ
1927 3715 2056 3754 σκο-

473 3785 577 3840 ποῦ
612 3787 927 3857 προσέχειν,
974 3786 1114 3839 ἀλλὰ
1158 3789 1278 3851 ταῖς
1314 3787 1517 3851 λέξεσι.
1567 3807 1586 3841 ι
1641 3791 1752 3844 Καὶ
1805 3792 1832 3844 6
1880 3792 2060 3863 μέγας

485 3876 810 3938 ’Δθανάσιος
866 3879 923 3929 ἐν
962 3877 1038 3949 τῷ
1083 3881 1224 3956 κατὰ
1289 3880 1588 3948 ’Λρειανῶν
1638 3883 1808 3953 τρίτῳ
1837 3922 1852 3950 ,
1903 3902 1922 3936 ι
1970 3886 2063 3938 Δεῖ

474 3967 556 4032 δὲ,
585 3968 773 4038 φησὶν,
817 3967 893 4030 ὼς
940 3970 1032 4020 ἐπὶ
1080 3971 1263 4040 πάσης
1311 3972 1410 4041 τῆς
1453 3971 1603 4034 θείας
1636 3972 1862 4042 Γραφῆς
1895 3991 2061 4045 προσ-

473 4067 601 4135 ήκει
629 4067 824 4129 ποιεῖν,
859 4065 955 4118 καὶ
985 4066 1287 4132 ἀναγκαῖόν
1324 4066 1475 4118 ἐστιν
1500 4105 1514 4132 ,
1546 4062 1691 4117 οὕτω
1740 4066 1837 4116 καὶ
1872 4065 2063 4119 ἐνταῦ-

475 4158 565 4223 θα,
596 4157 720 4212 καθ’
750 4157 812 4211 ὃν
845 4153 998 4212 εἶπεν
1024 4160 1052 4212 6
1094 4158 1422 4221 Ἀπόστολος
1445 4159 1640 4226 καιρὸν
1673 4159 1768 4210 καὶ
1796 4159 1857 4212 τὸ
1891 4160 2062 4226 πρόσ-

472 4263 644 4312 ωπον,
676 4247 770 4301 καὶ
799 4251 984 4302 τόπονο
1025 4247 1218 4319 διόπερ
1259 4247 1470 4319 ἔγραψε
1526 4249 1740 4312 πιστῶς
1779 4249 2064 4316 ἐκλαμϐά-

471 4357 606 4402 νειν,
634 4339 722 4393 ίνα
752 4339 826 4409 μὴ
861 4341 1013 4409 παρά
1043 4341 1237 4406 ταῦτα,
1272 4341 1306 4410 ἢ
1335 4342 1430 4394 καὶ
1466 4341 1601 4411 παρ’
1635 4342 1826 4412 ἔτερόν
1855 4359 1906 4395 τι
1928 4341 2058 4395 τούο

473 4447 584 4485 των
614 4430 826 4499 ἀγνοῶν
861 4433 889 4484 ὁ
925 4430 1346 4498 ἀναγινώσκων,
1383 4431 1490 4496 ἔξω
1517 4433 1616 4501 τῆς
1650 4431 1911 4502 ἀληθινῆς
1946 4432 2064 4485 δια·

2156 1957 2300 2028 μετὰ
2334 1957 2445 2012 τῶν
2478 1958 2732 2028 ἀγγέλων
2776 1960 2887 2028 πρὸ
2930 1959 3029 2014 τοῦ
3077 1961 3353 2030 σώματος,
3400 1961 3538 2031 μετὰ
3565 1962 3738 2016 ταῦτα

2152 2047 2212 2102 δὲ
2263 2049 2372 2121 ἰδίᾳ
2397 2050 2656 2122 βουλήσει
2713 2051 2879 2124 ῥέψαι
2922 2053 3094 2126 αὐτὴν
3123 2053 3262 2125 πρὸς
3297 2054 3359 2107 τὸ
3390 2055 3549 2124 σῶμα
3599 2054 3737 2123 πρὶς

2152 2139 2214 2193 τὸ
2245 2140 2608 2211 ὑπουργῆσαι
2641 2146 2707 2214 τῇ
2741 2144 3016 2215 βουλήσει,
3044 2148 3222 2200 καίτοι
3256 2145 3350 2200 καὶ
3389 2146 3519 2216 περί
3551 2146 3738 2200 πασῶν

2152 2230 2264 2285 τῶν
2310 2231 2499 2302 ψυχῶν
2553 2233 2704 2287 δοκεῖ
2759 2237 2980 2304 φρονεῖν
3037 2238 3103 2288 ἐκ
3157 2234 3368 2288 πολλῶν
3396 2234 3734 2305 τεκμηρίων,

2153 2323 2268 2378 ἀλλ’
2299 2319 2396 2377 οὖν
2437 2325 2465 2378 ὅ
2519 2340 2585 2394 γε
2614 2324 2820 2395 Θωμᾶς
2847 2326 2982 2396 πρὸς
3019 2326 3081 2379 τὸ
3118 2326 3328 2396 βέλτιον
3357 2323 3738 2400 μεταρῤυθμίι

2155 2415 2273 2479 ζειν
2314 2417 2578 2486 πειρᾶται
2632 2417 2734 2489 τὴν
2787 2418 2970 2484 δόξαν.
3022 2417 3180 2473 Οὕτω
3231 2419 3414 2474 τοίνυν
3464 2417 3736 2489 εὐρίῑκων

2155 2509 2320 2564 αὐτὸν
2348 2512 2764 2582 πεφρονηκότα,
2784 2515 2900 2576 τοῖς
2933 2513 3117 2578 ἄλλοις
3151 2513 3328 2582 ἁγίοις
3360 2511 3572 2566 τίθεται
3597 2511 3738 2581 μᾶλ-
3808 2547 3810 2549 ›

2154 2601 2272 2668 λον,
2303 2601 2355 2656 οῖ
2411 2603 2512 2673 τὴν
2560 2603 2740 2674 ἀληθῆ
2782 2605 2944 2670 δόξαν
3001 2603 3274 2669 ἐδόξαζον.
3317 2602 3596 2668 Ὡσαύτως
3641 2603 3736 2660 καὶ

2157 2696 2290 2766 περὶ
2338 2695 2450 2748 τῶν
2495 2697 2766 2768 οὐρανίων
2827 2699 3100 2769 σωμάτων
3139 2696 3470 2769 Ἱερώνυμόν
3524 2711 3583 2750 τε
3639 2694 3735 2750 καὶ

2155 2787 2525 2856 Αὐγουστῖνον
2569 2790 2670 2843 οὐκ
2700 2789 2885 2861 ὀρθῶς
2926 2790 3300 2861 ὑπειληφότας
3327 2786 3507 2858 εύρὼν
3537 2787 3586 2852 (6
3619 2787 3734 2840 Θω-

2161 2880 2316 2949 μᾶς),
2343 2878 2565 2951 ἔμψυχα
2595 2882 2705 2952 γὰρ
2751 2881 2891 2935 αύτά
2931 2881 3379 2952 πεφρονήκεσαν,
3412 2879 3508 2932 καὶ
3540 2877 3736 2947 μᾶλλον

2158 2971 2187 3023 6
2213 2988 2275 3038 γε
2320 2971 2668 3042 Ἱερώνυμος,
2718 2976 2784 3043 τῇ
2835 2973 2929 3026 τοῦ
2985 2973 3269 3027 Βασιλείου
3311 2975 3408 3025 καὶ
3446 2973 3737 3038 Δαμασκη-

2157 3061 2250 3115 νοῦ
2274 3062 2382 3114 τῶν
2415 3063 2703 3132 ἡμετέρων
2761 3063 2889 3135 δόξῃ
2923 3064 3133 3117 τίθεται
3183 3065 3409 3134 μᾶλλον,
3441 3062 3598 3125 εἰδὼς
3641 3061 3738 3113 καὶ

2158 3151 2257 3218 τῆς
2313 3153 2615 3224 καθολικῆς
2657 3155 2990 3224 Ἐκκλησίας
3029 3156 3204 3209 ταῦτα
3256 3153 3416 3218 δόξαν
3469 3150 3631 3207 εἶναι.
3661 3150 3734 3204 Οὐ

2157 3243 2268 3314 γὰρ
2297 3245 2590 3302 ἐλάνθανεν
2617 3247 2780 3301 αὐτὸν
2808 3248 2891 3300 ὅτι
2928 3249 3080 3317 παρά
3103 3248 3202 3316 τῆς
3220 3249 3488 3318 πέμπτης
3517 3246 3736 3299 συνόδου

2159 3337 2255 3388 καὶ
2285 3336 2319 3405 ή
2355 3338 2702 3410 προῦπαρξις
2748 3338 2859 3392 τῶν
2889 3339 3248 3410 ἀνθρωπίνων
3298 3340 3516 3410 ψυχῶν,
3561 3339 3654 3392 καὶ
3678 3339 3738 3391 τό

2160 3425 2380 3497 ἔμψυχα
2413 3429 2479 3482 τά
2514 3430 2743 3498 οὐράνια
2776 3429 3005 3499 σώματα
3034 3427 3194 3497 εῖναι,
3222 3433 3316 3484 καὶ
3349 3433 3404 3486 αἱ
3450 3431 3582 3486 ἰδέαι
3605 3471 3619 3498 ,
3645 3433 3739 3485 καὶ

2159 3518 2230 3572 τά
2275 3518 2590 3589 Ὠριγένους
2620 3519 2809 3584 ἁπλῶς
2843 3523 3018 3575 εἰπεῖν
3057 3521 3226 3591 ψευδῆ
3271 3523 3518 3593 δόγματα
3543 3561 3558 3584 .
3601 3522 3738 3590 μᾶλ-

2161 3607 2252 3662 λον
2297 3608 2356 3662 δὲ
2398 3609 2510 3664 τῶν
2563 3611 2884 3680 Μανιχαίων
2963 3612 3056 3666 καὶ
3116 3612 3403 3677 Πλάτωνος
3435 3613 3740 3686 ἀναθέματι

2162 3699 2685 3772 καθυπεϐλήθησαν.
2722 3703 2830 3755 Καὶ
2876 3703 2905 3755 ό
2933 3701 3162 3773 Νύσσης
3188 3704 3244 3756 δὲ
3275 3704 3603 3774 Γρηγόριος,
3635 3706 3741 3759 Αύ-

2165 3790 2432 3861 γουστίνῳ
2461 3792 2539 3860 τῷ
2566 3791 2823 3862 μακαρίῳ
2848 3793 3090 3862 συνᾴδων
3114 3796 3170 3848 ἐν
3201 3796 3265 3864 τῇ
3300 3798 3429 3863 περὶ
3458 3796 3556 3865 τῆς
3588 3797 3741 3863 Ἐξα-

2162 3885 2376 3954 ημέρου
2433 3883 2724 3954 ἀπολογίᾳ,
2771 3902 2790 3936 ι
2833 3887 2916 3938 Τὰ
2963 3887 3019 3940 δὲ
3076 3887 3340 3959 ἡμέτερα,
3379 3889 3536 3957 φησὶ,
3566 3889 3640 3952 ὡς
3682 3891 3742 3941 ἐν

2167 3975 2453 4044 γυμνασίᾳ
2482 3974 2589 4027 τινὶ
2631 3977 3007 4044 στοχαστικῶς
3037 3977 3463 4046 ἐπιχειρούμενα
3496 3979 3609 4041 τοῖς
3655 3981 3709 4030 ἐν
3729 4011 3741 4021 -

2163 4066 2500 4135 τυγχάνουσι
2537 4067 2874 4136 προκείσθω,
2929 4069 3208 4138 μηδεμιᾶς
3247 4068 3438 4137 μηδενὶ
3467 4067 3558 4121 διὰ
3585 4068 3742 4122 τοῦτο

2165 4153 2369 4224 βλάϐης
2435 4157 2920 4226 προσγινομένης,
2981 4159 3034 4211 εί
3084 4175 3136 4211 τι
3192 4159 3348 4228 παρά
3400 4159 3500 4230 τὴν
3548 4160 3724 4228 κοινὴν

2165 4244 2437 4316 ὑπόληψιν
2488 4248 2546 4299 ἐν
2599 4250 2714 4312 τοῖς
2765 4248 3084 4319 λεγομένοις
3143 4251 3474 4318 εὑρίσκοιτο.
3503 4251 3577 4303 Οὐ
3631 4251 3741 4320 γὰρ

2165 4336 2343 4407 δόγμα
2375 4336 2467 4390 τὸν
2498 4337 2656 4405 λόγον
2705 4339 3038 4408 ποιούμεθα,
3076 4338 3218 4394 ὥστε
3258 4342 3516 4410 ἀφορμὴν
3561 4340 3744 4395 δοῦναι

2165 4427 2270 4489 τοῖς
2331 4425 2681 4482 διαϐάλλουσι
2706 4443 2721 4460 ο
2751 4431 2845 4482 καὶ
2876 4429 3251 4501 ὁμολογοῦμεν
3302 4431 3606 4498 γυμνάζειν
3640 4429 3740 4497 μό·

476 4523 628 4585 νοίας
651 4522 901 4592 γένηται.
939 4541 956 4572 ι
982 4521 1093 4575 Καὶ
1126 4521 1247 4590 μετ’
1286 4523 1470 4590 ὀλίγον
1496 4539 1510 4553 ο
1549 4541 1570 4575 ε
1615 4525 1787 4602 ’Ὀταν
1837 4526 1938 4594 μὲν
1968 4522 2062 4578 οὖν
2093 4522 2139 4578 D
2169 4536 2256 4572 νον
2303 4520 2512 4574 ἑαυτῶν
2556 4520 2656 4592 τὴν
2690 4521 2938 4576 διάνοιαν
2973 4525 3084 4585 τοῖς
3117 4524 3505 4593 προκειμένοις
3533 4521 3746 4592 νδήμα-

475 4615 588 4668 τῶν
622 4616 884 4667 τοιούτων
940 4612 1042 4686 ἔχῃ
1093 4631 1176 4674 τις
1231 4615 1414 4680 καλῶς
1467 4615 1566 4686 τὴν
1624 4615 1861 4684 γνῶσιν,
1899 4616 2067 4688 ὀρθὴν

443 4707 594 4776 ’ἔχει
650 4705 746 4758 καὶ⁵
795 4704 1153 4772 ὑγιαίνουσαν
1197 4707 1298 4775 τῆς
1353 4707 1597 4770 πίστεως
1655 4708 1755 4778 τὴν
1797 4707 2063 4764 διάνοιαν·

481 4803 577 4854 ἐὰν
604 4799 665 4853 δέ
684 4797 821 4879 ,παρ’
856 4798 1043 4868 ἕτερόν
1068 4815 1152 4860 τις
1182 4798 1505 4872 ἐκλαμϐάνῃ
1534 4799 1762 4867 τούτων,
1789 4801 1954 4864 εὐθὺς
1987 4805 2068 4865 εἰς

480 4893 694 4962 αἵρεσιν
728 4889 1009 4949 ἐκπίπτει.
1070 4890 1253 4945 Ταυτδ
1299 4891 1357 4944 δὲ
1416 4892 1574 4945 τοῦτο
1623 4893 1719 4946 καὶ
1774 4893 2067 4964 Κύριλλος,

479 4987 576 5039 καὶ
602 4983 854 5053 Μάξιμος
898 4983 995 5036 καὶ
1019 4984 1046 5036 6
1077 4983 1468 5054 Χρυσόστομος
1501 4983 1954 5055 συμϐουλεύουσι.

1087 5075 1341 5130 ΚΕΦΑΔ.
1389 5074 1465 5130 Θ’.

482 5168 615 5223 Ὀτι
650 5169 934 5239 ἀνόητον,
963 5170 1001 5239 ἢ
1056 5171 1362 5234 δυσσεϐὲς
1388 5209 1403 5233 ,
1459 5170 1497 5238 ἢ
1544 5171 1921 5238 φιλόνεικον,
1965 5173 2064 5224 καὶ

553 5240 705 5293 κατὰ
731 5238 849 5310 τῶν
886 5238 1072 5309 ἁγίων
1123 5239 1323 5294 αὐτῶν
1349 5281 1360 5302 ,
1406 5240 1547 5306 ἑνός
1593 5257 1760 5305 τινος
1810 5243 1988 5310 ἁγίου
2024 5241 2062 5306 ἢ

550 5311 725 5363 δυοῖν
754 5309 943 5374 δόξαν
972 5311 1136 5376 ὅπως
1167 5310 1316 5362 ποτὲ
1345 5312 1668 5377 εἰρημένην
1691 5309 1875 5375 αὐτῷ,
1917 5327 2062 5378 προ-

553 5379 732 5451 ειμᾷν
775 5381 1057 5450 Γραρῶν,
1087 5379 1501 5451 συνόδων-καί
1551 5379 2063 5451 τῆςᾼκοινῆςθεο-

557 5448 773 5519 λογίας
804 5448 918 5503 καί
955 5452 1280 5520 ὁμολογίας
1325 5448 1443 5503 τῶν·
1489 5449 1740 5503 πολλῶν
1768 5450 2063 5504 διδασκά-

551 5525 702 5576 λων.

559 5613 753 5667 Καίτοι
779 5630 842 5682 γε
873 5615 973 5666 καὶ
1028 5613 1214 5682 σαφῶς
1247 5612 1542 5682 εἰρημένον
1572 5630 1621 5665 τι
1657 5612 1808 5681 παρά
1836 5631 1926 5664 του
1957 5613 2065 5666 τῶν

486 5704 681 5774 ἁγίων,
715 5709 762 5757 εἰ
797 5705 875 5774 μὴ
914 5705 1007 5757 καὶ
1046 5707 1168 5765 ταῖς
1215 5706 1422 5766 κοιναῖς
1461 5705 1766 5775 ὐπολήψεσι
1823 5706 2063 5774 συνᾴδοι,

481 5797 534 5848 εἰ
586 5795 664 5863 μὴ
705 5797 796 5850 καὶ
842 5797 1002 5850 τοῦτο
1034 5796 1317 5868 δυνάμεθα
1351 5795 1486 5865 πρίις
1521 5798 1612 5852 τὸν
1647 5796 1824 5868 ἀληθῆ
1861 5801 2063 5854 κανόνα

2167 4626 2273 4676 σιν,
2314 4610 2374 4664 οὐ
2405 4611 2756 4666 διδασκαλίαν
2786 4614 3121 4684 ἐξηγητικὴν
3169 4617 3282 4678 τοῖς
3318 4614 3515 4684 ἐφεξῆς
3546 4615 3740 4666 ἀποτί-

2169 4699 2387 4756 θεσθαι.
2433 4720 2452 4754 ι
2486 4703 2586 4757 Διά
2642 4703 2848 4774 ταύτην
2895 4705 2952 4757 δὲ
2997 4704 3106 4776 ἄρα
3164 4707 3266 4774 τὴν
3325 4703 3748 4774 εὐγνωμοσύνην

2163 4793 2617 4872 Αὐγουστῖνόςλτε
2652 4797 2748 4852 καὶ
2777 4799 2805 4850 ό
2851 4797 3077 4868 Νύσσης
3128 4799 3253 4861 ταῖς
3300 4797 3409 4850 τῶν
3461 4795 3746 4865 μακαρίων

2163 4885 2432 4954 τιμῶνται
2462 4891 2674 4955 τιμαῖς.
2707 4889 2890 4942 καίτοι
2921 4888 3090 4955 δοξῶν
3129 4889 3313 4943 αὐτῶν
3352 4889 3515 4942 ἐνίων
3551 4887 3747 4941 ἀποδοο

2168 4975 2584 5047 κιμαζομένων.
2638 4979 2813 5032 Τοῦτο
2855 4979 2900 5032 δ³
2936 4980 3037 5033 οὐκ
3083 4979 3152 5034 ἂν
3199 4975 3347 5050 εἶχον
3373 4980 3436 5034 τὸ
3477 4978 3667 5049 γέρας.
3698 4979 3747 5031 εῑ

2173 5067 2495 5137 φιλονείκως
2538 5071 2635 5139 τῆς
2673 5069 2813 5134 ἰδίας
2851 5071 3077 5141 γνώμης
3105 5071 3441 5139 ἀντείχοντο.

2242 5157 2433 5228 Τούτῳ
2485 5161 2666 5214 τοίνυν
2719 5162 2798 5232 τῷ
2851 5162 3041 5215 κανόνι
3084 5163 3182 5216 καὶ
3214 5164 3379 5233 ἡμεῖς
3413 5162 3749 5232 στοιχοῦντες

2169 5250 2281 5302 τῶν
2319 5251 2694 5320 διδασκάλων,
2742 5255 3091 5320 ἐξετάζοντες
3152 5255 3247 5307 καὶ
3303 5255 3613 5324 πρόσωπα,
3656 5255 3750 5309 καὶ

2170 5344 2421 5414 καιροὺς,
2456 5348 2550 5397 καὶ
2603 5345 2829 5416 χρείαν,
2882 5345 2992 5399 τῶν
3025 5349 3136 5428 τοῖς
3188 5345 3366 5414 ἀγίοις
3395 5347 3742 5417 εἰρημένων,

2171 5437 2266 5488 καὶ
2295 5435 2394 5504 τῆς
2425 5435 2706 5506 άληθεέας,
2741 5438 2836 5491 σὺν
2857 5437 2976 5505 Θεῴ
3001 5437 3057 5490 δὲ
3089 5437 3350 5508 εἰρήσθω,
3376 5437 3435 5489 οὐ
3461 5437 3744 5490 διαπίπτοι

2175 5543 2273 5595 μεν
2294 5543 2308 5557 ·
2337 5529 2458 5581 ὅθεν
2485 5529 2576 5580 καί
2607 5529 2704 5591 τὰς
2735 5531 2924 5599 ῥήσεις
2973 5531 3189 5592 ἐκείνας
3218 5529 3327 5582 τῶν
3380 5529 3737 5593 διδασκάλων,

2168 5617 2234 5679 ἃς
2271 5619 2716 5690 παρεξηγοῦνταί
2749 5639 2894 5684 τινες
2936 5621 3296 5690 σοφιστικῶς,
3330 5619 3362 5689 ἢ
3393 5619 3637 5690 ἀμαθῶς,
3669 5621 3748 5681 εἰς

2169 5715 2259 5764 τ’,ν
2289 5712 2389 5780 τῆς
2422 5713 2684 5781 ἀῦηθείας
2727 5718 2931 5767 axon-3v
2982 5718 3166 5785 ἡμεῖς,
3221 5716 3316 5768 καὶ
3354 5715 3434 5776 εἰς
3488 5711 3587 5782 τὴν
3616 5713 3749 5765 ὐπο-

2169 5803 2345 5875 ταγὴν
2371 5802 2464 5856 τοῦ
2497 5804 2738 5873 Χριστοῦ
2781 5806 2961 5868 καλῶς
2990 5808 3082 5861 καὶ
3124 5807 3396 5870 άϐιάστως
3439 5807 3753 5877 ᾐχμαλωτι-
