4104 6404
466 462 570 524 θ8ἶ

1522 464 1565 519 (ἱ
1582 461 1897 522 ENNADH
1932 461 2041 522 (ΣΡ.
2085 461 2312 520 PATIH
2331 461 2521 520 ARCH
2537 461 2596 518 ΚΕ

3631 463 3735 527 634

2777 617 2790 622 -
2815 617 3286 628 ...ς-...σον--ι--ς

3294 621 3732 636 -Ψ

1583 768 1947 856 ΜΕΡΟΣ
2039 767 2622 856 ΔΕΥΤΕΡΟΝ

618 972 720 1028 Ἐν
747 991 795 1042 ῳ
822 972 1184 1030 ἐκτέθεινται
1230 971 1269 1027 d
1301 970 1598 1042 λέγουσιν
1648 975 1705 1028 οί
1743 973 1898 1042 ἅγιοι
1947 973 2321 1042 δογματικῶς
2371 972 2509 1044 περὶ
2545 972 2654 1042 τῆς
2693 973 3120 1042 ἐκπορεύσεως
3163 978 3263 1032 καί
3319 979 3439 1049 ἰδίῃ
3482 985 3583 1038 καὶ

1379 1085 1727 1156 συνοδικῶς
1761 1085 1842 1154 τῷ
1865 1089 2135 1160 ἡμετέρῳ
2183 1089 2458 1158 δεσπότῃ
2503 1089 2805 1160 ἑπόμενοι,

1166 1207 1248 1274 τῷ
1270 1206 1480 1277 πρώτῳ
1520 1203 1873 1270 διδασκάλῳ
1901 1205 2094 1276 ἡμῶν,
2123 1207 2224 1262 καί
2273 1209 2355 1275 τῷ
2389 1205 2611 1274 Παύλῳ
2631 1208 2761 1278 μετ’
2798 1208 3010 1264 αὐτόν.

2037 1397 2109 1412 α-

1059 1523 1316 1578 ΚΕΦΛΛ.
1362 1523 1440 1577 Λ’.

461 1658 588 1712 ’Ὁτι
616 1653 782 1715 οὗτοι
814 1659 868 1712 oi
898 1655 1375 1729 ῥηθέντες-,ἅγιοι
1422 1658 1681 1728 Πατέρες
1711 1658 1875 1729 ἡμῶν
1913 1660 2038 1724 τοῖς

529 1729 804 1796 ἀρχαίοις
860 1729 1075 1796 ἁγίοις,
1115 1726 1214 1780 καί
1259 1727 1385 1791 ταῖς
1421 1726 1730 1796 συνόδοις,
1749 1726 1862 1784 ’καὶ
1908 1731 2040 1795 ταῖς

529 1797 887 1863 συνοδικαῖς
935 1797 1187 1865 γραφαῖς
1223 1797 1676 1866 ἠκολούθησαν,
1727 1797 1927 1854 αὐτῶν
1969 1801 2040 1854 δὲ

530 1867 631 1921 καὶ
656 1867 828 1937 ἡμεῖς
856 1867 1080 1933 δήπου.

541 1981 683 2035 Ἀλλ’
714 1980 838 2033 ἐπεί
872 1981 954 2035 τοί
975 1997 1040 2047 γε
1069 1981 1164 2034 καὶ
1194 1983 1327 2052 ἡμῖν
1362 1984 1618 2054 κριτικήν
1647 1996 1768 2038 τινα
1805 1984 2037 2056 δύναμιν

454 2073 688 2126 δέδωκεν
733 2073 762 2124 6
803 2071 962 2138 Θεὸς,
1001 2075 1098 2126 καὶ
1128 2073 1332 2143 ταύτην
1363 2073 1740 2142 γυμνάζοντες
1787 2077 1912 2130 ὅσον
1947 2077 2039 2145 ἐγ-

454 2167 647 2236 χωρεῖ,
682 2163 823 2219 κατὰ
867 2164 993 2228 τοὺς
1031 2163 1317 2234 κειμένους
1349 2165 1536 2234 μέντοι
1576 2181 1640 2233 γε
1687 2167 2035 2238 γενομένους,

455 2255 786 2326 εὑρίσκομεν
814 2255 939 2319 τοὺς
969 2254 1274 2324 ἡμετέρους
1303 2255 1445 2322 μετά
1470 2255 1529 2307 τὸ
1560 2255 1764 2326 σχίσμα
1793 2257 2038 2312 Λατίνων

459 2348 729 2417 Πατέρας,
784 2347 860 2416 μὴ
908 2347 1070 2418 μόνον
1119 2347 1233 2409 τοῖς
1284 2345 1631 2408 διδασκάλοις
1686 2345 2034 2417 συμφώνους,
2090 2413 2098 2426 ι

455 2435 592 2488 ἀλλά
626 2438 721 2488 καὶ
754 2437 876 2498 ταῖς
907 2437 1082 2506 ἱεραῖς
1110 2435 1360 2506 Γραφαῖς
1393 2436 1488 2489 καὶ
1519 2436 1785 2502 συνόδοις,
1817 2437 1914 2492 καὶ
1946 2439 2037 2491 ού-

453 2526 545 2579 δέν
570 2527 778 2597 ἀπᾷδον
812 2527 1226 2598 ύφηγουμένους
1255 2527 1411 2599 ἡμῖν.
1450 2525 1614 2581 Ὅθεν
1668 2528 1766 2599 οὐχ
1800 2529 1904 2583 ὑπὸ
1937 2530 2038 2600 τῆς

453 2619 594 2689 πρὸς
637 2619 764 2681 τοὺς
807 2618 1061 2690 Πατέρας
1115 2619 1274 2690 μόνον
1306 2619 1599 2686 εὐλαϐείας
1631 2621 1901 2692 ἀγόμεθα,
1941 2625 2038 2678 καὶ

451 2710 554 2780 τὴν
585 2708 806 2764 ἐκείνων
837 2710 1034 2778 σοφίαν
1062 2711 1443 2783 προῖστάμεθα
1487 2714 1652 2784 μόνον
1688 2715 1782 2770 καὶ
1812 2717 2034 2787 ἀρετὴν,

449 2803 528 2865 ὡς
551 2801 662 2873 ἀρα
687 2802 795 2874 χρὴ
819 2802 929 2856 τῶν
955 2802 1186 2858 ίδιωτῶν
1209 2803 1335 2867 τοὺς
1355 2805 1836 2876 σωφρονεστέρους
1858 2807 2037 2861 διατε-

2073 1532 2118 1584 Λ
2151 1526 2246 1579 καὶ
2275 1525 2396 1594 ἥκω
2425 1527 2482 1577 ἐν
2516 1523 2716 1594 χρόνῳ.
2757 1523 2818 1576 Et
2849 1523 2957 1594 γὰρ
2986 1524 3046 1591 ἐξ
3093 1523 3296 1593 ἀμφοῖν
3337 1525 3619 1594 πέμπεται
3655 1527 3734 1588 εἰς

2146 1615 2247 1687 τὴν
2293 1615 2492 1680 κτίσιν,
2545 1615 2826 1684 πέμπεται
2876 1615 2934 1668 δὲ
2963 1616 3040 1677 ὡς
3087 1615 3182 1669 καὶ
3227 1616 3524 1687 ἐρχόμενον
3577 1617 3737 1670 οὐδὲν

2146 1701 2312 1776 ἦττον
2363 1705 2720 1772 αύθεντικῶς,
2756 1703 2870 1759 ἀλλ’
2903 1704 2985 1768 είς
3031 1703 3130 1776 τὴν
3163 1705 3301 1760 ίδίαν
3333 1707 3642 1760 ὑπόστασιν
3673 1707 3737 1759 ἐκ

2144 1796 2242 1851 τοῦ
2293 1797 2508 1866 Πατρὺς
2561 1794 2947 1866 ἐκπορεύεται,
2988 1791 3099 1860 ἆρα
3136 1797 3215 1868 τῷ
3249 1796 3326 1868 μὴ
3375 1798 3530 1868 παρὰ
3568 1798 3738 1869 μέλος

2147 1890 2214 1942 ἂν
2247 1886 2378 1960 ᾆσαι
2409 1889 2538 1951 τοὺς
2583 1888 2797 1941 ἐκείνου
2847 1887 3120 1958 μαθητὰς,
3167 1891 3424 1958 γνησίους
3469 1890 3604 1960 ἄχρι
3644 1893 3737 1944 καὶ

2145 1978 2242 2031 νῦν
2275 1979 2359 2041 είς
2404 1977 2504 2048 τὴν
2540 1977 2637 2031 τοῦ
2689 1978 3005 2046 Πνεύματος
3050 1978 3224 2032 ἀίδιον
3253 1981 3608 2048 ἐκπόρευσιν,
3643 1980 3738 2034 καὶ

2145 2070 2248 2140 τὴν
2293 2069 2556 2140 χρονικὴν
2604 2068 2934 2140 ἀποστολὴν,
2981 2069 3164 2134 ἀλλοις
3211 2070 3402 2124 κανόσι
3437 2071 3531 2126 καὶ
3582 2073 3737 2141 ὅροις

2143 2165 2277 2234 ἡμῖν
2307 2161 2553 2231 ἐτόλμων
2585 2160 2936 2232 παραδιδόναι
2961 2177 2977 2229 ;
3007 2161 3104 2215 Διά
3130 2162 3288 2216 τοῦτο
3313 2162 3406 2216 οῦν
3443 2163 3550 2216 οὐδ’
3573 2164 3736 2218 ἐτόλ-

2146 2271 2349 2322 μησαν,
2381 2254 2519 2309 ἀλλὰ
2571 2254 2859 2325 συνᾴδουσι
2897 2254 3096 2318 πάντες
3135 2253 3215 2325 τῷ
3263 2257 3570 2326 κορυφαίῳ,
3613 2257 3736 2327 ᾕδε-

2145 2361 2245 2396 σαν
2272 2345 2401 2414 γὰρ,
2433 2343 2510 2408 ὡς
2557 2344 2688 2399 ἄλλο
2712 2361 2768 2398 τι
2813 2343 3150 2412 διαξιοῦντες
3197 2344 3300 2415 τῆς
3326 2345 3588 2416 ἀληθείας
3619 2347 3734 2399 δια-

2143 2437 2466 2490 πεσοῦνται.
2527 2436 2589 2490 '0
2619 2437 2730 2509 γὰρ
2777 2437 3001 2508 Νύσσης
3045 2436 3350 2508 Γρηγόριος
3377 2439 3435 2492 ἐν
3467 2439 3544 2509 τῷ
3590 2440 3732 2509 πρὸς

2143 2528 2431 2598 Εὐνόμιον,
2463 2549 2482 2582 ι
2505 2530 2564 2584 Ὃ
2586 2530 2791 2599 Κύριος
2813 2529 2995 2600 ήμῶν,
3027 2530 3217 2600 φησὶν,
3257 2529 3464 2600 Ἰησοῦς
3491 2531 3598 2601 Χρι
3612 2534 3733 2592 στ“ις

2142 2619 2233 2671 ἐπὶ
2271 2620 2374 2688 γῆς
2405 2618 2586 2690 ὤφθη,
2635 2620 2732 2674 καὶ
2777 2621 2890 2684 τοῖς
2940 2618 3253 2691 ἀνθρώποις
3287 2623 3729 2691 συνανεστράφη,

2143 2710 2230 2765 ἴνα
2265 2710 2467 2782 μηκέτι
2500 2711 2550 2763 οί
2603 2708 2883 2781 ἄνθρωποι
2932 2711 3076 2766 κατά
3109 2711 3207 2774 τάς
3255 2711 3465 2765 ἑαυτῶν
3498 2711 3732 2782 γνώμας

2141 2800 2272 2870 περὶ
2307 2798 2402 2852 τοῦ
2434 2798 2585 2864 ὄντος
2610 2798 2902 2866 δοξάζωσι,
2934 2800 3031 2862 τάς
3068 2799 3359 2870 γινομένας
3397 2800 3582 2862 αὐτοῖς
3620 2802 3730 2854 ἀπο

453 2872 697 2959 θεῖσθαι,
727 2872 827 2947 -ὅτι
883 2893 1023 2964 μετά
1070 2893 1132 2946 τὸ
1175 2893 1382 2964 σχίσμα
1437 2872 1808 2960 Λατίνωνξτδ
1857 2897 2034 2967 δόγμα
2065 2872 2114 2932 Ῑ)
2144 2892 2470 2961 στοχασμῶν
2500 2909 2663 2946 τινων
2706 2893 2961 2956 ὑπονοίας
2994 2892 3170 2963 δόγμα
3211 2892 3544 2962 ποιούμενοι,
3590 2893 3730 2946 ὀλλά

451 2987 614 3040 τοῦτο
640 2985 822 3049 καλῶς
854 2985 1169 3056 κεκρίκασι,
1203 2987 1297 3040 καὶ
1326 2985 1426 3058 τὴν
1464 2989 1594 3058 περὶ
1639 2989 1737 3060 τῆς
1765 2991 2036 3062 ἐκπορεύ-

456 3095 596 3140 σεως
651 3077 746 3131 τοῦ
805 3077 1076 3147 παναγίου
1136 3078 1452 3148 Πνεύματος
1514 3081 1674 3146 δόξαν
1717 3084 1783 3136 ἐκ
1835 3086 2036 3148 παντὸς

452 3167 799 3239 ἐνοχλοῦντος
831 3168 1038 3240 ἀκύρου
1067 3169 1520 3239 διακαθάραντες,
1557 3174 1652 3226 καὶ
1681 3173 1815 3243 ἡμῖν
1835 3173 2034 3245 βρῶμα

451 3260 672 3330 ἕτοιμον
724 3260 1173 3330 παραδεδωκότες
1219 3261 1528 3332 αὐτάρκως,
1575 3263 1837 3334 ἡγοῦνται
1898 3267 2034 3337 πρὸς

449 3352 548 3422 τὴν
575 3350 860 3422 ἀλήθειαν,
899 3352 992 3405 καὶ
1037 3351 1138 3422 τὴν
1173 3354 1232 3405 ἐν
1257 3352 1393 3424 αὐτῇ
1439 3356 1718 3424 σωτηρίαν
1752 3357 1863 3419 τοῖς
1890 3359 2033 3411 οίκο-

449 3443 546 3495 θεν
594 3442 806 3512 κρίνειν
852 3443 927 3512 μὴ
979 3441 1291 3512 δυνάμενοι,
1327 3442 1464 3497 ἁλλά
1507 3446 1601 3498 καὶ
1631 3445 1942 3516 τολμῶντες
1980 3464 2031 3500 τι

450 3533 664 3603 κρίνειν
718 3534 847 3603 περὶ
880 3531 1081 3600 αὐτῶν,
1115 3536 1180 3604 τῇ
1235 3532 1420 3588 θεόθεν
1469 3536 1602 3606 ἡμῖν
1646 3537 2032 3612 ἐκπεμφθείσῃ

449 3626 703 3696 δυνάμει,
764 3627 939 3697 μικρᾷ
988 3627 1086 3698 μὲν
1137 3626 1336 3692 ἄλλως,
1389 3629 1597 3699 μείζονι
1639 3629 1696 3684 δέ
1735 3631 1834 3700 τῆς
1865 3631 2031 3700 ἄλλης

449 3716 610 3787 ἡμῶν
636 3717 1035 3789 προαιρέσεως.
1069 3717 1412 3788 Εὑρίσκομεν
1452 3718 1652 3782 αὐτοὺς
1681 3722 1745 3790 τῇ
1778 3718 1872 3771 τοῦ
1897 3719 2031 3788 Χρι-

451 3808 578 3861 στοῦ
621 3809 828 3879 χάριτι,
860 3809 960 3878 τὴν
988 3809 1157 3872 ὅντως
1189 3807 1477 3878 βασιλικὴν
1515 3807 1634 3862 όδδν
1678 3808 2026 3876 τετριφότας,

446 3901 516 3971 ἢν
561 3903 588 3953 ὁ
637 3901 892 3970 βασιλεὺς
938 3901 1100 3972 ἡμῶν
1142 3902 1237 3954 καὶ
1272 3901 1552 3971 Δεσπότης
1583 3899 1677 3954 καὶ
1707 3900 2028 3964 διδάσκαλος

460 3993 688 4062 Ἰησοῦς,
711 3996 740 4046 6
770 3992 868 4062 τῆς
896 3992 1156 4063 ἀληθείας
1191 3992 1386 4063 ἔφορος
1424 3991 1520 4046 καὶ
1562 3992 1612 4045 οἱ
1646 3993 1858 4045 ἐκείνου
1899 3993 2030 4045 ὑπο-

2144 2985 2460 3049 πειαθέντες
2493 2986 2576 3039 ὅτι
2625 2985 2845 3056 ἀληθῶς
2890 2985 3022 3050 Θεὸς
3072 2985 3396 3057 ἐφανερώθη
3424 2989 3482 3040 ἐν
3533 2988 3726 3056 σαρκὶ,

2137 3076 2314 3128 ἐκείνο
2342 3077 2506 3145 μόνον
2533 3075 2634 3145 τῆς
2659 3075 2944 3140 εὐσεϐείας
2965 3075 3222 3146 ἀληθινὸν
3250 3077 3550 3148 μυστήριον
3578 3075 3724 3131 εἶναι

2139 3168 2550 3238 πιστεύσωμεν,
2583 3169 2611 3222 ὂ
2641 3168 2711 3224 δι’
2758 3169 2925 3224 αὐτοῦ
2957 3171 3088 3238 ἡμῖν
3119 3169 3210 3222 τοῦ
3252 3169 3427 3238 Λόγου
3463 3172 3554 3222 καὶ
3585 3169 3725 3224 Θεοῦ

2138 3260 2439 3331 παρεδόθη,
2471 3262 2566 3314 τοῦ
2621 3262 2690 3314 δι’
2724 3260 2921 3314 ἐαυτοῦ
2955 3262 3067 3324 τοῖς
3105 3261 3424 3325 ἀποστόλοις
3455 3260 3727 3332 λαλήσαν-

2137 3368 2251 3416 τος.
2283 3353 2393 3406 Καὶ
2425 3354 2620 3407 σκόπει
2647 3354 2747 3421 τὴν
2778 3353 3100 3422 συμφωνίαν
3123 3353 3323 3417 αὐτῶν,
3350 3355 3459 3415 πᾶς
3486 3371 3566 3417 τις
3597 3354 3726 3407 νοῦν
3750 3369 3757 3378 ‘

2139 3442 2279 3513 ἔχων
2319 3443 2416 3498 καὶ
2471 3443 2628 3507 εἰδὼς
2685 3442 2949 3498 εὐσεϐεῖν.
2991 3441 3051 3496 '0
3105 3441 3380 3513 μακάριος
3423 3444 3724 3506 ἀπόστολος

2139 3533 2354 3599 Παῦλος
2383 3537 2444 3588 τδ
2471 3534 2694 3604 Πνεῦμα
2727 3535 2788 3587 τὸ
2816 3533 2972 3604 ἅγιον
3001 3533 3098 3588 τοῦ
3123 3535 3261 3588 Θεοῦ
3289 3531 3426 3589 εἷναί
3460 3551 3597 3606 φησι
3628 3537 3722 3588 καὶ

2133 3627 2197 3680 ἐκ
2235 3626 2328 3680 τοῦ
2384 3627 2542 3693 Θεοῦ,
2583 3627 2676 3680 τοῦ
2727 3625 2940 3698 Πατρὸς
2971 3625 3239 3696 δηλονότι,
3293 3628 3409 3680 ἀλλ’
3459 3627 3720 3681 οὐδέποτε

2133 3717 2198 3770 ἐκ
2232 3716 2326 3770 τοῦ
2355 3717 2487 3772 Υίοῦ
2519 3716 2690 3786 λέγει,
2731 3717 2825 3770 τοῦ
2854 3715 2986 3770 Υίοῦ
3023 3716 3251 3787 Πνεῦμα
3298 3717 3458 3786 μόνον
3490 3719 3583 3771 καὶ
3620 3717 3718 3770 τοῦ

2132 3805 2370 3876 Χριστοῦ
2396 3823 2412 3838 ο
2463 3798 2526 3859 οῦ
2557 3807 2649 3859 τὸν
2687 3805 2892 3858 σκοπὸν
2927 3807 2956 3859 6
3005 3805 3152 3877 ίερδς
3183 3807 3226 3860 Χ
3238 3807 3572 3876 ρυσόστομος
3611 3825 3716 3862 κα·

2130 3895 2238 3959 λῶς
2268 3896 2532 3964 συνορῶν,
2569 3913 2588 3948 ι
2634 3894 2709 3949 Τὸ
2757 3895 2858 3966 μέν
2887 3894 3146 3964 λέγεσθαι
3202 3897 3296 3950 τοῦ
3350 3897 3508 3962 Θεοῦ,
3557 3900 3715 3970 φησὶ,

2129 3991 2229 4059 τὴν
2263 3989 2573 4058 οἰκειότητα
2621 3986 2792 4058 μόνην
2833 3987 3008 4059 δηλοῖ,
3040 3987 3102 4042 τὸ
3133 3987 3190 4042 δὲ
3233 3990 3296 4042 ἐκ
3329 3991 3426 4044 τοῦ
3458 3990 3594 4044 Θεοῦ
3621 3992 3717 4045 καὶ

449 4088 750 4156 στιάτηγοι
807 4086 903 4139 καὶ
959 4085 1304 4138 ὑπασπισταὶ
1350 4084 1428 4154 τῷ
1481 4083 1692 4138 ἐκείνου
1749 4083 2027 4153 Πνεύματι
2128 4079 2227 4146 τὴν
2259 4079 2442 4132 αἰτίαν
2468 4094 2480 4109 ⁸
2535 4077 2734 4133 οὐκοῦν
2766 4077 2896 4133 ἄλλο
2925 4077 3020 4133 τοῦ
3065 4078 3227 4146 Θεοῦ,
3255 4081 3348 4136 καὶ
3391 4080 3518 4135 ἀλλο
3560 4084 3620 4136 τὸ
3649 4085 3716 4136 ἐκ

444 4178 741 4250 ἡγούμενοι
769 4178 1048 4244 ἐδάδισαν,
1080 4179 1173 4233 καὶ
1199 4177 1342 4232 οῦτω
1386 4177 1485 4240 τὰς
1518 4178 1626 4231 τῶν
1657 4177 1900 4249 ἀρχαίων
1933 4179 2025 4231 καὶ
2055 4185 2095 4240 C
2130 4168 2223 4223 τοῦ
2249 4169 2409 4224 Θεοῦ.
2449 4189 2467 4222 ι

447 4272 683 4340 πρώτων
719 4271 1058 4326 διδασκάλων
1101 4272 1291 4343 ῥήσεις
1337 4270 1756 4340 ἐκδεξαμένους,
1792 4271 1870 4332 ὡς
1909 4273 2029 4333 ταῖς

446 4366 762 4426 κανονικαῖς
801 4363 1073 4432 συμφέρει
1114 4362 1381 4431 Γραφαῖς,
1425 4361 1521 4414 καὶ
1558 4363 1672 4425 τοῖς
1710 4361 2029 4424 ἀποστόλοις

447 4456 541 4507 καὶ
564 4456 680 4514 ταῖς
715 4453 979 4517 συνόδοις,
1012 4453 1107 4506 καὶ
1133 4455 1245 4517 τοῖς
1279 4453 1337 4506 ἐν
1366 4453 1555 4517 αὑταῖς
1584 4454 1918 4524 διαπρέψασι
1945 4456 2026 4508 δι.

446 4544 737 4605 δασκάλοις
766 4542 863 4605 τῆς
889 4543 1149 4606 πίστεως.

517 4633 725 4685 Λύτίκα
772 4633 880 4701 γὰρ
933 4634 962 4684 6
1021 4631 1122 4701 μὲν
1149 4631 1250 4700 τῆς
1291 4630 1546 4702 ἀληθείας
1572 4630 1888 4695 διδάσκαλος
1931 4633 2026 4687 καὶ⁸

445 4725 547 4788 τῆς
581 4722 674 4776 τοῦ
712 4723 1025 4793 Πνεύματος
1057 4722 1442 4792 ἑκπορεύσεως
1491 4721 1731 4793 πρῶτος,
1785 4722 1882 4776 καὶ
1928 4724 2026 4793 μό-

447 4834 556 4879 νος,
590 4815 684 4870 καὶ
716 4816 958 4886 ἀριστος,
987 4815 1083 4868 καὶ
1110 4815 1439 4878 ἱκανώτατος
1469 4815 1744 4886 ἑρμηνεὺς
1773 4816 1905 4884 ἡμῖν
1937 4832 2028 4884 γε·

447 4910 671 4976 νόμενος
723 4907 954 4979 Ἰησοῦς,
1016 4908 1078 4961 τὸ
1138 4905 1361 4977 Πνεῦμα
1415 4907 1479 4961 τὸ
1525 4907 1682 4975 ἅγιον
1737 4909 1890 4980 παρὰ
1932 4909 2026 4962 τοῦ

448 5000 662 5071 [Ιατρὸς
693 4999 796 5071 μὲν
827 4997 1224 5069 ἐκπορεύεσθαι
1255 4994 1396 5064 εἷπε,
1438 4997 1752 5068 πέμπεσθαι
1780 4997 1840 5052 δέ
1871 5001 2026 5071 παρά

443 5089 540 5144 τοῦ
601 5088 815 5161 Πατρὺς
869 5087 940 5142 δι’
979 5088 1166 5142 αὑτοῦ.
1222 5088 1392 5142 Τοῦτο
1425 5088 1533 5157 γάρ
1571 5089 1741 5154 ἐστιν,
1775 5088 1883 5144 “Or
1910 5089 2026 5159 ἐγὼ

443 5184 661 5254 πέμψω
713 5181 858 5253 ὑμῖν
904 5181 1064 5250 παρὰ
1104 5180 1213 5235 τοῦ
1244 5180 1493 5248 Πατρός.
1536 5180 1845 5234 Ἐλεύσεται
1891 5183 2022 5254 γὰρ,

447 5279 632 5346 φησὶν,
679 5277 706 5329 6
759 5275 1123 5346 Παράκλητος
1164 5273 1516 5343 πεμπόμενος
1561 5272 1622 5337 ἐξ
1672 5274 1810 5343 ἐμοῦ
1871 5276 2027 5344 παρὰ

442 5369 539 5424 τοῦ
569 5367 804 5441 Πατρός,
837 5368 1118 5421 τουτέστιν
1149 5366 1214 5419 ἐκ
1244 5365 1459 5435 Πατρὸς
1486 5364 1554 5418 δι’
1586 5364 1723 5436 ἐμοῦ
1751 5381 1765 5396 ο
1805 5365 2027 5434 Πνεῦμα

442 5462 554 5533 γὰρ
588 5461 689 5532 τῆς
713 5459 970 5525 ἀληθείας
1015 5460 1152 5522 ἐστὶ,
1188 5461 1472 5512 τουτέστιν
1518 5457 1676 5528 ἐμοῦ,
1713 5457 1808 5511 καὶ
1847 5457 2027 5511 κοινὸν

2218 4261 2307 4312 Ἐν
2333 4262 2455 4324 ταῖς
2503 4262 2773 4332 περιόδοις
2821 4263 2915 4317 τοῦ
2967 4263 3124 4333 ἁγίου
3167 4265 3420 4336 Ἀνδρέου
3471 4268 3714 4336 λέγεται,
3761 4288 3766 4292 ·

2138 4371 2156 4403 ι
2197 4353 2400 4422 Εἰρήνη
2440 4355 2570 4423 ἡμῖν
2628 4354 2722 4409 καὶ
2761 4357 2895 4410 πᾶσι
2925 4359 3037 4420 τοῖς
3091 4357 3440 4412 πιστεύουσιν
3485 4363 3563 4422 είς
3617 4361 3714 4416 ἕνα

2129 4444 2260 4498 Θεὸν
2290 4446 2530 4516 Πατέρα,
2565 4448 2658 4500 καὶ
2684 4448 2764 4511 είς
2786 4449 2877 4503 τὸν
2908 4449 3004 4503 ἕνα
3034 4449 3164 4504 Υίὸν
3184 4450 3352 4506 αὑτοῦ
3387 4452 3480 4506 τὸν
3507 4454 3714 4524 Κύριον

2143 4536 2354 4606 Ἰησοῦν
2384 4539 2641 4608 Χριστὸν,
2678 4541 2772 4594 καὶ
2821 4542 2900 4604 είς
2933 4541 2993 4593 ἓν
3042 4541 3269 4612 Πνεῦμα
3323 4543 3477 4612 ἆγιον
3509 4549 3570 4597 ἐκ
3606 4547 3715 4598 ﬂ:-

2133 4628 2259 4698 τρὺς
2294 4630 2736 4700 ἐκπορευόμενον
2770 4633 2863 4686 καὶ
2917 4634 3079 4704 μένον
3122 4638 3178 4687 ἐν
3211 4636 3290 4705 τῷ
3339 4637 3474 4704 mp.
3515 4657 3533 4688 ι
3569 4639 3711 4708 Γρη-

2133 4722 2314 4792 γόριος
2331 4723 2359 4774 6
2382 4723 2812 4796 Θαυματουργός
2837 4741 2848 4754 ·
2882 4743 2902 4777 ι
2935 4725 3034 4779 Ἓν
3063 4726 3287 4797 Πνεῦμα
3309 4728 3466 4798 ἅγιον
3491 4715 3552 4782 ὲκ
3575 4729 3711 4782 Θεοῦ

2130 4811 2229 4883 τὴν
2266 4813 2501 4884 ὓπαρξιν
2525 4813 2670 4884 ἔχον,
2705 4818 2799 4896 κα)
2821 4817 2890 4870 δι’
2921 4816 3052 4871 Υίοῦ
3082 4819 3348 4888 πεφηνὸς,
3379 4819 3578 4892 δηλαδὴ
3599 4825 3710 4884 τοῖς

2134 4905 2468 4976 ἀνθρώποις.
2509 4926 2528 4958 ι
2571 4905 2634 4959 ’Π
2660 4909 2851 4977 πρώτη
2889 4909 3104 4973 σύνοδος
3129 4927 3144 4942 ο
3178 4929 3196 4962 ι
3235 4912 3401 4982 Δέχου
3434 4914 3562 4983 μίαν
3591 4914 3708 4966 θεό-

2130 5011 2268 5065 τητα
2301 4998 2397 5050 τοῦ
2430 4999 2640 5068 Πατρδς
2663 4999 2756 5052 τοῦ
2787 5003 3148 5070 γεννήσαντος
3179 5005 3268 5058 τον
3302 5005 3423 5057 ὶίὺν
3448 5007 3710 5075 ἀνεκίξρά-

2131 5106 2294 5155 στως,
2333 5090 2550 5144 καὶτοῦ
2592 5091 2723 5145 Υίοῦ
2755 5092 2850 5145 τοῦ
2882 5097 3282 5165 γεγεννημένου
3314 5097 3372 5162 ἐξ
3408 5099 3596 5163 αὐτοῦ,
3621 5101 3711 5151 καὶ

2129 5183 2224 5236 τοῦ
2264 5183 2424 5252 ἁγίου
2463 5183 2784 5254 Πνεύματος
2815 5184 2910 5238 τοῦ
2961 5185 3404 5259 ἐκπορευομένου
3453 5190 3511 5254 ἐξ
3545 5191 3708 5244 αὑτοῦ

2130 5273 2221 5326 τοῦ
2259 5273 2493 5344 Πατρὺς,
2531 5275 2662 5328 ίδίου
2711 5276 2767 5328 δὲ
2806 5276 2958 5340 ὄντος
3020 5277 3116 5331 τοῦ
3162 5278 3316 5345 Υίοῦ,
3351 5280 3496 5333 καθά
3545 5298 3708 5352 φησιν

2129 5369 2158 5422 6
2199 5369 2548 5435 ’Λπόστολος,
2575 5368 2747 5433 Εῐτις
2781 5371 3008 5440 Πνεῦμα
3052 5370 3291 5442 Χριστοῦ
3333 5373 3433 5426 οὐκ
3461 5372 3595 5442 ἔχει,
3623 5373 3709 5426 οὗ·

2133 5477 2225 5525 τος
2247 5461 2348 5516 οὐκ
2373 5460 2522 5516 ἐστιν
2549 5460 2737 5516 αὐτοῦ.
2770 5480 2788 5513 ι
2817 5460 2888 5517 Ὃ
2914 5462 3088 5532 μέγας
3135 5463 3453 5528 Ἀθανάσιος
3487 5481 3552 5517 συ
3562 5463 3712 5536 μφὼ-

442 5552 608 5623 ιργον
633 5552 731 5620 τῆς
777 5551 1008 5621 Τριάδος
1044 5550 1233 5604 ἀνύσει
1265 5554 1332 5620 τῇ
1378 5550 1450 5603 δι’
1484 5549 1652 5604 αὐτοῦ
1684 5552 2028 5624 γενησομένη
2061 5535 2108 5592 Ῐ)
2136 5571 2242 5617 νως
2275 5554 2411 5624 αὐτῇ
2445 5555 2503 5606 ἐν
2532 5556 2598 5622 τῇ
2641 5553 2777 5624 πρὸς
2809 5554 3131 5624 Σεραπίωνα
3171 5554 3430 5627 ἐπιστολῇ
3467 5557 3597 5626 περὶ
3619 5554 3711 5609 τοῦ

444 5646 576 5716 περὶ
608 5642 742 5713 ἐμοῦ
774 5642 1076 5714 μαρτυρίᾳ,
1110 5645 1242 5711 πρὸς
1277 5641 1376 5712 τὴν
1406 5643 1504 5712 τῆς
1536 5643 1766 5712 Τριάδος
1797 5643 2032 5712 ἐπίγνω-

2136 5645 2477 5716 Πνεύματος·
2512 5662 2534 5699 ι
2571 5644 2782 5698 Οὐκοῦν
2827 5646 3012 5708 κακῶς
3063 5645 3386 5716 φρονοῦντες
3440 5649 3572 5716 περὶ
3619 5644 3711 5698 τοῦ

449 5753 534 5789 σιν
569 5733 926 5802 ἀναγομένων
959 5733 1069 5786 τῶν
1118 5732 1502 5786 πιστευόντων.
1545 5731 1716 5786 Τοῦτο
1749 5733 2030 5818 μέντοι-γε
2135 5734 2456 5805 Πνεύματος
2503 5733 2599 5788 τοῦ
2656 5733 2838 5803 ἁγίου,
2876 5734 3000 5788 οὐδὲ
3047 5735 3178 5805 περὶ
3214 5736 3310 5789 τοῦ
3353 5736 3481 5789 Υίοῦ
3532 5738 3712 5798 καλῶς

449 5829 509 5878 τὸ
541 5827 765 5893 Πνεῦμα
809 5823 962 5892 παρὰ
993 5821 1088 5876 τοῦ
1117 5823 1330 5893 Πατρὸς
1361 5821 1740 5890 ἐκπορεύεται,
1787 5823 1909 5877 ὃθεν
1937 5825 2032 5878 καὶ
2135 5827 2431 5899 φρονοῦσιν
2455 5843 2471 5858 ο
2506 5828 2555 5879 εί
2585 5826 2694 5897 γὰρ
2729 5827 2992 5896 ἐφρόνουν
3016 5827 3190 5896 ὀρθῶς
3221 5827 3352 5898 περὶ
3385 5827 3480 5882 τοῦ
3513 5829 3710 5892 Λόγου,

450 5915 562 5983 ἐγὼ
611 5913 860 5982 ἐξῆλθον.
910 5913 1002 5965 Ἐκ
1040 5913 1134 5966 τοῦ
1187 5915 1397 5982 Πατρὶς
1426 5915 1533 5982 γὰρ
1583 5915 1805 5984 ἐξῆλθον
1839 5917 2030 5978 ἀῖδίως

2135 5919 2398 5991 ἐφρόνουν
2428 5917 2492 5974 ἂν
2521 5918 2686 5987 ὑγιῶς
2721 5918 2814 5972 καὶ
2847 5915 3093 5990 περὶτοῦ
3125 5917 3462 5990 Πνεύματος,
3505 5919 3533 5973 ὅ
3561 5916 3712 5985 παρὰ
