4104 6440
468 463 576 530 637
1459 441 1462 445 ’
1571 459 1943 526 GENNADH
1989 462 2102 527 οι).
2144 460 2662 524 PATRIARCIm
3615 469 3726 533 oss

468 589 506 643 ἁ
543 589 648 659 γὰρ
699 587 760 641 ού
796 587 1125 657 γέγραπται,
1151 587 1212 639 ού
1239 585 1317 639 δεῖ
1347 587 1584 655 φρονεῖν.
1621 605 1640 638 ι
1691 586 1752 638 Ὀ
1777 585 2044 656 Κύριλλος
2072 593 2116 646 Α
2145 584 2420 652 τρέπομεν
2473 583 2684 644 ἑαυτοῖς
2740 581 2770 650 ἡ
2823 583 3030 652 ἑτέροις
3080 581 3110 652 ἦ
3162 582 3308 648 λέξιν
3341 581 3570 652 ἀμεῖψαι
3618 587 3732 641 τῶν

469 686 527 736 ἐν
561 682 638 750 τῷ
689 682 833 736 κατὰ
881 679 1169 736 ’ἰουλιανοῦ
1198 696 1211 710 ·
1243 698 1261 730 ι
1299 678 1371 732 T6
1422 679 1644 747 Πνεῦμα
1679 679 1937 750 ἀρρήτως
1981 679 2045 731 ἐκ
2150 676 2485 746 ἐγκειμένων
2525 676 2728 739 ἐκεῖσε,
2781 676 2814 742 ἢ
2851 676 2979 744 μίαν
3008 673 3139 744 γοῦν
3182 673 3498 744 παραΰῆναι
3531 675 3731 730 συλλα-

466 773 560 830 τοῦ
591 775 804 843 Πατρός
835 771 1236 844 ἐκπορεύεται·
1268 771 1337 825 δι’
1369 770 1496 823 Υίοῦ
1540 770 1597 823 δὲ
1630 773 1943 842 χορηγεῖται
1977 772 2042 839 τῇ
2150 767 2274 837 δήν,
2329 767 2669 837 μεμνημένοι
2727 765 2820 820 τοῦ
2868 766 3137 836 λέγοντος,
3201 767 3291 834 Μή
3331 768 3553 836 μέταιρε
3602 769 3731 837 ὅρια

465 866 660 922 κτίσει.
698 885 716 918 ι
763 865 826 919 '0
874 864 1038 928 αὐτὸς
1082 866 1142 917 ἐν
1180 866 1298 926 ταῖς
1338 865 1419 927 είς
1464 863 1554 917 τὸν
1583 863 1801 918 Δουκᾶν
1847 862 2048 932 ἐξηγή-
2148 857 2365 919 αἰώνια,
2389 857 2426 911 ἁ
2467 857 2651 910 ἔθεντο
2673 857 2721 909 οί
2759 857 3002 928 Πατέρες
3027 874 3120 910 σου
3143 875 3155 888 ·
3182 857 3244 910 ού
3273 858 3380 926 γάρ
3403 853 3546 930 ἦσαν
3572 859 3734 912 αὐτοὶ

463 975 618 1013 σεσι·
674 978 692 1011 ι
758 959 907 1027 Πλὴν
949 957 1129 1010 ἐκεῖνό
1174 974 1376 1027 φαμεν,
1415 956 1477 1010 ού
1529 956 1736 1025 γυμνὸς
1787 954 1883 1009 καὶ
1921 952 2044 1007 καθ’
2147 949 2196 1001 οί
2250 947 2564 1014 λαλοῦντες,
2614 947 2730 1001 ἀλλ’
2759 947 2891 1002 αὐτὸ
2936 948 2996 1002 τὸ
3045 950 3272 1020 Πνεῦμα
3320 948 3414 1001 τοῦ
3464 948 3600 1003 Θεοῦ
3636 951 3732 1003 καὶ

461 1049 656 1104 ἐαυτὸν
686 1050 714 1102 6
768 1049 943 1116 Λόγος
971 1046 1336 1114 ,ἐϐαπτίζετᾳ
1390 1047 1485 1100 καὶ
1516 1043 1838 1116 Πνεύματος
1884 1044 2043 1112 ἁγίου
2152 1040 2386 1108 Πατρός,
2413 1041 2442 1094 ὃ
2471 1040 2829 1110 ἐκπορεύεται
2855 1041 2954 1110 μὲν
2984 1040 3043 1106 ἐξ
3069 1040 3257 1103 αὐτοῦ,
3283 1040 3398 1093 ἔστι
3427 1041 3483 1094 δὲ
3505 1042 3607 1095 ούκ
3637 1041 3732 1094 ἀλ-

465 1140 694 1210 μέτοχος
722 1135 812 1210 ἦν.
850 1140 1037 1208 Ἱσμεν
1063 1138 1172 1208 γάρ
1207 1139 1289 1192 ὃτι
1319 1138 1412 1190 καὶ
1441 1137 1574 1199 Θεός
1623 1137 1741 1190 ἐστι
1773 1137 1867 1190 καὶ
1901 1135 2046 1189 ἀσώ-
2146 1130 2358 1200 λόπριον
2385 1131 2477 1185 τοῦ
2509 1131 2639 1186 Υίοῦ
2671 1131 2810 1186 κατὰ
2838 1130 2930 1185 τὸν
2954 1131 3052 1200 τῆς
3083 1133 3272 1195 οὐσίας
3297 1132 3476 1200 λόγον.
3517 1151 3536 1186 ι

465 1251 656 1301 ματος,
687 1234 779 1286 καὶ
811 1231 982 1300 ἁγίων
1011 1230 1168 1299 ἁγιος
1190 1247 1204 1262 ο
1243 1229 1574 1298 ὁμολογοῦσι
1601 1229 1708 1299 γάρ
1739 1229 1821 1284 δτι
1853 1231 1916 1282 ἐκ
1948 1227 2042 1281 τοῦ
2221 1222 2284 1274 Οἱ
2313 1222 2369 1275 δὲ
2399 1222 2498 1286 τὰς
2530 1223 2696 1286 ἄλλας
2723 1222 2818 1276 τοῦ
2858 1223 3130 1294 Κυρίλλου
3159 1225 3351 1293 ῥήσεις
3383 1223 3733 1294 παρεξηγού-

460 1325 828 1395 πληρώματος
869 1322 1034 1377 αὐτοῦ
1082 1324 1245 1392 ἡμεῖς
1285 1321 1486 1383 πάντες
1520 1321 1808 1390 ἐλάϐομεν.
1847 1319 2043 1373 Ἐκπο-
2151 1331 2322 1382 μενοι,
2373 1307 2480 1368 καῖ’
2523 1315 2662 1384 πρὸς
2689 1314 2792 1384 τὴν
2829 1313 3044 1368 ἑαυτῶν
3095 1315 3412 1386 βιαζόμενοι
3454 1317 3640 1382 δόξαν.
3673 1319 3730 1370 ὲν

461 1417 681 1485 ρεύεται
710 1415 811 1483 μὲν
840 1415 951 1484 γάρ
986 1415 1047 1468 ἐκ
1080 1413 1174 1467 τοῦ
1201 1413 1338 1467 Θεοῦ
1369 1414 1464 1467 καλ⁵
1493 1412 1704 1482 Πατρός
1730 1411 1791 1465 τὺ
1823 1411 2046 1482 Πνεῦμα
2147 1400 2234 1468 αἷς
2267 1405 2407 1458 κατὰ
2439 1404 2534 1458 τοῦ
2561 1406 2860 1475 Νεστορίου
2911 1409 3128 1479 μηχανῇ
3156 1407 3305 1478 πάσῃ
3343 1411 3726 1475 στρατεύεται,

456 1507 516 1558 τὸ
545 1507 721 1573 ἅγιον,
745 1504 858 1557 ἐστι
883 1504 939 1557 δὲ
967 1505 1059 1558 καὶ
1091 1504 1223 1557 ἴδιον
1252 1501 1346 1557 τοῦ
1371 1502 1522 1560 Υίοῦ.
1542 1503 1652 1556 Καὶ
1671 1503 1802 1572 γοῦν
1827 1502 2044 1574 εῖρηται
2148 1494 2451 1564 πάσχουσιν
2488 1495 2517 1548 ὅ
2558 1511 2725 1565 φησιν
2777 1495 3097 1560 Ἀθανάσιος
3125 1497 3362 1568 πάσχειν
3402 1498 3530 1560 τοὺς
3583 1500 3727 1567 μήτε

457 1590 788 1660 πλεισταχοῦ
822 1590 1049 1660 Πνεῦμα
1081 1589 1319 1659 Χριστοῦ
1351 1590 1413 1644 τὸ
1444 1591 1507 1643 ἐκ
1536 1591 1673 1644 Θεοῦ
1700 1591 1795 1644 καὶ
1831 1591 2045 1659 Πατρός
2148 1589 2442 1656 πρόσωπα,
2475 1589 2613 1658 μήτε
2655 1586 2904 1656 καιροὺς,
2934 1588 3074 1658 μήτε
3099 1589 3279 1652 αἰτίας
3315 1590 3728 1660 σκοπουμένους

457 1683 900 1750 ἐκπορευόμενον
950 1682 1201 1750 Πνεῦμα,
1258 1682 1354 1734 καὶ
1400 1683 1748 1755 μαρτυρήσει
1800 1682 1977 1752 λέγων
2015 1686 2044 1736 ό
2145 1681 2266 1742 ταῖς
2315 1679 2424 1732 τῶν
2449 1679 2684 1750 Γραφῶν
2719 1680 3034 1751 ἐξηγήσεσι.
3079 1676 3175 1745 Οἷς
3208 1682 3481 1749 ἐπιτιμῶν
3505 1683 3604 1736 καλ⁸
3633 1683 3727 1736 αύ⁶

459 1771 692 1835 Παῦλος,
723 1771 855 1826 ποτὶ
885 1771 1007 1841 μέν’
1038 1791 1058 1825 ι
1107 1773 1298 1842 Ὑμεῖς
1323 1772 1392 1827 δὲ
1429 1775 1541 1828 οὐκ
1571 1773 1713 1828 ἐστὲ
1743 1773 1813 1828 ἐν
1839 1775 2040 1843 σαρκί,
2144 1771 2232 1833 τὸς
2264 1770 2535 1839 Κύριλλος
2589 1771 2726 1840 αὐτῇ
2765 1771 2910 1838 λέξει
2964 1774 3130 1841 φησίν
3153 1788 3168 1803 ο
3210 1790 3229 1824 ι
3271 1774 3440 1828 Ὅταν
3471 1772 3528 1826 δέ
3581 1788 3729 1831 τινες

455 1867 595 1922 ἀλλ’
638 1867 708 1921 ἐν
756 1866 1070 1936 πνεύματι,
1102 1865 1272 1935 εἴπερ
1316 1865 1558 1934 Πνεῦμα
1601 1866 1750 1921 Θεοῦ
1797 1867 1953 1922 οίκεῖ
1975 1867 2043 1922 ἐν
2073 1929 2109 1936 _
2145 1862 2252 1914 τῶν
2282 1863 2351 1914 τὰ
2383 1862 2522 1933 όρθά
2552 1861 2904 1934 διαστρέφειν
2942 1863 3214 1918 εἰωθότων
3245 1865 3344 1928 τὰς
3376 1863 3516 1932 ἐμὰς
3546 1880 3730 1933 παρα·

455 1959 599 2029 ὑμῖν
628 1977 640 1989 ·
672 1961 726 2013 εί
755 1958 826 2022 δέ
849 1929 938 2026 τις
971 1929 1514 2029 Πνεῦμα-Χριστοῦ
1542 1959 1656 2014 οὐκ
1687 1958 1832 2028 ἔχει,
1862 1955 2041 2027 οὗτος
2073 1929 2114 1986 Β
2147 1957 2390 2028 τρέπωσι
2416 1929 2606 2028 φωνὰς
2635 1929 2805 2023 είς-τό
2830 1959 3016 2024 αὐτοῖς
3044 1957 3259 2025 δοκοῦν,
3296 1960 3372 2029 μὴ
3397 1929 3728 2028 θαυμαζέτω

452 2055 565 2108 οὐκ
593 2055 767 2107 ἐστιν
793 2051 981 2106 αὐτοῦ
1006 2067 1022 2084 α
1060 2069 1080 2104 ι
1114 2051 1208 2105 καὶ
1239 2050 1402 2105 πάλιν
1424 2067 1438 2084 ο
1476 2052 1608 2106 Ὅτι
1634 2052 1703 2108 δέ
1725 2052 1866 2107 ἐστε
1898 2053 2036 2118 υἱοί,
2145 2049 2303 2104 τοῦτο
2335 2051 2369 2120 ἡ
2401 2050 2467 2121 σὴ
2496 2051 2736 2124 ὁσιότης,
2766 2051 2939 2106 εἰδυῖα
2964 2033 3045 2106 ὅτι
3077 2051 3175 2106 καὶ
3213 2051 3263 2105 οί
3293 2051 3403 2105 ἀπὸ
3431 2051 3616 2123 πάσης
3642 2053 3728 2104 αί-

450 2142 886 2207 ἐξαπέστειλεν
909 2145 942 2196 ὁ
965 2141 1112 2208 Θεὸς
1138 2143 1204 2196 τὸ
1238 2141 1482 2212 Πνεῦμα
1528 2143 1636 2198 τοῦ
1677 2144 1816 2199 Υἱοῦ
1847 2143 2038 2201 αὐτοῦ
2149 2143 2350 2213 ρέσεως
2375 2145 2442 2196 ἐκ
2467 2143 2565 2215 τῆς
2594 2145 2956 2199 θεοπνεύστου
2988 2145 3214 2214 Γραφῆς
3257 2143 3359 2206 τάς
3387 2141 3488 2212 τῆς
3513 2143 3726 2197 ἑαυτῶν

447 2239 537 2298 είς
569 2236 676 2302 τὰς
719 2233 972 2305 καρδίας
1020 2233 1188 2304 ὑμῶν
1215 2233 1455 2303 κρᾶζον,
1511 2234 1689 2291 Ἀὄόᾶ
1723 2239 1756 2291 ό
1809 2236 2036 2304 Πατήρ.
2145 2234 2356 2306 πλάνης
2385 2235 2734 2306 συλλέγουσιν
2755 2238 3030 2308 ἀφορμὰς,
3058 2237 3124 2291 τά
3145 2235 3232 2289 διά
3255 2232 3349 2288 τοῦ
3373 2233 3532 2302 ἁγίου
3559 2233 3728 2288 Πνεύ⁹

451 2327 665 2381 Ούκοῦν
689 2327 1054 2397 ἐκπορεύεται
1091 2325 1210 2397 μὲν,
1243 2326 1320 2389 ὡς
1353 2325 1514 2396 ἐφην,
1551 2327 1616 2380 ἐκ
1651 2325 1748 2381 τοῦ
1779 2326 1916 2382 Θεοῦ
1943 2329 2038 2381 καί
2148 2342 2316 2396 ματος
2373 2327 2549 2396 ὀρθῶς
2583 2328 2852 2399 εἰρημένα
2883 2330 2995 2391 τοῖς
3030 2326 3244 2381 ἑαυτῶν
3285 2328 3601 2390 κακονοίαις
3631 2344 3729 2378 πα-

450 2420 668 2489 Πατρδς
713 2418 776 2471 τὸ
831 2417 1069 2488 Πνεῦμα·
1097 2419 1159 2472 το
1213 2418 1390 2487 ἅγιον,
1436 2421 1666 2490 χορηγεῖ
1711 2419 1770 2478 δὲ
1801 2419 1936 2473 αὐτὸ
1965 2421 2035 2491 τῇ
2146 2421 2558 2492 ραφθείροντες,
2604 2421 2697 2474 καὶ
2739 2423 2863 2486 ταῖς
2910 2422 3069 2485 ίδίαις
3105 2424 3371 2492 κεφαλαῖς
3404 2423 3504 2492 τὴν
3561 2419 3726 2477 ἄσϐε-

449 2513 648 2577 κτίσει,
677 2511 772 2565 καὶ
803 2510 988 2566 δίδωσι
1015 2511 1128 2570 τοῖς
1160 2510 1355 2576 ἀξίοις,
1385 2511 1460 2575 ὡς
1495 2509 1657 2580 φύσει
1691 2527 1751 2564 τε
1781 2512 1876 2567 καὶ
1904 2512 2037 2582 ἁλη-
2147 2527 2271 2564 στον
2305 2510 2710 2576 ἀπαντλοῦντες
2736 2511 2930 2582 φλόγα.
2972 2532 2990 2565 ι
3025 2513 3082 2566 Ἐ
3095 2514 3149 2567 πὶ
3170 2514 3379 2578 τούτοις
3402 2515 3431 2568 6
3451 2513 3726 2584 μακάριος

447 2606 556 2669 θῶς
602 2605 752 2670 Υίὺς,
799 2605 828 2659 6
861 2604 1159 2674 μονογενὴς
1207 2602 1375 2658 αὐτοῦ
1429 2603 1625 2672 Λόγος,
1659 2606 1753 2658 καὶ
1796 2607 1909 2668 τοῖς
1940 2588 2033 2659 τοῦ
2143 2603 2502 2671 Δαμασκηνός
2527 2618 2540 2632 ⁸
2582 2620 2600 2654 ι
2635 2603 2805 2658 Τοῦτο
2835 2605 2993 2674 ἡμῖν,
3030 2606 3185 2676 φησὶ,
3215 2605 3276 2659 τὸ
3303 2605 3724 2675 λατρευόμενον,

448 2698 665 2768 Πατρός
697 2697 978 2765 ἀξιώμασι
1003 2696 1345 2767 διαπρέπων.
1373 2717 1391 2748 ι
2143 2692 2334 2763 Πατὴρ
2361 2693 2492 2746 Υἱοῦ
2526 2695 2809 2764 γεννήτωρ
2853 2695 3171 2765 ἀγέννητος,
3204 2697 3265 2749 ού
3311 2696 3420 2767 γάρ
3455 2698 3518 2750 ἔκ
3551 2714 3720 2759 τινος.

528 2795 590 2848 '0
616 2793 778 2857 αὐτὸς
809 2794 867 2848 ἐν
887 2795 954 2864 τῇ
985 2792 1241 2864 ἐξηγήσει
1270 2791 1385 2859 τοῦ,
1418 2793 1606 2850 Ὅταν
1627 2793 1777 2861 ἔλθῃ
1803 2807 1815 2822 ο
1853 2811 1870 2844 ι
1901 2793 2034 2863 Φελη
2143 2785 2269 2849 Υίὸς
2306 2786 2398 2840 τοῦ
2435 2789 2647 2858 Πατρός
2682 2789 2935 2858 γέννημα
2968 2789 3044 2851 ὼς
3085 2788 3144 2856 ἐξ
3177 2788 3342 2843 αὖθτοῦ
3386 2789 3724 2860 γεγεννημέ-

443 2882 744 2953 τοιγαροῦν
775 2883 907 2952 ἡμῖν
948 2882 982 2951 ἡ
1018 2881 1274 2952 ἀλήθεια,
1302 2883 1398 2936 καὶ
1440 2882 1507 2936 τὰ
1537 2883 1600 2936 ἐκ
1640 2883 1742 2952 τῆς
1773 2883 2034 2952 ἀληθείας
2141 2891 2254 2940 νος,
2285 2875 2514 2946 Πνεῦμα
2543 2877 2701 2946 ἅγιον
2731 2878 2826 2931 τοῦ
2859 2879 2995 2934 Θεοῦ
3025 2878 3116 2933 καὶ
3151 2879 3386 2949 Πατρδς.
3420 2880 3497 2943 ὡς
3528 2882 3593 2946 ἐξ
3623 2881 3721 2936 αὖ·

445 2977 719 3045 δόγματα,
759 2973 856 3027 κιιιλ⁷
910 2973 1094 3037 αὐτοῖς
1139 2975 1372 3037 ἐκείνοις
1423 2975 1586 3043 ἡμεῖς
1616 2973 1711 3042 οὐχ
1753 2959 2028 3044 Ϊὲψόμεθα,
2139 2969 2236 3022 τοῦ
2288 2970 2750 3039 ἐκπορευόμενον.
2788 2971 2966 3042 Ὅπερ
3019 2973 3112 3027 καὶ
3150 2973 3244 3026 τοῦ
3301 2972 3433 3026 Υἱοῦ
3475 2973 3720 3042 λέγεται,

445 3068 548 3136 τὴν
595 3066 654 3119 δὲ
700 3065 810 3119 τῶν
837 3065 1011 3133 ἁγίων
1069 3065 1328 3134 Πατέρων
1367 3063 1778 3135 ίχνηλατοῦντες
1825 3067 2031 3130 πίστιν,
2139 3061 2211 3124 ὡς
2240 3061 2308 3114 δι’
2341 3061 2506 3114 αὑτοῦ
2547 3062 2957 3134 φανερούμενον
2988 3064 3082 3117 καὶ
3127 3065 3194 3134 τῇ
3233 3065 3408 3118 κτίσει
3443 3066 3722 3134 μεταδιδό-

446 3162 578 3217 ίδιον
610 3155 749 3214 εἷναί
772 3175 956 3229 φαμεν
976 3156 1071 3210 τοῦ
1093 3157 1224 3210 Υίοῦ
1252 3157 1344 3211 τδν
1367 3157 1749 3228 Παρὰκλητον,
1780 3158 2030 3212 τουτέστι
2143 3171 2327 3223 μενον,
2361 3153 2476 3210 ἀλλ’
2508 3155 2608 3208 ούκ
2652 3156 2712 3220 ἐξ
2741 3156 2904 3210 αὐτοῦ
2932 3157 3056 3227 ἔχον
3087 3157 3184 3227 τήν
3213 3157 3466 3227 ὓπαρξιν.
3516 3177 3534 3209 ι
3575 3160 3720 3227 Παρ-

443 3257 508 3309 τδ
543 3253 772 3321 Πνεῦμα
809 3252 868 3306 τὸ
907 3251 1087 3320 ἁγιον,
1115 3252 1210 3304 καί
1242 3253 1344 3304 οὐκ
1375 3253 1857 3322 ἐπεισκρινόμενον
1897 3253 2032 3320 ἔξω·
2056 3287 2104 3352 C
2144 3248 2266 3352 ίημι
2315 3251 2413 3312 τὰς
2455 3248 2619 3311 ἄλλοις
2661 3249 2828 3303 αὖ*τοῦ
2861 3251 3048 3321 ῥήσεις
3095 3252 3487 3321 φανερωτάτας
3527 3252 3716 3316 οὔσας-

443 3346 561 3408 θεν,
590 3343 702 3398 οὐδ’
734 3341 1029 3412 ἐπίκτητον
1053 3344 1112 3396 ἐν
1155 3341 1324 3411 αύτῷ,
1359 3343 1614 3411 καθάπερ
1656 3343 1804 3396 ἐστὶν
1833 3344 1890 3396 ἐν
1919 3347 2032 3408 τοῖς
2061 3339 2102 3352 “
2148 3339 2208 3393 '0
2240 3341 2513 3410 μακάριος
2576 3343 2800 3412 Κρήτης
2863 3344 3159 3413 Ἀνδρέας·
3207 3363 3225 3396 ι
3281 3345 3391 3398 Καὶ
3436 3345 3546 3416 γὰρ
3599 3345 3719 3400 ούδέ

441 3441 542 3507 τῆς
573 3435 863 3505 ἁγιότητος
887 3434 1178 3502 δεκτικοῖς,
1212 3431 1294 3497 οῖς
1325 3438 1420 3490 καὶ
1461 3435 1527 3489 ἐκ
1564 3435 1641 3504 μὴ
1673 3435 1844 3489 όντων
1875 3439 1906 3506 ἡ
1940 3440 2034 3504 γέ·
2135 3429 2284 3482 ἐστιν
2314 3432 2508 3497 ἄλλως,
2537 3433 2569 3502 ἦ
2597 3436 2656 3485 ἐν
2683 3435 2761 3504 τῷ
2801 3434 2914 3505 Υίῴ
2943 3436 3036 3490 τὸν
3069 3435 3313 3506 Πατέρα,
3344 3437 3377 3507 ἡ
3412 3438 3469 3488 ἐν
3493 3437 3572 3508 τῷ
3606 3441 3716 3493 Παο

446 3545 615 3591 νεσις,
647 3523 766 3580 ἀλλ’
816 3523 1106 3596 ὀμοούσιον
1159 3523 1348 3590 αὐτοῦ,
1401 3524 1651 3594 καθάπερ
1702 3524 1893 3594 ἀμέλει
1939 3525 2031 3580 καὶ
2134 3522 2223 3590 τρὶ
2259 3523 2349 3576 τόν
2376 3524 2504 3580 Υἱδν
2543 3526 2979 3597 ἐνοπτρίζεσθαι,
3033 3529 3159 3600 ἢέν
3203 3530 3280 3602 τῷ
3329 3532 3614 3602 Πνεύματι
3642 3532 3720 3598 τῷ

443 3617 543 3671 τοῦ
586 3617 822 3689 Πατρός.
886 3615 1045 3671 Οὕτω
1081 3617 1190 3686 γάρ
1221 3616 1289 3668 διν
1315 3617 1415 3669 ούκ
1461 3617 1541 3676 είς
1577 3616 1839 3671 πολύθεον
1901 3618 2034 3687 ἡμῖν
2136 3614 2297 3682 ἁγίῳ,
2333 3615 2360 3668 δ
2395 3615 2544 3686 παρά
2577 3619 2676 3672 τοῦ
2727 3619 2940 3692 Πατρὸς
2970 3622 3334 3694 ἐκπορεύεται
3361 3625 3484 3694 μὲν,
3517 3626 3635 3696 Υἱῷ
3665 3626 3718 3680 δὲ

444 3710 771 3780 μυθολογίαν
800 3711 836 3780 ἡ
882 3709 998 3762 τῶν
1025 3708 1500 3781 ἐκκλησιαστικῶν
1547 3708 1834 3778 δογμάτων
1869 3711 2026 3780 οἰχή-
2138 3707 2259 3760 κατ’
2289 3706 2477 3760 οὐσίαν
2514 3706 2890 3781 ἐμφιλοχωρεῖ
2920 3713 3016 3766 καὶ
3045 3713 3429 3769 ἀναπέπαυται
3469 3716 3546 3779 ὡς
3581 3721 3714 3786 ὁμο-

443 3819 596 3856 σεται
625 3802 880 3873 δύναμις,
929 3801 1048 3854 ἀλλ’
1069 3802 1151 3864 είς
1193 3799 1289 3854 ἐνα
1338 3801 1594 3871 θεότητος
1622 3799 1782 3868 λόγον
1812 3801 1845 3871 ἡ
1895 3801 2028 3868 ἁγία
2135 3798 2320 3852 ούσιον
2355 3799 2560 3868 ἀμφοῖν
2591 3802 2685 3856 καὶ
2716 3802 3013 3872 όμόθρονον
3039 3807 3134 3860 καὶ
3167 3808 3450 3878 ὁμότιμον.
3476 3828 3496 3864 ι

441 3895 616 3966 Tm“
673 3895 1095 3964 ἀπαφίγγεται,
1137 3914 1157 3947 ,
1210 3896 1300 3948 Ἐν
1347 3895 1532 3965 ταυτῷ
1586 3895 1881 3964 τοιγαροῦν
1935 3893 2031 3946 καὶ
2207 3891 2458 3960 Παρίημι
2512 3891 2613 3956 τὰς
2666 3893 2762 3947 τοῦ
2815 3897 3085 3968 μακαρίου
3134 3899 3230 3954 τοῦ
3282 3900 3564 3971 Θεοδώρου
3620 3901 3714 3958 τοῦ

441 3987 540 4055 τῆς
557 3985 745 4048 ούσίας
759 3985 862 4057 τὴν
885 3986 1118 4057 ἐνότητα
1143 3985 1538 4056 παραδεικνὺς,
1569 3984 1767 4040 ἑαυτοῦ
1794 3984 1854 4038 τέ
1881 4002 2024 4056 φημι
2134 3981 2412 4052 Γραπτοῦ,
2447 3984 2544 4036 καὶ
2575 3983 2671 4038 τοῦ
2706 3986 2866 4051 ἁγίου
2895 3989 2991 4044 τοῦ
3026 3992 3367 4064 πατριάρχου
3399 3995 3589 4065 ῥήσεις
3617 3997 3714 4050 Νι-

441 4079 537 4130 καὶ
567 4077 669 4148 τήν
694 4077 784 4130 τοῦ
811 4074 947 4131 Θεοῦ
979 4077 1073 4130 καὶ
1107 4075 1344 4146 Πατρός,
1375 4073 1601 4143 Πνεῦμα
1635 4075 1734 4144 τῆς
1767 4073 2030 4144 ἀληθείας
2132 4073 2376 4143 κηφόρου
2403 4093 2415 4105 ·
2446 4075 2561 4128 ἀλλ’
2592 4078 2711 4132 ἀντὶ
2742 4079 2946 4133 τούτων
2978 4082 3235 4140 ἁπάντων
3264 4085 3494 4154 ἀρκέσει
3529 4088 3713 4158 ιαύτήν

440 4169 534 4221 τὸν
568 4165 928 4238 Παράκλητον
965 4162 1108 4222 εἶναι
1150 4167 1350 4236 λέγων,
1381 4167 1534 4237 πσρά
1571 4166 1665 4220 τοῦ
1695 4165 1906 4236 Πατρδς
1939 4167 2029 4218 ἐκ·
2133 4167 2475 4236 παραλαϐεῖν
2525 4171 2624 4240 τὴν
2671 4171 2714 4236 ζ’
2755 4173 2996 4240 σύνοδον,
3054 4173 3244 4247 ὥσπερ
3286 4177 3712 4249 ἐπισφραγίζου-

441 4258 773 4330 πορεύεσθαί
803 4276 994 4328 φησιν,
1028 4258 1325 4330 ἀπελέγχει
1351 4276 1411 4312 τε
1443 4259 1632 4328 σαφῶς
1659 4259 1756 4314 καὶ
1789 4261 2031 4328 ἀναμφι-
2133 4275 2252 4313 σαν.
2295 4261 2594 4334 Ἐκθεμένη
2630 4264 2736 4336 γὰρ
2787 4267 2845 4319 ἐν
2889 4267 2968 4337 τῷ
3012 4267 3214 4337 ἑαυτῆς
3247 4269 3361 4340 ὅρῳ
3389 4270 3449 4323 τὸ
3492 4271 3592 4342 τῆς
3625 4272 3713 4325 πί-

440 4352 646 4415 λέκτως
690 4351 961 4422 θεομὰχον
1004 4351 1321 4421 ὁλοκλήρως
1367 4351 1460 4403 τὸν
1510 4350 1915 4421 Χριστομάχον.
1970 4348 2029 4403 '0
2133 4367 2304 4416 στεως
2364 4353 2663 4421 Σύμϐολον,
2693 4359 3002 4412 τελευτῶσά
3064 4377 3265 4430 φησιν·
3323 4381 3341 4412 ι
3403 4363 3591 4429 Ἡμεῖς
3644 4364 3708 4433 τῇ

440 4446 550 4513 γὰρ
579 4444 716 4505 ὅλως
744 4444 1100 4512 ἐμπαροινεῖν
1133 4441 1400 4512 ἐθελήσας
1445 4442 1524 4512 τῷ
1548 4441 1663 4512 Υίῷ
1696 4441 2028 4512 πεπλημμε-
2131 4443 2335 4514 ἀρχαίᾳ
2368 4443 2699 4517 θεσμοθεσία
2745 4451 2846 4520 τῆς
2878 4450 3175 4520 καθολικῆς
3219 4453 3550 4523 Ἐκκλησίας
3583 4459 3713 4508 ἐπα-

439 4534 625 4604 ληκὼς
650 4533 718 4587 ἂν
750 4533 977 4597 είκότως
1007 4535 1100 4586 καὶ
1129 4535 1208 4597 είς
1239 4534 1404 4588 αὐτὸν
1442 4536 1615 4587 νοοῖτο
1646 4535 1737 4588 τὸν
1772 4533 1832 4599 ἐξ
1855 4529 2027 4604 οὗπέρ
2132 4534 2494 4605 κολουθοῦμεν
2545 4551 2560 4568 ⁸
2621 4541 2783 4609 ἡμεῖς
2845 4541 2973 4606 τοὺς
3035 4541 3276 4611 θεσμοὺς
3351 4546 3460 4597 τῶν
3543 4545 3712 4599 Πατέο

441 4631 618 4681 ἐστιν.
653 4627 829 4679 Ὅταν
876 4626 1058 4678 τοίνυν
1088 4625 1219 4697 ἔλθῃ
1251 4627 1279 4679 6
1310 4625 1687 4697 Παράκλητος,
1717 4625 1778 4680 τὸ
1800 4624 2026 4692 Πνεῦμα
2056 4645 2100 4702 ι)
2134 4642 2244 4696 ρων
2311 4629 2657 4702 φυλάττομεν
2680 4648 2694 4662 ο
2755 4634 2918 4704 ἡμεῖς
2969 4640 3095 4697 τοὺς
3157 4637 3552 4705 προστιθέντας
3597 4656 3648 4690 τι
3679 4637 3710 4705 ἦ

438 4718 539 4787 τῆς
567 4715 848 4788 ἀληθείας,
878 4716 1130 4771 τουτέστι
1183 4716 1244 4769 τὸ
1303 4716 1518 4787 ἐμὸν,δ
1569 4717 1719 4789 παρά
1776 4717 1872 4770 τοῦ
1917 4718 2027 4770 Πα-
2128 4719 2499 4792 ἀφαιροῦντας
2541 4725 2607 4778 ἐκ
2648 4727 2748 4797 τῆς
2793 4726 3095 4796 καθολικῆς
3138 4726 3470 4798 Ἐκκλησίας
3518 4731 3708 4784 ἀναθε-

439 4809 570 4878 τρδς
615 4807 1007 4878 ἐκπορεύεται,
1041 4809 1250 4872 ἐκεῖνος
1280 4809 1622 4880 μαρτυρήσει
1655 4810 1783 4881 περὶ
1811 4808 1969 4880 ἐμοῦ.
2000 4827 2018 4860 ο
2132 4813 2433 4885 ματίζομεν
2455 4831 2472 4848 ο
2500 4815 2674 4870 ταῦτα
2718 4816 2814 4871 τοῦ
2845 4813 3426 4889 ἡμετέρουΔεσπότου
3479 4823 3571 4875 καὶ
3601 4820 3707 4872 τῶν

453 4899 513 4954 ’0
545 4901 708 4964 αὐτὸς
736 4902 794 4954 ὲν
821 4902 888 4972 τῇ
921 4900 964 4954 θ’
988 4899 1141 4955 λύσει
1176 4899 1440 4972 μέμψεως
1484 4900 1578 4955 τοῦ
1627 4901 1974 4975 Θεοδωρήτου
2002 4920 2018 4936 ο
2131 4904 2298 4958 αὑτοῦ
2332 4908 2596 4978 μαθητῶν
2626 4910 2853 4963 καὶτῶν
2889 4911 3293 4982 οίκουμενικῶν
3326 4913 3582 4972 συνόδων,
3619 4913 3710 4964 καὶ

444 5012 462 5044 ι
503 4992 895 5065 Ἐκπορεύεται
936 4993 1035 5063 μὲν
1061 4992 1170 5064 γὰρ
1198 4993 1264 5045 ἐκ
1300 4992 1395 5046 τοῦ
1429 4993 1564 5048 Θεοῦ
1598 4996 1695 5049 καὶ
1724 4995 1935 5065 Πατρδς
1962 4995 2025 5048 τὸ
2127 4996 2238 5050 τῶν
2263 4998 2322 5051 ἐν
2353 4999 2545 5062 αύταῖς
2575 5000 3003 5072 διαπρεψὰντων
3034 5005 3313 5072 Πατέρων,
3349 5006 3406 5058 ἐν
3433 4999 3512 5065 οἷς
3541 5020 3599 5056 τε
3633 5001 3709 5061 είς

439 5087 666 5158 Πνεῦμα
717 5087 778 5140 τό
809 5086 967 5155 ἁγιον
1020 5084 1166 5138 κατὰ
1214 5083 1314 5156 τὴν
1366 5083 1465 5137 τοῦ
1521 5085 1780 5157 Σωτῆρος
1811 5085 2019 5156 φωνὴν,
2127 5087 2189 5140 τὸ
2218 5087 2398 5142 κοινὸν
2437 5088 2778 5158 ὡμολόγουν,
2809 5093 2905 5146 καὶ
2932 5094 2991 5146 ἐν
3027 5087 3111 5156 οἷς
3144 5093 3252 5163 ἰδία
3279 5093 3380 5164 τήν
3417 5093 3600 5163 κοινὴν
3624 5089 3709 5144 πί-

438 5178 557 5233 ἁλλ’
589 5181 689 5233 οὐκ
732 5177 1015 5247 ἀλλότριόν
1046 5179 1163 5230 ἐστι
1203 5176 1298 5232 τοῦ
1335 5176 1470 5232 Υίοῦ
1494 5190 1511 5208 ο
1542 5176 1722 5232 πάντα
1763 5177 1874 5248 γὰρ
1907 5176 2024 5247 ἔχει
2127 5193 2251 5230 στιν
2277 5179 2602 5248 παρεδίδουν
2622 5184 2737 5245 τοῖς
2762 5183 3056 5254 μαθηταῖς,
3079 5183 3155 5247 ὡς
3174 5186 3230 5238 ἐν
3256 5183 3501 5255 ίστορίας
3523 5183 3705 5254 τρόπῳ

437 5273 578 5344 μετὰ
622 5271 716 5326 τοῦ
748 5271 981 5341 Πατρός.
1016 5291 1035 5324 ι
1072 5270 1184 5324 Καὶ
1236 5269 1402 5324 πάλιν
1453 5270 1512 5322 ἐν
1562 5271 1676 5331 τοῖς
1723 5270 1860 5338 πρὸς
1893 5269 2022 5339 Ἐρ-
2128 5269 2437 5336 διεξιόντων
2484 5271 2578 5326 καὶ
2627 5273 2991 5330 διδασκόντων
3039 5277 3208 5346 ἡμᾶς.
3244 5277 3438 5340 Καλῶς
3483 5279 3591 5351 ἄρα
3617 5275 3707 5331 καὶ

440 5366 602 5437 μείαν
627 5380 643 5395 ο
682 5386 700 5416 ι
739 5365 974 5434 Προῖησι
1003 5363 1104 5433 μὲν
1131 5362 1190 5429 ἐξ
1224 5362 1363 5425 ίδίας
1390 5361 1562 5415 αὐτοῦ
1595 5361 1811 5430 φύσεως
1841 5361 1870 5413 6
1907 5363 2023 5415 Πα-
2127 5363 2178 5415 οί
2234 5363 2373 5432 μετὰ
2403 5363 2503 5434 τήν
2535 5366 2592 5417 ἐν
2643 5366 2908 5436 Συμδόλῳ
2959 5369 3336 5441 γεγενημένην
3394 5373 3707 5443 προσθήκην

437 5458 563 5527 τὴρ,
593 5458 817 5527 χορηγεῖ
849 5456 905 5509 δέ
951 5458 1064 5517 τοῖς
1105 5455 1276 5518 ἀξίοις
1321 5454 1416 5508 καὶ
1445 5454 1609 5517 αὐτὸς
1651 5457 1679 5509 6
1709 5454 1860 5517 Υίός.
1900 5471 1918 5504 ι
1963 5454 2054 5506 '0-
2131 5454 2376 5525 Πατέρες
2403 5456 2562 5525 ἡμῶν
2585 5456 2673 5510 διὰ
2700 5456 2906 5529 πολλῆς
2943 5461 3003 5513 ἐν
3035 5461 3312 5525 τοσούτοις
3347 5463 3561 5533 χρόνοις
3588 5465 3705 5514 ἐπι-

437 5549 598 5611 αὐτὸς
623 5550 682 5600 ἐν
706 5550 773 5619 τῇ
803 5547 938 5618 πρὸς
973 5545 1228 5615 Ὶωὰννην
1252 5547 1346 5599 τὸν
1375 5543 1713 5614 ’Δντιοχείας
1737 5544 2022 5615 ἐπιστολῇ·
2127 5545 2376 5612 στασίας,
2430 5545 2613 5614 λόγοις
2665 5564 2726 5602 τε
2757 5549 2854 5603 καὶ
2907 5555 3278 5622 συγγραφαῖς,
3320 5555 3416 5607 καὶ
3480 5553 3701 5625 αἴμασιν

441 5659 462 5692 ι
501 5640 638 5693 Κατ’
662 5639 857 5691 οὐδένα
894 5638 1099 5706 τρόπον
1146 5635 1473 5692 σαλεύεσθαι
1504 5636 1642 5707 πρός
1692 5651 1856 5689 τινων
1899 5636 2021 5690 ἁνε-
2124 5637 2363 5707 ἔδειξαν,
2397 5641 2570 5710 αὐτὴν
2596 5643 2697 5694 οζκ
2731 5641 3146 5714 ἀποδεχόμενοι,
3181 5645 3280 5700 ἁτε
3323 5645 3402 5718 μὴ
3435 5647 3573 5716 πρὸς
3615 5642 3701 5696 τὸν

433 5730 644 5800 χόμεθα
685 5730 786 5799 τὴν
811 5730 1125 5800 ὁρισθεῖσαν
1168 5729 1376 5794 πίστιν,
1407 5728 1526 5797 ἡτοι
1563 5727 1624 5781 τὸ
1652 5727 1752 5793 τῆς
1785 5727 2023 5793 πίστεως
2127 5732 2294 5786 αύτδν
2329 5734 2444 5797 τοῖς
2471 5736 2896 5805 προειρημένοις
2927 5737 3206 5809 φέρουσαν
3235 5738 3382 5792 νοῦν.

435 5820 716 5886 Σύμοολον
743 5821 807 5872 τὸ
834 5821 985 5888 παρά
1015 5821 1123 5872 τῶν
1149 5821 1320 5889 ἁγίων
1348 5819 1609 5889 Πατέρων
1640 5820 1799 5890 ἡμῶν
1825 5820 1935 5876 τῶν
1963 5823 2021 5875 ἐν
2197 5823 2308 5887 Τὰς
2346 5823 2404 5877 δὲ
2436 5825 2624 5895 ῥήσεις
2656 5825 2723 5889 ἃς
2756 5827 2806 5880 οί
2825 5826 2924 5897 τὴν
2953 5828 3278 5901 προσθήκην
3305 5827 3702 5885 διεκδικοῦντες

435 5909 642 5976 Νικαία
680 5910 1040 5964 συνελθόντων
1091 5913 1233 5965 κατὶι
1270 5910 1519 5981 καιροὺς,
1570 5911 1694 5965 οὔτε
1745 5913 1848 5982 μὴν
1899 5917 2024 5968 ἐπι-
2093 5901 2554 5984 ’παρεὸιὰζοντο,
2588 5917 2726 5982 πρὸς
2769 5919 2960 5975 τοῦτον
3001 5923 3246 5983 εὐσεϐῶς
3275 5925 3369 5978 τὸν
3405 5921 3583 5976 κοινὸν
3613 5929 3706 5970 καθ’
