4104 6400
421 353 528 416 689

1351 353 1448 414 DE
1481 351 2010 413 PROCESSIONE
2055 308 2419 416 smmws
2454 357 2748 420 SANCTI.

3575 357 3684 421 690

417 472 543 524 νόνα
567 468 670 537 τῆς
704 467 939 530 πίστεως
971 468 1233 523 εἵλκυσαν
1257 470 1400 526 πάνυ
1433 471 1686 541 ἑκούσας,
1719 475 1820 528 οὐκ
1842 476 1994 528 αντιφ
2027 491 2074 548 Δ
2101 473 2196 528 τοῦ
2227 471 2359 526 Υἰοῦ
2385 471 2531 543 ἔχειν
2558 471 2634 537 ώς
2663 472 2839 542 ἀρχῆς
2857 471 2968 532 ,καί
2996 473 3171 528 αἰτίου
3194 473 3254 526 τὸ
3279 471 3523 542 Πνεῦμα,
3552 473 3684 524 ἀκυ-

419 561 715 624 ϐαινούσας
753 561 844 613 καὶ
869 559 962 631 βία
984 561 1287 629 ἑλκομένας
1311 561 1501 632 ὥσπερ
1528 565 1585 616 ὲν
1610 563 1728 626 ταῖς
1762 563 1871 616 τῶν
1899 564 1997 618 ἄλ-

419 655 528 708 λων
559 651 990 722 παρεξηγήσεσι.
1021 652 1247 716 Τούτοις
1276 653 1370 706 καὶ
1392 655 1420 706 ό
1452 653 1721 725 μακάριος
1752 657 1997 726 συνεφώ-

421 762 551 815 νησε
593 744 842 815 Μάρκος,
874 745 904 796 ό
939 745 1038 813 τῆς
1073 742 1338 812 Ἐφεσίων
1364 744 1590 815 ποιμὴν,
1624 744 1853 816 ἔξαρχος
1899 747 2000 816 τῆς

425 840 482 892 ὲν
507 837 954 908 Φλωρεντίᾳ’τῶν
977 839 1266 914 ἡμετέρων
1299 839 1685 901 συνελεύσεως,
1713 839 1806 892 καὶ
1839 840 2000 908 μόνος

424 931 801 1001 ἠγωνισμένος
833 929 974 1000 ὑπὲρ
1001 931 1103 998 τῆς
1137 928 1245 984 τῶν
1281 929 1542 1000 Πατέρων
1561 929 1743 1000 δόξης,
1777 931 1870 984 καὶ
1903 931 2000 1000 μό-

423 1040 514 1087 νος
569 1025 628 1078 ἓν
665 1025 733 1094 τῇ
782 1022 920 1094 καλῇ
962 1023 1214 1077 ὲνστάσει
1257 1022 1700 1096 διαμεμενηκῲς,
1758 1025 1852 1077 καὶ
1888 1025 2004 1086 τοῖς

428 1114 748 1168 πεπτωκόσι
781 1117 881 1184 τῆς
918 1114 1213 1184 έπαινετῆς
1249 1115 1552 1185 μεταϐολῆς
1586 1117 1878 1184 γενόμενος
1918 1117 2005 1170 αῐ-

427 1223 564 1269 τιος.
598 1205 782 1259 Ταῦτα
817 1206 1079 1276 ἐφρόνουν
1133 1207 1182 1260 οί
1231 1207 1318 1275 ἐφ’
1345 1206 1503 1276 ἡμῶν
1543 1208 1678 1276 ἱεροὶ
1715 1209 1812 1261 καὶ
1847 1209 2002 1274 σοφοὶ

430 1299 650 1368 ἄνδρεςο
683 1290 759 1350 ὧν
787 1297 888 1350 οὐκ
915 1291 1014 1350 οἶδ’
1048 1297 1196 1361 ὅπως
1220 1299 1278 1350 έν
1309 1295 1503 1367 βραχεί
1535 1298 1714 1368 χρόνῳ
1741 1301 1839 1368 τῆς
1865 1300 2002 1352 ἀπο-

430 1388 632 1456 δημίας
681 1387 895 1455 ἐκείνης
945 1385 1330 1456 μελετωμένης
1369 1388 1588 1442 πάντων
1645 1390 2005 1459 ἀρπαγέντων

431 1482 511 1541 εἰς
545 1478 636 1532 τὸν
671 1478 780 1532 τῶν
801 1478 1215 1548 προειληφότων
1245 1483 1532 1550 μακαρίων
1561 1480 1741 1549 χορόν.

501 1570 567 1624 Τί
599 1570 785 1624 λοιπὸν
799 1566 954 1640 ·ἦν,ῆ
987 1559 1055 1624 τὸ.
1078 1573 1425 1641 γεγενημένα
1455 1571 1812 1641 συμϐαίνεινς
1848 1575 2008 1642 ἀρκεῖ

433 1661 543 1732 γάρ
576 1661 748 1724 οὓτως
775 1661 953 1715 εἰπεῖν
978 1679 992 1695 ·
1024 1663 1200 1726 οὕτως
1239 1663 1334 1716 καὶ
1373 1662 1537 1727 αὐτὸς
1583 1665 1766 1732 φρονῶ
1813 1667 1876 1733 τῇ
1911 1664 2004 1717 τοῦ

430 1753 671 1825 Χριστοῦ
703 1755 906 1825 χάριτι,
942 1754 1042 1821 τὴν
1078 1755 1177 1823 μὲν
1239 1753 1379 1824 μετὰ
1429 1756 1648 1808 πάντων
1698 1753 2007 1825 ἀνθρώπων

432 1847 660 1916 εἰρήνην
709 1844 890 1917 ζητῶν
935 1845 1031 1900 καὶ
1079 1846 1394 1918 εὐχόμενος,
1447 1846 1583 1900 ἀλλά
1637 1848 1737 1915 τὴν
1776 1848 2006 1920 πάτριον
2043 1827 2082 1881 Β

435 1939 693 2008 ἀλήθειαν
723 1940 783 1992 οὐ
812 1939 1163 2009 προϊέμενος,
1205 1944 1300 1993 καὶ
1348 1941 1406 1994 ὲν
1442 1939 1580 2010 αὐτῇ
1615 1939 1865 1994 ἐνοῦσθαι
1903 1941 2006 1993 πᾶ-

436 2049 521 2086 σιν
551 2031 878 2101 ἀνθρώποις,
906 2030 960 2083 ετ
997 2047 1060 2100 γε
1091 2031 1385 2101 βούλοιντο,
1423 2031 1760 2100 βουλόμενος,
1798 2031 2007 2093 ’Λλλως

435 2123 490 2177 δὲ
517 2124 890 2193 διαφυλάττων
932 2124 1172 2193 ἐμαυτὸν
1204 2124 1314 2178 ἀπὸ
1354 2125 1462 2178 τῶν
1499 2126 1576 2195 μὴ
1603 2125 1672 2179 τά
1703 2125 1843 2180 αὐτά
1877 2142 2010 2195 φρο-

436 2214 696 2278 νούντων,
736 2214 911 2277 οὕτως
955 2212 1110 2279 εἰδὼς
1147 2215 1274 2278 τοὺς
1313 2219 1411 2285 τῆς
1443 2216 1773 2286 Ἐκκλησίας
1810 2217 2011 2286 νόμους

440 2306 784 2372 κελεύοντας,
817 2307 912 2360 καὶ
938 2306 1001 2359 τὸ
1031 2305 1254 2377 σύμπαν
1283 2308 1460 2360 εἰπεῖν
1492 2309 2013 2378 προῦποτιθεμένων

437 2397 695 2452 ἀπάντων
724 2398 972 2463 ἐκείνων,
1006 2399 1083 2462 ώς
1110 2398 1170 2452 ἐν
1201 2398 1342 2470 ἀρχῇ
1378 2401 1478 2468 τῆς
1508 2401 1792 2470 παρούσης
1818 2401 2013 2470 ὁμολο-

437 2486 584 2554 γίας,
613 2487 861 2540 πιστεύω
886 2486 1057 2558 ψυχῇ,
1091 2489 1186 2542 καὶ
1215 2488 1435 2560 γλώττῃ
1462 2489 1730 2560 ὁμολογῶ,
1763 2490 1853 2545 τὸν
1881 2491 2014 2545 Θεὸν

437 2574 528 2628 καί
551 2577 770 2645 Πατέρα
792 2578 993 2647 γεννᾷν
1038 2579 1104 2632 ὲκ
1128 2579 1228 2648 τῆς
1257 2579 1448 2644 οὐσίας
1485 2580 1650 2636 αὐτοῦ
1711 2582 1805 2635 τὸν
1844 2581 2014 2635 αὐτοῦ

440 2669 610 2736 Λόγον
639 2669 918 2739 ἀρρήτως,
952 2671 1046 2724 καί
1070 2671 1393 2742 προϐάλλειν
1419 2675 1480 2726 ὲκ
1511 2675 1610 2745 τῆς
1633 2673 1805 2742 αὐτῆς
1826 2674 2014 2738 οὐσίας

443 2762 606 2815 αὐτοῦ
643 2763 702 2813 τὸ
745 2761 972 2832 Πνεῦμα
1023 2764 1086 2816 τὸ
1129 2764 1284 2832 ἇγιον
1311 2767 1736 2838 ὐπεραρῤήτως,
1770 2766 2018 2822 συναΐδια

442 2853 535 2904 καὶ
576 2851 806 2921 όμόδοξα
851 2852 946 2904 καὶ
989 2852 1196 2920 όμόθεα
1251 2853 1536 2923 πρόσωπα,
1576 2855 2016 2926 διακεκριμμένα

444 2944 540 3011 μὲν
572 2942 817 3012 ἀλλήλων
843 2943 1243 3009 ὐποστατικῶς,
1275 2944 1352 3014 τῷ
1387 2946 1679 3014 γεννᾶσθαι
1721 2951 1815 3001 καὶ
1849 2949 2016 3002 ἐκπο-

445 3034 720 3104 ρεύεσθαι,
752 3039 1000 3090 τουτέστι
1056 3037 1136 3106 τῷ
1177 3037 1420 3108 διαφόρῳ
1461 3039 1650 3111 τρόπῳ
1695 3040 1794 3110 τῆς
1829 3044 1893 3095 ὲκ
1923 3041 2017 3095 τοῦ

444 3129 656 3199 Πατρὸς
693 3129 1070 3196 ὐποστάόεως,
1110 3133 1167 3184 ἐν
1200 3131 1450 3200 ἀλλήλοις
1478 3133 1534 3186 δὲ
1569 3133 1696 3188 ὄντα
1741 3135 1884 3188 κατά
1919 3136 2018 3204 τὴν
2043 3169 2088 3227 c

443 3219 624 3289 φύσιν,
655 3220 729 3284 ὡς
780 3221 881 3292 τὴν
944 3222 1113 3291 αὐτὴν
1164 3222 1382 3294 ἀριθμῷ
1430 3225 1620 3280 οὐσίαν
1667 3225 2015 3296 λαμϐάνοντα

443 3313 506 3364 ὲκ
531 3312 623 3365 τοῦ
657 3312 890 3383 Πατρός,
919 3315 1011 3366 καὶ
1039 3315 1152 3384 ἅμα
1177 3316 1272 3368 καὶ
1294 3319 1358 3386 τῇ
1383 3317 1523 3387 αὐτῇ
1551 3317 1692 3387 πρὸς
1715 3319 1815 3387 τὴν
1841 3320 2020 3373 αἰτίαν

443 3403 693 3472 ἀναφορᾷ
724 3419 782 3454 τε
831 3403 923 3455 καί⁸
951 3404 1122 3468 τάξει.
1167 3407 1233 3458 Ὃ
1277 3406 1340 3476 δὴ
1368 3409 1424 3458 ὲν
1449 3411 1514 3477 τῇ
1565 3410 1860 3480 ἀριθμήσει
1915 3410 2020 3463 τῶν

443 3495 749 3560 προσώπων
787 3497 853 3562 τῇ
891 3491 990 3547 διὰ
1023 3492 1279 3562 προθέσει
1309 3495 1472 3566 δηλῶ,
1526 3496 1696 3563 λέγων
1747 3498 2020 3551 πιστεύειν

443 3583 522 3643 εἰς
560 3582 780 3650 Πατέρα
829 3580 922 3633 καὶ
955 3580 1082 3635 Υὶὸν
1117 3581 1178 3646 ἐξ
1210 3582 1396 3650 αὐτοῦ,
1430 3586 1524 3638 καὶ
1562 3583 1785 3653 Πνεῦμα
1811 3587 1875 3638 ἐκ
1909 3589 2020 3640 Πα-

441 3675 582 3747 τρὺς,
616 3677 686 3730 δι’
723 3676 874 3742 Υίοῦ,
905 3676 1016 3730 εἴτε
1045 3680 1129 3731 ὅτι
1164 3677 1239 3748 μὴ
1277 3679 1549 3750 γεννητῶς
1601 3681 2022 3751 προθεωρουμέ-

441 3786 532 3823 νου
561 3767 657 3822 τοῦ
681 3769 856 3836 Λόγου
889 3771 982 3824 καὶ
1006 3773 1554 3842 προεκφωνουμένου,
1586 3775 1694 3827 εἴτε
1718 3775 1797 3827 ὅτι
1821 3777 1878 3828 ὲν
1908 3777 2022 3848 Υιῷ

441 3861 529 3913 διά
556 3861 656 3926 τὴν
680 3861 778 3930 τὴς
801 3861 990 3925 οὐσίας
1018 3863 1270 3932 ἑνότητα.
1300 3864 1486 3935 Μόνην
1509 3865 1564 3918 δὲ
1589 3865 1688 3935 τὴν
1722 3866 2022 3921 ὑπόστασιν

441 3951 536 4006 τοῦ
569 3953 782 4023 Πατρός
811 3954 987 4023 ἀρχὴν
1015 3955 1107 4007 καί
1135 3955 1313 4011 αἰτίαν
1339 3950 1457 4008 οἶδα
1484 3954 1616 4008 Υίοῦ
1645 3972 1704 4010 τε
1739 3957 1833 4011 καὶ⁵
1855 3958 2024 4013 Πνεύ-

444 4062 634 4114 ματος,
655 4046 750 4100 καὶ
779 4045 1042 4114 ἐκατέρου
1073 4045 1264 4117 χωρὶς,
1298 4046 1353 4099 εί
1381 4063 1465 4111 τις
1497 4047 1796 4117 ὲπηρεάζει
1824 4049 1901 4119 τῷ
1926 4051 2024 4104 Λό-

442 4151 525 4205 γῳ
554 4138 649 4188 καὶ
670 4135 1000 4205 ἀμφοτέρων
1027 4135 1163 4204 ὁμοῦ
1196 4135 1292 4189 καὶ
1323 4135 1483 4206 μόνον
1513 4136 1714 4202 αἰτίαν,
1742 4139 2024 4193 τουτέστιν

442 4231 742 4300 ἀγέννητον
790 4230 882 4282 καὶ
926 4229 1168 4283 ἀναίτιον
1191 4244 1206 4259 '
1241 4229 1332 4282 τὸν
1369 4230 1426 4284 δὲ
1461 4230 1589 4284 Υίὸν
1622 4227 1715 4286 τοῦ
1751 4232 1886 4286 Θεοῦ
1931 4234 2025 4288 καὶ

439 4333 500 4376 το
534 4323 758 4393 Πνεῦμα
796 4325 858 4379 τδ
904 4323 1061 4392 ἅγιον
1092 4324 1315 4379 αἰτιατά
1359 4325 1520 4394 μόνον
1549 4327 1624 4388 ὡς
1655 4328 1895 4397 ἐξαρχῆς
1928 4328 2023 4381 τοῦ

443 4417 652 4486 Πατρός
676 4433 690 4449 ·
722 4417 974 4486 οὐδαμῶς
1009 4418 1065 4471 δὲ
1096 4419 1271 4471 αἴτιον
1303 4419 1584 4490 οὐδέτερον
1627 4422 1836 4474 τούτων
1870 4424 1926 4474 ὲν
1956 4425 2022 4493 τῇ

2103 562 2215 634 ρῶν
2272 562 2528 634 βεϐαίως,
2585 563 2994 632 ἀναμφιϐόλως,
3028 563 3407 636 ἀνυποκρίτως
3453 564 3547 616 καὶ
3588 565 3683 630 ἐγ·-

2101 654 2348 725 γράφως,
2375 654 2449 718 ῶς
2480 654 2658 708 οὐδενί
2694 655 2802 710 τῶν
2851 655 3021 724 ἁγίων
3071 655 3358 725 εἰρημένα,
3407 653 3530 708 οὔτε
3561 655 3684 714 ταῖς

2100 748 2511 816 οἰκουμενικαίς
2533 749 2790 814 συνόδοις,
2811 747 2934 802 οὐτε
2959 750 3078 808 ταῖς
3106 750 3278 816 ίεραίς
3301 747 3566 818 Γραφαῖς,
3593 747 3686 800 καὶ

2102 833 2167 903 δὴ
2197 835 2292 888 καὶ
2317 834 2416 905 τὴν
2448 835 2622 906 κακὴν
2663 838 2760 904 τῆς
2815 835 2914 889 διὰ
2943 835 3250 905 προθέσεως
3282 835 3686 907 παρεξηγησιν,

2103 919 2222 977 εἶτα
2253 924 2643 995 ὁμολογήσειεν
2677 925 2800 995 ἐμοὶ
2856 927 2938 980 ὅτι
2966 926 3028 979 τὸ
3061 925 3285 995 Πνεῦμα
3313 927 3374 980 τὸ
3405 927 3558 995 ἆγιον
3590 929 3684 979 ὲκ-

2104 1014 2412 1083 πορεύεται,
2453 1019 2517 1070 ἐκ
2565 1015 2658 1069 τοῦ
2713 1016 2948 1088 Πατρός,
2977 1017 3051 1082 ὡς
3085 1018 3339 1088 ἀπαρχῆς
3372 1017 3480 1078 ,καὶ
3509 1017 3688 1081 αἰτίας

2105 1108 2424 1176 ὑφεστώσης
2447 1107 2578 1161 αὐτὸ
2606 1111 2871 1179 συμφυῶς
2896 1126 2911 1141 ο
2946 1109 3073 1164 ἔνθα
3093 1111 3150 1164 δέ
3182 1126 3312 1164 ποτε
3343 1109 3562 1178 λέγεται
3593 1109 3689 1162 καὶ

2105 1199 2168 1250 ὲκ
2202 1197 2412 1267 Πατρδς
2439 1199 2506 1253 δι’
2539 1199 2666 1253 Υίοῦ
2700 1201 2967 1270 προϊέναι,
2993 1201 3137 1272 νοοίη
3166 1202 3323 1255 τοῦτο
3351 1201 3442 1255 διὰ
3470 1199 3531 1253 τὸ
3563 1217 3692 1253 συν-

2106 1289 2243 1356 αφὲς
2274 1289 2371 1359 τῆς
2402 1290 2611 1355 οὐσίας,
2638 1293 2732 1346 καὶ
2763 1293 2858 1362 τὴν
2890 1291 3093 1362 ταύτης
3115 1295 3363 1360 ἑνότητα,
3388 1292 3463 1354 ὡς
3488 1291 3586 1344 σὺν
3613 1290 3690 1360 τῷ

2107 1380 2222 1450 Υἱῷ
2250 1397 2308 1432 τε
2361 1381 2455 1434 καί
2506 1384 2564 1434 ὲν
2589 1383 2665 1452 τῷ
2696 1384 2807 1453 Υἰῷ
2834 1385 2895 1437 τὸ
2937 1379 3074 1438 εἶναι
3105 1386 3401 1454 λαμϐάνον,
3439 1383 3531 1436 καί
3557 1385 3688 1453 μίαν

2107 1473 2295 1525 οὐσίαν
2330 1474 2470 1542 μετά
2502 1474 2594 1528 τοῦ
2632 1475 2764 1530 Υίοῦ
2795 1475 3090 1547 λαμϐάνον,
3110 1478 3172 1528 ὲκ
3205 1476 3298 1530 τοῦ
3326 1476 3538 1546 Πατρδς
3571 1474 3704 1545 ἅμα·

2106 1564 2164 1617 ὲν
2195 1563 2548 1636 διαφορότητι
2573 1567 2952 1636 ὐποστάσεων,
2985 1568 3160 1638 τούτῳ
3191 1567 3539 1636 ένωθήσομαι
3567 1566 3694 1620 ὅσον

2106 1655 2166 1707 ὲν
2195 1654 2274 1726 τῷ
2301 1656 2432 1724 περὶ
2459 1655 2554 1710 τοῦ
2591 1657 2908 1728 Πνεύματος
2935 1659 3212 1731 ζητήματι
3235 1673 3251 1690 ο
3296 1659 3427 1728 περί
3455 1657 3563 1728 γὰρ
3584 1657 3694 1712 τῶν

2107 1746 2284 1800 ἄλλων
2334 1748 2492 1813 ἄλλος
2519 1749 2588 1804 ἂν
2627 1744 2740 1804 εῐεν
2773 1751 2952 1818 λόγος.
3669 1753 3677 1758 ’

2195 1839 2281 1903 Ὠς
2315 1841 2371 1893 ὲν
2414 1842 2635 1910 συνόψει
2668 1843 2849 1896 τοίνυν
2881 1843 2980 1915 τὴν
3025 1845 3300 1918 ἡμετέραν
3330 1849 3560 1920 γνώμην
3600 1854 3694 1905 ἐκ-

2112 1931 2358 1998 τέθεικα,
2389 1934 2592 2002 μᾶλλον
2625 1935 2683 1990 δὲ
2711 1937 2810 2005 τὴν
2838 1939 3058 1994 πάντων
3088 1939 3199 1993 τῶν
3233 1940 3405 2008 ἁγίων
3450 1943 3543 1996 καὶ
3585 1943 3696 1997 τῶν

2114 2026 2374 2096 Πατέρων
2405 2027 2562 2096 ἡμῶν
2588 2044 2604 2060 ο
2637 2028 2772 2083 διότι
2797 2030 3046 2102 ᾐσθόμην
3069 2031 3230 2086 τινῶν
3263 2034 3479 2102 ἀγνοεῖν
3507 2036 3697 2104 λεγόν-

2111 2131 2218 2169 των
2240 2116 2301 2169 τὸ
2329 2117 2561 2187 πάτριον
2588 2117 2743 2188 ἡμῶν
2765 2120 2963 2190 δόγμα.
2999 2122 3192 2188 Ὅπως
3219 2123 3343 2178 ποτὲ
3377 2123 3508 2192 γοῦν
3537 2125 3696 2180 τοῦτο

2117 2206 2270 2274 σφίσι
2323 2207 2614 2278 συμϐαίνει
2667 2209 2744 2280 τῷ
2790 2211 2954 2282 ἔρωτι
3003 2211 3105 2282 τῆς
3155 2214 3436 2284 ἀληθείας,
3487 2216 3582 2272 καὶ
3627 2221 3693 2290 τῇ
3807 2197 3816 2209 1

2116 2298 2307 2370 ἀγάπῃ
2337 2298 2436 2368 τῆς
2465 2299 2574 2353 τῶν
2607 2300 2852 2369 πλησίων
2884 2302 3153 2370 ὠφελείας
3182 2306 3562 2376 κεκινημένος,
3587 2309 3698 2363 δεῖν

2113 2389 2276 2460 ᾤμην
2316 2391 2513 2454 αὐτοὺς
2559 2391 2638 2461 μὴ
2677 2393 2961 2462 περιιδεῖν,
2991 2397 3066 2460 ώς
3101 2397 3168 2451 ἂν
3216 2397 3294 2469 μὴ
3321 2398 3480 2469 λόγον
3509 2400 3698 2470 ὠφλή-

2119 2497 2304 2549 σωμεν
2337 2481 2478 2551 ὑπὲρ
2507 2483 2708 2536 αὐτῶν.
2740 2483 2936 2549 Καίτοι
2973 2488 3086 2552 τοῖς
3129 2489 3572 2562 σπουδαιοτέροις
3599 2493 3699 2562 ἀρ-

2119 2574 2208 2626 κεῖ
2231 2575 2300 2628 τά
2341 2573 2401 2626 έν
2443 2573 2565 2628 δυσὶ
2593 2575 2814 2644 τεύχεσι
2841 2575 3356 2649 ἐπεξειργασμένως
3386 2581 3700 2650 ἑκτεθειμέ-

2119 2683 2205 2730 να,
2250 2666 2346 2719 καὶ
2379 2667 2487 2738 πρὸ
2520 2667 2700 2721 αὐτῶν
2730 2669 2960 2739 ἀρκοῦσι
3004 2670 3070 2723 τὰ
3101 2671 3211 2726 τῶν
3238 2673 3526 2745 ἡμετέρων
3551 2674 3702 2729 διδα-

2121 2758 2338 2814 σκάλων
2373 2757 2560 2828 βιϐλία
2591 2759 2764 2813 πολλά
2795 2761 2888 2814 καὶ
2920 2765 3164 2831 γενναῖα,
3197 2764 3541 2836 φανεροῦντα
3585 2767 3702 2820 ἱκα-

2119 2847 2225 2911 νῶς
2267 2849 2330 2902 τὸ
2381 2848 2561 2919 δόγμα
2615 2852 2677 2903 τὸ
2715 2851 2969 2923 πάτριον.
3013 2854 3148 2910 Ἀλλ’
3181 2856 3288 2910 ἔδει
3347 2857 3440 2910 καὶ
3474 2859 3582 2910 τῶν
3625 2859 3702 2928 μὴ

2119 2940 2376 2994 τοιούτων
2410 2942 2744 3014 ποιήσασθαι
2781 2946 3058 3014 πρόνοιαν,
3093 2946 3238 3000 ὥστε
3269 2947 3360 3001 διά
3390 2947 3608 3001 πάντων
3641 2949 3703 3002 τὸ

2127 3032 2398 3105 ἡμέτερον
2423 3033 2726 3103 ἀνυσθῆναι
2755 3037 2933 3100 καλῶς
2963 3037 3110 3092 ἀπαν
3148 3039 3244 3092 σὺν
3268 3038 3388 3109 Θεῷ
3414 3041 3604 3108 φάναι,
3631 3039 3703 3103 ὡς

2121 3124 2186 3178 ἂν
2219 3125 2396 3196 ἔχοιμι
2424 3127 2516 3179 καὶ
2549 3126 2710 3189 αὐτὸς
2738 3129 2935 3196 εἰπεῖν,
2971 3130 3037 3182 Τί
3064 3129 3296 3199 ὤφειλον
3328 3133 3573 3203 ποιῆσαι,
3609 3135 3704 3185 καὶ

2123 3220 2183 3273 οὐ
2214 3218 2491 3288 πεποίηκα
2529 3221 2594 3289 τῇ
2617 3219 2748 3292 δόξῃ
2776 3221 2874 3291 τῆς
2903 3221 3185 3292 ἀληθείας,
3213 3226 3309 3278 καὶ
3346 3227 3414 3296 τῇ
3452 3226 3562 3278 τῶν
3595 3227 3707 3279 Πα-

2123 3313 2298 3380 τέρων
2324 3312 2454 3381 τιμῇ
2485 3328 2499 3377 ;
2549 3311 2600 3363 τί
2623 3310 2989 3390 ὦφειλονίτοῖς
3023 3315 3251 3369 ἐκείνων
3276 3316 3467 3370 παισὶν
3497 3318 3708 3388 ὑφηγή-

2127 3401 2350 3463 σασθαι,
2405 3403 2496 3453 καὶ
2531 3401 2718 3474 σκοπῷ
2757 3420 2864 3457 τινι
2895 3403 3224 3475 ἀνθρωπίνῳ
3255 3407 3568 3479 ὗφεισάμην
3608 3410 3708 3479 τῆς

2123 3490 2371 3559 ὁδηγίας,
2405 3490 2640 3556 ὕστατος
2675 3495 2733 3546 ἐν
2755 3495 2869 3558 τοῖς
2896 3496 3149 3560 ὑστάτοις
3191 3498 3404 3566 χρόνοις
3436 3501 3494 3551 ὲν
3522 3501 3586 3568 τῇ
3613 3501 3711 3553 τά·

2129 3581 2205 3644 ξει
2235 3583 2342 3634 τῶν
2364 3575 2677 3652 δυναμένων
2725 3603 2778 3638 τι
2810 3585 2995 3654 λέγειν
3034 3587 3163 3657 περὶ
3190 3589 3426 3652 πίστεως
3474 3590 3578 3642 ὑπὸ
3608 3589 3710 3659 τῆς

2127 3672 2220 3726 τοῦ
2251 3674 2389 3727 Θεοῦ
2429 3677 2684 3744 προνοίας
2723 3667 3236 3748 κατατεταγμένοςς
3267 3681 3362 3734 καὶ
3399 3682 3486 3751 εἴη
3522 3671 3584 3748 γε
3621 3681 3709 3735 ἐπ’

2127 3764 2362 3836 ὠφελείᾳ
2390 3766 2554 3820 αὐτοῦ
2582 3785 2640 3820 τε
2671 3768 2807 3839 ἐμοῦ
2841 3771 3066 3824 καὶτῶν
3103 3771 3563 3840 συμφωνούντων.

2203 3859 2396 3913 Ἔσται
2419 3859 2474 3913 δὲ
2498 3861 2579 3913 ὅτι
2612 3861 2871 3915 ἀδύνατόν
2901 3863 3040 3928 ἐστι,
3066 3863 3192 3926 τοὺς
3224 3865 3322 3935 τὴν
3345 3865 3710 3934 εὐαγγελικὴν

2128 3950 2314 4022 φωνὴν
2349 3952 2730 4022 προτιμῶντας
2787 3954 2895 4006 τῶν
2951 3955 3314 4023 ἀνθρωπίνων
3356 3957 3711 4029 σοφισμάτων

2127 4041 2342 4106 ἀνοδίας
2396 4043 2428 4113 ἢ
2469 4043 2716 4098 κινδύνου
2765 4030 3132 4116 πειρασθῆναί
3181 4040 3345 4111 τινος.
3376 4047 3550 4102 Τοῦτο
3575 4049 3709 4118 γοῦν

2128 4133 2446 4204 πεποιηκῶς
2476 4135 2569 4189 τοῦ
2598 4135 2784 4189 λοιποῦ
2826 4139 3037 4202 σιωπῶ,
3077 4138 3184 4191 ἐῶν
3217 4139 3296 4209 τῷ
3338 4140 3459 4210 Θεῷ
3493 4143 3685 4211 ὲπιτρο

2127 4230 2318 4284 πεύειν
2350 4229 2457 4282 τῶν
2478 4231 2574 4300 τῆς
2597 4229 2856 4300 ἀληθείας
2885 4232 3196 4301 δογμάτων,
3233 4234 3444 4304 καὶτῆς
3480 4235 3711 4304 Ἐκκλη-

2128 4322 2251 4386 σίας
2310 4320 2478 4376 αὐτοῦ
2528 4323 2603 4387 ώς
2646 4322 2712 4376 ἂν
2777 4323 2938 4387 αὐτὸς
2987 4325 3212 4394 ἄμεινον
3265 4324 3456 4395 εἰδείη,
3499 4330 3708 4391 πάντας

2129 4413 2485 4486 παρακαλῶν,
2515 4415 2606 4468 καὶ
2637 4418 2803 4470 πᾶσιν
2834 4417 3130 4487 εὐχόμενος
3159 4416 3235 4488 μὴ
3272 4419 3512 4488 ἀμελῶς,
3546 4418 3578 4488 ἢ
3617 4436 3712 4472 κο-

439 4510 675 4580 θεότητι,
708 4512 740 4578 ἢ
775 4511 952 4582 ἀρχὴν
1003 4511 1101 4565 καὶ
1153 4513 1368 4583 θατέρῳ
1411 4513 1472 4566 τὸ
1515 4508 1654 4567 εἷναι
1692 4515 1854 4582 διδδν,
1885 4516 2022 4569 ἀλλά
2055 4499 2098 4555 D
2129 4513 2376 4583 σμικῶς,
2435 4513 2468 4584 ἦ
2516 4513 2764 4577 ἀπίστως
2812 4515 2881 4568 τὰ
2934 4515 3165 4568 τοιαῦτα
3214 4515 3618 4588 μεταχειρίζειν
3673 4516 3706 4587 ἢ

443 4603 580 4671 μετά
605 4603 696 4656 τοῦ
726 4603 940 4674 Πατρὸς
970 4605 1100 4671 μίαν
1127 4604 1304 4673 ἀρχὴν
1331 4603 1460 4659 ὄντα
1495 4606 1604 4660 τῶν
1627 4606 1766 4661 ὅλων
1783 4622 1798 4642 ⁸
1841 4608 2021 4663 πάντα

438 4696 548 4763 γὰρ
579 4697 643 4748 ὲκ
666 4693 761 4748 τοῦ
796 4697 1012 4765 Πατρδς
1043 4695 1114 4750 δι’
1142 4696 1272 4750 Υίοῦ
1309 4699 1366 4751 ιν
1401 4699 1701 4770 Πνεύματι.
1791 4732 1796 4736 -

509 4787 692 4840 Αἴτιον
725 4786 780 4840 δὲ
825 4788 921 4841 τοῦ
973 4791 1240 4857 παναγίου
1283 4790 1602 4860 Πνεύματος
1628 4791 1720 4846 τὸν
1751 4792 1880 4847 Υίὸν
1924 4792 2018 4846 τοῦ

438 4875 598 4943 Θεοῦ,
645 4877 678 4947 ἢ
731 4878 928 4948 ἀρχὴν,
977 4877 1008 4948 ἦ
1056 4878 1348 4947 προϐολέα,
1383 4880 1442 4932 οὐ
1489 4880 1727 4950 δύναμαι
1777 4885 2018 4953 φρονεῖν,

436 4967 560 5021 οὔτε
592 4967 668 5031 ὡς
698 4969 833 5021 Θεὸν
883 4971 945 5023 τὸ
975 4968 1201 5039 Πνεῦμα
1231 4969 1586 5041 φοϐούμενος,
1608 4971 1732 5026 οὐτε
1763 4973 1839 5036 ώς
1892 4974 2023 5027 Υίδν

437 5061 536 5132 τὴν
567 5061 870 5132 μοναρχίαν
902 5061 1243 5130 αἰδούμενος,
1275 5065 1373 5116 καὶ
1424 5064 1526 5138 τῂν
1575 5066 1634 5117 έν
1681 5066 1758 5134 τῷ
1790 5066 2027 5136 θεογόνῳ

435 5151 892 5232 καὶηιερπογόνῳ
920 5155 1014 5210 καὶ
1039 5152 1249 5224 γονίμῳ
1276 5154 1556 5226 πατρικὴν
1591 5155 1835 5226 ἰδιότητα
1856 5174 1870 5188 ο
1903 5157 2026 5211 οὐτε

434 5253 500 5321 τῇ
579 5232 795 5322 ὲνότητι
855 5249 924 5319 τῇ
990 5246 1299 5319 ζητουμένη
1363 5247 1468 5314 ἔτι,
1536 5249 1630 5303 καὶ
1681 5251 2023 5322 ἀνηκούστῳ,

437 5344 537 5412 τῆς
566 5339 941 5414 προϐλητικῆς
965 5337 1247 5409 δυνάμεως
1275 5337 1412 5410 πρὸς
1437 5339 1504 5393 τά
1531 5339 1671 5394 αὐτά
1699 5343 2022 5414 ὲποινακαμο

439 5434 702 5506 πτούσης,
738 5435 834 5488 καὶ
873 5435 933 5489 τὺ
977 5431 1268 5498 αὐτὸ.δέος
1302 5432 1652 5503 έπισειούσης
1700 5433 1794 5487 καὶ
1827 5434 2019 5488 έκατέ-
2055 5483 2075 5504 ,

441 5529 616 5597 ρωθεν
639 5545 652 5559 ⁸
688 5527 814 5582 οὐτε
859 5532 970 5592 τοῖς
1020 5527 1166 5582 οὓτω
1213 5523 1474 5598 φρονοῦσι
1511 5525 1831 5594 κοινωνήσω
1867 5529 2018 5591 ποτὲ,

438 5619 552 5674 ἀλλ’
579 5620 632 5672 εί
661 5637 744 5684 τις
775 5619 846 5673 τά
885 5622 944 5673 έν
986 5619 1302 5692 Φλωρεντίᾳ
1341 5616 1732 5689 ώροθετημένα
1765 5619 1893 5688 περὶ
1925 5621 2019 5671 τοῦ

442 5714 536 5766 καὶ
568 5713 657 5765 τὸν
693 5712 820 5766 Υίὺν
856 5712 950 5766 τοῦ
982 5712 1118 5766 Θεοῦ
1155 5712 1328 5784 ἀρχὴν
1359 5713 1452 5766 καὶ
1482 5711 1656 5766 αἴτιον
1687 5713 1779 5764 καὶ
1821 5712 2022 5777 προϐο-

445 5807 538 5859 λέι
571 5805 712 5861 εἶναι
751 5806 841 5860 τοῦ
876 5807 1214 5876 Πνεύματιος,
1250 5807 1341 5860 καὶ
1386 5807 1484 5874 τὴν
1537 5806 1770 5875 ὓπαρξιν
1819 5805 1910 5861 καὶ
1957 5806 2020 5857 ίκ

2133 4607 2482 4674 σκοπεῖσθαι,
2517 4609 2656 4679 μήτε
2691 4609 2803 4667 τοῖς
2836 4608 2928 4676 ὐφ’
2963 4609 3080 4672 ἑνὸς
3112 4607 3321 4662 τούτων
3359 4609 3467 4662 τῶν
3499 4608 3712 4675 παθῶν,

2133 4698 2166 4768 ἢ
2201 4701 2296 4754 καί
2329 4699 2548 4752 πάντων
2576 4699 2872 4770 ἀγομένοις
2908 4699 3282 4758 συντίθεσθαι.

2203 4792 2478 4862 Τολμήσει
2505 4792 2563 4845 δὲ
2584 4794 2780 4857 οὐδεὶς,
2799 4792 3034 4863 Γραικὸς
3061 4790 3160 4859 ῶν,
3179 4793 3320 4846 κατά
3350 4795 3581 4864 ταυτησὶ
3612 4793 3713 4864 τῆς

2131 4886 2408 4955 ἡμετέρας
2439 4886 2734 4954 ὁμολογίας
2765 4887 2940 4938 εἰπεῖν
2980 4902 3054 4947 τι,
3095 4886 3164 4938 ἂν
3197 4886 3272 4955 μὴ
3312 4888 3647 4958 πατραλοίας

2128 4977 2222 5032 καί
2247 4977 2608 5047 μητραλοίας,
2633 4977 2728 5030 καὶ
2753 4980 2865 5041 τοῖς
2886 4979 2987 5046 τὴν
3014 4977 3350 5048 Ἐκκλησίαν
3377 4979 3712 5042 καταξάνασι

2126 5069 2224 5137 τὴν
2285 5067 2508 5137 μητέρα
2560 5069 2846 5136 σοφισταῖς
2899 5067 2958 5132 ἐξ
3009 5067 3187 5138 ημῶν,
3228 5068 3427 5140 ὡς’μὴ
3481 5067 3712 5136 ὠφειλεν

2129 5159 2480 5230 ἀνασχοῦσιν,
2531 5158 2658 5214 ἀντὶ
2691 5159 2796 5212 τῶν
2829 5159 3072 5229 γνησίων
3098 5157 3302 5226 ταύτης
3332 5161 3464 5213 υἱῶν
3484 5160 3594 5212 τῶν
3617 5161 3710 5212 εὐσ-

2128 5251 2304 5315 σεϐῶς
2361 5251 2502 5320 ὑπὲρ
2555 5249 2762 5319 ταύτης
2793 5249 3295 5320 στρατευσαμένων
3336 5251 3639 5320 τιθέμενος,
3677 5251 3710 5322 ἢ

2129 5342 2336 5413 ἀτελοῦς
2380 5359 2462 5408 τις
2509 5341 2685 5404 ἄλλως
2731 5343 2824 5395 καὶ
2876 5341 3269 5412 παιδαριώδεσι
3316 5342 3713 5413 προσεσχηκώς

2129 5409 2528 5509 φλυαρήμασιν
2576 5434 2697 5487 ἀντὶ
2754 5433 2848 5486 τοῦ
2891 5409 3322 5503 μεμεστωμένου
3363 5409 3714 5503 φρονήματος

2131 5532 2240 5583 τῶν
2279 5528 2442 5599 ἱερῶν
2474 5527 2734 5596 ἰιατέρων
2759 5525 2940 5596 ἡμῶν.
2972 5525 3108 5596 Περὶ
3130 5525 3186 5578 δὲ
3215 5525 3325 5579 τῶν
3356 5527 3434 5596 μὴ
3455 5525 3623 5578 ὄντων
3649 5527 3715 5579 ἐκ

2130 5624 2230 5690 τῆς
2276 5619 2550 5692 ἡμετέρας
2600 5620 2922 5690 Ἐκκλησίας
2976 5619 3107 5672 ποτὲ
3163 5618 3315 5672 οὐδὲν
3362 5618 3524 5686 λέγω.
3573 5615 3714 5671 Οὔτε

2135 5715 2244 5781 γὰρ
2284 5713 2394 5774 τοῖς
2427 5710 2655 5763 ἐκείνων
2683 5711 2866 5778 νόμοις
2897 5711 3077 5780 ἡμεῖς,
3113 5710 3234 5763 οὐτε
3267 5711 3464 5764 ἐκεῖνοι
3488 5712 3598 5774 τοίς
3627 5712 3715 5764 νό-

2135 5822 2262 5874 μοις,
2301 5803 2460 5874 ἡμῶν
2517 5803 2855 5872 ὑπόκεινται,
2889 5802 2962 5875 ἐξ,
3000 5803 3123 5856 ὅτου
3180 5803 3276 5859 τὴν
3336 5802 3714 5873 ἰδιορῤυθμίαν
3758 5859 3766 5872 κ
