4104 6432
463 293 571 356 693

1401 296 1496 356 DE
1540 294 2067 357 PROCESSIONE
2100 297 2218 357 SPI
2236 296 2472 359 RlTUS
2505 298 2806 361 SANCTI.

3638 287 3745 354 6.91

463 424 585 473 γονε
625 405 836 476 Πατὴρ,
863 406 999 459 ἀλλά
1031 407 1233 476 μᾶλλον
1256 407 1346 462 διά
1387 408 1546 462 τοῦτο
1576 408 1900 480 θαυμαστήν
1930 427 2051 463 τινα
2080 412 2126 468 Α
2157 414 2321 482 μένον
2370 413 2822 484 ὁμολογουμένως
2876 411 2951 476 ὡς
3003 412 3110 466 ὑπὸ
3158 409 3251 464 τοῦ
3303 408 3741 481 ἀρχιεπισκόπῦυ

464 503 557 553 καὶ
589 501 994 572 ἀκριϐεστάτην
1025 501 1215 570 ὁψεται
1243 501 1338 555 τοῦ
1372 503 1587 574 Πατρός
1617 505 1675 555 ὲν
1699 503 1776 574 τῷ
1803 503 1920 572 Υίῷ
1952 504 2051 572 τὴν

463 589 665 645 ε’κὸνα.
703 590 915 660 Ὠσπερ
949 594 1056 662 γὰρ
1079 593 1106 646 6
1139 593 1350 664 Πατὴρ,
1379 593 1647 663 ἄτρεπτός
1681 611 1741 648 τε
1771 597 1867 648 καί
1892 597 2054 650 ἀναλ-
2087 589 2093 594 ’

462 682 682 741 λοίωτος
714 681 814 748 ὢν,
836 683 923 738 ἀεὶ
957 685 1110 754 μένει
1141 686 1352 756 Πατὴρ,
1389 687 1480 740 καὶ
1512 687 1590 750 είς
1627 687 1754 741 Υἱδν
1787 690 1848 742 οὑ
1886 707 2053 758 μετα-

465 773 746 841 ϐάλλεται,
772 773 947 841 οῦτως
987 778 1015 830 6
1050 776 1108 844 ἐξ
1159 779 1326 832 αὑτοῦ
1378 781 1546 848 Λόγος
1583 781 1710 844 Υἱὸς
1745 783 2047 852 προελθὼν,

467 866 619 934 μένει
651 865 800 921 τοῦθ’
828 868 968 939 ὅπερ
1022 870 1165 937 ἐστὶ,
1208 870 1301 925 τοῦ
1334 872 1544 942 Πατρὺς
1584 874 1645 926 16
1671 875 2049 942 ἀναλλοίωτον,

469 961 562 1012 καὶ
587 959 676 1014 διά
700 961 858 1015 τοῦτο
882 961 1144 1017 δεικνύων
1175 967 1229 1018 ἐν
1252 965 1450 1032 ἑαυτῷ,
1480 967 1662 1036 ὅμοιος
1686 966 1762 1020 ῶν
1791 969 1882 1022 καὶ
1912 970 2053 1022 κατά

469 1053 631 1106 τοῦτο
660 1052 737 1124 τῷ
766 1039 962 1125 Πατρί.

546 1145 759 1199 Οὐκοῦν
790 1147 970 1218 μωρία
1016 1150 1135 1207 ἐστὶ
1165 1150 1225 1202 16
1253 1149 1455 1219 λέγειν,
1487 1152 1768 1221 ’Λνόμοιος
1813 1153 1881 1208 ἂν
1909 1155 1994 1224 εἴη
2024 1158 2051 1208 6

478 1235 604 1299 Υίὸς
634 1236 712 1307 τῷ
744 1237 913 1308 Πατρὶ
944 1238 1017 1308 μὴ
1044 1239 1216 1304 αἴτιος
1244 1239 1320 1295 ὢν
1351 1243 1445 1296 καὶ
1477 1244 1642 1307 αὐτὸς
1670 1244 1761 1298 τοῦ
1793 1245 2049 1316 Πνεὺμα-

473 1342 586 1388 τος.
621 1326 842 1396 Ὄμοιος
876 1329 974 1398 μὲν
1010 1327 1102 1386 οῦν
1133 1334 1249 1386 ἐστι
1280 1335 1368 1389 διά
1410 1337 1589 1403 τοῦτο,
1637 1337 1816 1407 μένων
1873 1340 1932 1393 ἐν
1981 1343 2049 1410 τῇ

469 1417 666 1472 ἑαυτοῦ
731 1420 975 1491 ίδιότητι,
1034 1425 1128 1477 καὶ
1179 1426 1256 1496 μὴ
1305 1427 1578 1498 ἁρπάζων
1625 1431 1726 1500 τὴν
1775 1433 2049 1504 πατρικὴν

471 1507 732 1577 ίδιότητα,
790 1511 912 1582 ἥτις
965 1515 1113 1568 ἐστὶν
1165 1518 1198 1587 ἡ
1250 1518 1570 1590 ἀγεννησία,
1608 1522 1789 1576 είτουν
1830 1524 1862 1594 ή
1899 1524 2049 1578 αίτία

464 1600 576 1652 τῶν
615 1600 674 1666 ἐξ
701 1602 869 1656 αὑτοῦ
890 1621 907 1637 ο
945 1605 994 1658 εί
1021 1605 1077 1659 δὲ
1105 1607 1202 1678 μὴ,
1229 1607 1318 1662 διά
1343 1607 1398 1663 τί
1438 1611 1514 1682 μὴ
1539 1611 1836 1682 τρέμουσιν
1877 1613 2048 1682 οῦτοι,

2156 503 2364 558 ἐκείνου
2398 505 2719 574 ἀνεγνώσθη
2749 503 3181 574 διεφθαρμένως.
3214 503 3436 568 Ἕκτον,
3466 502 3547 556 61:
3572 503 3620 556 εἰ
3649 500 3745 556 καὶ

2158 596 2236 666 μὴ
2274 595 2649 667 διεφθάρησαν
2683 595 2952 667 πρότερον
2985 597 3052 648 τὰ
3087 594 3287 662 βιϐλία,
3319 595 3424 663 πρὸ
3447 594 3548 664 τῆς
3577 596 3635 652 ἐν
3668 593 3747 664 τῷ

2155 689 2420 760 Συμϐόλῳ
2456 688 2798 759 προσθήκης,
2829 687 2944 742 ἀλλ’
2974 686 3203 757 ὕστερον
3226 684 3385 741 τοῦτο
3419 686 3746 742 πεπονθέναι

2153 780 2332 836 ταῦτα
2372 780 2467 835 καὶ
2511 780 2635 835 λίαν
2669 781 2818 840 είκός
2853 779 2996 846 ἐστι,
3041 779 3138 833 καὶ
3171 780 3334 849 εἴπερ
3380 797 3434 834 τι
3481 779 3611 835 ἄλλο
3650 779 3746 834 καὶ

2154 871 2314 926 τοῦτο
2346 873 2512 934 εἰκός.
2540 872 2606 925 Οί
2631 871 2740 942 γάρ
2767 873 3216 942 μεταγράφοντες
3236 872 3334 935 τὰς
3360 872 3468 925 τῶν
3490 871 3747 926 διδασκά-

2155 964 2264 1017 λων
2291 963 2510 1034 βίϐλους
2543 963 2602 1016 ὲν
2656 963 2932 1030 Λατίνοις,
2975 962 3186 1017 ίδιῶται
3234 961 3387 1025 ὄντες
3419 963 3469 1016 οἱ
3500 962 3744 1030 πλείους,

2155 1053 2287 1109 ἔνθα
2323 1054 2640 1125 εὑρίσκουσί
2687 1072 2740 1107 τι
2785 1053 3044 1124 περὶτῆς
3075 1051 3172 1106 τοῦ
3223 1052 3382 1120 ἁγίου
3426 1053 3748 1123 Πνεύματος

2149 1148 2563 1218 ἓκπορεύσεως,
2616 1147 3074 1218 μεταγράφουσιν
3123 1146 3259 1200 αὐτὸ
3308 1145 3450 1201 κατά
3499 1145 3599 1214 τὴν
3648 1147 3748 1215 τῆς

2153 1237 2511 1300 διδασκαλίας
2540 1239 2858 1309 ὁμολογίαν,
2909 1240 2971 1292 οὑ
3012 1236 3196 1302 καθὼς
3235 1238 3586 1309 εὑρίσκουσιν
3617 1237 3750 1291 αὑτδ

2158 1332 2437 1400 κείμενον,
2471 1332 2710 1400 οἰόμενοι
2743 1331 2878 1384 αὐτὸ
2906 1329 3196 1398 ἐσφάλθαι,
3244 1329 3428 1383 κανόνι
3473 1328 3748 1401 χρώμενοι

2153 1423 2233 1495 τῷ
2261 1423 2321 1478 ὲν
2348 1425 2468 1487 ταῖς
2495 1422 2814 1494 ἐκκλησίαις
2855 1420 3104 1494 διδομένῳ
3145 1421 3432 1492 Συμϐόλῳ,
3465 1421 3560 1474 καὶ
3603 1419 3750 1473 οὕτω

2157 1515 2338 1570 πάντα
2369 1513 2440 1567 τά
2480 1513 2665 1585 βιϐλία
2692 1515 2831 1583 πρὸς
2862 1513 2955 1566 τὸν
2983 1515 3082 1582 τῆς
3109 1513 3433 1585 προσθήκης
3475 1510 3750 1598 μετεπλά-

2155 1604 2365 1676 σθησαν
2408 1605 2601 1661 τύπονο
2649 1606 2748 1660 καὶ
2784 1605 2922 1660 ἀλλα
2973 1605 3146 1659 πολλὰ
3189 1605 3420 1660 τοιαῦτα
3468 1606 3569 1677 τὴν
3617 1604 3748 1676 περὶ

467 1690 543 1760 μὴ
576 1692 670 1745 καὶ
700 1691 760 1745 16
789 1693 1016 1766 Πνεῦμα
1043 1697 1300 1768 ἀνόμοιον
1333 1695 1391 1773 ᾖ,
1420 1701 1448 1754 ὁ
1474 1702 1727 1773 στεροῦσι
1758 1705 1820 1758 16
1849 1708 2051 1779 γεννᾷν
2087 1755 2124 1779 η
2154 1696 2264 1751 τῶν
2297 1697 2480 1767 ῥητῶν
2507 1696 2736 1751 ἐκείνων
2767 1695 3003 1766 ὑποψίαν
3027 1697 3162 1767 ἡμῖν
3190 1695 3601 1766 ἐνεργάζονται·

598 1782 658 1836 16
698 1755 1045 1855 προϐάλλειν,
1110 1755 1171 1843 οῦ
1233 1755 1414 1857 καλῶς
1478 1755 1824 1866 στεροῦντες,
2087 1755 2126 1810 Β
2229 1755 2494 1862 Δεύτερον
2547 1789 2763 1860 τίθημι,
2813 1755 2897 1843 61:-
2947 1755 3128 1843 πάντα
3156 1787 3226 1842 τὰ
3265 1755 3446 1858 βιϐλία
3496 1787 3568 1841 τὰ
3615 1785 3750 1856 παρ’

468 1875 560 1926 καὶ
621 1874 696 1944 τῷ
731 1876 843 1948 Υίῷ
877 1878 936 1931 16
995 1881 1322 1951 προϐάλλειν
1354 1887 1774 1957 μεταδιδόασιν;
1823 1890 1885 1944 El
1945 1891 2054 1961 γὰρ

477 1967 571 2020 καὶ
611 1969 671 2020 16
702 1970 1026 2040 προϐάλλειν
1064 1975 1444 2046 ἀν.τικείμενόν
1475 1980 1594 2033 ἐστι
1641 1982 1719 2050 τῷ
1753 1981 2055 2054 προϐάλλε-

473 2059 617 2127 σθαι,
639 2061 780 2115 οὕτω
803 2065 910 2136 γάρ
933 2067 1322 2138 ἀποκρίνονται
1348 2071 1719 2141 σοφιζόμενοι,
1743 2074 1818 2139 ὡς
1838 2075 2055 2149 δειχθή-

475 2167 649 2215 σεται,
693 2154 830 2210 ἀλλά
876 2157 935 2211 16
972 2162 1164 2230 γεννᾷν
1219 2162 1320 2216 οὐκ
1363 2162 1514 2218 ἔστιν
1558 2167 1936 2236 ἀντικείμενον
1976 2169 2054 2240 τῷ

474 2246 898 2313 προϐάλλεσθαι.
922 2251 1135 2324 Ὥσπερ
1163 2253 1257 2309 οὖν
1302 2255 1424 2309 κατ’
1465 2257 1668 2322 αὑτοὺς
1707 2262 1736 2314 6
1778 2260 1902 2324 Υἱός
1935 2265 2054 2315 ἐστι

472 2340 564 2391 καὶ
609 2342 928 2410 προϐολεὺς,
966 2344 1054 2400 διὰ
1087 2347 1149 2399 16
1178 2347 1254 2419 μὴ
1278 2349 1616 2422 ἀντικεῖσθαι
1657 2351 1734 2421 τῷ
1765 2354 1960 2424 γεννᾷν
1994 2361 2055 2408 16

473 2429 824 2498 προϐάλλειν·
856 2433 998 2489 οὕτω
1029 2437 1116 2490 καὶ
1142 2437 1202 2490 1.6
1245 2440 1468 2510 Πνεῦμα
1502 2441 1854 2512 τούλάχιστον
1882 2444 1948 2500 ἂν
1969 2445 2053 2514 εῐη

471 2524 771 2594 γεννήτωρ,
803 2525 890 2579 διὰ
940 2527 1001 2578 16
1047 2528 1120 2600 μὴ
1155 2531 1495 2586 ἀντικεῖσθαι
1545 2533 1620 2604 τῷ
1654 2537 2052 2603 προϐάλλεσθαι

469 2613 530 2664 16
588 2616 808 2688 γεννᾷν,
868 2617 1020 2673 οὐδὲν
1075 2615 1238 2692 ἦττον
1289 2622 1322 2692 ἢ
1377 2625 1560 2680 ἐκεῖνα
1613 2625 1714 2680 οὐκ
1752 2628 2054 2684 ἀντίκειται

472 2703 592 2754 κατ’
631 2705 830 2770 αὐτοὺς
887 2707 945 2760 ἐν
1009 2707 1143 2777 Υίῴ.
1188 2710 1312 2774 Πῶς
1376 2710 1471 2766 οῦν
1515 2714 1578 2767 ού
1634 2715 1914 2785 προδήλως
1973 2716 2054 2784 τῷ

475 2792 749 2862 live-3:101:
769 2797 1055 2867 μάχονται,
1077 2800 1168 2853 16v
1190 2801 1316 2854 Υίὸν
1332 2800 1618 2867 δοκοῦντες
1643 2803 1821 2860 σέϐειν
1843 2807 2049 2874 κακῶς,

473 2883 566 2934 καὶ
595 2883 688 2936 16v
710 2884 806 2955 τῆς
837 2887 1084 2958 ίσότητος
1115 2889 1273 2958 λόγον
1306 2893 1364 2947 ἐν
1396 2895 1509 2957 τοῖς
1540 2893 1706 2958 θείοις
1740 2895 2053 2966 προσώποις

472 2971 720 3041 λύουσινς

2162 1883 2395 1948 ἐκείνοις
2427 1883 2690 1954 οὐδεμίαν
2714 1883 2968 1950 ἐδέξαντο
2998 1881 3326 1952 μεταϐολὴν,
3358 1880 3484 1934 οὔτε
3508 1880 3574 1934 ἐκ
3601 1897 3747 1943 τινος

2160 1975 2516 2048 κακουργίας,
2550 1972 2676 2028 οὔτε
2724 1975 2789 2028 ὲκ
2823 1975 2921 2045 τῆς
2953 1973 3063 2028 τῶν
3099 1972 3566 2044 μεταγραφόντων
3599 1973 3746 2027 ίδιω-

2159 2066 2310 2132 τείας
2343 2067 2731 2140 προϐαλούσης
2767 2066 2868 2138 τὴν
2921 2065 3024 2136 τῆς
3057 2065 3353 2137 ὁμολογίας
3387 2064 3571 2120 αὐτῶν
3623 2083 3748 2119 συν.

2161 2162 2374 2234 ήθειαν.
2423 2162 2585 2232 Λέγω
2637 2163 2743 2228 ὅτι,
2791 2161 2840 2214 εί
2889 2161 2985 2215 καὶ
3040 2159 3408 2228 Αύγουστῖνος
3458 2158 3609 2227 λέγει
3661 2159 3746 2213 61:

2158 2253 2521 2324 ἐκπορεύεται
2545 2254 2606 2308 16
2631 2253 2858 2324 Πνεῦμα
2889 2254 2985 2307 καὶ
3005 2253 3071 2307 ἐκ
3094 2251 3190 2306 τοῦ
3213 2249 3370 2317 Υίοῦ,
3394 2249 3496 2304 οὑκ
3519 2249 3741 2320 ἀνάγκη

2158 2344 2302 2398 οῦτω
2353 2345 2450 2399 καὶ
2504 2345 2602 2416 τὴν
2656 2344 2887 2399 καθόλου
2936 2343 3268 2415 Ἐκκλησίαν
3327 2340 3746 2413 μεταϐαλοῦσαν

2158 2439 2246 2494 διὰ
2294 2437 2388 2492 16v
2425 2439 2794 2508 Αὑγουστῖνον
2835 2439 3074 2510 φρονεῖν.
3133 2437 3353 2504 Ἐκείνη
3387 2435 3498 2503 γὰρ
3536 2433 3746 2503 Αὐγου-

2160 2531 2328 2600 στίνῳ
2359 2531 2486 2594 τοὺς
2514 2529 2612 2598 τῆς
2653 2531 2891 2589 πίστεως
2923 2525 3107 2594 τίθησι
3144 2526 3363 2593 νόμους,
3397 2522 3491 2588 καὶ
3519 2523 3740 2592 ἑκάστῳ

2158 2623 2266 2676 τῶν
2303 2622 2480 2676 ἄλλων
2513 2621 2708 2689 ἀγίων,
2740 2619 2834 2672 καὶ
2863 2617 2964 2670 οὑκ
2996 2615 3164 2688 αὐτὴν
3191 2615 3285 2669 ὑπ’
3311 2613 3476 2668 αὑτοῦ
3501 2613 3606 2686 χρὴ
3641 2631 3743 2667 κα-

2156 2711 2483 2776 νονίζεσθαι.
2527 2710 2648 2764 οὐδὲ
2706 2709 2946 2777 ἀνάγκη,
2995 2705 3132 2760 διότι
3187 2706 3553 2773 Αύγουστῖνος
3584 2700 3743 2759 εἶπεν

2155 2803 2353 2869 οὕτως,
2424 2803 2520 2857 καὶ
2558 2803 2728 2864 οὕτως
2782 2801 2959 2872 ἔχειν·
3026 2799 3184 2854 τοῦτο
3237 2800 3347 2869 γὰρ
3403 2802 3526 2863 ταῖς
3582 2814 3745 2852 κανο-

2159 2897 2338 2958 νικαῖς
2371 2894 2533 2964 μόνον
2571 2893 2842 2963 Γραφαῖς,
2877 2892 2973 2945 καὶ
3003 2893 3124 2953 ταῖς
3172 2891 3581 2960 οίκουμενικαῖς
3615 2908 3741 2943 συν-

2157 2985 2297 3049 όδοις
2345 2987 2406 3039 16
2441 2985 2612 3056 γέρας
2650 2984 3018 3053 πεφύλακται.
3078 2983 3190 3036 Καὶ
3240 2980 3349 3035 ἀπὸ
3399 2980 3497 3050 μὲν
3537 2979 3743 3034 τούτων

557 3067 1026 3140 Ἐπανερχόμενος
1071 3077 1249 3132 τοίνυν
1282 3077 1423 3146 λέγω
1471 3080 1554 3132 61:
1606 3081 1707 3134 οὑκ
1755 3081 1823 3136 ἂν
1851 3085 2130 3155 Αὐγουαρ
2161 3082 2262 3133 οὐκ
2307 3079 2521 3145 ἔξεστιν
2565 3079 2742 3131 οὐδενὶ
2795 3078 3103 3148 ἀναχωρεῖν
3155 3073 3444 3145 ὁρθοδόξῳ,
3482 3072 3640 3136 ἅγιον
3685 3070 3743 3124 δέ

478 3161 651 3224 στῖνος
680 3163 774 3214 καὶ
817 3160 1144 3235 Ἱερώνυμος
1193 3169 1405 3224 ἔδωκαν
1440 3172 1565 3241 μέλι
1599 3173 1843 3230 τοσαῦτα
1887 3177 2051 3247 δηλη-
2087 3225 2090 3228 .

476 3252 638 3321 τήρια
669 3254 936 3324 κρύπτον.
973 3259 1159 3330 Πολλῷ
1191 3262 1393 3330 μᾶλλον
1427 3265 1594 3336 ἐχρῆν
1645 3267 1845 3331 αὐτοὺς
1882 3269 2052 3338 φοϐηο

470 3343 626 3413 θῆναι
680 3349 877 3411 εἰπεῖν,
928 3349 956 3402 6
1007 3351 1202 3422 μηδεὶς
1253 3352 1376 3408 εἶπε
1424 3357 1535 3410 τῶν
1589 3359 1648 3412 ὲν
1680 3361 1747 3429 τῇ
1791 3359 2049 3431 ’Λνατολῇ

470 3436 806 3492 διδασκάλων
837 3440 928 3505 οὓς
958 3443 1156 3497 ἐκεῖνοι
1189 3441 1337 3516 εἶχον
1372 3448 1747 3521 παράδειγμα,
1782 3451 1814 3523 ἢ
1849 3452 1876 3503 6
1910 3453 2050 3506 πά.-

470 3546 559 3591 τες
595 3531 782 3600 ἔλεγον
819 3534 920 3605 τὴν
947 3536 1272 3595 ὑπόστασιν.

423 3614 436 3626 ’
539 3624 738 3692 Τρίτον
766 3625 978 3696 βεϐαιοῖ
1006 3631 1144 3700 ἡμῖν
1163 3633 1262 3700 τὴν
1285 3636 1416 3703 περὶ
1439 3635 1549 3690 τῶν
1580 3635 1761 3708 ρητῶν
1795 3637 2049 3708 ὑποψίαν,

471 3715 552 3768 ὅτι
628 3715 956 3788 Ἱερώνυμος
1018 3723 1113 3777 καὶ
1154 3724 1536 3792 ’Λύγουστῖνος
1588 3727 1904 3796 ὡμολόγουν
1953 3732 2052 3800 τὴν

472 3807 572 3874 τῆς
635 3811 930 3882 καθολικῆς
995 3815 1326 3887 Ἐκκλησίας
1377 3819 1696 3889 ὁμολογίαν,
1734 3823 1828 3876 καὶ
1885 3823 1945 3876 16
1993 3826 2052 3876 ὲν

476 3900 1054 3959 Κωνσταντινουπόλει
1108 3909 1412 3978 ἐκήρυττον
1452 3911 1753 3981 Σύμϐολον,
1805 3915 1899 3968 καὶ
1952 3916 2053 3969 οὑκ

476 3988 535 4041 ἓν
569 3985 637 4060 ἦν
671 3992 819 4056 είκὸς
866 3996 1066 4059 αὐτοὺς
1126 3998 1262 4051 ἄλλα
1319 4000 1418 4071 μὲν
1464 4001 1750 4071 ὁμολογεῖν
1787 4004 1846 4056 ἐν
1886 4006 2052 4077 κοινῴ

473 4080 566 4135 καὶ
591 4085 900 4159 παρρησίᾳ,
938 4088 1075 4144 ἄλλα
1115 4091 1174 4160 δὲ
1215 4091 1320 4163 ίδίᾳ
1365 4094 1725 4164 συγγράφειν.
1752 4097 2047 4168 Τέταρτον,

470 4177 550 4228 ὅτι
579 4177 627 4228 οί
654 4179 877 4232 Λατῖνοι
905 4181 1260 4252 προσέθηκαν
1293 4187 1360 4255 τῇ
1397 4185 1646 4258 θεολογίᾳ
1678 4187 1772 4240 τοῦ
1810 4189 2050 4256 Χριστοῦ

473 4267 562 4320 τοῦ
596 4269 867 4324 Δεσπότου
906 4273 1068 4344 ἡμῶν
1100 4277 1196 4328 καὶ
1244 4277 1354 4330 τῶν
1379 4278 1776 4347 οίκουμενικῶν
1821 4281 2052 4334 συνόδων

469 4363 534 4429 τῇ
567 4361 750 4414 πίστει
779 4364 953 4432 μόνοι,
977 4366 1032 4418 τί
1064 4367 1382 4437 θαυμαστὸν
1403 4364 1472 4438 ἦν
1501 4369 1819 4439 προσθεῖναι
1850 4373 2052 4436 αὐτοὺς

2154 3187 2276 3224 τινα
2319 3169 2351 3240 ἢ
2392 3169 2600 3223 καὶδύο
2617 3169 2858 3231 εὐλαϐῶς
2884 3166 3292 3238 παραιτεῖσθαι,
3313 3166 3370 3218 ὲν
3391 3159 3474 3228 οἷς
3498 3164 3573 3233 μὴ
3598 3179 3743 3233 συμο

2155 3265 2323 3329 φωνεῖ
2347 3265 2412 3334 τῇ
2445 3265 2600 3334 κοινῇ
2625 3262 2775 3333 δόξῃ,
2795 3262 2905 3314 εἴτε
2938 3260 3043 3314 ὑπὸ
3068 3261 3167 3327 τῆς
3197 3261 3256 3312 ἐν
3280 3257 3357 3328 τῷ
3386 3257 3569 3326 λέγειν
3603 3260 3742 3310 κατά

2156 3354 2266 3408 τῶν
2301 3354 2602 3424 αίρετικῶν
2633 3355 2902 3423 ἀνάγκης,
2935 3353 3047 3406 εἴτε
3091 3351 3241 3414 ὅπως
3287 3349 3420 3403 ποτὲ
3452 3350 3538 3418 εἴη
3578 3347 3744 3402 τοῦτο

2158 3446 2376 3517 συμϐὰν
2410 3447 2584 3516 αὐτῷ,
2620 3447 2750 3502 ἄνευ
2777 3447 2878 3516 τῆς
2925 3446 3058 3516 πρὸς
3092 3445 3192 3515 τὴν
3231 3441 3562 3511 Ἐκκλησίαν
3592 3441 3746 3510 φιλο-

2155 3538 2389 3603 νεικίαςο
2433 3539 2483 3592 εί
2529 3538 2640 3610 γὰρ
2689 3537 3124 3608 ἐφιλονείκησεν,
3177 3535 3290 3589 οὐδ’
3322 3536 3390 3589 ἂν
3437 3537 3524 3605 εἴη
3563 3535 3738 3599 ἅγιος.

2155 3631 2264 3685 Καὶ
2291 3629 2440 3684 τοῦτ’
2469 3631 2594 3685 ἐστὶ
2632 3631 2695 3684 16
2725 3629 3025 3697 διακρίνειν
3055 3629 3366 3700 αίρετικοὺς
3407 3628 3502 3680 καὶ
3543 3626 3742 3699 ὀρθοὺς

2154 3721 2535 3788 διδασκάλους,
2570 3721 2632 3776 οὐ
2677 3720 2738 3775 16
2765 3719 2894 3784 τοὺς
2932 3720 3032 3789 μὲν
3066 3720 3235 3790 μηδὲν
3281 3719 3491 3790 ἀπᾷδον
3518 3717 3740 3782 δοξάσαι

2157 3813 2253 3866 καὶ
2282 3815 2461 3866 εἰπεῖν
2505 3812 2732 3876 τούτους
2777 3813 2990 3882 ἁγίους,
3041 3811 3170 3875 τοὺς
3225 3809 3272 3864 δ’
3322 3809 3637 3880 ὑπαχθῆναι
3664 3810 3742 3878 τῷ

2154 3903 2344 3974 ψεύδει
2392 3903 2620 3968 τούτους
2657 3903 2972 3975 αἱρετικοὺς
2998 3943 3014 3969 ,
3055 3902 3194 3957 ἀλλά
3245 3900 3325 3973 τῷ
3360 3900 3739 3971 φιλονεικῆσαι

2155 3996 2468 4068 διῄρηνται.
2516 3997 2901 4066 Ἀφιλονείκως
2957 3996 3015 4049 δὲ
3071 3995 3207 4066 πρὸς
3253 3995 3354 4062 τὴν
3402 3993 3738 4063 Ἐκκλησίαν

2158 4087 2344 4141 πολλοὶ
2374 4088 2546 4140 πολλά
2570 4088 2724 4158 παρὰ
2750 4086 2850 4157 τὴν
2879 4085 3066 4157 κοινὴν
3095 4075 3411 4156 ἐφρόνησαν
3443 4085 3627 4150 δόξαν,
3655 4079 3738 4148 οἷς

2157 4181 2318 4250 ἡμεῖς
2342 4179 2402 4232 ού
2444 4177 2730 4248 τιθέμεθα⁸
2761 4180 2858 4232 καὶ
2885 4179 3032 4248 ὅμως
3064 4177 3258 4240 αὐτοὺς
3289 4177 3365 4240 ὡς
3399 4178 3586 4246 ἁγίους
3614 4178 3742 4229 ἀνυ-

2163 4269 2404 4340 μνοῦμεν
2434 4272 2530 4324 καὶ
2567 4271 2944 4332 διδασκάλους,
2969 4269 3105 4324 διότι
3140 4269 3218 4340 μὴ
3247 4269 3742 4338 πεφιλονεικήκασι

2158 4356 2310 4433 πρὸς
2329 4363 2429 4432 τὴν
2464 4360 2820 4430 Ἐκκλησίαν.
2856 4361 3116 4432 Ἔχοντες
3148 4360 3204 4413 δὲ
3232 4358 3431 4420 αὐτοὺς
3460 4356 3549 4411 διὰ
3579 4357 3741 4411 τοῦτο

471 4456 563 4506 καὶ
597 4457 654 4510 ὲν
695 4459 818 4520 ταῖς
850 4458 960 4511 τῶν
999 4459 1341 4514 διδασκάλων
1384 4462 1566 4516 αὑτῶν
1600 4463 1826 4534 βίϐλοις,
1875 4459 1952 4518 ὧν
1991 4467 2052 4519 16
2084 4450 2128 4505 D
2156 4453 2370 4522 ἁγίους,
2404 4453 2555 4523 ὅμως
2589 4453 2688 4507 οὐκ
2713 4451 3142 4523 ἀναγκαζόμεθα
3169 4452 3388 4522 φρονεῖν
3417 4452 3623 4516 ἐκεῖνα,
3664 4449 3740 4512 ὡς

470 4545 684 4616 ἀξίωμα
717 4547 940 4602 ἔλαττόν
990 4552 1109 4604 ἐστι
1157 4552 1270 4605 τῶν
1322 4552 1720 4623 οίκουμενικῶν
1773 4556 2043 4622 συνόδων;

473 4635 745 4708 Πέμπτον,
778 4631 861 4692 ὄτι
890 4642 946 4693 ἐν
981 4644 1046 4712 τῇ
1084 4643 1311 4714 Φερῤίᾳ,
1356 4645 1490 4712 πρὶν
1519 4645 1780 4699 ἀπελθεῖν
1817 4649 1899 4710 είς
1942 4652 2044 4719 τὴν

466 4729 827 4796 ψλωρεντίαν,
885 4731 978 4782 καὶ
1019 4731 1312 4800 προδοῦναι
1355 4731 1458 4802 τὴν
1500 4732 1760 4802 ἀλήθειαν
1805 4735 2048 4801 ἀγεννῶς

477 4822 835 4892 «ευνηγμένων
861 4824 1078 4878 πάντων
1105 4825 1262 4895 ήμῶν
1291 4827 1350 4881 ὲν
1389 4828 1489 4902 μιᾷ
1519 4829 1805 4899 ἀκροάσει,
1836 4829 2050 4898 ἀνέγνω

477 4917 502 4965 6
541 4915 649 4968 τῶν
687 4916 935 4972 Λατίνων
989 4917 1112 4971 τότε
1160 4919 1744 4990 ὑπεραπολογούμενος
1794 4922 2050 4992 ἀρχιεπί-

477 5022 675 5068 axona;
727 5005 907 5062 Ῥόδου
936 5010 965 5062 ὁ
992 5011 1104 5076 φρὲ
1136 5009 1392 5081 Ἀνδρέας
1421 5015 1483 5066 ὲκ
1514 5011 1625 5070 τῶν
1656 5013 1917 5080 Πράᾷεων
1949 5014 2048 5084 τῆς

473 5092 516 5157 ζ’
551 5095 772 5150 συνόδου
825 5099 883 5152 ὲν
923 5100 1115 5170 βιϐλίῳ
1161 5101 1472 5166 Λατινικῶς
1521 5103 1918 5176 γεγραμμένῳ,
1964 5103 2048 5157 61:

471 5189 529 5240 τὸ
559 5187 785 5260 Πνεῦμα
811 5191 876 5244 ἐκ
905 5190 1000 5245 τοῦ
1027 5194 1242 5265 Πατρδς
1267 5194 1361 5247 καὶ
1389 5195 1520 5249 Υίοῦ
1545 5194 1925 5264 ἐκπορεύεται,
1955 5195 2049 5248 καὶ

470 5281 497 5342 ὴ
510 5279 628 5346 μείς
660 5279 872 5334 πλατὺν
910 5283 1255 5352 ὲγελάσαμεν
1292 5283 1530 5353 γέλωτα.
1573 5285 1641 5340 Ἦ
1670 5284 1778 5356 γὰρ
1806 5284 1901 5338 τοῦ
1936 5285 2049 5338 Τα-

472 5369 659 5438 ρασίου
685 5371 948 5442 ὁμολογία
976 5376 1096 5437 ταῖς
1119 5374 1392 5445 Πράξεσιν
1413 5377 1710 5447 ἐγκειμένη
1739 5378 1804 5429 ἐκ
1837 5377 2052 5450 Πατρὸς

468 5461 537 5512 δι’
569 5461 702 5514 Υίοῦ
749 5463 898 5531 λέγει
955 5465 1380 5535 ἐκπορεύεσθαι,
1420 5468 1542 5528 οὐκ,
1578 5469 1641 5521 ὲκ
1687 5471 1900 5537 Πατρός
1956 5473 2052 5522 καὶ

476 5552 626 5606 Υίοῦ.
666 5554 832 5608 Ὅθεν
863 5559 958 5610 καὶ
990 5558 1357 5624 αἰδεσθέντες,
1390 5560 1743 5626 κατέγνωσαν
1775 5563 1929 5615 αὐτοὶ
1956 5563 2050 5615 τοῦ

473 5646 732 5716 ῥηθέντος
762 5648 1065 5701 ἐπισκόπου
1105 5650 1200 5702 καὶ
1235 5650 1526 5717 ἐξέϐαλλον
1553 5650 1648 5704 τοῦ
1687 5653 1826 5720 ὑπὲρ
1872 5653 2050 5709 αὐτῶν

471 5739 838 5809 διαλέγεσθαι.
872 5735 980 5796 Ἦν
1009 5741 1064 5794 δὲ
1095 5741 1151 5795 16
1180 5741 1386 5810 βιϐλίον
1419 5744 1593 5797 ἐκεῖνο
1619 5741 1761 5798 οὕτω
1801 5759 2049 5815 γεγραμ-

2151 4547 2316 4611 αὐτὸς
2362 4547 2595 4610 ἕκαστος
2629 4543 2752 4601 εἷπε
2803 4546 3008 4616 μᾶλλον
3061 4546 3094 4617 ἢ
3133 4545 3208 4609 ὡς
3255 4546 3306 4598 οἱ
3365 4544 3585 4608 πλείους
3627 4543 3739 4622 τῶν

2155 4639 2350 4708 ἁγίων,
2400 4639 2434 4709 ἢ
2487 4640 2564 4702 ὡς
2599 4639 2656 4692 αί
2705 4638 2941 4706 σύνοδοι,
2977 4640 3012 4710 ἢ
3051 4639 3128 4702 ὡς
3175 4638 3506 4709 ὼριμωτέρα
3544 4635 3739 4705 σκέψις

2153 4731 2262 4784 τῶν
2290 4727 2467 4784 ταῦτα
2496 4728 2864 4795 ὲξεταζόντων
2895 4729 3334 4800 πληροφοροῦσιν
3367 4728 3533 4798 ἡμᾶς.
3552 4725 3740 4789 Οὕτως

2151 4822 2181 4876 ὁ
2214 4824 2387 4894 μέγας
2417 4823 2716 4894 Γρηγόριος
2738 4825 2767 4876 ὁ
2790 4822 3223 4893 Θαυματουργὺς
3246 4817 3404 4874 εἶπεν
3433 4823 3492 4872 ἐν
3523 4816 3740 4871 ἐκθέσει

2151 4917 2250 4987 τῆς
2294 4917 2550 4992 πίστεως,
2606 4918 2689 4969 61:
2717 4917 2746 4970 6
2777 4916 2968 4987 Πατὴρ
3012 4914 3108 4968 καὶ
3149 4916 3178 4966 ὁ
3213 4913 3341 4976 Υἱὸς
3389 4910 3605 4981 ἐπινοίᾳ
3639 4912 3741 4980 μέν

2153 5013 2262 5066 εἰσι
2291 5008 2406 5074 δύο,
2444 5009 2746 5064 ὑποστάσει
2790 5008 2850 5062 δὲ
2881 5009 2960 5062 ἓν.
2999 5009 3109 5060 Καὶ
3157 5005 3466 5070 ἐξαιτιᾶται
3505 5003 3670 5056 αὑτὸν
3711 5006 3739 5057 6

2157 5107 2334 5174 μέγας
2383 5103 2667 5160 Βασίλειος
2701 5103 2762 5155 ἐν
2798 5103 2912 5164 τοῖς
2946 5100 3352 5168 Ἀσκητικοῖς,
3386 5099 3470 5151 61:
3505 5097 3568 5150 οὐ
3617 5096 3737 5166 δογ-

2158 5197 2407 5266 ματικῶς
2436 5191 2560 5248 εἷπε
2589 5194 2769 5261 τοῦτο,
2806 5193 2923 5247 ἀλλ’
2959 5190 3362 5262 ἀγωνιστικῶς.

2237 5287 2298 5340 '0
2351 5288 2513 5350 αὐτὸς
2560 5287 2617 5338 δὲ
2654 5286 2934 5345 Βασίλειος
2988 5283 3081 5337 καὶ
3131 5283 3262 5353 περὶ
3314 5279 3591 5334 Διονυσίου
3644 5279 3738 5334 τοῦ

2168 5377 2581 5448 Ἀλεξανδρείας
2607 5377 2702 5429 καὶ
2730 5374 3009 5445 μάρτυρός
3057 5389 3248 5443 φησιν,
3283 5373 3366 5426 ὅτι
3400 5390 3419 5422 ι
3449 5373 3523 5426 Οὐ
3559 5369 3734 5424 πάντα

2156 5467 2519 5536 θαυμάζομεν
2548 5466 2642 5520 τοῦ
2667 5467 2860 5537 ἀνδρός
2886 5481 2898 5496 ·
2945 5462 3064 5518 ἀλλ’
3091 5464 3241 5518 ἔστιν
3271 5463 3307 5518 ἃ
3333 5465 3425 5516 καὶ
3456 5461 3740 5520 παντελῶς

2153 5561 2556 5630 διαγράφομεψ
2592 5559 2780 5628 σχεδὸν
2809 5558 2920 5628 γὰρ
2948 5558 3180 5624 ταυτησὶ
3210 5557 3309 5626 τῆς
3344 5553 3440 5609 νῦν
3479 5555 3732 5624 θρυλλου-

2155 5654 2325 5722 μένης
2355 5650 2632 5714 ἀσεϐείας,
2661 5652 2761 5721 τῆς
2788 5651 2930 5705 κατά
2954 5651 3044 5704 τὸν
3079 5650 3360 5720 ’Λνόμοιον
3385 5649 3548 5718 λέγω,
3582 5647 3738 5710 οὗτός

2153 5748 2323 5810 ἐστιν,
2356 5744 2455 5798 ὅσα
2484 5760 2547 5805 γε
2583 5745 2738 5794 ὥνιείε
2780 5745 2962 5799 ἕποιεν.
3003 5745 3030 5796 ὁ
3080 5743 3292 5808 πρῶτος
3327 5742 3636 5811 ἀνθρώποις
3670 5741 3736 5794 τὰ
