4104 6398
488 315 596 370 ἧΎὶ

1606 321 1987 386 GENNADII
2030 327 2135 387 ΟΡ.
2179 328 2617 392 PATRIARCII
2632 332 2693 392 Ε

3649 333 3753 397 ’ῖοθ

487 429 652 498 σοφὸς
684 433 775 484 καὶ
813 414 1097 519 ἐπαινετὸς
1125 433 1224 503 τῆς
1281 433 1538 506 τοιαύτης
1571 438 1908 508 φιλοτιμίας,
1931 441 2071 510 ψεκ-
2102 443 2143 502 Α
2175 442 2236 497 τδ
2264 445 2492 516 Πνεῦμα
2522 447 2584 501 τὺ
2610 448 2789 518 ἁγιον,
2818 448 3102 503 τουτέστιν
3134 450 3250 518 ἅμα
3287 449 3366 519 τῷ
3393 447 3508 516 Υίῷ
3538 450 3634 504 καὶ
3658 453 3757 506 σὺν

482 523 566 576 τοὶ
627 521 673 574 δ’
721 522 786 577 ἂν
843 516 956 576 εἷεν
1011 523 1257 592 δικαίως,
1307 526 1356 578 εί
1405 527 1480 598 μὴ
1511 528 1587 592 ὡς
1621 529 1688 582 ἂν
1729 530 1893 594 αὐτὸς
1940 532 2067 601 βου-

482 613 672 683 ληθείη
719 616 830 677 τοῖς
867 615 1033 669 αὑτοῦ
1060 617 1387 686 χρωμένοις,
1416 619 1510 672 καὶ
1558 620 1720 685 εἴτις
1761 623 1836 694 μὴ
1879 626 2069 692 φρονεῖ

483 704 580 759 καὶ
640 705 788 775 λέγει
843 707 935 759 τὸν
994 707 1358 775 Αὐγουστῖνον
1428 712 1704 782 μακάριον
1759 714 1854 766 καὶ
1909 713 2066 783 ἅγιον

483 794 643 860 εἶναι.
677 799 955 869 ἀνάθεμαο
992 801 1160 869 ὅμως,
1185 800 1260 864 ώς
1306 801 1544 872 εἴρηται,
1569 806 1668 868 τὰς
1702 807 2063 872 ἀπαιδεύτους

483 893 516 961 ἢ
544 891 888 961 κακούργους
917 890 1084 953 ἀκοὰς
1112 893 1204 945 καὶ
1233 892 1412 964 ψυχὰς
1445 896 1841 967 φυλαττόμενοι
1881 898 2064 953 αὐτῶν

490 983 725 1050 μάλιστα
751 982 934 1052 χάριν,
965 981 1125 1053 ἡμῶν
1159 983 1216 1038 δὲ
1249 985 1579 1041 ἀπαιδευσία
1607 989 1754 1051 τινὸς
1791 990 1852 1042 εεύ
1893 990 2064 1043 καθά-

484 1076 664 1143 ψεται,
699 1075 803 1138 ἕως
840 1075 906 1128 ἂν
939 1075 1077 1144 μετά
1105 1094 1162 1129 τε
1189 1078 1284 1145 τῆς
1317 1079 1578 1150 ἀληθείας
1620 1082 1794 1151 αὐτῆς
1827 1083 1921 1138 καὶ
1955 1083 2064 1137 τῶν

486 1166 656 1233 ἁγίων
685 1167 795 1219 τῶν
823 1167 1162 1238 ἑκατέρωθεν
1187 1163 1337 1240 ὦμεν
1365 1172 1496 1242 ὀρθῇ
1533 1175 1626 1226 καὶ
1656 1175 1936 1244 ἀκιῆδήλνρ
1970 1175 2066 1229 καὶ

486 1258 938 1329 κεκανονισμένῃ,
969 1261 1064 1314 καὶ
1107 1261 1306 1324 πολλάς
1353 1263 1554 1336 ἐχούσῃ
1601 1266 1699 1327 τάς
1747 1268 2062 1335 συστάσεις,

485 1347 662 1420 διαίτῃ
695 1350 788 1404 καὶ
807 1350 1080 1422 διακρίσει
1105 1353 1215 1405 τῶν
1239 1354 1297 1408 ὲν
1330 1355 1512 1419 αὐτοῖς
1543 1357 1816 1427 διαφόρων
1847 1360 2068 1414 δοκούν-

483 1456 612 1493 των.
648 1440 744 1493 Διά
774 1441 949 1496 ταῦτα
981 1442 1159 1497 τοίνυν
1207 1444 1268 1498 οὐ
1301 1445 1370 1499 τὰ
1400 1446 1508 1500 τῶν
1557 1450 1802 1503 Δυτικῶν
1834 1453 1970 1518 πρδς
2000 1453 2067 1506 τὰ

485 1531 594 1584 τῶν
636 1531 922 1598 Ἀσιανῶν,
957 1526 1095 1588 ἀλλά
1149 1535 1350 1605 μᾶλλον
1397 1541 1548 1609 κοινῇ
1598 1540 1758 1594 πάνθ’
1812 1543 1948 1611 ὁμοῦ
1997 1545 2066 1597 τὰ

486 1622 595 1676 τῶν
651 1623 957 1694 Ἑσπερίων
1005 1627 1100 1679 καὶ
1165 1627 1430 1683 Ἀσιανῶν
1481 1631 1818 1686 διδασκάλων
1873 1635 2066 1704 ρητέον

487 1714 570 1768 ὅτι
599 1715 680 1769 δεῖ
707 1716 784 1786 τῷ
824 1719 927 1788 τῆς
973 1719 1211 1786 πίστεως
1253 1723 1669 1796 ὲφαρμόζεσοαι
1718 1726 1926 1792 κανόνι,
1967 1727 2064 1782 καὶ

485 1804 626 1859 οὕτω
664 1824 727 1876 γε
757 1809 1029 1876 ποιητέον.

555 1902 618 1952 Oi
675 1902 782 1955 ἀπὸ
841 1903 1027 1968 Ἀσίας
1082 1907 1261 1960 τοίνυν
1309 1908 1625 1965 διδάσκαλοι
1692 1911 1944 1980 λέγουσιν
2002 1916 2064 1966 ἐκ

487 1993 696 2063 Ila-:90;
723 1996 1114 2062 ἐκπορεύεσθαι
1143 1998 1200 2052 τὸ
1227 2000 1449 2070 Πνεῦμα
1472 2002 1533 2054 τὸ
1557 2002 1732 2071 ἅγιον,
1753 2006 1846 2057 καὶ
1882 2005 2064 2069 οὐδεὶς

483 2083 637 2138 εἶπεν
673 2090 738 2140 ἐκ
766 2089 979 2159 Πατρὺς
1011 2092 1103 2144 καὶ
1147 2093 1278 2146 Υίοῦ
1315 2094 1738 2164 ἐκπορεύεσθαι.
1770 2098 1974 2160 Πάντες
2006 2097 2063 2151 δὲ

485 2181 732 2245 λέγουσιν
762 2181 824 2233 ἐκ
856 2182 1072 2253 Πατρὶς
1122 2183 1192 2237 δι’
1242 2185 1368 2240 Υίοῦ
1413 2186 1674 2252 δίδοσθαι,
1714 2189 1807 2241 καὶ
1851 2189 2066 2259 πέμπε-

487 2270 633 2332 σθαι,
660 2273 752 2323 καὶ
799 2274 1175 2342 χορηγεῖσθαι,
1206 2277 1302 2329 καὶ
1346 2279 1413 2331 τὲ
1459 2277 1704 2343 τοιαῦτα,
1745 2281 1802 2331 ὲν
1837 2273 1920 2343 οἷς
1962 2281 2063 2334 ούκ

482 2361 631 2412 αίτία
657 2365 857 2416 νοεῖται
911 2365 1018 2418 ἀπὸ
1045 2364 1140 2418 τοῦ
1166 2367 1462 2438 προσώπου
1493 2370 1629 2440 πρὸς
1654 2371 1715 2423 τὸ
1748 2373 2062 2440 πρόςωπον,

484 2450 616 2529 ἀλλὰ
652 2453 852 2522 μᾶλλον
901 2456 958 2521 ἐξ
989 2457 1198 2526 ἀμφοῖν
1233 2460 1380 2513 αἰτία
1435 2462 1571 2530 πρὸς
1626 2462 1687 2514 τὸ
1731 2463 1837 2526 ἔξω
1866 2464 2065 2515 ἀποτέ-

483 2543 680 2610 λεσμα.
721 2546 829 2600 Καὶ
862 2546 951 2600 διᾶι
979 2548 1135 2603 τοῦτο
1163 2551 1223 2604 ού
1255 2551 1416 2620 μόνον
1451 2552 1518 2606 ἐκ
1559 2554 1775 2624 Πατρδς
1806 2554 1876 2606 δι’
1910 2554 2065 2620 Υίοῦ,

483 2637 621 2714 ἀλλά
665 2641 760 2692 καὶ
801 2641 865 2692 ἐκ
899 2641 1112 2710 Πατρός
1159 2643 1254 2696 καὶ
1287 2644 1419 2698 Υίοῦ
1455 2645 1708 2713 λέγουσιν
1742 2646 1949 2712 ἁπλῶς,
1990 2648 2067 2718 μὴ

483 2733 866 2802 προστιθέντες
907 2733 966 2786 τι
1014 2736 1228 2806 Πατρὸς
1269 2738 1590 2808 πέμπεσθαι
1637 2739 1670 2809 ἢ
1716 2739 1958 2794 δίδοσθαι
2004 2742 2066 2794 τὸ

481 2825 709 2895 Πνεῦμα
741 2827 801 2880 τὸ
835 2827 1011 2896 ἅγιον,
1036 2827 1230 2900 ὥσπερ
1270 2833 1363 2885 καὶ
1393 2831 1464 2885 δι’
1500 2833 1629 2886 Υίοῦ
1679 2834 1940 2902 λέγεσθαι
1977 2851 2069 2904 γε-

482 2918 748 2989 γενῆσθαι
805 2921 871 2974 τὰ
925 2920 1076 2987 ὄντα,
1110 2923 1200 2976 ὅτε
1244 2924 1308 2993 δὴ
1364 2927 1456 2978 καὶ
1511 2925 1676 2979 ἑαυτὸ
1728 2926 1929 2981 διδόναι
1971 2927 2067 2980 καὶ

484 3014 726 3079 πέμπειν
778 3014 837 3065 τὸ
871 3014 1096 3082 Πνεῦμα
1151 3017 1490 3069 πιστεύεται.
1529 3017 1717 3070 Ταῦτα
1756 3018 1813 3072 δὲ
1863 3018 2066 3090 καὶτῷ

2169 539 2248 607 τῷ
2281 538 2396 609 Υίῷ
2425 541 2522 594 καὶ
2560 543 2619 594 ὲν
2673 542 2752 611 τῷ
2786 543 2919 613 Υίῷ,
2963 543 3056 596 καὶ
3082 543 3144 595 ού
3193 543 3316 612 δίχα
3353 541 3444 595 τοῦ
3481 542 3634 604 Υίοῦ,
3663 545 3756 597 καὶ

2170 631 2270 684 ούκ
2326 631 2484 697 ἐκτὸς
2531 633 2623 686 τοῦ
2672 634 2843 688 Υίοῦο
2881 635 3054 688 ταῦτα
3109 633 3218 702 γάρ
3264 635 3373 688 τῶν
3426 634 3598 701 ἁγίων
3647 635 3758 688 εἰσὶ

2172 721 2348 776 πάντα
2381 724 2580 791 φωναὶ,
2623 725 2685 776 τὸ
2735 725 2848 777 ἴσον
2880 723 3178 791 δυνάμεναι
3227 723 3424 786 πᾶσαι,
3458 738 3554 775 και
3583 720 3759 774 ταῦτα

2172 811 2351 866 πάντα
2377 815 2409 883 ἡ
2436 813 2534 868 διὰ
2562 815 2819 885 πρόθεσις
2845 815 3091 868 δύναται.

2247 903 2435 958 Ταῦτα
2471 905 2527 958 δέ
2572 924 2758 975 φασιν,
2789 908 2850 961 ού
2887 907 2978 961 καὶ
3023 905 3114 960 τὸν
3145 906 3276 959 Υίδν
3306 905 3479 960 αἴτιον
3511 903 3544 973 ἢ
3580 904 3756 974 ἀρχὴν

2167 997 2260 1051 τοῦ
2316 999 2640 1068 Πνεύματος
2689 999 3026 1070 νοοῦντες,ἢ
3087 999 3366 1052 συναίτιον
3423 998 3502 1067 τῷ
3559 997 3757 1067 Πατρὶ,

2169 1085 2342 1142 ταῦτα
2376 1088 2485 1158 γάρ
2534 1089 2631 1142 καὶ
2675 1089 2992 1159 περιφανῶς
3038 1085 3438 1156 ἁπαρνοῦνται,
3475 1086 3552 1149 ὡς
3581 1085 3761 1139 ἄτοπα

2170 1179 2341 1248 δήπου
2401 1179 2496 1233 καὶ
2526 1178 2700 1248 ψευδῆ
2737 1178 2831 1232 καὶ
2878 1177 3158 1231 ἀσύστατα
3190 1177 3286 1230 κάλ.
3332 1175 3591 1240 ἀδύνατα,
3623 1175 3764 1230 ἀλλὰ

2170 1271 2232 1324 τὸ
2268 1272 2508 1339 συναφὲς
2538 1271 2636 1341 τῆς
2662 1271 2852 1333 οὐσίας
2885 1270 2980 1323 καὶ
3013 1269 3438 1338 ἀπαράλλακτον
3485 1261 3813 1341 παριστά-ξέ

2181 1311 2231 1324 ,ν
2269 1311 2506 1339 "my...
2547 1311 2634 1341 ..,,
2663 1311 2852 1333 πη-..
2888 1311 2980 1323 ..μ
3013 1311 3433 1338 -....,.......,...--.
3492 1311 3732 1336 περ---
3795 1325 3797 1328 ς

2170 1381 2370 1426 νοντες.
2434 1364 2496 1417 EE
2545 1363 2728 1416 τοίνυν
2787 1365 2883 1417 καὶ
2918 1361 3058 1415 κατά
3090 1361 3191 1430 τήν
3244 1376 3407 1413 τινων
3463 1311 3810 1428 ἑρμηνείανῖ

2168 1453 2268 1523 τὴν
2319 1453 2532 1522 φαύλην
2584 1450 2943 1522 ἑρμηνεύοιτο
2980 1448 3156 1512 οὕτως
3187 1450 3254 1502 τὰ
3316 1448 3424 1502 τῶν
3488 1435 3803 1533 ἑσπερίαινῖ

2171 1542 2434 1613 Πατὲρων
2495 1543 2656 1614 ῥητὰ,
2684 1542 2766 1596 ὅτι
2813 1543 2877 1596 ἐκ
2922 1539 3016 1594 τοῦ
3076 1540 3288 1611 Πατρδς
3333 1541 3426 1592 καὶ
3483 1538 3575 1591 τοῦ
3626 1536 3761 1592 Υίοῦ

2169 1635 2531 1703 ἐκπορεύεται
2565 1635 2626 1688 τὸ
2665 1634 2893 1703 Πνεῦμα
2924 1634 2984 1686 τὸ
3015 1633 3194 1698 ἁγιον,
3227 1631 3357 1686 ὥστ’
3393 1629 3534 1684 εῖναι
3569 1631 3629 1684 τὸ
3659 1632 3763 1700 μὲν

2170 1727 2234 1780 ὲκ
2273 1726 2368 1779 τοῦ
2404 1726 2534 1780 Υίοῦ
2587 1727 2708 1780 ἀντὶ
2762 1727 2860 1802 τοῦ
2909 1727 2976 1780 δι’
3024 1725 3181 1790 Υίοῦ,
3215 1725 3273 1778 τὸ
3315 1725 3371 1779 δὲ
3401 1723 3470 1778 δι’
3512 1723 3645 1776 Υίοῦ
3678 1722 3759 1794 μὴ

2171 1821 2272 1888 τὴν
2302 1818 2484 1874 αἰτίαν
2518 1821 2612 1874 καὶ
2640 1818 2741 1890 τὴν
2768 1819 2916 1873 δόσιν
2961 1817 3056 1872 τοῦ
3089 1814 3252 1882 εἶναι,
3285 1818 3421 1870 ἀλλὰ
3464 1816 3563 1886 τὴν
3594 1817 3764 1870 συνάο

2172 1929 2335 1983 φειαν
2363 1912 2456 1966 καὶ
2486 1914 2546 1964 τὸ
2577 1911 3079 1989 συμπεφυσιῶσθαι
3105 1911 3323 1980 δηλοῦν,
3358 1911 3454 1964 καὶ
3500 1909 3674 1972 οὕτως
3708 1911 3762 1962 οἱ

2171 2003 2283 2058 ἀπὸ
2314 2004 2410 2074 τῆς
2451 2003 2722 2075 Ἐσπέρας
2748 2006 2862 2068 τοῖς
2918 2004 3190 2066 Ἀσιανοῖς
3239 2003 3563 2073 συνᾲσονται
3611 2001 3763 2055 διδά-

2174 2096 2388 2161 σκαλοι,
2417 2097 2513 2149 καὶ
2567 2097 2768 2160 πάντες
2811 2095 2948 2166 ὁμοῦ
2997 2095 3072 2164 τῷ
3105 2095 3293 2149 κανόνι
3343 2097 3441 2162 τῆς
3496 2095 3757 2156 πίστεως.

2179 2188 2392 2252 Ἀλλως
2421 2188 2479 2242 δὲ
2515 2189 2569 2241 εἴ
2609 2205 2694 2252 τις
2727 2188 2892 2241 οἴοιτο
2935 2184 3294 2256 συμϐιόάζειν
3343 2184 3560 2250 αὐτοὺς,
3610 2185 3763 2252 ἀμα-

2173 2280 2294 2336 θίαν
2325 2281 2418 2335 τοῦ
2444 2281 2627 2350 λόγου,
2663 2279 2759 2334 τοῦ
2802 2297 2862 2332 τε
2909 2278 3069 2332 ἄλλου
3105 2278 3199 2332 καὶ
3236 2277 3330 2332 τοῦ
3363 2275 3694 2344 θεολογικοῦ,
3723 2276 3760 2346 ἢ

2173 2375 2439 2443 πονηρίαν
2489 2374 2655 2426 νοσεῖ.
2693 2371 2904 2432 ’Ἄλλως
2957 2370 3063 2442 γάρ
3109 2369 3305 2430 αὐτοὺς
3351 2368 3613 2421 ἀδύνατον
3663 2369 3761 2421 καὶ

2171 2453 2421 2536 ἀλλήλοις
2451 2465 2545 2518 καὶ
2574 2467 2652 2536 τῆ
2677 2463 2857 2517 πίστει
2888 2462 3184 2528 συνελθεῖν,
3211 2463 3316 2516 κᾶν
3352 2461 3552 2525 πάντες
3594 2461 3761 2528 ἄγγε-

2170 2556 2255 2611 λοι
2289 2558 2470 2625 φαῖεν,
2500 2557 2613 2625 εἴγε
2644 2551 2756 2610 οἷόν
2781 2573 2840 2608 τε
2869 2551 2938 2626 ἦν
2962 2555 3089 2617 τοὺς
3122 2554 3388 2622 ἀγγέλους
3417 2554 3592 2606 εἰπεῖν
3625 2570 3758 2605 ποτε

2171 2648 2240 2702 τὰ
2279 2649 2355 2719 μὴ
2388 2648 2540 2715 ὄντα,
2573 2650 2671 2703 καὶ¹
2718 2650 2856 2718 αὐτῇ
2895 2651 2963 2718 τῇ
3004 2645 3099 2699 τοῦ
3140 2645 3458 2713 [Ινεύματος
3503 2644 3760 2698 διδασκα-

2171 2739 2264 2811 λίᾳ
2304 2739 2380 2810 μὴ
2431 2741 2767 2809 συμφωνεῖν.
2797 2739 2954 2796 Οῦτω
2999 2740 3057 2792 δὲ
3112 2739 3206 2792 καὶ
3235 2737 3287 2790 οἱ
3333 2737 3594 2806 ἡμέτεροι
3643 2737 3754 2788 ﬂa-

2173 2832 2332 2904 τέρες
2377 2831 2473 2886 καὶ
2523 2831 2900 2902 καθηγεμόνες
2939 2831 3162 2898 αὐτοὺς¹
3195 2828 3568 2893 συνεϐίόαζον,
3616 2829 3753 2882 πολὺ

2173 2923 2460 2996 ἀξιώτεροι
2511 2925 2623 2981 τῶν
2679 2925 2774 2979 νῦν
2809 2925 3138 2993 τολμώντων
3197 2923 3429 2984 ἐκείνοις
3478 2923 3759 2989 ἀντινομο-

2173 3018 2370 3084 θετεῖν,
2404 3017 2460 3072 εἴ
2497 3035 2580 3080 τις
2619 3017 2714 3071 καὶ
2751 3016 2993 3080 τοιοῦτός
3045 3018 3213 3070 ἐστιν.
3257 3014 3320 3068 Ἦ
3374 3014 3482 3082 γάρ
3515 3015 3574 3066 ἐν
3614 3012 3757 3064 Φλω-

485 3101 648 3172 κοινῷ
679 3103 862 3156 κανόνι
890 3105 986 3172 τῆς
1013 3105 1251 3168 πίστεως
1283 3106 1531 3178 ἀκριϐῶς
1566 3111 1872 3179 συμφωνεῖ,
1910 3111 1986 3174 ὡς
2009 3113 2067 3168 ὲν
2095 3115 2138 3174 C
2176 3111 2361 3181 ρεντίᾳ
2417 3108 2751 3180 συμόίὸασις
2795 3108 2908 3161 τῶν
2937 3108 3133 3176 ἁγίων,
3162 3109 3195 3176 ἡ
3249 3106 3338 3160 διὰ
3370 3103 3461 3157 τοῦ
3495 3105 3610 3157 ἐκεῖ
3631 3104 3754 3171 ὅρου

482 3198 550 3264 τῇ
580 3194 1044 3266 προικτεθειμένῃ
1082 3196 1344 3268 ὁμολογίᾳ
1385 3199 1570 3262 καλῶς
1593 3199 1886 3255 δέδεικται.

554 3287 742 3355 Τούτῳ
771 3287 948 3340 τοίνυν
977 3289 1054 3356 τῷ
1085 3289 1272 3344 κανόνι
1293 3292 1396 3360 τῆς
1431 3291 1668 3357 πίστεως
1697 3294 1982 3364 ἑπόμενοι,
2022 3293 2068 3368 ᾧ

485 3383 577 3434 καὶ
605 3383 634 3434 ό
661 3381 826 3444 τύπος
851 3381 959 3434 τῶν
994 3383 1258 3437 Ἀσιανῶν
1288 3387 1574 3455 συμφωνεῖ
1595 3387 1780 3454 καλῶς
1813 3389 2069 3447 διδασκά-

484 3475 613 3541 λων,
650 3473 781 3528 ἔνθα
819 3475 1040 3543 λέγεται
1083 3475 1190 3530 ὑπὸ
1238 3477 1348 3530 τῶν
1392 3479 1664 3550 ἐσπερίων
1694 3483 1954 3552 Πατέρων
1987 3486 2069 3538 ὅτι

484 3569 545 3620 τδ
586 3568 810 3636 Πνεῦμα
861 3569 1102 3637 πρόεισιν
1137 3569 1201 3622 ὲκ
1253 3569 1466 3642 ΙῙατρὸς
1496 3574 1592 3625 καὶ
1621 3573 1771 3638 Υίοῦ,
1816 3574 2068 3645 βούλεται

485 3661 593 3730 γὰρ
638 3661 823 3725 αὐτοῖς
855 3662 915 3713 τὸ
943 3660 1269 3730 προκέδερε
1290 3663 1428 3734 ὅπερ
1462 3665 1594 3735 ⁴ἡμῖν
1647 3665 1706 3718 τὸ
1765 3668 2064 3736 πρόεισιν,

485 3753 925 3822 ἀναπτύσσωμεν
976 3754 1078 3816 τὴν
1126 3754 1390 3825 τοιαύτην
1440 3757 1622 3810 αὐτῶν
1671 3757 1938 3828 πρότασιν
1981 3761 2071 3814 οῦ-

485 3861 614 3914 τιυςθ
660 3845 755 3897 Ἐκ
797 3843 889 3898 τοῦ
944 3846 1156 3916 Ιιατρδς
1208 3846 1302 3899 καὶ
1343 3847 1439 3900 τοῦ
1482 3848 1608 3901 Υἰοῦ
1647 3851 1915 3919 πρόεισιν,
1949 3852 2069 3904 ἁλλ’

486 3938 552 4012 ἐκ
599 3936 700 4006 μὲν
745 3936 837 3989 τοῦ
888 3937 1101 4006 Πατρδς
1135 3937 1527 4007 ὑφιστάμενον,
1560 3939 1741 3993 είτουν
1769 3944 2064 4011 ἐκπορευό·

487 4046 670 4098 μενον,
700 4029 766 4081 ἐκ
792 4028 848 4082 δὲ
880 4026 973 4082 τοῦ
1005 4027 1156 4096 Υίοῦ,
1186 4030 1382 4082 ταυτὸν
1421 4029 1477 4082 δὲ
1498 4031 1694 4083 -είπεῖν
1728 4031 1790 4095 ἐξ
1837 4033 2066 4102 ἀμφοῖν,

484 4123 652 4193 ἤγουν
698 4122 761 4172 ἐκ
806 4119 1017 4188 Πατρὸς
1063 4119 1133 4173 δι’
1186 4117 1340 4184 Υίοῦ,
1379 4120 1810 4190 χορηγούμενον,
1848 4122 1879 4191 ἢ
1927 4121 2068 4176 διδό-

484 4231 670 4282 μενον,
701 4214 840 4267 διότι
880 4211 1124 4282 φυσικῶς
1174 4212 1326 4265 ὲστιν
1357 4213 1416 4265 ἐν
1444 4212 1618 4286 αύτῷ,
1647 4216 1742 4268 καὶ
1771 4213 2063 4283 ὁμοούσιόν

481 4311 631 4367 ἐστιν
655 4303 804 4375 αὐτῷ
827 4322 842 4337 ο
882 4304 977 4357 καὶ
1000 4301 1144 4357 οὕτω
1179 4303 1569 4374 συμφωνοῦσιν
1599 4307 1915 4376 ἀμφότεραι
1950 4307 2062 4363 τῶν

483 4399 654 4475 ἁγίων
687 4397 744 4450 αἱ
786 4398 972 4466 μοῖραι
1027 4398 1087 4449 έν
1144 4395 1222 4467 τῷ
1257 4397 1446 4450 κανόνι
1502 4398 1604 4467 τῆς
1662 4399 1927 4467 ἀληθείας
1970 4400 2064 4453 καὶ

2172 3203 2522 3273 γεγενημένη
2550 3203 2645 3256 καὶ⁵
2674 3202 2782 3255 τῶν
2811 3199 3061 3256 Λατίνων
3092 3198 3226 3253 οῦσα
3256 3198 3488 3269 ἀρχαῖον
3515 3193 3752 3265 εὕρημα,

2174 3295 2360 3360 ὲξότου
2388 3293 2727 3364 προσέθεσαν
2756 3292 2833 3362 τῷ
2857 3291 3119 3362 Συμϐόλῳ
3141 3291 3238 3359 τῆς
3265 3291 3522 3354 πίστεως,
3537 3285 3755 3340 τοιαῦτα

2174 3386 2284 3456 γὰρ
2313 3386 2488 3456 δήπου
2516 3385 2770 3448 λαὸόντες
2799 3384 2856 3438 ὲν
2886 3383 2964 3454 νῷ
3011 3384 3114 3452 τὴν
3161 3382 3486 3452 προσθήκην
3514 3378 3752 3442 ἐποίουν,

2176 3477 2564 3546 ὑπογραφεῖσα
2625 3476 2681 3530 δὲ
2737 3474 2843 3528 ύπὺ
2892 3474 3002 3528 τῶν
3035 3476 3320 3546 ἡμετέρων
3372 3469 3754 3540 ἐγκαταλείψει

2172 3567 2267 3620 τοῦ
2301 3565 2460 3630 Θεοῦ,
2489 3564 2554 3637 νὴ
2585 3565 2680 3637 τὴν
2709 3564 2862 3636 ἱερὰν
2893 3563 3174 3634 ἀλήθειαν,
3207 3561 3606 3632 Νεστοριανοὺς
3632 3557 3752 3619 τοὺς

2173 3659 2476 3728 ἡμετέρους
2505 3659 2809 3728 προγόνους
2852 3657 3203 3710 ἀποδείκνυσι
3232 3654 3469 3717 πάντας,
3499 3653 3576 3715 ὡς
3602 3649 3756 3704 αὐτοὶ

2172 3752 2391 3805 Λατῖνοι
2426 3750 2647 3818 λέγουσι
2671 3747 3050 3819 Νεστοριανὴν
3096 3743 3236 3800 εἶναι
3275 3745 3376 3815 τὴν
3420 3746 3531 3798 τῶν
3561 3743 3756 3814 προγό-

2175 3860 2280 3896 νων
2315 3842 2472 3912 ἡμῶν
2503 3840 2756 3895 ένστασίν
2789 3857 2849 3894 τε
2879 3842 2974 3894 καὶ
2999 3839 3158 3906 δόξαν
3186 3839 3278 3892 καὶ
3309 3837 3433 3900 τοὺς
3477 3837 3754 3898 Ἀσιανοὺς

2173 3933 2550 3998 διδασκάλους,
2583 3932 2612 3985 ὃ
2640 3931 2807 3985 πλέον
2837 3931 3003 3985 ἐστίν.
3039 3929 3112 3983 Τὸ
3141 3929 3196 3983 δὲ
3233 3929 3493 3982 ἐπέκεινα
3522 3927 3630 3981 τῶν
3661 3943 3755 3978 κα-

2174 4024 2287 4077 κῶν
2323 4024 2382 4077 ού
2415 4023 2562 4092 λέγω
2592 4023 2929 4094 φειδόμενος.
2974 4023 3164 4091 Ἡμεῖς
3195 4021 3375 4073 τοίνυν
3406 4020 3454 4072 εί
3506 4017 3602 4071 καὶ
3638 4034 3754 4085 φειο

2171 4114 2376 4185 δόμεθα
2422 4115 2626 4182 λέγειν,
2657 4114 2831 4168 ὁπόσα
2885 4115 3017 4185 ἡμῖν
3051 4110 3345 4166 ὑποϐάλλει
3399 4111 3461 4164 τὸ
3513 4109 3752 4172 συνειδὸς

2175 4209 2306 4277 περὶ
2334 4207 2434 4276 τῆς
2467 4207 2764 4277 διαφωνίας
2799 4207 3020 4276 ἐκείνης
3051 4205 3164 4258 τῶν
3215 4203 3573 4266 διδασκάλων,
3609 4201 3752 4254 οὕτω

2172 4300 2280 4369 γὰρ
2318 4286 2426 4370 χρῆ
2471 4299 2670 4370 μᾶλλον
2724 4299 2905 4370 λέγειν
2953 4299 2985 4368 ἢ
3031 4297 3376 4368 συμφωνίας,
3404 4294 3518 4350 ἀλλ’
3548 4293 3753 4348 διπλοῦν

2171 4411 2225 4447 τι
2254 4393 2413 4448 τοῦτο
2443 4393 2696 4463 λέγομεν,
2726 4393 2809 4446 ὅτι
2860 4390 2986 4446 οὕτε
3027 4393 3341 4463 συμφωνεῖν
3373 4389 3554 4460 ἐκείνη
3584 4389 3750 4450 ἐστὶν,

481 4468 658 4552 άλλως
705 4490 976 4558 οὐδαμῶς.
1019 4489 1108 4542 Ἐν
1164 4466 1276 4558 γὰρ
1323 4487 1400 4558 τῷ
1449 4466 1678 4543 καὶτὸν
1715 4466 1842 4544 Υίὸν
1892 4492 2067 4547 αἴτιον
2099 4466 2288 4557 Dol'rr’
2335 4485 2510 4549 ἄλλως
2570 4485 2827 4539 δύνανται
2874 4484 3218 4553 συμφωνεῖν,
3253 4480 3408 4550 ἢ,ὼς
3466 4481 3599 4548 ἡμῖν
3657 4478 3753 4530 νῦν

484 4579 624 4640 εἶναι
653 4581 685 4652 ἢ
718 4580 892 4650 ἀρχὴν
921 4578 1014 4632 τοῦ
1072 4581 1392 4650 Πνεύματος
1443 4583 1504 4634 ού
1559 4583 1969 4652 συμφωνοῦσιν.
2003 4586 2066 4639 Οἱ

489 4673 959 4744 γάρἈνατολικοὶ
989 4672 1190 4734 πάντες
1234 4672 1529 4742 ἀρνοῦνται
1576 4675 1668 4727 τὸν
1719 4674 1847 4729 Υίὸν
1893 4677 2068 4732 αἴτιον

484 4761 648 4829 εἶναι,
694 4763 727 4834 ἢ
775 4762 970 4834 ἀρχὴν,
1023 4763 1056 4835 ἢ
1114 4762 1384 4830 προὸολέα
1427 4764 1524 4818 τοῦ
1579 4765 1920 4834 Πνεύματος,
1969 4769 2066 4822 καὶ

487 4858 636 4930 μόνῳ
677 4855 755 4928 τῷ
805 4857 980 4926 Πατρὶ
1021 4856 1092 4909 τὰ
1137 4857 1366 4910 τοιαῦτα
1422 4855 1636 4910 ἅπαντα
1687 4857 2063 4930 ἀφορίζουσιν.

487 4928 547 5024 Et
589 4947 647 5001 δὲ
673 4946 740 5000 τὰ
773 4945 879 4999 τῶν
926 4945 1201 5016 ἑσπερίων
1239 4945 1496 5017 Πατέρων
1532 4947 1672 5018 ῥητὰ
1705 4928 2067 5014 ἄλλωςτινὲς

487 5039 870 5118 ξρμηνεύουσι,
918 5037 1102 5101 κακῶς
1151 5038 1557 5109 ὲρμηνεύουσι·
1608 5039 1788 5103 καλῶς
1836 5040 1891 5092 δὲ
1939 5059 2072 5112 γνη-

487 5134 614 5200 σίως
641 5129 1055 5202 ἐρμηνευόμενα
1091 5133 1201 5196 τοῖς
1232 5132 1341 5185 τῶν
1379 5133 1559 5187 ἄλλων
1605 5133 1775 5200 ἁγίων
1814 5133 2068 5205 συνᾴδειν

485 5225 737 5287 δύνανται
769 5226 910 5280 κατὰ
936 5225 1004 5277 τὰ
1041 5225 1446 5296 προειρημένα.
1487 5226 1610 5278 Ἔτι
1645 5226 1707 5278 τὸ
1753 5225 1978 5296 Πνεῦμα
2009 5227 2068 5281 τὸ

486 5315 638 5391 {fg-{nov
668 5319 734 5370 ἐκ
770 5316 862 5371 τοῦ
912 5316 1125 5387 Πατρὸς
1173 5317 1275 5388 μὲν
1315 5319 1644 5387 ὑφέστηκεν,
1677 5318 1968 5386 ὁμοούσιον
2009 5319 2068 5372 δέ

486 5408 602 5462 ἐστι
632 5409 708 5478 τῷ
734 5408 872 5479 Υίῷ,
899 5411 994 5462 καὶ
1039 5408 1213 5473 οὕτως
1247 5411 1323 5473 ὡς
1376 5412 1434 5462 ὲν
1481 5411 1737 5480 ἀλλήλοις
1779 5407 1922 5464 εἶναι
1977 5412 2068 5464 τὸν

496 5499 616 5551 Υἱὸν
645 5499 739 5552 καὶ
766 5501 826 5554 τι)
869 5499 1117 5569 Πνεῦμα,
1145 5501 1219 5565 ὡς
1251 5503 1343 5555 καὶ
1374 5505 1402 5555 ὁ
1433 5503 1620 5574 Πατὴρ
1652 5504 1744 5555 καὶ
1774 5504 1802 5555 ό
1839 5504 1967 5565 Υιὸς
2012 5505 2070 5557 ἐν

487 5590 736 5658 ἀλλήλοις
767 5592 906 5644 εἰσὶν
934 5594 968 5662 ἡ
998 5593 1094 5660 τῆς
1116 5594 1352 5656 πίστεως
1383 5594 1642 5658 ὑπόθεσις
1679 5594 1848 5662 λέγει.
1879 5595 2070 5667 Τούτῳ

489 5679 670 5730 τοίνυν
703 5679 780 5747 τῷ
828 5682 1012 5734 κανόνι
1068 5682 1322 5752 ἑπόμενοι
1355 5686 1401 5736 οἱ
1437 5686 1583 5753 ἅγιοι
1633 5687 1682 5737 οἱ
1738 5685 1868 5753 παρ’
1915 5689 2068 5758 ἡμῖν,

494 5767 638 5820 ἔστιν
669 5763 728 5822 οὗ
754 5771 1003 5841 λέγουσιν
1046 5773 1103 5824 ἐκ
1142 5775 1350 5844 Πατρδς
1389 5776 1454 5827 δι’
1507 5777 1636 5840 Υῐου
1671 5779 2068 5846 ἐκπορεύεσθαι

2178 4579 2415 4650 είρηται,
2445 4582 2540 4632 καὶ
2587 4578 2693 4647 πρὸ
2723 4576 2879 4648 ἡμῶν
2932 4578 3048 4638 τοῖς
3077 4575 3237 4645 ἡμῶν
3294 4573 3430 4627 πολὺ
3478 4571 3750 4642 ἀμείνοσι,

2178 4671 2435 4741 καὶπρὸς
2468 4671 2641 4740 τούτῳ
2675 4670 2770 4725 καὶ
2805 4669 3124 4737 θειοτέροις.

2248 4765 2311 4818 El
2341 4763 2398 4817 δέ
2432 4781 2514 4827 τις
2565 4763 2712 4830 λέγοι
2763 4763 2869 4826 ὅτι,
2915 4761 3073 4815 Ἀλλά
3125 4760 3302 4830 βίαιός
3357 4761 3508 4813 ἐστιν
3539 4761 3679 4829 αὕτη
3720 4761 3752 4828 ἡ

2178 4856 2492 4926 συμφωνία,
2521 4848 2677 4916 οὗτος
2729 4853 3012 4924 ψεύδεται.
3048 4852 3190 4906 Πολὺ
3248 4852 3356 4921 γὰρ
3407 4850 3476 4904 ἂν
3523 4849 3611 4920 εῖη
3669 4849 3754 4918 βεο

2172 4944 2458 5015 ϐαιότερον
2514 4944 2602 4998 διὰ
2653 4944 2764 4997 τῶν
2804 4944 2992 5014 σαφῶν
3023 4943 3092 4996 τὰ
3139 4942 3495 5011 ἀσαφέστερα
3544 4940 3752 5009 ἐξηγεῖ-

2175 5035 2320 5101 σθαι,
2349 5039 2442 5089 καὶ
2490 5036 2795 5099 κανονίζειν
2849 5036 2919 5089 τὰ
2972 5036 3062 5090 διὰ
3090 5035 3200 5089 τῶν
3243 5035 3656 5106 ἀκριϐεστέρων
3687 5033 3754 5085 τά

2170 5125 2336 5201 ἦττον
2386 5127 2497 5182 τῶν
2552 5129 2810 5183 τοιούτων
2840 5130 2988 5192 ὅπως
3021 5129 3175 5182 ποτέ.
3219 5127 3644 5197 Ἀκριδέστερον
3689 5125 3748 5176 δὲ

2171 5221 2354 5292 ἔχουσι
2385 5223 2555 5294 δήπου
2587 5223 2657 5276 τά
2701 5226 2822 5286 ταῖς
2855 5224 3168 5285 κανονικαῖς
3197 5221 3463 5291 Γραφαίς,
3495 5220 3595 5273 καὶ
3634 5222 3754 5281 ταῖς

2171 5315 2280 5368 τῶν
2335 5315 2681 5385 Χριστιανῶν
2731 5315 2970 5377 συνόδοις
3028 5313 3348 5384 συνᾴδοντα,
3385 5309 3475 5366 οἷά
3525 5313 3633 5366 είσι
3685 5310 3754 5364 τά

2171 5407 2278 5461 τῶν
2319 5408 2587 5462 Ἀσιανῶν
2624 5406 2979 5471 διδασκάλων,
3012 5404 3044 5475 ἢ
3079 5408 3143 5460 ἐκ
3201 5405 3295 5458 τοῦ
3348 5404 3451 5474 τῆς
3497 5403 3750 5472 γλώττης

2173 5499 2464 5572 ἰδιώματος
2521 5502 2555 5572 ῆ
2621 5501 2826 5554 πλείονι
2881 5499 3211 5569 ἐπιστασίᾳ,
3273 5497 3304 5566 ἢ
3364 5496 3553 5558 ἄλλαις
3608 5494 3752 5548 τισὶν

2170 5595 2368 5656 αἰτίαις
2411 5593 2484 5664 μὴ
2523 5596 2991 5663 προσισταμέναις
3019 5595 3085 5663 τῇ
3135 5591 3244 5644 τῶν
3288 5589 3465 5645 ἄλλων
3495 5588 3750 5641 διδασκα-

2169 5686 2277 5739 λων
2309 5687 2563 5754 εὐσεϐείᾳ
2590 5687 2682 5739 καὶ
2713 5686 2980 5756 ἁγιότητι.
3018 5683 3181 5738 Ἀλλὰ
3217 5683 3310 5737 καὶ
3345 5685 3392 5734 εἰ
3423 5681 3661 5751 μηδεμία
3685 5675 3753 5750 ἦν

2176 5778 2414 5850 μηχανὴ,
2466 5777 2721 5833 ἕλκεσθαι
2783 5779 2851 5833 τὰ
2911 5777 3019 5834 τῶν
3084 5776 3359 5843 ἑσπερίων
3419 5773 3753 5829 διδασκάλων
