4104 6456
402 381 512 440 7J3

1524 381 1899 444 GENNADII
1942 381 2051 444 (ΖΡ.
2093 380 2604 443 ΡΑΤΒΙΑΠΟΠΑΞ

3562 368 3666 433 7οί

404 495 465 548 οὑ
496 492 798 564 προάγουσι
823 496 971 550 δυοῖν
997 496 1162 551 ἕνεκα
1192 496 1286 551 καὶ
1312 496 1436 552 κατ’
1469 496 1668 561 αὐτοὺς
1716 498 1841 561 τούς
1882 499 1986 551 Λαι-
2014 508 2056 566 Α
2089 497 2251 568 δεμιᾷ
2279 496 2338 551 ἐν
2368 498 2662 568 πρόσωπον
2685 497 2713 550 6
2734 494 2923 567 Πατὴρ
2952 493 3044 550 καὶ
3066 493 3095 547 6
3118 491 3244 556 Υἱὸς
3270 490 3495 546 δύναται
3528 489 3671 543 vost-

406 587 620 648 τίνους·
661 591 802 641 κατὰ
846 588 943 657 μὲν
967 587 1057 642 τὸν
1090 588 1293 659 Θωμᾶν
1332 589 1414 643 ὅτι
1447 586 1591 642 οὑτω
1614 587 1981 658 δημιουργοῦ-

410 695 495 731 σιν
525 680 580 732 αί
612 678 754 734 θεῖαι
811 681 1140 745 ὑποστάσεις
1193 681 1291 752 τὴν
1343 682 1520 736 κτίσιν
1547 681 1684 735 καθό
1726 682 1865 734 εἰσιν
1903 673 1981 742 εἷς

411 770 656 839 δηλονότι
685 771 839 838 Θεὸς,
870 771 952 826 διὸ
984 773 1076 825 καὶ
1110 770 1188 837 εἷς
1214 774 1557 843 Δημιουργός
1589 775 1705 826 ἐστι
1732 774 1830 840 τῆς
1867 772 1985 825 κτί-

412 879 550 931 σεως
569 880 582 895 ·
619 865 761 917 κατὰ
788 863 843 917 δέ
867 863 955 917 τὸν
984 863 1206 930 Σκότον,
1238 864 1372 918 διότι
1400 863 1461 919 τὸ
1492 864 1716 933 Πνεῦμα
1743 863 1802 916 τὸ
1836 864 1988 923 ἅγιον

413 954 659 1023 προῆγεν
689 955 755 1010 ἂν
779 956 960 1021 ἑαυτὸ,
993 958 1110 1012 ἔστι
1160 958 1266 1028 γάρ
1295 957 1353 1012 ἓν
1383 960 1452 1028 τῇ
1501 956 1663 1028 οὐσίᾳ
1694 956 1833 1026 μετὰ
1877 955 1988 1008 Πα-

415 1048 543 1117 τρὸς
567 1048 663 1103 καὶ
713 1048 869 1103 Υίοῦ.
901 1051 1017 1103 Καὶ
1059 1051 1117 1104 ἐν
1155 1050 1330 1121 ταύτῃ
1351 1052 1418 1120 τῇ
1456 1050 1721 1119 προτάσει
1753 1050 1819 1120 τῇ
1853 1050 1935 1102 ὅτι
1963 1050 1991 1103 6

421 1140 607 1210 Πατὴρ
630 1141 728 1194 καὶ
750 1143 779 1195 6
805 1140 935 1205 Υἱὸς
985 1141 1046 1197 ἓν
1074 1141 1183 1195 εἰσι
1233 1144 1297 1212 τῇ
1329 1141 1511 1212 οὐσίᾳ,
1549 1141 1641 1195 καὶ
1669 1139 1731 1194 τὸ
1765 1140 1993 1211 Πνεῦμα

418 1232 480 1285 τὸ
510 1232 665 1301 ἆγιον
702 1233 1017 1304 περιέχεται
1063 1218 1120 1288 ἐν
1150 1236 1217 1306 τῇ
1269 1235 1407 1305 αὐτῇ
1433 1236 1533 1305 τῆς
1562 1235 1750 1298 οὐσίας
1779 1235 1995 1303 ἐνότητι

422 1323 501 1379 ὅν.
544 1325 698 1378 Ἐπεὶ
728 1326 962 1398 τοίνυνῆ
997 1327 1161 1382 ἑαυτὸ
1194 1328 1421 1399 προάξει
1453 1328 1516 1382 τὸ
1541 1327 1786 1399 Πνεῦμα,
1814 1327 1848 1399 ἢ
1881 1328 1999 1381 κτί-

426 1434 539 1485 σμα
573 1418 747 1479 ἔσται.
769 1419 864 1472 καὶ
916 1419 1015 1489 τῆς
1070 1419 1222 1483 θείας
1255 1421 1359 1486 ἐξω
1383 1421 1659 1490 ἐνότητος,
1691 1422 1741 1474 εί
1773 1420 1906 1475 καθὸ
1936 1420 1997 1474 ἐν

2086 589 2210 644 σθαι
2239 590 2272 661 ἢ
2305 589 2585 658 λέγεσθαι,
2611 589 2757 643 ὥστε
2787 588 2954 659 ἕωλός
2989 588 3139 641 ἐστιν
3167 588 3198 655 ἡ
3246 584 3562 655 ἀπόκρισις.

2162 682 2348 737 Ι’Δλλοι
2370 683 2623 751 λέγουσιν
2652 684 2735 737 ὅτι
2755 684 2784 736 6
2811 678 3002 751 Πατὴρ
3026 681 3122 735 καὶ
3144 681 3173 733 ό
3212 677 3344 742 Υἱὸς
3371 675 3673 746 προάγωσι

2087 771 2149 828 τὸ
2168 774 2395 843 Πνεῦμα
2436 774 2499 828 τὸ
2548 773 2726 841 ἅγιον,
2776 769 2901 825 οὐτε
2931 767 3068 824 καθό
3111 768 3250 821 εἰσιν
3285 759 3364 829 εἷς
3401 759 3673 825 καθάπαξ,

2088 869 2215 924 οὐτε
2254 868 2391 924 καθό
2419 868 2528 921 τίσι
2549 865 2644 920 δύο
2674 861 2953 927 καθάπαξ,
2985 859 3122 915 ἀλλὰ
3143 856 3280 913 καθό
3310 856 3418 910 είσι
3447 851 3543 907 δὺο
3573 845 3671 913 εἷς’

2091 964 2126 1035 ὴ
2158 961 2266 1030 γὰρ
2327 955 2667 1031 προϐλητικὴ
2720 955 2951 1024 δύναμις
3014 950 3276 1021 ἁρμόττει
3337 946 3522 1009 αὐτοῖς
3583 942 3679 995 καὶ

2094 1056 2232 1112 καθό
2272 1056 2380 1109 είσι
2398 1054 2512 1115 δύο,
2541 1049 2638 1105 καὶ
2666 1048 2804 1104 καθό
2840 1048 2980 1101 είσιν
3027 1044 3107 1112 ἒν,
3140 1041 3303 1113 φύσιν
3340 1039 3452 1110 γὰρ
3479 1036 3681 1107 σημαί-

2097 1164 2247 1201 νουσι
2275 1142 2417 1215 μετὰ
2441 1142 2725 1210 ἰδιότητος·
2759 1138 2855 1193 καὶ
2874 1139 2951 1201 ὡς
2977 1134 3076 1206 μὶν
3101 1126 3461 1203 σημαίνουσιν
3484 1128 3680 1199 ίδιότη-

2098 1254 2168 1293 τα
2200 1236 2353 1291 οὐδὲν
2388 1232 2650 1288 ἀδύνατον
2683 1230 2954 1301 ὑπάρχειν
2984 1227 3158 1297 αὐτὴν
3186 1224 3569 1294 ὑποκειμένοις
3589 1221 3684 1275 δυο

2103 1331 2224 1391 σιν,
2270 1327 2466 1395 ἐφόσον
2500 1325 2630 1394 μίαν
2669 1321 2854 1393 ἔχουσι
2887 1319 3054 1390 φύσιν
3077 1333 3093 1350 ο
3130 1317 3206 1379 ὡς
3242 1315 3300 1369 δέ
3354 1312 3685 1382 σημαίνουσι

2108 1421 2295 1491 φύσιν,
2335 1419 2394 1473 ἐν
2425 1421 2532 1472 είσι
2559 1417 2628 1471 τά
2655 1414 2916 1482 τοιαύτην
2952 1411 3117 1482 φύσιν
3152 1410 3367 1479 ἔχοντα.
3396 1405 3544 1475 Αὕτη
3570 1403 3626 1457 δὲ
3652 1405 3685 1473 ἡ

422 1509 529 1559 εἱσι
558 1510 624 1577 τῇ
675 1508 837 1579 οὐσίᾳ
891 1508 1287 1578 προϐάλλουσιν
1336 1506 1471 1562 αὐτὸ
1525 1510 1552 1561 6
1613 1507 1803 1576 Πατὴρ
1852 1507 1947 1561 καὶ
1972 1507 2000 1558 6
2104 1514 2400 1581 ἀπόκρισις
2435 1509 2622 1580 σχεδὸν
2658 1508 2694 1577 ἠ
2723 1507 2862 1576 αὑτὴ
2886 1500 3022 1559 οὖσα
3049 1505 3125 1574 τῇ
3144 1500 3409 1572 προτέρᾳ,
3439 1493 3684 1565 τερατώ-

424 1602 577 1669 Υίὸς,
626 1602 924 1674 βλάσφημα
963 1603 1020 1657 δὲ
1049 1605 1232 1658 ἐκεῖνα
1278 1602 1596 1673 προδήλως’
1648 1600 1846 1655 οὐκοῦν
1880 1600 2004 1654 οὐδὲ
2103 1606 2199 1676 δης
2227 1604 2397 1668 ἐστὶν,
2446 1604 2529 1665 είς
2577 1599 2929 1668 Ἀλέξανδρόν
2954 1613 3079 1650 τινα
3135 1591 3559 1662 ἀναφερομένη,
3594 1589 3689 1641 καὶ

426 1697 764 1767 προάγουσιν
819 1696 953 1751 αὑτὸ
1008 1695 1203 1760 οὑτως.
1260 1696 1401 1749 Ἀλλ’
1450 1695 1573 1750 οὑδέ
1602 1695 1834 1750 καθόσον
1864 1695 2005 1748 εἰσὶν
2106 1698 2226 1753 κατ’
2251 1696 2402 1750 οὐδὲν
2440 1694 2550 1763 γὰρ
2580 1693 2640 1746 τὸ
2671 1692 2806 1746 αὑτό
2839 1693 2988 1745 ἐστιν
3010 1688 3040 1741 6
3068 1687 3259 1757 Πατὴρ
3284 1687 3380 1740 καὶ
3423 1683 3568 1746 Υίὸς,
3599 1680 3691 1734 δύο

429 1789 758 1853 ὑποστάσεις
785 1789 899 1850 630.
925 1790 1256 1857 προάγουσιν
1273 1789 1428 1846 αὐτό.
1457 1787 1727 1856 Καθάπερ
1744 1787 1855 1855 γάρ
1878 1786 1933 1840 εῐ
1951 1786 2003 1840 τί
2037 1853 2076 1870 ἢ
2110 1791 2206 1846 καὶ
2231 1787 2334 1855 εἷς,
2370 1791 2428 1861 ἢ,
2457 1790 2531 1853 ὡς
2573 1788 2732 1843 αὐτοὶ
2789 1786 2993 1857 μᾶλλον
3052 1780 3294 1851 λέγουσι,
3337 1779 3433 1835 δύο
3487 1774 3588 1870 εἷς,
3622 1776 3693 1870 ’Ἓξ

427 1879 578 1935 ἔστιν
628 1878 689 1931 ἒν
737 1878 919 1942 αὐτοῖς
972 1853 1053 1949 ξῷ
1080 1853 1229 1949 λόγῳ
1281 1880 1381 1949 τῆς
1422 1875 1637 1946 φύσεως
1672 1853 1733 1930 έν
1757 1853 1879 1929 Ecl“
1911 1874 2005 1928 καὶ
2037 1853 2080 1910 Β
2110 1853 2727 1952 ’πάνταάνυμιγνύοιτοΔ
2750 1853 2870 1932 ἐκεῖ
2911 1878 3174 1948 χρήματα
3206 1871 3537 1934 Σαϐελλίως,
3562 1868 3672 1923 ὥστ

427 1967 764 2040 ἀδιάκριτον,
816 1967 959 2022 οὕτω
987 1971 1082 2024 καὶ
1134 1969 1189 2023 εἷ
1223 1986 1275 2022 τι
1305 1968 1392 2041 εἴη
1448 1970 1508 2022 ἔν
1535 1969 1720 2033 αὐτοῖς
1749 1967 1828 2036 τῷ
1860 1967 2008 2037 λόγῳ
2110 1975 2230 2031 οὑδέ
2263 1975 2406 2030 κατὰ
2459 1974 2560 2044 τὴν
2601 1971 2750 2043 μίαν,
2784 1970 2862 2033 ὡς
2901 1968 3055 2024 αὐτοί
3118 1984 3274 2037 φασι,
3322 1961 3695 2035 προϐλητικὴν

429 2058 539 2111 τῶν
594 2060 968 2125 ὑποστάσεων,
1011 2059 1189 2115 διττὸν
1239 2060 1394 2114 ἔσται
1429 2060 1523 2113 καὶ
1564 2059 2004 2128 διακεκριμένον,
2111 2068 2365 2137 δύναμιν.
2395 2066 2630 2120 Ἔπειτα
2659 2065 2693 2133 ἡ
2724 2062 2825 2134 μία
2863 2059 3005 2132 αὕτη
3033 2059 3290 2128 δύναμις,
3312 2058 3495 2119 αὐτοῖς
3534 2056 3697 2124 φύσιν

431 2150 525 2203 καὶ
572 2148 747 2215 οὕτως
779 2151 880 2205 οὒκ
926 2151 991 2205 ἂν
1041 2141 1153 2204 εἷεῦ
1195 2150 1294 2220 μία
1326 2148 1475 2220 ἀρχὴ
1508 2148 1600 2202 τοῦ
1637 2149 1951 2219 Πνεῦματος
1980 2150 2011 2202 ὁ
2119 2160 2258 2230 μετὰ
2302 2158 2567 2226 ἰδιότητος
2599 2154 2967 2226 σημαίνουσα,
3005 2153 3121 2214 πῶς
3160 2152 3226 2206 ἂν
3267 2151 3502 2220 ὑπάρχοι
3543 2147 3697 2202 δυσὶν

434 2243 627 2314 Πατὴρ
670 2243 764 2296 καὶ
792 2244 820 2295 ὁ
850 2244 996 2307 Υἱός·
1027 2244 1117 2297 Διδ
1148 2245 1242 2298 καὶ
1273 2245 1322 2297 οἱ
1354 2244 1454 2313 τῆς
1497 2243 1827 2311 Ἐκκλησίας
1860 2241 2008 2299 διδά-
2115 2250 2494 2319 ὑποκειμένοις
2529 2249 2627 2321 μία
2652 2264 2716 2317 γε
2736 2243 2909 2313 οῦσα;
2936 2245 3016 2300 δεῖ
3038 2245 3145 2314 γάρ
3176 2243 3377 2314 μᾶλλον
3398 2240 3569 2312 αὐτὴν
3591 2241 3695 2295 διτ-

435 2334 625 2391 σκαλοι
655 2336 718 2388 ἔκ
753 2334 853 2405 τῆς
886 2334 981 2388 τοῦ
1012 2335 1223 2405 Πατρδς
1277 2334 1628 2397 ὑποστάσεως
1676 2334 1809 2402 αὖτό
1849 2351 2011 2403 φασιν
2114 2343 2214 2412 τὴν
2266 2338 2406 2396 εῐναι
2436 2339 2513 2404 ὡς
2548 2340 2620 2393 τὰ
2675 2337 3040 2405 ὑποκείμενα,
3097 2336 3213 2403 εῑγε
3256 2331 3584 2404 προσωπικὴ
3613 2330 3696 2402 εἴη

433 2425 857 2497 ἐκπορεύεσθαι,
884 2427 1264 2491 ἀποκλείοντες
1311 2428 1402 2481 τὸν
1426 2426 1578 2490 Υίδν,
1610 2426 1673 2479 ἐκ
1703 2424 1758 2478 δὲ
1787 2425 1886 2497 τῆς
1916 2425 2010 2479 τοῦ
2117 2436 2211 2488 καὶ
2242 2435 2315 2504 μὴ
2339 2434 2439 2503 τῆς
2472 2434 2689 2503 φύσεως
2724 2432 2947 2502 ίδιότης.
2985 2429 3057 2483 Ἢ
3085 2428 3185 2499 μία
3210 2427 3347 2483 οὖσα
3374 2426 3471 2483 καὶ
3489 2442 3699 2498 προσω-

436 2516 570 2570 Υίοῦ
597 2518 945 2581 ὑποστάσεως
985 2518 1162 2582 οὐδεὶς
1194 2513 1337 2572 εἶπε.
1391 2517 1545 2570 Ἐπεὶ
1601 2518 1780 2571 τοίνυν
1828 2519 1924 2574 καὶ
1957 2519 2016 2572 τὸ
2118 2527 2278 2594 πικὴ,
2319 2525 2439 2588 ἐνὸς
2476 2524 2542 2579 ἂν
2562 2518 2631 2592 ἦν
2652 2521 2950 2593 προσώπου
2981 2520 3176 2592 δήπου,
3221 2520 3493 2590 ἀκινήτως
3519 2520 3574 2570 ἐν
3603 2516 3700 2570 αὖ-

435 2607 530 2661 δύο
559 2609 735 2680 ἀρχάς
769 2606 908 2664 εἶναι
934 2611 993 2663 ἐν
1024 2611 1089 2680 τῇ
1117 2608 1343 2679 Θεότητι
1363 2607 1712 2677 ’βλάσφημον,
1742 2608 1939 2663 ἕπεται
1956 2608 2016 2695 δὲ
2119 2617 2198 2688 τῷ
2230 2634 2293 2685 γε
2348 2614 2645 2687 ὁριζομένη
2669 2631 2683 2647 ο
2739 2613 2884 2668 οὕτω
2913 2614 2970 2669 δὲ
3019 2613 3116 2667 καὶ
3168 2613 3339 2666 ἐστιν.
3378 2611 3697 2682 ’Δκινήτους

437 2701 487 2753 εί
518 2701 821 2769 προάγουσι
854 2701 913 2755 τὸ
938 2701 1162 2772 Πνεῦμα
1190 2702 1424 2755 καθόσον
1451 2702 1561 2754 είσὶ
1583 2701 2012 2771 διακεκριμένοι,
2122 2713 2232 2780 γὰρ
2260 2711 2342 2765 δεῖ
2374 2705 2516 2765 εἶναι
2568 2710 2668 2773 τὰς
2700 2708 2957 2772 τοιαύτας
3014 2707 3306 2777 ἰδιότητας.
3360 2706 3433 2759 Ἤ
3479 2703 3599 2768 πῶς
3637 2702 3704 2756 ἂν

437 2794 619 2849 εἴτουν
648 2797 784 2851 καθό
813 2799 923 2850 είσι
964 2796 1056 2851 δύο
1085 2795 1441 2863 ὑποστάσεις,
1471 2793 1668 2849 οὐκοῦν
1698 2796 1819 2849 οὐδὲ
1845 2794 2020 2865 προά-
2125 2802 2385 2870 ιδιότητες
2438 2802 2681 2872 μείνειαν
2728 2800 3045 2869 κινούμεναι
3105 2799 3200 2853 καὶ
3240 2797 3698 2869 μεταπίπτουσαι,

438 2904 630 2956 γουσιν
658 2890 789 2942 αὐτὸ
833 2888 1028 2951 οὕτως.
1081 2887 1306 2951 Οὐδενὸς
1341 2888 1398 2941 δέ
1427 2887 1586 2941 ἄλλου
1617 2888 1820 2957 τρόπου
1853 2904 2023 2941 κατα-
2124 2896 2266 2948 κατὰ
2298 2893 2391 2948 τὸν
2411 2894 2671 2967 ¹θεολόγον
2708 2893 3014 2965 Γρηγόριον
3040 2908 3055 2959 ;
3110 2891 3304 2961 Διττῆς
3334 2890 3391 2945 δέ
3417 2889 3516 2961 τῆς
3542 2889 3703 2944 δυνά.

438 2981 766 3049 λειπομένου
819 2979 1211 3034 καταλείπεται
1264 2980 1341 3041 ὡς
1393 2980 1655 3035 ἀδύνατόν
1682 2980 1799 3033 ἐστι
1832 2981 1927 3035 καὶ
1956 2981 2022 3034 ἐκ
2129 3004 2273 3057 μεως
2303 2986 2471 3059 οὑσης
2492 2986 2636 3041 κατὰ
2672 2984 2765 3040 τὸν
2792 2983 3025 3056 ἀριθμὸν
3057 2983 3165 3037 τῶν
3191 2981 3590 3052 ὑποκειμένων,
3623 2975 3704 3045 οἷς

440 3072 536 3126 τοῦ
572 3074 702 3127 Υίυῦ
751 3073 1047 3144 ὑφίσταθαι
1088 3074 1148 3129 τὸ
1206 3072 1432 3143 Πνεῦμα
1484 3072 1673 3145 ὥσπερ
1702 3075 1795 3128 καὶ
1831 3074 1894 3128 ἐκ
1927 3069 2021 3128 τοῦ
2125 3082 2224 3153 τὴν
2254 3083 2485 3152 δύναμιν
2509 3081 2665 3137 αὐτοὶ
2703 3079 2932 3145 διδόασι,
2967 3078 3192 3132 καὶδύο
3222 3076 3387 3147 ἀρχαὶ
3413 3072 3508 3128 τοῦ
3539 3075 3707 3128 Πνεύ-

442 3165 678 3237 Πατρός,
2056 3185 2101 3244 c
2142 3189 2311 3241 ματος
2341 3172 2557 3228 ἔσονται
2586 3173 2659 3228 τά
2677 3172 2828 3242 διττῇ
2853 3169 3085 3239 δυνάμει
3107 3171 3439 3239 προάγοντα.
3484 3164 3573 3226 Ὦς
3602 3163 3708 3230 γὰρ

2132 3263 2390 3317 ἀδύνατον
2420 3265 2478 3316 ἐν
2511 3261 2635 3316 δυσὶ
2666 3253 2980 3331 προσώποις
3001 3260 3168 3323 θείοις
3207 3255 3349 3311 εἷναί
3391 3272 3514 3310 τινα
3548 3254 3710 3308 δύνα-

509 3346 660 3435 Πρὸς
693 3346 756 3419 δὴ
786 3330 974 3402 τοῦτον
1009 3346 1098 3400 τὸν
1140 3346 1298 3415 λόγον
1327 3348 1377 3401 οἱ
1408 3348 1751 3419 χαριέστεροι
1795 3349 2026 3422 άποκρί-
2137 3369 2231 3423 μιν
2268 3354 2419 3424 μίαν,
2448 3353 2546 3408 ἐὰν
2585 3353 2661 3423 μὴ
2759 3351 3025 3420 οὐσιὼδης
3058 3353 3153 3404 καὶ
3191 3347 3418 3419 φυσικὴ,
3446 3345 3592 3400 οὑτω
3618 3345 3713 3397 καὶ

446 3456 648 3502 νοηαι,
680 3441 764 3494 ὅτι
793 3439 1129 3509 προάγουσιν
1158 3440 1185 3492 6
1213 3440 1402 3511 Πατὴρ
1439 3443 1530 3494 καὶ
1559 3443 1587 3496 6
1613 3441 1743 3505 Υἱὸς
1772 3443 1834 3496 τὸ
1855 3442 2031 3496 Πνεῦ-

454 3552 525 3598 μοι
559 3548 618 3583 το
649 3532 825 3598 ἅγιον,
857 3531 980 3587 οὐτε
1019 3532 1154 3586 καθό
1181 3534 1320 3586 είσιν
1353 3533 1411 3586 ἐν
1441 3536 1503 3604 τῇ
1529 3533 1704 3605 οὐσίᾳ,
1740 3531 1866 3587 οὐτε
1892 3534 2028 3588 καθό

449 3623 554 3680 εἱσι
580 3625 975 3695 διακεκριμένα
1006 3626 1281 3694 καθάπαξ,
1313 3626 1515 3681 δεδίασι
1534 3627 1640 3698 γὰρ
1666 3628 1732 3696 τῇ
1763 3627 1871 3681 τῶν
1900 3626 2027 3680 άτόο

449 3737 568 3773 πων
598 3717 824 3773 ἐκείνων
847 3720 1130 3789 ἐπαγωγῇ,
1161 3720 1235 3781 ὡς
1258 3719 1457 3783 ἔοικεν,
1505 3718 1641 3773 ἀλλὰ
1668 3719 1801 3773 καθὸ
1822 3718 1884 3773 ἐν
1916 3720 2026 3773 είσι

449 3812 517 3881 τῇ
567 3810 907 3881 προϐλητικῇ
968 3809 1193 3881 δυνάμει
1293 3808 1434 3865 Ἀλλ’
1489 3796 2033 3880 αὑτηήάπόκρισις

452 3902 668 3972 πρῶτον
701 3903 800 3972 μὲν
827 3904 975 3956 ἐστιν
1019 3903 1409 3966 ἀναπόδεικτος
1429 3918 1443 3933 ο
1499 3903 1559 3955 16
1588 3903 1696 3972 γάρ
1729 3903 1863 3973 μίαν
1893 3898 2033 3956 εἶναι

452 3992 825 4064 προϐλητικὴν
851 3994 1099 4066 δύναμιν,
1120 3995 1153 4065 ἢ
1178 3996 1459 4061 ἐνέργειαν
1490 3997 1547 4049 ὲν
1577 3995 1754 4063 Πατρὶ
1779 3998 1869 4051 καὶ
1894 3995 2030 4065 Υίῷ,

452 4085 689 4158 οὐδαμοῦ
718 4086 944 4159 εὓρηται
963 4088 1074 4142 τῶν
1098 4086 1353 4159 Γραφῶν,
1374 4088 1407 4157 ἢ
1427 4087 1538 4141 τῶν
1569 4088 1761 4157 ἁγίων·
1780 4087 2035 4158 δεύτερόν

451 4182 571 4234 ἐστι
616 4179 923 4250 σοφιστικὴ,
981 4179 1129 4233 λύειν
1171 4181 1280 4250 γάρ
1322 4182 1581 4250 πειρᾶται
1635 4180 1782 4251 αὐτῷ
1822 4178 1900 4250 τῷ
1944 4180 2038 4247 ζη-

452 4272 722 4343 τουμένῳ,
742 4270 899 4325 τοῦτο
919 4273 1013 4326 καὶ
1038 4271 1186 4325 ἐστιν
1220 4271 1355 4326 αὐτὸ
1379 4272 1440 4325 τὸ
1465 4271 1826 4343 ζητούμενον,
1866 4272 1915 4325 εί
1940 4271 2039 4342 τὴν

452 4363 625 4434 αὐτὴν
651 4364 733 4434 τῷ
777 4362 951 4433 Πατρὶ
996 4364 1371 4434 προϐλητικὴν
1429 4364 1662 4433 δύναμιν
1717 4364 1815 4417 καὶ
1851 4365 1879 4418 6
1911 4364 2039 4428 Υἱὸς

451 4454 607 4524 ἔχει·-
638 4453 822 4522 τρίτον
855 4454 938 4506 ὅτι
971 4451 1109 4520 πρὸς
1154 4453 1251 4516 τὰς
1282 4452 1453 4516 αὑτάς
1503 4452 1600 4506 καὶ
1643 4453 1865 4522 μείζους
1901 4454 2038 4506 άπο-

2134 3447 2228 3501 δύο
2251 3447 2515 3518 δυνάμεις
2547 3442 2688 3499 εἶναι
2719 3447 2768 3498 εί
2815 3446 2889 3515 μὴ
2924 3443 3331 3512 ἀντικειμένας,
3362 3440 3394 3511 ἢ
3424 3438 3714 3508 διαφόρους

2136 3539 2289 3603 εἴδει,
2315 3534 2387 3593 ὧν
2417 3538 2700 3609 οὐδέτερον
2729 3537 2997 3609 προσήκει
3023 3537 3111 3605 τῇ,
3143 3533 3218 3597 ὼς
3240 3532 3394 3585 αὐτοί
3420 3547 3578 3599 φασι,
3619 3527 3718 3598 μιᾷ

2139 3632 2372 3703 δυνάμει
2400 3634 2458 3685 ἐν
2494 3633 2677 3703 Πατρζ
2714 3632 2809 3684 καὶ
2840 3630 2955 3699 Υίῷ
2979 3644 2991 3657 ·
3022 3627 3138 3690 πῶς
3166 3627 3278 3696 γὰρ
3306 3622 3525 3686 πλείους
3550 3625 3584 3691 ἡ
3619 3621 3717 3690 μία

2139 3698 2327 3790 ἔσταίς
2362 3726 2424 3779 Εἰ
2453 3725 2511 3779 δὲ
2565 3698 2782 3793 ἀνάγκη
2814 3698 3076 3783 τοιαύτας
3128 3715 3271 3773 εἶναι
3313 3717 3407 3771 δύο
3438 3734 3502 3785 γε
3530 3712 3718 3775 οὔσας,

2141 3821 2257 3882 πῶς
2285 3819 2351 3874 ἂν
2383 3813 2496 3871 εἷεν
2560 3816 2680 3871 κατ’
2712 3816 2908 3879 αὐτοὺς
2947 3814 3007 3867 ἓν
3041 3831 3095 3867 τι
3127 3807 3208 3875 οἷς
3241 3803 3404 3864 αὗται
3439 3806 3719 3876 ὑπάρχου-

2144 3929 2228 3967 σιν
2254 3927 2268 3975 ς
2316 3910 2486 3980 Ἀρχὴ
2530 3909 2587 3962 δὲ
2616 3908 2880 3976 ἑκατέρα,
2921 3905 2996 3969 ὡς
3023 3904 3180 3958 αὐτοί
3216 3916 3349 3968 φασι
3385 3898 3476 3952 διὰ
3498 3896 3597 3965 τὴν
3625 3891 3719 3946 τοῦ

2143 4004 2470 4076 προϐάλλειν
2504 4001 2774 4071 δύναμιν,
2818 4001 2884 4070 ἢν
2922 3998 3020 4068 οὐχ
3052 3991 3165 4051 οἶόν
3200 4012 3260 4050 τε
3314 3991 3457 4047 εῖναι
3508 3990 3637 4059 μίαν
3666 3986 3722 4037 ἐν

2144 4098 2367 4167 ἀμφοῖν,
2406 4094 2549 4150 ὥστε
2599 4095 2694 4148 καὶ
2737 4091 2877 4147 αὐτὰ
2906 4090 3037 4161 μίαν
3063 4088 3241 4160 ἀρχὴν
3268 4081 3410 4140 εῐναι
3440 4081 3720 4141 ἀδύνατον,

2145 4191 2203 4243 ἐν
2227 4188 2304 4257 τῷ
2342 4187 2691 4258 προϐάλλειν,
2728 4184 2844 4253 είγε
2880 4181 3275 4255 προϐάλλουσιν
3298 4176 3488 4247 ἄμφω.

2234 4279 2391 4335 Ἐπεὶ
2416 4279 2474 4334 δὲ
2500 4279 2719 4349 ἀνάγκη
2751 4277 2883 4347 μίαν
2934 4274 3112 4346 ἀρχὴν
3140 4267 3307 4337 εἶναι,
3337 4267 3456 4338 ετγε
3486 4263 3724 4338 προϐάλ-

2148 4372 2352 4438 λουσιν,
2385 4370 2649 4427 άδύνατόν
2684 4369 2803 4424 ἐστι
2836 4367 3026 4423 λοιπὸν
3051 4367 3221 4435 άμφω
3250 4359 3598 4433 προϐάλλειν.
3624 4356 3725 4410 Λέ-

2149 4462 2339 4532 γοντές
2367 4478 2425 4515 τε
2471 4459 2638 4531 μηδὲν
2656 4459 2858 4516 άτοπον
2884 4453 3026 4513 εἶναι
3053 4456 3186 4527 μίαν
3223 4453 3467 4524 ἰδιότητα
3486 4452 3546 4505 ἐν
3573 4447 3726 4501 δυσὶν

457 4549 579 4615 ρῖας
635 4545 1081 4613 ἐπανακάμπτει.
1119 4543 1401 4615 Ζητοῦμεν
1433 4545 1545 4614 γὰρ
1580 4544 1745 4599 πόθεν
1797 4544 1911 4615 ἔχει
1940 4545 2039 4616 τὴν
2070 4544 2121 4605 D
2147 4552 2529 4622 ὑποκειμένοις
2558 4549 2849 4620 ὑπάρχειν,
2878 4547 3008 4617 μίαν
3038 4545 3225 4617 ἔχουσι
3254 4544 3542 4616 φύσινκαὶ
3564 4544 3725 4615 ἀριθ-

453 4637 683 4705 ὲνότητα
714 4633 855 4705 αὕτη
894 4637 927 4705 ἡ
968 4636 1070 4706 μία
1120 4636 1464 4708 προϐλητικὴ
1491 4636 1744 4708 δύναμις,
1775 4639 1807 4709 ἡ
1840 4641 1898 4693 ἐν
1921 4639 2036 4692 Πα-

455 4732 547 4794 τρὶ
579 4728 675 4781 καὶ
697 4726 831 4798 Υίῴ,
877 4729 1106 4797 πότερον
1136 4729 1202 4784 ἐκ
1226 4729 1325 4800 τῆς
1359 4728 1611 4800 ἐνότητος
1634 4730 1732 4801 τῆς
1758 4722 2040 4801 προσωπι-

456 4820 579 4889 κῆς,
607 4820 757 4873 πᾶσα
786 4819 896 4889 γὰρ
929 4818 1164 4889 δύναμις
1212 4822 1271 4874 ἑν
1309 4823 1420 4884 τοῖς
1473 4821 1661 4885 θείοις,
1695 4822 1725 4893 ἢ
1773 4824 2041 4893 οὐσιώδης

455 4913 625 4979 εστὶν,
660 4910 847 4972 εἴτουν,
885 4913 983 4983 τῆς
1007 4913 1219 4978 οὐσίας,
1253 4913 1285 4985 ἢ
1327 4915 1689 4987 ὑποστατικὴ,
1720 4915 1899 4972 είτουν
1947 4918 2041 4972 τοῦ

455 5005 774 5074 προσώπου.
825 5005 890 5060 Et
925 5006 1023 5077 μὲν
1070 5006 1134 5078 δὴ
1186 5007 1252 5061 ἐκ
1282 5008 1382 5079 τῆς
1421 5008 1676 5079 ἐνότητος
1703 5010 1801 5081 τῆς
1855 5011 2045 5074 οὐσίας

454 5094 665 5166 ἀνίσχει
692 5096 983 5168 καὶταύτῃ
1025 5095 1243 5162 ἕπεται,
1272 5098 1462 5170 ὥσπερ
1490 5099 1597 5171 ἄρα
1624 5103 1720 5156 καὶ
1761 5105 1794 5171 ἡ
1834 5100 1929 5155 τοῦ
1952 5103 2046 5170 δη-

460 5190 744 5258 μιουργεῖν
768 5187 1020 5261 δύναμις,
1069 5191 1102 5262 ἢ
1141 5193 1235 5246 καὶ
1265 5193 1430 5247 ἐαυτὸ
1451 5194 1683 5263 προάξει
1712 5196 1774 5248 τὸ
1798 5196 2045 5266 Πνεῦμα,

457 5282 515 5331 ἐν
535 5283 602 5350 τῇ
624 5281 761 5353 αὑτῇ
790 5282 1003 5353 ἐνότητι
1032 5284 1130 5355 τῆς
1160 5286 1397 5350 πίστεως
1419 5285 1502 5353 ὃν,
1536 5288 1630 5341 καὶ
1653 5288 1741 5341 διά
1761 5289 1920 5341 τοῦτο
1949 5291 2046 5359 τὴν

457 5371 628 5442 αὐτὴν
670 5372 899 5444 δύναμιν
954 5374 1135 5445 ἔχειν·
1169 5375 1202 5447 ἢ
1244 5379 1293 5431 εἰ
1337 5377 1414 5448 μὴ
1439 5378 1607 5433 ἑαυτὸ
1636 5380 1885 5449 προάξει,
1922 5383 2040 5434 κτί-

459 5478 572 5529 σμα
602 5461 781 5528 ἔσται,
807 5468 902 5519 καὶ
934 5466 1031 5518 οὐκ
1067 5467 1126 5518 ἐν
1157 5470 1225 5537 τῇ
1279 5469 1414 5538 αὐτῇ
1445 5468 1545 5537 τῆς
1583 5469 1773 5531 οὐσίας
1801 5470 2039 5540 ἑνότητι,

456 5556 744 5624 δυνάμεως
779 5558 1040 5629 τοιαύτης
1094 5560 1487 5630 ἐστερημένον.
1538 5561 1600 5613 El
1624 5560 1681 5614 δὲ
1718 5566 2043 5633 προσωπικῇ

459 5651 671 5719 ἐνὸτητι
719 5652 935 5718 ἐπεται,
973 5654 1302 5723 προσωπικὴ
1355 5652 1489 5706 οὖσα
1520 5655 1595 5717 ὡς
1631 5656 1660 5724 ἡ
1698 5655 1792 5707 τοῦ
1849 5657 2047 5727 γεννᾷν

458 5742 688 5812 δὺναμις
718 5743 776 5795 ἓν
802 5744 1097 5813 πρόσωπον
1129 5746 1157 5796 6
1192 5746 1381 5814 Πατὴρ
1415 5748 1569 5798 ἔσται
1605 5747 1698 5799 καὶ
1730 5750 1757 5802 6
1778 5747 1929 5813 ὶῖίὸς,
1956 5751 2049 5802 καὶ

463 5830 537 5908 ὡς
563 5830 622 5884 ἓν
662 5834 949 5913 πρόσωπον
982 5834 1041 5893 τὸ
1066 5834 1283 5907 Πνεῦμα
1321 5837 1570 5910 προάξει.
1611 5839 1845 5905 Μηχανῇ
1871 5839 1926 5893 δὲ
1956 5840 2045 5894 οὐ·

2146 4646 2232 4717 μῷ
2275 4646 2436 4718 μίαν,
2485 4645 2536 4698 εί
2587 4643 2687 4713 μὲν
2743 4640 2823 4711 τῷ
2865 4640 3009 4711 λόγῳ
3060 4639 3238 4708 τούτῳ
3284 4638 3380 4693 καὶ
3422 4638 3523 4703 τὰς
3575 4654 3730 4707 φυσιο

2144 4741 2247 4801 κάς
2293 4737 2563 4808 ἰδιότητας
2591 4732 3082 4804 περιλαμϐάνουσι,
3106 4729 3353 4785 τουτέστι
3382 4730 3484 4811 τάς
3508 4731 3732 4801 θεοπρε-

2148 4832 2272 4894 πεῖς
2304 4828 2401 4882 καὶ
2436 4826 2644 4893 κοινὰς,
2671 4824 2871 4896 ἀληθὲς
2894 4824 3168 4892 λέγουσιν,
3199 4822 3315 4878 ἀλλ’
3339 4822 3403 4876 οὐ
3429 4821 3733 4893 συμπεραί-

2145 4937 2353 4976 νουσιν.
2389 4920 2456 4972 Ἰἰ
2487 4919 2597 4990 γάρ
2625 4917 2967 4989 προϐλητικὴ
2997 4916 3251 4987 δύναμις,
3282 4916 3418 4987 μηδέ
3447 4916 3525 4986 τῷ
3554 4914 3727 4968 Πνεῦ-

2152 5031 2284 5085 ματι
2316 5010 2618 5083 προσοῦσα,
2653 5011 2755 5065 οὐκ
2778 5010 2895 5084 ἔστι
2928 5009 3178 5079 τοιαύτη.
3208 5009 3341 5064 Είδέ
3373 5005 3730 5079 προσωπικὴν

2150 5105 2392 5173 ἰδιότητα
2428 5103 2489 5154 ἐν
2514 5101 2591 5173 τῷ
2632 5100 2777 5172 λόγῳ
2810 5100 3016 5164 νοοῦσι,
3047 5096 3435 5170 νομοθετοῦσιν
3464 5098 3727 5151 ἐοίκασιν.

2146 5192 2419 5262 Οὐδεμίαν
2438 5191 2548 5263 γὰρ
2578 5192 2817 5258 δείξουσι
2841 5191 3203 5262 προσωπικὴν
3239 5191 3476 5260 ἰδιότητα
3506 5192 3562 5243 ἐν
3587 5188 3734 5242 δυσὶν

2147 5287 2532 5355 ὑποκειμένοις
2566 5285 2696 5356 μίαν
2720 5279 2862 5338 εἶναι
2905 5283 2985 5354 τῷ
3036 5282 3278 5354 ἀριθμῷ,
3315 5285 3364 5336 εί
3406 5286 3482 5354 μὴ
3511 5284 3608 5352 τζςν
3642 5282 3736 5349 ζη-

2147 5370 2422 5449 τουμένην
2467 5379 2625 5448 φαῖεν
2666 5376 2862 5447 αὐτὴν,
2914 5374 3016 5448 τὴν
3058 5376 3444 5447 προϐλητικὴν
3488 5375 3731 5444 γελοίως.

2152 5470 2291 5525 Οὔτε
2325 5471 2424 5542 τὴν
2457 5470 2553 5525 τοῦ
2601 5471 2844 5542 πέμπειν
2884 5471 2945 5525 τὸ
2980 5469 3202 5538 Πνεῦμα
3242 5470 3475 5538 δύναμιν
3528 5468 3731 5539 ἐροῦσι,

2152 5565 2305 5635 κοινὴ
2356 5564 2464 5633 γάρ
2492 5565 2665 5630 ἐστιν,
2713 5564 2795 5617 ὅτι
2834 5563 2893 5615 τὸ
2921 5561 3146 5632 Πνεῦμα
3180 5566 3272 5615 καὶ
3309 5562 3472 5615 ἑαυτὸ
3501 5562 3735 5630 πέμπειν

2154 5656 2396 5722 λέγεται,
2451 5657 2544 5710 καὶ
2575 5657 2745 5710 ἐαυτύ“
2769 5657 2995 5711 διδόναι,
3032 5658 3106 5709 Οὐ
3149 5657 3256 5724 γάρ
3287 5655 3437 5709 αἰτία
3470 5655 3564 5707 τοῦ
3598 5656 3737 5723 πέμι

2157 5766 2350 5811 ποντος
2403 5750 2537 5815 πρὸς
2572 5750 2649 5801 τὸ
2683 5748 3042 5818 πεμπόμενον
3079 5751 3283 5800 νοεῖται
3337 5746 3632 5817 πρόσωπον
3683 5744 3741 5808 ἐξ

2158 5839 2427 5907 ἀνάγκης,
2481 5840 2615 5922 ἀλλὰ
2654 5840 2857 5903 μᾶλλον
2912 5839 2969 5901 ἐξ
3025 5840 3378 5900 ἀμφοτέρων.
3441 5836 3658 5889 Mifﬂin
3687 5836 3741 5888 δὲ
