4104 6428
393 427 497 489 705

1297 424 1398 484 DE
1440 422 1966 521 PRQCESSIONE
2001 425 2363 490 SPlRlTUS
2405 429 2676 490 SANCTI

3553 431 3660 494 703

392 545 518 612 ὅλης
545 541 640 610 τῆς
675 538 930 608 θεότητος
977 539 1127 592 αἰτία
1173 537 1305 610 πρός
1337 555 1388 592 τι
1420 538 1744 609 ἐξωτερικδν
1775 539 1970 594 ἀποτέ-
1999 541 2047 600 Α
2081 540 2254 594 καίτοι
2281 541 2492 611 προσῆν
2522 542 2587 595 ἂν
2613 541 2689 612 τῷ
2722 541 2852 610 Υίῴ,
2881 543 2928 594 εἰ
2965 541 3040 612 μὴ
3076 541 3234 596 τοῦτο
3270 542 3497 599 ἐκώλυε.
3533 545 3662 609 Καὶ,

393 634 591 700 λεσμα,
616 633 712 685 καὶ
738 629 1098 699 Δύγουστῖνός
1124 645 1279 699 φησι,
1305 633 1397 686 καὶ
1425 633 1628 700 Θωμᾶς
1649 631 1766 700 μετ’
1791 633 1973 696 αὐτόν.

386 723 549 789 ,Ἀλλ’
594 721 704 774 οὐδ’
749 722 932 787 ἕξουσι
979 721 1076 792 τὴν
1109 722 1481 796 προϐλητικὴν
1535 723 1766 792 δύναμιν
1794 725 1979 796 κοινὴν

400 819 576 890 Πατρὶ
607 818 700 871 καὶ
731 815 846 887 Υίῷ
874 815 1106 882 τιθέναι,
1135 815 1238 879 ἓως
1261 816 1328 871 ἂν
1357 818 1432 887 μὴ
1454 816 1607 886 κοινὴ
1701 816 1780 888 τῷ
1807 817 1978 872 Πνεύ-

403 929 558 984 ματι,
587 910 890 972 Διονυσίου,
918 909 1201 964 Βασιλείοο
1220 910 1314 964 καὶ
1345 910 1562 963 πάντων
1579 911 1750 978 ἁγίων
1768 911 1981 978 ἀξιούν-

399 1022 510 1058 των
540 1003 608 1056 τὰ
670 1001 825 1056 κοινά
857 1003 1032 1073 Harp}.
1085 1003 1180 1057 καὶ
1210 1002 1323 1073 Υἱῷ
1356 1004 1510 1059 κοινά
1566 1007 1659 1060 καὶ
1697 1007 1774 1076 τῷ
1808 1008 1981 1061 [Ινεύ⁴

405 1116 536 1167 ματι
563 1095 702 1150 εἶναι
731 1112 745 1128 ⁸
787 1096 1064 1166 Θεοπρεπῆ
1092 1098 1197 1168 γάρ
1228 1098 1335 1151 είσι
1373 1097 1442 1151 τά
1479 1098 1726 1164 τοιαῦτα,
1761 1101 1980 1170 καὶτῆς

405 1191 561 1256 θείας
587 1193 805 1262 φύσεως
853 1191 1142 1260 ίδιώματα,
1182 1191 1274 1243 καὶ
1297 1190 1386 1244 διὰ
1413 1190 1572 1245 τοῦτο
1591 1193 1684 1246 καὶ
1708 1193 1770 1245 rb
1807 1194 1973 1247 Πνεῦ-

415 1302 490 1355 μα
516 1283 765 1353 μετέχειν
785 1282 966 1336 αὐτῶν
988 1283 1222 1352 ἀνάγκη.
1261 1282 1332 1335 Ἦ
1363 1282 1472 1336 οὐδ’
1493 1283 1560 1336 ἂν
1601 1284 1684 1354 εἴη
1721 1283 1839 1337 δυσί
1868 1302 1982 1338 κοι-

412 1375 500 1440 νά,
534 1373 648 1429 ἀλλ’
677 1377 735 1427 ἐν
766 1374 846 1430 ἑνὶ
878 1373 1154 1444 προσώπῳ
1204 1376 1271 1428 ἂν
1308 1373 1548 1444 ὁρίζοιτο
1577 1375 1756 1444 μόνον,
1803 1377 1891 1429 διὰ
1923 1379 1982 1431 τὸ

413 1471 521 1523 πᾶν
554 1467 584 1520 δ
615 1467 689 1537 μὴ
714 1465 1106 1536 προσκαλεῖται
1135 1465 1234 1537 τὴν
1250 1467 1403 1520 Θείαν
1425 1469 1609 1537 φύσιν,
1639 1469 1671 1540 ἢ
1698 1469 1797 1532 τὰς
1833 1473 1982 1541 τρεῖς

411 1561 735 1624 ὑποστάσεις
756 1560 1030 1631 διείληφεν
1056 1560 1139 1612 ἐνί
1159 1561 1466 1630 προσήκειν
1503 1561 1652 1630 μόνῳ
1679 1562 1978 1634 προσώπῳ,

407 1651 504 1703 καὶ
539 1648 615 1718 μὴ
645 1649 1012 1719 ὑπερϐαίνειν,
1041 1649 1178 1720 μηδέ
1209 1650 1288 1714 είς
1315 1649 1502 1720 ἕτερον
1523 1640 1900 1721 μεταϐαίνειν,
1934 1656 1982 1707 εἰ

411 1737 486 1810 μὴ
513 1738 662 1809 μέλοι
695 1737 792 1793 καὶ
832 1739 964 1802 δυάς
1015 1735 1155 1794 εῐναι
1187 1739 1247 1793 rb
1289 1739 1421 1811 παρ’
1460 1743 1619 1811 ἡμῶν
1645 1743 1986 1814 λατρευόμε-

406 1847 516 1886 νον.
548 1831 592 1882 Τ
593 1832 621 1882 b
640 1831 697 1884 δέ
727 1831 906 1900 λέγειν
935 1831 1012 1895 ώς
1042 1833 1136 1886 καὶ
1165 1833 1228 1885 rb
1259 1833 1551 1905 ἀγέννητον
1599 1840 1692 1889 καὶ
1718 1838 1778 1889 rb
1808 1837 1984 1891 αίτια-

405 1923 496 1976 τὸν
531 1924 654 1978 δυσὶ
684 1923 1002 1996 προσώποις
1025 1923 1287 1994 ἑκάτερον
1343 1914 1567 1998 προσὸν,
1595 1927 1655 1981 ού
1689 1927 1857 1982 δυάδα
1886 1929 1986 1998 τὴν

313 2013 322 2024 “
407 2016 660 2088 ὑπερφυᾶ
682 2016 902 2088 ἐκείνην
942 2017 1136 2071 Ἐνάδα
1177 2019 1272 2073 καὶ
1301 2019 1512 2090 Τριάδα
1543 2023 1688 2074 ποιεῖ
1726 2022 1863 2094 πρὸς
1893 2023 1987 2076 τὸν

407 2105 566 2176 λόγον
590 2106 743 2160 οὐδέν
766 2121 782 2139 ο
817 2109 878 2160 οὐ
929 2108 1037 2178 γὰρ
1063 2107 1242 2163 ἔοικεν
1271 2109 1458 2164 ἐκεῖνα
1491 2111 1568 2180 τῷ
1615 2111 1947 2182 προϐάλλειν
1967 2127 1982 2142 ο

408 2200 470 2254 rb
497 2201 596 2270 μὲν
621 2184 1008 2272 γάράίτιατὸν
1039 2202 1409 2272 κατηγόρημά
1435 2204 1552 2256 ἐστι
1585 2203 1766 2272 μόνον,
1869 2222 1982 2258 κοι-

407 2293 497 2347 νόν
545 2295 729 2358 ἐστιν,
763 2287 796 2368 ᾖ
851 2293 908 2348 δέ
940 2293 1082 2363 ἔργῳ
1111 2294 1263 2349 ἐστὶν
1296 2295 1355 2348 ἐν
1384 2295 1498 2366 Υίῷ
1550 2298 1646 2349 καὶ
1677 2297 1977 2367 Πνεύματι,

409 2386 666 2454 γεννητόν
715 2388 834 2440 ἐστι
885 2389 980 2440 καὶ
1004 2389 1366 2457 ἐκπορευτὸν,
1398 2390 1492 2443 δύο
1538 2391 1669 2444 ὄντα
1699 2391 1797 2445 καὶ
1849 2391 1983 2445 εῖδει

406 2479 727 2547 διαφέροντα
754 2495 766 2508 ·
801 2479 861 2532 rb
887 2480 944 2533 δὲ
977 2479 1575 2553 προϐάλλειν-πρᾶγμα
1619 2483 1678 2536 ἓν
1718 2486 1776 2538 ἐν
1805 2485 1983 2555 Πατρὶ

409 2574 504 2626 καὶ
531 2572 647 2642 Υἱῷ
698 2572 916 2627 Λατῖνοι
949 2573 1190 2641 λέγουσι,
1226 2577 1323 2629 καὶ
1356 2575 1488 2646 μίαν
1533 2578 1823 2648 ἐνέργειαν
1849 2579 1981 2633 εῖδει

407 2681 466 2718 τε
490 2666 584 2719 καὶ
607 2667 845 2737 ἀριθμῷ.
889 2667 1073 2738 Πολλῷ
1100 2668 1159 2721 δὲ
1199 2669 1401 2724 πλείων
1443 2672 1681 2743 διαφορά
1730 2674 1978 2728 ἐναντίου

406 2773 466 2810 τε
485 2759 578 2810 καὶ
610 2759 964 2830 ἐκπορευτοῦ,
1002 2755 1083 2822 οἷς
1111 2763 1289 2814 κοινόν
1319 2780 1394 2827 τι,
1423 2763 1536 2816 ἀλλ’
1564 2766 1660 2834 οὐχ
1696 2767 1771 2828 ὼς
1815 2782 1980 2820 συνω-

407 2849 597 2919 νύμοις
644 2850 976 2904 ἐπιτέθειται
1002 2852 1173 2922 ὄνομα
1212 2854 1315 2907 ὑπό
1349 2873 1512 2909 τινων
1553 2856 1614 2910 rb
1647 2857 1974 2929 ἀγέννητον·

408 2937 483 2999 ὡς
511 2938 564 2992 εῐ
590 2955 674 3000 τις
704 2939 850 2993 λίθον
868 2956 928 2992 τε
960 2942 1053 2994 καὶ
1090 2941 1256 2995 ἵππον
1276 2942 1470 3011 ἄλογον
1501 2943 1766 3015 ὀνομάζῃ,
1790 2946 1852 2998 rb
1877 2945 1978 3015 μέν

403 3033 487 3085 ὅτι
525 3031 744 3102 μετέχει
771 3031 870 3102 τῆς
901 3031 1289 3106 ἀντικειμένης
1334 3035 1480 3106 λόγῳ
1513 3036 1798 3107 διαφορᾶς,
1841 3037 1900 3090 τὸ
1931 3035 1978 3088 δ’

406 3123 487 3177 ὅτι
522 3126 613 3179 καὶ
662 3122 758 3177 τοῦ
814 3124 1007 3193 γένους
1054 3127 1232 3195 πάντη
1269 3128 1625 3199 κεχώρισται,
1681 3132 1775 3184 καὶ
1803 3131 1879 3194 ὡς
1911 3131 1978 3187 ἄν

406 3232 489 3282 τις
516 3214 682 3279 εἴποι,
717 3214 793 3308 irb
839 3217 941 3287 μὲν
968 3218 1596 3308 στερητικῶςηθάτερον
1619 3221 1676 3274 δὲ
1708 3222 1983 3290 ἀποφατι-
2012 3244 2059 3308 c

409 3309 552 3372 κῶς·
578 3307 774 3362 οὐκοῦν
819 3308 1144 3378 προσωπικὴ
1177 3309 1276 3375 μὲν
1304 3304 1439 3363 οῦσα
1474 3310 1571 3378 μία
1597 3311 1676 3362 ἐνὶ
1701 3311 1982 3381 προσώπῳ

410 3402 707 3472 προσέσται
754 3399 834 3469 τῷ
883 3400 1170 3471 πατρικῷ,
1220 3403 1319 3472 τῆς
1355 3403 1572 3470 φύσεως
1610 3403 1667 3456 δὲ
1714 3401 1848 3457 οὖσα
1881 3404 1982 3470 μία

414 3493 742 3564 ίδιότης,μιᾷ
771 3494 835 3562 τῇ
861 3491 981 3563 θείᾳ
1003 3491 1168 3561 φύσει
1191 3494 1512 3562 προσέσται.
1534 3493 1694 3546 Ἀλλὰ
1718 3495 1777 3547 rb
1795 3494 1982 3547 δεύτε-

410 3602 504 3656 ρον
530 3585 796 3640 ἀδύνατον
815 3584 908 3639 τοῦ
940 3584 1262 3655 Πνεύματος
1292 3585 1458 3639 ἕνεκα
1487 3601 1502 3617 ο
1532 3586 1592 3638 rb
1624 3585 1840 3660 πρῶτον
1873 3588 1982 3657 ἄρα

408 3678 626 3749 ἀληθές.

480 3773 584 3826 Ἦν
612 3771 668 3824 δέ
698 3788 839 3836 τινες
875 3771 1174 3840 ἐπενόησαν
1221 3769 1331 3824 τῶν
1364 3771 1734 3840 προσωπικῶν
1763 3770 1977 3841 διάκρι-

413 3881 520 3932 σιν,
545 3864 636 3918 κα⁹ι
669 3863 810 3932 αὕτη
837 3867 1123 3933 σοφιστική
1155 3864 1359 3927 ἐστι,τὺ
1395 3863 1734 3935 ζητούμενον
1761 3865 1976 3918 τιθεῖσα

406 3956 482 4020 ὡς
507 3957 701 4026 ἀρχὴν,
739 3957 829 4007 καὶ
855 3955 1056 4017 ἄτοπος
1091 3954 1216 4007 καθ’
1249 3954 1442 4024 αὑτὴν,
1473 3954 1570 4008 καὶ
1604 3953 1817 4007 πολλῶν
1849 3955 1979 4008 ἀτό-

409 4067 526 4104 πων
564 4049 728 4119 ἀρχὴ,
757 4047 832 4111 ὼς
863 4049 920 4099 ἐν
944 4045 1125 4110 ἄλλοις
1173 4046 1500 4116 ἐλήλεγκται
1521 4064 1536 4078 ·
1586 4047 1868 4101 τουτέστιν
1895 4047 1977 4099 ὅτι

405 4144 513 4196 τῶν
538 4141 906 4212 προσωπικῶν
952 4139 1022 4192 τὰ
1070 4139 1168 4208 μὲν
1223 4138 1589 4204 ὑποστατικά,
1648 4139 1715 4191 τά
1753 4138 1811 4192 δὲ
1843 4139 1978 4192 ύπο-

408 4235 593 4288 στάντε
620 4233 696 4304 τῷ
727 4231 1004 4303 προσώπῳ
1029 4232 1291 4300 ἑπόμενα,
1317 4231 1391 4294 ῶς
1415 4230 1686 4302 ἀνθρώπῳ
1709 4231 1975 4299 δηλονότι,

405 4329 465 4380 rb
513 4327 610 4396 μὲν
649 4327 881 4392 λογικὸν,
914 4326 974 4378 rb
1023 4325 1081 4378 δὲ
1138 4325 1480 4394 γελαστικῦν.
1524 4325 1632 4377 Καὶ
1690 4324 1798 4395 μὴν
1856 4324 1977 4377 οὐδὲ

406 4414 620 4468 ἐπειδὰν
641 4413 890 4480 λέγωσιν,
915 4413 991 4475 ὡς
1015 4415 1226 4484 προσῆν
1257 4414 1324 4467 ἂν
1351 4414 1428 4483 τῷ
1464 4414 1739 4483 Πνεύματι
1763 4413 1824 4466 rb
1845 4431 1977 4484 προ-

407 4505 642 4569 ϐάλλειν,
678 4505 726 4557 εἰ
762 4504 838 4575 μὴ
869 4506 1109 4560 ἐναντίον
1133 4501 1200 4576 ἦν
1232 4505 1308 4575 τῷ
1341 4504 1508 4560 αὑτοῦ
1561 4506 1730 4574 λόγῳ,
1783 4505 1974 4559 λύουσι

2083 630 2158 695 ὡς
2191 630 2358 695 ἔοικε,
2411 633 2500 686 διὰ
2533 631 2594 684 rb
2631 633 2704 702 μὴ
2741 634 2834 685 καὶ
2875 631 2935 685 rb
2969 634 3193 702 Πνεῦμα
3227 634 3500 704 προϐολέα
3527 632 3668 690 εἶναι

2083 722 2157 785 ὡς
2193 723 2476 789 ἀδύνατον,
2510 722 2856 794 συγχωροῦσι
2894 725 2987 777 τὸν
3020 725 3150 778 Υίδν
3199 727 3468 796 προϐολέα
3503 725 3666 794 εἶναι,

2083 811 2142 867 εῦ
2176 817 2352 870 ἐκεῖνο
2385 817 2674 870 ἀκολουθεί
2723 819 2984 880 ἐναντίως
3021 819 3154 873 πολὺ
3189 822 3300 884 τοῖς
3332 821 3440 874 τῶν
3493 821 3669 888 λόγων

2084 909 2288 976 νόμοις.
2317 911 2444 963 Δέον
2484 909 2685 980 μᾶλλον
2729 911 2812 964 ὅτι
2833 911 3075 971 τεθέντος
3101 913 3198 984 τὴν
3234 913 3364 966 Υίὸν
3399 915 3669 983 προϐολέα

2083 996 2246 1064 εἶναι,
2274 1003 2469 1056 δεῖκαὶ
2500 1002 2561 1056 rb
2610 1002 2836 1075 Πνεῦμα
2886 1003 3128 1059 τοιοῦτον
3161 1000 3322 1068 εἶναι,
3360 1005 3497 1076 ὅπερ
3539 1006 3670 1060 ἀδύ-

2084 1111 2263 1159 νατον,
2297 1096 2516 1150 κάκεῖνο
2549 1098 2815 1151 ἀδύνατον
2844 1096 3258 1167 ὑπολαμϐάνειν
3289 1090 3333 1166 ᾧ
3367 1097 3515 1151 τοῦθ’
3541 1097 3672 1150 ’ἐπε-

2084 1202 2193 1240 ται.

2155 1277 2266 1348 Τὴν
2309 1279 2356 1331 δ’
2379 1279 2700 1336 ἀκολουθίαν
2734 1282 2795 1335 ού
2838 1282 2998 1350 μόνον
3045 1283 3071 1334 ὁ
3103 1281 3200 1351 τῆς
3229 1281 3468 1345 πίστεως
3513 1283 3672 1350 λόγος

2089 1373 2320 1438 βεϐαιοῖ,
2358 1375 2454 1427 καὶ
2504 1375 2552 1428 οί
2593 1375 2906 1430 διδάσκαλοι
2937 1374 3127 1428 τοῦτον
3167 1375 3487 1444 τηροῦντες,
3535 1375 3673 1428 ἀλλά

2086 1466 2180 1517 καὶ
2213 1465 2367 1519 αὐτοὶ
2393 1466 2610 1519 Λατῖνοι
2644 1465 3153 1538 συμμαρτυροῦσιν,
3184 1465 3218 1536 ἡ
3267 1484 3319 1519 τι.
3341 1465 3548 1536 άλλο,ἢ
3583 1468 3674 1519 ἐν-
3725 1454 3729 1457 ’

2085 1555 2337 1612 διδόντων
2364 1559 2482 1611 ἐστὶ
2504 1561 2569 1629 τῇ
2598 1557 2894 1630 ἀκολουθίᾳ
2923 1558 2984 1611 rb
3013 1558 3214 1628 λέγειν,
3247 1559 3332 1612 ὅτι
3358 1556 3569 1626 προσῆν
3603 1555 3671 1610 ἂν

2087 1650 2181 1703 καὶ
2212 1648 2290 1719 τῷ
2322 1649 2599 1719 Πνεύματι⁹
2629 1649 3084 1721 τὸπροϐάλλειν,
3136 1651 3186 1701 εί
3240 1648 3318 1720 μὴ
3353 1648 3592 1702 ἐκώλυεν
3638 1651 3671 1716 ἡ

2085 1740 2178 1794 τοῦ
2233 1741 2551 1808 Πνεύματος
2590 1741 2813 1812 ἰδιότης.
2857 1741 3002 1795 Ἀλλ’
3032 1742 3165 1812 ἡμῖν
3209 1741 3362 1795 οὐδὲν
3403 1740 3672 1811 διαφέρει,

2086 1831 2197 1885 εἴτε
2226 1831 2315 1885 διὰ
2344 1832 2548 1901 ταύτην
2579 1833 2676 1902 τὴν
2695 1833 2898 1901 αἰτίαν,
2921 1833 3031 1887 εἴτε
3060 1833 3127 1886 δι’
3147 1833 3344 1903 ἑτέραν
3367 1831 3676 1886 κεκώλυται

2017 1891 2060 1945 Β
2094 1923 2190 1976 καὶ
2214 1891 2760 1993 ἀδυνάτως-ἔχει’ἕως
2779 1923 2844 1977 ἂν
2873 1891 3115 1977 τοιοῦτόν
3147 1940 3208 1991 γε
3233 1891 3292 1994 ᾗ,
3321 1921 3460 1990 πρὸς
3486 1922 3546 1974 rb
3574 1924 3675 1976 κά-

2094 2015 2241 2069 κεῖνο
2268 2015 2438 2082 δεῖξαι
2476 2015 2738 2069 ἀδύνατον
2783 2011 2828 2085 ᾧ
2857 2015 3004 2070 τοῦθ’
3030 2015 3243 2069 ἕπεται.
3273 2015 3335 2068 El
3367 2013 3424 2068 δὲ
3466 2012 3676 2082 λέγοιεν

2093 2105 2311 2158 Λατῖνοι
2359 2107 2443 2160 ὄτι
2476 2106 2616 2176 πλὴν
2651 2106 2743 2161 τοῦ
2798 2106 3123 2178 προϐάλλειν
3175 2105 3363 2160 ἐνόουν
3410 2105 3461 2158 οί
3501 2104 3670 2172 ἅγιοι,

2091 2197 2293 2268 ψευδὴς
2348 2199 2382 2270 ἡ
2439 2199 2697 2265 ὑπόνοια,
2733 2199 3040 2253 τούναντῖον
3077 2210 3206 2269 γαρ,
3257 2197 3426 2268 μόνην
3485 2197 3669 2268 πηγὴν

2091 2291 2183 2348 τὸν
2204 2291 2425 2360 Πατέρα
2463 2293 2557 2346 καὶ
2586 2295 2748 2363 μόνον
2801 2294 2974 2346 αίτιον
3007 2291 3250 2360 λέγουσι,
3283 2291 3377 2345 καὶ
3411 2289 3581 2344 πάντα
3602 2291 3671 2343 τὰ

2094 2385 2308 2456 Πατρδς
2352 2387 2495 2454 ἔχειν
2526 2386 2615 2439 τὸν
2644 2385 2770 2438 Υίὸν
2803 2386 2946 2457 πλὴν
2989 2385 3090 2454 τῆς
3141 2386 3342 2448 αἰτίας,
3375 2385 3470 2438 καὶ
3497 2384 3670 2437 πολλά

2091 2478 2314 2530 τοιαῦτα
2344 2477 2412 2531 δι’
2440 2470 2514 2533 ὧν
2529 2478 2870 2533 δεικνύουσιν
2886 2478 2944 2528 οὐ
2969 2475 3284 2546 βουλόμενοι
3315 2477 3495 2531 κοινὸν
3530 2475 3670 2531 εῖναι

2092 2567 2268 2637 Πατρὶ
2299 2568 2394 2621 καὶ
2446 2569 2561 2640 Υίῷ
2605 2569 2667 2622 rb
2723 2568 3072 2640 προϐάλλειν.
3130 2569 3244 2622 Οὐκ
3279 2568 3563 2623 ἐϐούλοντο
3589 2569 3669 2634 δὲ,

2089 2659 2171 2712 ὅτι
2199 2660 2397 2730 ᾔδεσαν
2428 2660 2504 2723 ὡς
2534 2656 2744 2730 ἀνάγκη
2781 2660 2940 2714 τοῦτο
2968 2661 3059 2713 καὶ
3085 2659 3166 2730 τῷ
3205 2661 3483 2738 Πνεύματι
3530 2660 3674 2714 οὕτω

2090 2752 2305 2823 δοθῆναι
2357 2752 2422 2806 ἂν
2457 2757 2588 2822 παρ’
2621 2754 2823 2819 αὐτῶν,
2855 2753 2943 2807 διὰ
2979 2753 3039 2806 rb
3081 2738 3588 2822 πᾶσαν’ἐνέργειαν
3616 2755 3675 2805 ἐν

2087 2847 2200 2909 τοῖς
2247 2844 2411 2910 θείοις
2461 2845 2536 2917 μὴ
2580 2844 2906 2916 ὁριζομένην
2954 2847 3012 2898 ἐν
3065 2846 3346 2916 προσώπῳ
3396 2843 3496 2907 ἐνὶ,
3560 2845 3704 2922 ἀλλ’.

2090 2937 2523 3009 ὑπερϐαίνουσαν
2559 2938 2696 3008 πρὸς
2750 2937 2882 3008 ὅλην
2929 2935 3028 3006 τὴν
3057 2935 3206 2989 θείαν
3239 2936 3403 3005 φύσιν
3435 2936 3674 2990 ἐκτείνε-

2091 3029 2234 3095 σθαι,
2271 3032 2367 3085 καὶ
2394 3033 2512 3093 ταῖς
2541 3032 2720 3101 τρισὶν
2752 3029 3115 3100 ύποστάσεσιν
3147 3023 3286 3082 εἶναι
3317 3030 3517 3082 κοινόν.
3552 3030 3666 3082 Καὶ

2088 3119 2245 3182 αὖθις
2275 3120 2325 3172 εί
2371 3123 2531 3187 φαῖεν
2581 3121 2664 3173 ὅτι
2716 3121 2777 3173 τὸ
2826 3118 3053 3189 Πνεῦμα
3106 3119 3318 3189 Πατρὸς
3366 3116 3529 3184 εἶναι,
3577 3123 3674 3174 κα)⁸

2089 3211 2316 3282 Πνεῦμα
2366 3210 2500 3265 Υἱοῦ
2553 3208 2716 3279 εἶναι,
2754 3213 2934 3266 κοινόν
2989 3218 3106 3266 ἐστι
3141 3216 3312 3276 δήπου
3353 3213 3529 3283 Πατρὶ
3581 3218 3675 3267 καὶ

2095 3304 2230 3376 Υίῷ,
2271 3306 2384 3358 ἀλλ’
2410 3306 2471 3360 ού
2503 3308 2598 3359 καὶ
2646 3305 2720 3377 τῷ
2746 3306 3047 3377 Πνεύματι,
3075 3309 3135 3362 οὑ
3165 3309 3273 3380 γάρ
3300 3309 3448 3363 ἐστιν
3478 3310 3675 3365 ἑαυτοῦ

2093 3395 2154 3449 τό
2205 3397 2452 3466 Πνεῦμα,
2507 3399 2792 3452 καὶτοῦτο
2828 3399 3006 3470 μάτην
3063 3399 3301 3470 ἐροῦσιν.
3338 3401 3400 3455 ΕΞ
3428 3402 3528 3472 μὲν
3563 3405 3673 3476 γὰρ

2092 3488 2301 3541 ἐκεῖνον
2327 3487 2576 3555 λέγουσιν
2618 3488 2814 3553 οὕτως,
2845 3489 2921 3552 ὡς
2951 3489 3008 3554 ἐξ
3048 3491 3250 3560 ἀμφοῖν
3285 3491 3379 3544 τοῦ
3409 3493 3666 3564 Πνεύμα-

2091 3594 2183 3641 τος
2212 3577 2676 3649 προϐαλλομένου,
2701 3579 2761 3633 τό
2789 3597 2848 3632 τε
2890 3579 3225 3650 ζητούμενον
3256 3577 3416 3646 αὖθις
3453 3584 3672 3653 λαμϐά-
3715 3587 3717 3589 ’

2092 3685 2263 3732 νουσι,
2301 3670 2394 3722 καὶ
2427 3670 2552 3733 τοὺς
2591 3671 2768 3722 ἐκεῖνο
2820 3671 3074 3734 εἰπόντας
3111 3673 3550 3743 παρεξηγοῦνται
3578 3694 3593 3710 ο
3624 3681 3673 3730 εἰ
3709 3690 3714 3700 ·

2089 3759 2145 3814 δὲ
2183 3761 2407 3830 Πνεῦμα
2446 3760 2573 3815 Υίοῦ
2605 3761 2824 3830 λέγεται
2857 3765 2922 3832 τῇ
2953 3763 3166 3834 Γραφῇ,
3199 3765 3274 3829 ώς
3304 3766 3500 3820 ταυτὸν
3531 3772 3673 3823 κατά

2090 3856 2252 3923 φύσιν
2299 3854 2376 3923 τῷ
2427 3854 2544 3925 Υίῷ
2579 3855 2672 3907 καὶ
2707 3855 3014 3924 όμοούσιον,
3057 3858 3200 3911 οὕτω
3245 3861 3354 3928 γὰρ
3387 3860 3589 3924 πάντες
3621 3865 3671 3915 οἱ

2092 3949 2227 4020 ίεροὶ
2273 3948 2611 4018 ἐξηγοῦνται,
2645 3949 2738 4001 τοῦ
2774 3948 2988 4018 Πατρὸς
3025 3950 3081 4003 δέ
3113 3968 3298 4019 φασιν,
3349 3953 3424 4017 ὡς
3477 3957 3541 4009 ἐκ
3564 3955 3666 4032 τοῦ

2089 4042 2300 4113 Πατρὸς
2360 4042 2830 4112 ἐκπορευόμενον
2889 4042 2988 4096 οὐκ
3039 4043 3116 4097 ἐτ’
3146 4043 3214 4099 ἂν
3262 4047 3356 4101 καὶ
3384 4048 3463 4114 τῷ
3500 4051 3670 4104 Πνεύ-

2091 4152 2223 4205 ματι
2241 4132 2326 4203 εἴη
2363 4134 2564 4197 κοινὸν,
2601 4133 2655 4186 εἴ
2681 4150 2744 4202 γε
2768 4134 2864 4187 καὶ
2892 4136 2949 4186 ἐν
2979 4135 3209 4199 ἐκείνοις
3241 4139 3358 4190 ἐστὶ
3386 4139 3670 4210 διάφορον,

2086 4230 2166 4281 ὅτι
2196 4225 2290 4278 τοῦ
2324 4225 2534 4296 Πατρδς
2591 4225 2688 4295 μὲν
2742 4227 2958 4297 εἴρηται
2990 4222 3130 4281 εἶναι
3161 4227 3236 4292 ὡς
3267 4229 3326 4295 ἐξ
3348 4229 3538 4298 αὐτοῦ,
3571 4233 3667 4289 τοῦ

2087 4317 2218 4372 Υίοῦ
2251 4317 2307 4372 δέ
2339 4319 2414 4382 ὡς
2441 4317 2788 4388 ᾠκειωμένον
2821 4321 2963 4374 κατὰ
2993 4320 3154 4388 φύσιν
3183 4314 3354 4392 αύτῷζ

2156 4412 2220 4464 Εἰ
2255 4412 2313 4462 δέ
2351 4427 2434 4474 τις
2462 4411 2644 4465 καὶτὸ
2684 4412 2900 4482 Πατρδς
2929 4409 3073 4466 εἶναι
3103 4413 3356 4480 λέγεσθαι
3391 4416 3491 4488 τὴν
3525 4421 3669 4475 κατά

2085 4503 2248 4571 φύσιν
2281 4504 2508 4574 ἐνότητα
2553 4503 2748 4574 δηλοῦν
2805 4505 3052 4574 βούλοιτο
3110 4504 3212 4577 τῆς
3264 4509 3444 4573 αίτίας
3490 4509 3571 4582 τῷ
3604 4512 3669 4566 ἐκ
3769 4521 3778 4527 ’

405 4598 609 4667 μᾶλλον
636 4599 733 4669 τὴν
761 4600 992 4668 ἀπορίαν
1031 4599 1126 4652 καὶ
1160 4597 1439 4668 φεύγουσι·
1465 4597 1525 4652 rb
1562 4599 1671 4669 γὰρ
1703 4599 1778 4669 μὴ
1814 4615 1976 4668 προσ·
2010 4606 2054 4662 D
2090 4597 2301 4667 Πατρὺς
2336 4598 2768 4667 σημαινομένης,
2795 4599 3187 4670 συγχωροῦμεν
3209 4599 3293 4654 ὅτι
3337 4607 3520 4657 κοινόν
3551 4611 3671 4660 ἐστι

403 4693 540 4744 εῖναι
598 4691 677 4760 τῷ
712 4691 990 4762 Πνεύματι
1041 4691 1120 4760 τῷ
1154 4690 1481 4760 προϐάλλειν
1534 4692 1628 4744 καὶ
1679 4692 1740 4744 rb
1782 4691 1975 4745 τούτου

402 4782 575 4837 αἴτιον
609 4783 882 4851 λέγουσιν.
937 4784 1128 4848 Ὅπως
1161 4783 1220 4836 δὲ
1261 4784 1449 4837 τούτου
1512 4783 1686 4847 οὕτως
1739 4783 1974 4856 ἔχοντος,

400 4873 613 4926 ἐνέσται
652 4875 746 4926 καὶ
767 4873 842 4943 τῷ
874 4873 990 4944 Υἱῴ
1035 4874 1096 4927 rb
1127 4874 1454 4944 προϐάλλειν
1498 4879 1637 4944 μετά
1668 4875 1879 4946 Πατρὸς
1915 4875 1976 4927 ού

397 4964 652 5031 λέγουσιξ
684 4966 929 5020 τουτέστι
961 4966 1060 5036 τὴν
1091 4967 1190 5035 μὲν
1214 4967 1536 5022 ἀκολουθίαν
1553 4969 1652 5020 οὐκ
1672 4967 1976 5038 ἐλέγχουσι,

399 5059 516 5121 πῶς
546 5060 689 5129 γάρ;
722 5063 832 5122 τοῖς
869 5058 978 5113 τῶν
1030 5059 1204 5126 ἁγίων
1263 5059 1441 5128 λόγοις
1495 5061 1869 5132 ἐρειδομένην,
1927 5061 1981 5114 οἵ

401 5171 586 5223 φασιν,
634 5157 684 5208 εί
747 5171 798 5207 τι
864 5156 1041 5211 κοινόν
1091 5157 1207 5210 ἐστι
1264 5159 1440 5226 Harp}.
1493 5158 1587 5210 καὶ
1637 5157 1776 5228 Υίῷ,
1812 5156 1972 5211 τοῦτο

397 5250 490 5302 καὶ⁵
527 5247 603 5318 τῷ
639 5247 912 5318 Πνεύματι
972 5248 1150 5302 κοινὸν
1195 5244 1368 5302 εἶναι’
1425 5250 1507 5302 ὅτι
1542 5249 1598 5301 δέ
1631 5249 1829 5303 ἄτοπόν
1856 5251 1972 5304 ἐστι

394 5341 455 5394 rb
489 5343 582 5394 καὶ
608 5340 686 5411 τῷ
711 5340 988 5408 Πνεύματι
1034 5339 1192 5394 τοῦτο
1219 5343 1520 5411 προσεῖναι,
1567 5344 1664 5396 καὶ
1717 5345 1840 5397 ὅτου
1874 5345 1972 5413 χά-

398 5446 502 5498 ριν,
551 5428 741 5500 ὥσπερ
787 5431 918 5501 ἡμῖν
975 5431 1471 5501 συναγωνιζόμενοι
1525 5431 1802 5500 λέγουσιν,
1871 5434 1972 5487 οὐκ

394 5523 595 5584 εἰδότες
624 5511 729 5585 ὅτι,
755 5523 948 5595 ὥσπερ
968 5522 1046 5594 τῷ
1082 5523 1363 5594 Πνεύματι
1391 5525 1468 5596 μὴ
1497 5527 1756 5596 πρόσεστι
1783 5525 1868 5580 διὰ
1908 5527 1970 5580 rb

393 5613 712 5683 συμϐαίνειν
739 5615 1008 5684 μηδαμῶς
1030 5614 1106 5685 τῷ
1128 5615 1272 5685 λόγῳ
1292 5617 1388 5671 τοῦ
1420 5617 1759 5686 Πνεύματος,
1791 5619 1968 5671 καίτοι

391 5719 454 5770 γε
487 5703 694 5773 προσῆν
722 5703 788 5757 ἀν
812 5704 941 5757 ἄνευ
966 5704 1180 5769 τούτου,
1198 5704 1373 5769 οὕτως
1401 5706 1523 5759 οὐδὲ
1556 5707 1633 5777 τῷ
1659 5706 1774 5778 Υίῷ
1793 5711 1967 5778 πρόσο

389 5811 505 5848 εστι
526 5795 615 5850 διὰ
635 5797 696 5849 τὸ
726 5798 974 5867 ἀνάγκην
1000 5792 1142 5851 εἶναι
1177 5797 1460 5869 προσεῖναι
1481 5799 1548 5853 ἂν
1570 5803 1664 5854 καὶ
1694 5802 1776 5872 τῷ
1803 5803 1971 5855 Πνεύ-

391 5901 543 5956 ματι,
585 5888 632 5941 εί
663 5886 741 5959 τῷ
776 5887 892 5958 Υἱῴ
928 5893 1182 5962 προσείη,
1214 5891 1372 5945 τοῦτο
1418 5891 1474 5947 δὲ
1511 5891 1770 5949 ἀδύνατον
1802 5889 1966 5962 εἶναι,

2079 4691 2252 4761 Πατρὶ
2275 4691 2370 4744 καὶ
2402 4689 2516 4760 Υἱῷ
2542 4692 2602 4743 τὸ
2625 4691 2880 4755 λέγεσθαι
2923 4692 3104 4748 αὐτῶν
3130 4689 3272 4748 εἶναι
3302 4695 3364 4749 rb
3399 4697 3624 4768 Πνεῦμα
3655 4717 3668 4729 ’

2077 4781 2222 4835 οῦτω
2249 4782 2306 4835 δὲ
2342 4782 2436 4836 καὶ
2473 4782 2668 4836 ἐαυτοῦ
2703 4778 2850 4835 εἶναι
2879 4784 2939 4836 rb
2997 4782 3220 4853 Πνεῦμα
3253 4785 3502 4857 δώσομεν
3537 4791 3670 4843 πάν-

2078 4889 2209 4936 τως·
2246 4873 2322 4935 ὼς
2368 4875 2478 4942 γὰρ
2506 4873 2736 4937 ἐκείνοις
2760 4875 2958 4928 ταυτόν
2989 4877 3104 4928 ἐστι
3137 4873 3279 4930 κατά
3305 4878 3496 4947 φύσιν,
3528 4881 3671 4935 οὕτω

2081 4966 2172 5018 καὶ
2199 4965 2379 5036 ἐαυτῷ
2434 4967 2633 5020 ταυτόν
2667 4971 2785 5022 ἐστι
2835 4969 2982 5022 κατά
3035 4969 3201 5038 φύσιν
3253 4971 3348 5023 καὶ
3380 4974 3503 5025 καθ’
3536 4975 3668 5026 ὑπό-

2083 5074 2296 5125 στασιν,
2325 5058 2382 5113 ἓν
2412 5076 2471 5111 τε
2503 5059 2564 5112 ὃν
2599 5061 2708 5113 κάν
2739 5061 2817 5130 τῷ
2841 5061 3055 5130 ἐσχάτῳ
3104 5062 3201 5130 τῆς
3229 5062 3662 5134 ἀμεταϐλησίας.

2093 5151 2248 5204 Ἐπεὶ
2276 5150 2456 5204 τοίνυν
2481 5150 2625 5221 ἅπερ
2661 5151 3052 5220 ἀποκρίνονται
3080 5152 3216 5219 πρὸς
3250 5151 3341 5204 τὸν
3374 5153 3532 5221 λόγον
3555 5154 3668 5208 Λα-

2077 5249 2240 5310 τῖνοι,
2270 5247 2552 5314 ἀποφυγαί
2575 5249 2714 5300 εἰσιν
2739 5247 2980 5316 ἀτεχνῶς
3005 5246 3104 5315 τῆς
3128 5246 3382 5316 ἀληθεῗας
3402 5249 3665 5317 ἑκούσιοι,

2075 5340 2167 5393 διὰ
2191 5340 2250 5392 rb
2299 5339 2575 5392 δουλεύειν
2607 5340 2700 5393 καὶ
2732 5338 2930 5404 θέλειν,
3049 5338 3471 5410 προελήφθησλν
3516 5342 3663 5413 δόξῃ,

2076 5433 2172 5485 καὶ
2210 5430 2364 5485 οὐδὲν
2391 5431 2543 5498 ὑγιὲς
2593 5431 2626 5502 ἢ
2667 5430 2834 5499 σαφὲς
2888 5429 3106 5501 ἔχοντα,
3161 5431 3399 5500 εᾷλόγως
3432 5434 3540 5502 ἄρα
3576 5437 3666 5488 καὶ

2078 5524 2168 5578 διὰ
2215 5524 2324 5581 τῶν
2371 5525 2774 5596 φανερωτάτων
2801 5525 2901 5593 τῆς
2930 5525 3166 5585 πίστεως
3205 5525 3426 5596 ἀρχῶν·
3464 5526 3580 5595 ἅμα
3613 5528 3665 5580 δὲ

2079 5620 2172 5670 καὶ
2227 5619 2622 5691 συντομωτάτη
2693 5617 2798 5687 6δῷ
2887 5617 3161 5672 δέδεικται
3211 5617 3473 5672 ἀδύνατον
3526 5615 3666 5674 εἶναι

2079 5713 2172 5764 καὶ
2229 5711 2429 5766 ἄτοπον
2481 5711 2543 5764 rb
2575 5713 2671 5766 καὶ
2700 5710 2792 5764 τὸν
2835 5709 2966 5763 Υἱδν
3019 5707 3193 5764 αίτιον
3221 5709 3362 5765 εἶναι
3396 5712 3429 5782 ἦ
3468 5712 3666 5781 προϐο‹

2075 5802 2172 5856 λέα
2206 5803 2301 5854 τοῦ
2339 5801 2497 5870 ἁγίου
2531 5802 2856 5874 Πνεύματος
2909 5802 3050 5873 μετὰ
3076 5801 3168 5856 τοῦ
3205 5803 3442 5873 Πατρὺς,
3483 5805 3664 5856 τοσού-

2077 5915 2186 5952 των
2218 5899 2280 5951 ἐκ
2322 5897 2642 5970 διαιρέσεως
2683 5898 3128 5956 ἀκολουθούντων
3159 5889 3398 5966 ἀτόπων,
3426 5900 3520 5954 καὶ
3549 5899 3663 5954 ἀδυ-
