4104 6410
461 429 564 491 707

1518 422 1897 484 GENNADII
1941 422 2046 486 ΟΡ.
2100 423 2374 484 PATRIA
2389 425 2610 486 RCHIE

3622 428 3731 491 703

457 551 632 603 νάτων
658 547 827 617 αύτῷ,
879 547 1060 600 καίτοι
1092 546 1185 599 xal
1215 545 1385 598 πλείω
1421 544 1531 597 τῶν
1567 544 1876 614 εἰρημένων
1914 544 2042 596 ἀκο-
2072 548 2113 603 Α
2147 564 2232 598 σιν
2285 547 2632 616 ἀνεκτότεροι
2682 549 2783 614 μὲν
2827 545 2913 599 διὰ
2960 548 3058 615 τὴν
3096 548 3326 616 ἄρνησιν
3362 546 3455 598 τοῦ
3491 545 3726 613 ἀτόπου,

455 640 636 693 λουθεῖ
664 638 740 708 τῷ
769 639 1002 708 δόγματι
1049 638 1251 699 ἄτοπα,
1299 635 1397 688 καὶ
1433 635 1610 687 οὐδενὶ
1641 635 1833 703 σχεδ³ιν
1883 635 2031 701 ἄλλῳ

455 730 715 795 τοσαῦτα,
741 731 816 793 ὡς
838 731 1018 791 ἄλλοις
1044 747 1105 783 τε
1146 729 1366 791 πολλοῖς
1417 729 1524 799 πρὸ
1553 729 1734 798 ἡμῶν,
1774 730 1869 782 καὶ
1905 731 2038 798 ἡμῖν

457 826 515 877 ἐν
543 823 664 876 δυσὶ
697 823 922 893 βιϐλίοις
945 823 1213 874 δέδεικται
1247 822 1361 883 τοῖς
1389 821 1835 891 προειρημένοις.

537 914 680 968 Ἀλλ’
707 915 840 984 ἡμῖν
862 912 1067 984 ἀρκοῦν
1096 913 1240 976 εδοξε
1266 913 1362 966 καὶ
1413 913 1492 976 είς
1524 912 1758 965 τοσαῦτα
1804 911 1900 982 τὴν
1949 912 2033 964 θέ-

458 1025 541 1061 σιν
581 1009 926 1075 ἀπενεγκεῖν,
975 1000 1050 1059 ὧν
1084 1008 1164 1059 ἐνὶ
1195 1007 1256 1061 τὸ
1301 1006 1649 1074 τούλάχιστον
1671 1008 1770 1076 τὴν
1817 1010 2035 1061 Λατινιο

457 1098 560 1165 κὴν
589 1097 737 1150 θέσιν
755 1085 1120 1166 ’ἐνισχομένην
1153 1094 1565 1165 ἀποτρέπεσθαι
1594 1097 1723 1164 χρή.
1763 1096 2034 1164 Ἐνέχοιτο

454 1191 501 1242 δ’
531 1189 596 1243 ἂν
622 1190 703 1242 ἐνὶ
735 1191 941 1244 τούτων
972 1190 1058 1242 διὰ
1099 1188 1160 1242 τὸ
1187 1189 1486 1255 ἀναγκαῖον
1515 1187 1669 1240 τοῦδε
1723 1187 1818 1240 τοῦ
1845 1188 2027 1254 λόγου,

456 1281 550 1334 καὶ
571 1280 670 1350 τὴν
696 1281 974 1335 ἀσθένειαν
999 1280 1110 1334 τῶν
1147 1279 1284 1350 πρὸς
1313 1279 1496 1341 αὐτὸν,
1529 1279 1604 1343 ὡς
1628 1278 1866 1348 εἴρηται,
1902 1281 2031 1333 ὑπο-

454 1374 714 1443 κρίσεωνο
775 1371 1072 1441 σοφίσμασι
1133 1372 1242 1439 γὰρ
1297 1370 1598 1439 πειρῶνται
1633 1369 1784 1423 λύειν
1842 1371 2026 1426 αὐτόν.

457 1464 650 1528 Καλῶς
690 1464 798 1533 ἄρα
825 1464 974 1516 θέσιν
1003 1463 1259 1531 τοιαύτην
1308 1461 1624 1532 ἀρνούμεθα
1656 1462 1752 1516 καὶ
1779 1461 1890 1515 τῶν
1939 1481 2027 1514 τι·

451 1557 655 1609 θέντων
689 1555 864 1608 οὐδενὶ
893 1554 1150 1622 ἐθέλομεν
1183 1555 1486 1619 κοινωνεῖν,
1520 1553 1704 1622 νόμοις
1736 1553 2030 1623 ἐκκλησια-

452 1649 653 1710 στικοῖς
685 1647 960 1716 ἑπόμενοι,
991 1647 1040 1700 οἳ
1063 1646 1171 1698 τῶν
1199 1637 1365 1715 ἕτερα
1397 1644 1740 1716 φρονούντων
1771 1645 1902 1713 περὶ
1932 1645 2028 1698 τοῦ

447 1739 605 1790 Θείου
635 1738 907 1792 διεστάναι
929 1737 1242 1791 κελεύουσι.
1461 1792 1480 1805 ,

518 1829 764 1882 Χαλεπὸν
792 1830 848 1881 δέ
872 1828 932 1880 τὸ
962 1827 1178 1898 ψεῦδος,
1214 1829 1308 1880 καὶ
1355 1827 1435 1880 δεῖ
1466 1827 1596 1880 αὐτὸ
1647 1827 2025 1893 φυλάττεσθαι

2145 641 2203 691 οὗ
2242 641 2348 710 μὴν
2377 640 2720 710 προσδεκτοὶ,
2749 641 2798 692 εί
2837 640 2910 708 μὴ
2939 639 3000 692 τὸ
3027 639 3335 707 ἡγούμενον
3367 640 3720 708 ἀρνήσαιντο,

2143 723 2186 794 ᾧ
2212 729 2404 784 ἕπεται
2455 731 2517 784 τὸ
2547 730 2748 784 ἄτοπον
2777 733 2953 786 ἐκεῖνο
2992 721 3049 794 ἐξ
3096 729 3452 798 ὑγιαινούσης
3497 731 3725 784 ἀκολου-

2145 824 2286 884 θίας.
2322 823 2771 889 ΙΙαραδείγματος
2820 820 2980 891 χάριν
3009 823 3057 873 οἱ
3095 821 3224 888 περὶ
3263 823 3352 874 τὸν
3387 821 3622 891 Πύῤῥον,
3660 824 3722 875 ἐν

2143 915 2359 982 θέλημα
2392 916 2486 966 καὶ
2523 913 2652 982 μίαν
2679 912 2966 982 ἐνέργειαν
3009 913 3254 975 τιθέντες
3285 915 3342 965 ἐν
3370 913 3450 983 τῷ
3479 914 3722 984 Χριστῷ,

2143 1007 2264 1058 ἐπεὶ
2317 1005 2672 1059 ἐνεκαλοῦντο
2731 1006 2791 1056 τὸ
2842 1004 2946 1058 ὑπὸ
3005 1003 3114 1056 τῶν
3164 1005 3485 1075 όρθοδόξων,
3517 1006 3578 1059 τὺ
3629 1007 3728 1059 καὶ

2145 1099 2275 1166 μίαν
2311 1097 2474 1165 φύσιν
2518 1097 2748 1160 τιθέναι,
2779 1096 2846 1149 ἂν
2898 1095 3072 1158 οὕτως
3123 1097 3181 1148 ἐν
3235 1095 3314 1166 τῷ
3359 1097 3612 1167 ἡμετέρῳ
3643 1098 3727 1152 δε.

2142 1189 2316 1259 σπότῃ
2361 1192 2425 1242 ἐκ
2463 1187 2722 1256 τοιαύτης
2767 1187 3113 1254 ἀκολουθίας,
3145 1188 3228 1241 ὅτι
3279 1191 3346 1259 τῇ
3381 1189 3596 1256 ἐνότητι
3623 1190 3724 1259 τῆς

2139 1281 2442 1352 ἐνεργείας,
2481 1280 2578 1334 καὶ
2625 1279 2880 1350 ἠένότης
2925 1281 2990 1334 ἂν
3033 1279 3424 1349 ἀκολουθήσειε
3465 1281 3563 1347 τῆς
3623 1283 3724 1350 φύ-

2141 1391 2299 1434 σεως,
2339 1372 2428 1427 διὰ
2454 1374 2514 1426 τὸ
2539 1373 2680 1427 κατά
2715 1372 2806 1427 τὸν
2833 1372 3071 1442 ἀριθμὸν
3097 1374 3208 1426 τῶν
3251 1373 3469 1441 φύσεων
3511 1375 3606 1428 καὶ
3631 1375 3722 1427 τὸν

2137 1465 2372 1536 ἀριθμὸν
2419 1461 2558 1520 εἶναι
2607 1465 2718 1519 τῶν
2753 1466 2894 1519 κατά
2949 1465 3114 1535 φύσιν
3161 1459 3475 1535 ἐνεργειῶν.
3521 1467 3610 1518 Ἐν
3644 1467 3722 1535 τῷ

2136 1557 2366 1625 παρόντι
2398 1555 2455 1608 δὲ
2489 1556 2550 1609 ού
2601 1555 3040 1624 διαγωνιζόμεθα
3076 1556 3285 1614 τιθέναι
3338 1557 3514 1610 ταῦτα
3557 1558 3721 1627 ίίκρι⁴

2136 1647 2419 1715 ϐωμένως,
2474 1647 2589 1700 ἀλλ’
2646 1647 2724 1708 ὼς
2776 1650 2832 1701 ἐν
2879 1650 3036 1717 τύπῳ
3087 1649 3250 1716 μόνον
3307 1649 3491 1718 χάριν⁹
3520 1650 3720 1703 ἐκεῖνοι

2133 1736 2316 1788 τοίνυν
2349 1735 2424 1806 μὴ
2461 1735 2752 1806 δυνάμενοι
2775 1737 2925 1790 λύειν
2949 1739 3048 1808 τὴν
3079 1738 3426 1801 ἀκολουθίαν,
3451 1738 3589 1810 πρὸς
3621 1739 3721 1805 τὴν

2134 1829 2364 1898 ἄρνησιν
2426 1827 2524 1880 τοῦ
2604 1829 2814 1883 ἀτόπου
2878 1830 3238 1899 κατέφευγον.
3298 1831 3494 1886 Καίτοι
3553 1829 3720 1901 ᾤοντο

448 1922 683 1989 φρονεῖν,
719 1919 815 1972 καλ⁸
873 1921 986 1982 τοῖς
1051 1919 1310 1986 φρονοῦσι
1376 1919 1905 1987 συναναμίγνυσθαι,
1961 1921 2024 1973 ού
2064 1901 2300 1986 Βλύειν,
2382 1922 2694 1986 καὶζπολλά
2757 1920 3026 1989 λέγοντες,
3078 1923 3194 1976 ἀλλ’
3247 1923 3323 1984 ὡς
3379 1925 3718 1994 σοφιζόμενοι

449 2013 608 2079 μόνον
649 2011 778 2063 ὅταν
822 2009 1078 2078 ἄντικρυς
1105 2011 1201 2062 καὶ
1246 2009 1387 2063 κατὰ
1415 2010 1832 2079 προηγούμενον
1869 2010 2027 2078 λόγον

442 2106 508 2172 τῇ
542 2103 768 2172 ἀληθεία
797 2103 896 2172 τῆς
928 2104 1165 2166 πίστεως
1197 2106 1463 2172 μάχηται,
1495 2103 1570 2164 ὡς
1601 2105 1729 2157 ὅταν
1777 2120 1860 2166 τις
1894 2103 2027 2174 λέγῃ

445 2198 520 2264 μὴ
551 2190 690 2248 εἶναι
725 2197 817 2248 τὸν
871 2195 1004 2248 Θεὸν
1057 2195 1242 2264 ἐνα,ἢ
1283 2196 1359 2265 μὴ
1403 2195 1754 2266 σαρκωθὴναι
1787 2197 1880 2248 τὸν
1931 2195 2026 2247 τοῦ

439 2287 578 2340 Θεοῦ
612 2286 960 2354 Λόγον,ἀλλά
989 2287 1082 2340 καὶ
1110 2279 1171 2340 οῦ
1199 2285 1449 2350 τεθέντος
1475 2287 1668 2340 ἕπεταί
1691 2304 1744 2340 τι
1777 2287 2024 2340 ἐναντίον

439 2382 508 2450 τῇ
545 2380 752 2434 πίστει.
775 2379 1044 2431 Ἕπεσθαι
1075 2379 1130 2430 δέ
1156 2380 1249 2431 καὶ
1280 2381 1343 2448 τῇ
1373 2380 1495 2450 περὶ
1525 2379 1623 2448 τῆς
1650 2380 2028 2448 ἐκπορεύτεως

443 2470 538 2524 τοῦ
569 2471 882 2540 [Ινεύματος
909 2470 1038 2542 δόξῃ
1069 2472 1317 2524 Λατίνων
1363 2471 1424 2524 ἓν
1456 2488 1509 2524 τι
1538 2471 1646 2524 τῶν
1675 2472 1931 2523 ἐναντίων
1961 2473 2026 2541 τῇ

443 2565 648 2627 πίστει,
711 2565 757 2617 οἱ
809 2564 1068 2634 ἡμέτεροι
1124 2565 1379 2632 πρόγονοι
1440 2565 1533 2616 καὶ
1575 2563 1886 2616 διδάσκαλοι
1935 2569 2028 2616 καὶ

443 2659 551 2729 ἰδία
573 2657 900 2721 δεικνύουσι,
917 2657 1014 2710 καὶ
1037 2657 1329 2720 συνοδικῶς
1347 2656 1758 2726 ἀποφαίνονται,
1776 2658 1864 2707 καὶ
1883 2657 2030 2728 ἔργῳ

442 2749 721 2818 βεϐαιοῦσι
744 2751 870 2812 τοὺς
887 2749 1103 2817 λόγους,
1125 2748 1184 2799 ού
1206 2747 1550 2813 φιλονείκως,
1569 2744 1683 2798 ἀλλ’
1703 2749 1766 2798 ἐκ
1789 2747 2031 2816 συνειδή-

440 2860 579 2907 σεως
600 2835 805 2912 ἀγαθῆς
822 2843 927 2894 ἀπε
936 2841 1207 2912 ρρωγότες
1226 2841 1490 2903 Λατίνων,
1505 2838 1590 2890 διά
1609 2838 1706 2907 τὴν
1725 2840 1882 2903 δόξαν
1902 2839 2032 2892 ταύ-

439 2954 540 3006 την
564 2937 745 2990 αὐτῶν
775 2935 1151 2996 πεντακοσίοις
1178 2934 1364 3003 σχεδὸν
1385 2934 1551 2998 ἔτεσι,
1572 2935 1666 2988 καὶ
1689 2934 2030 3004 αὐτῷ’ῐερω-

439 3028 595 3098 νύμῳ
624 3026 913 3096 συμϐούλῳ
945 3025 1279 3095 κεχρημένοι
1302 3024 1394 3076 τοῦ
1429 3024 1656 3093 φεύγειν
1685 3026 1794 3078 ἀπὸ
1823 3027 2027 3097 ταύτης

439 3120 537 3187 τῆς
566 3118 743 3187 δόξης,
787 3117 1039 3185 τοιαύτης
1063 3132 1126 3183 γε
1159 3115 1323 3187 ούσης
1359 3115 1435 3178 ὡς
1467 3116 1708 3186 ἀληθῶς.
1744 3119 1882 3187 Φησὶ
1910 3120 2020 3189 γὰρ

441 3212 643 3272 ἐκεῖνος
669 3225 683 3239 ο

438 3317 530 3363 τος
553 3300 631 3371 τῷ
660 3301 756 3369 τῆς
787 3300 960 3369 ἀρχῆς
1007 3301 1170 3370 λόγῳ,
1205 3301 1358 3352 ούδὲν
1396 3300 1580 3368 μέντοι
1630 3301 1768 3370 πρὸς
1819 3304 2022 3356 ὑποτα-

441 3395 545 3464 γὴν
603 3395 636 3464 ἡ
700 3393 995 3446 ἐλάττωσιν
1067 3394 1208 3447 κατά
1260 3410 1383 3447 τινα
1441 3394 1644 3462 τρόπον
1705 3395 2021 3466 ἀφορῶντες

440 3486 762 3557 ἀποδίδομεν
796 3488 874 3554 τῷ
915 3485 1046 3554 Υίῷ,
1083 3486 1115 3554 ἢ
1169 3486 1250 3555 τῷ
1309 3485 1452 3555 ἁγίῳ
1511 3487 1813 3556 Πνεύματι,
1844 3489 1931 3544 διὰ
1959 3490 2021 3542 τὸ

441 3578 802 3644 φυλάττεσθαι
855 3577 954 3639 τὰς
1007 3577 1116 3629 τῶν
1172 3576 1438 3644 αἱρέσεων
1490 3578 1764 3646 ἀφορμάς.
1828 3598 1846 3629 ι
1921 3582 2019 3634 Ὃν

440 3668 640 3738 τρόπον
674 3667 808 3735 φησὶ
855 3666 953 3719 καὶ
995 3665 1224 3734 Ὶλὰριος
1259 3667 1318 3718 ὲν
1369 3666 1448 3735 τῷ
1488 3673 1537 3736 η’
1581 3667 1714 3736 Περὶ
1764 3667 2016 3737 Τριὰὃος,

446 3781 464 3813 ι
496 3759 587 3830 Τῷ
616 3759 712 3829 τῆς
738 3759 970 3826 δεήσεως
1003 3756 1276 3824 ἀξιώματι
1316 3760 1525 3828 μείζων
1550 3761 1699 3811 ἐστὶν
1738 3763 1766 3812 ὁ
1811 3761 2017 3829 Πατὴρ,

438 3852 553 3904 ἀλλ’
581 3851 681 3904 ούκ
731 3850 968 3904 ἐλάττων
1001 3850 1200 3916 όΥἱός,
1231 3842 1276 3916 ᾧ
1321 3849 1522 3903 δίδοται
1572 3849 1632 3902 ἓν
1683 3851 1777 3902 καὶ
1823 3851 2019 3904 ταυτὸν

433 3942 596 3999 εῖναι.
639 3962 657 3994 ι

520 4038 851 4110 Ἐκέχρηντο
885 4038 941 4090 δὲ
996 4038 1104 4106 ἄρα
1150 4038 1244 4089 καὶ
1292 4040 1402 4100 τοῖς
1433 4039 1785 4106 οἰκειοτέροις
1844 4036 2020 4090 ἅπασι

434 4131 795 4194 διδασκάλοις,
834 4133 946 4192 τοῖς
988 4131 1258 4192 Ἀσιανοῖς
1289 4131 1453 4196 λέγω,
1485 4131 1703 4200 ὁδηγοῖς
1731 4131 1822 4182 τοῦ
1854 4129 1904 4181 τί
1953 4129 2018 4182 ἂν

433 4225 544 4277 δέοι
592 4225 810 4294 φρονεῖν
858 4223 952 4276 καὶ
1003 4223 1201 4276 ποιεῖν.
1249 4222 1480 4274 Ἐκεῖνοι
1512 4225 1621 4290 γὰρ
1668 4221 1870 4282 πάντες
1916 4221 2020 4272 ούκ

433 4316 642 4368 ἐτίθουν
675 4315 774 4382 τὴν
821 4315 1117 4381 Λατινικὴν
1161 4313 1366 4382 ταύτην
1414 4314 1692 4383 πρόφασιν
1746 4309 2015 4379 οὐδαμοῦ,

2127 2011 2536 2081 ἀπεπέμποντο.
2597 2013 2859 2082 Προτεῖχε
2933 2013 2990 2065 δέ
3047 2015 3112 2081 τῇ
3188 2013 3412 2082 τοιαύτῃ
3485 2014 3716 2083 ἀρνήσει

2127 2105 2239 2156 τῶν
2310 2103 2447 2172 ὀρθά
2528 2105 2871 2173 φρονούντων
2917 2106 3113 2168 οὐδεὶς,
3172 2106 3288 2158 ἀ)λ’
3349 2105 3592 2176 ἀπῄτουν
3657 2106 3716 2170 ἐξ

2128 2195 2308 2250 αὐτῶν
2350 2195 2549 2264 μᾶλλον
2581 2200 2680 2266 τὴν
2734 2198 2967 2267 ἄρνησιν
3004 2197 3106 2266 τῆς
3161 2199 3296 2265 μιᾶς
3345 2199 3649 2268 ἐνεργείας,
3678 2198 3712 2267 ἢ

2127 2285 2412 2355 τιθεμένη,
2460 2287 2509 2338 εί
2566 2288 2659 2340 καὶ
2711 2287 2894 2350 αὐτοῖς
2947 2287 3385 2358 ὁμολογούμενον
3440 2289 3643 2342 ἄτοπον
3677 2291 3712 2359 ἡ

2129 2380 2318 2449 ἑνότης
2353 2380 2450 2448 τῆς
2506 2381 2726 2446 φύσεως
2765 2382 2825 2434 ἐν
2856 2380 3077 2450 Χριστῷ
3125 2381 3328 2435 εῖπετο.
3365 2381 3474 2433 Καὶ
3498 2380 3624 2435 οὔτε
3654 2383 3718 2434 τὺ

2128 2472 2414 2539 ἀρνεῖσθαι
2464 2474 2524 2525 τέ
2575 2474 2840 2544 ἑπόμενον
2889 2475 2996 2537 ἔξω
3049 2474 3256 2538 αὐτοὺς
3307 2475 3487 2537 αίτίας
3537 2475 3710 2544 ἐτίθη,

2129 2563 2253 2616 οὔτε
2279 2565 2337 2616 τὸ
2370 2563 2478 2617 ὑπό
2504 2581 2651 2627 τινος
2690 2566 2978 2630 εὐλαϐείας
3003 2564 3138 2635 πρὸς
3179 2564 3276 2636 τὴν
3306 2565 3462 2630 δόξαν
3499 2567 3714 2636 ἐκείνην

2130 2655 2454 2724 κεκινῆσθαι
2480 2655 2657 2710 δοκεῖν
2687 2671 2699 2686 ’
2733 2657 3016 2711 ἐϐούλοντο
3053 2660 3162 2728 γὰρ
3191 2659 3444 2714 ἐντεῦθεν
3486 2659 3584 2729 τὴν
3621 2661 3713 2712 ἀν-

2131 2747 2412 2818 θρωπίνην
2447 2749 2666 2818 θέλησιν
2714 2752 2806 2803 καὶ
2837 2752 3122 2820 ἐνέργειαν
3155 2755 3214 2806 ἐν
3244 2755 3466 2825 Χριστῷ
3497 2753 3708 2808 δεικνύ-

2130 2854 2217 2888 ναι
2271 2837 2720 2910 ύποτεταγμένην
2770 2843 2836 2910 τῇ
2893 2843 3014 2913 θείᾳ.
3064 2843 3237 2908 τάξει,
3267 2845 3442 2908 οὕτως
3496 2831 3709 2914 ἀπαρα-

2131 2929 2369 2998 τρέπτῳ,
2395 2929 2538 2982 ὥστε
2565 2931 2655 2984 καὶ
2683 2931 2742 2984 ἐν
2783 2933 2954 2996 αὑτὰς
2985 2934 3298 3002 γίγνεσθαι.
3341 2938 3600 3004 Ἦγνόουν
3629 2939 3706 3002 δὲ,

2131 3025 2225 3074 καὶ
2257 3021 2377 3074 ούδέ
2408 3021 2780 3092 διδασκόμενοι
2817 3025 3014 3091 μαθεῖν
3063 3027 3274 3097 ἤθελον,
3304 3029 3386 3082 ὅτι
3421 3030 3482 3082 τὸ
3521 3029 3705 3092 ἁπλῶς

2131 3110 2188 3165 ἓν
2215 3112 2306 3163 καὶ
2334 3099 2394 3163 τί)
2419 3111 2483 3180 τῇ
2513 3112 2664 3178 τάξει
2687 3112 2745 3166 ἓν
2768 3113 3063 3184 διενήνοχε.
3090 3118 3197 3170 Καὶ
3219 3118 3279 3171 τὸ
3313 3121 3411 3189 μέν
3451 3121 3704 3190 δεύτερον

729 3227 747 3258 ι
789 3208 850 3261 El
881 3207 976 3261 καὶ
1014 3206 1339 3273 ἀποδίδομέν
1375 3207 1535 3277 τιτῷ
1567 3209 1738 3278 ΙΙατρὶ
1774 3210 2021 3278 ἀξιώμα-
2052 3199 2096 3262 C
2131 3205 2292 3273 μόνον
2342 3206 2600 3258 εὐσέϐουν
2633 3206 2701 3259 ἂν
2755 3207 3026 3275 λέγοντες,
3053 3209 3114 3263 τὸ
3151 3212 3208 3263 δὲ
3256 3213 3352 3267 καί⁵
3413 3214 3599 3276 ἁπλῶς
3649 3215 3706 3268 ἐν

2127 3297 2388 3358 τιθέντες,
2415 3299 2447 3359 ἢ
2488 3297 2699 3352 τιθέναι
2751 3301 3060 3366 δοκοῦντες,
3091 3305 3186 3357 καὶ
3225 3305 3324 3374 τὴν
3353 3306 3579 3376 ἑνότητα
3611 3309 3710 3376 τῆς

2126 3389 2348 3458 φύσεως
2374 3391 2778 3458 συνεισάγουσι.
2809 3393 2916 3446 Καὶ
2955 3393 3004 3444 οἱ
3050 3394 3152 3460 τὴν
3183 3394 3313 3463 μίαν
3345 3396 3507 3464 φύσιν
3539 3399 3709 3450 τιθέν-

2125 3502 2213 3546 τες
2249 3485 2308 3535 ἐν
2342 3484 2414 3552 τῷ
2447 3482 2670 3553 Χριστῷ
2699 3482 2824 3536 οὔτε
2857 3483 3029 3546 πάθος
3055 3485 3240 3552 ἔλεγον
3273 3488 3610 3554 προσάπτειν
3642 3491 3705 3558 τῇ

2124 3578 2339 3647 θεότητι
2373 3576 2469 3630 τοῦ
2519 3577 2782 3645 Χριστοῦ,
2823 3575 2948 3629 οὔτε
3014 3577 3154 3630 κατὰ
3195 3579 3501 3647 φαντασίαν
3547 3581 3708 3633 αὑτὸν

2125 3663 2545 3733 πεπονθέναι,ἢ
2595 3664 2752 3732 ψιλὸν
2819 3663 3110 3734 ἄνθρωπον
3169 3670 3474 3734 γεγονέναι,
3532 3669 3616 3737 ἐφ’
3672 3669 3708 3724 ἃ

2125 3756 2321 3825 ἤκουον
2371 3755 2476 3808 ύπδ
2525 3754 2636 3807 τῶν
2679 3755 3054 3810 εὐσεϐούντων
3081 3757 3272 3826 φέρειν
3303 3759 3403 3830 τὴν
3435 3760 3588 3814 θέσιν
3616 3762 3708 3814 αύι-

2122 3846 2254 3910 τῶν,
2289 3845 2424 3899 ἀλλά
2455 3845 2628 3900 ταῦτα
2655 3847 2752 3899 καὶ
2780 3845 3086 3915 ἀναθέματι
3122 3847 3561 3904 καθυπέϐαλλον.
3595 3851 3704 3905 Καὶ

2122 3939 2182 3990 τὸ
2210 3939 2491 4014 κινητικδν
2522 3938 2580 3992 δέ
2609 3937 2792 3994 αὐτῶν
2819 3937 3040 4006 άληθῶς
3065 3933 3179 4009 εἶχέ
3221 3958 3343 3994 τινα
3374 3942 3702 4007 φαντασίαν,

2121 4027 2182 4080 ού
2216 4028 2325 4098 γὰρ
2347 4029 2610 4098 ἠρνοῦντο
2635 4029 2734 4098 τὴν
2779 4028 2954 4097 ἀληθῆ
2989 4031 3295 4101 συνδρομὴν
3319 4032 3428 4084 τῶν
3457 4031 3552 4086 δύο
3599 4032 3702 4100 φύ-

2124 4135 2262 4174 σεων
2297 4125 2354 4175 ἐν
2399 4121 2708 4194 Χριστῷ,ἡ
2759 4123 2898 4192 μετὰ
2933 4121 3034 4192 τὴν
3087 4123 3288 4178 ἐνωσιν
3334 4126 3705 4196 συγκεχύσθαι

2121 4213 2352 4276 πάντας,
2385 4214 2480 4267 καὶ
2541 4216 2624 4276 είς
2677 4215 2809 4283 μίαν
2867 4215 3284 4285 ἀνακεκρᾶσθαι
3351 4215 3537 4285 φύσιν,
3585 4219 3707 4272 ἐπί.-

2121 4323 2310 4359 στευον
2333 4307 2533 4362 οὑτωσὶ
2557 4307 2809 4375 φανερῶς
2834 4324 2851 4340 ⁸
2895 4307 3033 4362 ἀλλὰ
3081 4309 3249 4376 φύσιν
3279 4309 3572 4375 καλοῦντες
3607 4310 3704 4381 τὴν

434 4407 528 4458 καὶ
556 4405 850 4475 ἀπεπήδων
875 4404 952 4467 ὡς
986 4403 1236 4473 κρημνοῦ
1290 4421 1436 4466 τινος
1471 4403 1732 4472 φανεροῦ,
1759 4405 1853 4456 καὶ
1885 4405 2015 4454 τάν·
2117 4397 2308 4451 οὐσίαν
2357 4398 2452 4452 καὶ
2482 4398 2544 4452 τὺ
2578 4395 2740 4463 εἶδος,
2770 4399 2870 4452 ούκ
2897 4400 3184 4469 ἠνείχοντο
3214 4400 3307 4454 δύο
3342 4401 3547 4455 τιθέναι
3602 4403 3706 4471 φύο

435 4496 592 4550 αντία
635 4496 810 4566 ταύτῃ
855 4496 1053 4565 μᾶλλον
1108 4494 1470 4576 ἐθεολόγηαακδ
1522 4494 1793 4564 ἐναργῶς,
1844 4494 1911 4546 δι’
1939 4489 2016 4547 ὧν
2122 4508 2237 4553 σεις
2281 4491 2338 4546 ἐν
2385 4491 2630 4561 Χριστῷ.
2661 4492 2854 4562 ’ῼοντο
2890 4491 2998 4561 γάρ
3051 4493 3317 4547 ἀδύνατον
3351 4494 3408 4547 ἐν
3439 4493 3594 4547 δυσὶν
3623 4495 3704 4548 cl-

433 4587 688 4640 ἁπάντων
739 4585 946 4649 ἔδειξαν
993 4585 1163 4656 αὐτὴν
1208 4585 1422 4655 φαύλην
1449 4585 1769 4656 ἡγούμενοι.
1806 4586 2008 4638 Τοσού-
2040 4581 2092 4641 D
2118 4584 2253 4648 δεσι,
2290 4583 2388 4636 καὶ
2435 4583 2590 4637 ταῦθ’
2628 4583 2804 4647 οὕτως
2837 4586 2931 4638 καὶ
2957 4585 3063 4655 ὅλῳ
3095 4586 3188 4639 καὶ
3233 4587 3400 4642 παντὶ
3427 4587 3709 4656 διακεκρι-

431 4695 546 4740 τοις
573 4674 666 4730 οὖν
695 4680 791 4730 καὶ
831 4679 994 4747 ἡμεῖς
1034 4677 1366 4747 κεχρημένοι
1402 4675 1729 4744 συμϐούλοις
1757 4677 1833 4740 ὡς
1868 4677 2018 4745 αίρέ-
2129 4677 2332 4746 μένοις,
2365 4678 2495 4746 μίαν
2533 4671 2674 4730 εἶναι
2731 4677 3037 4731 ὑπόστασιν
3088 4678 3190 4748 τὴν
3245 4679 3340 4732 τοῦ
3371 4677 3610 4749 Χριστοῦ
3651 4680 3708 4731 ἐν

433 4786 571 4821 σιων
600 4769 852 4839 ἀφορμὴν
876 4767 974 4838 τὴν
1003 4768 1162 4834 δόξαν
1209 4767 1595 4836 φυλαττόμεθα
1629 4767 1855 4838 ταύτην,
1891 4768 2014 4822 οὔτε
2125 4767 2340 4838 θεότητι
2394 4768 2640 4838 δηλονότι
2673 4769 2765 4822 καὶ
2797 4769 3181 4841 ἀνθρωπότητι
3209 4787 3225 4804 ο
3247 4771 3560 4825 τούναντίον
3596 4771 3706 4842 γὰρ

434 4861 738 4932 βουλόμεθα
774 4864 890 4924 τοῖς
937 4861 1088 4924 λαοῖς
1135 4861 1260 4930 μέλι
1311 4861 1538 4926 διδόναι,
1571 4855 1614 4929 ᾧ
1649 4860 1822 4915 πολλά
1857 4863 2019 4929 ἐγκέ-
2126 4860 2328 4928 μᾶλλον
2376 4858 2546 4929 ᾤοντο
2581 4859 2949 4929 ἀληθέστερον
3003 4857 3169 4925 εἶναι,
3205 4861 3273 4914 ἂν
3322 4863 3544 4924 πλείους
3576 4861 3705 4913 ὑπο-

435 4970 673 5021 κρυπται
722 4952 1047 5023 δηλητήρια,
1083 4955 1202 5006 κατ’
1256 4952 1420 5006 αὐτόν
1478 4952 1638 5018 αὖθις
1701 4952 1868 5022 φάναι
1925 4956 2018 5006 τὸν
2126 4952 2348 5016 στάσεις
2385 4955 2487 5021 τῆς
2539 4953 2710 5020 αὐτῆς
2764 4952 2982 5021 φύσεως
3014 4954 3110 5023 τῆς
3140 4953 3279 5006 κατὰ
3308 4953 3367 5006 τὸ
3396 4948 3534 5014 εἶδος
3580 4969 3706 5020 μετ-

444 5045 513 5100 Ἰε
522 5045 663 5116 ρὼνυ
674 5063 793 5115 μον.

505 5138 566 5190 Εἰ
603 5138 660 5191 δὲ
708 5137 1014 5206 ἀναθέματι
1063 5137 1428 5191 ὑποϐάλλουσι
1458 5139 1557 5201 τάς
1597 5138 1842 5207 αἱρέσεις
1873 5139 2018 5190 ὲκεί-

2127 5049 2344 5116 έχωσιν.
2377 5047 2531 5100 Ἐπεὶ
2555 5047 2610 5100 δὲ
2643 5050 2671 5101 ὁ
2705 5048 3054 5116 θεάνιθρωπος
3097 5048 3257 5116 μόνος
3307 5043 3392 5118 ἦν,
3423 5047 3513 5099 καὶ
3536 5045 3709 5104 οὐδεὶς

2115 5134 2263 5202 αὖτῷ
2300 5135 2399 5200 τῆς
2454 5135 2942 5206 θεάνθρωπότητος
3000 5137 3302 5202 ἐκοινώνει,
3331 5137 3456 5190 οὔτε
3505 5132 3615 5190 οἷόν
3649 5133 3704 5188 τέ

441 5247 525 5292 δας
563 5231 765 5293 πάσας,
803 5232 900 5299 οὺχ
933 5229 1336 5282 ίκανοποιοῦσιν
1379 5231 1543 5299 ἡμῖν·
1576 5230 1694 5291 ἔθος
1727 5230 1834 5298 γάρ
1865 5229 2015 5280 ἐστιν
2117 5230 2264 5277 ἐστιν
2303 5227 2360 5278 ὲν
2396 5223 2477 5294 τῷ
2510 5227 2673 5280 παντὶ
2712 5227 2869 5282 αἰῶνι
2905 5227 3239 5295 κοινωνῆσαί
3287 5245 3412 5281 τινα
3474 5227 3704 5295 συνδρα-

436 5325 516 5376 is}.
552 5322 661 5376 τῶν
693 5322 1162 5392 καινοτομούντων
1194 5321 1337 5375 οὕτω
1373 5324 1571 5384 ποιεῖν,
1620 5325 1712 5374 καὶ
1743 5321 1865 5383 ἔθος
1899 5321 2019 5372 ἐστὶ

440 5415 537 5466 τῶν
572 5414 670 5481 τῆς
704 5414 956 5483 ἀληθείας
999 5414 1470 5484 ἀντιποιουμένων
1523 5414 1705 5474 αὐτοῖς
1741 5412 1816 5482 μὴ
1849 5427 2018 5479 προσ-

435 5509 573 5575 ἔχειν
604 5505 744 5558 οὕτω
776 5505 1040 5559 ποιοῦσιν.
1091 5507 1177 5558 Ἐν
1227 5506 1336 5574 γάρ
1368 5508 1488 5567 ταῖς
1514 5505 1592 5568 εἰς
1623 5505 1825 5557 ἄτοπον
1869 5503 2016 5555 ἀπα-

441 5599 633 5666 (ωγαῖς
665 5597 715 5648 οἱ
752 5598 886 5666 πρὸς
921 5597 1020 5665 τὴν
1053 5597 1315 5666 ἀλήθειαν
1349 5597 1756 5666 διαφερόμενοι,
1787 5595 1908 5647 ἐπεὶ
1938 5593 2014 5665 μὴ

435 5688 689 5756 ἠδύναντο
715 5687 861 5741 λύειν
887 5689 984 5757 τὴν
1010 5689 1355 5748 ἀκολουθίαν,
1386 5691 1449 5757 τῇ
1477 5689 1710 5757 ἀρνήσει
1738 5689 1834 5740 τοῦ
1885 5685 2017 5739 ἀτό-

433 5791 534 5827 που
559 5777 857 5846 ἐπειρῶντο
883 5777 1059 5840 αἰτίας
1084 5795 1142 5829 τε
1166 5779 1378 5840 αὐτοὺς-
1396 5777 1784 5843 ἀπαλλάττειν,
1813 5777 1908 5830 καὶ
1952 5777 2013 5830 τὸ

431 5865 728 5933 ἡγούμειον
772 5869 1045 5937 βεϐαιοῦν.
1082 5870 1337 5924 Ἐἰόκονν
1366 5872 1423 5925 δὲ
1460 5874 1572 5934 τοῖς
1603 5869 1740 5940 ὀρθά
1776 5869 2011 5940 φρονοῦ-

2120 5316 2279 5384 μεῖν·
2319 5315 2504 5385 ἔλεγον
2529 5316 2614 5370 ἐπ’
2655 5317 2822 5372 αὐτοῦ
2862 5320 2960 5388 τήν
2990 5335 3050 5371 τε
3086 5321 3253 5386 φύσιν
3299 5318 3393 5371 καὶ
3437 5317 3539 5388 τὴν
3577 5317 3706 5369 ὑπόο

2121 5425 2337 5476 στασιν,
2378 5412 2473 5463 καὶ
2523 5411 2691 5466 αὐτὸν
2739 5405 2882 5465 εἶναι
2913 5409 3006 5464 τὸν
3056 5409 3430 5480 θεάνθρωπον,
3462 5409 3559 5463 καὶ
3605 5407 3706 5476 τὴν

2121 5501 2287 5554 αὐτοῦ
2345 5501 2844 5573 θεανθρωπότητα·
2885 5503 3076 5571 ὥσπερ
3132 5501 3297 5569 λόγου
3339 5502 3500 5571 χάριν
3550 5498 3708 5568 ἥλιον

2121 5593 2217 5646 καὶ
2249 5592 2531 5663 ἡλιότητα,
2566 5593 2684 5657 ἐνὸς
2715 5593 2868 5658 ὄντος
2897 5593 3077 5661 ἡλίου,
3105 5593 3179 5653 ὡς
3220 5591 3277 5643 δέ
3330 5593 3422 5642 καὶ
3477 5590 3572 5641 ἐπὶ
3603 5589 3709 5640 τῶν

2122 5683 2298 5738 ἄλλων
2340 5685 2670 5754 μοναδικῶν.
2709 5683 2864 5739 Εἶναι
2899 5685 2956 5736 δὲ
2991 5687 3090 5755 τὴν
3119 5683 3218 5753 μὲν
3252 5682 3712 5752 θεανθρωπότητα
3756 5730 3762 5736 .

2125 5775 2310 5846 φύσιν,
2359 5776 2664 5832 ὑπόστασιν
2726 5778 2784 5830 δὲ
2841 5776 2932 5830 τὸν
2993 5775 3368 5846 θεάνθρωπον,
3423 5773 3519 5827 καὶ
3567 5771 3711 5824 οὕτω

2122 5869 2218 5924 δύο
2250 5868 2439 5937 φύσεις
2473 5873 2530 5924 ἐν
2562 5871 2803 5941 Χριστῷ,
2826 5872 2925 5942 τὴν
2958 5865 3189 5940 θεότητα
3226 5871 3320 5922 καὶ
3362 5867 3463 5938 τὴν
3495 5865 3706 5934 ἀνθρωο
