4104 6400
353 409 463 466 703

1304 407 1403 465 DE
1455 407 1981 468 PROCESSIONE
2023 399 2384 466 smmws‘
2429 394 2728 468 SANCTI;

3532 409 3635 473 710

353 522 558 583 πότητα
581 520 658 582 είς
694 519 825 589 μίαν
890 518 1054 586 φύσιν
1111 519 1386 573 συνελθεῖν
1441 520 1539 592 τὴν
1593 523 1940 594 θεανθρωπό-
1974 528 2013 584 Δ
2047 527 2232 581 αὐτοῦ’
2265 527 2424 580 τοῦτο
2472 526 2530 579 δέ
2567 527 2747 588 ἐστιν,
2785 523 2860 587 ὼς
2917 523 3071 576 αὐτοί
3107 542 3266 594 φασι,
3308 525 3427 595 μετ’
3470 528 3636 580 αὐτοῦ

345 629 506 684 τητα,
559 611 750 683 ὥσπερ
779 610 961 682 ψυχὴν
992 612 1085 664 καὶ
1123 610 1282 681 σῶμα
1350 612 1638 682 ἄνθρωπον
1707 617 1788 678 εἰς
1853 616 1946 668 ἀν-

308 701 310 703 ’
348 705 699 775 θρωπότητα.

432 797 570 850 Ἀλλ’
593 799 643 850 οί
672 798 811 868 μετὰ
835 797 934 867 τῆς
971 797 1233 868 ἀληθείας
1265 799 1566 868 ἱστάμενοι,
1603 804 1700 855 καὶ¹
1725 801 1939 869 ταύτης

349 893 640 961 ἐπίτροποι
703 891 989 960 γεγονότες
1033 895 1096 946 ἐκ
1161 892 1295 946 Θεοῦ
1361 897 1473 956 τοῖς
1524 894 1947 962 Χριστιανικοῖς

350 984 520 1048 λαοῖς,
566 983 692 1038 οὔτε
742 987 810 1054 τῇ
844 985 1079 1054 ἀρνήσει
1113 985 1219 1038 τῶν
1249 985 1468 1038 ἀτόπων
1519 985 1748 1039 ἐκείνων
1777 1003 1948 1055 προσ-

353 1077 523 1144 εῖχον,
552 1074 688 1128 ἀλλά
725 1075 930 1142 μᾶλλον
982 1073 1229 1143 ἀπῄτουν
1272 1072 1371 1144 τὴν
1404 1071 1638 1142 ἄρνησιν
1683 1071 1780 1140 τῆς
1817 1073 1947 1140 μιᾶς

357 1166 596 1235 φύσεως,
626 1167 662 1238 ἢ
695 1165 960 1237 τιθεμένη
991 1167 1087 1220 καὶ
1126 1165 1195 1218 τὰ
1240 1163 1472 1228 ἐκείνοις
1527 1161 1945 1233 ὁμολογούμενα

355 1261 536 1315 ἄτοπα
559 1259 776 1323 ἕπεται,
807 1257 932 1312 οὕτε
957 1258 1011 1311 εί
1027 1275 1080 1312 τι
1109 1258 1203 1311 καὶ
1234 1255 1545 1329 εὐπρεποῦς
1569 1256 1838 1325 πρόσεστι
1867 1253 1945 1323 τῷ

355 1349 563 1400 τούτων
599 1346 882 1418 κινητικῷ,
932 1345 1080 1400 τοῦτ’
1125 1347 1420 1410 ἐσκόπουν,
1449 1344 1628 1398 καίτοι
1663 1346 1761 1399 καὶ
1787 1345 1948 1398 τοῦτο

357 1440 555 1508 πολλῆς
595 1439 753 1509 γέμει
801 1437 1035 1508 πλάνης,
1065 1439 1120 1492 εί
1159 1455 1245 1500 τις
1274 1436 1526 1504 ἐξετάσει
1557 1437 1765 1506 καλῶς,
1802 1438 1941 1509 ἀλη-

355 1529 506 1592 θείας
560 1531 705 1594 τινὸς
753 1529 1252 1600 ἐπικεχρωσμένης
1321 1528 1505 1598 χροιᾷ.
1546 1528 1689 1581 Ἀλλ’
1751 1531 1800 1582 εί
1843 1531 1944 1583 καὶ

353 1621 704 1676 παντάπασιν
762 1621 923 1692 ὁρθδν
964 1617 1056 1694 ἦν,
1089 1622 1218 1691 μέλι
1269 1620 1432 1675 τοῦτο
1481 1621 1740 1692 ἐνόμιζον
1799 1618 1943 1675 εἶναι

349 1715 520 1768 πολλὰ
551 1713 861 1786 ἐγκρύπτον
903 1715 982 1778 ὡς
1021 1713 1241 1785 ἀληθῶς
1273 1714 1609 1785 δηλητήρια,
1644 1715 1742 1768 καὶ
1770 1712 1946 1783 ἀρχὴν

350 1803 561 1858 πολλῶν
603 1809 700 1858 καὶ
741 1805 997 1876 μεγάλων
1021 1806 1312 1876 αἱρέσεων,
1339 1805 1435 1859 καὶ
1487 1805 1587 1859 διά
1642 1802 1805 1857 τοῦτο
1845 1803 1946 1856 οὐκ

351 1898 640 1953 ἐϐούλοντο
666 1896 1085 1971 συγχωροῦντες
1120 1897 1294 1967 αὐτῷ,
1325 1895 1427 1960 τάς
1453 1895 1700 1966 αἱρέσεις
1727 1895 1943 1958 ἐκείνας

353 1991 640 2056 ἀνανεοῦν,
682 1990 750 2054 ἃς
807 1989 1112 2062 ἐκριξῶσαι
1171 1989 1388 2044 πολλῶν
1439 1988 1682 2060 ίδρώτων
1707 1990 1774 2060 τῇ
1819 1988 1943 2042 Ἐκ·-

352 2082 552 2153 κὶξησίᾳ
606 2083 850 2152 ἐδέησεν.
887 2081 1147 2151 Ἠγνόουν
1199 2081 1259 2136 δὲ
1312 2081 1425 2152 ἀρα
1454 2081 1505 2134 οῖ
1535 2081 1668 2150 περὶ
1718 2081 1812 2134 τὸν
1847 2079 1943 2134 Εὐ-

351 2173 512 2244 τυχῆ,
549 2171 676 2228 οὐτε
707 2172 1087 2244 διδασκόμενοι
1127 2173 1324 2244 μαθεῖν
1374 2172 1590 2244 ἤθελον,
1623 2174 1706 2227 ὃτι
1747 2172 1941 2240 φύσεις

353 2269 434 2328 εἰς
471 2267 600 2336 μίαν
625 2265 790 2336 φύσιν
846 2264 1150 2332 συνελθεῖν,
1193 2265 1405 2329 ἀτελεῖς
1453 2265 1548 2319 καὶ
1591 2266 1667 2336 μὴ
1705 2253 1939 2335 ἐχούσας

351 2353 486 2421 εἶδος
510 2358 967 2429 πεπληρωμένον,
994 2359 1248 2429 ἐγχωρεῖ,
1267 2356 1459 2426 ὥσπερ
1491 2358 1571 2420 είς
1597 2357 1733 2427 μίαν
1774 2357 1941 2425 φύσιν

349 2450 412 2502 τὸ
461 2449 803 2520 ἀνθρώπινον
865 2445 1030 2515 εἶδος,
1085 2450 1332 2518 δηλονότι
1389 2449 1536 2521 ψυχὴ
1597 2450 1692 2503 καὶ
1746 2449 1936 2518 σῶμα,

353 2544 678 2613 συνέρχεται
707 2542 1022 2613 ἀνθρώπου,
1053 2535 1128 2596 ὧν
1153 2543 1442 2612 οὐδέτερον
1487 2537 1633 2606 εἶδος
1685 2540 1801 2612 ἔχει
1834 2558 1934 2593 πε-

353 2635 731 2706 πληρωμένον,
762 2635 837 2699 ὡς
870 2635 994 2689 οὐδέ
1046 2636 1211 2704 φύσις
1258 2635 1356 2690 καὶ
1390 2634 1554 2690 οὐσία
1600 2633 1669 2689 ἂν
1718 2635 1806 2705 εἴη
1840 2653 1937 2688 κυ-

353 2729 507 2798 ρίως,
549 2726 666 2782 ἀλλ’
722 2727 756 2797 ἢ
819 2729 980 2796 μόνον
1039 2728 1114 2792 ὡς
1165 2728 1336 2798 ἀρχαὶ
1398 2728 1642 2797 φύσεως,
1695 2726 1790 2780 καὶ
1841 2728 1938 2795 μέ-

272 2849 274 2851 >
356 2838 424 2893 ρη
491 2821 718 2875 τοιαῦτα
772 2821 948 2883 εἴδους
1000 2822 1096 2876 καὶ
1146 2820 1279 2891 ὕλης
1329 2820 1522 2887 ἔχοντα
1582 2820 1787 2888 λόγον,
1836 2835 1938 2871 τε-

350 2912 502 2976 λείας
533 2913 590 2967 δὲ
645 2912 836 2984 φύσεις
880 2915 960 2976 είς
1014 2913 1147 2981 μίαν
1181 2911 1482 2975 συνελθεῖν,
1523 2895 1715 2982 ὥσπερ
1746 2911 1780 2981 ἡ
1813 2909 1936 2963 θεία

351 3005 447 3060 καὶ
490 3008 525 3076 ἡ
582 3005 899 3076 ἀνθρωπίνη
958 3005 1130 3070 ἐστὶν,
1179 3003 1467 3074 ἀμήχανόν
1521 3004 1650 3056 ἐστι
1696 3003 1773 3073 μὴ
1831 3001 1934 3071 τῆς

352 3101 566 3172 ἐτέρας,
597 3101 630 3172 ἢ
664 3101 758 3154 καὶ
805 3099 1076 3170 ἑκατέρας
1109 3098 1479 3168 φθειρομένης
1509 3097 1706 3167 δήπου,
1740 3097 1838 3150 καὶ
1872 3096 1932 3148 τὸ

2050 621 2082 686 ή
2124 618 2270 690 ἀρχὴ
2321 618 2416 672 καὶ
2479 616 2540 670 τὸ
2601 616 2780 670 αῖτιον
2832 616 2938 668 τῶν
2980 615 3038 680 ἐξ
3067 617 3236 670 αὐτοῦ
3283 617 3377 671 τοῦ
3420 619 3637 686 Πατρδς

2051 710 2298 778 φυσικῶς
2325 708 2625 777 προϊόντων
2668 707 2828 762 θείων
2869 707 3198 780 προσώπων,
3238 708 3335 764 τοῦ
3370 711 3545 780 Λόγου
3579 729 3634 764 τε

2049 801 2146 853 καὶ
2191 799 2285 852 τοῦ
2318 797 2662 868 Πνεύματος.

2121 892 2234 945 Καὶ
2262 893 2429 962 ἡμεῖς
2464 890 2563 958 μὲν
2616 892 2674 942 ἐν
2726 888 2804 960 τῷ
2847 889 3112 959 Συμϐόλῳ
3143 888 3394 959 λέγοντες
3423 892 3482 944 ἐκ
3520 895 3637 946 Ila-

2049 985 2179 1055 τρδς
2240 982 2646 1052 ἐκπορεύεσθαι
2702 983 2766 1036 τὸ
2810 983 3037 1052 Πνεῦμα
3083 983 3289 1053 μόνον,
3346 983 3442 1036 καὶ
3484 983 3637 1036 οὐδὲν

2051 1075 2440 1146 προστιθέντες
2465 1077 2522 1130 ἐν
2550 1074 2726 1145 αὐτῷ,
2754 1075 2850 1130 καὶ
2875 1074 2965 1127 τὸν
2988 1074 3117 1128 Υίὸν
3148 1074 3246 1129 τοῦ
3279 1074 3416 1129 Θεοῦ
3439 1075 3638 1145 ὁμοσύ-

2054 1184 2167 1242 σιογν
2204 1161 2347 1221 εἶναι
2381 1165 2459 1231 τῷ
2491 1167 2692 1238 Πατρὶ,
2720 1166 2816 1220 καὶ
2844 1165 2906 1219 τὸ
2936 1167 3165 1237 Πνεῦμα
3199 1168 3373 1239 Πατρὶ
3399 1169 3494 1222 καὶ
3521 1168 3638 1236 Υἰῷ

2052 1262 2655 1330 συμπροσκυνούμενον
2687 1256 2830 1314 εἶναι
2883 1260 2978 1314 καὶ
3011 1259 3476 1330 συνδοξαζόμενον
3509 1279 3637 1314 συν-

2049 1351 2444 1420 ομολογοῦμενο
2481 1349 2608 1406 ὥστ’
2640 1352 2740 1404 οὐκ
2781 1352 2846 1405 ἂν
2900 1354 3050 1421 ἡμᾶς
3091 1351 3314 1406 δύναιτο
3367 1353 3637 1422 περιγρά-

2052 1463 2175 1514 φειν
2201 1447 2394 1510 οὐδείς·
2433 1449 2483 1499 οἱ
2536 1445 2592 1498 δὲ
2633 1447 2729 1499 καὶ
2758 1447 2823 1498 ἐκ
2851 1445 2944 1498 τοῦ
2983 1445 3113 1498 Υίοῦ
3153 1446 3214 1498 τὸ
3247 1445 3474 1516 Πνεῦμα
3502 1464 3627 1516 προ-

2051 1537 2348 1591 ϐάλλεσθαι
2385 1537 2782 1607 προστιθέντες
2813 1537 2874 1590 οὐ
2905 1535 3370 1605 συνομολογοῦσιν
3414 1538 3472 1590 ἐν
3503 1557 3633 1591 ταυ-

2047 1630 2126 1700 τῷ
2155 1629 2250 1684 καὶ¹
2278 1631 2378 1700 τὴν
2420 1630 2531 1683 τῶν
2563 1630 2781 1683 ἀτόπων
2811 1632 3041 1687 ἐκείνων
3074 1635 3297 1690 πάντων
3327 1632 3528 1701 φυγὴν,
3559 1627 3634 1693 ὡς

2052 1723 2120 1776 ἂν
2158 1723 2444 1776 ἀκίνδυνον
2476 1726 2715 1777 ποιοῖντο
2767 1723 2829 1777 τὸ
2877 1725 3142 1794 κήρυγμα
3189 1727 3302 1787 τοῖς
3335 1739 3636 1793 συντρεφο-

2054 1815 2238 1882 μένοις
2286 1814 2460 1883 αὐτῷ,
2523 1815 2634 1868 τῶν
2685 1815 3021 1870 συνέπεσθαι
3051 1816 3362 1870 δοκούντων
3412 1815 3634 1868 ἐλαυνο-

2051 1903 2256 1971 μένων,
2309 1904 2359 1956 εί
2413 1903 2511 1957 καὶ
2567 1904 2792 1958 ἐδόκουν
2849 1907 3012 1976 μόνον
3061 1907 3162 1960 οὐκ
3194 1907 3325 1959 ὄντα
3381 1904 3628 1958 τοιαῦτα.

2045 1993 2162 2048 Νῦν
2199 1994 2258 2046 δὲ
2291 1995 2388 2050 καὶ
2416 1995 2618 2058 παντὸς
2666 1996 2867 2065 μᾶλλον
2897 1996 3187 2050 ἀκολουθεῖ
3220 1997 3390 2051 πολλά
3423 1997 3523 2066 μὲν
3563 1997 3629 2065 τῇ

2045 2087 2193 2161 δόξῃ,
2227 2089 2336 2149 τοῖς
2365 2086 2410 2140 δ’
2440 2087 2577 2158 αὐτῇ
2621 2087 2933 2158 τιθεμένοις
2975 2089 3036 2143 ἓν
3085 2107 3139 2142 τι
3170 2091 3233 2142 ἐκ
3265 2091 3484 2144 πάντων
3507 2089 3630 2142 τού-

2045 2181 2301 2252 λάχιστον
2328 2180 2466 2251 ὅπερ
2497 2183 2770 2253 προσήκει
2806 2181 2884 2254 τῷ
2922 2183 3164 2254 θεμελίῳ
3214 2184 3314 2252 τῆς
3363 2183 3545 2249 δόξης,
3574 2182 3633 2235 ὃν

2043 2274 2106 2326 ἐκ
2139 2273 2357 2328 πάντων
2393 2273 2458 2326 ἂν
2495 2273 2728 2327 ἕλοιντοο
2760 2275 3015 2342 ἀγνοοῦσι
3057 2276 3113 2329 δὲ
3164 2274 3262 2328 καὶ
3294 2273 3422 2330 οὐτε
3470 2275 3617 2328 διδα-

2047 2365 2303 2435 σκόμενοι
2329 2365 2524 2435 μαθεῖν
2554 2366 2900 2436 ἀνεχόμενοι,
2929 2369 3005 2430 ὡς
3028 2367 3091 2420 τὸ
3120 2362 3261 2420 εἷναί
3285 2384 3338 2420 τι
3370 2365 3437 2419 ἐκ
3462 2383 3628 2430 τινος,

2045 2458 2139 2510 καὶ
2171 2457 2231 2510 τὸ
2259 2453 2403 2510 εἷναί
2456 2475 2626 2522 τινος,
2672 2459 2772 2510 οὐκ
2821 2458 2882 2522 ἐξ
2934 2459 3187 2529 ἀνάγκης
3239 2461 3627 2530 συνέρχονται,

2042 2550 2160 2606 ἀλλ’
2196 2549 2345 2603 ἐστιν
2397 2549 2459 2604 οῦ
2510 2550 2885 2621 χωρίζονταιο
2949 2546 3064 2605 οἷον
3116 2555 3472 2620 συνέρχονται
3507 2552 3627 2618 pb,-

2041 2643 2262 2699 ἐπειδὰν
2292 2645 2664 2714 ἀναφέρωμεν
2695 2644 2756 2698 τὸ
2792 2644 3020 2715 Πνεῦμα
3058 2645 3197 2716 πρὸς
3247 2644 3340 2697 τὸν
3386 2645 3631 2716 Πατέρα,

2040 2736 2138 2809 οὐχ
2173 2736 2249 2801 ὡς
2279 2737 2446 2790 ταύτὸ
2475 2736 2759 2802 δύνασθαι,
2801 2738 2966 2790 ΙἈλλο
2996 2737 3124 2806 γὰρ,
3164 2739 3330 2807 φησὶν
3362 2739 3390 2789 ὁ
3417 2737 3631 2806 Χρυσό-

2044 2842 2264 2897 στομος,
2297 2826 2358 2881 τὸ
2381 2827 2541 2890 Θεοῦ,
2573 2827 2667 2879 καὶ
2702 2826 2830 2881 ἄλλο
2859 2827 2920 2879 τὸ
2947 2827 3012 2880 ἐκ
3045 2826 3140 2879 τοῦ
3171 2824 3331 2891 Θεοῦ,
3375 2827 3505 2895 περὶ
3537 2813 3632 2878 τοῦ

2043 2919 2363 2991 Πνεύματος
2415 2921 2509 2974 τὸν
2549 2920 2706 2986 λόγον
2746 2922 3062 2983 ποιούμενος
3084 2959 3098 2984 ,
3131 2919 3248 2973 ἀλλ’
3279 2921 3355 2984 ώς
3405 2920 3633 2986 συναή-

2041 3011 2240 3066 θεύειψ
2277 3013 2601 3082 χωρίζονται
2625 3011 2681 3064 δὲ
2705 3010 2926 3063 ἐπειδὰν
2955 3012 3320 3081 ἀναφέρωμεν
3355 3011 3416 3064 τὸ
3449 3011 3626 3064 Πνεῦ-

2043 3123 2118 3176 μα
2165 3105 2302 3176 πρὸς
2331 3106 2423 3159 τὸν
2449 3105 2596 3167 Υίὸν,
2633 3105 2756 3158 ὅθεν
2800 3104 2894 3156 καὶ
2929 3105 2977 3155 οί
3029 3105 3128 3172 τῆς
3175 3104 3216 3174 β’
3254 3105 3472 3158 συνόδου
3513 3105 3630 3157 Πα-

351 3193 633 3262 ἀρνεῖσθαι
675 3191 847 3245 ταῦτα
875 3193 1120 3254 ἐκείνους
1148 3205 1163 3222 ⁸
1194 3189 1462 3259 ἠρνοῦντο
1492 3189 1570 3245 δέ.
1600 3189 1715 3243 Οὐκ
1747 3190 1934 3243 ἔπεισε
1966 3203 2008 3258 C
2041 3193 2200 3264 τέρες
2249 3194 2349 3262 τῆς
2400 3193 2790 3260 ἁπαρτισάσης
2836 3193 2895 3246 τὸ
2941 3193 3215 3261 Σύμϐολον
3236 3236 3250 3258 ,
3310 3194 3389 3246 διὸ
3439 3193 3533 3246 καὶ
3579 3194 3636 3244 αἱ

350 3288 480 3349 τοῦς
519 3285 765 3347 εὐσεϐεῖς
805 3283 1194 3353 προσήκασθαι
1244 3281 1344 3353 τὴν
1390 3280 1499 3334 τῶν
1537 3281 1757 3338 ἀτόπων
1813 3280 1940 3334 τού-

351 3396 460 3433 των
491 3377 685 3448 ἀρχὴν,
717 3375 834 3431 ἀλλ’
864 3375 1039 3447 αὐτὴν
1072 3375 1278 3444 μᾶλλον
1317 3373 1565 3445 ἀπῄτουν
1618 3372 1936 3443 ἀρνεῖσθαι,

351 3471 626 3526 τουτέστιν
651 3469 932 3540 ἀρνεῖσθαι
978 3468 1078 3537 μὲν
1109 3467 1275 3535 φύσιν
1312 3467 1448 3538 μίαν
1481 3469 1540 3520 ἐν
1568 3465 1646 3537 τῷ
1676 3467 1939 3537 ἡμετέρῳ

353 3562 639 3631 γεγονέναι
704 3561 955 3633 Δεσπότῃ
1018 3560 1158 3625 μετά
1207 3563 1308 3630 τὴν
1377 3559 1488 3612 τῶν
1557 3558 1652 3612 δύο
1722 3558 1939 3626 φύσεων

355 3655 572 3718 ἕνωσιν,
600 3654 889 3723 ὁμολογεῖν
919 3653 997 3718 δέ,
1036 3653 1119 3706 ὃτι
1151 3651 1245 3705 καὶ
1279 3651 1544 3721 συνῆλθον
1587 3651 1646 3704 ἐν
1677 3650 1754 3719 τῷ
1803 3651 1846 3702 Χ
1859 3667 1939 3718 ρι-

354 3746 465 3816 στῷ
514 3745 612 3798 δύο
665 3745 859 3813 φύσεις
911 3743 985 3807 ὡς
1035 3743 1274 3812 ἀληθῶς,
1333 3743 1430 3796 καὶ
1487 3741 1582 3796 δύο
1639 3741 1780 3811 μετά
1838 3743 1936 3808 τὴν

353 3837 545 3890 ἕνωσιν
570 3835 814 3908 ἔμειναν,
841 3835 936 3890 ἂτε
963 3839 1043 3900 εἰς
1067 3836 1126 3888 ἓν
1160 3834 1458 3904 πρόσωπον
1506 3835 1600 3890 καὶ
1633 3835 1766 3904 μίαν
1807 3833 1940 3886 ὑπό-

364 3946 558 3984 στασιν
587 3929 1009 3997 συνεληλυθυῖαι
1035 3929 1324 3998 ἀτρέπτως
1355 3928 1452 3982 καὶ
1478 3928 1720 3997 ἀμιγῶς.

427 4023 606 4075 Ταυτὸ
628 4023 683 4076 δὲ
709 4024 846 4076 πᾶσι
886 4022 1204 4091 συμϐέϐηκε
1234 4023 1348 4085 τοῖς
1378 4021 1630 4076 ὁπωσοῦν
1669 4019 1803 4090 πρὸς
1835 4019 1938 4090 τὴν

350 4112 616 4182 ἀλήθειαν
649 4113 741 4166 καὶ
772 4112 869 4182 τὴν
918 4111 1106 4182 κοινὴν
1154 4110 1341 4166 πίστιν
1395 4111 1840 4182 διενηνεγμένοις
1878 4114 1936 4164 ὲν

353 4204 560 4258 πλείονί
585 4220 643 4257 τε
677 4205 771 4257 καὶ
810 4202 1023 4274 μείζονι
1054 4201 1360 4262 ἀποστάσει
1387 4201 1614 4272 ὁμοίως,
1641 4200 1737 4256 καὶ
1767 4200 1936 4254 πᾶσιν

351 4302 580 4365 ἐκείνοις
630 4303 680 4354 of.
739 4301 851 4355 τῶν
893 4299 1143 4372 ἀρχαίων
1197 4299 1488 4368 δογμάτων
1537 4297 1811 4367 ἐχόμενοι,
1843 4298 1935 4351 τὸν

352 4395 467 4446 ἴσον
501 4395 613 4455 τοῖς
638 4392 958 4462 εἰρημένοις
998 4392 1225 4463 τρόποις
1270 4391 1600 4461 ἐχρήσαντο.
1629 4390 1756 4445 Οὐδ’
1788 4393 1934 4461 ἡμᾶς

349 4486 530 4539 τοίνυν
556 4487 606 4539 οῖ
641 4486 736 4540 καὶ⁵
769 4486 862 4539 τὸν
889 4486 1019 4547 Υίὺν
1050 4485 1149 4561 τοῦ
1185 4485 1508 4555 Πνεύματος
1537 4482 1716 4538 αῖτιον
1750 4483 1935 4552 λέγον-

350 4594 440 4639 τες
482 4578 620 4646 μετά
669 4577 764 4632 τοῦ
819 4578 1032 4648 Πατρὸς
1063 4577 1323 4632 δύνανται
1375 4575 1605 4640 πείθειν,
1638 4576 1672 4643 ἢ
1719 4577 1820 4644 τὴν
1845 4575 1934 4628 δό-

351 4670 448 4736 ξαν
496 4670 880 4740 προσήκασθαι
906 4709 922 4736 ,
957 4670 992 4742 ἢ
1041 4670 1129 4738 ἐφ’
1174 4670 1300 4724 ὅσον
1338 4667 1712 4740 διαφερόμεθα
1742 4685 1936 4721 κοινω-

350 4762 462 4814 νεῖν
498 4762 719 4828 αὐτοῖς,
753 4761 859 4817 κᾶν
889 4762 1158 4832 μυριάκις
1186 4761 1257 4814 τὰ
1285 4759 1467 4815 ἄτοπα
1500 4759 1934 4830 ἐκκηρύττωσιν,

351 4853 436 4920 ἐφ’
465 4853 503 4907 ὃ.
547 4853 774 4925 οἰόμεθα
807 4854 870 4908 τὸ
909 4853 1088 4924 δόγμα
1137 4853 1332 4923 φέρειν
1389 4850 1572 4906 αὐτῶν
1595 4867 1610 4883 ο
1643 4849 1770 4904 οὐτε
1807 4855 1935 4912 tot;

354 4944 606 5013 Πατέρας
632 4945 791 5016 ἡμῶν
822 4943 1070 5011 ἔπειθον,
1109 4945 1171 5010 ἐξ
1204 4943 1389 4998 αὐτῶν
1418 4943 1663 5015 τῶνζτῆς
1696 4943 1936 5015 προσθή-

352 5053 454 5105 κης
506 5036 723 5108 καιρῶν
765 5036 942 5102 οὓτως
986 5035 1374 5107 ἐξαιτιώμενοι
1419 5037 1561 5106 σφᾶς
1590 5036 1814 5098 αὐτοὺς,
1842 5037 1938 5089 καὶ

353 5128 454 5199 τὴν
505 5131 796 5184 κοινωνίαν
847 5130 982 5201 παρ’
1037 5127 1220 5184 αὐτῶν
1263 5128 1630 5192 ἀπαιτοῦντες
1657 5143 1672 5159 ο
1712 5126 1835 5181 οὐτε
1873 5127 1937 5179 τὸ

358 5222 596 5292 μάλιστα
653 5221 940 5294 κινητικὸν
994 5222 1282 5291 αὐτῶν,ή
1328 5220 1421 5274 τοῦ
1475 5219 1611 5274 Υίοῦ
1656 5221 1794 5289 πρὸς
1843 5219 1936 5273 τὸν

354 5317 574 5387 Πατέρα
601 5316 750 5370 κατά
771 5315 934 5384 φύσιν
963 5315 1276 5386 ἀκραιφνὴς
1298 5313 1580 5385 ὁμοιότης,
1597 5312 1632 5383 ἡ
1652 5310 1938 5382 ὁμοουσιό-

352 5425 453 5477 της
498 5409 867 5479 πιστευομένη
893 5451 908 5474 ,
937 5409 1035 5462 καὶ
1066 5405 1198 5476 παρ’
1231 5406 1437 5476 ἀμφοῖν
1475 5403 1682 5475 ὁμοίως
1721 5406 1786 5474 τῇ
1836 5401 1931 5457 τοῦ

354 5498 589 5568 Χριστοῦ
628 5501 812 5571 χάριτι
863 5499 1089 5554 δύναται
1127 5497 1340 5552 πείθειν
1379 5499 1528 5568 ἡμᾶς
1555 5496 1656 5568 τὴν
1687 5510 1934 5550 καινοτο-

354 5593 486 5663 μίαν
524 5595 736 5665 ταύτην
770 5593 1193 5663 προσήκασθαι,
1245 5590 1323 5654 ώς
1375 5590 1695 5658 ἀναγκαίως
1723 5605 1933 5659 συνημ-

350 5685 523 5754 μένην
567 5685 731 5755 αὐτῇ.
779 5683 1103 5758 Ὀμοούειον
1151 5683 1252 5752 μὲν
1280 5682 1392 5754 γάρ
1427 5681 1760 5750 πιστεύομεν
1789 5676 1932 5734 εῖναι

345 5775 438 5826 τὸν
465 5775 596 5829 Υίὺν
637 5775 718 5845 τῷ
761 5777 953 5846 Πατρὶ,
999 5775 1137 5829 ἀλλά
1187 5775 1281 5827 τοῦ
1319 5772 1591 5844 πατρικοῦ
1620 5771 1933 5840 ἀξιώματος

344 5865 606 5938 διείργειν
640 5869 803 5925 αὐτὸν
823 5853 1192 5940 διδασκόμεθα
1224 5867 1356 5939 παρ’
1384 5866 1552 5922 αὐτοῦ
1581 5883 1641 5921 τε
1683 5866 1779 5922 καὶ
1808 5866 1920 5921 τῶν

2045 3286 2256 3340 λοιπαὶ⁶
2289 3285 2498 3338 σύνοδοι
2553 3285 2909 3355 ἐφησύχασαν
2953 3287 3027 3350 ὡς
3089 3287 3354 3349 ἀνενδεῶς
3397 3284 3634 3355 ἔχοντες,

2042 3375 2333 3445 όμοούσιον
2369 3375 2466 3444 μὲν
2519 3375 2732 3428 τιθέασι
2778 3377 2852 3445 τῷ
2903 3376 3075 3446 Πατρὶ
3133 3378 3224 3429 τὶν
3266 3376 3392 3429 Υίὸν
3429 3375 3524 3428 καὶ
3577 3376 3636 3428 τὸ

2047 3467 2270 3534 Πνεῦμα
2299 3469 2504 3536 ἀμφοῖν
2551 3469 2982 3537 προσκυνεῖσθαι
3034 3469 3130 3520 καὶ
3187 3466 3634 3530 συνδοξάζεσθαι,

2043 3561 2106 3612 ἐκ
2131 3559 2188 3612 δέ
2219 3559 2310 3612 τοῦ
2346 3559 2477 3612 Υίοῦ
2525 3560 2586 3611 οὐ
2646 3559 2899 3626 λέγουσιν
2947 3559 3382 3626 ἐκπορεύεσθαι,
3420 3558 3537 3612 ἀλλ’
3568 3563 3629 3611 ἐκ

2042 3647 2135 3702 τοῦ
2170 3649 2380 3718 Πατρὸς
2418 3648 2639 3714 λέγουσι
2683 3648 2865 3717 μόνον.
2921 3649 3032 3701 Καὶ
3062 3648 3090 3699 ὁ
3133 3648 3228 3700 τοῦ
3281 3647 3417 3701 Θεοῦ
3459 3647 3632 3715 Λόγος

2041 3741 2240 3804 αὐτὸς,
2300 3743 2395 3794 καὶ
2469 3742 2498 3793 ὁ
2565 3741 2833 3812 μακάριος
2889 3739 3056 3794 αὐτοῦ
3122 3740 3372 3810 μαθητὴς
3457 3740 3638 3795 Ἰωάν-

2043 3849 2162 3902 νης,
2213 3831 2437 3903 Πνεῦμα
2485 3831 2585 3901 μὲν
2615 3831 2875 3900 ἀληθείας
2927 3832 3229 3895 ἀποκαλεῖ,
3261 3832 3436 3886 εῖτουν
3467 3833 3636 3884 αὐτοῦ

2042 3925 2136 3979 τοῦ
2184 3926 2358 3994 Λόγου
2386 3923 2830 3994 ,ἐκπορεύεσθαι
2880 3925 2982 3991 μὲν
3026 3924 3087 3988 ἐξ
3135 3923 3301 3977 αὐτοῦ
3345 3925 3637 3993 διωρίσατο

2041 4020 2134 4075 τοῦ
2167 4019 2402 4089 Πατρός.
2430 4019 2542 4072 Καὶ
2581 4017 2790 4070 Παῦλος
2831 4017 2895 4070 τὸ
2928 4017 3168 4085 Χριστοῦ
3203 4018 3380 4086 στόμα
3401 4056 3416 4081 ,
3449 4020 3513 4070 ἐκ
3539 4016 3635 4070 τοῦ

2041 4113 2178 4166 Θεοῦ
2209 4111 2308 4180 μὲν
2325 4107 2464 4165 εῖναι
2484 4109 2659 4178 λέγων
2676 4110 2734 4162 τὸ
2765 4108 2990 4178 Πνεῦμα
3017 4109 3111 4163 καὶ
3137 4107 3230 4162 τοῦ
3255 4109 3414 4174 Θεοῦ,
3431 4110 3510 4178 τῷ
3537 4110 3636 4180 μὲν

2041 4207 2140 4276 τὴν
2161 4206 2341 4260 αἰτίαν
2365 4203 2672 4274 σημαίνων,
2702 4202 2780 4272 τῷ
2809 4203 2865 4256 δὲ
2895 4203 2993 4272 τὴν
3041 4202 3276 4272 φυσικὴν
3307 4204 3636 4270 συγγένειαν

2039 4303 2140 4371 τῆς
2192 4299 2442 4367 θεότητος
2465 4298 2574 4362 ,ἐκ
2610 4294 2703 4348 τοῦ
2739 4293 2867 4348 Υίοῦ
2913 4294 2967 4348 δὲ
2999 4294 3252 4364 οὐδαμῶς
3301 4294 3495 4362 λέγων,
3520 4295 3634 4346 ἀλλ’

2040 4393 2074 4465 ἢ
2110 4392 2271 4464 μόνον
2299 4389 2524 4459 Πνεῦμα
2555 4386 2686 4441 Υίοῦ
2713 4387 2806 4440 καὶ
2840 4386 3066 4455 Πνεῦμα
3091 4386 3361 4457 Χριστοῦ,
3381 4388 3477 4439 καὶ
3499 4385 3636 4449 ὅλως

2040 4488 2100 4540 τὸ
2128 4481 2268 4540 εἶναι
2301 4485 2362 4536 τὸ
2391 4482 2680 4553 ὁμοούσιον
2709 4481 2880 4552 ἑτέρῳ
2913 4482 3023 4534 τινὶ
3043 4480 3145 4533 οὐκ
3175 4479 3236 4543 ἐξ
3265 4479 3514 4548 ἀνάγκης
3539 4481 3636 4532 καὶ

2042 4579 2212 4631 αῐτιον
2235 4575 2461 4646 θάτερον
2482 4573 2713 4642 θατέρου
2750 4571 2890 4626 εἶναι
2911 4571 3145 4636 εἰσάγει,
3173 4571 3255 4624 διὸ
3286 4570 3385 4624 καὶ
3424 4573 3493 4641 τῇ
3533 4569 3634 4639 μὲν

2040 4671 2253 4740 ἐνότητι
2296 4669 2395 4738 τῆς
2429 4667 2618 4731 οὐσίας
2643 4670 2700 4720 ἐν
2732 4667 2911 4735 Πατρὶ
2940 4667 3034 4718 καὶ
3069 4664 3184 4734 Υίῷ
3218 4665 3314 4718 καὶ
3345 4663 3630 4733 Πνεύματι

2038 4766 2097 4818 οὐ
2131 4762 2478 4832 λυμαίνεται,
2510 4761 2572 4814 τὺ
2624 4760 2698 4830 μὴ
2726 4759 2822 4814 καὶ
2850 4763 2908 4812 ἐκ
2939 4760 3035 4812 τοῦ
3065 4757 3196 4812 Υίοῦ
3225 4757 3532 4826 ὑφεστάναι
3577 4757 3638 4808 τὸ

2041 4854 2288 4926 Πνεῦμα,
2319 4855 2352 4924 ἢ
2389 4854 2677 4925 προελθεῖν
2704 4851 2967 4916 αίτιατῶς
2998 4850 3278 4922 ἐγχωροῦν
3300 4888 3316 4915 ,
3349 4849 3636 4920 όμοούσιόν

2038 4964 2098 5000 τε
2126 4942 2264 5001 εἶναι
2303 4947 2475 5016 αὐτῷ,
2519 4946 2595 5008 ὡς
2621 4945 2720 5015 τὴν
2774 4943 2926 5015 αὐτῷ
2957 4943 3178 5016 ἀριθμῷ
3226 4941 3310 5010 λαε
3340 4940 3507 4994 θάνον
3543 4943 3631 4992 οὐ·

2048 5039 2168 5093 σίαν
2199 5041 2264 5093 ἐκ
2302 5037 2400 5092 τοῦ
2433 5039 2649 5109 Πατρός
2679 5036 3147 5107 ἐκπορευόμενον,
3177 5035 3244 5105 ἢν
3274 5035 3302 5086 ὁ
3335 5034 3464 5095 Υίὲς
3492 5032 3634 5086 ἐκεῖς-

2043 5135 2138 5187 θεν
2171 5131 2440 5202 λαμϐάνει
2476 5128 2844 5199 γεννώμενος,
2879 5128 2958 5196 τῷ
2991 5143 3075 5179 τοι
3121 5127 3217 5179 καὶ
3248 5123 3380 5178 Υίοῦ
3407 5123 3633 5193 Πνεῦμα

2043 5223 2260 5290 λέγεται
2294 5217 2454 5286 εἶναι,
2491 5220 2586 5273 καὶ
2638 5218 2716 5288 μὴ
2757 5213 2899 5271 εἶναι
2950 5215 3118 5270 αὐτοῦ
3151 5211 3452 5284 πρόϐλημα
3479 5211 3511 5282 ἢ
3542 5213 3632 5265 ἐκ·

2045 5314 2325 5382 πίρευμα·
2356 5309 2419 5366 τὸ
2447 5309 2504 5362 δὲ
2543 5310 2640 5363 καὶ
2681 5309 2744 5360 ἐκ
2777 5305 2872 5359 τοῦ
2909 5305 3041 5358 Υίοῦ
3077 5305 3380 5374 ὑφεστάναι
3409 5302 3478 5356 ἂν
3501 5303 3632 5357 πολ-

2042 5403 2163 5468 λαῖς
2207 5401 2496 5472 ἀληθείαις
2546 5399 2896 5469 λυμαίνεται,
2944 5396 3020 5461 ὡς
3071 5393 3167 5450 νῦν
3194 5412 3252 5449 τε
3292 5395 3511 5465 εἴρηται
3541 5396 3632 5446 καὶ

2051 5495 2109 5546 ἐν
2137 5491 2320 5555 ἄλλοις
2353 5490 2445 5544 διὰ
2479 5488 2744 5543 πλειόνων
2773 5505 2832 5541 τε
2865 5488 2962 5540 καὶ
3009 5486 3408 5558 ἐναργέστερον
3439 5485 3631 5538 ἀποδέο

2042 5585 2272 5649 δεικται,
2309 5577 2388 5637 ὧν
2416 5581 2524 5653 χρὴ
2559 5580 2974 5652 ἀναιρουμένων
3002 5581 3091 5635 διὰ
3128 5579 3292 5634 τοῦτο
3334 5577 3409 5648 μὴ
3440 5593 3629 5648 περιο-

2045 5679 2146 5750 ρᾷν
2174 5679 2347 5749 ἡμᾶς.

2124 5767 2473 5840 Ἐφρόντιξον
2500 5767 2548 5822 δ’
2572 5767 2639 5822 ἂν
2664 5769 2759 5821 καὶ
2791 5768 3032 5835 Λατῖνοι,
3066 5769 3115 5822 εἰ
3144 5766 3220 5840 μὴ
3248 5768 3316 5839 τῇ
3347 5763 3624 5836 προλήψει

2041 5861 2320 5918 ἐδούλευον
2375 5863 2496 5917 ἀντὶ
2534 5864 2634 5935 τῆς
2683 5860 2974 5932 ἀκριϐείας
3020 5863 3114 5916 καὶ
3167 5863 3266 5934 τῆς
3304 5858 3516 5924 δικαίας
3570 5874 3630 5911 τε
