4104 6404
471 407 573 475 7“
1574 405 1956 467 GENNADII
1990 405 2077 466 (ΣΡ

2184 404 2672 466 'ATRIARClI/E
3614 388 3729 450 ἨΞ

474 521 568 575 καὶ
589 520 1012 591 προχειροτάτης
1044 520 1266 590 εἰρήνης
1299 518 1406 572 τῶν
1442 519 1777 588 Ἑκκλησιῶν
1808 520 1900 573 τοῦ
1924 521 2053 589 Χρι-
2089 536 2127 586 Α
2162 521 2324 573 αὐτόν
2357 515 2515 578 εῖναι,
2546 518 2638 569 τοῦ
2677 517 2731 566 ἐν
2783 513 2953 582 Πατρί
2992 511 3308 581 Πνεύματος
3340 507 3513 560 αἴτιον
3559 506 3730 564 δντας

477 612 627 665 στοῦ.
673 612 815 665 Ἀλλ’
847 614 1009 683 ἡμεῖς
1041 613 1134 665 τόν
1164 629 1223 664 τε
1259 613 1389 664 Υἱόν
1422 611 1709 679 ὁμοούσιον
1744 613 1820 680 τῷ
1855 613 2048 680 Πατρί,
2155 612 2274 666 οὔτε
2325 612 2432 680 γάρ
2462 607 2574 664 οἷόν
2617 627 2674 662 τε
2731 609 2910 674 λέγειν
2941 606 3161 670 αὐτοὺς,
3189 605 3269 680 ὅτι
3310 601 3419 655 τῶν
3447 602 3505 652 ἐν
3551 599 3730 666 Πατρὶ

476 703 568 756 καὶ
599 703 660 754 τό
688 703 916 772 Πνεῦμα
944 703 1236 772 όμοούσιον
1268 703 1344 772 τῷ
1373 702 1489 771 Υίῷ
1517 702 1862 763 πιστεύοντες
1888 699 2052 762 εἶναι,
2155 721 2298 766 τινος
2332 705 2501 764 αἴτιος
2556 701 2652 764 ῶν,
2704 701 2805 752 οὐκ
2838 699 2987 751 ἐσται
3038 698 3131 748 καὶ
3185 693 3352 749 αὐτοῦ
3387 691 3481 746 τοῦ
3520 691 3734 761 Πατρός

476 795 573 848 καὶ
636 795 862 864 Πνεῦμα
926 793 1059 848 Υίοῦ
1103 795 1165 847 τό
1208 793 1301 848 τοῦ
1347 795 1563 866 Πατρός
1628 793 1769 847 εἶναι
1827 795 2055 864 Πνεῦμα
2156 798 2354 860 αἴτιος,
2389 794 2682 872 εἰργούσης
2722 791 2920 852 αὐτοὺς
2955 789 3056 857 τῆς
3087 787 3273 844 ἁπλῶς
3304 786 3605 852 ἁπλότητος
3634 781 3735 834 τοῦ

477 884 827 950 πιστεύοντες
849 927 864 951 ,
896 886 990 939 καί
1036 885 1300 949 ὡσαύτως
1352 886 1412 940 τό
1465 903 1529 954 γε
1569 887 1648 948 εἰς
1699 886 1798 955 τὴν
1826 887 1922 954 τῆς
1956 888 2055 955 φύ-
2161 887 2375 957 Πατρός
2397 903 2410 916 ·
2443 885 2568 938 οὔτε
2607 883 2865 938 δύνανται
2891 882 3091 950 λέγειν,
3130 879 3204 950 μὴ
3233 877 3429 932 ταυτὸν
3464 873 3600 929 εἶναι
3629 889 3736 926 κα-

483 995 620 1039 σεως
658 973 794 1050 ἧκον
842 977 1070 1048 ἑνότητα
1094 1018 1110 1043 ,
1163 977 1271 1030 τῶν
1319 981 1385 1046 τῇ
1442 981 1683 1048 πατρικῇ
1753 979 1934 1046 μέντοι
1990 996 2054 1045 γε
2160 979 2339 1045 θάπαξ
2374 977 2437 1031 τό
2462 980 2518 1030 ἐν
2544 978 2718 1046 Πατρί
2745 977 2839 1027 καὶ
2870 973 2985 1042 Υἱῷ
3017 973 3242 1040 Πνεῦμα
3274 973 3459 1039 ἆγιονο
3497 967 3618 1020 οὕτε
3645 983 3742 1018 πι-

2161 1072 2412 1124 στεύουσι
2452 1071 2624 1139 δήπου
2658 1071 2732 1138 μὴ
2781 1068 3030 1130 ἑνοειδῶς
3063 1067 3157 1119 καὶ
3192 1067 3360 1134 ἄμφω
3408 1061 3740 1133 προϐάλλειν

2159 1166 2219 1218 τὸ
2257 1164 2510 1234 Πνεῦμα,
2543 1163 2597 1214 οἵ
2617 1179 2680 1229 γε
2708 1161 2801 1214 καὶ
2827 1160 2914 1214 διὰ
2945 1159 3102 1212 τοῦτο
3125 1155 3577 1227 διισχυρίζονται,
3610 1153 3742 1223 μίαν

2162 1259 2330 1326 ἄμφω
2353 1255 2448 1308 τοῦ
2499 1253 2817 1323 Πνεύματος
2860 1253 3036 1321 ἀρχὴν
3073 1245 3233 1302 εἶναι.
3269 1248 3480 1301 Οὐκοῦν
3522 1245 3744 1312 ἀνάγκη

2162 1352 2254 1404 καὶ
2283 1348 2374 1403 τοῦ
2404 1349 2616 1419 Πατρός
2659 1346 2834 1401 αῖτιον
2870 1341 3010 1398 εἶναι
3040 1343 3130 1396 τόν
3178 1342 3304 1395 Υιόν
3349 1340 3444 1393 τοῦ
3481 1343 3538 1392 ἐν
3564 1338 3746 1407 Πατρὶ

485 1069 786 1122 ὑποστάσει
817 1068 1201 1136 προσηκόντων
1241 1068 1632 1136 διαφερόντως,
1675 1068 1858 1120 εῐτουν
1887 1085 2061 1138 προσ-

481 1159 707 1222 ωπικῶς
740 1158 1158 1230 ἁρμοττόντων,
1212 1156 1408 1225 ἐπίσης
1464 1164 1526 1212 τό
1581 1175 1641 1211 τε
1687 1157 1910 1226 Πνεῦμα
1964 1161 2058 1212 καὶ

483 1251 573 1302 τόν
607 1250 734 1303 Υἰόν
767 1247 1006 1310 εὐσεϐῶς
1035 1247 1420 1315 ἀποκλείομεν,
1452 1247 1530 1316 τῷ
1559 1248 1912 1320 ἀκοινωνήτῳ
1945 1250 2055 1301 τῶν

485 1345 798 1407 ἰδιαζόντων
832 1344 1290 1414 ἐνθεωρουμένων
1335 1345 1577 1414 ἑκάστῳ,
1607 1347 1702 1398 καὶ
1730 1347 1829 1417 τὴν
1866 1347 2058 1416 ἀληθι-

483 1439 582 1506 νὴν
639 1437 845 1506 Τριάδα
882 1435 1194 1498 δεικνύντες
1223 1476 1238 1500 ,
1290 1437 1385 1490 καὶ
1433 1439 1533 1506 τὴν
1585 1437 2060 1508 ἅκραιφνεστάτην

486 1528 664 1581 αὐτῶν
695 1527 921 1596 ἑνότητα
952 1527 1366 1598 ὑπερσέϐοντες,
1397 1527 1472 1589 ὡς
1515 1527 1602 1582 διὰ
1653 1529 1858 1597 ταύτην
1887 1529 2058 1581 οὖσαν

489 1618 746 1687 τοιαύτην
797 1621 898 1672 οὐκ
951 1618 1018 1672 ἂν
1064 1620 1159 1686 τῆς
1187 1617 1419 1686 Τριάδος
1456 1617 1872 1686 σωθησομένης.
1909 1619 2059 1688 εἰμὴ

486 1710 547 1761 τό
581 1708 688 1762 τῶν
725 1708 1030 1778 ἰδιωμάτων
1059 1706 1260 1775 ἀμιγὲς
1296 1708 1470 1776 παρόν
1501 1705 1793 1776 διακρίνοι.

562 1800 748 1856 Ταῦτα
770 1801 828 1855 δέ
860 1803 998 1854 εἰσιν
1029 1803 1122 1854 ἐπὶ
1151 1799 1242 1852 τοῦ
1282 1799 1514 1868 Πατρός,
1543 1799 1635 1851 τόν
1662 1817 1719 1852 τε
1743 1799 1914 1867 Λόγον
1941 1816 2061 1867 γεν-

487 1894 606 1962 νᾷν,
632 1894 726 1946 καὶ
765 1893 825 1945 τό
852 1891 1081 1962 Πνεῦμα
1126 1891 1471 1962 προϐάλλειν,
1497 1893 1593 1944 καί
1617 1891 1692 1954 ὡς
1724 1893 1900 1943 εἰπεῖν
1937 1909 2062 1944 συν-

486 1984 722 2047 ελόντες,
753 1984 787 2054 ἥ
836 1985 977 2053 ἁρχὴ
1005 2024 1020 2048 ,
1057 1982 1091 2053 ἢ
1140 1983 1200 2034 τό
1246 1983 1500 2052 πηγαῖον,
1535 1981 1566 2050 ἦ
1600 1981 1661 2034 τὸ
1711 1981 1904 2043 αἴτιον,
1937 1982 1970 2051 ἦ
2003 1981 2062 2034 τό

488 2074 828 2146 καρπο-,ιόνον
851 2113 866 2136 ,
902 2074 935 2143 ἢ
965 2074 1025 2128 τὸ
1056 2075 1300 2144 γόνιμον·
1336 2073 1508 2125 ταῦτα
1543 2071 1650 2140 γάρ
1680 2073 1787 2125 εἰσι
1836 2071 1898 2125 τὸ
1931 2071 2063 2126 αὐτό

486 2173 764 2238 δυνάμενα
793 2172 974 2226 πάντα
1014 2170 1072 2223 ἐν
1097 2187 1160 2238 γε
1188 2169 1265 2221 τῶ
1297 2167 1674 2237 προκειμένῳ,
1706 2169 1799 2221 καί
1823 2167 1898 2231 ὡς
1927 2183 2063 2219 ταυ-

488 2265 550 2316 τό
599 2263 956 2331 δυναμένοις,
991 2264 1038 2314 οἰ
1087 2261 1401 2314 διδάσκαλοι
1452 2262 1754 2330 κέχρηνται
1808 2260 1954 2328 μόνῳ
1983 2259 2060 2329 τῷ

494 2357 671 2425 Πατρί
702 2355 872 2408 ταῦτα
889 2353 1188 2424 διαρρήδην
1213 2354 1473 2417 διδόντες,
1512 2356 1604 2406 καὶ
1647 2351 1773 2406 οὔτε
1805 2355 1900 2406 τόν
1936 2353 2063 2407 Υἰόν

494 2448 810 2517 προϐολέα,
843 2445 966 2499 οῦτε
1021 2447 1082 2499 τό
1133 2445 1360 2514 Πνεῦμα
1422 2445 1751 2514 πιστεύομεν
1804 2449 2065 2515 ἐγχωρεῖν

494 2541 782 2610 τυγχάνειν
817 2542 1142 2610 γεννήτορα,
1169 2540 1275 2603 ἕως
1309 2540 1375 2594 ἂν
1407 2542 1433 2592 ό
1464 2541 1653 2608 Πατὴρ
1683 2541 1842 2608 μόνος
1880 2542 2066 2610 Πατὴρ

493 2629 551 2703 ᾖ,
581 2633 822 2686 τουτέστι
857 2634 1136 2702 γεννήτωρ
1165 2633 1260 2684 καὶ
1298 2632 1626 2701 προϐολεύς.
1665 2632 1928 2684 Κοινωνεῖ
1959 2638 2066 2702 γάρ

491 2729 518 2777 ό
549 2723 738 2794 Πατὴρ
793 2723 868 2793 τῷ
915 2722 1032 2791 ἰδίῳ
1077 2722 1192 2791 Υίῷ
1225 2721 1333 2775 τῶν
1388 2723 1533 2773 ἰδίων
1584 2721 1828 2788 ἀγαθῶν,
1874 2724 1934 2773 οὐ
1969 2723 2068 2790 τῆς

491 2821 552 2870 ἐν
585 2817 769 2879 αὐτοῖς
801 2814 968 2867 αὑτοῦ
1001 2813 1288 2881 ἰδιότητος,
1319 2813 1390 2882 ἢν
1419 2813 1553 2881 ἔχει,
1590 2813 1667 2882 τῷ
1697 2811 1903 2866 τούτων
1929 2807 2066 2865 εἷται

492 2911 709 2963 πάντων
744 2906 885 2976 ἀρχὴ
923 2906 1021 2958 καὶ
1050 2904 1200 2975 πηγὴ
1227 2907 1334 2966 τοῖς
1362 2903 1419 2968 ἐξ
1459 2903 1623 2956 αἰτοῦ
1661 2903 2062 2972 προεληλυθόσι

496 3001 760 3070 συμφυῶς
812 2999 905 3050 καὶ
946 2997 1256 3061 συναῖδίως,
1307 2996 1382 3059 ὼς
1423 2996 1479 3048 δὲ
1525 2996 1618 3048 καὶ
1648 2997 1725 3064 τῷ
1761 2997 2067 3066 Πνεύματι.

497 3091 636 3146 Οὔτε
672 3091 853 3143 τοίνυν
884 3091 978 3143 καὶ
1025 3089 1121 3140 τοῦ
1181 3086 1498 3155 Πνεύματος
1551 3089 1802 3140 κοινωνεῖ
1833 3088 1908 3158 τῷ
1939 3087 2070 3156 Υἱῴ,

2166 1443 2486 1512 Πνεύματος
2517 1443 2690 1495 αἴτιον
2725 1439 2880 1504 όντα,
2907 1438 2983 1499 ὡς
3006 1437 3242 1508 εἴρηται.
3275 1433 3448 1489 Τοῦτο
3475 1433 3532 1486 δέ
3551 1433 3612 1486 οὐ
3637 1431 3751 1500 χρὴ

2168 1535 2296 1606 περί
2330 1552 2392 1601 γε
2435 1533 2527 1586 τοῦ
2571 1531 2786 1599 Πατρός
2820 1531 2956 1600 πρός
3006 1529 3098 1582 τόν
3141 1527 3269 1581 Υἱδν
3323 1527 3578 1579 δεδιέναι.
3612 1525 3749 1589 Φρο-

2167 1629 2278 1678 νεῖν
2309 1625 2409 1693 μὲν
2440 1622 2534 1676 οὖν
2557 1623 2760 1683 οὕτωσί
2789 1622 2885 1675 καί
2910 1621 3060 1673 πᾶσα
3080 1619 3316 1687 ἀνάγκη,
3349 1617 3430 1670 ὅτι
3463 1615 3557 1668 τοῦ
3581 1617 3755 1667 Πνεύ-

2176 1733 2344 1781 ματος
2377 1714 2470 1768 τοῦ
2504 1715 2558 1766 ἐν
2597 1713 2675 1782 τῷ
2709 1710 2822 1780 Υἰῷ
2851 1711 3019 1772 αῐτιος
3054 1709 3130 1761 ὢν
3163 1711 3257 1761 καὶ
3287 1707 3454 1760 αὑτοῦ
3486 1704 3577 1761 τοῦ
3615 1705 3750 1757 Υῐοῦ

2170 1810 2341 1870 αίτιός
2375 1810 2541 1871 ἐστιν,
2573 1809 2648 1868 ὡς
2680 1807 2727 1858 εἰ
2755 1805 2847 1857 καί
2885 1803 2960 1872 μὴ
2991 1800 3058 1854 δι’
3089 1801 3244 1854 οὐδὲν
3277 1800 3488 1868 ἕτερον,
3516 1797 3585 1850 δι’
3610 1797 3753 1848 αύτό

2174 1918 2234 1966 γε
2262 1899 2442 1963 τοῦτο,
2476 1899 2575 1951 οὑκ
2605 1897 2774 1967 ἐχρῆν
2805 1894 3015 1955 οίεσθ,αι
3056 1893 3145 1946 τόν
3173 1893 3302 1945 Υίόν
3346 1890 3438 1946 τοῦ
3473 1891 3611 1943 Θεοῦ
3651 1890 3752 1943 τοῦ

2173 1991 2490 2056 Πνεύματος
2545 1992 2740 2052 αἴτιον,
2781 1988 2869 2041 ἵνα
2900 1986 2975 2057 μὴ
3029 1987 3098 2040 τὰ
3131 1986 3232 2056 τῆς
3279 1985 3555 2052 Θεογονίας
3602 1984 3756 2036 ἀντι·

2174 2082 2497 2153 στρέφεσθαι
2527 2080 2873 2151 κινδυνεύσῃ.
2899 2081 2974 2133 Τό
2999 2079 3055 2132 δὲ
3081 2077 3218 2140 ὅλως
3244 2075 3430 2142 ἀξιοῦν
3461 2094 3525 2129 συ
3535 2075 3756 2146 μπροά-

2173 2194 2290 2244 γειν
2324 2174 2400 2246 τῷ
2429 2175 2604 2244 Πατρὶ
2650 2174 2741 2226 τόν
2771 2173 2921 2238 Υἱόν,
2965 2172 3026 2225 τό
3061 2170 3304 2242 φυσικῶς
3337 2155 3468 2224 αὐτό
3490 2169 3585 2223 καὶ
3615 2185 3756 2221 συν⁸

2176 2267 2359 2328 αῖδίως
2410 2269 2474 2320 ἐκ
2517 2263 2729 2333 Πατρός
2795 2261 3098 2331 συμπροῖόν
3144 2252 3366 2328 Πνεῦμα
3411 2261 3587 2328 ἅγιον,
3629 2257 3755 2310 τίνα

2179 2360 2286 2425 ἕξει
2319 2360 2692 2430 εὐπρέπειανς
2732 2359 2945 2426 ’Ὠσπερ
2975 2357 3082 2425 γὰρ
3117 2359 3172 2407 ἐν
3203 2355 3388 2417 πᾶσιν,
3423 2357 3479 2406 ἐν
3513 2349 3591 2416 οῖς
3636 2356 3754 2404 ἐστι

2177 2455 2238 2506 τό
2269 2454 2405 2505 κατά
2435 2453 2622 2521 χρόνον
2650 2451 2936 2519 πρότερον,
2967 2451 3034 2518 τῇ
3062 2449 3158 2516 τῆς
3183 2448 3360 2510 αἰτίας
3389 2447 3540 2511 τάξει
3572 2445 3754 2507 συνὸν,

2179 2546 2441 2599 ἀδύνατόν
2475 2547 2591 2597 ἐστι
2633 2544 2790 2596 τοῦτο
2831 2543 2924 2595 καὶ
2951 2544 3050 2594 ἀνα
3065 2542 3311 2594 κόλκ,υθον
3336 2555 3349 2572 ⁶
3396 2541 3567 2602 οὓτως
3599 2540 3755 2591 οὐδὲν

2179 2634 2341 2710 ἦττον
2379 2639 2472 2690 καὶ
2501 2639 2556 2690 ἐν
2593 2631 2673 2698 οἷς
2705 2637 2738 2704 ἡ
2769 2636 2910 2688 κατὰ
2942 2635 3040 2703 τὴν
3069 2635 3248 2687 αἰτίαν
3274 2633 3422 2698 τάξις
3449 2634 3592 2684 ἐστ’-ν
3623 2634 3753 2685 ἄνευ

2180 2731 2279 2798 τῆς
2313 2729 2568 2800 κρονικῆς
2604 2730 2988 2798 προηγήσεως,
3022 2727 3302 2795 ἀνατροπὴ
3333 2726 3532 2794 γένοιτ’
3560 2728 3623 2778 ἂν
3651 2725 3751 2792 τῆς

2179 2823 2436 2890 τοιαύτης
2474 2820 2681 2884 τάξεως
2721 2824 2834 2883 τοῖς
2874 2820 3051 2888 ὀρθῶς
3084 2817 3395 2886 λογίζεσθαι
3433 2819 3753 2886 δυναμένοις

2179 2917 2240 2966 τό
2276 2915 2334 2965 τό
2369 2912 2610 2967 αἰτιατόν
2633 2915 2698 2982 τῇ
2725 2910 2917 2964 ἑαυτοῦ
2942 2913 3088 2980 αἰτίᾳ
3112 2910 3525 2978 συνυφιστάνειν
3545 2909 3605 2960 τό
3631 2925 3755 2959 συν-

2184 3005 2424 3058 αιτιατόν
2471 3003 2566 3056 καὶ
2605 3003 2698 3054 τοῦ
2761 3001 3107 3055 συναιτιατοῦ
3152 3002 3230 3070 τῷ
3283 3003 3440 3071 αἰτίῳ
3482 3001 3561 3067 τῷ
3597 2999 3757 3069 κοινῷ

2185 3095 2458 3148 συναίτιον
2519 3095 2792 3162 γίνεσθαι,
2845 3095 3245 3162 συμπροῖόντος
3293 3110 3352 3146 τε
3409 3092 3615 3156 ἀϊδίως,
3663 3094 3758 3145 καὶ

496 3181 590 3233 καὶ
625 3180 700 3239 ὡς
749 3180 895 3231 ἔστιν
943 3177 1112 3274 τῷ
1152 3177 1326 3246 Harp).
1361 3175 1624 3245 συμφυῶς
1654 3178 1747 3231 καὶ
1787 3178 2078 3248 ὑπερηνω·
2104 3223 2146 3274 C
2187 3187 2326 3257 πρὸς
2355 3188 2454 3258 τὴν
2486 3185 2670 3256 κοινὴν
2697 3187 2876 3240 αἰτίαν
2903 3185 3185 3255 προσεχὼς
3215 3184 3573 3254 τεταγμένου,
3601 3183 3658 3237 τό
3695 3199 3758 3250 γε

503 3273 684 3344 μένως
737 3273 797 3325 τό
830 3270 1055 3338 Πνεῦμα
1116 3271 1176 3323 τό
1232 3271 1410 3338 ἅγιον,
1460 3271 1636 3324 καίτοι
1671 3288 1735 3340 γε
1791 3272 1850 3338 ἐξ
1908 3272 2075 3325 αὑτοῦ

502 3364 754 3434 προϊέναι
784 3365 1066 3434 ἀρρήτως,
1106 3365 1202 3416 καὶ
1231 3363 1608 3433 διακρίνεσθαι
1641 3363 2037 3432 πιστευόμενον
2062 3380 2075 3394 ·

501 3455 646 3510 οὕτω
695 3455 790 3508 καὶ
849 3456 877 3507 ὁ
937 3455 1064 3516 Υἱὸς
1125 3453 1394 3522 λαμϐάνει
1425 3453 1586 3506 τοῦτο
1624 3453 1966 3521 γεννώμενος
2016 3455 2080 3506 ἐκ

509 3548 724 3616 Πατρός
781 3549 848 3617 τῇ
886 3546 1048 3614 φύσει
1103 3545 1264 3598 συνὸν
1293 3584 1308 3607 ,
1347 3545 1442 3597 ἆτε
1493 3545 1592 3613 τὴν
1642 3545 1812 3613 αὐτὴν
1862 3545 2082 3615 ἀριθμῷ

504 3639 667 3709 φύσιν
716 3638 863 3708 ἔχον,
901 3638 1019 3691 ἀλλ’
1063 3636 1122 3691 ού
1159 3633 1428 3707 λαμϐάνει
1459 3638 1608 3708 παρά
1638 3636 1732 3689 τοῦ
1779 3637 1992 3708 Πατρός
2024 3639 2084 3691 τὸ

507 3731 834 3802 προϐάλλειν
883 3729 944 3783 τό
979 3729 1200 3800 Πνεῦμα
1223 3770 1236 3794 ,
1278 3731 1373 3782 καί
1407 3730 1740 3799 ἐφιστάνειν·
1788 3730 1943 3784 τοῦτο
1973 3731 2082 3800 γάρ

503 3823 802 3893 λαμϐάνειν
842 3822 908 3876 ἂν
947 3817 1015 3893 ἦν
1046 3821 1146 3892 τὴν
1185 3823 1461 3892 πατρικὴν
1488 3823 1748 3893 ἰδιότητα·
1787 3823 1911 3877 οὒτε
1945 3825 2085 3894 λαμ·-

506 3917 661 3972 ϐἀνει
712 3915 1177 3987 προϐεϐλημένον.
1220 3915 1376 3985 Ἅμα
1429 3917 1539 3984 γὰρ
1594 3921 1775 3970 πάντα
1824 3917 1942 3970 ἐκεῖ
1989 3918 2085 3971 καὶ

507 4009 790 4072 συναῖδίως
822 4009 960 4074 ἐστὶ,
995 4009 1088 4062 καὶ
1117 4009 1178 4062 τό
1208 4008 1510 4078 λαμϐάνειν
1542 4009 1632 4061 τὸν
1663 4010 1786 4062 Υίόν
1815 4010 1993 4063 ὁτιοῦν
2023 4012 2087 4063 ἐκ

505 4101 599 4157 τοῦ
630 4103 867 4174 Πατρός,
901 4103 960 4155 τό
985 4102 1328 4172 γεννώμενον
1376 4101 1543 4171 ἐχειν,
1586 4102 1619 4172 ἢ
1657 4102 1851 4172 ἔχοντα
1893 4119 2087 4170 γεγεν-

504 4193 736 4263 νῆσθαι’,
783 4195 831 4246 οἰ
881 4193 1190 4247 διδάσκαλοι
1228 4194 1410 4256 καλῶς
1454 4191 1783 4263 φρονοῦντες
1829 4195 2082 4264 ἐνόησαν.

513 4289 621 4341 Καὶ
662 4288 722 4340 τό
749 4287 841 4341 τόν
875 4287 1099 4358 Πατέρα
1139 4285 1287 4354 ἔχειν
1320 4285 1416 4338 τοῦ
1465 4289 1557 4338 τόν
1593 4287 1724 4340 Υίόν
1751 4287 1896 4356 ἔχειν
1928 4288 2087 4340 06801-

516 4381 633 4448 μῶς
664 4381 781 4432 ἐστι
810 4379 1095 4447 πρότερον·
1133 4378 1256 4430 οὐδὲ
1293 4378 1401 4445 γάρ
1431 4380 1466 4446 ὴ
1501 4377 1594 4430 τοῦ
1631 4379 1906 4447 προτέρου
1937 4380 2090 4442 τάξις

511 4475 573 4524 ἐν
624 4472 735 4532 τοῖς
767 4456 1074 4534 ’συναῖδίοις
1125 4485 1187 4520 τε
1227 4471 1322 4524 καὶ
1356 4469 1663 4535 συμφυέσιν
1713 4471 1879 4533 ἐστὶν,
1913 4470 2026 4524 ἀλλ’
2056 4470 2089 4541 ἢ

2187 3279 2266 3341 εἰς
2295 3278 2393 3346 τὴν
2452 3277 2667 3346 ἐκείνης
2708 3277 2939 3345 δύναμιν
2981 3272 3114 3348 ἧκον
3165 3275 3364 3344 τούλάχ
3392 3292 3517 3328 στον
3545 3291 3557 3304 ·
3606 3273 3760 3327 τοῦτο

2186 3371 2292 3441 γὰρ
2318 3371 2412 3424 καὶ
2435 3361 2655 3424 Λατῖνοι
2685 3370 2913 3423 διδόασι.
2944 3370 3228 3422 Τοσούτων
3266 3369 3448 3421 τοίνυν
3479 3367 3760 3436 ἑπομένων

2183 3465 2250 3533 τῇ
2294 3463 2440 3516 θέσει
2477 3463 2744 3527 Λατίνων,
2773 3463 2854 3516 δεῖ
2881 3461 2990 3531 γὰρ
3021 3461 3089 3515 δι’
3115 3460 3433 3523 ἐλαττόνων,
3471 3459 3546 3521 ὡς
3579 3459 3637 3525 ἐξ
3661 3455 3758 3526 ἀρ-

2185 3555 2286 3624 χῆς
2318 3553 2694 3624 προύθέμεθα.
2743 3553 3160 3623 συμπεραίνειν,
3196 3553 3229 3623 ἢ
3279 3553 3456 3605 πάντα
3487 3551 3662 3605 ταῦτα
3685 3552 3762 3604 δεῖ

2185 3649 2548 3718 ἐκκηρύττειν
2584 3647 2779 3708 αὐτοὺς
2811 3647 2868 3698 ὲν
2899 3646 2975 3715 τῷ
3011 3645 3272 3716 Συμϐόλῳ
3299 3638 3360 3699 οὗ
3395 3645 3484 3698 καὶ
3517 3647 3617 3717 τὴν
3647 3661 3763 3698 καιο

2188 3739 2440 3808 νοτομίαν
2479 3739 2826 3806 πεποίηνται.
2867 3738 3058 3790 Καίτοι
3089 3739 3242 3807 λήσει
3268 3754 3322 3790 τι
3357 3738 3452 3791 καὶ
3479 3738 3588 3790 τῶν
3637 3737 3762 3791 ἀτό-

2190 3849 2309 3885 πων
2339 3831 2637 3902 σιωπηθὲν,
2685 3830 2817 3893 ἴσως
2858 3831 3011 3899 παρά
3041 3846 3101 3882 τε
3132 3828 3290 3899 ἡμῶν
3323 3830 3418 3882 καὶ
3463 3829 3644 3882 αὐτῶν
3671 3830 3763 3886 δντ

2186 3924 2422 3994 νάμενον
2453 3923 2661 3977 πλείονι
2699 3919 2766 3974 ἃν
2799 3923 3094 3992 ἐπιστασίᾳ
3120 3921 3470 3991 εὑρίσκεσθαι
3497 3937 3510 3950 ⁶
3546 3920 3624 3989 τῷ
3657 3920 3764 3990 γὰρ

2187 4015 2376 4085 ψεύδει
2421 4015 2590 4068 πλείω
2624 4015 2693 4068 τὰ
2747 4013 2926 4068 ἄτοπα
2979 4012 3199 4079 ἕπεται,
3233 4013 3267 4084 ἢ
3309 4014 3404 4066 καὶ
3450 4013 3550 4083 τὴν
3580 4013 3760 4082 πηγὴν

2191 4107 2372 4163 αὐτῶν
2403 4109 2468 4162 ἐκ
2500 4109 2670 4178 μέσου
2699 4107 2898 4160 ποιεῖν.
2930 4105 3119 4160 Καίτοι
3148 4106 3242 4161 καὶ
3269 4105 3329 4160 τδ
3379 4108 3643 4177 πρότερον
3666 4106 3763 4158 οὐκ

2191 4202 2375 4271 ἀρκεῖ,
2404 4201 2453 4253 εἰ
2482 4202 2577 4253 καὶ
2604 4195 2717 4253 οἷόν
2743 4200 2791 4254 τ’
2823 4193 2892 4266 ἦν
2921 4197 3193 4266 γίνεσθαι,
3225 4198 3335 4252 τῶν
3370 4215 3431 4252 τε
3461 4198 3768 4269 εἰρημένων

2192 4295 2288 4346 καὶ
2318 4292 2527 4346 πολλῶν
2558 4290 2733 4345 ἄλλων
2759 4290 2924 4343 ἑνεκα
2947 4306 2961 4322 ⁸
2992 4290 3186 4344 οὐκοῦν
3223 4290 3333 4345 δέοι
3360 4293 3413 4360 γ’
3458 4289 3524 4344 ἂν
3557 4290 3616 4344 τό
3648 4289 3768 4343 δεύ-

2193 4401 2349 4451 τερον
2376 4384 2657 4454 πράττειν.

2265 4475 2340 4528 Τό
2386 4475 2442 4527 δέ
2501 4476 2598 4540 τὴν
2651 4475 2978 4530 Σαϐέλλειον
3033 4474 3364 4546 συναλοιφὴν
3416 4473 3774 4545 ἐκκηρύττειν

512 4565 677 4636 μόνον
706 4564 740 4633 ἡ
767 4564 866 4632 τῆς
907 4564 1110 4627 αἰτίας,
1142 4563 1240 4616 καὶ
1287 4562 1377 4616 διὰ
1409 4565 1510 4630 τὴν
1548 4563 1728 4616 αἰτίαν
1757 4563 1908 4628 τάξις
1954 4565 2091 4618 ἐστί’
2127 4553 2175 4614 Β
2202 4565 2298 4618 καὶ
2335 4566 2397 4618 τό
2425 4564 2606 4618 διττόν
2643 4565 2742 4630 τῆς
2778 4565 2954 4634 ἀρχῆς
2987 4565 3081 4619 καὶ
3108 4565 3175 4618 τὰ
3213 4563 3438 4618 τοιαῦτα
3469 4565 3564 4617 καὶ
3595 4565 3656 4615 ἐκ
3685 4559 3775 4614 τού

510 4657 788 4710 τουτέστιν
822 4655 855 4725 ἢ
890 4655 952 4708 τὸ
990 4656 1322 4724 προαγαγεῖν
1364 4671 1423 4707 τε
1482 4655 1577 4706 καί
1637 4654 2090 4724 προεληλυθέναι,

511 4747 546 4818 ἢ
591 4745 648 4797 τέ
692 4732 962 4815 διαφόρως
1018 4744 1440 4814 προεληλυθέναι
1469 4760 1481 4772 '
1509 4739 1582 4798 ὧν
1607 4744 1836 4815 θάτερον
1864 4745 1962 4814 μὲν
2015 4746 2093 4814 τῷ

516 4834 692 4902 Πατρί
717 4836 854 4901 πρός
887 4834 954 4885 τὰ
1004 4833 1065 4896 ἐξ
1115 4832 1302 4897 αὐτοῦ,
1357 4833 1583 4904 θάτερον
1634 4833 1690 4886 δὲ
1741 4835 1854 4896 τοῖς
1906 4837 1970 4888 ἐκ
1998 4835 2091 4889 τοῦ

514 4927 727 4997 Πατρός
763 4926 1032 4996 ἁρμόττει
1079 4925 1217 4996 πρός
1268 4925 1495 4996 ἄλληλα.

585 5019 795 5088 Ὠσπερ
835 5016 929 5070 οὖν
951 5019 1063 5088 ἕχει
1091 5019 1149 5070 τὸ
1180 5011 1322 5070 εἶναι
1351 5017 1504 5088 παρὰ
1529 5018 1622 5071 τοῦ
1651 5020 1864 5090 Πατρός
1895 5023 1924 5074 ό
1963 5019 2094 5082 Υἱός

515 5116 607 5168 καὶ
645 5113 741 5166 σὺν
790 5110 940 5180 αὐτῷ
974 5110 1173 5174 πάντα,
1211 5108 1328 5162 ἀλλ’
1373 5111 1472 5163 οὐκ
1518 5110 1632 5164 ἐστι
1672 5114 1876 5165 τούτων
1919 5113 2095 5176 αἴτιος

514 5205 694 5277 ἑαυτῷ
729 5205 838 5258 οὐδ’
869 5205 1027 5269 ὅλως,
1069 5203 1243 5271 τούτῳ
1283 5202 1392 5272 γὰρ
1433 5205 1579 5273 μόνῳ
1627 5203 1964 5273 διακρίνεται
2000 5203 2095 5256 τοῦ

519 5296 752 5368 Πατρός,
781 5297 907 5349 ἐπεὶ
947 5295 1025 5366 τῷ
1059 5295 1206 5364 ἔχειν
1236 5296 1415 5348 πάντα
1445 5295 1540 5347 καί⁵
1580 5295 1842 5355 ὡσαύτως
1879 5293 1956 5362 τῷ
1989 5296 2097 5346 Πα-

515 5393 610 5460 τρ)⁵
638 5390 755 5446 πῶς
793 5389 859 5442 ἂν
885 5388 1214 5458 διακρίνοιτο
1241 5402 1256 5453 ;
1291 5385 1432 5440 οὕτω
1469 5385 1564 5438 καί
1593 5387 1654 5438 τό
1697 5385 1922 5453 Πνεῦμα
1953 5383 2096 5453 ἐχειν

517 5485 580 5534 ἐκ
614 5479 710 5533 τοῦ
741 5479 955 5550 Πατρός
988 5478 1432 5548 ἀπαραλλάκτως
1463 5476 1538 5538 ὡς
1576 5479 1603 5528 ὁ
1641 5475 1847 5546 Πατὴρ,
1882 5491 2097 5543 συμπε-

515 5575 684 5642 φυκός
714 5589 772 5624 τε
804 5572 899 5624 καὶ
931 5571 1221 5640 συνδιῆκον
1253 5570 1402 5639 αὐτῷ
1434 5568 1586 5638 παρά
1611 5568 1702 5620 τοῦ
1737 5569 1967 5637 Πατρός,
2009 5568 2095 5619 ού-

513 5667 602 5718 δέν
661 5659 826 5733 ἦττον
883 5664 983 5716 οὐκ
1037 5663 1152 5713 ἐστι
1227 5660 1320 5713 τοῦ
1375 5661 1692 5728 Πνεύματες
1745 5660 1934 5724 αἴτιος,
1985 5659 2101 5712 οὗθ’

518 5753 735 5819 ἑαυτοῦ,
779 5751 890 5803 οὗθ’
924 5753 1081 5812 ὅλως.
1119 5751 1175 5800 ΕΞ
1221 5749 1274 5801 δὲ
1308 5752 1477 5811 α’τιος
1511 5745 1578 5818 ἦν
1627 5751 1761 5812 ὃὶως
1795 5749 1888 5802 τοῦ
1928 5750 2098 5803 Πνεύ-

519 5860 710 5910 ματος,
737 5845 788 5896 τί
819 5844 950 5912 γοῦν
991 5842 1195 5896 ἐκώλυε
1229 5841 1403 5912 ταύτῃ
1447 5842 1656 5896 καὶτοῦ
1692 5841 1898 5914 Πατρός
1932 5843 2102 5898 αἴτιον

2202 4656 2334 4709 Υἱοῦ
2357 4656 2419 4709 τό
2454 4656 2678 4724 Πνεῦμα
2720 4655 3125 4726 προϐάλλεσθαι
3169 4655 3541 4724 κηρύττοντας
3568 4656 3665 4708 καὶ
3691 4653 3778 4706 τόν

2203 4751 2330 4803 Υίόν
2356 4749 2531 4819 ἀρχὴν
2562 4744 2702 4802 εἶναι
2732 4749 2852 4803 κατ’
2882 4749 3081 4812 αὐτοὺς
3106 4749 3200 4801 τοῦ
3234 4747 3574 4817 Πνεύματος,
3603 4746 3774 4800 αῖτιον

2201 4840 2278 4902 δέ,
2313 4840 2385 4902 ὡς
2421 4839 2486 4892 ἂν
2539 4838 2770 4909 Γραικοὶ
2806 4842 2985 4908 φαῖεν,
3035 4839 3191 4892 αὐτοί
3230 4855 3388 4906 φασι,
3424 4839 3519 4891 καὶ
3568 4839 3632 4890 ἐκ
3684 4836 3778 4890 τοῦ

2204 4926 2335 4980 Υίοῦ
2373 4928 2433 4980 τό
2467 4930 2688 4996 Πνεῦμα
2719 4928 2780 4979 τὸ
2811 4927 3152 4998 ύπαρκτικόν
3193 4923 3333 4980 εῖναι
3363 4928 3396 4997 ἢ
3428 4927 3490 4978 τὸ
3530 4924 3776 4994 ὑφεστὼς

2199 5017 2338 5072 εἶναι
2372 5019 2538 5090 ἔχειν,
2588 5021 2636 5072 εἰ
2669 5020 2764 5074 καὶ
2806 5020 2983 5074 ταῦτα
3034 5019 3462 5087 ἐπαγγέλλονται
3507 5015 3778 5082 ἐξιᾶσθαι,

2202 5111 2524 5179 σοφιστικῶς
2557 5115 2651 5163 καὶ
2681 5111 3158 5181 παρακρουόμενοι
3187 5109 3312 5174 τοὺς
3343 5107 3596 5163 ἐνοῦσθαι
3639 5123 3775 5176 προσ

2201 5203 2575 5272 θυμουμένους
2600 5203 2785 5266 αὐτοῖς
2812 5203 3020 5270 ἀλόγως
3037 5219 3095 5255 τε
3119 5203 3212 5256 καί
3231 5199 3565 5263 ἀνευλαϐῶς,
3592 5197 3781 5266 ῶσπερ

2199 5292 2264 5360 δὴ
2295 5294 2391 5346 καὶ
2427 5294 2554 5356 τοὺς
2587 5291 2850 5346 τάναντία
2883 5291 3091 5344 τούτων
3133 5291 3394 5359 λέγοντας
3428 5289 3784 5348 διδασκάλους

2200 5380 2282 5447 οἷς
2341 5387 2502 5456 ἡμεῖς
2550 5385 2874 5456 ἐρειδόμεθα
2936 5381 3378 5454 παρεξηγοῦνται
3429 5379 3783 5449 σοφιστικῶς,

2200 5477 2434 5546 πρᾶγμα
2463 5478 2597 5530 πᾶσι
2625 5480 2735 5538 τείς
2769 5476 2972 5544 ὁμοίως
3003 5475 3301 5529 πεπονθόσι
3331 5471 3745 5539 συνειθισμένον
3767 5483 3780 5499 ο

2198 5568 2356 5621 τοῦτο
2425 5570 2608 5621 τοίνυν
2672 5570 2864 5623 οὐδένα
2913 5568 3022 5622 τῶν
3083 5566 3208 5620 νοῦν
3263 5567 3497 5635 ἑχόντων
3566 5565 3662 5616 καὶ
3715 5561 3790 5614 εἰ·

2199 5662 2370 5713 δότων
2415 5661 2508 5712 καὶ
2550 5661 3031 5730 ἐκκλησιαστικσ.ῖς
3078 5657 3537 5727 ἐντεθραμμένων
3587 5653 3790 5722 δογμα-

2203 5753 2254 5804 σί
2279 5770 2334 5804 τε
2361 5755 2454 5805 καὶ
2495 5753 2818 5822 πράγμασιν
2838 5752 3210 5804 ἐπισπάσεται
3245 5749 3444 5819 βελτίω
3477 5747 3636 5813 δόξαν
3662 5743 3788 5813 περὶ

2201 5845 2380 5900 αὐτῶν
2413 5843 2584 5914 ἔχειν,
2617 5844 2648 5913 ἢ
2684 5844 2752 5914 ἢν
2785 5844 2834 5896 οἰ
2869 5842 3110 5912 Πατέρες
3147 5841 3302 5913 ἡμῶν
3331 5839 3460 5908 περὶ
3503 5835 3681 5891 αὐτῶν
3707 5833 3787 5888 δι-
