4104 6404
438 421 543 481 ἾᾸἿ

1411 434 1419 451 ι
1475 412 1580 476 DE
1622 388 2059 476 ADDITI‘ONE
2088 416 2193 474 AD
2228 408 2681 479 SYMBOLUM.

3613 414 3721 479 ’118

439 531 598 601 ήμεῖς
632 529 689 581 δὲ
737 526 977 592 ἔξω’το”ύ
1025 529 1298 602 συμϐόλου
1357 527 1516 582 τοῦτο
1572 525 1836 597 ποιοῦμεν
1868 567 1882 591 ,
1915 523 2024 578 οὐδ’
2052 530 2102 588 Δ
2132 527 2316 595 φικοῖς
2347 527 2573 599 χωρίοις
2621 526 2837 592 τούτοις
2882 528 3177 585 ἀπέδωκαν
3224 528 3327 600 τὴν
3358 530 3458 600 τῆς
3509 536 3558 584 α’
3592 545 3720 584 συν-

438 617 595 678 αὖτοὶ
642 621 805 678 τοῦτο
846 623 1135 688 ποιοῦντες
1169 623 1264 691 ἀφ’
1291 621 1523 684 ἑαυτῶν,
1553 619 1689 673 ἀλλά
1726 619 1855 681 τοὺς
1877 616 2024 671 διδα-

438 713 676 776 σκάλους
703 714 799 767 καὶ
824 715 1036 783 πάντας
1064 714 1261 777 αὐτοὺς
1284 711 1594 782 ἀληθινοὺς,
1615 709 1791 772 οὕτως
1814 706 2025 773 ἀξιοῦν-

436 824 532 868 τας
564 806 941 876 εὑρίσκοντες.
984 804 1096 858 Καὶ
1130 802 1265 858 διότι
1294 804 1413 866 ταῖς
1446 801 1579 872 παρ’
1618 800 1754 871 ήμῖν
1780 798 2028 854 ἀναπτύ-

441 900 588 963 ξεσιν
636 898 967 952 ἐπεϐάλοντο
1009 896 1262 967 φανερῶς
1291 934 1306 959 ,
1344 894 1431 948 διὰ
1462 893 1621 947 τοῦτο
1657 892 1757 960 τὴν
1786 893 2029 946 ἀνάπτυ-

443 991 526 1055 ξιν
557 990 744 1043 αὐτῶν
799 987 1308 1063 οὔτ’,ἐπῃνέσαμεν
1357 985 1470 1040 οὔτ’
1527 983 1877 1054 ἐπαινοῦμεν.
1910 982 2029 1037 Νῦν

438 1082 534 1138 οὖν
558 1082 906 1146 ύποτιθέντες
956 1082 1007 1135 οί
1057 1083 1298 1143 Λατῖνοι,
1345 1081 1427 1133 ὅτι
1476 1078 1709 1149 τὴντῶν
1740 1077 2029 1148 ἡμετέρων

442 1173 783 1228 διδασκάλων
824 1172 1126 1239 ἀνάπτυξιν
1158 1169 1499 1243 ἀκυροῦμεν,
1585 1168 1867 1231 τοσούτοις
1902 1170 2029 1222 ἐπι-

446 1265 713 1339 στεύομεν
744 1266 911 1329 ἔτεσι,
955 1265 1221 1334 τιθέμεθα
1254 1264 1311 1318 δέ
1362 1266 1429 1344 τῇ
1462 1262 1646 1318 αὐτῶν
1702 1260 2026 1326 ἀναπτύξει,

445 1358 591 1413 οὕτω
645 1358 814 1428 φασὶν
863 1358 1112 1411 ἐπαινεῖν
1142 1356 1245 1425 τὴν
1295 1356 1578 1428 ἡμετέραν
1623 1355 1833 1421 πίστιν,
1867 1355 1899 1425 ἢ
1934 1372 2028 1408 πι-

447 1451 661 1503 στεύειν
686 1450 879 1520 ῶσπερ
903 1449 1089 1518 ἡμεῖς.
1123 1448 1331 1503 τούτου
1358 1448 1418 1503 δέ
1450 1448 1513 1501 τὸ
1546 1448 1791 1502 ἐναντίον
1827 1445 2029 1518 μᾶλλόν

441 1542 562 1594 ἐστι
610 1543 708 1596 καὶ
747 1542 898 1595 δοκεῖ
952 1543 1067 1605 τοῖς
1106 1540 1288 1611 έχουσι
1345 1538 1498 1606 νοῦν,
1546 1540 1631 1594 δτι
1662 1538 2031 1610 πιστεύσομεν

439 1632 673 1696 ἐκείνοις
701 1633 906 1703 ὁμοίως
934 1631 1035 1701 τὴν
1062 1632 1347 1704 ἡμετέραν
1395 1631 1554 1698 δόξαν
1604 1630 2030 1696 ἀπολελοιπότες

438 1724 718 1792 καθάπαξ,
751 1726 813 1779 ού
843 1727 991 1780 τὸέκ
1025 1724 1241 1798 Πατρδς
1270 1723 1694 1794 ἐκπορεύεσθαι,
1730 1722 1891 1777 τοῦτο
1920 1725 2030 1793 γὰρ

438 1817 619 1872 κοινόν
647 1820 798 1872 ἐστιν
835 1820 1062 1890 ἀμφοῖν,
1094 1818 1232 1872 ἀλλὰ
1259 1818 1322 1872 τὺ
1350 1818 1452 1871 οὐκ
1480 1818 1543 1873 ἐκ
1584 1817 1678 1870 τοῦ
1708 1804 1837 1870 Υίοῦ
1860 1833 1876 1850 ο
1900 1815 2032 1886 περὶ

2128 618 2251 673 όδου
2283 618 2739 686 διδασκαλίαν,ἐν
2845 621 3133 692 προδήλως
3160 622 3349 693 σχεδὸν
3380 625 3444 676 ἐκ
3478 620 3576 676 τοῦ
3608 622 3721 676 Πα-

2130 713 2259 783 τρδς
2293 711 2459 783 μόνου
2487 712 2585 785 τὴν
2614 712 2851 785 ὕπαρξιν
2906 715 3053 785 ἔχειν
3105 714 3169 768 τὸ
3212 715 3440 785 Πνεῦμα
3470 715 3533 769 τὺ
3564 716 3724 781 ἅγιον

2131 805 2558 875 καταφαίνεται,
2608 803 2709 876 τὴν
2765 804 3074 871 ἀνάπτυξιν
3104 802 3202 876 τῆς
3251 808 3296 876 β’
3332 805 3554 862 συνόδου
3582 847 3599 875 ,
3627 807 3719 861 ὅτε

2130 899 2193 953 τδ
2220 899 2352 969 περὶ
2380 898 2477 952 τοῦ
2510 897 2832 971 Πνεύματος
2861 898 3128 969 ἐζήτηται
3162 897 3445 970 προύργου
3473 900 3571 955 καὶ
3597 900 3721 954 ίκα·

2134 991 2357 1045 νώτατα
2385 990 2673 1060 διωρίσθη,
2714 990 2838 1045 ὅσον
2868 1007 2929 1043 τε
2981 990 3064 1053 είς
3106 989 3206 1061 τὴν
3239 990 3431 1045 οὐσίαν
3461 992 3590 1062 ἥκει
3623 993 3721 1047 τοῦ

2135 1080 2475 1151 Πνεύματος,
2511 1081 2604 1135 καὶ
2636 1081 2763 1135 ὅσον
2796 1081 2878 1145 είς
2915 1081 3018 1151 τὴν
3046 1081 3143 1135 τοῦ
3184 1081 3314 1137 ’ὃθεν
3338 1082 3489 1139 ἐστὶν
3515 1085 3720 1148 αἰτίαν,

2133 1175 2230 1237 τὰς
2254 1174 2363 1228 τῶν
2388 1166 2567 1227 ἄλλων
2612 1174 2859 1229 συνόδων
2892 1174 3267 1242 ἐπικυρώσεις
3302 1176 3404 1247 τῆς
3436 1176 3721 1249 ἀληθείας,

2133 1265 2244 1318 τῶν
2289 1264 2577 1337 ἡμετέρων
2636 1265 2981 1321 διδασκάλων
3050 1266 3275 1321 πάντων
3324 1269 3425 1332 τάς
3470 1268 3725 1338 ἐναργεῖς

2133 1358 2463 1426 ἀποφάσεις,
2518 1358 2618 1413 καὶ
2674 1358 2813 1429 πρὸς
2869 1357 3087 1422 τούτοις
3139 1360 3338 1430 λόγους
3372 1360 3597 1423 ἱκανοὺς
3629 1364 3727 1416 καὶ

2140 1450 2423 1517 γενναίους
2478 1450 2543 1504 ἐκ
2584 1449 2692 1504 τῶν
2748 1451 2939 1522 ἀρχῶν
2996 1450 3452 1523 λαμϐανομένους
3494 1453 3596 1521 τῆς
3634 1456 3726 1507 πί.-
3782 1472 3789 1481 ·

2139 1559 2350 1609 στεωςο
2401 1543 2463 1597 οὐ
2512 1543 2725 1598 δίκαιον
2772 1544 2956 1599 τοίνυν
3006 1543 3183 1599 ταῦτα
3230 1546 3412 1600 πάντα
3461 1545 3726 1616 ἀφέντας,

2134 1636 2295 1701 δόξαν
2325 1636 2730 1708 προσήκασθαι,
2753 1636 2893 1707 μήτε
2920 1638 2987 1690 ἐκ
3008 1636 3120 1690 τῶν
3144 1638 3446 1692 κανονικῶν
3471 1637 3722 1708 γραφῶν,

2138 1729 2279 1798 μήτε
2308 1731 2373 1781 ἐκ
2401 1727 2513 1784 τῶν
2538 1727 2634 1781 τοῦ
2669 1728 2871 1799 χρόνου
2912 1728 3224 1799 πρεσϐείων
3250 1729 3350 1802 τὴν
3379 1731 3535 1800 ίσχὺν
3565 1732 3724 1802 ἔχου-

2136 1839 2260 1886 σαν,
2301 1822 2444 1890 μήτε
2496 1822 2562 1876 ἐκ
2612 1821 2722 1875 τῶν
2774 1821 2908 1891 παρ’
2951 1822 3085 1892 ἡμῖν
3134 1823 3472 1879 διδασκάλων
3505 1819 3584 1881 ὧν
3623 1828 3727 1886 τάς

440 1909 600 1964 τοῦτο
660 1911 772 1981 γὰρ
823 1882 1174 1981 διιστάμεθα.
1224 1909 1313 1965 ’Ἦ
1371 1909 1480 1965 ίδοῦ
1547 1907 1781 1980 λέγομεν
1839 1882 2028 1970 αὐτοῖς
2058 1882 2104 1942 Β
2135 1882 2603 1983 βίδλούςεχομεν,
2663 1913 2758 1965 καὶ
2816 1882 2928 1968 τῶν
2966 1882 3164 1982 φωνῶν
3217 1917 3528 1987 ἐπαΐομεν,
3581 1882 3724 1989 μήτε

440 2007 589 2073 ὅπως
613 2005 843 2075 νοοῦμεν
871 2004 936 2058 τὸ
973 2007 1039 2059 ἐκ
1063 2002 1159 2058 τοῦ
1200 2004 1415 2075 Πατρδς
1438 2004 1900 2075 ἐκπορευόμενον,
1931 2002 2029 2055 καὶ

442 2101 592 2162 ὅπως
630 2098 813 2152 ἐνόουν
857 2100 909 2153 οί
945 2101 1207 2173 ἡμέτεροι
1251 2101 1513 2169 πρόγονοι
1545 2098 1642 2151 καὶ
1684 2097 2024 2161 διδάσκαλοι,

440 2193 518 2260 ῶς
561 2193 663 2247 οὐκ
702 2194 780 2257 ,ἐκ
806 2190 904 2247 τοῦ
955 2192 1089 2246 Υίοῦ
1141 2191 1425 2263 δηλονότισ
1465 2191 1596 2261 περὶ
1624 2188 1786 2244 τοῦτο
1820 2192 1932 2260 γὰρ
1959 2185 2029 2261 ἦν

444 2288 577 2358 ήμῖν
605 2285 702 2340 καὶ
734 2285 991 2347 Λατίνοις
1017 2285 1052 2354 ή
1086 2281 1358 2354 σύμπασα
1393 2284 1566 2353 μάχη.

516 2379 581 2432 Et
631 2377 814 2432 τοίνυν
846 2377 1005 2446 φαῖεν
1030 2375 1125 2429 καὶ
1155 2375 1312 2427 αὐτοὶ
1337 2373 1485 2427 οὕτω
1519 2374 1824 2442 πιστεύειν,
1860 2379 2031 2445 σήμεα-

448 2486 542 2540 ρον
567 2469 755 2531 αὐτοῖς
784 2466 1079 2539 ἑνούμεθαο
1130 2466 1249 2519 ἀλλ’
1271 2468 1372 2520 οὐκ
1402 2466 1470 2522 ἀν
1494 2465 1638 2521 οὕτω
1682 2472 1862 2538 φαῖεν·
1897 2468 2028 2523 οὑκ-

446 2560 543 2614 οῦν
593 2565 642 2615 εί
690 2561 910 2628 λέγουσι
964 2557 1245 2612 πιστεύειν
1306 2558 1512 2627 ὁμοίως
1561 2560 1697 2629 ήμῖν
1761 2561 1892 2632 περὶ
1932 2562 2030 2615 τοῦ

453 2652 791 2723 Πνεύματος,
826 2651 1144 2721 σοφίζονται
1172 2656 1300 2718 τοὺς
1332 2652 1745 2723 ἁπλουστέρους
1789 2654 1887 2705 καὶ
1926 2666 2032 2706 πα-

451 2744 811 2816 ρασύρουσιν.
854 2744 915 2796 Εἰ
945 2744 1002 2797 δὲ
1031 2741 1206 2797 δεινὸν
1236 2744 1386 2797 δοκεῖ
1431 2741 1622 2806 αὐτοῖς
1662 2740 1724 2794 τὸ
1753 2743 1850 2796 καὶ
1882 2744 2032 2811 ἡμᾶς

450 2837 817 2897 ἀναπτύσσειν
840 2879 856 2903 ,
893 2837 1074 2891 καίτοι
1128 2838 1251 2907 μετ’
1281 2835 1568 2897 εὐσεϐείας
1606 2834 1769 2888 τοῦτο
1818 2834 2037 2888 ποιούν-

451 2947 582 2990 των,
623 2931 721 2984 καὶ
777 2929 877 2999 τῆς
934 2929 1122 3000 κοινῆς
1168 2927 1464 2998 ὁμολογίας
1503 2927 1757 2997 οὐδαμῶς
1790 2927 2034 2997 ἁπτομέ-

452 3040 579 3088 νων,
616 3022 851 3092 ἐχόντων
905 3021 963 3076 δὲ
1014 3020 1367 3091 παράδειγμα
1398 3021 1524 3083 τοὺς
1558 3018 1814 3091 πρώτους
1847 3020 2035 3074 τετολ-

456 3114 699 3184 μηκότας
749 3111 904 3177 αὐτὸ,
943 3113 1039 3166 καὶ
1078 3112 1155 3179 ὡς
1204 3111 1419 3181 ἀληθῶς
1465 3110 1559 3165 ὑπ’
1609 3109 1857 3180 ἀνάγκης
1906 3113 2036 3164 ἀνα-

2131 2003 2312 2074 λόγοις
2349 2005 2813 2076 μαρτυρουμένην
2838 2043 2857 2071 ,
2890 2008 2939 2059 εί
2974 2006 3050 2077 μὴ
3090 2011 3464 2075 σοφιστικοῖς,
3497 2010 3594 2063 καὶ
3620 2010 3723 2064 οὐκ

2133 2097 2199 2148 ἐκ
2229 2094 2341 2150 τῶν
2388 2095 2588 2150 κοινῶν
2636 2096 2825 2165 ἀρχῶν
2871 2095 3258 2167 ὡρμημένοις,
3316 2098 3433 2153 ἀλλ’
3464 2098 3528 2153 ἐκ
3558 2117 3723 2155 τινων

2131 2187 2227 2252 οὒς
2257 2187 2358 2241 οὐκ
2399 2185 2579 2257 ίσμεν,
2608 2186 2773 2242 πόθεν
2799 2187 2963 2243 είσίν.

2220 2279 2388 2334 Ἀλλά
2432 2282 2741 2349 ,φασινδτι
2780 2279 2925 2334 τοῦτ’
2955 2281 3323 2349 Αύγουστῖνος
3373 2288 3403 2339 ὁ
3444 2285 3719 2358 μακάριος

2133 2372 2306 2437 λέγει.
2352 2371 2495 2425 Ἀλλ’
2526 2373 2688 2444 ἡμεῖς
2720 2375 2803 2437 είς
2841 2374 2945 2445 τὴν
2985 2375 3318 2447 Ἐκκλησίαν
3349 2377 3716 2448 πιστεύομεν,

2132 2464 2201 2535 ἦν
2230 2466 2285 2517 αί
2315 2465 2605 2519 κανονικαὶ
2630 2465 2845 2535 γραφαὶ
2872 2467 3165 2521 συνιστῶσι
3192 2469 3288 2523 καὶ
3316 2469 3371 2523 αῖ
3401 2472 3583 2525 κοιναὶ
3609 2470 3721 2525 τῶν

2142 2554 2351 2607 πιστῶν
2385 2554 2596 2609 σύνοδοι
2627 2554 2728 2625 τὴν
2770 2557 3105 2626 Ἐκκλησίαν
3155 2560 3398 2630 Χριστοῦ
3448 2565 3722 2634 παριστά-

2134 2664 2349 2712 νουσαι,
2393 2650 2496 2701 οὐκ
2530 2649 2611 2711 είς
2654 2647 3049 2718 Αύγουστῖνον,
3087 2651 3189 2704 οὐκ
3217 2653 3298 2715 είς
3326 2655 3720 2725 Δαμασκηνὸν,

2135 2737 2247 2791 οὐδῖ
2273 2737 2420 2806 αὐτῷ
2453 2735 2532 2808 τῷ
2558 2739 2913 2810 Δαμασκηνῷ
2953 2742 3337 2813 προσέσχομεν
3365 2743 3433 2798 ἂν
3463 2746 3520 2801 ἐν
3548 2748 3723 2827 τούτῳ

2133 2827 2215 2899 τῷ
2263 2832 2444 2899 μέρει,
2493 2831 2542 2884 εί
2591 2834 2667 2899 μὴ
2707 2832 2806 2903 τῆς
2871 2834 3059 2904 κοινῆς
3105 2837 3285 2905 εῖχετο
3320 2836 3500 2908 δόξης,
3531 2838 3725 2911 ῶσπερ

2138 2924 2197 2974 ἐν
2220 2925 2334 2986 τοῖς
2360 2924 2541 2988 ἄλλοις
2566 2924 2775 2980 ἅπασιν
2799 2926 3005 2998 ἔχεται.

2156 3087 2163 3098 ⁸
2223 3014 2366 3067 Ἀλλ’
2394 3014 2506 3068 οὐδ’
2538 3015 2755 3071 εύθυνεῖ
2803 3016 3018 3080 δίκαιος
3066 3017 3144 3074 ὣν
3178 3021 3328 3089 ἡμᾶς
3368 3023 3398 3075 ὁ
3434 3020 3590 3085 Θεὸς,
3623 3021 3724 3093 τὴν

2138 3110 2325 3178 κοινὴν
2378 3110 2471 3163 καῖ
2513 3108 2950 3182 ῶμολογημένην
3001 3111 3062 3169 οὐ
3115 3111 3480 3183 βουλομένους
3535 3114 3724 3169 πίστιν

452 3208 825 3273 πτυσσόντων,
854 3206 1008 3261 αὐτοί
1032 3223 1090 3261 τε
1127 3204 1493 3261 παυέσθωσαν
1527 3204 1924 3272 ἀναπτύσσειν,
1940 3206 2035 3259 καὶ
2060 3229 2106 3290 c
2145 3203 2364 3269 ἀφεῖναι
2396 3203 2495 3256 καὶ
2541 3203 2736 3274 γνώμῃ
2778 3204 2925 3264 τινὸς
2966 3205 3390 3276 προστεθεῖσθαι
3431 3206 3544 3262 τῶν
3571 3208 3721 3264 διδα-

451 3302 613 3372 ἡμεῖς
660 3300 858 3372 σχολὴν
911 3302 1034 3364 ταῖς
1073 3290 1423 3366 ’ἀναπτύξεσι
1455 3297 1706 3368 δώσομεν
1742 3298 1912 3353 ἕνεκα
1937 3297 2032 3352 τοῦ
2144 3294 2361 3350 σκάλων
2413 3296 2625 3368 χωρὶς,
2662 3299 2713 3351 εἰ
2746 3298 2842 3352 καὶ
2897 3298 2991 3353 διὰ
3040 3298 3202 3355 τοῦτο
3260 3300 3722 3373 κολασθησόμεθα

457 3394 554 3462 τῆς
589 3393 817 3465 ἀγάπης
851 3391 1042 3454 καλοῦ.
1075 3394 1183 3446 Καὶ
1208 3391 1269 3444 τὸ
1300 3393 1396 3460 μὲν
1420 3391 1645 3462 πότερον
1683 3391 1856 3453 αἴτιός
1886 3393 2035 3445 ἐστιν

453 3491 482 3542 ὁ
505 3488 631 3551 Υἱὸς
660 3487 757 3540 τοῦ
803 3486 1124 3556 Πνεύματος
1158 3484 1193 3555 ἢ
1232 3484 1330 3555 μὴ,
1358 3484 1391 3556 ἢ
1438 3481 1712 3555 ζητεῖσθω
1748 3485 1901 3554 παρὰ
1925 3482 2035 3534 τῶν

456 3579 802 3652 βουλομένων
853 3577 1123 3643 ἐνδόξως,
1187 3577 1222 3646 ἦ
1297 3574 1546 3644 σιγάσθω
1600 3574 1755 3644 παρά
1813 3577 2034 3629 πάντων

454 3674 680 3749 ὁμοίως.
719 3674 787 3726 Ἥ
817 3672 862 3725 δ’
892 3670 1195 3741 Ἐκκλησία
1243 3671 1398 3739 κοινῇ
1446 3668 1538 3722 τὸν
1569 3667 1700 3722 Υίδν
1739 3666 1905 3720 αὐτὸν
1938 3666 2031 3720 τοῦ

453 3767 588 3822 Θεοῦ
622 3764 952 3835 διαλλακτὴν
998 3762 1255 3817 ποιείσθω
1304 3761 1510 3830 ταύτης
1542 3761 1646 3831 τῆς
1680 3758 1858 3831 ἔριδος
1885 3800 1900 3825 ,
1930 3760 2034 3810 οὐκ

454 3860 657 3931 ἔχουσά
697 3875 752 3911 τι
795 3858 906 3912 τῶν
951 3857 1163 3911 ἐκείνου
1204 3853 1424 3924 φωνῶν,
1458 3852 1492 3923 ἢ
1533 3852 1943 3921 ἀσφαλέστερον
1996 3850 2031 3919 ἦ

456 3931 767 4024 ἱερώτερον.
798 3951 1016 4006 Μᾶλλον
1048 3950 1105 4003 δὲ
1142 3948 1241 4018 τῆς
1286 3945 1613 4017 Ἐκκλησίας
1646 3945 1808 3999 τοῦτο
1852 3946 2033 4007 καλῶς

456 4046 824 4118 πεποιηκυίας
859 4045 918 4098 ἐν
945 4044 1012 4114 τῇ
1044 4040 1277 4111 δευτέρᾳ
1320 4039 1526 4109 συνόδῳ
1568 4038 1663 4092 καὶ
1700 4037 1861 4108 ἡμῶν
1895 4037 2034 4108 αὐτῇ

456 4134 833 4210 πειθομένων,
866 4134 965 4197 καὶ
991 4135 1093 4204 τὴν
1131 4132 1465 4204 Ἐκκλησίαν
1497 4131 1597 4201 τῆς
1641 4131 1861 4200 Ῥώμης
1891 4130 2036 4183 οὓτω

456 4237 721 4304 πράττειν
770 4231 963 4305 ἐχρῆν,
1019 4229 1114 4285 καὶ
1170 4226 1314 4279 οὕτω
1355 4243 1417 4295 γε
1473 4225 1697 4295 πράξει,
1734 4223 2034 4292 βουλομένη

457 4331 722 4401 πράττειν
755 4328 824 4379 τὰ
853 4325 1065 4383 δέοντα.

528 4417 876 4490 Πανταχόθεν
905 4415 1001 4469 οὖν
1044 4413 1254 4477 αἰτίους
1307 4415 1408 4483 τῆς
1462 4411 1643 4483 μάχης
1679 4410 1881 4478 ταύτης
1909 4411 2036 4474 τοὺς

456 4514 720 4577 Λατίνους
751 4511 995 4582 δρῶντες
1026 4508 1122 4565 νῦν
1168 4524 1229 4561 τε
1281 4505 1377 4559 καὶ
1402 4506 1691 4576 πρότερον,
1724 4503 1844 4573 μεθ’
1877 4503 2036 4574 ήμῶν

2136 3390 2336 3461 δήπου,
2366 3390 2450 3446 δτι
2485 3391 2560 3462 μὴ
2611 3391 2957 3463 προάίκομιν
3022 3392 3312 3467 Γρηγορίῳ
3351 3396 3430 3467 τῷ
3474 3397 3724 3470 Nasum,

2136 3486 2289 3548 τέλος
2343 3484 2622 3549 κολάσεως
2686 3486 3079 3556 δογματίζοντι
3110 3530 3126 3551 ,
3165 3490 3528 3563 ἀξιωματικῷ
3582 3495 3724 3557 ὄντι,

2138 3576 2236 3631 καὶ
2271 3575 2447 3631 ταῦτα
2505 3579 2603 3632 καὶ
2651 3578 2759 3633 ύπδ
2811 3579 3047 3634 συνόδων
3098 3586 3538 3655 μαρτυρουμένῳ
3561 3600 3578 3618 ο
3630 3591 3726 3642 καὶ

2136 3667 2295 3731 δίκας
2338 3666 2497 3730 αὖθις
2550 3666 2865 3738 ύφέξομεν,
2897 3668 2981 3723 δτι
3035 3672 3111 3743 μὴ
3159 3674 3581 3746 παραιτούμεθα
3625 3678 3726 3744 μὲν

2136 3757 2237 3822 τάς
2272 3756 2527 3821 συνόδους
2567 3757 2663 3812 καὶ
2706 3760 2808 3829 τὰς
2836 3759 3084 3831 Γραφάς,
3127 3765 3475 3835 προσέχομεν
3507 3766 3567 3820 δὲ
3597 3768 3726 3822 Διοο

2138 3850 2307 3921 νυσίῳ
2336 3849 2418 3920 τῷ
2449 3849 2861 3922 Ἀλεξανδρείας
2884 3853 2977 3907 καὶ
3007 3853 3273 3925 μάρτυρι,
3299 3856 3397 3910 καὶ
3430 3856 3724 3931 Γρηγορίῳ

2137 3944 2217 4013 τῷ
2272 3943 2714 4014 Νεοκαισαρείας
2762 3946 2843 4019 τῷ
2904 3948 3128 4019 μεγάλῳ
3172 3948 3586 4025 θαυματουργῷ
3622 3956 3722 4009 καὶ

2138 4037 2450 4108 διδασκάλῳ
2498 4038 2601 4108 τῆς
2656 4039 2943 4107 πίστεως,
2972 4041 3174 4105 οἵτινες
3212 4044 3441 4114 ὴχοῦσιν
3492 4049 3554 4100 ἐν
3606 4050 3723 4112 τοῖς

2145 4132 2300 4196 ἰδίοις
2357 4132 2540 4203 λόγοις
2588 4135 2844 4204 αίρετικά
2868 4151 2994 4190 τινα
3021 4136 3269 4206 δόγματα
3309 4139 3415 4193 ύπδ
3462 4141 3566 4210 τῆς
3611 4143 3723 4197 τῶν

2139 4223 2316 4289 λόγων
2344 4223 2617 4297 ἀνάγκης,
2666 4224 2853 4289 καθὼς
2897 4224 3101 4291 αὑτοὺς
3143 4228 3173 4280 ό
3206 4226 3391 4297 μέγας
3417 4228 3719 4295 ἑξαιτιᾶται

2142 4313 2443 4377 Βασίλειος.

2213 4409 2322 4461 Καὶ
2371 4407 2741 4476 Αύγουστῖνος
2775 4410 2833 4464 δέ
2886 4409 3050 4475 αὐτὸς
3087 4411 3221 4481 ἡμῖν
3251 4412 3281 4466 ὁ
3316 4413 3590 4483 μακάριος
3618 4415 3712 4467 τδν

2142 4501 2390 4555 τοιοῦτον
2422 4501 2763 4573 παραδίδωσι
2801 4503 3006 4557 κανόνα
3059 4504 3269 4573 σαφῶς,
3308 4507 3408 4560 καὶ
3440 4505 3591 4561 οὕτω
3631 4526 3724 4563 κε-

454 4608 509 4658 δὲ
562 4605 659 4658 καὶ
862 4601 1151 4673 ἡμετέρων
1195 4597 1456 4668 Πατέρων
1503 4594 1708 4656 είδῦτες
1744 4593 1923 4647 πάντα
1963 4593 2034 4647 τὰ
2067 4576 2383 4664 Ι)χρῆσθαι
2431 4593 2808 4662 παραγγέλλει
2868 4597 2983 4659 τοῖς
3032 4596 3202 4651 αὑτοῦ
3243 4598 3343 4652 καὶ
3385 4598 3497 4654 τῶν
3548 4599 3725 4655 ἀλλων

453 4697 659 4760 δίκαια,
692 4694 912 4755 πολλαῖς
962 4690 1143 4743 ἐλπίσι
1196 4688 1465 4757 σύνεσμεν
1504 4683 1598 4737 τοῦ
1634 4684 1841 4754 μηδένα
1877 4684 2037 4749 λόγον

455 4789 715 4858 ὀφλήσειν
747 4787 839 4840 ἐπὶ
896 4784 991 4837 τοῦ
1047 4782 1333 4853 μέλλοντος
1372 4780 1616 4849 βήματος
1649 4778 1791 4846 ὑπὲρ
1832 4778 1924 4829 τοῦ
1960 4776 2036 4848 μὴ

461 4878 751 4951 βούλεσθαι
796 4880 909 4940 τοῖς
955 4876 1152 4937 αἰτίοις
1198 4872 1293 4925 τοῦ
1339 4872 1516 4924 δεινοῦ
1568 4872 1874 4923 κοινωνεῖν.
1907 4867 2038 4922 Εἶτα

459 4972 690 5034 κανόνας
722 4971 920 5039 ἐχομεν
951 4969 1015 5020 ἐκ
1044 4966 1153 5019 τῶν
1183 4965 1354 5032 ἁγίων
1398 4966 1493 5017 καὶ
1530 4962 1760 5024 τύπους,
1807 4964 1925 5025 πῶς
1958 4965 2042 5016 δεῖ

457 5063 750 5135 προσέχειν
781 5062 847 5133 τῇ
888 5059 1071 5113 πίστει
1116 5054 1211 5118 οὒς
1245 5056 1345 5108 οὐκ
1396 5055 1544 5107 ἔστιν
1575 5056 1722 5107 ὅσιον
1763 5053 2038 5122 ὑπερϐαί-

461 5176 594 5211 νειν.
626 5153 766 5211 Κατ’
796 5152 1041 5214 ἐκείνους
1086 5148 1218 5220 γοῦν
1264 5148 1392 5212 τοὺς
1430 5148 1658 5210 κανόνας
1692 5147 2039 5200 ἐπικίνδυνον

460 5252 596 5321 ημῖν
638 5248 788 5302 δοκεῖ
831 5245 927 5299 καὶ
958 5242 1167 5313 πλάνης
1200 5242 1424 5313 μεστὸν,
1460 5240 1701 5310 ἀφέντας
1738 5240 1838 5309 τὴν
1872 5241 2042 5306 εὐαγ-

458 5339 686 5411 γελικην
719 5333 1090 5398 διδασκαλίαν,
1140 5335 1197 5385 ἐν
1249 5325 1284 5403 ᾗ
1337 5330 1556 5398 λέγεται
1605 5329 1668 5383 τὸ
1720 5329 1947 5398 Πνεῦμα
1978 5333 2043 5382 ὲκ

457 5434 551 5489 τοῦ
594 5430 807 5502 Πατρὶς
841 5424 1262 5502 ἐκπορεύεσθαι,
1300 5422 1528 5491 Πνεῦμα
1557 5422 1612 5476 δὲ
1647 5424 1744 5493 τῆς
1777 5422 2041 5495 ἀληθείας

459 5529 556 5580 καὶ
604 5526 737 5596 παρ’
791 5522 960 5577 αὐτοῦ
1018 5518 1343 5591 πέμπεσθαι
1372 5557 1387 5582 ,
1422 5521 1516 5570 καὶ
1545 5516 1641 5586 τὴν
1673 5515 2042 5585 ἀποστολικὴν

457 5620 660 5686 ὁμοίως
709 5613 1063 5676 διδασκαλίαν
1108 5607 1233 5685 ἐνῇ
1287 5611 1507 5676 λέγεται
1557 5610 1619 5662 τὸ
1678 5608 1902 5678 Πνεῦμα
1944 5607 2040 5659 τοῦ

457 5711 593 5764 θεοῦ
634 5712 737 5781 μὲν
767 5705 912 5763 εἶναι
961 5708 1059 5763 καὶ
1087 5707 1150 5759 ἐκ
1202 5703 1295 5758 τοῦ
1332 5701 1497 5768 Θεοῦ,
1528 5700 1622 5755 τοῦ
1653 5700 1710 5753 δέ
1739 5701 1871 5753 Υἱοῦ
1900 5695 2041 5751 εἶναι

460 5806 624 5874 μόνον
658 5802 905 5872 λέγεται,
940 5801 1040 5854 οὐκ
1085 5800 1149 5851 ἐκ
1182 5798 1279 5853 τιῦ
1313 5796 1469 5860 Υίοῦ,
1498 5795 1597 5858 τὰς
1638 5794 1746 5849 τῶν
1778 5793 2039 5862 Πατέρων

456 5896 767 5969 ἐξηγήσεις,
802 5893 869 5957 ἃς
916 5892 1169 5963 ἐπίτηδες
1195 5891 1289 5944 καὶ
1314 5888 1708 5958 ἀπεξεσμένως
1746 5890 1860 5951 τοῖς
1888 5903 2034 5958 γρα-

2142 4684 2380 4736 ὲκάστου
2434 4683 2778 4738 διδασκάλων
2855 4689 3311 4759 συγγράμμασιν.
3386 4691 3513 4746 Οὐδ’
3570 4675 3723 4764 αύτῷ

2141 4775 2275 4844 γοῦν
2329 4778 2638 4847 φανείημεν
2670 4778 3025 4851 Δύγουστίνῳ
3063 4780 3253 4850 βαρεῖς
3283 4785 3378 4839 ἐπὶ
3412 4784 3510 4839 τοῦ
3556 4790 3724 4857 χοροῦ

2142 4869 2254 4923 τῶν
2283 4870 2457 4937 ἁγίων
2485 4870 2543 4923 ἐν
2575 4871 2772 4943 ἐκείνῳ
2805 4872 2884 4941 τῷ
2919 4871 3041 4943 βίῳ,
3075 4876 3236 4945 εῖπερ
3274 4877 3334 4931 δν
3365 4878 3499 4947 ἡμῖν
3525 4879 3726 4935 δέδωκε

2144 4963 2350 5015 κανόνα
2382 4962 2684 5034 τηροῦμεν,
2713 4966 2807 5017 καὶ
2836 4964 2996 5019 ταῦθ’
3025 4966 3233 5021 ἕκαστα
3266 4969 3516 5040 δείξομεν
3548 4972 3725 5037 οὕτως

2144 5052 2339 5126 ἔχοντα
2372 5054 2446 5123 μὴ
2486 5053 2651 5123 μόνον
2696 5056 2812 5118 τοῖς
2868 5054 2931 5120 ἐξ
2980 5057 3138 5126 ημῶν
3191 5060 3551 5129 ἀμφιϐόλοις.
3588 5066 3727 5119 ἀλλὰ

2146 5145 2243 5195 καὶ
2271 5143 2530 5207 Λατίνοις
2568 5146 2757 5209 αὐτοῖς
2797 5149 2897 5199 καὶ
2931 5148 3101 5200 πᾶσιν
3156 5149 3489 5220 ἀνθρώποις,
3540 5156 3726 5212 καίτοι

2146 5233 2361 5286 καὶτὸν
2400 5233 2771 5301 Δύγουστῖνον
2796 5235 2962 5288 αὐτὸν
3006 5237 3246 5307 συνῳδὸν
3287 5242 3402 5303 τοῖς
3434 5244 3725 5315 ήμετέροις

2142 5325 2489 5388 διδασκάλοις
2541 5321 2685 5381 εἶναι
2737 5327 3111 5398 πεπείσμεθα.
3169 5331 3236 5384 Ἀ
3275 5332 3332 5386 δέ
3369 5334 3483 5390 τῶν
3512 5336 3725 5392 ἐκείνου

2148 5418 2336 5488 ῥητῶν
2383 5419 2767 5489 ἐκγράφοντες
2806 5421 2855 5473 οι
2885 5421 3113 5475 Λατῖνοι
3147 5422 3495 5481 δεικνύουσιν
3527 5468 3543 5493 ,
3572 5434 3726 5487 αὐτοὶ

2146 5513 2240 5564 καὶ
2270 5510 2666 5582 ἑκγράφουσιν,
2722 5512 2798 5575 ὥς
2845 5530 3005 5583 φασι,
3048 5516 3146 5570 καὶ
3205 5518 3605 5588 ἑρμηνεύουσιν
3649 5525 3729 5587 ῶς

2146 5604 2303 5672 σφίσι
2349 5602 2644 5672 συμφέρει,
2685 5604 2785 5657 καὶ⁵
2839 5605 3165 5675 ἐξηγοῦνται
3195 5609 3380 5672 καθὼς
3412 5612 3568 5669 αὐτοὶ
3604 5614 3731 5685 βού-

2143 5695 2353 5750 λονται.
2389 5695 2487 5760 Τίς
2519 5693 2614 5749 οὖν
2636 5697 2767 5765 ήμῖν
2797 5697 2953 5752 ἔσται
2975 5701 3114 5770 πρὸς
3141 5701 3237 5755 τὸν
3265 5702 3400 5757 Θεὸν
3431 5706 3726 5776 ἀπολογία,

2145 5791 2214 5842 τὰ
2254 5789 2356 5857 μὲν
2404 5791 2560 5842 κοινά
2608 5792 2704 5843 καὶ
2739 5793 2946 5862 συνήθη
2983 5799 3445 5864 παραιτουμένοις
3481 5840 3493 5861 ,
3537 5800 3621 5853 ὅτι
3673 5802 3732 5856 δὲ

2144 5887 2373 5953 Λατῖνος
2397 5886 2532 5957 ἡμῖν
2555 5887 2584 5940 ὁ
2610 5887 2759 5944 δεῖνα
2792 5891 3096 5961 προσφέρει
3150 5890 3243 5946 τοῦ
3274 5894 3543 5965 μακαρίου
3570 5896 3731 5963 ῥῆσιν
