4104 6446
448 435 552 494 ἿὶἾ

1423 449 1428 462 ι
1485 427 1589 489 DE
1631 403 2069 490 ADDlTI‘ONE
2098 430 2202 488 Al)
2238 423 2691 492 S'YMBOLUM.

3623 429 3730 493 718

450 547 607 615 ἡμεῖς
642 544 697 596 δὲ
747 541 986 606 ἔξωςοῦ
1035 544 1308 615 συμϐόλου
1368 541 1525 595 τοῦτο
1582 539 1845 611 ποιοῦμεν
1878 581 1891 604 ,
1925 538 2034 592 οὐδ’
2062 544 2111 602 Α
2143 543 2325 609 φικοῖς
2357 541 2582 613 χωρίοις
2632 541 2846 606 τούτοις
2893 542 3186 598 ἀπέδωκαν
3234 543 3336 613 τὴν
3369 544 3467 614 τῆς
3519 550 3568 597 α’
3602 561 3729 598 συν-

449 631 605 692 αύτοὶ
652 636 816 692 τοῦτο
857 637 1146 701 ποιοῦντες
1180 637 1275 704 ἀφ’
1303 635 1532 698 έαυτῶν,
1562 633 1698 687 ἀλλά
1736 633 1865 695 τοὺς
1887 631 2034 684 διδαι

449 729 686 790 σκάλους
713 729 810 781 καὶ
836 729 1047 792 πάντας
1076 729 1272 790 αὐτοὺς
1296 727 1604 795 ἀληθινοὺς,
1625 724 1799 786 οὕτως
1824 721 2034 787 ἀξιοῦν-

447 839 542 882 τας
575 821 953 890 εὕρίσκοντες.
996 819 1107 872 Καὶ
1142 817 1275 870 διότι
1304 819 1421 879 ταῖς
1456 815 1588 886 παρ’
1627 815 1764 884 ἡμῖν
1790 813 2037 868 ἀναπτύ-

451 915 600 977 ξεσιν
647 913 978 965 ἐπεϐάλοντο
1020 910 1271 980 φανερῶς
1301 949 1315 972 ,
1355 909 1441 961 διά
1471 907 1630 961 τοῦτο
1667 906 1766 974 τὴν
1797 908 2038 961 ἀνάπτυ-

455 1006 537 1069 ξιν
568 1005 756 1057 αὐτῶν
811 1002 928 1056 οὔτ’
973 1003 1318 1075 ἐπῃνέσαμεν
1367 1000 1479 1053 οὔτ’
1536 998 1886 1068 ἐπαινοῦμεν.
1921 997 2038 1051 Νῦν

450 1097 544 1152 οῦν
571 1096 918 1160 ῦποτιθέντες
967 1096 1017 1148 οἰ
1067 1097 1307 1157 Λατῖνοι,
1355 1095 1437 1147 δτι
1485 1093 1718 1162 τὴντῶν
1750 1092 2038 1162 ἡμετέρων

454 1188 796 1242 διδασκάλων
835 1187 1134 1254 ἀνάπτυξιν
1168 1183 1509 1257 ἀκυροῦμεν,
1595 1183 1876 1245 τοσούτοις
1912 1184 2039 1236 ἐπι-

459 1280 725 1352 στεύομεν
756 1280 923 1342 ἔτεσι,
966 1279 1230 1348 τιθέμεθα
1264 1279 1321 1332 δὲ
1373 1281 1439 1358 τῇ
1473 1277 1654 1332 αὐτῶν
1712 1275 2036 1340 ἀναπτύξει,

458 1374 603 1427 οὓτω
657 1372 824 1441 φασιν
874 1373 1121 1425 ἐπαινεῖν
1151 1371 1254 1439 τὴν
1305 1371 1587 1442 ἡμετέραν
1633 1370 1842 1435 πίστιν,
1876 1371 1909 1438 ἢ
1945 1387 2037 1422 πι-

459 1465 672 1517 στεύειν
697 1464 886 1534 ῶσπερ
915 1464 1098 1532 ἡμεῖς.
1133 1463 1340 1516 ΙῙόύτου
1368 1463 1428 1517 δέ
1461 1463 1522 1515 τὸ
1555 1463 1800 1516 ἐναντίον
1837 1461 2038 1532 μᾶλλόν

452 1556 572 1608 ἐστι
621 1558 717 1610 καὶ
757 1556 906 1609 δοκεῖ
962 1558 1075 1619 τοῖς
1116 1555 1296 1625 έχουσι
1355 1553 1507 1621 νοῦν,
1557 1555 1640 1608 ὃτι
1673 1554 2040 1624 πιστεύσομεν

449 1646 682 1710 ἐκείνοις
711 1648 914 1716 ὁμοίως
944 1647 1044 1716 τήν
1072 1647 1356 1718 ἡμετέραν
1405 1646 1563 1712 δόξαν
1614 1645 2038 1710 ἀπολελοιπότες

448 1739 726 1809 καθάπαξ,
761 1741 822 1794 ού
853 1743 914 1794 τὸ
937 1743 1002 1794 ἐκ
1036 1740 1250 1812 Πατρὸς
1280 1739 1703 1808 ἐκπορεύεσθαι,
1740 1737 1900 1791 τοῦτο
1929 1740 2039 1808 γάρ

447 1833 628 1886 κοινόν
657 1835 808 1886 ἐστιν
845 1835 1072 1904 ἀμφοῖν,
1105 1833 1242 1886 ἀλλὰ
1270 1833 1331 1886 τὸ
1360 1833 1462 1886 οὐκ
1490 1834 1552 1886 ἐκ
1593 1832 1688 1885 τοῦ
1718 1831 1846 1884 Υίοῦ
1870 1849 1885 1864 ο
1909 1830 2041 1900 περὶ

2138 633 2260 687 όδου
2293 633 2749 700 διδασκαλίαν,ἐν
2856 635 3143 706 προδήλως
3170 637 3358 706 σχεδὸν
3391 639 3454 689 ἐκ
3489 635 3585 690 τοῦ
3619 637 3730 690 Πα-

2140 728 2268 796 τρδς
2304 726 2469 798 μόνου
2498 727 2594 798 τὴν
2625 727 2860 799 ὓπαρξιν
2916 729 3062 798 ἔχειν
3115 728 3178 782 τὸ
3222 729 3450 798 Πνεῦμα
3481 729 3543 783 τὸ
3573 731 3733 795 ἅγιον

2141 820 2568 888 καταφαίνεται,
2619 817 2718 890 τὴν
2776 819 3083 885 ἀνάπτυξιν
3113 820 3210 890 τῆς
3261 822 3305 890 β’
3341 820 3564 876 συνόδου
3593 862 3608 888 ,
3637 823 3728 874 ὅτε

2141 914 2202 968 τὸ
2230 914 2361 984 περὶ
2391 913 2487 966 τοῦ
2521 913 2842 984 ΙΙνεύματος
2871 913 3137 984 ἐζήτηται
3172 912 3454 984 προῦργου
3483 914 3580 968 καὶ
3606 914 3731 968 ἰκαο

2143 1006 2366 1060 νὼτατα
2394 1005 2682 1075 διωρίσθη,
2725 1005 2848 1059 ὅσον
2878 1022 2938 1056 τε
2991 1006 3072 1067 είς
3117 1005 3215 1076 τὴν
3249 1005 3441 1060 οὐσίαν
3471 1007 3599 1077 ’ήκει
3633 1007 3731 1061 τοῦ

2145 1095 2485 1164 Πνεύματος,
2521 1097 2612 1148 καὶ
2647 1096 2772 1148 ὅσον
2806 1095 2888 1160 εἰς
2925 1095 3028 1164 τὴν
3057 1096 3152 1149 τοῦ
3194 1096 3323 1151 ’ὃθεν
3348 1098 3498 1153 ἐστὶν
3525 1100 3730 1162 αἰτίαν,

2143 1189 2240 1251 τὰς
2264 1189 2373 1242 τῶν
2398 1188 2576 1242 ἄλλων
2623 1189 2868 1243 συνόδων
2903 1189 3275 1257 ἐπικυρώσεις
3311 1191 3413 1261 τῆς
3446 1193 3732 1264 ἀληθείας,

2143 1280 2253 1332 τῶν
2299 1279 2586 1351 ἡμετέρων
2646 1280 2990 1335 διδασκάλων
3061 1281 3284 1335 πάντων
3334 1285 3435 1346 τὰς
3480 1284 3734 1353 ἐναργεῖς

2143 1373 2472 1440 ἀποφάσεις,
2529 1373 2627 1427 καὶ
2685 1373 2822 1443 πρὸς
2879 1372 3096 1436 τούτοις
3149 1375 3346 1444 λόγους
3382 1376 3606 1437 ἱκανοὺς
3639 1379 3737 1430 καὶ

2150 1466 2432 1532 γενναίους
2489 1465 2552 1519 ἐκ
2594 1465 2702 1518 τῶν
2759 1466 2948 1536 ἀρχῶν
3006 1465 3462 1536 λαμϐανομένους
3504 1469 3605 1536 τῆς
3644 1472 3736 1521 πί-
3793 1489 3799 1496 ·

2149 1575 2360 1623 στεως·
2411 1558 2472 1612 οὐ
2522 1558 2734 1613 δίκαιον
2781 1559 2966 1613 τοίνυν
3017 1559 3192 1612 ταῦτα
3240 1560 3422 1614 πάντα
3471 1560 3736 1630 ἀφέντας,

2144 1651 2304 1715 δόξαν
2335 1651 2739 1722 προσήκασθαι,
2763 1651 2902 1722 μήτε
2931 1653 2996 1705 ἐκ
3018 1651 3130 1705 τῶν
3153 1653 3456 1706 κανονικῶν
3481 1652 3732 1722 γραφῶν,

2147 1745 2288 1812 μήτε
2319 1746 2383 1796 ἐκ
2412 1742 2523 1798 τῶν
2548 1742 2643 1796 τοῦ
2679 1743 2880 1812 χρόνου
2922 1744 3234 1814 πρεσϐείων
3259 1742 3360 1816 τὴν
3389 1746 3544 1815 ἰσχὺν
3575 1747 3734 1816 ἔχουο

2146 1853 2270 1900 σαν,
2310 1837 2452 1905 μήτε
2506 1838 2572 1890 ἐκ
2622 1836 2732 1890 τῶν
2783 1836 2917 1906 παρ’
2961 1837 3095 1906 ἡμῖν
3144 1837 3482 1894 διδασκάλων
3515 1835 3593 1894 ὧν
3633 1842 3737 1900 τὰς

451 1925 609 1978 τοῦτο
670 1926 781 1995 γάρ
833 1897 1183 1994 διιστάμεθα.
1250 1924 1322 1979 Ἢ
1381 1924 1490 1978 ἰδοῦ
1557 1923 1790 1994 λέγομεν
1849 1897 2037 1984 αὐτοῖς
2068 1897 2113 1956 Β
2145 1897 2612 1998 βίϐλούςέχομεν,
2672 1929 2766 1980 καὶ
2826 1897 2936 1982 τῶν
2976 1897 3174 1995 φωνῶν
3227 1932 3537 2001 ἐπαΐομεν,
3590 1897 3734 2004 μήτε

450 2021 598 2084 ὅπως
622 2019 852 2088 νοοῦμεν
881 2019 945 2072 τδ
984 2023 1048 2073 ἐκ
1073 2018 1168 2072 τοῦ
1210 2021 1423 2088 Πατρὸς
1448 2020 1910 2089 ἐκπορευόμενον,
1941 2017 2037 2070 καὶ

453 2116 602 2176 ὅπως
639 2113 823 2166 ἐνόουν
867 2115 918 2167 οἰ
955 2116 1217 2186 ἡμέτεροι
1261 2116 1521 2183 πρόγονοι
1555 2113 1651 2165 καὶ
1693 2113 2033 2176 διδάσκαλοι,

451 2208 528 2274 ὡς
571 2209 672 2262 οὐκ
724 2210 790 2262 ἐκ
817 2206 914 2261 τοῦ
966 2207 1098 2260 Υίοῦ
1151 2206 1434 2278 δηλονότι·
1475 2205 1606 2275 περὶ
1634 2204 1795 2258 τοῦτο
1830 2207 1941 2274 γὰρ
1969 2201 2038 2275 ἦν

454 2303 586 2372 ἡμῖν
615 2301 711 2354 καὶ
744 2300 1000 2362 Λατίνοις
1027 2301 1061 2368 ἡ
1097 2297 1367 2368 σύμπασα
1403 2299 1575 2368 μάχη.

527 2394 591 2446 Εἰ
641 2393 824 2446 τοίνυν
856 2392 1014 2460 φαῖεν
1040 2391 1134 2443 καλ⁵
1165 2390 1320 2442 αὐτοὶ
1347 2388 1494 2442 οὕτω
1529 2389 1832 2456 πιστεύειν,
1869 2395 2040 2459 σήμε-

459 2501 551 2554 ρον
577 2484 765 2545 αύτοῖς
795 2481 1088 2553 ἐνούμεθαο
1140 2481 1258 2533 ἀλλ’
1281 2484 1381 2534 οὐκ
1412 2482 1479 2536 ἂν
1503 2481 1646 2536 οὕτω
1691 2487 1872 2552 φαῖεν⁸
1907 2483 2036 2536 οὐκ-

457 2575 553 2629 οῦν
603 2579 651 2630 εἰ
700 2575 920 2643 λέγουσι
974 2572 1254 2627 πιστεύειν
1316 2574 1520 2642 ὁμοίως
1571 2576 1705 2644 ἡμῖν
1771 2576 1901 2646 περὶ⁸
1943 2577 2039 2629 τοῦ

463 2668 801 2736 Πνεύματος,
837 2667 1153 2736 σοφίζονται
1181 2671 1309 2732 τοὺς
1343 2667 1754 2738 ἁπλουστέρους
1798 2669 1896 2720 καὶ
1936 2680 2042 2720 πα-

462 2759 820 2830 ρασύρουσιν.
864 2759 924 2811 Εἰ
955 2759 1012 2811 δὲ
1041 2757 1215 2811 δεινὸν
1246 2759 1395 2811 δοκεῖ
1440 2757 1631 2822 αὐτοῖς
1671 2756 1733 2808 τὸ
1763 2758 1858 2810 καὶ
1891 2759 2040 2825 ἡμᾶς

460 2852 826 2906 ἀναπτύσσειν
851 2894 865 2917 ,
903 2853 1083 2904 καίτοι
1138 2853 1260 2921 μετ’
1291 2850 1576 2912 εὐσεϐείας
1616 2850 1778 2903 τοῦτο
1827 2849 2045 2902 ποιούν-

461 2963 592 3004 των.
633 2946 731 2998 καὶ
787 2945 886 3013 τῆς
943 2944 1131 3014 κοινῆς
1179 2943 1473 3012 ὁμολογίας
1513 2942 1766 3012 οὐδαμῶς
1799 2943 2043 3012 ἁπτομέ-

462 3055 588 3102 νων,
626 3037 860 3106 ἐχόντων
915 3037 972 3090 δέ
1024 3035 1376 3105 παράδειγμα
1407 3036 1533 3098 τοὺς
1567 3033 1822 3105 πρώτους
1857 3036 2044 3088 τετολ-

466 3129 708 3197 μηκότας
760 3126 913 3191 αὐτὸ,
953 3128 1048 3180 καὶ
1087 3127 1164 3194 ὡς
1213 3126 1428 3195 ἀληθῶς
1475 3125 1567 3179 ὑπ’
1619 3125 1866 3194 ἀνάγκης
1915 3128 2044 3179 ἀνα-

2141 2019 2321 2088 λόγοις
2359 2020 2822 2090 μαρτυρουμένην
2848 2058 2866 2085 ,
2899 2023 2948 2074 εἰ
2985 2021 3059 2091 μή
3100 2025 3440 2088 σοφιστικοῖς
3460 2064 3474 2089 ,
3507 2025 3603 2076 καί
3630 2025 3733 2079 οὐκ

2143 2112 2207 2162 ἐκ
2238 2109 2350 2164 τῶν
2397 2110 2596 2164 κοινῶν
2645 2111 2834 2180 ἀρχῶν
2881 2110 3268 2182 ὡρμημένοις,
3326 2113 3442 2166 ἀλλ’
3474 2113 3538 2166 ἐκ
3567 2133 3733 2168 τινων

2140 2202 2235 2267 οὓς
2267 2203 2367 2256 οὐκ
2409 2201 2588 2271 ῖσμεν,
2617 2201 2782 2256 πόθεν
2809 2201 2972 2257 εἰσίν.

2230 2295 2396 2348 Ἀλλά
2442 2296 2750 2363 ,φασιανὸτι
2789 2295 2934 2349 τοῦτ’
2964 2295 3332 2364 Αύγουστῖνος
3383 2303 3412 2354 ὁ
3455 2300 3729 2372 μακάριος

2143 2387 2314 2452 λέγει.
2361 2386 2504 2439 Ἀλλ’
2535 2388 2697 2458 ἡμεῖς
2730 2390 2812 2452 εἰς
2851 2389 2954 2460 τὴν
2994 2390 3327 2461 Ἐκκλησίαν
3359 2392 3726 2462 πιστεύομεν,

2141 2479 2210 2548 ἡν
2240 2481 2294 2531 αἰ
2325 2480 2613 2533 κανονικαὶ
2640 2480 2853 2549 γραφαὶ
2881 2483 3174 2536 συνιστῶσι
3201 2484 3296 2537 καὶ
3326 2485 3380 2538 αἰ
3411 2487 3591 2539 κοιναὶ
3619 2485 3730 2538 τῶν

2151 2569 2359 2622 πιστῶν
2395 2569 2605 2623 σύνοδοι
2637 2569 2737 2639 τὴν
2780 2572 3114 2640 Ἐκκλησίαν
3165 2575 3407 2644 Χριστοῦ
3459 2581 3731 2648 παριστά-

2144 2679 2358 2727 νουσαι,
2403 2665 2504 2715 οὐκ
2540 2664 2619 2725 εἰς
2664 2663 3058 2732 Αύγουστῖνον,
3097 2666 3197 2718 οὐκ
3227 2668 3307 2730 εἰς
3336 2670 3729 2738 Δαμασκηνὸν,

2145 2751 2255 2805 οὐδ’
2283 2752 2429 2821 αὐτῷ
2463 2751 2541 2822 τῷ
2567 2754 2922 2824 Δαμασκηνῷ
2963 2757 3345 2827 προσέσχομεν
3375 2758 3442 2812 ἂν
3472 2761 3528 2814 ἐν
3558 2763 3732 2838 τούτῳ

2143 2842 2224 2913 τῷ
2273 2847 2452 2914 μέρει,
2503 2846 2550 2898 εἰ
2600 2849 2675 2914 μὴ
2717 2847 2814 2917 τῆς
2881 2850 3068 2918 κοινῆς
3115 2851 3294 2919 εἴχετο
3329 2851 3509 2923 δόξης,
3541 2853 3733 2924 ὥσπερ

2148 2939 2206 2989 ἐν
2231 2941 2343 3001 τοῖς
2370 2939 2549 3002 ἄλλοις
2576 2940 2784 2994 ἅπασιν
2809 2941 3014 3012 ἔχεται.

2165 3103 2171 3112 .
2233 3029 2375 3082 Ἀλλ’
2404 3030 2515 3082 οὐδ’
2547 3031 2764 3084 εύθιινεῖ
2812 3031 3027 3095 δίκαιος
3076 3033 3153 3088 ὢν
3188 3037 3337 3103 ἡμᾶς
3377 3038 3406 3089 ὁ
3445 3035 3600 3099 Θεὺς,
3633 3036 3732 3107 τὴν

2147 3125 2334 3193 κοινὴν
2388 3125 2480 3177 καῖ
2523 3123 2959 3196 ὡμολογημένην
3011 3126 3071 3180 οὐ
3125 3126 3489 3198 βουλομένους
3545 3129 3733 3183 πίστιν

463 3223 834 3287 πτυσσόντων,
864 3221 1018 3276 αὐτοί
1042 3239 1100 3275 τε
1137 3219 1502 3275 παυέσθωσαν
1537 3219 2043 3287 ἀναπτύσσειν,καὶ
2069 3244 2114 3305 c
2155 3219 2373 3284 ἀφεῖναι
2405 3218 2503 3270 καὶ
2550 3219 2744 3288 γνώμῃ
2788 3219 2933 3278 τινὸς
2975 3220 3399 3291 προστεθεῖσθαι
3440 3222 3553 3277 τῶν
3581 3224 3730 3279 διδα‹

461 3318 623 3386 ἡμεῖς
671 3315 867 3386 σχολὴν
921 3317 1043 3378 ταῖς
1084 3306 1433 3380 ’ἀναπτύξεσι
1465 3312 1714 3383 δώσομεν
1751 3313 1920 3368 ἕνεκα
1947 3313 2042 3366 τοῦ

467 3410 564 3477 τῆς
599 3407 825 3479 ἀγάπης
861 3406 1051 3468 καλοῦ.
1084 3409 1192 3460 Καὶ
1218 3405 1278 3458 τὸ
1309 3407 1405 3474 μὲν
1430 3406 1654 3476 πότερον
1693 3407 1864 3468 αῐτιός
1896 3409 2044 3459 ἐστιν

463 3506 491 3556 ὁ
514 3503 640 3566 Υἱὸς
671 3502 766 3554 τοῦ
814 3502 1132 3571 Πνεύματος
1169 3499 1201 3569 ἢ
1243 3499 1400 3570 μὴ,ἢ
1448 3497 1720 3569 ζητείσθω
1757 3500 1910 3568 παρὰ
1935 3498 2044 3548 τῶν

466 3594 811 3666 βουλομένων
864 3592 1132 3656 ἐνδόξως,
1198 3592 1231 3661 ἢ
1307 3590 1555 3659 σιγάσθω
1610 3589 1765 3659 παρὰ
1822 3593 2042 3643 πάντων

464 3689 689 3762 ὁμοίως.
730 3689 796 3740 Ἠ
827 3687 872 3739 δ’
903 3685 1204 3756 Ἐκκλησία
1253 3687 1408 3754 κοινῇ
1455 3683 1548 3737 τὸν
1579 3683 1709 3736 Υίὸν
1749 3681 1914 3734 αὑτὸν
1947 3681 2040 3735 τοῦ

463 3782 597 3837 Θεοῦ
631 3779 962 3850 διαλλακτὴν
1008 3778 1264 3832 ποιείσθω
1313 3777 1520 3844 ταύτης
1552 3777 1655 3846 τῆς
1689 3775 1867 3846 ἔριδος
1895 3817 1910 3840 ,
1941 3775 2042 3826 οὐκ

464 3875 666 3946 ἔχουσά
708 3890 762 3925 τι
806 3873 915 3926 τῶν
962 3872 1172 3925 ἐκείνου
1214 3869 1434 3940 φωνῶν,
1468 3868 1502 3938 ἢ
1544 3868 1952 3936 ἀσφαλέστερον
2006 3866 2039 3933 ἦ

466 3948 777 4038 ἱερώτερον.
809 3965 1025 4020 Μᾶλλον
1058 3965 1114 4018 δὲ
1152 3965 1250 4033 τῆς
1296 3961 1622 4032 Ἐκκλησίας
1656 3961 1817 4014 τοῦτο
1861 3961 2042 4022 καλῶς

466 4061 835 4133 πεποιηκυίας
869 4061 927 4112 ἐν
955 4060 1021 4129 τῇ
1054 4056 1286 4126 δευτέρᾳ
1330 4055 1535 4124 συνόδῳ
1578 4054 1672 4108 καὶ
1709 4053 1870 4122 ἡμῶν
1905 4053 2043 4123 αὐτῇ

467 4151 842 4224 πειθομένων,
876 4149 974 4205 καὶ
1001 4151 1102 4219 τὴν
1141 4147 1474 4219 Ἐκκλησίαν
1507 4147 1606 4215 τῆς
1651 4147 1870 4215 Ῥώμης
1901 4145 2044 4198 οὕτω

467 4251 730 4318 πράττειν
780 4247 972 4319 ἐχρῆν.
1028 4245 1123 4298 καὶ
1180 4242 1324 4294 οὕτω
1365 4259 1426 4309 γε
1482 4241 1705 4311 πράξει,
1744 4239 2043 4307 βουλομένη

467 4346 732 4416 πράττειν
765 4344 834 4393 τά
863 4340 1075 4394 δέοντα.

539 4432 885 4505 Πανταχόθεν
915 4431 1010 4484 οῦν
1054 4429 1264 4492 αἰτίους
1317 4431 1418 4497 τῆς
1472 4427 1653 4498 μάχης
1689 4427 1891 4493 ταύτης
1919 4426 2045 4489 τοὺς

465 4529 728 4592 Λατίνους
760 4527 909 4598 ὀρῶν
923 4543 1004 4587 τες
1035 4523 1130 4580 νῦν
1179 4539 1238 4576 τε
1291 4521 1700 4590 καὶπρότερον,
1733 4519 1853 4588 μεθ’
1887 4519 2044 4589 ἡμῶν

464 4623 519 4673 δὲ
572 4620 668 4672 καὶ
714 4617 824 4670 τῶν
871 4616 1159 4686 ἡμετέρων
1205 4613 1466 4684 Πατέρων
1514 4611 1717 4671 εἰδῦτες
1753 4609 1932 4662 πάντα
1973 4609 2043 4662 τὰ
2077 4591 2122 4648 Ῑ)

463 4712 668 4775 δίκαια,
702 4709 920 4770 πολλαῖς
972 4705 1152 4758 ἐλπίσι
1206 4704 1474 4772 σύνεσμεν
1514 4699 1607 4753 τοῦ
1645 4700 1850 4770 μηδένα
1887 4700 2046 4764 λόγον

465 4804 724 4873 ὀφλήσειν
757 4802 849 4854 ἐπὶ
906 4800 1000 4852 τοῦ
1057 4797 1342 4868 μέλλοντος
1382 4796 1625 4864 βήματος
1659 4793 1800 4861 ὑπὲρ
1843 4793 1932 4844 τοῦ
1970 4792 2045 4862 μὴ

471 4894 760 4965 βούλεσθαι
806 4895 918 4956 τοῖς
965 4892 1161 4952 αἰτίοις
1208 4889 1302 4940 τοῦ
1349 4887 1525 4940 δεινοῦ
1579 4888 1883 4938 κοινωνεῖν.
1917 4883 2047 4937 Εἶτα

469 4988 699 5048 κανόνας
731 4987 929 5053 ἐχομεν
961 4985 1024 5036 ἐκ
1054 4982 1161 5034 τῶν
1193 4981 1362 5048 ἁγίων
1408 4982 1502 5032 καὶ
1540 4978 1769 5039 τύπους,
1817 4981 1934 5040 πῶς
1968 4980 2050 5030 δεῖ

467 5079 760 5149 προσέχειν
791 5078 856 5147 τῇ
899 5075 1080 5128 πίστει
1126 5070 1219 5134 οὓς
1254 5073 1354 5124 οὐκ
1406 5072 1553 5122 ἔστιν
1585 5072 1732 5122 ὅσιον
1773 5069 2047 5138 ὑπερϐαίο

470 5191 604 5226 νειν.
636 5169 775 5225 Κατ’
806 5169 1050 5230 ἐκείνους
1096 5164 1228 5234 γοῦν
1275 5165 1401 5227 τοὺς
1440 5165 1668 5226 κανόνας
1702 5162 2048 5215 ἐπικίνδυνον

470 5268 606 5336 ἡμῖν
648 5264 797 5317 δοκεῖ
841 5261 935 5314 καὶ
967 5259 1176 5328 πλάνης
1209 5259 1433 5328 μεστὸν,
1470 5257 1710 5326 ἀφέντας
1748 5256 1848 5324 τὴν
1881 5257 2051 5321 εὐαγ-

469 5354 695 5426 γελικὴν
728 5350 1098 5414 διδασκαλίαν,
1149 5351 1206 5400 ἐν
1346 5347 1566 5414 λέγεται
1615 5345 1677 5398 τὸ
1731 5345 1956 5414 Πνεῦμα
1988 5349 2052 5398 ἐκ

467 5449 560 5503 τοῦ
605 5446 816 5516 Πατρὸς
851 5441 1272 5516 ἐκπορεύεσθαι,
1311 5440 1537 5507 Πνεῦμα
1567 5439 1622 5492 δὲ
1657 5441 1753 5508 τῆς
1787 5438 2050 5510 ἀληθείας

469 5545 565 5594 ναὶ
613 5542 746 5610 παρ’
801 5538 969 5592 αὐτοῦ
1027 5536 1352 5607 πέμπεσθαι
1382 5574 1396 5598 ,
1431 5538 1526 5587 καὶ
1555 5533 1650 5602 τὴν
1682 5532 2052 5601 ἀποσιολικὴν

468 5635 669 5701 ὁμοίως
719 5630 1072 5690 διδασκαλίαν
1117 5624 1242 5699 ἐνῇ
1297 5628 1516 5692 λέγεται
1567 5627 1628 5678 τὸ
1689 5625 1911 5693 Πνεῦμα
1954 5624 2050 5675 τοῦ

467 5727 602 5779 θεοῦ
647 5728 746 5795 μὲν
777 5722 921 5776 εἶναι
971 5725 1067 5776 καὶ
1096 5723 1160 5774 ἐκ
1211 5720 1304 5773 τοῦ
1342 5719 1506 5784 Θεοῦ,
1538 5717 1631 5770 τοῦ
1663 5717 1719 5769 δὲ
1751 5717 1880 5768 Υἰοῦ
1911 5711 2050 5766 εἶναι

470 5821 632 5888 μοῦνον
667 5819 914 5887 λέγεται,
949 5817 1048 5869 οὐκ
1095 5817 1158 5866 ἐκ
1191 5815 1288 5868 τιῦ
1324 5813 1479 5876 Υίοῦ,
1508 5812 1606 5873 τάς
1648 5810 1756 5864 τῶν
1789 5808 2048 5877 Πατέρων

466 5911 776 5983 ἐξηγήσεις,
811 5909 878 5972 ἂς
925 5909 1177 5979 ἐπίτηδες
1205 5908 1298 5960 καὶ
1324 5905 1716 5973 ἀπεξεσμένως
1756 5906 1869 5966 τοῖς
1899 5919 2044 5974 γρα-

2153 3309 2370 3364 σκάλων
2422 3311 2633 3383 χωρὶς,
2672 3315 2722 3366 εἰ
2756 3314 2851 3367 καὶ
2907 3314 3000 3368 διὰ
3050 3313 3210 3370 τοῦτο
3270 3316 3730 3388 κολασθησόμεθα

2146 3407 2346 3476 δήπου,
2375 3406 2459 3460 δτι
2495 3406 2569 3476 μὴ
2621 3407 2965 3478 προσέχομεν
3032 3409 3321 3483 Γρηγορίῳ
3361 3413 3438 3483 τῷ
3485 3413 3733 3484 N56512:.-

2145 3502 2297 3563 τέλος
2352 3499 2630 3564 κολάσεως
2695 3502 3088 3571 δογματίζοντι
3120 3545 3134 3565 ,
3175 3506 3536 3578 ἀξιωματικῷ
3591 3510 3733 3571 δντι,

2147 3591 2456 3646 καὶταῦτα
2515 3594 2612 3646 καί⁴
2661 3593 2768 3648 ὑπὸ
2822 3595 3056 3649 συνόδων
3107 3602 3587 3670 μαρτυρουμένῳο
3641 3607 3736 3658 καὶ

2146 3683 2304 3745 δίκας
2347 3680 2506 3744 αὖθις
2560 3682 2874 3752 ὑφέξομεν,
2907 3685 2990 3737 ὅτι
3045 3687 3120 3757 μή
3170 3689 3589 3760 παραιτούμεθα
3635 3693 3735 3758 μὲν

2146 3773 2245 3836 τὰς
2282 3771 2535 3835 συνόδους
2577 3773 2672 3827 καὶ
2716 3775 2817 3843 τὰς
2846 3774 3093 3846 Γραφὰς,
3137 3780 3484 3850 προσέχομεν
3517 3781 3575 3834 δὲ
3607 3784 3735 3836 Διο-

2147 3865 2315 3936 νυσίῳ
2346 3865 2426 3935 τῷ
2459 3865 2870 3936 Ἀλεξανδρείας
2894 3869 2986 3921 καὶ
3017 3868 3282 3940 μάρτυρι,
3308 3871 3406 3924 καὶ
3439 3872 3732 3946 Γρηγορίῳ

2147 3959 2226 4028 τῷ
2281 3959 2722 4029 Νεοκαισαρείας
2772 3961 2852 4033 τῷ
2914 3963 3136 4033 μεγάλῳ
3183 3963 3595 4039 θαυματουργῷ
3631 3972 3732 4024 καὶ

2147 4053 2458 4123 διδασκάλῳ
2507 4053 2610 4122 τῆς
2667 4054 2952 4122 πίστεως,
2981 4057 3183 4120 οἵτινες
3221 4059 3449 4130 ἠχοῦσιν
3502 4065 3562 4115 ἐν
3616 4066 3732 4128 τοῖς

2155 4147 2310 4210 ἰδίοις
2366 4147 2548 4218 λόγοις
2598 4151 2854 4219 αἰρετικά
2879 4167 3003 4205 τινα
3031 4151 3278 4220 δόγματα
3319 4154 3424 4207 ὑπὸ
3472 4156 3575 4224 τῆς
3621 4159 3732 4212 τῶν

2148 4238 2325 4304 λόγων
2354 4239 2626 4310 ἀνάγκης,
2676 4239 2863 4304 καθὼς
2908 4239 3110 4304 αὐτοὺς
3153 4243 3181 4294 ό
3216 4241 3400 4311 μέγας
3427 4243 3728 4309 ἑξαιτιᾶται

2152 4329 2452 4392 Βασίλεεος.

2223 4425 2331 4475 Καὶ
2381 4423 2750 4491 Αύγουστῖνος
2785 4425 2842 4479 δέ
2897 4425 3059 4490 αὐτὸς
3097 4427 3230 4496 ἡμῖν
3261 4428 3290 4482 ὁ
3326 4428 3600 4498 μακάριος
3628 4431 3721 4482 τδν

2151 4517 2399 4570 τοιοῦτον
2431 4517 2772 4589 παραδίδωσι
2811 4519 3015 4572 κανόνα
3069 4519 3277 4588 σαφῶς,
3318 4523 3417 4576 καὶ
3451 4521 3599 4576 οὕτω
3640 4541 3732 4577 κε-

2149 4609 2392 4680 χρῆσθαι
2442 4609 2818 4678 παραγγέλλει
2879 4613 2992 4674 τοῖς
3041 4612 3210 4667 αὑτοῦ
3253 4614 3350 4667 καὶ
3395 4615 3506 4668 τῶν
3557 4615 3733 4670 ἄλλων

2151 4700 2388 4752 ἑκάστου
2443 4699 2787 4754 διδασκάλων
2865 4705 3320 4774 συγγράμμασιν.
3395 4707 3521 4760 Οὐδ’
3579 4692 3732 4780 αύτῷ

2151 4790 2284 4860 γοῦν
2339 4794 2646 4864 φανείημεν
2681 4795 3034 4866 Αύγουστίνῳ
3072 4796 3260 4866 βαρεῖς
3293 4801 3386 4854 ἐπὶ
3422 4799 3518 4854 τοῦ
3565 4805 3732 4872 χοροῦ

2152 4884 2263 4937 τῶν
2292 4885 2465 4952 ἀγίων
2494 4887 2552 4938 ἐν
2585 4887 2781 4958 ἐκείνῳ
2814 4888 2893 4956 τῷ
2929 4887 3050 4958 βίῳ,
3085 4891 3244 4960 εἴπερ
3283 4892 3343 4946 δν
3374 4895 3507 4962 ἡμῖν
3535 4895 3734 4949 δέδωκε

2154 4978 2359 5030 κανόνα
2391 4977 2692 5048 τηροῦμεν,
2722 4981 2815 5032 καὶ
2845 4980 3004 5033 ταῦθ’
3035 4981 3242 5036 ἕκαστα
3275 4985 3524 5054 δείξομεν
3557 4989 3733 5052 οὕτως

2154 5068 2348 5140 έχοντα
2382 5068 2454 5136 μὴ
2495 5069 2660 5137 μόνον
2705 5072 2821 5132 τοῖς
2877 5070 2939 5134 ἐξ
2989 5073 3146 5141 ἡμῶν
3200 5075 3560 5144 ἀμφιϐόλοις.
3597 5082 3734 5135 ἀλλά

2156 5159 2252 5210 καὶ
2280 5159 2538 5221 Λατίνοις
2578 5161 2766 5222 αὐτοῖς
2807 5163 2906 5214 καὶ
2941 5163 3109 5215 πᾶσιν
3166 5165 3498 5235 ἀνθρώποις,
3549 5171 3734 5227 καίτοι

2156 5248 2370 5300 καὶτὸν
2409 5248 2780 5314 Δύγουστῖνον
2806 5249 2971 5302 αὐτὸν
3015 5253 3255 5322 συνῳέὺν
3297 5257 3410 5318 τοῖς
3443 5259 3734 5330 ἡμετέροις

2153 5340 2498 5401 διδασκάλοις
2550 5335 2694 5394 εἶναι
2747 5343 3120 5412 πεπείσμεθα.
3178 5347 3245 5399 Ἀ
3285 5347 3341 5401 δὲ
3379 5349 3491 5405 τῶν
3522 5354 3734 5407 ἐκείνου

2159 5434 2345 5504 ῥητῶν
2393 5434 2776 5504 ἐκγράφοντες
2815 5437 2864 5488 οἰ
2896 5436 3122 5488 Λατῖνοι
3157 5439 3504 5495 δεικνύουσιν
3537 5484 3552 5508 ,
3583 5449 3735 5503 αύτεί

2156 5529 2249 5578 καὶ
2280 5525 2674 5596 ἐκγράφουσιν,
2731 5527 2807 5591 ῶς
2855 5545 3014 5597 φασι,
3057 5533 3155 5584 καὶ
3215 5533 3614 5603 ἑρμηνεύουσιν
3659 5541 3738 5602 ὡς

2156 5621 2312 5688 σφίσι
2359 5617 2653 5687 συμφέρει,
2695 5620 2793 5672 καὶ
2849 5621 3174 5690 ἐξηγοῦνται
3205 5625 3389 5687 καθὼς
3422 5628 3578 5683 αὐτοὶ
3613 5629 3740 5700 βού-

2153 5712 2362 5765 λονται.
2400 5711 2496 5775 Τίς
2529 5709 2623 5764 οῦν
2645 5713 2776 5780 ἡμῖν
2807 5713 2962 5767 ἔσται
2985 5717 3122 5784 πρὸς
3151 5717 3242 5771 τὸν
3275 5718 3408 5772 Θεὸν
3440 5721 3735 5791 ἀπολογία,

2155 5807 2224 5857 τὰ
2263 5806 2364 5872 μὲν
2413 5807 2569 5857 κοινὰ
2617 5808 2713 5858 καὶ
2749 5809 2955 5876 συνήθη
2992 5815 3454 5879 παραιτουμένοις
3490 5856 3502 5876 ,
3547 5815 3630 5868 ὅτι
3683 5819 3740 5872 δὲ

2155 5903 2382 5967 Λακῑνος
2408 5901 2541 5972 ἡμῖν
2565 5902 2592 5955 ὁ
2621 5903 2768 5958 δεῖνα
2802 5907 3104 5976 προσφέρει
3160 5907 3252 5961 τοῦ
3283 5911 3552 5980 μακαρίου
3580 5912 3740 5978 ῥῆσιν
