4104 6464
360 403 469 466 τὶτ

1488 387 1865 467 οΕΝΝΑοιι
1908 400 2019 464 cp.
2063 376 2575 469 PATRIARCHE

3536 413 3647 478 728

359 525 555 596 νήεθαι
584 524 906 595 νομίζομεν,
949 525 1043 579 καί
1075 524 1211 596 πρὸς
1250 523 1465 587 τούτοις
1503 522 1799 591 θεοφιλεῖς,
1822 537 1946 585 γεν-
1982 520 2024 581 Α
2057 524 2294 590 πίστεως
2330 527 2655 597 ἱδρυμένους
2684 528 2745 582 οὐ
2778 529 2858 583 δεῖ
2901 528 3225 600 τηλικοῦτον
3249 529 3472 593 ἑκόντας
3503 532 3633 586 ἀνα-

358 617 526 682 ναίως
551 615 843 686 ἰστάμεθα,
871 616 924 670 τί
956 616 1033 687 μὴ
1060 617 1155 671 καὶ
1188 616 1323 687 πρὸς
1354 615 1524 686 ἀλλην
1552 616 1734 668 πᾶσαν
1763 614 1952 682 διαφο-

364 708 465 779 ράν
519 709 693 779 μείζω
726 725 786 762 τε
839 709 938 762 καὶ
999 709 1212 763 ἐλάττω
1271 708 1363 763 τὸν
1424 707 1590 762 αὐτὸν
1631 706 1950 776 στησόμεθα

357 802 585 872 τρόπον,
617 801 749 872 περὶ
776 796 846 875 ἧς
879 802 1044 871 ῐσμεν
1081 800 1360 863 τοσούτοις
1393 798 1539 853 ἔτεσι
1588 797 1718 861 τοὺς
1746 796 1949 869 ήμετέ-

362 910 491 963 ρους
529 893 786 965 Πατέρας
812 892 907 947 καὶ
939 891 1324 956 διδασκάλους,
1364 891 1505 962 μετὰ
1553 889 1755 958 πολλῆς
1789 887 1948 958 ἐρεύ-

357 1004 456 1057 νης
492 986 561 1041 τά
588 987 718 1039 ὄντα
753 984 1110 1052 δοξάσαντας,
1145 984 1242 1039 καὶ
1269 985 1499 1054 γνώμην
1542 982 1670 1055 περί
1697 981 1947 1036 Λατίνων

360 1078 683 1149 εἰληφότας,
735 1078 803 1148 ἦν
859 1094 992 1131 ποτε
1032 1077 1192 1149 ἔσχον
1227 1078 1325 1131 καὶ
1375 1077 1485 1139 τοῖς
1550 1074 1948 1145 ὑπομνήμασιν

358 1173 494 1242 ἡμῖν
555 1170 879 1242 καταλεῖψαι
918 1170 1124 1243 ταύτην
1179 1170 1595 1232 σπουδάσαντας
1621 1208 1637 1233 ,
1684 1167 1835 1227 ὅπως
1880 1168 1948 1219 ἂν

359 1262 753 1334 συμφωνῶμεν
803 1264 1016 1332 αὐτοῖς,
1054 1264 1154 1317 καὶ·
1212 1262 1383 1333 μηδὲν
1431 1261 1586 1330 παρά
1628 1260 1796 1331 μέλος
1847 1258 1947 1327 τῆς

358 1354 541 1407 αὐτῶν
590 1354 828 1419 πίστεως
879 1355 1098 1427 ᾄδωμεν
1128 1370 1149 1421 ς
1201 1354 1344 1408 Ἀλλ’
1395 1353 1516 1407 οὐδὲ
1577 1352 1741 1424 χάριν
1797 1351 1948 1421 ἔχειν

360 1446 656 1515 ὀφείλομεν
715 1446 917 1517 μᾶλλον
980 1448 1096 1510 τοῖς
1155 1447 1283 1509 τοὺς
1336 1445 1664 1517 περιϐόλους
1718 1446 1949 1502 τούτους

362 1539 742 1610 ἱδρυσαμένας
808 1539 965 1610 ήμῖν,
1023 1539 1115 1607 ὑφ’
1166 1533 1245 1592 ὧν
1302 1537 1708 1607 φυλαττόμεθα,
1754 1536 1788 1603 ἢ
1835 1536 1947 1595 τοῖς

358 1630 488 1694 τοὺς
532 1630 799 1701 θριγγοὺςη
823 1629 1161 1701 πηξαμένοις
1191 1629 1291 1700 τῆς
1318 1628 1602 1691 εὐσεϐείας
1652 1624 1745 1681 καί
1781 1641 1949 1694 προσ-

360 1723 501 1777 θεῖσι
552 1724 745 1788 ποινὰς
825 1724 1179 1796 ὑπερϐαίνειν
1246 1721 1703 1794 βουλησομένοις’
1748 1719 1947 1774 ἐκεῖνοί

363 1831 423 1867 τε
475 1816 585 1887 γὰρ
612 1816 756 1885 ύπὲρ
797 1816 895 1888 τῆς
939 1816 1049 1869 τῶν
1078 1815 1349 1884 ὀψιγόνων
1401 1813 1720 1885 ἐλευθερίας
1767 1812 1947 1866 πάντα

360 1906 581 1960 ἐποίουν
603 1923 616 1937 ⁸
661 1908 757 1961 καὶ
789 1901 937 1963 οὗτοι
961 1907 1164 1976 πολλὴν
1190 1906 1291 1978 τήν
1337 1905 1549 1976 πλάνην
1576 1904 1673 1960 καὶ
1700 1904 1801 1975 τὴν
1824 1904 1948 1968 ἐξα-

362 1999 545 2069 πάτην
576 2002 634 2054 ἐν
661 2001 777 2063 τοῖς
808 2000 920 2054 τῶν
941 2000 1247 2069 ἀνθρώπων
1275 1998 1456 2067 λόγοις
1483 1995 1650 2053 οὖσαν
1682 1997 1943 2069 δρῶντες,

361 2091 600 2154 ἀπαθεῖς
640 2092 789 2161 ἡμᾶς
820 2090 1168 2146 ἐσπούδασαν
1202 2087 1263 2156 ἐξ
1310 2089 1494 2143 αὐτῶν
1541 2087 1943 2143 διασώσασθαι.

364 2183 581 2253 Ὥσπερ
624 2182 720 2238 οὖν
787 2185 1138 2254 ἀνοητότατοι
1172 2183 1394 2239 πάντων
1448 2181 1515 2236 ἂν
1542 2178 1706 2253 ἦμεν,
1742 2179 1812 2234 τὰ
1846 2180 1946 2250 τήν

360 2275 668 2344 ἀσφάλειαν
715 2276 851 2347 ήμῖν
885 2276 980 2329 καὶ
1033 2274 1133 2345 τὴν
1184 2272 1506 2344 ἐλευθερίαν
1553 2271 1765 2325 διδόντα
1790 2271 1947 2340 τείχη

360 2370 525 2424 ταυτί
573 2367 987 2441 καθαιροῦντες,
1046 2367 1190 2422 οὕτω
1247 2368 1342 2421 καί
1400 2365 1586 2436 πολλῷ
1631 2364 1832 2436 μᾶλλον
1878 2363 1948 2417 τὰ

361 2459 717 2531 πνευματικά
761 2460 916 2533 τείχη
942 2465 1103 2514 ταυτὶ
1132 2459 1501 2531 προδιδόντες,
1534 2459 1646 2528 ὅσῳ
1678 2457 1771 2510 καὶ
1816 2455 1948 2525 περί

363 2552 634 2622 μειζόνων
665 2555 695 2607 6
733 2555 980 2619 κίνδυνος
1008 2554 1187 2619 ἔσται,
1220 2555 1281 2608 τὸ
1316 2553 1468 2617 τέλος
1494 2553 1678 2607 είτουν
1709 2552 1742 2622 ή
1779 2568 1948 2615 μετα-

359 2644 493 2716 ϐολὴ
519 2645 677 2701 τοῦδε
700 2644 796 2701 τοῦ
829 2646 1038 2717 κόσμου
1069 2647 1260 2715 ἐγγὺς,
1276 2645 1352 2709 ὡς
1378 2646 1442 2699 ἐκ
1467 2644 1575 2698 τῶν
1602 2643 1947 2712 πραγμάτων

358 2738 507 2792 ἐστιν
538 2740 690 2811 ὀρᾷν.
718 2740 780 2793 Εἰ
809 2739 870 2793 δὲ
886 2740 980 2793 καί
1017 2739 1091 2810 μή
1138 2739 1232 2791 τοῦ
1263 2738 1583 2808 σύμπαντος
1614 2736 1843 2805 κόσμοι),
1879 2734 1943 2787 τὸ

359 2834 493 2902 γοῦν
522 2834 799 2905 ἡμέτερον
853 2831 1011 2900 γένος
1066 2832 1162 2885 καὶ
1218 2831 1252 2900 ἡ
1309 2830 1510 2900 πατρὶς
1539 2828 1683 2899 αὕτη
1714 2829 1772 2880 ἐν
1823 2827 1947 2889 ταῖς

356 2927 616 2997 ἐσχάταις
664 2925 966 2986 ἀναπνοαῖς
1000 2924 1188 2995 σχεδόν
1218 2924 1388 2984 ἐστιν,
1439 2920 1507 2975 ἂν
1558 2920 1633 2991 μὴ
1686 2920 1745 2973 τὸ
1778 2919 1935 2973 Θεῖον

358 3023 519 3092 χεῖρα
554 3020 826 3093 ὑπερέχῃ.
862 3019 937 3072 Ού
975 3015 1282 3088 βουλόμεθα
1321 3014 1505 3069 τοίνυν
1532 3012 1856 3085 ῥιψάσπιδες
1889 3015 1946 3066 ἐν

358 3115 439 3185 τῷ
470 3114 616 3168 τέλει
666 3114 932 3183 φανῆναι,
979 3112 1077 3166 καί
1126 3110 1237 3163 τῶν
1289 3109 1576 3179 προγόνων
1618 3107 1940 3178 δειλότεροι.

358 3209 781 3278 Γενναιοτέρους
827 3207 928 3276 μὲν
976 3204 1069 3258 οὖν
1118 3196 1258 3258 εἶναι
1303 3203 1399 3256 καὶ
1461 3200 1751 3272 φαίνεσθαι
1783 3201 1883 3267 δεῖ,
1918 3200 1948 3252 ὃ
1976 3196 2017 3255 C

361 3302 470 3357 κᾶν
524 3301 727 3354 ἐκεῖνοι
763 3300 896 3369 περί
927 3298 1086 3370 ήμῶν
1122 3297 1374 3365 εὔξαιντο
1409 3294 1753 3366 τηλικούτων
1813 3296 1949 3365 ἡμῖν

360 3395 617 3450 ἑστώτων
660 3393 1148 3465 παραδειγμάτων,
1209 3391 1304 3443 καί
1358 3390 1458 3461 τὴν
1515 3388 1702 3444 πίστιν
1745 3388 1948 3459 ὁμοίως

360 3486 744 3558 διαφυλάττειν
769 3486 827 3540 ἐν
858 3483 1040 3556 πολλῷ
1093 3482 1308 3555 μείζοσι
1335 3483 1707 3554 δυσχερείαις.
1741 3483 1852 3536 Καὶ
1900 3481 1954 3534 εῖ

366 3599 451 3644 τις
483 3581 628 3634 δυοῖν
656 3578 1038 3651 προκειμένων
1075 3575 1265 3631 κακῶν
1298 3576 1406 3629 δεῖν
1439 3575 1658 3629 ἑλέσθαι
1687 3573 1748 3627 τὸ
1794 3574 1951 3626 ἔλατ-

363 3691 457 3727 τον
508 3673 691 3742 λέγοι,
756 3670 900 3726 οὕτω
930 3671 1032 3740 τῆς
1089 3667 1201 3724 τῶν
1257 3669 1609 3740 πραγμάτων
1656 3666 1950 3730 δυσκολίας

368 3766 684 3837 πειθούσης,
703 3766 799 3821 καὶ
820 3765 899 3835 τῷ
927 3764 1037 3819 δέει
1069 3766 1173 3834 τῆς
1192 3764 1452 3827 ἀπιστίας
1478 3762 1674 3833 μικρόν
1705 3779 1759 3815 τι
1791 3779 1943 3832 παρ-

364 3858 740 3928 εκκλῖναιντῆς
788 3856 967 3927 ὀρθῆς-
1026 3854 1172 3921 ἀξιοῖ
1207 3854 1472 3919 πίστεως,
1504 3854 1532 3905 6
1568 3853 1666 3923 μὲν
1719 3853 1945 3921 ἀδιαφό-

371 3967 478 4018 ρως
506 3950 626 4018 ἔχει
655 3952 790 4021 πρὸς
833 3948 1014 4003 πάντα
1055 3947 1364 4020 προδήλως,
1400 3946 1514 4000 τῶν
1554 3947 1665 4017 γάρ
1689 3946 1949 4000 τοιούτων

367 4046 399 4112 ἡ
453 4060 512 4096 το
538 4043 676 4114 αύτη
718 4042 902 4112 κρίσις
958 4040 1149 4095 ἐστίν’
1183 4042 1346 4112 ἡμεῖς
1405 4040 1461 4093 δὲ
1518 4040 1698 4111 ἴσμεν,
1725 4040 1808 4093 ὅτι
1854 4040 1951 4095 καί

370 4136 565 4206 μικρόν
595 4152 654 4188 τι
677 4135 777 4206 τῆς
822 4135 992 4207 ὀρθῆς
1024 4134 1346 4188 ἐκκλίνοντα
1372 4133 1635 4197 πίστεως,
1664 4131 1813 4197 ἄπας
1859 4132 1952 4185 νό-

370 4247 466 4299 μος
496 4230 774 4299 αἱρετικὸν
824 4222 965 4281 εἶναι
1000 4227 1274 4296 βούλεται,
1324 4228 1399 4287 ὡς
1430 4227 1548 4289 τοῖς
1611 4226 1741 4296 περὶ
1776 4223 1953 4278 ταῦτα

366 4321 801 4392 πεπειραμένοις
831 4321 947 4373 ἐστὶ
978 4319 1149 4387 σαφές
1171 4336 1185 4350 ⁸
1214 4318 1306 4372 καὶ
1331 4318 1414 4371 ὅτι
1439 4317 1537 4388 τῆς
1570 4317 1667 4383 μὲν
1690 4315 1953 4387 ἀληθείας

365 4413 534 4483 οὔσης
565 4415 696 4483 μιᾶς
720 4412 778 4465 ἐν
818 4428 880 4465 τε
917 4414 984 4482 τῇ
1018 4412 1146 4479 περὶ
1193 4411 1255 4463 τὸ
1302 4409 1459 4462 Θεῖον
1505 4409 1634 4481 δόξῃ
1685 4410 1776 4462 καὶ
1813 4410 1952 4463 πᾶσι

364 4508 681 4577 πράγμασι,
716 4506 815 4568 τὰς
852 4504 982 4574 περὶ
1029 4504 1262 4557 ἕκαστον
1295 4501 1506 4564 πλάνας
1541 4502 1951 4573 ἀναριθμήτους

363 4602 508 4653 εἶναι
544 4596 889 4668 συμϐέϐηκε,
941 4595 1139 4665 βαθμῷ
1176 4612 1284 4649 τινι
1330 4595 1428 4649 καὶ
1462 4594 1614 4659 τάξει
1667 4595 1770 4665 τῆς
1819 4595 1951 4666 ἀλη-

366 4692 520 4753 θείας
550 4687 973 4761 ἀπῳκισμένας.
1014 4688 1108 4739 Δεῖ
1136 4686 1194 4749 δὲ
1253 4686 1396 4753 μετὰ
1451 4686 1553 4756 τῆς
1588 4686 1848 4756 ἀληθείας
1873 4691 1955 4753 είς

364 4785 464 4853 τὴν
508 4780 730 4837 αἰώνιον
772 4778 999 4833 εἰσιέναι
1036 4778 1216 4847 ζωήψ
1247 4777 1562 4851 ἀκάθαρτος
1596 4779 1728 4849 γάρ,
1762 4783 1952 4853 φησὶν,

363 4876 425 4927 οὐ
472 4873 548 4945 μὴ
589 4870 773 4943 διέλθῃ
811 4868 1102 4939 δι’ναύτῆς,
1140 4870 1251 4923 εἴτε
1306 4870 1449 4924 κατά
1482 4870 1628 4936 νοῦν,
1664 4874 1774 4925 εἴτε
1807 4874 1953 4927 κατά

367 4968 588 5035 θέλησιν
618 4964 681 5019 τὸ
728 4960 920 5035 αἶσχος
944 4962 1061 5035 ἔχοι
1099 4963 1195 5017 καὶ
1237 4963 1338 5033 τὴν
1399 4965 1770 5036 ἀκαθαρσίαν.
1806 4967 1869 5019 Εἰ
1895 4967 1952 5020 δὲ

369 5062 554 5130 μέλλοι
582 5060 681 5129 τῆς
705 5057 930 5113 αἰωνίου
962 5052 1251 5127 τυγχάνειν
1286 5057 1434 5127 ζωῆς
1478 5059 1506 5111 ό
1543 5059 1741 5128 μικρόν
1772 5076 1824 5111 τι
1853 5061 1953 5127 τῆς

364 5154 532 5227 ὀρθῆς
563 5152 721 5222 δόξης
744 5150 1029 5216 ἐκκλίνων,
1072 5152 1170 5203 καὶ
1200 5153 1227 5203 ὀ
1261 5154 1381 5218 μετ’
1414 5152 1627 5205 ἐκεῖνον
1677 5152 1841 5213 εὐθὺς
1871 5150 1952 5219 τῷ

363 5248 513 5317 αὐτῷ
561 5247 708 5315 λόγῳ
766 5242 1044 5311 τεύξεται,
1097 5230 1199 5313 τῆς
1254 5242 1377 5311 ἴσης
1439 5241 1803 5304 ἀποστάσεως
1860 5240 1955 5294 ού·

367 5360 465 5410 σης
501 5339 637 5412 πρὸς
668 5338 760 5392 τὸν
799 5336 935 5407 μετά
963 5334 1138 5405 ῥύπου
1190 5335 1395 5404 ταύτης
1431 5335 1761 5403 ἠξιωμένον,
1795 5334 1891 5388 καὶ
1922 5335 1950 5385 ό

368 5431 489 5500 μετ’
516 5433 723 5486 ἐκεῖνον
773 5429 974 5499 ὁμοίως
1004 5445 1018 5460 ·
1059 5426 1154 5481 καὶ
1186 5428 1330 5480 οὕτω
1359 5427 1637 5491 τεύξονται
1665 5427 1766 5496 τῆς
1815 5428 1949 5478 αἰω-

366 5528 479 5578 νίου
514 5524 657 5589 ζωῆς
712 5523 762 5574 οἱ
818 5520 918 5590 τὴν
964 5516 1269 5588 ὁποσηνοῦν
1320 5518 1665 5585 πλανώμενοι
1716 5517 1947 5581 πλάνην,

367 5618 566 5673 πάντες
602 5614 804 5683 ὁμοίως
835 5612 979 5665 λατά
1004 5627 1063 5663 τε
1104 5609 1331 5677 μέγεθος
1362 5610 1453 5661 καὶ
1487 5609 1851 5679 σμικρότητα.
1888 5610 1949 5661 Εἰ

366 5705 422 5753 (Σὲ
461 5704 622 5757 τοῦτο
680 5702 965 5767 ἀδύνατον,
1001 5701 1202 5754 οὐκοῦν
1248 5703 1345 5754 καὶ
1400 5702 1493 5753 τὸν
1529 5702 1724 5769 μικρὸν
1758 5719 1811 5754 τι
1850 5705 1947 5769 τῆς

368 5794 626 5862 ἀληθείας
654 5799 717 5846 ἐκ
748 5795 1123 5862 προαιρέσεως
1146 5793 1516 5845 ἀποκλίναντα
1547 5793 1817 5855 σώζεσθαι
1840 5795 1946 5845 τῶν

370 5883 668 5953 ἀμηχάνων
702 5883 868 5939 ἐστίν.
910 5883 1088 5953 Ἠμᾶς
1116 5884 1207 5938 οὖν
1241 5885 1294 5936 ἐν
1326 5886 1403 5954 τῷ
1432 5883 1824 5956 ἀσφαλεστάτῳ
1851 5888 1944 5956 τῆς

2054 618 2307 688 δέχεσθαι
2336 619 2606 688 κίνδυνον,
2637 622 2684 675 εἰ
2725 624 2820 675 καὶ
2855 624 3053 693 μικρόν
3084 640 3138 677 τι
3184 622 3480 692 μέλλοιμεν
3529 643 3638 679 πα-

2054 710 2441 778 ρατρέπεσθαι.

2130 798 2193 852 Εἰ
2236 798 2293 851 δέ
2326 816 2414 863 τις
2475 801 2633 871 ήμῶν
2689 802 3035 872 πυνθάνοιτο,
3098 805 3353 878 καθάπερ
3409 806 3633 862 εἰώθασι

2053 889 2243 944 πολλοί
2288 891 2447 947 τοῦτο
2482 896 2681 962 ποιεῖν,
2727 897 2777 950 εἰ
2832 898 2962 960 τοὺς
3012 898 3278 962 Λατίνους
3319 901 3631 971 αἰρετικοὺς

2055 982 2365 1052 ἡγούμεθα,
2405 986 2609 1055 φαμὲν,
2639 987 2754 1042 Οὐκ
2802 989 2954 1044 ἐστιν
2987 990 3258 1061 ἡμέτερον
3287 994 3347 1046 ἐν
3390 993 3632 1067 τοσαύτῃ

2052 1074 2218 1147 πενίᾳ
2252 1077 2344 1129 καὶ
2377 1077 2635 1150 ἀσθενείᾳ
2670 1082 3021 1151 πραγμάτων
3050 1082 3425 1154 προσηγορίας
3453 1086 3633 1139 ἐπιτι-

2054 1165 2205 1218 θέναι
2237 1167 2496 1232 τοιαύτας
2544 1168 2850 1242 Ἐκκλησία
2881 1170 3140 1225 τοσοῦτον
3176 1174 3378 1245 ἐχούσῃ
3408 1175 3633 1243 κράτος,

2054 1258 2148 1310 καὶ
2175 1258 2311 1328 μηδὲ
2337 1261 2450 1322 τοῖς
2483 1260 2642 1330 ήμῶν
2670 1262 2920 1317 ὑπείκειν
2944 1262 3175 1337 ἀξιούσῃ
3199 1266 3411 1335 νόμοις,
3445 1266 3635 1336 ὦσπ;ρ

2051 1348 2162 1401 οὐδ’
2196 1350 2361 1419 ἡμεῖς
2394 1349 2492 1404 νῦν
2539 1354 2653 1416 τοῖς
2684 1353 2854 1423 αὐτῆς
2878 1369 2894 1386 ⁸
2925 1355 3041 1408 ἀλλ’
3067 1357 3271 1427 ἀρκοῦν
3319 1361 3468 1411 ἐστιν
3504 1361 3635 1428 ἡμῖν

2052 1443 2160 1493 τῶν
2195 1444 2448 1511 πατρίων
2483 1445 2710 1515 ἔχεσθαι
2740 1445 3094 1517 διδαγμάτων
3126 1448 3223 1501 καὶ
3250 1449 3453 1518 νόμων,
3499 1449 3635 1518 πρὶς

2053 1534 2244 1588 οὐδένα
2289 1535 2348 1588 δὲ
2377 1538 2487 1589 τῶν
2522 1538 2701 1592 ἀλλων
2751 1540 3270 1608 διαπληκτίζεσθαι.
3314 1542 3548 1596 Ἐκεῖνοι
3585 1541 3634 1596 δ’

2050 1627 2226 1680 ὁποῖοί
2271 1628 2404 1683 ποτέ
2440 1630 2602 1698 εἰσιν,
2645 1627 2759 1684 οἶδέ
2795 1648 2855 1684 τε
2889 1633 2918 1685 6
2966 1632 3101 1694 Θεὸς
3156 1634 3252 1686 καὶ
3291 1633 3323 1703 ή
3357 1633 3631 1703 μέλλουσα

2050 1718 2396 1789 ἀποκαλύψει
2457 1722 2642 1793 ἡμέρα
2668 1764 2683 1788 ,
2736 1723 2831 1776 καί
2886 1723 3048 1796 εῐπερ
3105 1724 3372 1795 ἐνδέχοιτο
3435 1724 3632 1789 αὐτοὺς

2056 1809 2195 1880 μετά
2228 1809 2331 1878 τῆς
2364 1810 2624 1879 ἀληθείας
2672 1810 2901 1866 ἑστάναι
2934 1815 3000 1883 τῇ
3028 1811 3211 1866 πίστει
3244 1810 3632 1882 προστεθεικό-

2055 1917 2152 1962 τας
2179 1917 2194 1932 ο
2231 1899 2351 1953 ἀλλ’
2382 1900 2505 1955 ούδέ
2531 1901 2595 1955 τὸ
2622 1902 2896 1974 ἡμέτερον
2924 1903 3073 1971 ἀξιον
3101 1903 3257 1956 ἔσται
3284 1902 3456 1973 ψόγου
3482 1903 3633 1970 παρὶ

2051 1992 2171 2062 Θεῷ
2216 1992 2451 2063 δικαστῇ
2483 1993 2763 2054 τοσούτοις
2819 1993 3167 2063 πειθομένων
3195 1993 3451 2055 δικαίοις.
3487 1994 3550 2045 Εἰ
3579 1992 3635 2044 δὲ

2050 2089 2150 2158 τὴν
2180 2085 2404 2139 ἐκείνων
2424 2086 2585 2151 δόξαν
2605 2085 2709 2156 τῆς
2735 2086 3000 2157 ἀληθείας
3032 2086 3337 2154 ἀφεστάναι
3366 2085 3633 2154 συμϐαίη,

2052 2181 2244 2249 ὥσπερ
2274 2175 2369 2234 οὖν
2400 2181 2532 2251 ἡμῖν
2565 2180 2959 2244 ὑποπτεύεται,
2996 2180 3163 2232 πόσον
3208 2180 3320 2241 τοῖς
3345 2177 3635 2232 κοινωνού-

2054 2293 2138 2328 σιν
2168 2273 2316 2344 ἔχειν
2338 2274 2430 2327 τὸν
2458 2272 2705 2349 κίνδυνον
2732 2273 2765 2343 ή
2797 2274 2898 2344 τῆς
2924 2271 3300 2341 ἀληθεστέρας
3333 2272 3429 2324 καὶ
3451 2269 3638 2339 κοινῆς

2054 2369 2151 2421 καὶ
2196 2366 2426 2437 πατρίου
2469 2364 2626 2434 δόξης
2658 2363 2944 2431 ἀπόθεσις,
2980 2364 3110 2419 ἀνευ
3142 2362 3302 2430 λόγου
3335 2363 3430 2415 καὶ
3463 2360 3637 2437 ταῦτα

2051 2435 2434 2528 γεγενημένη;
2473 2455 2571 2520 Τίς
2602 2454 2712 2526 γὰρ
2745 2454 3048 2523 λόγος-ύπὸ
3096 2455 3207 2508 τῶν
3254 2453 3352 2508 νῦν
3393 2435 3639 2506 Λατίνων

2051 2561 2172 2627 ἐξευ
2184 2578 2247 2631 ρη
2258 2559 2415 2631 μένος
2444 2555 2629 2610 ἔπεισέ
2660 2573 2813 2620 τινας
2833 2556 2944 2610 τῶν
2969 2554 3257 2626 ἡμετέρων
3282 2555 3435 2622 σφίσι
3465 2569 3636 2619 προσ-

2051 2653 2278 2720 θέσθαι;
2320 2653 2482 2707 Ἀλλά
2515 2651 2583 2706 τά
2636 2651 2845 2705 παλαιά
2892 2650 3081 2703 ἐκεῖνα
3112 2648 3207 2702 καὶ
3254 2647 3638 2700 ὑπὸνᾹατίνων

2049 2747 2139 2800 ἀεὶ
2186 2747 2556 2818 περιᾳδόμενα
2592 2744 2689 2799 καί
2718 2744 2875 2799 αὐτοὶ
2920 2744 3183 2813 φέρουσιν
3211 2741 3293 2803 είς
3325 2739 3492 2810 μέσον
3541 2739 3639 2793 καί⁹

2051 2841 2144 2893 ὑπ’
2168 2840 2349 2894 αὐτῶν
2380 2838 2677 2893 πεπεῖσθαί
2709 2855 2866 2907 φασι.
2899 2836 3086 2890 Ταῦτα
3114 2836 3170 2890 δὲ
3204 2832 3309 2886 ὑπὸ
3348 2831 3459 2887 τῶν
3505 2834 3640 2902 ἠμε-

2050 2932 2225 3001 τέρων
2256 2932 2437 2995 καλῶς
2463 2930 2820 2999 ἐξελήλεκται
2851 2929 3120 2999 Πατέρων
3147 2930 3245 2983 καί
3270 2927 3633 2982 διδασκάλων.

2056 3025 2282 3094 Πρῶτον
2343 3023 2445 3094 μὲν
2493 3019 2611 3088 οὗν,
2648 3022 2787 3094 ὅπερ
2840 3021 3081 3092 εἴρηται,
3125 3020 3309 3075 καὶτὸ
3356 3019 3552 3091 μικρόν
3583 3039 3635 3074 τι

2053 3120 2152 3187 τῆς
2213 3117 2483 3188 ἀληθείας
2524 3117 2995 3171 ἀποπεπτωκέναι
3036 3116 3266 3179 ἑκόντας
3301 3116 3359 3167 ἐν
3407 3114 3508 3184 ἴσῳ
3542 3113 3634 3168 τοῦ

2053 3212 2149 3265 καὶ
2206 3211 2346 3282 πρὸς
2384 3210 2485 3282 τὴν
2542 3209 2813 3281 μεγίστην
2865 3207 3189 3262 δυσσέϐειαν
3245 3206 3637 3275 ἐκκυλισθῆναι

2055 3301 2353 3372 νομίζομεν
2377 3319 2393 3335 ο
2423 3302 2587 3372 εἴπερ
2610 3301 2663 3355 δ¹
2686 3300 3015 3371 ἀμφοτέρων
3039 3301 3266 3372 ὁμοίως,
3299 3303 3515 3369 ἀνάγκη
3542 3301 3637 3369 τῆς

2054 3395 2319 3466 ἀληθινῆς
2368 3396 2663 3449 ἐκπίπτειν
2694 3393 2868 3464 ζωῆς.
2904 3394 3142 3447 Ἔπειτα
3202 3395 3302 3458 τῖς
3364 3394 3462 3462 μὲν
3508 3390 3634 3461 ὅλης

2055 3490 2291 3552 πίστεως
2320 3488 2351 3542 6
2378 3488 2512 3552 Θεὸς
2544 3487 2937 3557 προνοήσεταιο
2967 3487 3028 3540 οὐ
3057 3486 3166 3555 γὰρ
3190 3486 3460 3556 ἡμέτερόν
3488 3490 3636 3538 ἐστιν

2053 3582 2223 3651 αὐτῇς
2256 3582 2508 3651 προνοεῖν
2536 3620 2553 3648 ,
2582 3580 2805 3651 ἑκάστῳ
2836 3579 2895 3632 δέ
2921 3580 2954 3650 ή
2964 3579 3081 3649 μῶν
3105 3579 3204 3650 τῆς
3238 3578 3441 3633 ἐαυτοῦ
3460 3595 3636 3648 σωτη-

2057 3673 2179 3746 ρίας
2211 3672 2577 3743 ἐπιμελητέον
2609 3672 2779 3727 ἐστίν.

2125 3768 2187 3821 Εἰ
2233 3765 2291 3820 δὲ
2325 3767 2420 3820 καὶ
2448 3764 2745 3836 μέλλοιμεν
2789 3765 2891 3835 τὴν
2924 3764 3111 3818 πίστιν
3163 3763 3342 3834 ἔργοις
3382 3765 3528 3827 ὅπως
3574 3762 3640 3817 ἀν

2054 3858 2389 3929 περισωθείη
2421 3859 2535 3918 τοῖς
2576 3857 2759 3920 ἄλλοις
2804 3857 3203 3927 ἐπιμελεῖσθαι,
3247 3857 3511 3911 δεικνύτω
3555 3873 3639 3919 τις

2055 3953 2190 4022 ήμῖν
2223 3952 2250 4003 ὀ
2278 3949 2604 4020 βουλόμενος
2635 3950 2726 4002 καὶ
2753 3949 2905 4019 ξίφη,
2943 3950 3038 4003 καί
3071 3951 3372 4019 κρημνοὺς,
3401 3950 3495 4003 καὶ
3533 3950 3640 4002 πᾶν

2055 4042 2257 4105 ὁτιοῦν,
2285 4043 2384 4097 καί
2428 4041 2527 4112 τὴν
2571 4040 2884 4111 προθυμίαν
2929 4041 3091 4112 ήμῶν
3130 4041 3301 4104 οὕτως
3347 4040 3560 4109 ὸψεται,
3590 4041 3639 4093 εἰ

2061 4136 2222 4206 μόνον
2253 4133 2500 4205 ὀψόμεθα
2529 4130 2800 4203 φανερῶς,
2832 4133 3051 4197 ὄτι.τοῖς
3084 4138 3418 4203 σωματικοῖς
3462 4134 3641 4188 κινδύ-

2056 4246 2169 4291 νοις
2211 4229 2389 4304 ήμῶν.
2414 4229 2448 4299 ή
2484 4226 2639 4290 πόλις
2685 4225 2826 4294 αὕτη
2875 4225 2978 4295 τῆς
3015 4226 3124 4279 τῶν
3154 4226 3365 4298 ἐχθρῶν
3396 4227 3640 4288 δουλείας

2055 4320 2535 4390 ἀπαλλαγήσεται.
2574 4321 2645 4372 Ἦ
2697 4319 2752 4372 τί
2804 4317 3215 4389 βουλευομένων
3263 4319 3372 4374 τῶν
3428 4321 3641 4390 ἐπιτρο-

2058 4416 2336 4469 πευόντων
2360 4416 2566 4482 ταύτης
2610 4413 2710 4482 τῆς
2741 4413 2950 4476 πόλεως
2979 4413 3121 4483 ὑπὲρ
3163 4413 3441 4485 σωτηρίας
3472 4416 3640 4485 αὐτῆς

2057 4507 2394 4579 ὠκνήσαμέν
2427 4523 2579 4570 ποτε,
2622 4504 2739 4558 ἀλλ’
2765 4504 2889 4575 οὐχί
2920 4507 3017 4559 καὶ
3053 4505 3217 4560 πλέον
3251 4508 3471 4561 πάντων
3517 4525 3641 4577 σχεο

2056 4602 2143 4656 δὸν
2196 4604 2276 4665 εἰς
2325 4602 2426 4671 τὴν
2487 4597 2697 4669 χρείαν·
2733 4598 2944 4667 ἕτοιμοι
2999 4597 3430 4668 παριστάμεθας
3474 4598 3548 4651 Τὸ
3583 4597 3640 4651 δὲ

2056 4694 2366 4765 προδιδόναι
2401 4710 2453 4745 τι
2485 4692 2583 4760 τῆς
2617 4691 2858 4755 πίστεως
2891 4688 3076 4755 ἀξιοῦν
3109 4690 3357 4756 ἑκόντας,
3386 4692 3462 4754 ῶς
3494 4691 3560 4744 ἀν
3607 4693 3639 4760 ή

2056 4786 2212 4850 πόλις
2238 4784 2402 4854 αὕτη,
2435 4785 2530 4837 καὶ
2556 4783 2624 4836 δι’
2651 4784 2825 4851 αὐτῆς
2857 4784 2890 4854 ή
2922 4781 3156 4836 καθόλου
3179 4782 3406 4846 σώζοιτο
3435 4782 3637 4847 πίστις,

2053 4883 2081 4934 ὀ
2129 4877 2456 4950 βουλόμενος
2513 4874 2828 4941 ἐπαινείτω.
2873 4873 3093 4928 Μᾶλλον
3135 4873 3191 4926 δὲ
3231 4872 3506 4943 εὐχόμεθα
3545 4875 3640 4926 καὶ

2054 4975 2181 5032 τοὺς
2241 4967 2338 5021 νῦν
2390 4967 2752 5030 ἐπαινοῦντας
2801 4964 2981 5034 τοῦτο,
3030 4966 3503 5038 μεταϐαλομένους
3544 4964 3641 5033 τὴν

2056 5062 2225 5132 ὀρθὴν
2270 5040 2463 5113 ’λαϐεῖν
2512 5060 2762 5129 γνώμην.
2800 5061 2863 5113 Εἰ
2902 5061 2957 5114 δὲ
2992 5060 3087 5113 καὶ
3121 5052 3268 5113 οὗτοι
3298 5060 3412 5121 τοῖς
3459 5058 3640 5118 αὐτοῖς

2057 5153 2424 5221 ἐπιμείνειαν,
2455 5151 2572 5202 ἀλλι
2600 5152 2697 5221 οἰχ
2728 5154 2887 5219 ἡμεῖς
2919 5168 2984 5219 γε
3007 5152 3072 5221 τῇ
3098 5149 3290 5221 γνώμῃ
3314 5149 3488 5217 ταύτῃ
3514 5148 3638 5201 ποτὲ

2058 5244 2357 5313 θησόμεθα,
2392 5243 2512 5297 οὐδὲ
2546 5243 2923 5313 βουλησόμεθα
2947 5241 3046 5313 τὴν
3069 5243 3424 5311 οἰκουμένην,
3450 5243 3497 5293 εἰ
3528 5236 3639 5294 οἶόν

2058 5355 2117 5388 τε
2166 5336 2253 5403 εἴη
2303 5336 2599 5404 σύμπασαν
2639 5336 2703 5388 εὖ
2746 5337 2943 5401 ποιεῖν,
2989 5335 3142 5388 αὐτοὶ
3186 5335 3264 5403 τῷ
3293 5334 3413 5403 Θεῷ
3455 5336 3548 5389 καὶ
3573 5338 3638 5405 τῇ

2061 5430 2290 5500 ἀληθείᾳ
2320 5428 2752 5499 προσκρούοντες
2790 5429 3133 5495 θανασίμως,
3166 5428 3261 5481 καί
3297 5427 3397 5497 τὴν
3424 5427 3642 5481 αίώνιον

2062 5522 2281 5574 κόάσιν
2306 5524 2425 5583 ταῖς
2447 5521 2643 5589 ψυχαῖς
2666 5519 2825 5589 ήμῶν
2851 5518 3255 5589 προξενοῦντες.
3276 5516 3407 5571 Εἶτα
3430 5521 3529 5587 καὶ
3548 5520 3643 5587 τὴν

2060 5612 2213 5665 πόλιν
2242 5611 2398 5681 ήμῶν
2432 5612 2726 5680 σύμπασαν
2751 5610 2970 5678 ὁρῶμεν
2998 5608 3362 5662 κοινωνοῦσαν
3395 5610 3527 5680 ἡμῖν
3548 5612 3641 5678 τῆς

2062 5704 2285 5771 γνώμης
2310 5701 2533 5769 ταύτης,
2570 5700 2708 5770 πλὴν
2737 5701 2935 5767 ὀλίγων
2971 5700 3068 5768 τῆς
3098 5699 3373 5755 ἀναιδείας
3402 5700 3636 5769 μεστῶν.

2057 5801 2190 5852 Φασὶ
2218 5799 2323 5868 ’,ἀρ
2350 5798 2523 5849 πάντα
2549 5796 2614 5850 ἂν
2640 5798 2939 5866 ὑποστῆναι
2973 5795 3194 5865 μᾶλλον,
3221 5795 3251 5864 ἢ
3278 5793 3377 5863 τὴν
3415 5795 3642 5863 πάτριον

2057 5890 2398 5963 ἀρνήσασθαι
2433 5889 2615 5955 δόξαν,
2657 5891 2744 5941 καὶ
2782 5888 2838 5942 τὸ
2880 5888 2987 5940 τῶν
3019 5887 3293 5957 πολεμίων
3321 5886 3441 5949 δέος
3489 5883 3638 5938 οὐδὲν
