4104 6426
430 330 537 393 745

1362 312 1727 385 EPISTULA
1769 323 1867 383 AD
1903 310 2228 383 MARCUM
2256 306 2730 384 EPIIESINm'I.

3542 272 3563 281 ”
3593 300 3697 372 746

425 441 634 513 ταύτης
677 439 788 494 ἔδει
842 436 1178 510 φροντίζειν.
1216 437 1353 492 Οὐτε
1401 437 1466 508 δὴ
1520 438 1716 505 σοφίας
1753 435 2012 501 ἐπίδειξις
2041 442 2086 498 Α
2115 432 2420 502 διατριϐαῖς
2453 435 2718 500 γενομένη
2751 432 2844 483 καὶ
2874 427 3091 495 ἄγνοια,
3123 425 3223 479 οὐκ
3273 421 3442 478 αὐτοῦ
3495 423 3698 492 μᾶλλον

426 530 497 605 ἢν
519 548 535 564 ο
573 533 637 586 οὐ
666 532 779 604 γὰρ
799 531 913 602 ἐρῶ
944 530 1152 602 ταύτης
1179 531 1370 585 οὐδένα
1399 531 1611 601 καιρὸν,
1644 531 1695 583 εἰ
1725 531 1798 600 μὴ
1828 528 2013 598 μέλλοι

424 645 512 691 τις
558 628 777 691 παίζειν
840 627 982 696 μετά
1024 626 1335 692 παιδαρίων
1375 626 1470 679 καὶ
1523 628 1658 694 παρ’
1714 623 2014 694 ἀκροαταῖς

427 721 583 778 οὐδὲν
611 719 795 776 αὐτῶν
827 718 1205 789 διαφέρουσιν,
1235 716 1331 771 σοῦ
1364 717 1434 770 τὰ
1483 715 1685 771 σαυτοῦ
1729 716 1890 785 μόνον
1920 715 2016 768 καὶ

427 815 497 868 τὰ
525 813 620 866 τοῦ
666 812 805 866 Θεοῦ
846 811 1208 881 πράττοντος,
1242 809 1340 864 καὶ
1372 810 1483 864 τῶν
1518 807 1810 879 ἡμετέρων
1845 822 2017 873 παιγ-

430 905 560 959 νίων
588 903 756 957 πάλαι
818 901 1253 969 κατεγνωκότος.
1284 899 1423 955 Οὐτε
1476 901 1569 954 τδν
1609 905 1776 970 σοφὸν
1806 902 2016 954 ἐκεῖνον

430 996 735 1067 ἐϐουλήθην
766 995 1016 1050 κολούειν
1038 1007 1056 1025 ⁸
1088 995 1215 1062 ἐμοὶ
1235 992 1344 1065 γάρ
1379 993 1554 1058 οὐδείς
1577 1010 1709 1047 ποτε
1738 993 1851 1047 τῶν
1873 994 2016 1061 ἀγαο

430 1087 545 1141 θῶν
577 1089 839 1156 ἐγγέγονε
867 1087 1067 1156 φθόνος
1087 1102 1100 1116 ·
1135 1086 1272 1141 ἀλλὰ
1306 1087 1595 1156 μέμφομαι
1636 1085 1737 1155 μὲν
1765 1083 2014 1154 ἐμαυτῷ,

434 1180 659 1233 ἐπειδὰν
718 1179 1067 1249 αἰσθάνωμαι
1101 1179 1344 1249 πολλαχῆ
1369 1176 1464 1231 τοῦ
1508 1177 1812 1248 πρέποντος
1836 1177 2017 1247 ἀμαρ-

435 1273 615 1325 τάνων
641 1289 655 1304 ο
689 1271 839 1340 ἀλγῶ
861 1271 919 1325 δέ
937 1270 1058 1325 λίαν
1089 1270 1232 1341 ὑπὲρ
1261 1269 1362 1339 τῆς
1389 1267 1500 1324 τῶν
1532 1267 1737 1339 ὁμοίων
1787 1266 2019 1338 ἀϐελτη-

444 1365 567 1433 ρίας
589 1380 605 1395 ο
639 1357 722 1427 οἷς
766 1363 812 1416 δ’
850 1361 918 1417 ἂν
952 1363 1156 1435 ἀρετήν
1180 1379 1306 1416 τινα
1362 1361 1611 1426 συνειδῶ,
1643 1360 1843 1431 χαίρω,
1880 1359 2017 1423 Θεὸς

440 1448 602 1517 οἶδεν,
626 1452 701 1518 ὠς
731 1453 888 1513 αὐτὸς
917 1451 987 1507 ἂν
1020 1453 1118 1505 καὶ
1171 1452 1346 1525 ταύτῃ
1376 1451 1851 1522 οἰκοδομούμενος.
1879 1449 2017 1504 Οὐδέ

440 1544 519 1614 τῷ
548 1545 796 1616 Γεμιστῷ
816 1545 997 1599 τοίνυν
1030 1544 1306 1615 ὴνὼχλησ’
1336 1543 1402 1597 ἄν
1435 1560 1590 1609 ποτε,
1619 1540 1695 1613 μὴ
1715 1541 1810 1596 τοῦ
1834 1558 2015 1595 συνει-

437 1641 586 1698 δότος
609 1638 823 1693 ἔνδοθεν
853 1637 1216 1708 ἐρεθίζοντος.
1252 1634 1421 1692 υῐσθα
1454 1636 1501 1691 δ’
1525 1638 1676 1697 ὅπως
1703 1635 1834 1706 περί
1854 1652 1920 1705 γε
1945 1634 2016 1689 τὰ

434 1730 663 1785 τοιαῦτα
719 1730 827 1800 χρὴ
880 1730 1213 1795 διακεῖσθαι,
1253 1730 1303 1783 εί
1362 1728 1440 1800 μὴ
1503 1728 1602 1800 τὴν
1645 1728 2012 1798 Ἀναξαγόρου

2118 526 2151 596 ἢ
2189 526 2370 579 κοινόν
2400 527 2517 576 ἐστι
2557 523 2654 576 τοῦ
2690 521 2882 591 γένους
2915 519 3282 592 ἀρρώστημα.
3317 517 3407 570 Διὸ
3430 519 3525 570 καὶ
3563 517 3700 585 πρὸς

2115 618 2217 686 τὴν
2236 617 2411 687 θήραν
2442 617 2537 685 τῆς
2567 614 2824 686 ἀληθείας
2854 614 2981 668 ἄνευ
3016 615 3110 665 τοῦ
3161 611 3326 682 μόνου
3360 611 3497 679 πρὶις
3527 608 3698 677 αὐτὴν

2115 706 2350 778 ὀργάνου
2390 705 2716 777 χωροῦντες,
2747 703 2971 773 ἀγνοίας
3006 696 3197 774 μεστοὶ
3228 702 3323 756 καὶ
3358 703 3567 770 πλάνης
3618 700 3699 752 είέ

2119 798 2291 861 κότως
2320 795 2719 867 ἀναχωροῦσιν.
2764 794 2907 848 Ἀλλ’
2938 794 3129 848 ἔλαθον
3170 794 3429 864 ἐμαυτον,
3464 792 3602 862 πρὸς
3640 788 3701 844 ὃν

2117 891 2178 943 οὐ
2227 889 2355 961 χρὴ,
2415 886 2881 959 παραιτούμενος.
2917 886 3014 949 Τίς
3069 886 3179 956 γάρ
3213 902 3309 938 σου
3360 884 3568 955 βέλτιον
3601 882 3702 954 τὴν

2117 981 2258 1053 ἐμὴν
2285 977 2396 1036 οἶδε
2422 981 2753 1052 προαίρεσιν
2778 997 2794 1049 ;
2821 975 2996 1050 Οἶμαι
3029 979 3088 1033 δὲ
3118 980 3245 1042 τοὺς
3289 979 3455 1048 ἐμοὺς
3483 979 3702 1045 γονέας,

2117 1074 2175 1128 οἵ
2203 1091 2295 1134 μοι
2344 1073 2525 1128 πάντα
2566 1073 2885 1144 συνῄδεσαν,
2917 1072 3230 1144 διδαχθῆναι
3266 1073 3332 1126 ἄν
3362 1071 3539 1140 αὐτὴν
3570 1087 3701 1122 ποτε

2119 1166 2273 1236 παρά
2298 1165 2417 1244 σοῦ.
2458 1165 2688 1236 Ὠςεγάρ
2717 1167 2914 1219 ἐκεῖνοι
2948 1169 3047 1235 τῆς
3096 1165 3333 1233 φύσεως,
3361 1163 3531 1224 οὕτως
3564 1164 3705 1215 αὐτά

2121 1274 2213 1327 μοι
2251 1258 2427 1326 λόγων
2457 1275 2516 1311 τε
2567 1263 2663 1311 καὶ
2705 1258 2855 1328 ἠθῶν
2914 1257 2980 1310 τὰ
3028 1256 3321 1326 σπέρματα
3373 1254 3703 1309 κατεϐάλουι

2121 1354 2380 1407 Κάκεῖνοι
2418 1358 2518 1422 μὲν
2578 1351 2747 1418 ἅπαξ,
2789 1351 2854 1405 σὺ
2887 1352 2943 1404 δὲ
2999 1351 3170 1405 πολὺν
3222 1351 3373 1420 ἡμᾶς
3404 1347 3706 1418 ἐγεώργεις

2117 1448 2210 1501 τὸν
2237 1446 2461 1518 χρόνον
2493 1446 2624 1501 ὥστ’
2648 1444 3040 1516 ἐπιγινώσκοις
3064 1445 3129 1497 ἂν
3153 1444 3220 1497 τὰ
3253 1444 3478 1507 σαυτοῦ,
3513 1444 3615 1505 τΞις
3647 1445 3706 1496 ὲν

2118 1540 2251 1610 ἡμῖν
2281 1538 2500 1603 εἰκόνας
2528 1539 2737 1593 τούτων
2765 1539 3081 1610 γινώσκων.
3114 1539 3214 1592 Διά
3245 1536 3339 1591 τοῦ
3357 1536 3393 1589 τ’
3418 1537 3526 1606 ap:
3566 1553 3699 1607 πτρο

2119 1633 2391 1685 αιτεῖσθαι
2429 1631 2512 1686 δεῖ
2572 1632 2795 1700 μᾶλλον,
2821 1633 2848 1685 ὅ
2874 1650 2925 1685 τι
2953 1629 3341 1703 παραιτεῖσθαι
3374 1629 3714 1700 προσέχρην)

2120 1720 2326 1778 Τούτου
2362 1725 2425 1796 δὴ
2462 1724 2558 1781 τοῦ
2588 1725 2796 1794 βιϐλίου
2827 1725 3016 1779 πολλοὶ⁵
3050 1723 3148 1795 μὲν
3177 1724 3405 1796 ᾔσθοντο
3433 1724 3544 1776 τῶν
3575 1713 3709 1793 πεκρό

439 1789 1091 1891 μέλλοιμενὶύφίστασθαι
1125 1789 1646 1889 σύγχυσιν-Καίτοι
1677 1789 1822 1879 τινὲς
1852 1789 2095 1869 αὐτδνίἚ
2122 1818 2261 1889 ἡμῖν
2290 1789 2630 1889 γινομένων·
2670 1818 2704 1890 ἡ
2732 1819 2788 1872 δὲ
2825 1818 2985 1890 φήμη
3023 1789 3118 1872 καὶ
3165 1789 3300 1890 πρὸς
3349 1820 3477 1881 τοὺς
3516 1789 3707 1889 πόῤῥω

441 1915 540 1984 μὲν
577 1913 827 1969 εὐσεϐεῖν
858 1929 1026 1982 φασιν
1064 1913 1121 1966 ἐν
1146 1914 1214 1983 τῇ
1247 1911 1379 1982 περὶ
1423 1909 1518 1964 τοῦ
1566 1908 1705 1962 Θεοῦ
1744 1908 1894 1979 δόξῃ,
1921 1908 2020 1961 καὶ

439 2007 579 2077 μήτε
615 2005 895 2059 διδάσκειν
941 2004 1080 2074 μήτε
1136 2003 1480 2073 συγγράφειν
1531 2001 1858 2071 νομοθεσίαν
1892 1999 2019 2071 τινά

438 2097 786 2167 καινοτέραν,
815 2096 873 2149 ἐν
973 2097 1042 2151 τὰ
1073 2095 1325 2167 ἡμέτερα
1359 2093 1702 2163 διασύρεται,
1725 2092 1842 2147 ἀλλ’
1873 2093 2020 2164 ἡμᾶς

436 2190 544 2242 ὑπὸ
571 2188 1043 2260 βασκανίαςαύτῷ
1075 2188 1338 2260 τοιαύτην
1372 2189 1565 2259 φήμην
1611 2187 1854 2259 ἐγείρειν
1881 2202 1893 2215 ·
1926 2185 2021 2250 οὒς

436 2283 464 2335 ό
489 2280 680 2350 χρόνος
705 2281 919 2351 ἐλέγξει
946 2280 1071 2336 λίαν
1100 2279 1751 2349 ἀπατωμένους.”Αλλως
1796 2279 1854 2333 δὲ
1883 2278 2021 2348 χρή-

439 2389 599 2442 σιμος
647 2374 676 2426 ὁ
713 2372 875 2443 ἀνὴρ,
903 2373 999 2428 καὶ
1049 2376 1116 2444 τῇ
1156 2373 1259 2444 μιν
1310 2372 1684 2444 εὐγενεστάτη
1741 2371 1821 2444 τῷ
1870 2373 2021 2440 γένει

439 2463 597 2534 ἡμῶν
623 2467 776 2535 φωνῇ
806 2465 1024 2530 οὐδενὸς
1060 2465 1129 2520 ἂν
1175 2465 1461 2537 ἡττηθείη,
1491 2459 1560 2539 ἧς
1602 2465 1699 2519 καὶ
1728 2465 2021 2533 Κικέρωνα

440 2557 537 2612 καὶ
600 2557 833 2622 πολλοὺς
860 2557 1055 2620 ἄλλους
1089 2558 1156 2613 ἐκ
1188 2558 1291 2626 τῆς
1326 2558 1627 2629 ὑπερορίας
1669 2557 1830 2627 ἴσμεν
1864 2557 2022 2625 Ἀθή·

439 2666 594 2724 νῃσιν
619 2650 1054 2722 ἐπιμεληθέντας
1076 2666 1090 2684 ⁸
1130 2653 1331 2716 καίτοι,
1361 2651 1463 2721 τῆς
1487 2650 1762 2723 ἐγχωρίου
1791 2649 2021 2715 Μούσης

439 2742 910 2814 ἐμπεπλησμένοι,
967 2745 1112 2798 πάνυ
1159 2761 1214 2798 τι
1270 2744 1437 2798 καλὸν
1498 2743 1651 2816 ᾄδειν
1693 2743 2018 2814 ὴπίσταιτο.
2076 2748 2081 2763 ³

440 2838 617 2893 Πολλά
645 2836 703 2889 δὲ
730 2838 827 2906 τῆς
865 2835 1033 2908 ἄλλης
1066 2836 1260 2907 σοφίας
1294 2834 1407 2906 ἔχει
1442 2833 1792 2907 συνειλοχὼς.
1844 2832 2023 2887 Ἠθῶν

438 2926 497 2981 δέ
526 2926 689 2993 ἕνεκα
743 2927 850 2981 κᾶν
881 2927 1090 2997 γένοιτο
1141 2928 1255 2989 τοῖς
1291 2926 1580 2996 νεωτέροις
1646 2925 2021 3000 παράδειγμα,

440 3014 521 3083 οἷς
565 3018 771 3090 ἀρετῆς
826 3036 880 3072 τι
929 3018 1088 3088 μέλει
1144 3017 1412 3090 γνησίως.
1463 3014 1635 3071 Οἶσθα
1697 3017 1791 3073 τὸν
1853 3019 2024 3088 ἄνδρα

2124 1909 2315 1979 φίλους
2340 1904 2659 1980 ἐξέδραμεν,
2693 1907 2742 1963 οἳ
2793 1913 2904 1974 τοῖς
2946 1910 3236 1982 ἡμετέροις
3274 1911 3362 1964 ἀεὶ
3414 1911 3703 1981 χαίροντες

2122 2002 2330 2071 λόγοις,
2362 2001 2604 2058 ἐνταῦθα
2631 2002 2694 2073 δὴ
2730 2003 2977 2073 βελτίους
3002 2004 3036 2074 ἢ
3075 2002 3315 2074 πρόσθεν
3363 2004 3508 2075 ἡμᾶς
3542 2004 3710 2074 εὐρήῖ·

2126 2111 2242 2149 σειν
2266 2095 2606 2163 ἐλπίζουσιν,
2639 2096 2715 2160 ὼς
2753 2097 2854 2149 οὐκ
2898 2095 3156 2165 ἀγεννοῦς
3184 2096 3498 2158 ὑποθέσεως
3539 2097 3705 2167 ἀρξα-

2125 2186 2325 2259 μένους
2348 2202 2364 2218 ⁸
2390 2189 2486 2245 καὶ
2514 2188 2605 2242 διὰ
2629 2188 2790 2242 τοῦτο
2820 2189 3138 2258 πέμπεσθαι
3172 2188 3358 2257 σφίσιν
3378 2187 3709 2243 ἀπαιτοῦσιν

2123 2280 2457 2352 ἐγκείμενοι.
2504 2282 2651 2351 Ἐγὼ
2687 2281 2745 2335 δὲ
2800 2281 2912 2335 δεῖν
2945 2283 3246 2354 ἡγησάμην
3282 2281 3362 2352 τῷ
3393 2282 3580 2360 κανόνι
3610 2282 3711 2352 τῆς

2125 2374 2227 2446 σῆς
2272 2375 2468 2446 τέχνης
2518 2375 2783 2446 πρότερον
2825 2374 3160 2446 προσαχθὲν,
3200 2373 3347 2429 οὕτω
3376 2377 3489 2439 τοῖς
3525 2375 3711 2438 ἇῖιλοις

2125 2467 2298 2521 ἅπασι
2324 2466 2637 2535 φαίνεσθαι.
2669 2468 2733 2521 EE
2754 2469 2864 2538 γὰρ
2894 2469 2988 2520 καὶ
3025 2467 3211 2520 πολλοί
3238 2486 3382 2531 τινες
3408 2464 3551 2538 ἦσαν
3577 2470 3711 2538 ἡμῖν

2123 2557 2327 2628 ὁμοίως
2362 2575 2446 2612 σοι
2494 2560 2561 2612 τΞι
2594 2546 2833 2613 τοιαῦτα
2867 2560 3176 2629 δυνάμενοι,
3213 2561 3297 2613 σοὶ
3326 2561 3434 2631 πρὸ
3490 2561 3712 2614 πάντων

2125 2650 2428 2721 προσάγειν
2465 2650 2659 2722 ἐχρῆν,
2714 2651 2930 2714 εὐνοίας
2971 2670 3032 2704 τε
3086 2653 3272 2706 εἵνεκα
3311 2652 3407 2706 καὶ
3453 2646 3522 2724 ἦς
3556 2649 3711 2706 εἷπον

2127 2744 2457 2812 συγγενείας
2483 2745 2593 2798 τῶν
2627 2744 3310 2817 λόγων,νέπιμελησομένῳ
3340 2745 3534 2799 τούτου
3568 2749 3710 2799 πάνυ

2126 2837 2346 2902 καλῶς’
2395 2836 2492 2891 νῦν
2524 2838 2632 2908 γὰρ
2679 2839 2774 2891 καὶ
2803 2839 2998 2910 τέχνης
3027 2839 3212 2892 εἵνεκα
3250 2839 3364 2893 τῶν
3403 2839 3537 2908 παρ’
3582 2842 3715 2909 ἡμῖν

2125 2928 2385 2983 ἁπάντων
2412 2929 2693 3001 προέχεις.
2742 2930 2806 2984 Τί
2837 2928 2905 2985 ἂν
2941 2927 3035 2985 οὖν
3072 2930 3599 3001 γένοιτο’τοιαύτης
3635 2950 3716 2983 τι-

2132 3021 2407 3092 μιώτερον
2433 3022 2709 3093 στάθμης,
2766 3025 2831 3095 ἢν
2876 3021 2991 3076 οὐτ’
3023 3014 3240 3092 ἀγνοεῖν
3285 3022 3408 3076 οὔτε
3441 3023 3714 3092 κρύπτειν

443 3109 607 3163 πλέον
634 3106 793 3176 ἐμοῦ.
827 3108 925 3162 Διά
958 3107 1129 3162 ταῦτα
1168 3110 1352 3162 τοίνυν
1378 3108 1708 3180 ἀπεσχόμην
1754 3107 1825 3162 ἂν
1854 3108 2023 3163 αὐτοῦ
2049 3129 2096 3194 c
2128 3114 2408 3185 ἐνδέχεται
2439 3115 2541 3180 τὰς
2572 3116 2629 3168 ἐν
2657 3117 2773 3179 τοῖς
2813 3115 2995 3183 λόγοις
3027 3116 3345 3186 ἀνωμαλίας
3375 3133 3391 3183 ;
3440 3115 3718 3169 Ἐπελοὼν

442 3203 540 3257 καὶ
567 3194 643 3256 ὧν
675 3201 796 3256 κατ’
842 3201 1251 3273 Ἀριστοτέλους
1281 3200 1692 3275 συγγέγραφεν.
1723 3199 1932 3265 ’Ἄλλως
1964 3219 2024 3256 τε

445 3293 565 3347 οὐδὲ
611 3294 827 3377 σφόδρα.
863 3294 1153 3348 ἐπαινετόν
1182 3296 1302 3348 ἐστι
1350 3295 1480 3365 τοὺς
1534 3294 1771 3348 ἑκάστου
1826 3293 2028 3365 χυλοὺς

447 3389 690 3459 ἐλέγχειν
711 3402 726 3419 ⁶
755 3387 894 3442 ἀλλά
928 3386 1011 3440 δεῖ
1033 3386 1237 3456 μᾶλλον
1284 3386 1672 3442 ἀποδεικνύειν
1706 3388 1776 3442 τά
1807 3387 2026 3458 ἀληθῆ·

446 3484 678 3546 καὶτοῖς
708 3480 1117 3536 ἐπιδείκνυσθαι
1155 3479 1504 3551 βουλομένοις
1532 3482 1567 3550 ὴ
1596 3480 1890 3551 φιλοσοφία
1925 3497 2029 3552 μυ-

451 3574 579 3642 ρίας
605 3573 735 3636 ὐλας
764 3571 1147 3645 προϐάλλεται,
1173 3573 1233 3627 ὲν
1258 3562 1347 3637 αἶς
1377 3571 1527 3626 ἔστιν
1548 3572 1863 3644 εὐδοκιμεῖν
1889 3571 2031 3642 μετὰ

449 3665 543 3720 τοῦ
575 3665 765 3737 μηδενὶ
809 3665 1180 3736 προσκρούειν
1209 3664 1321 3718 τῶν
1357 3664 1553 3734 φίλων.
1581 3660 1727 3733 Ἐγὼ
1779 3664 1835 3718 δὲ
1886 3662 2031 3719 ἐκὼν

453 3776 581 3812 ποτε
608 3759 801 3811 λυπεῖν
838 3746 1039 3812 οὐδένα
1076 3755 1424 3828 προῄρημαι.
1459 3757 1522 3810 Et
1564 3756 1621 3811 δὲ
1673 3756 2027 3827 διαλεκτικῆς

458 3851 684 3923 μεθόδου
737 3851 939 3922 ἥκιστα
975 3849 1197 3905 πάντων
1243 3849 1393 3922 αὐτῷ
1450 3849 1723 3920 μέτεστιν,
1753 3849 1783 3903 δ
1815 3849 1879 3922 δὴ
1932 3849 2031 3904 καὶ

455 3945 553 4015 τῆς
583 3943 793 4014 πλάνης
822 3945 994 3997 αίτιον
1024 3941 1176 4013 αὐτῷ
1206 3945 1300 3997 καὶ
1332 3941 1548 4006 πολλοῖς
1574 3942 1756 4005 ἄλλοις
1785 3944 2026 4011 ἐγένετο,

448 4036 585 4091 ἀλλά
619 4035 829 4091 τούτων
863 4038 928 4090 ἐκ
956 4034 1156 4090 πολλοῦ
1194 4034 1394 4107 χρόνον
1434 4037 1637 4098 σπάνις
1670 4035 1729 4089 ἐν
1752 4036 1873 4098 ταῖς
1898 4034 2027 4105 τῇδε

2129 3205 2313 3259 τοίνυν
2343 3204 2496 3259 ἅπαν
2547 3204 2705 3258 τοῦτο
2745 3204 2949 3270 καλῶς,
2995 3205 3065 3258 τὰ
3100 3207 3176 3275 μὴ
3201 3204 3471 3260 δοκοῦντά
3502 3218 3587 3258 σοι
3618 3223 3714 3258 κα-

2130 3294 2240 3360 λῶς
2277 3296 2532 3366 εἰρῆσθαι
2564 3296 2838 3367 διάγραφε
2873 3299 2971 3353 καὶ
2996 3297 3142 3352 δίδου
3202 3298 3364 3370 πυρί.
3424 3299 3560 3369 Περὶ
3616 3299 3720 3366 μὲν

2131 3388 2279 3442 δυοῖν
2302 3388 2475 3457 φίλων
2518 3387 2629 3441 οὐδ’
2663 3387 2731 3443 ἂν
2766 3387 2929 3451 αὐτὸς
2977 3385 3306 3459 ἀξιώσαιμι.
3357 3390 3558 3442 Καίτοι
3607 3389 3719 3442 τῶν

2143 3480 2516 3552 ’Δριστοτέλει
2577 3479 2998 3550 προσκειμένων
3051 3473 3194 3533 εἷναί
3242 3496 3302 3533 σε
3348 3481 3494 3535 πάνυ
3535 3480 3720 3541 καλῶς

2133 3568 2276 3638 οῖδα,
2316 3571 2426 3626 τῶν
2474 3571 2569 3625 τοῦ
2605 3572 2898 3635 Πλάτωνος
2936 3572 3136 3625 ὁπόσον
3169 3571 3277 3643 χρὴ
3305 3572 3467 3642 μόνον
3505 3572 3721 3640 θαυμά-

2135 3667 2320 3731 ζοντα.
2362 3661 2506 3717 Ἀλλ’
2553 3666 2604 3717 εί
2632 3663 2714 3717 δεῖ
2763 3666 2876 3728 τοῖς
2911 3664 3089 3733 φίλοις
3135 3661 3470 3733 πέμπειν,ῆ
3513 3662 3718 3717 διδόναι

2133 3756 2290 3828 πυρί.
2343 3756 2575 3809 Ἐκεῖνοι
2623 3755 2695 3820 δ’,
2729 3755 2807 3819 ὡς
2858 3756 2927 3810 ἂν
2982 3755 3201 3824 ἑκάστῳ
3233 3753 3387 3824 δόξῃ,
3444 3746 3588 3806 οὕτω
3618 3755 3719 3823 τὴν

2128 3853 2262 3920 περὶ
2311 3847 2578 3919 ἀληθείας
2630 3847 2741 3902 τῶν
2777 3846 2956 3916 λόγων
2996 3847 3180 3917 ψῆφον
3239 3847 3554 3918 φερόντων·
3594 3849 3719 3917 ἐμοὶ

2127 3942 2237 4013 γὰρ
2266 3940 2392 3996 ἀντὶ
2420 3940 2642 3995 πάντων
2675 3939 2710 4010 ἡ
2736 3938 2805 4008 σὴ
2834 3939 3014 4010 ψῆφος
3040 3938 3290 4011 ἀρκέσει.
3790 3940 3799 3947 ’

458 4255 3696 4287 MM

1734 4415 1966 4504 ΤΟΥ
2031 4409 2416 4519 ΑΥΤΟΥ

1290 4603 1382 4665 ΕΚ
1412 4608 1549 4663 ΤΩΝ
1574 4605 1758 4663 ΥΠΕΡ
1804 4603 2333 4663 ΑΡΙΣΤΟΤΕΛῦϊὲ
2388 4597 2865 4657 ΔΝΤΙΛΗΨΕΩΝ.

532 4924 754 4998 Ἐπειδὴ
787 4918 850 4979 τί)
877 4923 1080 4998 βιϐλίον
1108 4923 1222 4978 τῶν
1270 4921 1391 4979 κατ’
1425 4921 1834 4991 Ἀριστοτέλους
1870 4920 2032 4988 βλασ-
2063 4925 2110 4981 D
2139 4918 2333 4987 σοφίας
2361 4918 2488 4971 ὅσον
2519 4915 2673 4987 αὐτῷ
2708 4914 2962 4988 Πλήθωνι
2990 4914 3453 4986 ὀρχηστικῆς.....
3479 4914 3641 4968 Ὅσοι
3664 4913 3724 4967 δέ

452 5016 677 5087 φημιῶν
709 5015 807 5071 καὶ
832 5017 913 5080 εἰς
945 5016 1094 5087 ἡμᾶς
1118 5014 1216 5085 όψέ
1241 5012 1610 5086 περιῆλθεν...
1642 5014 1819 5068 Ἔνιοι
1848 5014 1907 5067 δέ
1934 5013 2031 5067 καὶ

450 5110 965 5182 εὐγνωμονέστερον
1018 5109 1224 5178 ἀμφοῖν
1282 5107 1709 5179 διακούσαντες,
1777 5104 2028 5174 συνῆψαν

448 5201 617 5269 ἄμφω
646 5197 726 5252 τὼ
763 5196 1044 5268 φιλοσόφω
1069 5199 1188 5260 ταῖς
1216 5196 1490 5267 γνώμαις,
1521 5197 1616 5250 καὶ
1645 5195 1747 5266 τὴν
1776 5197 1835 5259 ἐς
1886 5195 2030 5250 Πλά-

446 5305 596 5342 τωνα
652 5288 919 5359 διαφορὰν
954 5288 1333 5359 -Ἂριστοτέλει
1367 5288 1500 5356 περὶ
1557 5286 1621 5341 τὸ
1669 5287 1770 5358 τῆς
1824 5286 2029 5352 λέξεως

449 5381 780 5450 φαινόμενον
824 5378 1102 5450 συμϐῆναι
1161 5379 1324 5448 μόνον
1377 5378 1585 5447 φασί...
1627 5379 1770 5443 Τοὺς
1828 5379 1885 5433 δὲ
1934 5378 2031 5433 νῦν

450 5471 734 5535 Πλάτωνος
785 5470 1126 5542 ἡττωμένους
1152 5473 1211 5524 ἐν
1248 5471 1471 5541 Ἰταλίᾳ,
1504 5464 1585 5532 οἷς
1626 5487 1761 5540 φησι
1807 5471 2030 5541 χαριζό-

450 5580 612 5632 μενος
640 5564 740 5634 τὴν
788 5563 1051 5632 τοιαύτην
1109 5563 1500 5632 πραγματείαν
1526 5561 1715 5616 λαϐεῖν
1750 5563 1844 5627 ἐπὶ
1879 5563 2032 5631 νοῦν,

446 5656 609 5726 ῖσμεν
648 5656 791 5720 τίνες
850 5655 991 5710 είσί*
1034 5657 1131 5711 καὶ
1161 5656 1347 5727 ἐώρων
1385 5654 1570 5708 πολλοὶ
1597 5654 1673 5724 τῷ
1723 5655 1880 5726 ἀνδρὶ
1902 5672 2034 5723 συγο

447 5740 776 5820 γινομένους
806 5749 1008 5811 αὐτοὺς
1038 5749 1178 5814 ἐκεῖ,
1212 5742 1292 5810 οἷς
1330 5746 1588 5803 τοσοῦτον
1624 5747 1849 5819 μέτεστι
1874 5747 2033 5819 φιλο-

763 5842 1038 5903 ΡΑΤλοι.
1080 5843 1198 5904 Gn.
1245 5839 1421 5901 CLX.

2132 5015 2192 5065 ἐν
2221 5012 2435 5081 ἑσπέρᾳ
2469 5010 2582 5063 τῶν
2624 5007 2947 5079 φιλοσοφίας
2980 5006 3277 5076 δογμάτων
3316 5001 3557 5079 γνησίως
3598 5010 3726 5061 ἐπεδ

2140 5103 2483 5173 μελήθησαν,
2511 5103 2610 5174 οὐχ
2633 5101 2837 5173 ὁμοίως
2873 5101 2943 5154 τὰ
2972 5099 3198 5154 τοιαῦτα
3225 5100 3506 5170 κρίνουσιο
3539 5099 3726 5171 κρείτ-

2133 5213 2261 5260 τους
2294 5196 2352 5249 δὲ
2380 5195 2607 5265 ἀριθμῴ
2636 5195 2827 5265 σχεδόν
2854 5195 2996 5247 εἰσιν
3030 5192 3085 5246 οῖ
3112 5210 3175 5260 γε
3222 5192 3484 5256 τοιοῦτοι.
3516 5186 3592 5247 ὧν
3627 5194 3724 5247 αὐ-

2134 5289 2225 5353 τὸς
2259 5288 2358 5341 οὐκ
2382 5287 2590 5356 ὀλίγοις
2622 5288 3000 5357 ἐνέτυχον.....
3040 5285 3208 5338 Ὥστε
3258 5285 3307 5337 εί
3361 5285 3437 5357 μὴ
3467 5284 3539 5339 δι’
3574 5286 3725 5356 Ἀρι·

2136 5380 2362 5452 στοτέλη
2384 5381 2485 5434 οὐκ
2505 5380 2570 5434 ἂν
2592 5381 2829 5450 φυσικῆς
2854 5378 3177 5448 φιλοσοφίας
3200 5377 3259 5431 τὸ
3283 5378 3393 5432 τῶν
3420 5378 3724 5448 ἀνθρώπων

2137 5477 2356 5547 μετεῖχε
2387 5475 2662 5542 γένος.....
2695 5474 2784 5526 Ἐν
2810 5472 2888 5544 τῷ
2919 5472 3320 5544 ἐπιχειρήματι
3349 5470 3525 5538 τούτῳ
3550 5472 3724 5533 τινὰς,

2091 5616 2102 5624 .
2133 5569 2263 5631 τοῦς
2293 5567 2660 5635 Χριστιανοὺς
2700 5566 2873 5636 ἡμᾶς,
2929 5564 3312 5636 αἰνιττόμενος
3347 5564 3399 5637 [ὁ
3445 5563 3725 5635 Πλήθωεῴ

2135 5660 2202 5713 ἐκ
2227 5660 2471 5722 Μωσέως
2497 5659 2601 5728 τὴν
2623 5657 2782 5723 δόξαν
2806 5658 3014 5726 ταύτην
3042 5658 3473 5730 προειληφότας,
3501 5656 3732 5727 σύμφωέ

2138 5752 2231 5810 νόν
2266 5768 2370 5805 που
2406 5752 2475 5821 τῇ
2535 5749 2889 5821 Χριστιανῶν
2925 5750 3105 5806 πίστει
3166 5753 3262 5807 καὶ
3297 5751 3461 5807 αὶτὸν
3492 5750 3728 5820 ἀποφαί-

3346 5843 3426 5904 24
