4104 6408
391 258 489 322 751

1492 255 1749 316 GENNA
1763 253 1868 315 DH
1918 251 2027 312 CP.
2066 249 2584 315 PATRIABCll/E
3535 249 3630 311 752

390 370 482 424 καὶ
515 370 622 432 τοῖς
667 368 878 424 ὀδοῦσιν
910 370 1294 440 ἀντιπαταγεῖ,
1332 373 1427 424 καὶ
1471 372 1546 429 ὡς
1597 371 1711 442 πῦρ
1759 374 1824 424 ἐκ
1856 369 1965 422 τῶν
1994 366 2043 428 Α
2073 371 2270 440 εὐχῶν,
2304 373 2398 426 καὶ
2430 370 2525 425 τοῦ
2552 369 2702 438 παρά
2737 370 2849 433 τοῖς
2887 367 3102 422 πάντων
3131 365 3356 439 ᾄδεσθαι
3391 366 3628 436 στόμασι,

389 461 688 532 ὀφθαλμῶν
725 463 940 534 ἀφίησι,
979 463 1072 517 καὶ
1105 462 1181 528 ὡς
1209 464 1380 534 ἀφρὸς
1411 464 1561 532 αὐτῷ
1603 463 1840 530 περιζεῖ,
1879 463 1972 516 καὶ

391 552 466 617 ὡς
497 552 702 623 τραχύς
751 555 864 607 ἐστι
901 555 1039 626 πρὸς
1089 555 1282 625 ὀργὴν,
1319 553 1623 616 ἀκάθεκτος
1653 553 1744 606 τὸν
1778 551 1970 622 θυμὸν,

391 647 690 718 δύσμαχος,
736 648 1072 712 δυσάλωτος,
1102 646 1632 715 δυσκαταγώνιστος,
1686 643 1971 716 προωθῶν,

396 742 928 812 προσρηγνύμενος,
991 741 1306 810 ἐμπίπτων,
1353 740 1698 809 ἀνατρέπων.
1761 738 1975 791 κόπτων

395 836 506 896 τοῖς
545 833 778 897 ὀδοῦσιν,
817 833 1184 905 ἀναρρηγνὺς,
1219 831 1369 902 ῥύμη
1394 830 1584 894 ἐπιὼν,
1619 830 1792 901 ρόθιος
1831 847 1977 897 συμ-

399 926 704 996 προχωρῶν
728 968 741 990 ,
795 926 889 978 καὶ
939 924 1013 987 ὼς
1043 924 1141 994 τὴν
1176 923 1352 994 ὁρμὴν
1388 922 1482 975 καὶ
1524 922 1844 992 δυσκίνητος
1874 921 1974 992 (1),

400 1017 494 1070 καὶ
527 1015 602 1078 ὡς
633 1016 732 1076 τὰς
766 1016 940 1083 ἄρκυς
983 1013 1296 1084 διακόψειεν
1328 1011 1415 1076 ἂν,
1449 1013 1544 1065 καὶ
1584 1010 1685 1074 τάς
1719 1011 1979 1074 στάλικας

400 1105 745 1175 ἀνατρέψειε.
783 1106 879 1158 καὶ
900 1105 967 1158 τὰ
995 1105 1188 1175 δένδρα
1217 1102 1493 1177 πρόρριζα
1537 1102 1866 1172 ἐκτρίψειεν,
1898 1101 1980 1154 ἐτι

406 1198 524 1260 πῶς
549 1199 695 1250 ἐστιν
720 1197 1063 1268 ὑπέρθυμος,
1099 1197 1474 1266 δυσόργιστος,
1505 1195 1769 1265 ἔμπυρος,
1813 1192 1981 1264 ὑπέρ-

406 1295 642 1360 ασθμος,
663 1291 720 1341 ἐν
741 1289 796 1341 δὲ
823 1289 1076 1359 πλαγίοις
1101 1292 1212 1354 τοῖς
1240 1290 1422 1344 ὀδοῦσι
1447 1291 1556 1344 τῶν
1586 1290 1762 1342 κυνῶν
1781 1286 1840 1339 τὸ
1864 1286 1981 1356 τρί-

403 1399 567 1450 χωμα
601 1381 932 1450 ἐπιφλέγων,
964 1381 1128 1449 ὥστε,
1161 1383 1210 1434 εί
1247 1383 1341 1438 καὶ
1373 1382 1701 1436 ἀποθανόντι
1742 1381 1820 1451 τῷ
1854 1396 1984 1451 χαυ-

403 1473 632 1527 λιόδοντι
649 1473 1011 1542 προσενέγκοι
1033 1491 1116 1536 τις
1135 1473 1348 1544 τρίχας,
1367 1475 1486 1536 πῶς
1507 1475 1582 1538 ὡς
1603 1475 1708 1537 ἀπὸ
1733 1473 1902 1542 πυρὸς
1929 1471 1982 1526 αἱ

403 1569 590 1637 τρίχες
614 1568 962 1640 συνέρχονται
987 1569 1085 1639 (2)·
1107 1567 1251 1622 οὕτω
1274 1569 1410 1621 πολὺ
1434 1569 1494 1621 τὸ
1513 1568 1784 1636 φλογῶδες
1813 1568 1984 1638 πρόσ-

405 1677 557 1714 εστιν
591 1663 656 1714 ὲκ
684 1663 777 1714 τοῦ
813 1660 985 1731 θυμοῦ
1013 1660 1091 1732 τῷ
1123 1661 1334 1732 θηρίῳο
1367 1662 1394 1714 6
1428 1661 1485 1714 δὲ
1533 1661 1840 1731 κυνηγέτης
1870 1653 1983 1721 οἷος

377 1747 497 1816 ’σὺ,
524 1753 642 1816 πῶς
678 1753 860 1823 ἐμϐοᾷ
888 1755 999 1816 τοῖς
1029 1753 1207 1816 κυσὶν,
1239 1752 1540 1820 ἐγκελεύει,
1569 1754 1978 1821 ἐνσημαίνεται,

404 1844 714 1914 ἐποτρύνει,
749 1844 1162 1914 προσκαλεῖται,
1198 1847 1519 1914 προτρέπει,
1551 1845 1835 1915 παρορμᾷ,
1865 1844 1982 1908 πῶς

403 1952 463 1988 τε
501 1935 737 1988 συνθέων
769 1935 1000 2004 γίνεται,
1057 1935 1430 2005 μεταδιώκων,
1480 1938 1797 2006 συμπονῶν,
1849 1953 1984 2004 συμ-

406 2027 884 2098 προθυμούμενος,
924 2029 1468 2098 συνδιερευνὼμενος.
1519 2027 1706 2083 Ταῦτα
1747 2029 1853 2098 γὰρ
1888 2046 1986 2081 κα-

406 2121 512 2179 λῶς
543 2119 868 2172 ἐπίστασθαί
913 2136 972 2172 σε
1009 2119 1317 2189 πέπεισμαι
1357 2121 1415 2172 ἐν
1447 2119 1840 2191 Πελοποννήσῳ
1870 2119 1988 2173 δια-

402 2211 673 2281 τρίψαντα
729 2212 919 2282 χρόνον
957 2211 1154 2281 συχνὸν
1211 2213 1347 2282 μετά
1397 2211 1507 2265 τῶν
1553 2211 1888 2283 Ἰλλυρικῶν,
1935 2212 1986 2266 οἶ

405 2306 547 2378 πρὸς
572 2305 847 2374 διέγερσιν
889 2306 985 2360 καὶ
1031 2307 1344 2376 γυμνασίαν
1381 2306 1560 2359 κυνῶν
1607 2307 1751 2361 εἰσιν
1795 2307 1990 2377 ἐπιτή-

405 2400 566 2454 δειοι.
599 2397 784 2462 Ἕξεις
835 2397 892 2452 δέ
944 2397 1091 2468 κάμέ
1145 2397 1514 2468 συνεπόμενον
1564 2403 1658 2451 καὶ
1695 2399 1991 2468 συμπράτ-

406 2508 594 2553 τοντα,
625 2491 689 2544 οὐ
739 2494 900 2560 μόνον
933 2491 1035 2561 ἤδη
1091 2491 1228 2562 πρὸς
1275 2492 1343 2546 τὰ
1392 2493 1486 2546 τοῦ
1522 2493 1668 2556 συὸς,
1716 2493 1852 2546 ἀλλά
1897 2493 1992 2547 καὶ

407 2584 548 2654 πρὸς
580 2583 650 2635 τὰ
680 2581 790 2637 τῶν
837 2581 1014 2636 ἀλλων
1046 2581 1273 2653 θηρίων.
1321 2584 1636 2637 Σπούδασον
1685 2585 1886 2652 τοίνυν,
1925 2587 1992 2638 ἵν’

407 2675 540 2746 ἔχῃς
603 2674 696 2729 καὶ
749 2675 840 2730 τὸν
904 2673 1136 2728 τεκόντα
1190 2675 1354 2747 χάριν
1394 2677 1571 2730 εἰδότα
1619 2696 1738 2743 σοι,
1779 2680 1855 2743 ὡς
1901 2681 1994 2735 τὶν

408 2767 595 2836 ἀμσθῆ
631 2767 749 2820 υίδν
786 2767 856 2820 τὰ
893 2769 993 2834 τῆς
1024 2767 1196 2837 θήρας
1221 2766 1531 2834 διδάξαντα,
1573 2769 1716 2838 κάμὲ
1745 2769 1836 2822 διὰ
1865 2788 1993 2824 παν-

409 2859 498 2923 τὸς
531 2857 625 2912 τοῦ
658 2857 777 2929 βίου
814 2858 916 2928 τὴν
955 2857 1266 2928 διδασκάλῳ
1295 2861 1683 2929 προσήκουσαν
1717 2860 1853 2914 αἰδῶ
1900 2863 1995 2920 καὶ

409 2951 580 3022 τιμὴν
609 2951 976 3022 ἀπονέμοντα.

412 3061 490 3118 I".
534 3063 622 3136 7ξῷ
667 3063 1068 3136 λαμπροζὰτῳ
1109 3061 1428 3136 μεςὰζοστι
1473 3067 1570 3119 καὶ
1607 3069 1843 3136 γαμϐρῷ
1883 3070 1991 3125 τοῦ

533 3135 850 3199 βασιλέως
877 3132 995 3186 τῶν
1029 3133 1272 3188 Δουκῶν
1304 3135 1404 3202 (ὃ),
1434 3138 1466 3190 ό
1511 3132 1860 3206 Σχὸλᾶρὶοξι.

488 3229 555 3282 Σὲ
591 3227 686 3279 καὶ
714 3229 779 3297 τῇ
807 3225 958 3278 πόλει
981 3223 1155 3296 ταύτῃ
1179 3226 1475 3294 πάγκοινον
1498 3230 1700 3297 ἀγαθὸν
1722 3233 1780 3284 ἐν
1805 3233 1992 3304 ἁπάσῃ

415 3324 578 3394 χρεία
613 3323 708 3375 καὶ
747 3323 927 3392 χρόνῳ
954 3324 1140 3388 παντὶ,
1180 3324 1276 3376 καὶ
1311 3324 1458 3385 ἰδίως
1490 3323 1743 3388 ἑκάστοις
1777 3325 1996 3397 πατέρα

417 3419 513 3471 καὶ
544 3417 838 3485 κηδεμόνα,
873 3418 966 3470 καὶ
997 3417 1154 3485 φίλον
1191 3417 1501 3487 πραότητος
1538 3418 1802 3488 γέμοντα,
1831 3419 1998 3474 δέδωο

417 3529 513 3564 κεν
538 3513 566 3565 6
591 3512 742 3574 Θεὸς,
775 3511 891 3578 ἅμα
923 3511 1022 3580 μὲν
1059 3511 1260 3574 αὐτοὺς
1297 3511 1544 3580 ὠφελῶν,
1583 3510 1774 3581 ῶσπερ
1805 3511 1997 3565 ἄλλοτε

418 3605 676 3668 πολλάκις
707 3605 795 3658 ἐπ’
825 3605 1006 3676 ἀγαθῇ
1051 3605 1161 3657 τῶν
1210 3605 1507 3674 Ῥωμαίων
1553 3605 1694 3678 τύχῃ
1737 3605 1997 3669 τοιαύτας

419 3701 612 3767 φύσεις
647 3699 982 3768 ἀνέστησεν,
1028 3691 1105 3751 ὧν
1132 3697 1284 3751 οὐδὲν
1325 3697 1544 3753 ἔλαττον
1581 3703 1613 3768 ή
1653 3700 1746 3770 σὴ,
1793 3697 1913 3768 ἅμα
1941 3698 1998 3752 δὲ

419 3792 517 3844 καὶ
549 3792 608 3844 σὲ
643 3791 740 3861 τῆς
769 3791 940 3854 ὅντως
981 3790 1197 3862 χρυσῆς
1239 3792 1639 3861 προαιρέσεως,
1670 3792 1736 3862 ἥν
1775 3792 2000 3864 προῄδει

421 3879 729 3950 πόρρωθεν,
759 3880 1145 3950 ἀμειϐόμενος,
1181 3882 1279 3935 καὶ
1313 3880 1637 3950 βουλόμενός
1671 3900 1753 3936 σοι
1785 3883 2000 3953 μεγάλα

423 3971 520 4024 καὶ
565 3974 630 4041 τῇ
688 3973 754 4040 σῇ
811 3971 1010 4042 γνώμη
1065 3974 1420 4044 προσήκοντα
1473 3975 2003 4044 παρασκευάσαιτά

423 4058 586 4116 ἆθλα.
645 4063 921 4134 Γράψαιτο
969 4064 1014 4118 δ’
1052 4064 1119 4118 ἂν
1161 4065 1334 4128 οὐδείς
1390 4084 1458 4136 με
1509 4067 1737 4122 τοιαῦτα
1775 4070 2005 4137 λέγοντα

429 4154 739 4218 κολακείας.
776 4156 843 4208 Σέ
877 4155 985 4226 γάρ
1035 4157 1200 4228 μόνον
1238 4158 1480 4212 ἐπαινῶν
1511 4177 1597 4223 τις
1643 4161 1746 4232 τὴν
1798 4161 2006 4232 μέμψιν

427 4246 636 4318 ταύτην
677 4249 739 4302 οὐ
789 4247 928 4302 δέδιε
955 4263 970 4280 ⁸
1023 4250 1181 4318 κάγὼ
1217 4251 1381 4321 μόνου
1411 4251 1605 4306 τούτου
1638 4252 1746 4306 τῶν
1795 4253 2008 4325 ἀνθρω-

425 4341 601 4392 πίνων
650 4339 1052 4410 ἐλαττωμάτων
1101 4345 1491 4412 καυχησαίμην
1535 4344 1600 4397 ἂν
1653 4347 2000 4398 παντάπασιν
2033 4339 2148 4428 D:

427 4431 797 4501 ἀπηλλάχθαι,
829 4431 972 4485 ὣστε
1028 4434 1142 4496 καὶ,
1197 4433 1275 4502 τῷ
1327 4433 1402 4502 μὴ
1454 4434 1710 4488 δύνασθαι
1759 4436 2003 4505 χρῆσθαι

426 4522 598 4592 ταύτῃ
620 4524 683 4591 τῇ
709 4523 897 4590 τέχνῃ,
934 4522 1097 4584 ἐνίοις
1118 4521 1228 4574 τῶν
1261 4523 1491 4590 ὠφελεῖν
1521 4524 1836 4595 δυναμένων
1865 4526 2008 4591 τίνος

427 4616 529 4667 οὐκ
565 4615 891 4682 ἀηδέστερος
926 4611 1106 4675 ἔδοξα.

513 4706 576 4758 Ἠ
617 4706 716 4774 μὲν
754 4703 848 4758 οὖν
903 4704 1059 4767 πόλις
1113 4706 1346 4774 χρυσοῦς
1406 4723 1492 4758 σοι
1534 4709 1660 4769 τούς
1713 4709 2010 4778 στεφάνους

430 4798 660 4867 ὀφείλει,
691 4797 935 4868 δηλονότι
967 4797 1167 4861 πολλὰς
1208 4799 1302 4850 καὶ
1335 4798 1579 4867 μεγάλας
1610 4800 1708 4862 τὰς
1743 4801 2000 4870 ἀμοιϐάς·

431 4889 482 4939 εἰ
515 4887 571 4938 δὲ
603 4886 731 4956 μήτ’
763 4886 1111 4952 ἀποδίδωσιν,
1164 4886 1276 4940 οὐτ’
1309 4885 1602 4953 ἀποδώσει,
1642 4894 1752 4954 τοῖς
1798 4897 2010 4962 καιροῖς

431 4976 588 5029 τοῦτο
630 4975 724 5028 καὶ
755 4978 868 5038 τοῖς
897 4977 956 5029 ἐν
982 4977 1119 5048 αὐτῇ
1156 4979 1498 5050 κρατήσασιν
1525 4979 1672 5032 ἔθεσι
1707 4981 2009 5050 λογιστέον,

435 5071 617 5122 ’Ἔστω
645 5069 700 5122 δέ
738 5085 820 5121 σοι
849 5069 942 5122 καὶ
965 5071 1086 5122 ἀντὶ
1121 5071 1404 5138 στεφάνων
1430 5072 1567 5144 αὐτὴ
1598 5073 1885 5144 σωζομένη
1917 5079 2013 5129 καὶ

435 5165 570 5230 μετά
617 5164 724 5216 τῶν
775 5163 988 5234 ἐχθρῶν
1045 5163 1402 5235 εἰρηνεύουσα
1431 5205 1446 5228 ,
1501 5168 1597 5218 καὶ
1635 5167 1761 5220 ὅσον
1800 5169 2012 5234 ἔξεστιν

431 5255 845 5325 εὐθηνουμένη·
901 5255 1079 5308 ταῦτα
1131 5257 1240 5327 γὰρ
1291 5257 1470 5310 πάντα
1508 5255 1660 5326 δῶρα
1711 5257 1870 5321 Θεοῦ,
1916 5261 2011 5312 καὶ

431 5347 530 5412 τῆς
585 5349 684 5416 σῆς
722 5349 861 5415 μετά
910 5348 1001 5400 τὸν
1064 5349 1289 5416 ἄριστον
1351 5347 1576 5417 βασιλέα
1629 5351 1868 5416 σπουδῆς
1918 5353 2011 5402 καὶ

431 5436 730 5502 ςροντίόος.
766 5435 808 5489 Τ
813 5437 890 5489 ῶν
923 5437 978 5489 δέ
1028 5438 1180 5508 παρά
1224 5441 1444 5490 πάντων
1487 5439 1730 5490 ἐπαίνων
1768 5443 1862 5490 καὶ
1905 5441 2014 5492 τῶν

504 5600 580 5671 (ί)
613 5598 839 5671 νίιίομιτ
879 5603 1150 5658 excidisse
1180 5603 1404 5671 aliquid.

506 5669 582 5734 (‘2)
611 5673 693 5722 ω’.
723 5670 972 5738 XenOph.
1014 5671 1147 5725 Ven.
1181 5689 1232 5739 ιι,
1264 5669 1349 5725 i7.

2074 463 2156 526 τίς
2183 465 2234 518 τ’
2281 463 2348 517 ἄν
2391 482 2478 518 σοι
2524 463 2753 534 βελτίων
2783 463 2984 532 ἀρετῆς
3027 478 3087 515 τε
3136 459 3236 514 καὶ
3269 461 3405 530 πρὸς
3442 459 3634 523 πάντας

2076 557 2406 626 κηδεμονίας
2434 556 2647 625 γένοιτο
2680 557 2996 627 μαρτυρία;
3034 553 3240 625 μᾶλλον
3265 553 3345 616 δὲ,
3372 553 3567 606 τούτων
3589 553 3634 606 τί

2077 649 2277 714 γένοιτ’
2315 648 2380 701 ἂν
2441 649 2864 717 εὐτυχέστερον;
2895 646 3029 716 Ζῆθι
3070 647 3270 713 τοίνυν,
3307 645 3403 700 καὶ
3447 646 3637 710 κόσμος

2079 739 2190 794 ῖσθι
2230 741 2429 802 κοινὸς,
2483 740 2578 794 καὶ
2623 741 2779 810 χαῖρε
2820 739 3031 792 πολλῶν
3070 738 3294 808 ἀγαθῶν
3340 735 3640 807 τετυχηκὼς

2079 831 2320 887 ἀνωθενο
2351 832 2402 885 εἰ
2434 833 2486 886 τί
2518 849 2600 886 σοι
2635 834 2728 886 καὶ
2758 831 3026 902 λυπηρὸν,
3062 826 3150 884 οἷα
3180 830 3244 900 δὴ
3279 829 3641 900 τάνθρώπινα,

2081 922 2366 992 ἀπαντῴη,
2417 923 2648 992 δοκιμήν
2686 940 2808 975 τινα
2861 922 2962 992 τῆς
3018 921 3282 990 Προνοίας
3329 921 3424 974 καὶ
3474 920 3644 982 τοῦτο,

2081 1017 2176 1067 καὶ
2221 1015 2422 1086 μικρόν
2472 1031 2525 1067 τι
2560 1015 2654 1068 καὶ
2685 1014 2909 1077 ἀσθενὲς
2954 1014 3054 1079 τῆς
3098 1014 3227 1084 ὅλης
3265 1013 3515 1083 εὐτυχίας
3547 1012 3646 1066 κὼ-

2081 1108 2253 1178 λυμα,
2289 1109 2511 1176 κρίνων,
2537 1107 2632 1162 καὶ
2665 1106 2743 1176 τῷ
2770 1107 2985 1173 τάγαθὰ
3011 1106 3263 1160 δεδωκότι
3298 1108 3393 1160 καὶ
3425 1105 3522 1176 τῆς
3547 1105 3648 1158 τῶν

2083 1204 2345 1274 χειρόνων
2378 1199 2702 1271 ἀπαλλαγῆς
2735 1201 2973 1265 ἐλπίζων
3011 1201 3292 1271 μελήσειν.

2155 1339 2229 1394 Τὸ
2258 1339 2302 1393 δ’
2341 1341 2474 1409 ἐμὸν
2505 1339 2621 1404 πῶς
2667 1337 2734 1392 ἂν
2781 1338 3034 1409 εἴποιμι;
3075 1337 3181 1391 κᾶν
3211 1337 3322 1408 γὰρ
3356 1337 3530 1398 πάσας
3561 1335 3652 1395 τὰς

2085 1433 2444 1504 ἀνθρωπικὰς
2479 1432 2966 1504 ἀπαριθμήσωμαι
3021 1432 3268 1502 σχέσεις,
3331 1430 3520 1483 πασῶν
3569 1431 3652 1483 εὐ-

2092 1527 2240 1595 ρήσω
2273 1525 2447 1594 μείζω
2473 1524 2570 1594 τὴν
2599 1524 2736 1591 πρὸς
2763 1524 2862 1594 ἐμὲ
2896 1524 2989 1575 σοῦ
3020 1523 3114 1576 καὶ
3137 1522 3480 1594 θερμοτέραν
3500 1537 3514 1553 ο
3537 1523 3653 1574 ὅθεν

2093 1619 2337 1688 σιγάσθω
2370 1617 2471 1688 μέν
2504 1619 2531 1670 6
2562 1618 2764 1686 πατὴρ,
2795 1615 3040 1686 ἀφείσθω
3067 1615 3124 1667 δὲ
3159 1617 3192 1686 ή
3228 1616 3431 1686 μήτηρ,
3455 1615 3506 1668 οἱ
3533 1631 3654 1682 συγ-

2013 1707 2060 1766 Β
2090 1711 2292 1779 γενεῖς,
2325 1709 2505 1764 πάντα
2532 1709 2598 1780 δὴ
2642 1709 2712 1762 τὰ
2749 1709 3006 1762 τοιαῦτα·
3043 1708 3287 1776 λεγέσθω
3328 1708 3383 1760 δὲ
3414 1708 3474 1760 τὸ
3507 1706 3656 1776 μάλι-

2087 1821 2187 1857 στα
2220 1802 2456 1872 πρέπον,
2503 1803 2608 1867 ὅτι,
2637 1801 2735 1870 τῆς
2779 1801 3122 1872 ὑψηλοτάτης
3175 1799 3446 1870 Προνοίας
3481 1800 3657 1853 εἰκόνα

2087 1896 2183 1948 καὶ
2211 1893 2406 1958 τύπον,
2439 1893 2516 1956 ὡς
2565 1894 2824 1963 ἐγχωρεῖ,
2871 1893 3011 1964 πρὸς
3051 1893 3151 1962 ἐμὲ
3201 1891 3525 1963 βουλόμενος
3548 1891 3658 1954 ,σὼ-

2089 1985 2231 2050 ζειν,
2261 1986 2313 2039 τί
2343 1987 2444 2055 μὲν
2473 1985 2534 2038 οὐ
2567 1985 2772 2053 λέγεις,
2799 1988 2854 2038 τί
2888 1985 2934 2038 δ’
2964 1985 3026 2038 οὐ
3057 1985 3319 2052 πράττεις
3347 1985 3485 2054 ὑπὲρ
3506 1984 3654 2056 ἐμοῦ,

2089 2081 2144 2134 τί
2177 2079 2222 2132 δ’
2255 2078 2460 2149 ἀναδύῃ
2489 2077 2673 2132 δοῦναι
2711 2078 3051 2145 δυνάμενοςς
3090 2077 3311 2132 Τούτων
3340 2076 3408 2143 δ’,
3451 2079 3528 2140 είς
3566 2077 3660 2146 μὲν

2091 2173 2304 2238 εὐνοίας
2358 2173 2556 2238 λόγον,
2614 2173 2713 2226 καὶ
2768 2171 2934 2233 αὐτὸς
2990 2171 3058 2225 ἂν
3100 2170 3317 2238 εἴποιμι
3367 2168 3516 2242 παρὰ
3572 2167 3662 2222 σοῦ

2091 2266 2386 2338 τυγχάνειν
2418 2267 2629 2329 δίκαιος
2649 2259 2792 2320 εῖναι
2813 2280 2826 2298 ·
2856 2264 2956 2334 τῆς
2986 2263 3033 2317 δ’
3059 2263 3227 2328 ἄλλης
3260 2263 3420 2331 ἀξίας
3445 2263 3661 2324 οὔνεκα,

2093 2361 2191 2413 καὶ
2218 2359 2548 2429 αἰσχύνομαι
2578 2358 2766 2429 σαφῶς
2787 2358 3048 2428 ἐμαυτὸν,
3079 2356 3224 2411 οὓτω
3255 2357 3468 2429 σφόδρα
3499 2354 3664 2427 τιμώ-

2099 2467 2281 2519 μενος.
2328 2451 2440 2504 Καὶ
2468 2451 2567 2519 τῆς
2611 2451 2692 2512 είς
2735 2448 2883 2518 ἡμᾶς
2913 2443 3006 2502 οὖν
3053 2448 3368 2517 εὐμενείας,
3401 2447 3552 2518 ἡμῶν
3595 2445 3666 2516 μὴ

2095 2540 2409 2610 δυναμένων
2440 2540 2790 2610 ἀμείϐεσθαι,
2822 2539 2964 2607 πλὴν
2994 2538 3181 2608 εὐχαῖς
3207 2555 3267 2590 τε
3305 2541 3405 2592 καὶ
3436 2538 3665 2609 χαρίτων

2095 2635 2435 2704 ὁμολογίαις,
2468 2633 2565 2688 καὶ
2589 2633 2666 2703 τῷ
2695 2634 2794 2703 τὴν
2817 2631 3001 2702 ψυχὴν
3035 2631 3100 2685 ἂν
3125 2631 3264 2700 ὑπὲρ
3295 2631 3394 2686 σοῦ
3419 2629 3667 2700 προέσθαι

2101 2727 2219 2797 μεθ’
2251 2726 2470 2797 ἡδονῆς,
2505 2725 2693 2791 ἀξίους
2727 2724 3086 2788 ἀνωθενιτούς
3131 2724 3387 2795 μισθοὺς,
3417 2725 3542 2788 τοὺς
3573 2723 3668 2794 μὲν

2098 2823 2243 2888 ἕξεις
2275 2825 2333 2877 ἐν
2367 2824 2447 2895 τῷ
2480 2824 2732 2892 παρόντι,
2767 2825 2817 2876 οἱ
2861 2822 2918 2876 δέ
2951 2839 3033 2875 σοι
3072 2821 3209 2891 μετὰ
3248 2820 3425 2874 ταῦτα
3454 2816 3672 2889 τηροῦν-

2099 2935 2208 2970 ται.
2258 2919 2422 2972 Ὅθεν
2457 2918 2582 2980 ταῖς
2606 2918 2796 2986 τιμαῖς
2843 2915 2938 2969 καὶ
2975 2916 3088 2978 ταῖς
3125 2915 3312 2986 χάρισι
3361 2913 3670 2984 βουλόμενος

1962 3070 1991 3098 ___
2020 3040 2063 3098 ε
2103 3009 2481 3080 προστιθέναι,
2517 3009 2594 3078 μὴ
2615 3007 2716 3078 τὴν
2746 3006 2904 3078 ἡμῶν
2938 3005 3155 3075 λογίζου
3185 3005 3522 3075 φαυλότητα,
3558 3001 3670 3098 μηδ’

2099 3103 2206 3155 ὑπὸ
2270 3101 2476 3164 ταύτης
2536 3099 2818 3170 εἴργεσθαι
2877 3098 3278 3169 συγχωρήσης,
3345 3098 3464 3152 ἀλλ’
3525 3093 3673 3156 εἰδὼς

2096 3195 2172 3259 ὡς
2214 3194 2327 3265 ἔχει
2373 3194 2464 3248 τὸν
2511 3194 2906 3264 ἀμειψόμενον,
2962 3192 3080 3263 χρῶ
3123 3192 3188 3261 τῇ
3239 3191 3444 3245 σαυτοῦ
3489 3194 3671 3258 φύσει,

2103 3287 2305 3358 μᾶλλον
2349 3287 2403 3340 δέ
2440 3288 2563 3341 νίκα
2615 3287 2812 3340 σαυτὸν
2865 3286 3004 3358 πρός
3057 3301 3118 3338 τε
3167 3284 3291 3347 τοὺς
3341 3284 3538 3346 ἄλλους
3582 3283 3672 3335 καὶ

2100 3381 2238 3450 πρὸς
2271 3378 2397 3450 ἐμέ.

2174 3475 2337 3527 Ἥκει
2393 3490 2477 3525 σοι
2531 3475 2627 3526 καὶ
2659 3475 2686 3526 6
2737 3472 2905 3535 ἵππος
2965 3471 3058 3524 καὶ
3116 3469 3312 3524 πολλαὶ
3383 3473 3480 3524 σὶν
3533 3466 3673 3534 αὐτῷ

2101 3564 2336 3636 χαρίτων
2367 3561 2691 3632 ὁμολογίαν
2720 3561 2840 3614 οὐδὲ
2872 3561 2981 3630 γάρ
3014 3559 3204 3631 χρῄζω
3245 3556 3444 3612 τούτου
3472 3555 3672 3613 λοιπδν,

2101 3658 2367 3728 πράττειν
2396 3673 2457 3708 τε
2504 3653 2659 3707 οὐδὲν
2711 3653 2872 3722 ἔχων,
2907 3656 2998 3706 καὶ
3037 3654 3096 3705 τὸ
3133 3651 3293 3720 σῶμα
3325 3649 3676 3705 διαναπαύειν

2105 3749 2311 3819 σφόδρα
2333 3746 2643 3816 πεπονηκὸς
2672 3745 2778 3798 ὐπὸ
2807 3745 2906 3814 τῆς
2937 3747 3092 3797 νόσου
3123 3743 3478 3814 βουλόμενος.
3500 3740 3672 3800 Ἴσιος,

2105 3841 2324 3895 ἐπειδᾶν
2356 3840 2384 3893 6
2417 3839 2674 3908 βασιλεὺς
2708 3839 2984 3909 ἐπανήκῃ,
3023 3837 3120 3890 καὶ
3157 3836 3253 3909 δέῃ
3290 3852 3359 3904 με
3412 3850 3678 3904 προσαγο-

2108 3935 2288 4004 ρεύειν
2310 3935 2512 3985 ἐκεῖνον
2547 3930 2775 4001 (δίκαιον
2801 3931 2952 4000 γὰρ),
2995 3926 3166 3994 ἅπαξ,
3199 3931 3265 3982 ἂν
3294 3930 3321 3981 6
3355 3929 3494 3992 Θεὸς
3537 3927 3676 3994 θέλῃ,

2106 4027 2296 4082 τούτου
2325 4025 2614 4095 δεήσομαι,
2647 4025 2734 4078 ὅτε
2769 4025 2862 4078 καὶ
2893 4023 3102 4086 πείσεις
3143 4024 3236 4076 τὸν
3270 4022 3432 4076 πάντ’
3465 4023 3677 4091 ἄριστον

2111 4116 2336 4187 βασιλέα
2365 4115 2509 4185 ἆπερ
2540 4115 2607 4168 ἂν
2637 4113 2799 4175 αὐτὸς
2828 4115 3096 4185 πρότερος
3127 4113 3214 4181 ὑφ’
3251 4111 3417 4182 ἡμῶν
3452 4113 3681 4177 εὐλόγως

2109 4209 2416 4276 πεισθείης.
2451 4204 2620 4275 Οἶμαι
2659 4207 2717 4260 δὲ
2755 4206 2881 4277 μηδ’
2912 4207 3122 4259 ἐκεῖνον
3158 4205 3553 4259 mmmam
3587 4203 3682 4270 τὴν

2111 4300 2341 4370 δωρεὰν,
2369 4297 2463 4352 νῦν
2500 4298 2598 4368 ὀψὲ
2631 4298 2778 4368 σαφῆ
2805 4298 2902 4368 τῆς
2935 4297 3080 4367 ἐμῆς
3120 4296 3257 4365 πρδς
3289 4296 3452 4349 αὐτὴν
3479 4282 3685 4350 εὐνοίας

2115 4394 2305 4462 πεῖραν
2333 4389 2566 4443 λαϐόντα
2595 4389 2690 4442 καὶ
2713 4388 2883 4450 άλλως
2917 4389 3050 4458 ἡμῖν
3081 4386 3362 4440 συνειδότα
3397 4384 3556 4439 τοῦτο
3589 4382 3682 4452 μὲν

2107 4484 2317 4548 δίκαια,
2345 4483 2500 4536 τοῦτο
2529 4483 2586 4536 δὲ
2622 4482 3019 4552 προχειρότατα
3048 4480 3312 4546 animiam.

2193 4616 2355 4670 Ἀλλὰ
2382 4614 2555 4669 ταῦτα
2591 4615 2689 4685 μὲν
2721 4611 2950 4684 ὕστερον
2975 4631 2988 4645 ·
3024 4614 3120 4667 νῦν
3153 4613 3209 4667 δὲ
3234 4613 3381 4683 ἡμᾶς
3417 4612 3527 4664 ἴσθι
3552 4608 3686 4663 πάνυ

2114 4712 2296 4765 καλῶν
2319 4711 2428 4764 τῶν
2458 4711 2554 4781 τῆς
2601 4709 2832 4780 ἡσυχίας
2881 4708 3189 4778 προοιμίων
3241 4706 3688 4777 αἰσθανομένους,

2118 4806 2212 4858 καὶ
2247 4804 2416 4858 πολλὰ
2459 4805 2524 4873 τῇ
2556 4801 2650 4856 τοῦ
2681 4804 2848 4856 τόπου
2898 4801 3169 4873 μέταϐολῇ
3202 4801 3514 4871 χαίροντας,
3546 4797 3691 4850 ἐλπίς

2119 4898 2310 4963 ζοντας
2338 4897 2392 4950 δὲ
2418 4897 2511 4950 καὶ
2537 4898 2634 4964 τὴν
2659 4894 2752 4948 τοῦ
2785 4897 3090 4965 σχήματος,
3127 4895 3332 4965 μᾶλλον
3370 4894 3425 4947 δέ
3468 4892 3568 4962 τὴν
3599 4887 3691 4942 τοῦ

2117 4991 2344 5057 τρόπου,
2375 4988 2512 5041 Θεοῦ
2541 4989 2799 5052 διδόντος,
2834 4989 2968 5057 ἡμῖν
2994 4987 3072 5039 ἐτι
3104 4986 3265 5039 πλέον
3295 4986 3529 5053 ἀρέσειν.
3571 4977 3692 5049 Ὑφ’

2116 5082 2234 5143 ἐνὸς
2265 5080 2450 5148 μόνου,
2487 5080 2582 5148 τῆς
2613 5080 2704 5132 τοῦ
2757 5081 3010 5150 σώματος
3050 5077 3414 5148 ἐνοχλούμεθα
3459 5076 3694 5142 δυσκρα-

2118 5174 2260 5238 σίας,
2291 5167 2357 5244 ἧς
2400 5171 2501 5226 οὐκ
2541 5172 2657 5225 ἔστι
2699 5171 2913 5242 μηχανὴ
2962 5170 3240 5238 θαύματος
3289 5170 3418 5223 ἄνευ
3451 5165 3696 5221 ἀπαλλα-

2121 5267 2280 5333 γῆναι
2293 5303 2308 5317 .

2205 5355 2450 5424 Ὑγίαινε
2499 5355 2592 5409 καὶ
2639 5356 2796 5426 χαῖρε
2831 5354 3070 5424 πανοικὶ,
3113 5352 3324 5424 ἀνδρῶν
3377 5353 3568 5422 ἄριστε
3606 5347 3697 5400 καὶ

2123 5447 2498 5516 λαμπρότατε.
2627 5438 2629 5441 Ι

509 5741 584 5806 (ὃ)
618 5740 819 5812 quex,
847 5741 954 5794 τῶν
981 5743 1038 5795 δο
1069 5741 1122 5808 ἦ,
1152 5747 1295 5810 quod
1323 5743 1423 5810 legi
1450 5742 1559 5795 τῶν
1619 5743 1850 5811 δσυκῶν,
1900 5747 2062 5805 Hasio
2087 5751 2246 5807 duce.
