4104 6400
367 371 472 441 737
1692 391 2094 454 GEORGIUS
2132 391 2457 454 PLETIIO.

366 498 594 552 invenire
645 515 749 568 qua
809 504 1014 557 ratione
1035 503 1090 557 hi
1141 515 1324 560 mutuo
1383 507 1749 576 respondeant,
1789 509 2052 578 inquirere
2109 506 2312 561 destitit
2356 523 2375 563 :
2415 509 2470 562 in
2501 509 2900 564 commentariis
2950 509 3015 564 de
3076 508 3244 580 legum
3287 511 3631 577 institutione,

367 603 482 640 rem
525 587 590 641 de
624 589 833 650 diebus.
886 595 1180 662 mensibus,
1205 609 1251 650 et
1301 615 1442 652 anno
1501 600 1795 668 prwcipiat,
1841 617 1944 670 qua
1981 609 2158 654 tanten
2208 601 2413 654 ratione
2439 603 2778 656 Athenienses
2822 619 3024 659 menses
3079 617 3202 658 suos
3259 616 3503 672 agerent,
3566 621 3630 658 ne

367 677 572 725 verbum
595 674 802 740 quidem
838 675 995 744 facit.
1029 676 1274 732 Primum
1313 679 1366 733 iu
1402 690 1637 737 tractatu
1679 695 1867 742 nostro
1904 686 1979 744 De
2002 704 2250 742 mensura
2271 700 2569 754 temporum
2603 692 2973 760 antiquorum,
3029 701 3080 747 et
3111 693 3375 762 pra'cipue
3418 691 3630 747 Greca-

365 771 481 850 rum
527 762 938 850 esscripsimus,
996 779 1118 834 cap.
1187 766 1253 820 12
1286 765 1363 839 [ν.
1431 770 1498 824 ad
1537 787 1591 824 ιι.
1649 771 1767 844 21],
1825 791 1949 830 cum
2011 776 2176 832 Gazae.
2224 792 2323 846 pro
2377 775 2662 841 Pletbone,
2727 793 2890 848 quem
2943 778 3031 834 ille
3079 781 3312 850 carptim
3369 780 3422 833 in
3470 795 3635 848 Opus-

365 847 498 937 cquloq
542 847 610 902 de
645 850 929 906 mensibus
960 853 1340 922 reprehendit,
1397 859 1876 927 responderemus.
1939 863 2089 920 Libri
2143 865 2302 934 plane
2378 863 2698 920 Plethonico
2746 847 2908 937 genio
2966 847 3250 936 suppares,
3329 847 3634 923 totiusian-

356 935 637 1005 ~tiquitatis
705 946 760 992 et
831 940 1116 1011 theologia:
1195 943 1548 1012 antiquorum
1625 948 2079 1019 philosophorum
2155 952 2537 1020 promicoudi;
2606 954 2716 1008 rari
2755 935 2978 1018 tamen,
3038 935 3105 1009 et
3160 955 3294 1009 mihi
3361 954 3634 1010 incertum

367 1038 434 1076 an
492 1024 685 1159 iqtcgri
763 1026 965 1083 alicubi
1021 1029 1371 1086 detineantur
1407 1033 1501 1104 (b),
1573 1034 1782 1106 indigni
1845 1041 2050 1096 tamdiu
2113 1039 2335 1106 latcant,
2393 1041 2537 1111 digni
2595 1041 2734 1109 luce,
2795 1041 3008 1112 ιιι,ᾳυί
3077 1041 3326 1098 omnium
3379 1042 3634 1100 manibus

367 1115 518 1159 lerat.
553 1123 638 1159 ur.

366 1115 480 1160 tera
491 1115 638 1162 ritur.

3429 393 3630 460 '738

438 1220 649 1324 [lorum
682 1224 1241 1324 publicationem-ti),
1275 1242 1330 1290 ct
1354 1237 1498 1304 quod
1532 1239 1780 1314 plerique
1810 1259 2002 1314 parum
2030 1244 2084 1303 in
2115 1265 2239 1308 eum
2270 1262 2456 1309 essent
2486 1251 2623 1309 alias
2647 1252 2716 1309 ob
2745 1268 2944 1310 causas
2974 1252 3250 1324 propensi.
3277 1249 3636 1310 oﬂ‘ensionem

367 1306 668 1364 munitorum
699 1313 950 1382 incurrit,
987 1319 1078 1385 qui
1109 1319 1162 1374 in
1192 1337 1317 1376 eum
1349 1325 1550 1381 acriter
1580 1306 1777 1386 invecti
1812 1349 1922 1390 non
1957 1335 2200 1392 ludibrio
2227 1346 2440 1394 tantqu
2473 1339 2752 1394 hominem
2785 1306 3027 1395 babuei'e
3053 1306 3106 1395 ert
3160 1340 3465 1396 maledictis
3509 1355 3635 1393 one-

367 1406 582 1464 rarunt,
615 1398 708 1498 sed
741 1403 905 1456 etiam
931 1419 961 1498 ιι
994 1405 1461 1498 {ide-Christiana,
1491 1430 1601 1471 non
1628 1418 1873 1489 alterius,
1899 1437 2067 1492 quam
2096 1425 2291 1480 horum
2319 1426 2582 1482 librorum
2616 1427 2883 1483 doctrinm
2913 1427 3257 1498 probatione,
3314 1427 3380 1480 ad
3427 1427 3625 1496 gentili-

367 1488 888 1587 ξηιυιξιηιιςοιαρξυιιι
913 1491 1206 1587 demi-tisse
1235 1497 1689 1568 aﬂlrmarunt,-ac
1721 1517 1948 1566 cmteros
1968 1509 2299 1568 Christianae
2328 1513 2611 1584 religionis
2643 1517 2882 1587 asseclas
2913 1488 3255 1569 monuerunt
3288 1523 3347 1568 ut
3393 1529 3420 1567 a
3446 1514 3635 1568 simili-

369 1574 470 1671 bus
521 1574 675 1671 libris
702 1587 754 1631 et
788 1579 1007 1671 homine
1033 1582 1393 1650 abstinerent,
1414 1602 1783 1664 caverentque
1816 1597 1920 1653 sibi
1953 1614 1984 1653 a
2015 1614 2124 1656 non
2159 1602 2341 1656 minus
2372 1574 2756 1657 Mahumetana
2781 1603 3028 1657 doctrina
3059 1601 3383 1670 perniciosis
3411 1601 3636 1671 dogma-

369 1663 520 1760 llms
548 1665 654 1760 ;_in
691 1682 808 1760 quo
835 1669 887 1722 in
924 1669 1225 1760 iniquiores
1253 1691 1312 1731 se
1344 1679 1491 1748 aliis,
1525 1690 1579 1737 et
1603 1663 1765 1752 quam
1799 1702 1897 1758 par
1943 1697 2081 1754 erat,
2116 1689 2420 1757 prmsﬁtere
2454 1687 2722 1759 Georgius
2750 1663 3154 1760 Trapezuntius
3201 1689 3255 1743 in
3316 1663 3635 1758 Comparat.

367 1750 611 1846 Platonis
638 1764 687 1808 et
712 1756 1032 1846 Aristotelis,
1067 1774 1188 1826 cap.
1220 1764 1545 1834 penultimo,
1579 1750 1674 1825 lib.
1707 1787 1766 1826 ιιι
1857 1750 2343 1846 ΜαηιιεὶίΜιιειιω
2376 1750 2640 1832 Ecclesiae
2672 1750 2876 1831 rhetor.
2896 1777 3159 1832 adversus
3207 1750 3522 1830 Plethonem
3568 1777 3636 1832 de

367 1843 723 1933 processione
755 1842 992 1914 Spiritus
1021 1850 1219 1916 sancti,
1255 1865 1322 1906 ex
1344 1859 1619 1912 sententia
1649 1874 1870 1930 quoque
1900 1862 1955 1917 SI

2072 1863 2170 1917 arii
2203 1863 2566 1933 patriarchae:
2593 1863 2860 1933 Καθάπερ
2895 1863 3198 1931 τηνικαῦτα
3225 1862 3458 1917 τοιοῦτοί
3482 1879 3629 1926 τινες

366 1921 505 1995 ἦσαν
532 1931 753 2001 λογικῆς
787 1935 886 2004 μὲν
919 1937 1189 2001 παιδείας,
1222 1941 1258 2008 ἣ
1287 1941 1423 2010 πρὸς
1447 1921 1703 2018 mxumi
1733 1921 1955 2020 οέδαμῶ

2068 1921 2401 2020 nucibus-sc,
2432 1960 2541 2006 etc.
2573 1921 3035 2016 Quemadmodum
3068 1960 3192 2004 tunc
3238 1953 3486 2019 temporis
3507 1949 3636 2004 tales

366 2019 582 2108 quidam
618 2031 787 2076 erant.
819 2024 1008 2093 quibus
1036 2025 1221 2095 logica:
1254 2030 1387 2084 artis
1415 2043 1505 2086 aut
1533 2048 1724 2102 parum
1754 2044 1848 2088 aut
1872 2019 1879 2020 ί
1905 2037 2036 2092 nihil
2072 2019 2265 2106 inerat,
2317 2041 2617 2094 inanissimi
2681 2056 2800 2094 vero
2853 2040 3084 2094 rumoris
3127 2056 3160 2094 a
3211 2040 3368 2108 plana
3423 2039 3636 2094 diabolo

365 2107 545 2174 sparsi
575 2108 958 2165 inconsiderati
1009 2116 1454 2182 quemadmodum
1479 2130 1536 2174 ut
1567 2121 1858 2190 plurimunt
1883 2125 2165 2183 levissima:
2195 2129 2356 2183 veluti
2409 2129 2578 2198 palea:
2627 2128 3028 2183 homuncionem
3083 2107 3366 2195 plebecula:
3425 2127 3634 2180 contin-

367 2211 481 2265 gere
510 2199 697 2286 suevit,
729 2209 1035 2254 sectatores.
1072 2202 1178 2258 Sed
1208 2221 1433 2274 magnus
1456 2210 1781 2281 grandisque
1809 2216 2094 2269 sanctitate
2127 2224 2175 2270 et
2199 2232 2316 2270 uere
2344 2215 2678 2270 beatissimus
2729 2215 3038 2286 patriarcha
3085 2213 3388 2272 Gennadius
3442 2229 3636 2282 cogno-

366 2295 538 2337 mento
564 2283 878 2341 Scholarius
901 2303 1004 2343 non
1035 2299 1248 2344 tantum
1272 2293 1329 2346 in
1352 2307 1590 2362 externa,
1617 2299 1709 2352 sed
1741 2311 1928 2355 nostra
1959 2303 2139 2356 diuina
2171 2302 2416 2356 doctrina
2445 2283 2740 2373 adﬂuenter
2795 2304 2975 2366 nimis,
3017 2301 3086 2355 ad
3141 2310 3432 2355 extremum
3477 2313 3640 2366 usque

368 2373 786 2440 pcrspicacitatis
813 2380 1135 2448 pertingens,
1165 2391 1222 2435 ut
1257 2383 1531 2452 utriusque
1557 2388 1834 2456 sapientia:
1861 2393 2102 2458 perennis
2129 2392 2322 2460 ﬂuvius
2346 2392 2581 2444 omnium
2610 2391 2911 2446 testimonio
2940 2389 3335 2461 comprobatus,
3387 2399 3444 2441 ut
3484 2386 3640 2455 plane

368 2463 554 2531 quibus
585 2463 789 2534 aliquid
819 2465 1112 2536 logicarnm
1141 2468 1549 2540 disciplinarum
1579 2477 1632 2528 in
1659 2489 1864 2545 pectore
1891 2488 1990 2544 est,
2025 2496 2090 2533 e1:
2119 2479 2264 2533 illius
2298 2481 2694 2534 comntentariis
2729 2481 3070 2549 manifestum
3097 2486 3194 2532 est.
3226 2478 3327 2532 Hic
3361 2475 3634 2530 sanctissi-

368 2569 486 2604 mus
509 2553 612 2612 vir,
643 2554 858 2619 perbelli
882 2557 1052 2610 nostri
1080 2556 1304 2613 Gemisti
1338 2562 1490 2616 rebus
1523 2565 1864 2632 exantinatis,
1895 2567 2192 2638 duplicique
2214 2566 2297 2622 illi
2313 2569 2499 2622 innata
2525 2569 2757 2639 pernicie
2787 2577 2944 2639 atque
2975 2565 3285 2621 hebetudine
3337 2572 3637 2633 perspecta,

369 2639 508 2694 hunc
541 2642 594 2694 in
622 2643 834 2696 modum
858 2643 922 2698 de
954 2661 1012 2699 eo
1038 2649 1356 2702 sententiam
1392 2650 1534 2704 tulit.
1571 2651 1891 2722 Quanquam
1916 2665 2040 2709 ante
2061 2655 2154 2708 hos
2179 2671 2376 2724 paucos
2435 2657 2547 2710 dies
2611 2656 2798 2710 Pletho
2850 2655 3126 2725 gentilium
3171 2654 3293 2707 deos
3342 2649 3638 2719 complures

367 2744 557 2783 rursus
587 2732 862 2784 restituere
899 2743 1123 2788 conatus
1147 2735 1238 2798 sit;
1270 2735 1324 2788 id
1352 2735 1548 2791 hebetis
1577 2739 1721 2795 illius
1751 2742 1963 2796 consilii
1993 2759 2054 2797 ac
2082 2744 2377 2798 intellectus
2409 2744 2596 2798 uitium
2627 2743 2752 2814 fuit,
2780 2751 2832 2797 et
2860 2759 2954 2796 nos
2989 2743 3045 2795 in
3067 2741 3181 2812 ejus
3212 2739 3494 2793 amentiam
3521 2736 3642 2806 plu-

369 2816 508 2871 rima
540 2819 871 2886 scripsimus,
903 2837 966 2874 ne
1001 2822 1118 2890 quis
1147 2838 1174 2875 e
1200 2823 1614 2902 simplicioribus
1641 2827 1790 2881 inani
1818 2830 1964 2884 illius
1993 2834 2266 2900 sapientia:
2290 2833 2448 2901 [amca
2499 2833 2735 2899 credens,
2779 2833 3066 2886 discrimen
3115 2830 3293 2885 adeat.
3349 2827 3400 2883 Μ
3411 2827 3643 2880 uthema‘

374 2905 494 2959 ticis
521 2922 747 2976 namque
776 2909 1092 2977 disciplinis,
1121 2909 1214 2962 sed
1247 2910 1356 2965 illis
1386 2929 1502 2981 qua:
1529 2929 1594 2968 ea:
1629 2916 1783 2969 trivio
1814 2928 1989 2983 erant,
2020 2921 2378 2991 inﬁciebatur,
2408 2939 2440 2976 a
2465 2920 2656 2992 quibus
2684 2921 2892 2974 nullum
2921 2921 3152 2990 fructum
3172 2925 3491 2986 perceperat.
3519 2913 3636 2966 Elo-

372 2995 599 3064 quentia:
631 3011 842 3059 operam
874 2997 1044 3065 dedit,
1072 3000 1162 3052 sed
1193 3001 1248 3054 in
1285 3001 1620 3071 impiissimis
1669 3021 1733 3058 ac
1765 3005 2101 3062 stultissimis
2128 3011 2252 3075 seri)
2274 3009 2505 3062 tionibus
2532 3025 2552 3073 ;
2576 3007 2730 3076 idque
2752 3010 2948 3078 optimo
2995 3004 3311 3059 Latinorum
3369 3000 3634 3072 proverbio

373 3082 713 3146 exprimitur,
747 3083 922 3141 Purus
956 3083 1372 3152 Grammaticus,
1402 3105 1566 3158 purus
1595 3089 1793 3146 Asinus
1835 3095 1985 3149 rudis
2013 3097 2168 3161 adeo,
2195 3097 2429 3166 nihilque
2455 3115 2486 3152 a
2521 3097 2614 3152 vili
2644 3097 2950 3167 vulgarique
2975 3097 3249 3149 hominum
3278 3108 3460 3162 genere
3489 3087 3644 3154 di/fe-

375 3187 497 3223 sens
528 3172 582 3224 in
610 3174 830 3226 veritate
859 3190 921 3228 ac
951 3175 1225 3231 mendacio
1253 3177 1640 3244 dijudicandis,
1671 3181 1848 3247 Quare
1873 3183 2094 3250 quilibet
2123 3200 2240 3238 eum
2269 3184 2418 3253 [acili
2454 3185 2659 3254 negotio
2694 3183 2989 3253 refellebat,
3030 3193 3076 3236 et
3127 3197 3311 3249 puero,
3365 3176 3642 3230 dummodo

373 3273 506 3328 puer
534 3260 740 3329 aliquid
773 3263 1011 3316 tentandi
1035 3279 1197 3317 causa
1231 3267 1565 3331 mentiretur,
1602 3269 1915 3336 respondere
1947 3272 2092 3324 haud
2117 3281 2343 3341 poterat.
2379 3272 2710 3342 Quapropter
2731 3281 2878 3325 tanto
2907 3286 3083 3324 errore
3117 3268 3241 3321 levis
3270 3265 3360 3320 ille
3403 3264 3644 3332 abreptus

374 3357 472 3402 est.
497 3347 820 3404 Theodorus
847 3348 972 3404 item
999 3349 1142 3405 Gaza
1174 3351 1264 3405 lib.
1298 3351 1373 3407 De
1401 3354 1686 3423 mensibus,
1716 3371 1834 3425 cap.
1863 3358 1928 3412 l6

2070 3361 2178 3424 ῑνες
2205 3361 2250 3412 δ’
2284 3359 2350 3413 ἂν
2380 3361 2572 3432 εἴησαν
2606 3361 2937 3430 ἱερομηνίαι.
2973 3357 3224 3426 Πλὴθωνι
3261 3355 3360 3424 μὲν
3398 3353 3640 3423 ἥρμοττε

376 3436 567 3506 φάναι,
600 3439 674 3499 ὡς
697 3438 760 3508 δή
797 3455 950 3502 τινας
972 3440 1167 3510 ἑτέρας
1196 3441 1304 3494 τῶν
1341 3442 1475 3512 ἡμῖν
1509 3443 1888 3513 νομιζομένων
1923 3449 2329 3517 νομοθετθῦντι.
2368 3453 2534 3521 Ἡμῖν
2566 3451 2612 3504 δ’
2636 3453 2838 3520 ἣκιστα
2867 3450 2948 3502 δεῖ
2977 3447 3153 3509 ἄλλως
3192 3463 3252 3498 τε
3287 3446 3382 3496 καὶ
3414 3444 3485 3510 μὴ
3515 3457 3577 3491 πε
3591 3439 3642 3505 ρὶ

373 3526 575 3580 τούτου
601 3527 696 3580 νῦν
729 3529 884 3591 ὄντος
912 3527 1008 3582 τοῦ
1043 3529 1227 3596 λόγου.
1263 3529 1526 3585 Ceterum
1551 3535 1641 3601 qui
1663 3533 1773 3588 dies
1787 3533 1955 3602 forent

2069 3536 2213 3591 ebres
2241 3538 2548 3607 feriatique,
2585 3537 2826 3592 Plethoni
2857 3537 3069 3605 quidem
3098 3550 3201 3588 non
3234 3539 3348 3586 erat
3405 3530 3644 3582 indecens

377 3631 659 3680 recensere,
691 3625 748 3669 ut
773 3616 864 3686 qui
895 3617 1031 3671 alios
1066 3617 1177 3672 dies
1205 3617 1394 3687 festos.
1427 3637 1586 3690 quant
1615 3623 1708 3692 qui
1745 3640 1777 3676 a
1806 3624 1956 3678 nobis
1979 3629 2168 3695 recepti
2188 3629 2317 3691 sint,
2350 3629 2661 3683 constituat.
2699 3626 2873 3681 Nobis
2903 3641 3023 3680 vero
3053 3623 3108 3676 id
3129 3623 3346 3676 minime
3381 3635 3509 3688 opus
3531 3627 3604 3670 est
3630 3634 3646 3671 :

375 3719 494 3757 cum
523 3703 589 3757 de
617 3706 698 3760 his
719 3705 773 3758 in
800 3707 1084 3774 prtesentia
1117 3723 1287 3761 sermo
1317 3718 1588 3777 susceptus
1619 3726 1722 3766 non
1752 3711 1844 3774 sit,
1881 3721 1936 3767 et
1968 3713 2096 3769 alibi
2119 3717 2320 3785 saepius
2346 3717 2624 3772 hominem
2656 3717 2892 3770 latenter
2913 3713 3124 3782 carpit;
3163 3726 3232 3767 an
3269 3708 3487 3769 merito,
3507 3706 3646 3774 judi-

377 3801 505 3850 cent
533 3793 647 3849 alii.
678 3795 790 3865 Ego
821 3795 1050 3851 dixerim
1081 3796 1396 3853 Pletbouem
1429 3799 1764 3870 eloquentia,
1789 3802 1992 3873 ingenii
2023 3803 2299 3869 acumine,
2333 3813 2386 3857 et
2409 3802 2719 3874 disciplinis
2745 3801 3004 3857 omnibus
3063 3796 3406 3858 excelluisse.
3436 3805 3486 3848 et
3513 3792 3648 3847 assi-

378 3889 488 3943 dua
515 3889 844 3958 scriptorum
882 3891 1114 3947 lectione
1142 3893 1536 3959 supellectilem
1569 3895 1673 3950 sibi
1702 3897 1953 3964 I’tllllam,
1995 3912 2062 3954 ac
2105 3907 2312 3953 tantam
2367 3911 2719 3967 comparasse
2769 3912 2786 3950 :
2855 3895 2986 3949 hinc
3033 3889 3293 3947 eruendis
3352 3903 3384 3943 e
3429 3885 3650 3942 latebris

380 3977 863 4048 philosophorum,
893 3987 945 4034 et
973 3981 1380 4036 Platonicorum
1413 3984 1760 4052 potissimum
1785 3987 2091 4049 sententiis,
2120 3988 2294 4057 iisque
2317 3986 2521 4054 scripto
2538 3983 2838 4044 tradendis.
2863 3983 2986 4054 plus
3015 3997 3176 4052 quam
3203 3996 3299 4048 par
3316 3984 3458 4041 erat.
3479 3983 3650 4030 male-

379 4067 478 4121 riae
506 4068 782 4122 addictqu
807 4069 1051 4124 animum
1085 4071 1409 4136 sdvertisse,
1439 4083 1495 4128 et
1527 4073 1710 4129 studio
1747 4075 2012 4144 pertinaci
2047 4084 2238 4129 contra
2277 4059 2637 4129 sentientium
2670 4073 2960 4144 opiniones
2999 4073 3162 4126 dente
3189 4071 3355 4124 etiam
3391 4067 3652 4122 maledico

364 4155 689 4221 ’vellicasse,
735 4171 869 4218 non,
916 4165 974 4211 ut
1003 4171 1194 4212 eorum
1230 4173 1395 4228 prava
1424 4160 1682 4229 dogmata
1715 4163 1782 4217 de
1807 4177 1970 4229 novo,
2005 4176 2128 4230 quae
2160 4160 2318 4216 docte
2353 4160 2472 4230 ipse
2499 4159 2722 4226 refellit,
2759 4159 2812 4214 in
2848 4159 3136 4213 hominum
3197 4159 3411 4211 animos
3460 4170 3555 4224 per
3595 4169 3654 4209 se

381 4243 548 4298 inlisa
586 4253 929 4315 prorogaret,
962 4245 1057 4301 sed
1091 4257 1148 4300 ut
1175 4262 1244 4302 ex
1298 4256 1408 4303 tam
1437 4260 1589 4306 vasto
1633 4264 1699 4305 ac
1732 4249 2077 4321 lacrymabili
2124 4248 2412 4318 naufragio
2457 4248 2674 4304 tabulas
2720 4247 2994 4303 discissas
3049 4260 3114 4300 ac.
3163 4259 3328 4315 vagas
3385 4243 3439 4299 in
3487 4257 3654 4296 unum

381 4331 552 4386 veluti
583 4343 800 4401 portum
834 4347 997 4388 sanas
1028 4344 1194 4402 atque
1225 4334 1531 4392 incolumes
1581 4337 1925 4406 recolligeret
1958 4353 1976 4406 ;
2002 4339 2237 4408 indeque
2269 4338 2535 4406 maiestas
2565 4336 2890 4393 cbristianae
2916 4335 3227 4407 religionis,
3259 4348 3324 4388 ac
3354 4334 3554 4387 veritas
3573 4332 3656 4384 di-

383 4418 625 4475 iucidior
685 4429 992 4490 appareret,
1022 4421 1171 4492 quod
1199 4437 1252 4479 et
1284 4424 1632 4480 sanctissima
1673 4436 1875 4481 nostra:
1905 4427 2187 4498 religionis
2215 4427 2394 4497 capita
2426 4437 2553 4482 ante
2603 4435 2658 4480 et
2691 4433 2816 4496 post
2859 4423 3202 4491 Pletbonem,
3249 4437 3356 4478 non
3410 4431 3653 4478 contem-

459 4622 531 4688 (b)
559 4622 691 4678 Post
720 4622 961 4676 auctoris
981 4632 1208 4676 mortem
1225 4625 1372 4677 enim
1392 4621 1665 4678 cxbibitos
1679 4621 1964 4681 Gennadio

383 4693 542 4749 ενοι.
573 4709 605 4748 a
634 4693 910 4746 Demetrio
934 4693 1257 4758 Palmologo,
1294 4709 1357 4747 ac
1375 4711 1470 4761 per
1496 4709 1784 4748 censuram
1813 4695 1961 4752 Gen-

386 4763 531 4816 uadii
552 4765 872 4834 combustos
891 4771 1116 4817 testatur
1135 4763 1396 4834 Gennadii
1425 4764 1673 4834 epistola,
1705 4765 1770 4818 ad
1790 4763 1963 4819 Joan-

386 4850 508 4904 nem
564 4833 863 4904 exarchum
912 4843 963 4887 et
1001 4836 1256 4904 anonymi
1309 4833 1479 4889 Grteci
1529 4835 1791 4904 seriplum
1820 4836 1962 4904 apud

387 4901 743 4959 Lamberiuut
779 4901 887 4965 VII,
933 4918 989 4971 p.
1022 4901 1232 4963 i755,”
1256 4919 1379 4958 nma
1401 4901 1680 4958 Barbcriui
1723 4901 1956 4972 codicis,

388 4989 550 5041 quem
579 4972 813 5028 Allatius
841 4981 1110 5027 memorat
1151 4973 1287 5028 inira
1325 4989 1378 5042 p.
1421 4976 1546 5040 59!,
1583 4977 1672 5028 ulu
1709 4991 1804 5030 sex
1834 4986 1956 5031 tan-

387 5055 500 5095 tum
529 5047 725 5114 capita
748 5043 865 5097 litri
893 5043 1053 5112 primi
1088 5045 1141 5096 in
1179 5043 1273 5114 illo
1297 5055 1785 5114 superesseinotat.
1847 5046 1952 5100 Sed

386 5114 438 5183 i_u
473 5115 659 5169 Codice
697 5113 946 5170 Cassareo
981 5115 1128 5183 apud
1190 5113 1560 5179 Lambecium,
1592 5113 1708 5175 Vll.
1749 5131 1801 5183 p.
1855 5116 1948 5169 ΓΙΙ

388 5181 463 5254 [[ι.
495 5184 601 5240 562
661 5200 784 5254 sqq.
820 5182 992 5256 Koll.]
1026 5181 1332 5256 Supersunt
1371 5186 1547 5256 capita
1583 5181 1792 5248 decem,
1828 5202 1953 5240 cum

387 5259 566 5309 indice
593 5257 833 5324 capitum
871 5255 990 5308 libri
1015 5257 1162 5307 tertii
1185 5255 1457 5320 omnium,
1485 5255 1588 5309 hoc
1604 5267 1686 5309 est
1723 5271 1752 5308 a
1777 5257 1955 5322 capite

387 5325 454 5379 29
491 5327 655 5378 totius
706 5329 885 5392 operis
913 5325 978 5378 ad
1012 5325 1100 5378 45.
1149 5325 1400 5392 Ejusdem
1429 5329 1608 5392 operis
1641 5335 1803 5393 caput
1832 5340 1957 5378 sex-

389 5403 500 5447 tum
517 5409 593 5449 est
625 5395 864 5448 Gabrieli
908 5395 1167 5455 Naud-ro,
1200 5411 1321 5459 pag.
1351 5395 1474 5456 160,
1523 5394 1774 5447 Pentadis
1809 5410 1956 5462 qua:-

389 5468 545 5520 stion.
569 5464 1154 5532 iatr0philologicar.V.
1179 5462 1374 5518 delato
1399 5466 1545 5518 l'atali
1567 5466 1688 5519 vita:
1717 5467 1951 5518 termino

389 5535 507 5605 pag.
570 5536 690 5600 160,
745 5547 1080 5590 titemoratus
1144 5536 1425 5588 Pli-thmtis
1484 5543 1748 5605 tractatus
1821 5539 1953 5585 mira

389 5604 650 5660 brevitate
681 5607 1128 5673 circumscriptus
1159 5606 1295 5672 Περὶ
1318 5605 1688 5674 εἱμαρμένης,
1722 5604 1798 5657 De
1820 5606 1960 5670 fato,

2075 4639 2236 4689 quem
2261 4627 2337 4682 ait
2357 4626 2533 4682 Allatii
2553 4628 2818 4697 beneﬁcio
2845 4627 2899 4682 in
2920 4625 3092 4697 lucem
3114 4626 3476 4697 proditurum,
3509 4621 3651 4693 quod

2075 4698 2218 4776 haud
2252 4699 2468 4776 factum
2488 4708 2595 4753 est.
2627 4696 2719 4776 [ιτ
2748 4701 2816 4776 ad
2850 4715 2906 4752 ιι.
2936 4696 3088 4776 i9.]_-
3119 4696 3128 4697 ί
3317 4765 3354 4776 _
3397 4764 3408 4776 _

2148 4769 2285 4835 (c-d)
2322 4768 2599 4823 Laudatus
2627 4761 2888 4824 Boivinus
2920 4785 2985 4823 ex
3020 4761 3283 4823 Genuadii
3317 4763 3552 4832 Epistola
3584 4761 3652 4835 ad

2074 4833 2343 4912 Joanan
2375 4840 2673 4912 exarcbnm
2710 4849 2890 4909 negat,
2928 4840 3096 4912 libros
3122 4838 3222 4912 bos
3253 4838 3321 4890 ab
3367 4838 3486 4904 ipso
3539 4833 3655 4912 vul-

2072 4919 2229 4977 gatos
2263 4907 2527 4962 Pletbone
2554 4910 2732 4962 adhuc
2753 4907 3071 4977 superstite,
3089 4907 3195 4962 sed
3229 4920 3451 4975 pressos
3467 4907 3653 4977 potius

2066 4973 2137 5054 et
2160 4978 2301 5054 ciant
2338 4981 2578 5054 habitos,
2610 4979 2784 5033 donec
2814 4973 2936 5054 post
2960 4980 3136 5047 ipsius
3167 4973 3376 5054 obitum
3405 4990 3434 5028 a
3467 4973 3653 5054 pelue

2069 5049 2177 5102 trio
2207 5048 2514 5118 Pslmologo
2541 5049 2766 5118 despota
2801 5045 3648 5118 proderentur.criminationem

2066 5129 2249 5194 tamen
2278 5119 2346 5171 de
2363 5116 2516 5194 mala
2543 5116 2826 5194 Pleibonis
2856 5120 3119 5194 adversus
3139 5116 3510 5194 _Christianam
3568 5127 3655 5194 re-

2065 5187 2322 5256 ligionem
2363 5189 2669 5244 intentione
2697 5203 2806 5242 non
2841 5198 2998 5255 putat
3023 5188 3375 5256 fundamento
3398 5193 3492 5237 aut
3515 5187 3653 5256 Ψιδί-

2065 5250 2175 5332 ῑξιίε
2209 5256 2556 5322 destitutam,
2585 5261 2656 5312 ita
2691 5267 2751 5311 ut
2782 5250 3034 5332 Bessan-io
3060 5271 3303 5332 quoque,
3345 5255 3475 5309 licet
3533 5250 3652 5332 Ple:

2067 5328 2291 5381 tbonem
2323 5332 2638 5395 magistrum
2673 5343 2835 5383 suum
2869 5325 3306 5394 coleret’alioqni
3357 5332 3412 5378 et
3475 5325 3651 5395 magni

2069 5397 2301 5461 faceret,
2335 5394 2515 5452 tamen
2549 5399 2787 5451 noluerit
2823 5400 2874 5450 in
2905 5414 3071 5467 Opere
3134 5398 3398 5467 adversus
3447 5394 3650 5467 calum-

2068 5469 2336 5520 niatorem
2361 5468 2604 5524 Platonis
2625 5471 2706 5523 vel
2735 5461 3018 5523 verbulum
3045 5483 3146 5538 pro
3169 5464 3512 5522 defendendo
3536 5461 3648 5515 Ple-

2073 5538 2236 5590 Ilione
2268 5538 2470 5593 facere.

449 5817 473 5840 *
498 5815 573 5864 De
609 5813 898 5878 hnjlishii-itfi
921 5811 1034 5878 fatis
1059 5814 1171 5878 vide
1204 5826 1352 5874 supra
1381 5811 1628 5878 gennadil
1665 5813 1927 5877 epistolam
1952 5813 2009 5864 ad
2045 5813 2318 5878 Josepbum
2351 5813 2644 5867 exarchum.
2676 5815 2977 5878 Fragmenta
3011 5825 3121 5878 quae
3145 5817 3414 5876 supersunt
3455 5804 3656 5859 Parisiis

394 5877 550 5927 edidit
571 5887 702 5925 anno
725 5874 840 5926 l858
861 5875 921 5926 Υ.
950 5874 1003 5939 C_!
1050 5875 1352 5931 Alexander.
1386 5875 1524 5925 Eois.
