4104 6458
493 399 604 461 739
1945 395 2286 459 NOTITIA.
3657 391 3754 453 79f

483 509 664 566 nendo
693 523 869 578 neque
900 507 1163 566 illaudato
1195 509 1400 579 labore,
1430 511 1740 583 diligentia,
1773 520 1826 567 et
1850 512 2146 566 admodum
2183 513 2423 583 proﬁcuo
2455 515 2636 568 studio
2670 515 3055 577 coniecerunt,
3099 530 3277 585 neque
3311 515 3433 569 illos
3458 513 3748 582 qttisqttnu

483 597 551 650 de
575 595 855 662 impietate
921 598 1243 665 postulavit.
1274 598 1416 665 Quid
1448 599 1594 653 enim
1627 606 1772 652 vetat
1803 599 2156 668 antiquorum
2189 614 2394 653 arcana
2426 608 2479 654 et
2510 601 2858 656 cerimonias
2882 600 3313 668 comprobanda,
3374 601 3494 654 sine
3551 597 3747 652 aliens;

477 683 808 738 Christiana:
839 683 936 745 rei,
963 685 1332 739 nescientibus
1361 686 1622 755 pandere.
1665 687 1735 740 At
1755 687 2024 756 hymnum
2052 686 2409 756 conscripsit,
2443 703 2683 758 eumque
2712 689 2766 741 in
2795 689 2988 754 solem,
3013 687 3508 758 elegantissimum.
3538 681 3756 737 Fateor.

482 765 683 819 ideone
711 768 878 821 solem
903 776 1166 836 tanquam
1207 769 1374 824 Deum
1409 769 1671 835 laudavit,
1705 771 1890 824 retulit
1929 771 1984 825 in
2015 773 2145 829 deos
2178 786 2238 828 ut
2266 773 2460 840 Deum,
2493 775 2559 827 ad
2588 778 2832 844 crrmqne'
2852 783 3113 843 tanquam
3179 773 3245 827 ad
3308 771 3501 837 Deum,
3561 785 3748 824 manus

481 853 758 922 supplices
790 855 1064 908 tetendit?
1094 855 1334 913 Fabula.
1369 856 1760 912 Admirandam
1799 858 2028 928 planetas
2063 860 2494 926 splendidissimi
2526 863 2658 925 vim,
2698 861 2922 931 profusa
2959 861 3012 915 in
3051 875 3221 931 genus
3245 859 3548 913 humanum
3586 857 3749 910 benc-

487 941 630 1001 lieia.
665 939 758 995 Dei
798 942 1191 1012 omnipotentis
1223 947 1288 998 ad
1323 947 1622 1014 quemlibet
1654 955 1852 999 nutum-
1867 962 2085 1001 servum
2118 949 2494 1018 irrequietum,
2521 967 2584 1005 ac
2605 951 2768 1006 lidum
2805 951 3116 1004 ministrum
3147 946 3440 1016 expressit.
3466 945 3643 998 Aliam
3688 945 3750 997 at

487 1028 800 1082 Christiana
862 1046 971 1084 non
1022 1043 1141 1100 post
1192 1033 1400 1088 multos
1451 1034 1565 1088 dies
1625 1034 1940 1103 religionem
2003 1037 2238 1090 futuram
2293 1033 2648 1092 asseveravit.
2699 1039 2782 1090 An
2837 1037 2943 1092 hoc
2995 1036 3049 1090 in
3087 1034 3460 1106 gentilismum
3527 1034 3750 1101 degens--

489 1117 652 1170 rare?
725 1116 807 1172 An
868 1118 987 1173 hoe
1029 1121 1284 1185 pietatem
1347 1120 1594 1189 deierare
1655 1121 1860 1176 fuerit?
1919 1123 2032 1178 lloc
2093 1139 2314 1194 quoque
2377 1140 2494 1179 navo
2555 1142 2584 1178 a
2648 1125 3094 1196 prudentissimis
3146 1133 3200 1177 et
3268 1120 3530 1192 piissimis
3589 1120 3747 1175 homi-

487 1201 676 1264 nibus,
706 1205 834 1258 dum
893 1208 1041 1274 pravi
1076 1207 1358 1262 hominum
1393 1223 1573 1263 mores
1603 1210 1848 1278 quotidie
1883 1211 1934 1264 in
1970 1213 2152 1280 pejora
2185 1224 2427 1279 ruentes,
2460 1214 2535 1268 ita
2574 1225 2632 1270 ut
2666 1214 2868 1268 nullam
2933 1213 3178 1284 pietatis,
3227 1197 3438 1264 nullam
3490 1207 3754 1263 bonitatis
3783 1227 3793 1240 κ

485 1289 811 1345 Christianae
838 1291 1075 1361 speciem
1118 1309 1227 1362 pm
1259 1309 1317 1348 se
1351 1294 1546 1362 ferant,
1579 1296 2012 1366 conSpieiuutur,
2053 1300 2209 1356 li-lem
2258 1315 2322 1355 ac
2353 1301 2668 1372 religionem
2705 1301 3074 1356 Christianam
3109 1299 3162 1353 in
3190 1298 3352 1352 aliam
3401 1307 3566 1365 atque
3595 1295 3756 1348 aliam

488 1378 722 1432 l‘ormatn
757 1390 1174 1445 eonnuutatam,
1205 1382 1472 1437 ruituram
1510 1387 1724 1438 tandem
1757 1386 1810 1439 in
1841 1396 2127 1442 externum
2159 1390 2437 1459 quippiam
2471 1389 2826 1444 adseveratur
2861 1389 3149 1449 continuo,
3182 1394 3237 1441 et
3266 1385 3416 1439 vultu
3467 1383 3610 1438 tristi
3639 1382 3757 1436 illa-

489 1475 788 1536 crymatur.
817 1465 956 1532 Quid
992 1483 1175 1524 tuores
1210 1471 1277 1524 ad
1315 1471 1630 1538 religionem
1659 1473 1831 1542 ipsam
1861 1474 1884 1527 ?
1914 1473 2054 1541 Quid
2093 1493 2228 1533 usus
2259 1478 2326 1532 ad
2359 1477 2662 1549 dogmata?
2693 1477 2845 1533 Fidei
2879 1477 3041 1532 linem
3086 1491 3187 1547 ego
3239 1490 3345 1528 non
3403 1473 3586 1528 video.
3641 1469 3758 1524 Non

486 1554 677 1622 probo.
711 1555 787 1610 Ad
812 1556 1020 1612 exitum
1054 1574 1226 1629 usque
1259 1561 1470 1622 mundi,
1499 1561 1622 1618 vitae
1651 1563 1934 1618 hominum
1964 1580 2168 1635 suppar
2197 1566 2533 1635 producatur
2561 1585 2576 1633 ;
2610 1566 2808 1622 ideone
2839 1574 2893 1622 et
2926 1565 3141 1636 probati
3173 1579 3236 1620 ac
3294 1563 3593 1616 Christiani
3642 1577 3757 1614 mo-

490 1655 581 1694 res
611 1656 828 1712 semper
859 1645 1202 1724 perstabunt,
1237 1663 1418 1718 neque
1453 1649 1507 1704 in
1533 1650 1663 1703 vitia
1689 1665 1717 1704 a
1755 1649 1960 1719 pietate
1991 1653 2304 1708 Christiana
2336 1663 2391 1708 et
2425 1655 2709 1726 religionis
2729 1655 2889 1723 longe
2920 1655 3096 1709 aliena
3127 1653 3543 1724 degenerabuut
3576 1651 3754 1704 ?lllm1

488 1743 679 1784 verum
705 1740 808 1793 est,
846 1731 1132 1791 Plethonis
1163 1735 1442 1807 ingenium
1478 1737 1605 1794 licet
1633 1739 1968 1794 adversariis
1992 1740 2385 1810 reprehensum
2415 1742 2508 1804 sit,
2543 1757 2825 1812 nunquam
2857 1751 3040 1797 tamen
3077 1742 3200 1810 ejus
3255 1741 3381 1794 vitae
3444 1739 3759 1794 institutum

484 1815 558 1868 ab
588 1817 695 1874 illis
720 1820 909 1885 etiam,
937 1822 1032 1890 qui
1069 1823 1188 1890 ejus
1238 1823 1423 1878 omnia
1458 1837 1782 1896 arguerem,
1819 1825 1992 1883 fuisse
2022 1827 2359 1883 damnatum.
2388 1826 2460 1883 Ut
2491 1829 2616 1884 hinc
2646 1826 2867 1900 arguas,
2902 1829 2997 1884 tali
3028 1828 3147 1882 viro
3171 1827 3350 1882 simile
3389 1825 3607 1882 facinus
3651 1841 3760 1879 non

489 1907 760 1972 potuisse,
799 1906 904 1962 nisi
936 1922 1034 1976 per
1064 1909 1245 1964 scelus
1279 1924 1463 1978 omne,
1512 1913 1753 1982 ap'pingi.
1790 1912 1924 1967 Dum
1952 1928 2084 1983 ergo
2104 1913 2526 1984 Trapezuntius,
2551 1916 2895 1980 Scholarius.
2920 1917 3126 1985 aliique
3159 1916 3216 1970 in
3267 1916 3576 1976 Platonem,
3640 1923 3762 1968 tan-

483 2007 651 2061 quam
678 1993 1008 2062 scriptorum
1036 1996 1281 2050 omnium
1312 1998 1863 2067 perniciosissimum.
1899 2000 2252 2071 invehuntur,
2283 2003 2496 2070 Pletho,
2529 2004 2741 2060 Platoni
2771 2005 3208 2068 addictissimus,
3228 2019 3338 2058 non
3369 2003 3552 2073 potuit
3582 2018 3761 2074 neque

486 2082 696 2134 crimen
731 2081 1138 2152 inconstantiae,
1168 2101 1351 2155 neque
1380 2088 1786 2143 calumniarum
1821 2087 2080 2159 cll‘ugere.
2115 2089 2238 2147 llaec
2268 2094 2338 2148 de
2367 2094 2654 2164 religione.
2691 2093 2832 2160 Quid
2866 2096 2932 2150 de
2986 2093 3264 2154 doctrina,
3318 2102 3371 2146 et
3415 2091 3761 2161 eloquentia.

487 2183 611 2237 qua:
638 2169 786 2224 ineo
817 2169 1162 2234 Scholarins,
1197 2175 1293 2228 sed
1328 2174 1441 2229 fere
1468 2177 1618 2232 solus
1649 2176 1947 2232 desiderat.
1981 2177 2060 2231 Ne
2086 2182 2268 2238 verbis
2303 2197 2414 2237 rem
2451 2199 2613 2252 agere
2635 2185 2846 2250 videar,
2885 2183 2954 2238 ab
2983 2183 3239 2238 hostibus
3263 2181 3643 2238 testimonium
3671 2196 3761 2232 su-

487 2271 658 2310 mam.
698 2255 948 2313 Bessario
1006 2260 1071 2314 ad
1123 2258 1488 2330 Apostolium,
1545 2264 1715 2333 Σοφός
1758 2282 1818 2317 τε
1850 2266 1945 2319 καὶ
1971 2267 2108 2336 μεγά

2139 2285 2212 2336 ης
2243 2269 2320 2338 τῷ
2348 2271 2462 2323 ὖντι
2509 2271 2737 2339 εὐφυΐας
2765 2273 2795 2323 ὁ
2824 2271 2984 2340 ἀνήρ·
3028 2269 3278 2338 Sapiens,
3329 2279 3377 2324 et
3428 2284 3644 2337 magna,
3707 2275 3760 2320 ut

485 2362 666 2400 verum
694 2346 886 2415 fatear,
917 2350 996 2405 vir
1027 2351 1116 2404 ille
1147 2354 1462 2409 dexteritate
1496 2354 1694 2426 ingenii
1730 2353 1856 2424 fuit.
1894 2354 2316 2424 Trapezuntius.
2351 2359 2474 2413 loco
2526 2359 2674 2414 dicto
2707 2379 2722 2415 :
2761 2358 3029 2412 Gemistus
3087 2375 3190 2411 non
3241 2359 3406 2410 utinm
3464 2356 3760 2425 eloquentia

489 2433 735 2500 Platone,
773 2454 874 2492 non
910 2439 1136 2509 inferior
1167 2443 1390 2496 scientia
1421 2443 1525 2500 illi.
1558 2444 1662 2498 Et:
1699 2442 1986 2506 Gemistus,
2017 2451 2228 2498 exstant
2269 2448 2406 2500 enim
2441 2446 2705 2512 nonnulli,
2739 2445 3018 2515 Roquue
3043 2445 3387 2498 inveniuntur
3429 2445 3628 2510 scripta
3674 2444 3762 2511 ip-

487 2525 624 2588 sius,
691 2527 770 2579 sic
831 2537 1020 2582 ornate
1078 2529 1456 2601 eleganterque
1479 2534 1685 2597 scribit,
1736 2535 1814 2588 sic
1847 2532 2089 2586 Platonis
2121 2533 2370 2604 ﬁgmenta
2401 2535 2623 2588 breviter
2669 2534 3021 2602 distinrteque
3083 2535 3262 2604 refert,
3319 2535 3393 2587 sic
3447 2531 3761 2603 gentilitatis

490 2615 763 2681 Opiniones
787 2616 1040 2687 defendit,
1076 2619 1152 2672 sic
1185 2631 1398 2676 nostras
1434 2623 1750 2678 crediderim
1781 2625 1836 2678 in
1870 2623 1979 2678 illis
2011 2623 2076 2677 ab
2099 2638 2158 2677 eo
2189 2619 2340 2672 libris
2367 2619 2690 2688 oppugnari,
2742 2628 2801 2672 ut
2833 2634 2986 2673 nemo
3027 2620 3133 2673 nisi
3187 2617 3524 2672 doctissimus
3567 2619 3622 2670 in
3647 2633 3762 2668 eum

491 2702 684 2755 mutire
715 2707 903 2772 possit.
937 2705 1005 2758 Et
1041 2723 1056 2758 ;
1091 2704 1196 2760 llic
1223 2723 1462 2764 sermone
1491 2711 1866 2779 gravissimus,
1896 2711 2143 2765 doctrina
2168 2707 2578 2772 callidissimus,
2603 2722 2766 2760 causa
2795 2705 2948 2776 longe
3009 2705 3274 2772 superior,
3308 2721 3415 2759 non
3459 2703 3594 2758 enim
3637 2718 3763 2755 nova

490 2793 782 2857 arrogitat,
809 2792 901 2845 sed
927 2801 1097 2847 retera
1127 2797 1272 2849 novis
1301 2797 1598 2850 rationibus
1626 2809 1853 2851 revocat.
1921 2800 1983 2853 Et
2022 2797 2352 2852 Theodorus
2380 2795 2549 2860 Gaza,
2584 2810 2706 2865 cap.
2746 2797 2800 2857 i,
2838 2795 2906 2850 tle
2939 2794 3222 2850 mensibus
3255 2811 3268 2848 :
3301 2793 3410 2846 Καὶ
3455 2791 3686 2861 amem
3719 2790 3763 2842 δ’

487 2879 578 2947 ἐφ’
606 2879 764 2950 ἡμῶν
801 2881 944 2952 ἀνὴρ
979 2883 1088 2936 τῶν
1118 2883 1404 2952 ἐπιφανῶν
1434 2899 1449 2915 ⁶
1483 2883 1548 2937 Et
1588 2883 1810 2938 Pletlton
1845 2887 1942 2940 hoc
1963 2903 2099 2942 sa'cu

2142 2905 2156 2941 ›
2190 2888 2270 2942 t-ir
2309 2885 2553 2942 celebris.
2582 2887 2643 2940 Et
2683 2904 2698 2942 :
2725 2885 2836 2939 Kal
2870 2902 2955 2938 τοι
2993 2883 3163 2938 τᾶλλα
3193 2883 3264 2938 τὰ
3291 2885 3423 2954 περὶ
3456 2881 3556 2950 τὴν
3580 2879 3763 2949 φωνὴν

488 2968 725 3021 ἕπεσθαι
782 2969 1244 3041 προθυμούμενος
1287 2974 1580 3037 Ἀττικοῖς,
1637 2975 1732 3027 καὶ
1765 2975 1974 3045 σφόδρα
2032 2992 2109 3045 πελ

2142 2977 2162 3030 ἱ
2191 2974 2351 3028 τοῦτο
2391 2973 2738 3038 σπουδάζων·
2768 2971 3006 3027 Tametsi
3033 2973 3088 3026 in
3104 2972 3315 3026 cwteris
3347 2971 3529 3028 rebus._
3548 2984 3666 3038 qua:
3696 2968 3763 3020 ad

491 3072 666 3109 uicem
686 3065 924 3125 spectant
952 3059 1156 3112 Atticos
1188 3061 1434 3114 wnmlari
1467 3063 1670 3130 magnis
1705 3063 1839 3115 vatis
1861 3064 2079 3133 expetit,
2124 3065 2178 3116 in
2201 3079 2364 3135 eoque
2406 3063 2590 3116 sedulo
2615 3076 2830 3129 operam
2901 3070 3080 3115 naval.
3103 3057 3447 3115 Concludam
3515 3056 3765 3111 testimo-

495 3146 586 3195 nio
617 3141 895 3198 Michaelis
923 3143 1216 3215 Apostolii,
1245 3146 1338 3215 qui
1377 3147 1675 3216 aliquando
1696 3163 1761 3202 ex
1792 3147 2112 3206 Plethonisa

2143 3165 2271 3205 norc
2300 3149 2523 3205 insaniit
2546 3167 2562 3204 :
2597 3147 2821 3218 Ἀνδρος
2846 3148 2909 3201 οὐ
2937 3149 3097 3218 μόνον
3124 3147 3240 3209 τοῖς
3265 3144 3360 3198 νῦν
3381 3143 3549 3208 ζῶσιν
3568 3141 3764 3195 αἰδεσῖ-

493 3247 623 3299 pou,
646 3231 783 3285 ἀλλὰ
811 3233 903 3285 καὶ
941 3233 1093 3304 αὑτῷ
1127 3234 1525 3303 Ἀριστοτέλει,
1558 3238 1653 3288 καὶ
1679 3237 1817 3288 πᾶσι
1861 3237 1976 3299 τοῖς
2044 3238 2319 3300 παλαιοῖς,
2352 3236 2473 3305 εἴγε
2502 3237 2624 3290 κατ’
2658 3235 2902 3298 ἐκείνους
2954 3233 3179 3303 ἐγένετο
3208 3235 3239 3286 ὁ
3272 3233 3434 3304 ἀνήρ.
3487 3229 3600 3284 Viri
3666 3246 3767 3283 non

488 3330 700 3372 tantum
732 3321 796 3375 iis
814 3311 922 3391 'qui
949 3339 1088 3376 nunc
1127 3324 1327 3388 vivunt,
1357 3323 1449 3378 sed
1481 3323 1590 3394 ipsi
1607 3325 1768 3378 etiam
1804 3325 2104 3390 Aristoteli,
2137 3327 2478 3394 ontnibusque
2500 3326 2786 3389 veteribus,
2807 3325 2854 3380 si
2883 3340 3066 3378 eorum
3089 3331 3248 3378 (etate
3266 3321 3473 3391 fuisset,
3518 3334 3768 3374 veneram

487 3410 571 3461 di.
599 3413 678 3464 An
712 3425 849 3476 ergo
886 3411 1182 3481 sapientia,
1218 3413 1299 3467 vel
1322 3414 1632 3483 eloquentia
1667 3412 1842 3468 deluit
1866 3413 2135 3481 Gemisto,
2161 3430 2324 3484 quam
2357 3415 2434 3469 illi
2468 3414 2768 3480 vindicant,
2795 3422 2851 3468 et
2881 3411 3058 3482 plenis
3132 3411 3326 3467 buccis
3352 3416 3613 3465 asserunt
3667 3407 3766 3458 ad-

495 3489 727 3551 versarii
762 3497 786 3550 i
815 3496 878 3552 Et
920 3513 1108 3552 revera
1139 3495 1411 3554 Scholar'ii
1439 3510 1494 3555 et
1518 3499 1785 3555 Manuelis
1815 3504 2109 3569 sententia,
2142 3517 2249 3556 n0n
2280 3517 2347 3579 ex
2399 3503 2632 3571 judicio,
2665 3501 2762 3558 sed
2827 3501 2979 3555 rabie
3015 3509 3069 3554 et
3101 3496 3476 3555 calumniandi
3543 3495 3771 3550 libidine

493 3584 662 3638 t-ll’usa
689 3594 795 3639 est.
823 3584 917 3640 Est
947 3586 1092 3639 enim
1125 3586 1339 3651 Pletbo,
1363 3587 1503 3657 stylo
1529 3586 1750 3657 quidem
1785 3598 2073 3656 accurato,
2103 3589 2360 3658 eleganti,
2397 3605 2614 3659 presso,
2645 3590 2808 3644 Attici
2841 3587 2995 3644 succi
3034 3587 3215 3656 pleno,
3243 3584 3533 3641 sententiis
3593 3583 3768 3654 gravi,

497 3679 844 3737 itt'gttttltfttlls
870 3675 1216 3737 vehemente,
1253 3675 1568 3729 eruditione
1597 3691 1749 3741 vero,
1785 3683 1839 3730 et
1871 3677 2228 3745 antiquarum
2266 3693 2449 3732 rerum
2479 3680 2740 3748 congerie
2768 3676 3104 3746 quandoque
3148 3674 3387 3729 obscuro
3426 3681 3591 3741 atque
3628 3670 3770 3723 dilli-

495 3775 526 3812 c
556 3760 586 3811 ‘i
619 3775 634 3824 ;
673 3777 778 3810 non
805 3769 992 3814 tamen
1023 3759 1094 3813 ob
1127 3759 1345 3815 Gratias
1375 3776 1439 3839 ac
1471 3759 1735 3826 Veneres,
1775 3762 1977 3832 quibus
2017 3763 2220 3834 ubique
2259 3763 2558 3818 dictionem
2587 3764 2832 3833 aspergit
2870 3765 3106 3816 molesto
3143 3761 3320 3815 :adeo
3351 3768 3408 3813 ut
3465 3775 3589 3813 cum
3625 3760 3768 3814 anti-

497 3847 627 3914 quis
656 3862 758 3902 nec
787 3847 1064 3902 immerito
1090 3848 1482 3918 mqniparetur,
1505 3849 1591 3906 sui
1617 3850 1719 3904 sevi
1747 3850 2112 3919 scriptoribus
2137 3867 2166 3906 a
2196 3851 2474 3921 plerisque
2512 3858 2901 3920 anteponatur.
2939 3849 3050 3920 Ego
3082 3864 3218 3903 sane
3282 3863 3409 3903 cum
3458 3847 3603 3902 illius
3673 3846 3771 3899 ali-

509 3935 640 4004 quid
685 3937 824 4003 lego,
851 3937 1244 3992 vetustissima:
1275 3937 1622 4006 antiquitatis
1645 3952 1872 3992 succum
1902 3949 1955 3992 et
1982 3948 2320 3993 venustatem
2353 3939 2512 4008 plane
2541 3938 2806 4002 Atticam,
2837 3935 3102 4006 quidquid
3161 3936 3252 3988 alii
3290 3951 3477 4004 parum
3510 3935 3648 4003 δειμιὶ
3692 3934 3772 3986 di-

504 4033 649 4086 cunt,
686 4025 950 4079 admiror.
991 4025 1046 4077 In
1095 4023 1428 4079 bibliotheca
1450 4024 1769 4090 Barberina,
1805 4027 1929 4080 cod.
1953 4025 2080 4090 265,
2115 4025 2125 4080 Ι

2153 4027 2390 4080 abctur:
2450 4024 2745 4094 nmmo;
2808 4023 2992 4094 νόμων
3055 4023 3384 4094 συγγραφῆς
3437 4022 3643 4092 βιϐλίον
3698 4029 3769 4074 a."

505 4112 782 4166 Plethonis
821 4111 895 4165 De
923 4111 1126 4182 legibus
1159 4113 1294 4166 liber
1323 4112 1697 4181 primus.Sunt
1719 4121 1928 4168 tantum
1965 4113 2144 4183 capita
2171 4129 2289 4168 sex.
2333 4114 2389 4167 In
2421 4113 2620 4182 quibus
2677 4112 2958 4167 adnotavit
2988 4114 3176 4167 nescio
3211 4114 3335 4182 quis
3366 4130 3380 4167 :
3417 4111 3529 4165 Hoc
3565 4120 3773 4163 tantum

493 4219 563 4256 ea:
604 4203 780 4255 divino
807 4201 900 4255 illo
923 4204 1187 4256 volumine
1237 4203 1603 4273 politicorum,
1637 4203 1747 4257 sive
1775 4203 1837 4256 de
1870 4203 2072 4271 legibus
2099 4201 2324 4258 Gemisti
2347 4202 2417 4254 ad
2449 4217 2543 4255 nos
2564 4201 2818 4268 pervenit,
2850 4201 3112 4270 reliquum
3145 4202 3435 4269 sacrilegus
3465 4197 3774 4253 Scltolarius

499 4289 730 4358 {iuuantis
756 4290 1084 4358 consumpsit
1117 4306 1137 4355 ;
1165 4290 1429 4358 veterique
1459 4290 1582 4343 odio
1608 4299 1657 4342 et
1695 4289 1995 4344 inimicitiis
2028 4289 2161 4343 adeo
2192 4290 2438 4356 indulsit,
2473 4298 2613 4343 utne
2646 4289 2914 4343 communi
2943 4288 3150 4359 quidem
3209 4289 3432 4341 utilitati
3457 4290 3770 4355 pepercerit,

498 4395 714 4434 stertens
752 4380 802 4432 in
837 4380 1024 4444 libros,
1047 4380 1259 4449 quando
1287 4381 1342 4432 in
1371 4389 1645 4433 auctorem
1667 4379 1981 4442 nautverit.
2033 4379 2290 4450 (ALL/tr.)
2325 4377 2538 4432 Monac.
2580 4377 2635 4431 in
2673 4378 2800 4431 cod.
2835 4375 3030 4432 Bavar.
3085 4377 3155 4430 48
3205 4377 3310 4430 sub
3364 4376 3524 4429 linem
3559 4384 3643 4427 est
3699 4393 3762 4428 ex

499 4467 763 4522 l‘lethone
816 4467 1225 4539 Fragmentum,
1259 4467 1403 4537 quod
1437 4466 1508 4522 cl.
1543 4465 1755 4521 llardio.
1794 4468 1848 4522 in
1880 4469 2084 4521 Aretini
2115 4466 2443 4538 Beytrtegen,
2469 4474 2577 4521 etc.
2616 4480 2748 4521 ann.
2784 4465 2944 4530 1805,
3002 4473 3145 4535 part.
3209 4481 3280 4527 vr,
3315 4478 3367 4533 p.
3417 4463 3502 4527 l8,
3555 4463 3768 4516 videtur

498 4572 620 4612 esse
653 4553 1043 4626 Fragmentum
1068 4555 1190 4610 libri
1227 4555 1303 4609 De
1337 4554 1616 4625 legibus,et
1646 4554 1834 4624 inquo
1862 4555 2194 4612 variicoltus
2220 4554 2417 4622 illiciti,
2448 4565 2501 4609 et
2519 4554 2916 4624 poenajcuilibct
2940 4562 3145 4610 statuta
3167 4561 3515 4607 enarrantur.
3549 4552 3770 4622 (εΙΑιιι.)

568 4669 663 4723 24.
691 4670 750 4724 1η
777 4671 940 4726 rebus
968 4678 1172 4725 nostra:
1213 4668 1336 4724 lidei
1367 4668 1611 4738 scripsit,
1637 4669 1771 4739 Περὶ
1807 4667 1905 4738 τῆς
1932 4667 2188 4738 sumptui)

2144 4667 2332 4730 ὠςεως
2359 4667 2453 4720 τοῦ
2479 4666 2611 4721 Υἱοῦ
2647 4665 2742 4720 τοῦ
2764 4667 2924 4719 Θεοῦ.
2963 4665 3036 4718 De
3076 4667 3442 4719 incarnatione
3474 4661 3608 4716 Filii
3652 4664 3763 4722 Dei.

499 4755 639 4828 Περὶ
665 4757 768 4828 τῆς
799 4757 1176 4826 ἐκπορεύσεως
1209 4746 1302 4812 ’ὲοῦ
1335 4757 1496 4826 ἁγίου
1528 4756 1870 4826 Iit/stipatos.
1907 4758 1978 4810 De
2023 4773 2117 4826 pro

2144 4764 2354 4816 'essione
2386 4761 2628 4828 Spiritus
2691 4761 2866 4815 sancti
2898 4773 3088 4815 contra
3150 4757 3394 4823 Latinos,
3428 4758 3508 4810 vel
3538 4759 3636 4810 hac
3681 4758 3765 4809 in—

495 4847 840 4917 SCriptione:
907 4835 1203 4912 ’Ᾰπόδειξις
1231 4848 1315 4900 ὃτι
1360 4847 1426 4900 tu
1476 4846 1638 4916 μόνου
1665 4845 1761 4899 τοῦ
1827 4846 2038 4912 [Ἰατρὸς
2101 4850 2465 4919 ἐκπορεύεται
2515 4849 2578 4902 τὸ
2634 4850 2860 4918 Πνεῦμα.
2917 4849 2976 4901 τὸ
3009 4849 3188 4914 ἆγιον,
3253 4850 3348 4899 aut
3398 4847 3552 4900 οὐδὲν
3630 4847 3767 4906 ὅλως

485 4936 762 4990 ’ἀδύνατον
791 4937 1010 4990 ἕπεται.
1049 4935 1469 4999 Demonstratio,
1501 4933 1765 5006 Spiritum
1796 4924 2044 4989 sanctum
2079 4953 2146 4990 ex
2167 4939 2332 4992 Patre
2355 4937 2466 4992 solo
2482 4938 2786 5008 procedere,
2816 4952 2977 5004 neque
3007 4937 3126 4988 inde
3152 4933 3370 5004 aliquod
3391 4935 3536 4998 sequi
3572 4935 3766 5010 absttr:

495 5028 648 5080 dum.
688 5025 750 5080 P.
783 5025 846 5080 τὸ
879 5025 1021 5095 ὑπὲρ
1049 5010 1299 5078 Ᾱατίνων
1337 5021 1568 5092 βιϐλίον,
1592 5024 1656 5077 τὸ
1682 5027 1740 5088 ἔς
1765 5025 1913 5094 ἡμᾶς
1942 5017 2116 5094 ἧκον(

2155 5024 2195 5092 ).
2229 5024 2330 5089 Qui
2355 5039 2482 5078 cum
2511 5041 2576 5078 ex
2611 5022 2984 5088 fundamentis
3007 5020 3289 5091 gentilium
3315 5019 3675 5093 philosotdtiu:
3706 5019 3774 5073 ad

501 5114 553 5170 id
587 5113 930 5184 probandum
951 5121 1275 5183 argumenta
1319 5111 1592 5181 petiisset,
1620 5128 1800 5182 neque
1839 5111 2045 5166 Gra'cis
2076 5111 2210 5181 ipsis
2232 5128 2295 5165 ex
2323 5111 2624 5166 schismate
2649 5111 2935 5179 satisfecit,
2984 5115 3117 5184 quin
3150 5127 3216 5167 es
3247 5112 3316 5165 iis
3369 5108 3580 5161 Mauuel
3617 5105 3769 5158 ιιι-ιι-

501 5201 826 5270 pontu-sius,
859 5198 1069 5271 Magna:
1093 5197 1352 5255 Ecclesia
1389 5199 1599 5266 rhetor,
1629 5200 1724 5270 qui
1767 5199 1872 5255 sub
1897 5199 2208 5265 patriarcha
2241 5199 2535 5257 Pachomio
2571 5199 2638 5272 (ί)
2665 5199 2904 5268 vivebat,
2941 5210 3004 5257 ut
3059 5201 3126 5256 de
3154 5215 3222 5256 eo
3263 5198 3428 5254 tradit
3454 5199 3508 5253 in
3540 5193 3776 5249 lhstmia

573 5423 641 5494 (θ)
676 5421 878 5500 Prii-le?
903 5420 1211 5500 1)ι·ενῑοι·ριη
1248 5421 1498 5500 Ψιηςϐθνι
1519 5421 1684 5500 etiam
1720 5421 2076 5500 alill§_09piQ-
2175 5445 2230 5483 sc
2255 5442 2580 5498 pra'pararet
2612 5430 2682 5482 ad
2705 5445 2959 5500 pugnam,
3000 5437 3054 5481 ut
3084 5422 3516 5500 aliquid-dixisse
3561 5421 3766 5474 videre-

499 5492 612 5569 sior
641 5492 884 5561 ejusdem
909 5493 1535 5569 argumentiPlisthenis
1567 5495 1712 5569 liber
1736 5509 1802 5547 ex
1827 5492 1968 5548 Chio
1997 5497 2076 5547 ai-
2179 5492 2288 5564 tur,
2316 5492 2625 5569 conceptum
2657 5492 3035 5562 eiclusuniquc
3070 5492 3251 5564 fuisse.
3288 5493 3518 5569 Gutnisﬁ
3553 5507 3772 5569 seruta-

501 5564 645 5617 λιηιικ
674 5560 1024 5617 ίιιιθιυυηιιιτ
1062 5564 1130 5615 ιιι)
1161 5564 1383 5628 Anim",
1415 5564 1508 5616 lib-
1558 5579 1646 5625 III.
1671 5563 1745 5615 οε
1797 5579 2079 5628 alumnus
2179 5560 2283 5623 nes
2310 5572 2364 5624 in
2395 5560 2633 5625 concilio
2669 5560 2986 5624 Florentino
3014 5560 3181 5622 habiti
3220 5567 3535 5621 referuntur
3574 5577 3604 5614 a
3669 5560 3777 5614 Sil.

497 5651 527 5685 c
566 5635 619 5712 ἦ,
711 5633 886 5713 6._qtti
915 5632 1106 5713 incipit
1138 5633 1398 5713 :_Bt6)tlov
1442 5633 1604 5713 adure
1633 5633 1714 5713 εἰς
1738 5634 1896 5713 ﬁmi;
1927 5631 2080 5713 jxov

2179 5649 2365 5713 vestro
2399 5641 2707 5713 Sguropulo
2739 5642 2793 5697 in
2817 5637 3058 5698 Historia
3091 5638 3242 5696 illius
3269 5633 3513 5696 concilii,
3553 5648 3607 5703 p.
3647 5631 3771 5696 155,

500 5705 718 5771 πρῶτοι
751 5703 979 5770 ἄρχεται
1009 5703 1104 5755 τοῦ
1130 5707 1197 5772 τῇ
1217 5707 1458 5773 σφετέρᾳ
1483 5703 1612 5773 δόξῃ
1639 5703 1891 5770 ἀμύνειν.
1919 5703 2077 5767 Puto,
2185 5711 2312 5763 197.

500 5775 674 5851 imput
708 5774 1039 5851 Arl-lttlltlstid
1071 5790 1200 5840 opus
1223 5792 1254 5826 η
1281 5773 1839 5851 (ξερξξςιοωμιιεᾳηαηι
1878 5775 2077 5851 incon-
2258 5781 2323 5851 (ί)
2359 5781 2516 5838 Circa
2545 5798 2596 5838 a.
2634 5779 2792 5836 1510..

497 5846 681 5897 cilium
711 5843 1108 5902 (Florentinum
1135 5860 1262 5900 ann.
1297 5843 1454 5915 1458)
1478 5845 1694 5914 veniret,
1722 5861 1840 5898 cum
1860 5846 2080 5912 quilibet
