4104 6476
308 364 403 423 7“)!
1624 367 2019 428 GEORGIUS
2049 368 2373 433 PLETIIO.
3489 369 3597 436 792

311 475 685 531 ecclesiastica
739 474 956 532 Manucl
985 475 1228 534 Malaxns
1262 479 1361 551 (g),
1402 480 1474 535 ita
1499 476 1819 550 argumenta
1851 478 2133 539 Plethonis
2160 484 2297 539 libro
2320 484 2388 541 de
2420 484 2523 541 hac
2548 500 2608 540 re
2637 484 2811 553 edito,
2836 485 2999 556 cujus
3050 485 3181 540 illud
3257 484 3586 555 principium

312 577 422 630 est,
452 564 699 633 Μηδὲπω
725 564 918 635 κρίνας
948 564 1151 634 ἄνδρας
1181 566 1503 638 ἀδαήμονας
1546 570 1738 640 ἐάσῃς,
1781 569 1933 625 rell-ll

1971 578 2023 635 t;
2059 578 2252 626 utnon
2283 572 2469 628 minus
2516 586 2641 628 cum
2677 573 2732 628 in
2777 575 2881 628 hoc
2944 574 3154 639 libello,
3189 589 3354 643 quam
3395 574 3485 627 alii
3539 574 3592 628 in

322 652 485 707 libris
505 653 573 708 de
599 652 839 723 legibus,
873 653 1172 725 impietatis
1206 669 1270 710 ac
1295 654 1591 725 gentilismi
1626 664 1933 713 accusaret.
1976 654 2156 714 Verba
2188 658 2478 723 Manuvlis,
2508 661 2638 732 quia
2676 677 2784 720 non
2808 666 2881 717 ita
2940 664 3197 719 omnibus
3226 646 3306 716 'in
3342 672 3594 731 promptu

324 753 480 805 sunt,
512 743 606 798 sed
637 757 747 798 non
779 743 986 809 omnia,
1043 743 1134 800 hic
1160 759 1434 816 apponam
1469 762 1484 801 :
1522 746 1669 818 Ὅρα
1700 748 1812 817 γάρ
1842 764 1935 817 μοι

1980 747 2077 802 τὸν
2108 748 2423 804 ἀθεώτατον
2469 750 2738 821 Γεμιστδν
2773 753 2830 804 ὲν
2852 751 2934 821 τῷ
2967 750 3221 822 σφετέρῳ
3275 749 3414 820 τῷεε
3463 765 3595 818 συγ-

316 832 611 902 γράμματι
647 832 844 903 κριτὴν
878 831 1232 888 καθιστῶντα
1266 835 1467 889 ἑαυτὸν
1501 837 1560 889 ὲν
1593 836 1940 907 πράγμασιν,
1998 831 2076 890 ὧν
2131 837 2231 908 τῆς
2264 837 2538 908 ἀκριϐοῦς
2600 839 2973 909 καταλήψεως
3029 840 3231 910 ἐπίσης
3263 837 3595 907 φαινόμενον

318 921 782 991 ἐπιτυγχάνοντα.
808 921 1129 991 Λελτβότως
1163 923 1221 976 δὲ
1249 924 1348 994 τὴν
1380 923 1482 994 μὲν
1522 925 1925 995 Χριστιανικὴν
1962 925 2160 994 σοφίαν
2196 927 2606 997 διαχλευάζειν,
2635 928 2736 999 τὴν
2761 928 2818 982 δὲ
2854 927 3135 996 Ἐλλήνων
3155 927 3368 997 μιαρὰν
3389 926 3598 994 δογμα-

317 1009 492 1073 τίζειν
526 1009 891 1076 οεοπλαστίαν
927 1009 1302 1081 πειρώμενον.
1327 1005 1430 1067 Ὧν
1476 1013 1587 1082 γὰρ
1612 1015 1667 1066 αί
1699 1012 1984 1082 δυνάμεις,
2021 1014 2177 1082 φησὶ,
2236 1013 2507 1085 διάφοροι,
2544 1016 2641 1069 καὶ
2673 1014 2816 1070 αὐτὰ
2858 1014 2925 1069 ἂν
2957 1014 3044 1086 εἴη
3078 1016 3205 1077 ταῖς
3234 1013 3451 1075 obviat;
3481 1012 3599 1066 διὰ·

324 1114 485 1167 φορα.
520 1097 583 1152 Iit
605 1113 617 1126 ⁸
655 1095 716 1150 '0
743 1096 800 1150 δὲ
838 1098 1196 1168 ματαιόφρων
1228 1099 1456 1170 Πλήθων
1491 1102 1656 1172 μόνον
1700 1100 1957 1171 διασύραι
1988 1099 2315 1172 βουλόμενος
2349 1101 2417 1156 τὰ
2453 1103 2722 1175 ἡμέτερα,
2760 1102 2932 1175 αὐτὴν
2968 1103 3065 1172 τὴν
3086 1100 3210 1158 ..τοῦ
3237 1100 3597 1170 Ἐὐαγγελίου

328 1187 489 1256 ῥῆσιν
515 1184 734 1256 γυμνὴν
759 1187 1055 1257 λαμϐάνων
1107 1187 1187 1252 είς
1216 1188 1533 1243 τούναντίον
1552 1188 1726 1243 οἴεται
1753 1190 1993 1259 ἀπάγειν
2020 1191 2113 1243 τὸν
2148 1189 2311 1259 λόγον
2364 1192 2582 1245 λυσσῶν
2617 1192 2881 1264 ἀκρατῶς
2924 1193 3070 1246 κατὰ
3116 1178 3221 1261 τῆς
3262 1184 3428 1261 ἡμῶν
3473 1190 3586 1243 τῶν

325 1275 672 1345 Χριστιανῶν
719 1274 875 1328 Osos-0
891 1274 1034 1338 9l1;.
1082 1276 1192 1329 Καὶ
1224 1275 1411 1339 ἁπλῶς
1457 1275 1515 1329 δὲ
1551 1278 1731 1330 εἰπεῖν
1759 1278 1883 1330 ὅλον
1914 1278 1976 1332 τὸ
2010 1278 2259 1333 τοιοῦτον
2296 1278 2650 1351 σύγγραμμα
2683 1280 2805 1334 καθ’
2858 1279 3022 1350 ἡμῶν
3082 1279 3338 1342 ὑπούλως
3401 1295 3599 1331 συντε-

325 1363 509 1434 ταέὼς
541 1366 815 1433 φαῖνέται,
846 1361 1018 1432 οὗπερ
1049 1365 1080 1434 ἡ
1120 1364 1393 1437 caepim;
1438 1382 1495 1419 τε
1529 1367 1621 1419 καὶ
1652 1368 1905 1436 παχύτης
1939 1366 2076 1439 δήλη
2109 1369 2278 1420 παντὶ
2328 1368 2409 1438 τῷ
2438 1368 2670 1438 λογικῆς
2719 1368 3076 1438 εὗμοιροῦντι
3102 1367 3357 1429 παιδείας
3386 1366 3602 1437 ἀμηγέ-

328 1474 404 1521 πη
439 1455 776 1523 καθέστηκε,
805 1456 917 1518 τοῖς
955 1454 1011 1507 δὲ
1038 1454 1159 1506 κατ’
1182 1456 1418 1511 ἐκεῖνον.
1467 1456 1565 1507 καὶ
1605 1454 1842 1524 μάλιστα
1877 1458 1990 1519 τοῖς
2022 1456 2233 1510 ἐκείνου
2282 1456 2497 1524 ἀλόγως
2541 1472 2603 1522 τε
2654 1456 2752 1511 καὶ
2794 1455 3115 1524 κτηνωῗῶς,
3176 1454 3381 1523 μᾶλλον
3416 1454 3472 1507 δὲ
3508 1454 3602 1506 καὶ

329 1536 757 1614 ἀνδραποδωδῶς
790 1544 1199 1613 παρεπομένοις
1228 1543 1402 1608 δίξειν
1454 1544 1778 1612 ἀντιλέγειν.
1815 1543 1950 1599 Cons

1979 1546 2069 1600 rice
2097 1562 2342 1617 namque,
2387 1560 2589 1616 quaso,
2634 1545 3006 1613 impiissimum
3067 1544 3359 1600 Gemistum
3398 1543 3452 1596 in
3505 1557 3600 1594 suo

329 1639 713 1690 commentario
747 1637 978 1705 iudicem
1014 1638 1351 1707 semetipsum
1404 1641 1815 1692 constituentem
1875 1638 1931 1692 in
2000 1638 2153 1691 rebus
2205 1652 2431 1708 quarum
2488 1637 2810 1707 exquisitam
2866 1635 3383 1706 comprehensionem
3431 1632 3594 1702 plane

330 1721 537 1775 nullam
559 1723 814 1794 possidet.
852 1723 952 1777 Hic
974 1723 1200 1779 latenter
1234 1726 1600 1781 Christianam
1622 1728 1938 1796 sapientiam
1973 1725 2416 1794 contemptimque
2440 1723 2677 1790 lacessit,
2711 1723 2999 1779 Gentilium
3026 1721 3412 1778 exsecrandum
3466 1720 3588 1774 deo-

332 1826 449 1864 rum
477 1813 847 1881 conﬁctionem
876 1814 1028 1882 quasi
1052 1813 1243 1886 dogma
1280 1815 1581 1870 hominibus
1609 1817 1892 1886 propinare
1925 1814 2216 1870 contendit.
2273 1814 2516 1883 Quorum
2574 1814 2889 1885 facultates,
2942 1815 3042 1879 ait,
3079 1813 3299 1867 diversa:
3354 1820 3497 1874 sunt,
3541 1825 3607 1863 ea

330 1902 561 1956 essentia
589 1918 793 1971 quoque
824 1902 1034 1957 diversa
1060 1913 1206 1960 sunt.
1238 1903 1336 1959 Et:
1365 1903 1542 1960 Mente
1569 1916 1755 1975 captus
1785 1904 1968 1961 I’lelho
1993 1912 2201 1958 tantum
2227 1911 2412 1958 nostra
2443 1913 2799 1965 contemnere.
2826 1919 2889 1957 ac
2908 1901 3142 1956 ludibrio
3169 1900 3385 1969 afficere
3406 1900 3605 1960 volens,

331 1991 505 2055 ipsum
527 1989 804 2060 Evangelii
827 1992 1029 2046 dictant
1055 1993 1256 2047 nudum
1287 1994 1549 2064 arripiens
1572 1995 1628 2049 in
1657 1994 1987 2049 contrarium
2006 2008 2189 2063 rapere
2220 2007 2515 2047 sermonem
2549 1991 2822 2059 opinatur,
2850 1992 3007 2061 eﬂuse
3024 1989 3204 2058 furens
3233 1997 3422 2041 contra
3451 1985 3611 2039 (.‘ltri-

332 2078 629 2132 stianorum
660 2079 894 2133 divinam
935 2081 1250 2148 sapientiam
1278 2098 1299 2147 ;
1323 2091 1394 2147 et,
1423 2091 1481 2137 ut
1510 2083 1665 2137 terbo
1691 2084 1890 2146 dicant,
1929 2092 2096 2137 totum
2131 2081 2569 2136 commentarium
2614 2088 2801 2135 contra
2845 2096 2938 2134 nos
2968 2077 3184 2132 subdole
3216 2075 3429 2131 videtur
3472 2074 3609 2127 scri-

334 2168 525 2235 psisse,
549 2166 702 2237 cujus
720 2168 1058 2224 imbecillitas
1089 2180 1139 2223 et
1165 2169 1423 2225 Itebetudo
1444 2171 1658 2225 cuilibet
1691 2172 1861 2242 logica
1893 2169 2141 2224 doctrina
2180 2169 2382 2224 imbuta
2398 2178 2671 2239 perspecta
2697 2176 2772 2222 est
2808 2187 2824 2235 ;
2855 2167 3170 2237 sequacibus
3200 2180 3320 2219 vero
3367 2164 3535 2227 illius,
3559 2170 3611 2216 et

332 2257 400 2308 iis
419 2255 508 2324 qui
541 2257 654 2310 sine
678 2256 901 2321 ratione,
929 2255 1223 2312 bestiarum
1250 2260 1304 2313 in
1336 2260 1574 2330 modum,
1601 2260 1708 2314 imo
1734 2275 2006 2315 servorum
2026 2259 2171 2312 dicta
2193 2269 2508 2328 sequuntur,
2542 2266 2729 2311 contra
2758 2257 2962 2327 aliquid
2980 2270 3241 2324 apponere
3254 2251 3608 2322 judicabitur.

335 2342 501 2399 Liber
531 2353 738 2414 prostat
765 2358 868 2399 tus.
905 2345 959 2399 in
997 2345 1130 2401 bibl.
1167 2346 1453 2411 Vaticana,
1495 2348 1839 2417 Augustana.
1873 2346 2264 2410 Ambrosiaua,
2289 2356 2342 2401 et
2375 2346 2528 2401 alibi.
2561 2345 2816 2414 (Αιιιτ.)
2850 2343 2927 2398 De
2958 2344 3119 2398 codd.
3151 2342 3328 2396 Vatic.
3361 2340 3612 2407 aliisque,

335 2431 404 2487 γ.
441 2447 584 2499 quos
616 2432 749 2486 citat
785 2431 1085 2488 Motitl‘aue.
1120 2434 1264 2489 Bibl.
1299 2435 1553 2491 Biblioth.
1585 2452 1716 2491 mss.
1752 2436 1805 2490 in
1840 2435 1895 2490 tl.
1925 2451 2050 2491 voc.
2084 2433 2350 2491 Gemistus
2380 2444 2432 2489 et
2459 2434 2717 2505 Georgius
2750 2432 3035 2490 Gemistus.
3070 2432 3146 2485 De
3173 2428 3296 2484 rod.
3326 2428 3456 2482 bibl.
3496 2429 3614 2480 Au-

351 2528 573 2585 gustan.
609 2518 670 2574 V.
697 2518 887 2574 Rt-isct'
918 2522 1094 2577 indic.
1129 2540 1263 2580 mss.
1301 2524 1433 2578 bibl.
1465 2528 1695 2592 August.
1732 2540 1852 2593 pag.
1880 2524 1971 2579 90.
2005 2553 2076 2563 —
2102 2522 2280 2578 Paris.
2314 2524 2368 2577 in
2402 2521 2535 2579 bibl.
2567 2523 2720 2592 pnbl.
2769 2520 2894 2577 cod.
2926 2520 3057 2586 949,
3097 2535 3153 2573 ιι.
3186 2517 3241 2583 6,
3272 2515 3437 2579 2055,
3490 2531 3542 2568 ιι.
3581 2512 3617 2566 2

336 2607 674 2678 —Mosqu:r,
702 2611 756 2664 in
790 2610 922 2666 bibl.
962 2612 1162 2683 synod.
1191 2613 1319 2668 cod.
1353 2612 1481 2675 511,
1508 2610 1742 2668 Gemisti
1772 2613 1909 2685 πρὸς
1929 2629 1957 2665 τ

2022 2612 2166 2681 ὑπὲρ
2194 2610 2290 2665 τοῦ
2321 2611 2602 2665 λατινικοῦ
2649 2611 2925 2680 δόγματος
2958 2608 3186 2679 βιϐλίον,
3218 2606 3331 2661 inc.
3370 2603 3444 2658 Τὸ
3474 2602 3616 2668 ὑπὲρ

340 2697 611 2753 Λατίνων.
646 2695 711 2751 ν.
752 2697 983 2754 Μιιιιιιίεί
1025 2697 1195 2754 Notit.
1226 2699 1386 2757 codd.
1413 2699 1508 2756 Gr.
1551 2698 1724 2772 Mosq.
1756 2715 1812 2772 p.
1842 2700 1961 2767 204,

2007 2716 2064 2755 n.
2096 2699 2187 2755 44.
2218 2697 2361 2755 Idem
2391 2697 2613 2764 Matriti,
2638 2698 2691 2752 in
2719 2699 2851 2753 bibl.
2879 2698 3010 2765 Reg.
3066 2696 3191 2751 cod.
3228 2693 3349 2758 115,
3379 2709 3432 2746 ιι.
3486 2690 3612 2755 128,

342 2792 399 2840 et
427 2787 669 2855 ascripta
707 2785 1049 2841 Constantini
1086 2787 1342 2843 Lascaris
1368 2799 1489 2843 nota
1511 2789 1690 2855 docet,
1725 2792 1989 2861 scriptum
2023 2805 2146 2846 esse
2171 2798 2363 2845 contra
2400 2788 2733 2859 Argyropuli
2766 2787 2965 2842 librum
3012 2784 3085 2839 De
3114 2782 3434 2839 Latinorum
3489 2781 3617 2851 dog-

345 2875 601 2944 mate(de
633 2891 745 2945 quo
779 2875 903 2933 vide
943 2892 1130 2943 supra,
1160 2876 1265 2930 vol.
1305 2876 1401 2945 XI,
1433 2893 1487 2949 p.
1515 2877 1622 2933 464
1649 2881 1782 2950 sq.).
1819 2878 1883 2935 V.
1917 2879 2095 2936 lriart.
2123 2881 2245 2936 Cat.
2282 2880 2448 2936 codd.
2477 2879 2575 2936 Gr.
2625 2879 2830 2934 Matt-it.
2888 2894 2941 2948 p.
2980 2877 3123 2944 459;
3185 2885 3239 2932 et
3274 2872 3517 2933 Taurini.
3559 2870 3617 2923 ill

347 2964 485 3018 bibl.
523 2962 657 3028 Reg.
690 2968 815 3020 cod.
852 2964 975 3019 161.
1012 2964 1076 3019 V.
1109 2966 1229 3019 Cat.
1265 2966 1425 3021 codd.
1454 2965 1552 3022 Gr.
1577 2966 1743 3023 Taur.
1776 2984 1831 3038 p.
1856 2968 1963 3024 245

2014 2998 2086 3009 —
2120 2967 2390 3030 Florent..
2421 2968 2476 3021 in
2513 2967 2650 3023 bibl.
2700 2965 2965 3023 Laurent.
3031 2964 3119 3033 18,
3156 2981 3211 3023 ιι.
3243 2963 3298 3029 8,
3335 2962 3471 3031 plut.
3525 2958 3615 3025 56,

348 3061 433 3108 est
462 3052 620 3115 liber,
656 3068 686 3106 a
714 3051 966 3107 Fabricio
998 3054 1051 3107 in
1082 3062 1214 3109 nota
1239 3055 1305 3109 ad
1336 3054 1555 3109 initium
1585 3056 1783 3128 hujus§
1812 3042 1969 3113 meum

1996 3069 2167 3122 ratus,
2205 3064 2262 3111 at
2284 3056 2587 3125 inscriptus
2623 3074 2636 3110 :
2672 3053 2898 3110 Gemisti
2937 3056 3075 3124 πρὸς
3107 3049 3166 3105 τὸ
3196 3051 3338 3121 ὑπὲρ
3371 3046 3617 3101 Λατίνων

347 3139 444 3193 τοῦ
480 3139 715 3203 Νικαίας
747 3139 977 3210 βιϐλίον,
1026 3143 1120 3194 καὶ
1149 3140 1243 3194 τοῦ
1276 3142 1514 3207 Νικαίας
1547 3143 1839 3213 ἀπολογίη
1898 3146 1992 3199 καὶ
2020 3145 2114 3198 τοῦ
2146 3143 2315 3197 αὐτοῦ
2347 3144 2642 3216 Πλήθωνος
2674 3143 2771 3197 ἐπὶ
2803 3141 2881 3214 τῷ
2913 3142 3062 3194 τέλει
3117 3139 3461 3207 ἁντίρῤησις’
3513 3132 3621 3186 Ad‘
3684 3158 3689 3163 ‘

349 3245 531 3283 versus
562 3229 757 3284 librum
791 3231 996 3284 Mcwni
1018 3247 1113 3300 pro
1138 3231 1361 3297 Latinis,
1393 3246 1510 3286 cum
1531 3233 1773 3303 ejusdem
1807 3232 2020 3289 Nicazni
2050 3232 2503 3303 responsionibus,
2524 3240 2573 3286 et
2599 3232 2654 3286 in
2676 3231 2782 3300 ﬁne
2805 3231 3078 3300 ipsiusmet
3106 3224 3381 3282 Pletltonis
3409 3231 3620 3276 contra-

353 3319 538 3372 dictio.
574 3317 746 3388 lncip.
783 3319 858 3372 Τὸ
885 3319 1027 3390 ὑπὲρ
1078 3320 1331 3388 Λατίνων
1357 3320 1587 3390 βιϐλίον,
1619 3322 1680 3375 τὸ
1703 3323 1759 3385 ἐς
1815 3323 1963 3393 ἡμᾶς

1996 3319 2153 3395 ἧκον,
2219 3324 2454 3396 ἄρχεται
2509 3324 2609 3395 μὲν
2660 3322 2758 3377 τοῦ
2788 3326 2857 3394 τῇ
2892 3321 3131 3393 σφετέρᾳ
3185 3318 3417 3390 ἀμύνειν
3471 3311 3617 3383 δόξῃ.

350 3403 559 3460 Nicaeni
589 3407 836 3477 apologia
880 3424 927 3463 s.
971 3409 1360 3478 responsiones
1392 3409 1458 3463 ad
1485 3410 1788 3482 marginem
1821 3421 1951 3467 sunt
1984 3415 2259 3485 ascriptis.
2296 3413 2358 3469 ν.
2391 3413 2624 3470 Bandin.
2648 3413 2767 3469 Cat.
2798 3410 2961 3467 codd.
2994 3408 3090 3465 Gr.
3115 3407 3378 3464 Laurent.
3401 3403 3467 3468 ll,
3501 3415 3620 3472 pas-

352 3494 482 3552 518.
514 3494 734 3552 illam.)

392 3495 482 3552 18.
514 3495 734 3565 (Hann)

426 3612 520 3667 25.
555 3611 811 3685 Ejusdem
860 3614 1013 3668 varia
1045 3616 1318 3669 asservari
1350 3615 1611 3671 dicuntur
1673 3616 1726 3671 in
1824 3615 2159 3672 bibliotheca
2188 3614 2505 3686 Auguslana
2540 3632 2555 3683 ;
2595 3614 2756 3670 inde:
2808 3611 3216 3682 manuscriplus
3270 3605 3366 3681 [ν.
3408 3588 3624 3660 'Beiser

353 3701 530 3757 Indic.
556 3706 650 3758 cit.
680 3718 804 3773 pag.
840 3701 933 3775 85]
973 3703 1173 3759 Veneta
1206 3703 1264 3759 S.
1300 3703 1487 3770 Marri,
1533 3718 1655 3775 quae
1703 3703 1807 3759 fuit
1839 3703 2207 3767 Bessarionis,
2240 3719 2418 3761 scam.
2448 3703 2541 3764 52.
2582 3718 2734 3756 num.
2757 3700 2830 3755 22
2885 3699 2978 3774 [ν.
3009 3715 3172 3771 supra
3205 3697 3273 3752 ad
3318 3712 3374 3750 ιι.
3402 3693 3438 3748 2
3465 3703 3519 3748 et
3547 3688 3629 3764 8.]

354 3799 412 3847 et
441 3791 665 3860 Neapoli
694 3793 749 3846 in
782 3791 1037 3847 coenobio
1072 3787 1601 3862 Augustiniauorum
1637 3793 1828 3849 Sancti
1855 3793 2085 3849 Joannis
2113 3793 2180 3847 de
2228 3792 2570 3848 (larhouaria
2604 3788 2699 3862 [ν.
2750 3806 2916 3859 supra
2986 3790 3051 3842 ad
3092 3788 3199 3842 vol.
3233 3782 3301 3848 ν,
3334 3783 3543 3863 ρκἹξΠ,
3570 3796 3625 3835 ιι.

352 3883 451 3945 22.
487 3893 542 3940 et.
578 3881 879 3938 Montl'auc.
914 3880 1070 3936 Diar.
1112 3881 1246 3937 Ital.
1302 3897 1356 3953 p.
1392 3880 1562 3956 3H];
1594 3884 1978 3951 Ambrosiana,
2012 3881 2552 3952 Prasphonematicus
2578 3881 2659 3950 (tt)
2694 3879 2787 3948 qui
2811 3892 2881 3932 an
2918 3876 3087 3943 idetu,
3120 3874 3202 3930 vel
3227 3873 3478 3928 diversus
3504 3883 3628 3923 cum

356 3972 546 4042 aliquo
583 3986 650 4026 es
686 3985 853 4042 supra
881 3971 1171 4027 recensitis
1197 3971 1293 4037 sit,
1324 3969 1541 4042 ignoro.

428 4082 526 4140 26.
562 4082 870 4152 Aliquando
892 4086 1138 4140 uersibus
1166 4084 1329 4139 etiam
1356 4083 1575 4151 lusisse,
1614 4084 1793 4156 dignis
1815 4084 1923 4139 illis
1953 4084 2170 4154 quidem
2208 4088 2361 4138 tanto
2389 4078 2744 4152 philosopho,
2783 4077 2879 4135 sed
2918 4076 3109 4149 paucis
3140 4073 3460 4139 admodum,
3521 4084 3631 4128 tra-

358 4176 441 4234 dit
473 4175 648 4234 Lilins
676 4176 969 4249 Gyraldus,
1001 4178 1218 4249 dialogo
1250 4178 1306 4244 2,
1344 4178 1412 4233 de
1444 4178 1622 4249 poetis
1649 4180 1733 4234 sui
1763 4173 2047 4248 temporis.
2084 4170 2310 4226 Summa
2330 4177 2613 4225 senectute
2639 4168 2944 4230 conlectus,
2979 4175 3240 4234 tanquam
3295 4163 3389 4230 qui
3417 4172 3632 4216 centum

360 4285 538 4325 annos
567 4280 752 4334 natus,
779 4270 826 4325 si
850 4268 1217 4340 Trapezuntio
1246 4270 1310 4341 (i)
1350 4269 1651 4334 crcdimus,
1678 4270 1836 4325 obiit.
1869 4267 2057 4323 Funus
2107 4260 2181 4315 illi
2214 4258 2351 4315 satis
2374 4258 2617 4328 amplum
2644 4255 2899 4311 oratione
2924 4252 3313 4309 eiicomiastica
3340 4250 3636 4322 llermony-

358 4374 485 4413 mus
507 4356 958 4429 Charitonymus,
984 4369 1039 4414 et
1064 4358 1363 4429 Gregorius
1388 4358 1695 4413 monachus
1721 4357 1922 4417 iecere.
1954 4354 2202 4421 Utraque
2247 4350 2301 4405 in
2329 4352 2655 4429 augustana
2687 4346 3025 4402 bibliotheca
3067 4353 3264 4399 exatat.
3296 4342 3383 4414 [ν.
3422 4342 3632 4398 Reiscr.

358 4444 479 4500 ind.
516 4446 610 4500 cit.
640 4461 696 4515 p.
739 4444 856 4516 90.]
893 4443 1133 4516 Reliquit
1165 4446 1500 4502 Demetrium
1532 4455 1587 4502 et
1638 4444 2041 4509 Andronicum,
2088 4441 2247 4503 lilios,
2282 4448 2341 4493 ut
2402 4455 2465 4491 ex
2497 4437 2729 4508 epistola
2768 4436 2836 4491 ab
2882 4436 3073 4491 eodem
3107 4435 3174 4504 (j)
3215 4440 3337 4503 [mal
3361 4431 3640 4487 Plotbonis

360 4533 570 4587 obitum
627 4534 806 4588 amico
857 4534 1183 4591 Bessarioae
1237 4535 1516 4591 candinale
1566 4536 1771 4589 inedita
1816 4535 1994 4589 adhuc
2035 4528 2385 4585 manifestum
2427 4528 2505 4580 lit.
2575 4524 2792 4598 [Exstat
2841 4525 2953 4579 haec
2984 4523 3223 4593 ’epistola
3284 4520 3519 4575 Vindoh.
3584 4520 3639 4573 in‘

364 4619 491 4676 cod.
535 4622 675 4677 (Stas.
725 4621 853 4685 276,
907 4639 964 4677 ιι.
1029 4626 1084 4687 9,
1117 4633 1171 4678 et
1198 4625 1326 4692 257,
1359 4641 1420 4679 ιι.
1454 4627 1505 4682 1.
1546 4625 1607 4680 V.
1635 4624 1890 4680 La-ubcc.
1932 4641 1985 4685 ν,

2026 4635 2079 4689 p.
2109 4619 2212 4673 367
2243 4625 2299 4671 et
2329 4615 2456 4676 462,
2496 4612 2745 4679 Kollar.;
2783 4622 2838 4667 et
2900 4609 3147 4665 Venetiis
3188 4611 3240 4664 in
3278 4609 3410 4664 bibl.
3466 4607 3634 4661 Marc.

364 4709 495 4764 cod.
527 4709 658 4772 5'55.
690 4726 744 4765 ν.
773 4711 895 4765 Cat.
921 4711 1085 4767 codd.
1120 4711 1214 4766 Gr.
1256 4712 1424 4768 Marc.
1449 4729 1574 4784 pag.
1618 4713 1738 4779 152,
1773 4728 1899 4767 rum
1947 4713 2142 4782 primis
2170 4710 2243 4765 cl.
2288 4709 2500 4763 Morell.
2535 4710 2589 4761 in
2622 4705 2757 4761 bibl.
2784 4717 2887 4757 ms.
2916 4701 3010 4757 Gr.
3042 4709 3096 4754 et
3123 4700 3252 4755 Lat..
3276 4715 3328 4769 p.
3367 4698 3511 4764 2l2;
3548 4697 3639 4766 qui

367 4800 635 4872 quoniam
657 4801 869 4869 docuit,
897 4803 953 4856 in
991 4804 1093 4858 hac
1126 4804 1312 4858 Allatii
1342 4805 1583 4860 editione
1615 4805 1800 4858 omnia
1831 4817 1956 4859 esse
1982 4797 2422 4867 corruptissima,
2458 4796 2611 4850 nolui
2646 4791 2933 4862 epistolam
2974 4789 3120 4843 illam
3154 4787 3497 4843 Bessarionis
3563 4785 3642 4839 ιιιί

366 4890 601 4944 Allatius
625 4906 744 4944 eam
773 4890 1041 4958 ediderat,
1068 4892 1124 4944 ιι.
1160 4895 1196 4946 Ι.
1228 4900 1494 4961 repetere.
1533 4890 1727 4962 "ARI..]
1765 4892 1821 4946 ln
1850 4892 1999 4946 calce
2037 4891 2283 4960 epistola:
2322 4889 2595 4943 distichon
2621 4901 2685 4941 ac
2715 4882 3073 4940 tetrastichon
3111 4880 3164 4933 in
3189 4877 3440 4933 eumdem
3462 4875 3613 4930 Gemi

369 4992 514 5037 stum
545 4983 868 5044 addebatur,
901 4983 1166 5039 incultum
1199 4993 1518 5054 utrumque,
1558 4985 1875 5045 barbarum,
1906 4980 2056 5038 nullo
2089 4991 2319 5031 numero
2348 4977 2665 5031 confectum
2704 4989 2719 5038 ;
2755 4971 3018 5026 indicium
3054 4978 3234 5022 tamen
3255 4965 3448 5025 animi,
3484 4977 3640 5033 quen?

371 5086 440 5126 ne
472 5071 811 5140 fraudemus,
837 5079 963 5127 utut
998 5080 1104 5137 est,
1141 5083 1443 5143 utrumque
1475 5074 1561 5127 hic
1585 5073 1983 5128 exscribemus.
2019 5069 2135 5124 Non
2165 5069 2351 5125 omnia
2394 5080 2694 5138 possumus
2725 5076 2960 5119 omnes:

1256 5212 1430 5267 Tatae
1456 5208 1696 5278 σώματι,
1738 5208 1885 5280 ψυχῇ
1922 5205 1970 5261 δ’
2024 5207 2204 5280 ἄστρα
2229 5203 2505 5280 Γεὼργιος
2532 5200 2736 5272 ,τσχειτ

1438 5276 1715 5350 Παντοίης
1754 5276 1953 5348 suam,
1989 5278 2324 5346 σεμνότατον
2352 5276 2584 5345 τέμενος

445 5389 662 5445 Terram
693 5406 934 5460 corpore,
973 5391 1151 5447 animo
1173 5388 1358 5446 stellas
1385 5386 1930 5459 Georgius'possidet,
1968 5388 2226 5443 universa!
2263 5385 2545 5457 sapientia
2575 5382 3091 5439 venerabilissimum
3116 5379 3387 5450 templum.
3411 5377 3501 5442 Et,

444 5566 520 5638 (g)
553 5567 706 5638 A_pnd
734 5568 1016 5629 Crusium,
1048 5565 1103 5620 in
1136 5562 1564 5638 Iu_rco:Gra’cia,
1594 5576 1651 5633 p.
1690 5562 1812 5617 146.
2070 5560 2401 5638 [‘ranciscus
2431 5561 2750 5633 Philelphus
2778 5560 2922 5616 libro
2964 5572 3018 5627 ν,
3051 5554 3227 5626 Epist.
3262 5553 3330 5609 ad
3388 5548 3647 5607 Sawlum

446 5630 682 5709 {idfuit
706 5639 817 5709 jam
859 5653 1119 5707 supra,p.
1317 5632 1534 5709 [p.95.]
1580 5630 1611 5709 ί
1642 5704 1652 5709 _
1861 5700 1892 5709 Α
1943 5701 1955 5709 _
2012 5666 2017 5671 ο

1861 5700 1892 5709 Λ
1943 5701 1955 5709 _
2012 5666 2017 5671 ο
2068 5630 2427 5709 Ριτιιιξῃβεξιιιζ
2594 5630 2625 5709 __
2690 5702 2701 5709 .
2834 5701 2846 5709 _
2939 5700 2953 5709 .
3125 5704 3136 5709 _
3184 5706 3194 5709 _
3264 5694 3298 5709 __
3425 5692 3435 5704 ο

449 5688 521 5775 Ei),
543 5688 819 5771 Libro'iii,
855 5688 1171 5772 66.355531.
1195 5688 1438 5775 Platb'nis
1467 5688 1534 5759 ρι’
1563 5704 1788 5757 Aristot.
1855 5700 1957 5757 (lui
2141 5707 2207 5775 (ί)
2239 5688 2362 5760 litae
2392 5702 2735 5759 Bessarionis
2761 5700 2988 5775 epistola
3022 5704 3201 5775 eligat
3228 5694 3393 5751 etiam
3424 5692 3476 5747 in
3509 5688 3654 5743 Alle-

380 5767 537 5840 udde,
564 5778 716 5847 quod
745 5767 1204 5847 magistratumin
1245 5774 1622 5847 Peloponneso
1681 5782 1961 5847 gererent
2069 5778 2125 5832 ui
2149 5767 2245 5833 Ῑιι),
2274 5792 2355 5841 ιιι,
2394 5776 2469 5831 οε
2496 5790 2772 5842 consensu,
2798 5767 2849 5829 ἒ.
2871 5772 2924 5838 5,
2958 5786 3011 5841 ι).
3047 5767 3174 5823 937.

383 5846 674 5901 admodum
707 5844 895 5904 senem
929 5861 1048 5904 esse
1079 5846 1396 5903 l’lcthonem
1416 5845 1604 5904 scriba
1633 5860 1764 5898 ann.
1801 5844 1960 5899 1141.
