4104 6412
503 398 611 461 807

1603 397 2055 460 IIIERONYMI
2098 392 2643 458 CIIARITONYMI

3678 395 3786 457 9’03

501 512 814 583 λαϐυρίνθῳ
845 513 950 567 τινὶ
1009 518 1075 584 τῇ
1114 514 1374 584 συμφορᾷ
1405 514 1793 582 κατεχόμενος,
1822 512 2095 567 ἀναπνεῦ-
2122 520 2167 577 Α
2203 527 2364 583 τερος
2410 511 2491 580 τῷ
2523 494 2922 579 ὑπερϐάλλοντι
2965 508 3195 580 θατέρου
3267 508 3546 564 λέλειπται
3578 528 3591 543 ο
3666 515 3693 566 ό
3726 513 3784 564 δέ

504 623 596 659 σαι
631 606 687 658 δὲ
720 606 964 674 μηδόλως
1012 607 1329 676 δυνάμενος.
1380 606 1704 676 Ἐπέρχεται
1738 608 1845 675 γάρ
1878 624 1979 677 μου
2020 608 2086 678 τῇ

452 686 461 735 Ϊ
505 701 695 768 μνήμῃ
722 698 782 751 τὸ
818 699 1010 761 πάθος,
1045 700 1137 750 καί
1170 714 1272 767 μου
1305 698 1398 750 τὸν
1444 698 1570 751 νοῦν
1610 697 1945 763 κατακλύζει
1973 699 2087 762 τοῖς

447 855 453 863 ι
501 789 736 858 κύμασι,
784 788 1038 856 καθάπερ
1088 790 1137 842 εἰ
1193 788 1351 857 δεινῷ
1385 789 1617 858 χειμῶνι
1674 789 1768 842 καὶ
1818 788 2089 860 τρικυμία

452 867 466 948 έῖ
503 880 945 950 περιπεπτωκὼς
989 880 1198 949 ἔτυχον.
1236 879 1483 948 Ὅμηρος
1539 881 1636 949 μὲν
1689 880 1783 935 οὖν
1833 880 1932 951 τὴν
1970 880 2088 950 ἔριν

502 971 565 1021 ἐκ
604 968 804 1039 μικροῦ
860 968 1079 1039 πρῶτον
1115 970 1505 1038 ἀπερχομένην
1555 973 1719 1036 ποιεῖ,
1754 970 1876 1024 κατ’
1905 970 2087 1039 ὀλίγον

499 1060 557 1112 δὲ
615 1060 1032 1128 προχωροῦσαν,
1080 1062 1161 1120 εἰς
1208 1061 1437 1129 οὐρανὸν
1486 1061 1807 1131 ὲστηρίχθαι
1842 1062 1940 1117 καὶ
1993 1063 2087 1116 ἐπὶ

501 1149 655 1218 χθονὶ
696 1148 984 1217 βαίνουσαν
1035 1145 1197 1202 εἶναι’
1233 1152 1405 1218 κάμοὶ
1434 1149 1480 1201 δ’
1524 1149 1672 1219 αὐτῷ
1702 1151 2087 1222 παραπλήσιόν

500 1257 552 1293 τι
593 1239 791 1310 συνέϐη
837 1242 1055 1296 παθεῖν.
1103 1241 1303 1309 Φλογὸς
1358 1242 1516 1310 δίκην
1560 1242 1622 1296 τὸ
1656 1242 1824 1307 πάθος
1859 1243 2087 1312 ἐπαύξει

502 1350 605 1402 μου
637 1335 700 1402 τῇ
728 1332 898 1403 ψυχῇ,
929 1334 991 1386 οὐ
1026 1333 1293 1404 πρότερον
1326 1352 1382 1388 τε
1413 1334 1479 1389 ἂν
1521 1333 1703 1404 σταίη,
1749 1339 1879 1408 πρὶν
1911 1339 1977 1390 ἂν
2007 1339 2087 1402 είς

500 1425 729 1495 οὐρανὸν
781 1425 936 1494 βαίη.
1003 1426 1238 1479 Τοιαῦτα
1290 1427 1389 1495 μέν
1438 1426 1535 1481 οὖν
1588 1428 1751 1490 αὐτὸς
1816 1429 2082 1494 πέπονθα,

496 1517 726 1589 τοιαύτῃ
756 1518 1058 1587 κατέχομαί
1114 1534 1175 1586 γε
1234 1521 1298 1589 τῇ
1353 1520 1634 1590 συμφορᾷ.
1669 1514 1840 1589 οἶμαι
1887 1519 1942 1574 δὲ
1990 1521 2086 1574 καὶ

499 1610 654 1680 ὑμῶν
707 1610 1094 1680 περιγενέσθαι
1145 1614 1205 1664 τὸ
1257 1612 1432 1671 δεινὸν
1501 1604 1705 1675 παύτδς
1746 1613 2081 1669 οὑτινοσοῦν.

498 1701 634 1752 Τίνα
663 1701 980 1769 τοιγαροῦν,
1022 1701 1143 1753 τίνα
1184 1702 1370 1770 φωνὴν
1414 1701 1702 1770 διωλύγιον
1728 1702 1860 1756 οἴσω
1891 1702 2084 1768 ἐξισω-

499 1790 670 1859 μένην
702 1790 777 1859 τῷ
802 1793 963 1845 πάθει
991 1808 1005 1857 ;
1033 1793 1097 1844 Ὢ
1130 1794 1419 1862 συμφορᾶς
1442 1793 1769 1862 ἀνηκέστου,
1800 1793 1846 1847 ὢ
1878 1796 2083 1865 ζημίας

2203 602 2342 671 πρὸς
2373 600 2453 672 τῷ
2482 601 2668 654 πᾶσαν
2733 601 2927 670 σοφίαν
2958 601 3106 654 θείαν
3167 618 3228 654 τε
3285 602 3383 655 καὶ
3438 602 3784 674 ἀνθρωπίνην

2198 692 2485 764 ἐξητακὼς
2548 690 2710 759 εἶναι,
2770 693 2869 748 καὶ
2941 695 3171 764 γράφων
3229 694 3381 748 πόλλ’
3450 695 3590 748 ἀττα
3662 697 3782 768 ἐξῄ-

2194 784 2316 839 δετο
2350 825 2365 850 ,
2400 784 2497 838 καὶ
2545 783 2863 854 θαυμαστός
2913 800 2999 847 τις
3050 778 3118 856 ἦν
3169 783 3260 837 ἐπ’
3310 784 3498 854 ἄμφω.
3528 787 3621 850 ⁸ος
3656 803 3779 840 παι-

2194 879 2315 935 διάν
2369 880 2428 934 τί
2475 896 2599 935 τινα
2665 881 2767 951 τὴν
2809 878 3218 951 Ἀριστοτέλους
3258 879 3577 950 φιλοσοφίαν
3637 884 3780 953 ἀπή.

2178 969 2380 1040 ,λεγξε,
2445 971 2545 1039 τὴν
2597 972 2727 1041 πρὶν
2790 971 2884 1025 ὐπ’
2945 970 3104 1025 ἐνίων
3133 971 3209 1034 ὠς
3255 970 3404 1025 θείαν
3434 973 3559 1026 τινὰ
3584 972 3778 1042 ὑμνου-

2199 1064 2393 1137 μένην.
2442 1064 2608 1118 nam
2664 1065 2729 1134 δὴ
2775 1066 2871 1117 καὶ
2904 1064 2956 1116 οί
2992 1062 3276 1135 κρείττους
3314 1065 3424 1118 τῶν
3471 1082 3536 1133 γε
3567 1064 3662 1117 νῦν
3691 1067 3772 1119 δν-

2194 1172 2304 1211 των
2339 1156 2430 1226 ὐφ’
2458 1156 2611 1228 ἥλιον
2662 1155 2866 1224 σοφῶν,
2918 1156 3052 1224 παρ’
3084 1154 3300 1217 οὐδενὸς
3335 1155 3498 1209 ἄλλου
3533 1156 3567 1227 ἢ
3624 1158 3760 1211 τοῦδε

2194 1245 2363 1299 αὐτοῦ
2393 1248 2755 1317 τυγχάνουσιν
2812 1245 2986 1308 ὄντες.
3045 1245 3166 1299 Τῶν
3204 1243 3336 1315 γοῦν
3384 1244 3527 1299 κατά
3561 1247 3658 1318 τὴν
3698 1249 3764 1300 0!-

2193 1337 2471 1408 κουμένην
2521 1339 2822 1406 φανέντων,
2857 1337 3042 1402 ἐξότου
3090 1337 3377 1405 γεγόνασιν
3411 1338 3707 1411 ἄνθρωποι.
3739 1343 3765 1394 ὁ

2195 1428 2503 1499 θαυμάσιος
2533 1428 2689 1494 οὗτος
2724 1432 3025 1502 προΐστατο
3047 1448 3061 1464 ·
3094 1425 3170 1487 ὧν
3197 1431 3305 1486 τῶν
3340 1432 3442 1500 μὲν
3473 1434 3665 1500 σοφίαν
3709 1434 3764 1504 δή

2192 1538 2312 1573 τινα
2347 1520 2558 1593 ὑψηλὴν
2608 1523 2986 1594 κεκτημένων,
3022 1523 3300 1578 πολιτείαν
3348 1524 3406 1579 δὲ
3452 1524 3619 1596 ἄλλην
3647 1529 3763 1580 τινὰ

2195 1610 2323 1673 ἴσως
2353 1612 2512 1666 ἐνίων
2544 1608 2996 1681 ἐνδεικνυμένων,
3030 1617 3143 1669 καὶ.
3176 1616 3285 1668 τῶν
3351 1618 3453 1686 μὲν
3507 1617 3633 1671 ἄλλο
3683 1634 3752 1679 τι,

2192 1697 2302 1750 τῶν
2346 1697 2403 1750 δέ
2447 1697 2577 1752 ἄλλο
2624 1699 2732 1753 τῶν
2776 1703 2834 1754 ἐν
2889 1701 3068 1771 λόγοις
3099 1704 3562 1776 πεπαιδευμένων,
3592 1706 3666 1775 τῷ
3694 1707 3747 1760 δέ

2191 1790 2300 1860 ἄρα
2349 1790 2411 1844 οὐ
2450 1793 2613 1862 μόνον
2666 1792 2958 1864 σύμφωνος
3007 1790 3076 1865 ἦν
3114 1798 3146 1864 ἡ
3180 1796 3345 1867 σοφία
3400 1801 3503 1860 τοῖς
3546 1796 3742 1866 ἔργοις,

495 1881 556 1933 οὐ
604 1882 870 1950 φορητῆς,
923 1883 1104 1936 πᾶσαν
1151 1883 1391 1954 νικώσης
1458 1883 1814 1955 παραμυθίας
1852 1886 2086 1959 ὐπερϐο-
2117 1884 2157 1940 Β
2186 1878 2322 1934 ἀλλὰ
2351 1881 2448 1933 καὶ
2480 1881 2570 1935 διὰ
2615 1882 2835 1937 πάντων
2875 1880 2980 1957 ἦκε
3015 1885 3124 1939 τῶν
3156 1888 3256 1941 ὅσα
3284 1890 3365 1953 είς
3417 1889 3620 1957 λόγους,
3653 1891 3750 1943 ὅσα

495 1972 615 2043 λήν.
663 1973 770 2026 Φεῦ
806 1976 904 2042 τῆς
954 1975 1145 2045 κοινῆς
1192 1976 1485 2047 ὀρφανίας,
1535 1974 1569 2047 ἢ
1625 1978 1685 2030 τὸ
1738 1977 2082 2044 ἀνθρώπινον

496 2066 796 2136 κατείιηφε
826 2067 1004 2135 γένος.
1037 2067 1267 2136 Οῐχεται
1293 2066 1388 2127 νῦν
1416 2066 1477 2120 τὸ
1510 2067 1689 2121 κοινὸν
1715 2067 2079 2139 φιλοτίμημα,

492 2164 551 2214 τὸ
586 2163 963 2233 πολυτίμητον
995 2164 1090 2215 καὶ
1124 2162 1427 2233 πολύζηλον
1454 2164 1551 2233 τῆς
1584 2163 1799 2232 φύσεως
1829 2164 2075 2235 ἄγαλμα,

491 2254 524 2322 ἡ
572 2256 803 2324 μεγίστη
861 2256 956 2306 καὶ
1004 2254 1284 2325 θαυμασία
1344 2237 1438 2308 τοῦ
1509 2254 1702 2323 γένους
1773 2255 2077 2327 φιλοτιμία.

493 2346 693 2400 υύκέτι
747 2348 935 2400 λοιπὸν
988 2346 1339 2417 περιώνυμος
1390 2348 1638 2419 Σπάρτη,
1683 2349 1867 2402 οὐκέτι
1902 2350 2080 2403 Λακε-

489 2438 698 2509 δαίμων
729 2440 1025 2509 εὐδαίμων,
1063 2440 1248 2493 οὐκέτι
1301 2440 1708 2511 Πελοπόννησος
1740 2440 2073 2511 ζηλουμένη.

492 2532 557 2584 Ὠ
588 2533 821 2603 φρικτῆς
856 2533 1073 2602 ἐκείνης
1124 2532 1362 2603 ἡμέρας,
1409 2532 1442 2602 ἦ
1480 2531 1735 2587 τοσοῦτον
1765 2533 1943 2587 ἐπεῖδε
1971 2534 2079 2588 δει-

487 2625 600 2679 νόν.
628 2626 736 2678 Ποῦ
769 2625 864 2678 νῦν
889 2624 948 2678 τὸ
970 2629 1067 2695 τῆς
1098 2624 1267 2689 ὅντως
1305 2625 1497 2694 σοφίας
1524 2626 1753 2695 άπειρον
1794 2626 2029 2696 πέλαγος
2056 2644 2073 2693 ;

489 2716 598 2769 Ποῦ
628 2718 847 2782 κάλλος,
882 2720 973 2770 καὶ
1004 2716 1261 2787 μέγεθος,
1292 2718 1384 2770 καὶ
1411 2722 1442 2788 ἡ
1470 2717 1612 2789 ὑπὲρ
1642 2717 1933 2788 ἄνθρωπον
1966 2720 2074 2773 τῶν

484 2809 660 2877 λόγων
720 2811 874 2879 ίσχύς
934 2811 1024 2863 καὶ
1101 2809 1471 2881 λαμπρότης;
1534 2808 1837 2877 Σεσύληται
1897 2809 1994 2863 νῦν
2044 2812 2073 2864 ὁ

481 2896 663 2964 κοινὸς
701 2902 997 2971 θησαυρός.
1036 2902 1338 2956 Ἒσϐεσται
1392 2902 1571 2969 λόγων
1610 2901 1859 2972 δύναμις.
1914 2904 2074 2975 Οῖχε-

480 3007 594 3056 ται,
628 2989 766 3058 φεῦί
797 2991 854 3056 ἐξ
887 2993 1042 3061 ἡμῶν
1068 2993 1126 3045 τὸ
1161 2997 1383 3046 πάντων
1413 2993 1524 3046 τῶν
1550 2993 1732 3047 καλῶν
1762 2994 2071 3059 κάλλιστον,

481 3081 777 3153 ήλαμπρά
832 3082 925 3135 τοῦ
974 3084 1170 3151 γένους
1236 3085 1577 3155 εὐδαιμονία,
1627 3087 1653 3138 ὁ
1708 3085 1809 3154 τῆς
1856 3086 2070 3157 ὑψηλῆς

480 3173 673 3249 σοφίας
723 3173 1086 3243 καθηγεμὼν,
1146 3177 1174 3227 6
1223 3177 1329 3233 τῶν
1386 3177 1562 3245 λόγων
1618 3177 1821 3246 πατὴρ,
1879 3180 1912 3249 ἡ
1957 3179 2069 3231 τῶν

478 3248 691 3334 ἀρετῶν
720 3256 984 3334 κορωνὶς,
1018 3266 1080 3319 τὸ
1126 3268 1304 3320 κοινὸν
1340 3268 1601 3321 ἁπάντων
1644 3248 1971 3340 ἐντρύφημά
2005 3288 2065 3325 τε

478 3357 572 3409 καὶ
607 3358 895 3426 καύχημα,
939 3360 968 3411 6
1003 3358 1110 3413 τῶν
1159 3361 1492 3430 ἀπορρήτων
1536 3362 1632 3414 καὶ
1662 3361 1823 3415 θείων
1854 3379 2064 3431 μυστιι⁴

479 3451 680 3517 γωγός.
714 3449 809 3520 Τῷ
840 3451 948 3522 γὰρ
973 3451 1091 3505 ὖντι
1116 3452 1269 3515 θείας
1298 3446 1454 3516 οὗτος
1487 3454 1579 3507 ἐπὶ
1611 3453 1715 3524 γῆς
1748 3453 1905 3524 ἔλαχε
1945 3454 2067 3525 μοί-

475 3557 574 3608 ρας
604 3539 682 3610 τῷ
711 3541 890 3595 πάντα
917 3542 1143 3595 εἰδέναι·
1178 3543 1280 3597 κᾶν
1310 3560 1389 3606 τις
1414 3544 1509 3596 καὶ
1548 3545 1646 3609 τῆς
1682 3546 2059 3617 προσηγορίας

471 3633 691 3704 ἐκείνης
727 3634 891 3687 αὐτὸν
937 3632 1249 3699 ἀξιώσειεν,
1280 3636 1379 3687 οὐκ
1423 3636 1510 3697 ἂν,
1546 3631 1721 3706 οἶμαι,
1751 3637 1844 3691 τοῦ
1886 3656 2062 3711 προσ-

471 3727 1074 3794 ήκοντοςάποπὲσειεν.
1110 3727 1255 3780 Ὅσα
1304 3744 1362 3781 τε
1395 3730 1502 3799 γάρ
1545 3729 1758 3782 ἐκεῖθεν
1802 3731 2062 3805 παρήχθη

472 3816 592 3870 θεῖά
619 3834 678 3870 τε
710 3817 805 3871 καὶ
834 3818 1179 3889 ἀνθρώπινα,
1216 3820 1309 3873 καὶ
1342 3820 1444 3875 ὃσα
1484 3824 1564 3884 εἰς
1596 3821 1798 3890 βουλὴν
1829 3824 1926 3877 καὶ
1959 3824 2061 3877 ὅσα

467 3911 546 3970 είς
573 3909 775 3979 πρᾶξιν
815 3909 966 3980 ἥκει,
1000 3912 1100 3963 ὅσα
1159 3929 1218 3964 τε
1265 3914 1322 3965 ἐν
1376 3915 1796 3980 στρατιωτικοῖς
1828 3917 1927 3967 καὶ
1957 3916 2059 3967 ὅσα

467 4003 527 4054 ἐν
579 4001 903 4066 πολιτικοῖς,
938 4004 1190 4073 φυσικοῖς
1245 4020 1305 4056 τε
1356 4004 1452 4057 καὶ
1505 4006 1852 4072 πρακτικοῖς,
1901 4004 2058 4061 οὐδὲν

463 4085 620 4158 οὗτος
650 4095 875 4164 ἠγνόει”
919 4095 1102 4151 πάντα
1146 4095 1203 4150 δέ
1257 4096 1614 4168 ᾕδει,-πάντα
1635 4098 2054 4169 διηρευνήσατο,

464 4189 559 4238 καὶ
587 4188 710 4250 τούς
739 4187 998 4242 ἁπάντων
1025 4187 1220 4257 λόγους
1247 4190 1541 4257 ὴπίστατο’
1576 4190 1671 4244 καὶ
1693 4190 1849 4245 οὐδὲν
1878 4190 2056 4256 οὓτως

461 4276 796 4348 ἀπόρρητον,
823 4279 897 4341 ὡς
934 4280 1013 4351 μὴ
1040 4279 1212 4348 σαφές
1237 4282 1582 4351 παραχρῆμα
1602 4280 1741 4352 τῷδε
1774 4282 2053 4350 γενέσθαι,

460 4371 543 4432 είς
569 4367 694 4422 νοῦν
735 4386 883 4434 τινος
920 4370 1059 4434 ὅλως
1091 4369 1267 4424 ἐλθόν.
1303 4370 1510 4425 Τούτου
1559 4373 1661 4444 τὴν
1709 4372 1901 4441 σοφίαν
1931 4373 2057 4427 Ἕλ-

458 4460 620 4532 ληνες
645 4461 785 4532 όμοῦ
818 4478 878 4513 τε
906 4463 1002 4515 καὶ
1047 4462 1319 4534 βάρϐαροι
1361 4463 1451 4516 διὰ
1479 4463 1762 4534 θαύματος
1790 4462 1951 4537 ἦγον,
1983 4470 2046 4523 οὐ

2185 1986 2244 2023 τε
2276 1971 2356 2034 είς
2388 1971 2644 2043 θεωρίαν,
2674 1975 2768 2027 καὶ
2802 1975 2904 2029 ὅσα
2933 1975 3012 2040 είς
3038 1976 3261 2046 πρᾶξιν,
3295 1979 3395 2030 ὅσα
3420 1992 3479 2029 τε
3520 1977 3596 2047 νῷ
3619 1979 3757 2046 μόνῳ

2182 2063 2388 2134 ληπτὰ,
2436 2066 2529 2118 καὶ
2557 2065 2657 2119 ὅσα
2707 2068 2768 2118 ἐν
2809 2067 3049 2138 ἁρμονίᾳ
3087 2070 3182 2121 καὶ
3214 2071 3455 2138 σχήμασι
3488 2072 3580 2120 καὶ
3613 2070 3759 2137 ἀριθ-

2189 2158 2313 2225 μοῖς
2372 2157 2468 2210 καὶ
2534 2160 2600 2230 τῇ
2653 2159 2763 2213 τῶν
2803 2160 3072 2230 οὐρανίων
3123 2163 3359 2233 περιόδῳ
3417 2162 3759 2231 γνωρίζεται.

2182 2246 2396 2301 Οὐκοῦν
2463 2249 2711 2303 ἐλείπετο
2759 2250 2992 2317 οὐδενὸς,
3050 2253 3151 2305 ὅσα
3215 2254 3353 2324 πρὸς
3400 2254 3607 2323 ἀκριϐῆ
3658 2254 3767 2307 τῶν

2179 2338 2351 2394 ὄντων
2400 2341 2713 2411 κατάληψιν
2747 2338 2837 2415 ἧν.
2875 2340 3004 2414 ’Ἆρ’
3036 2342 3130 2398 οὖν
3155 2345 3326 2400 ταῦτά
3373 2362 3434 2409 γε
3488 2349 3628 2416 μόνα
3670 2345 3766 2400 τοῦ

2180 2431 2371 2502 ἀνδρὸς
2406 2432 2626 2503 ἔχοιμεν
2674 2434 2743 2489 ἂν
2772 2435 3056 2506 θαυμάσαι
3082 2453 3097 2504 ;
3146 2437 3363 2493 Πολλῶν
3398 2436 3548 2505 μέντ’
3577 2436 3646 2490 ἂν
3671 2439 3770 2490 καὶ

2184 2526 2436 2595 μεγάλων
2467 2528 2869 2597 ἀποστεροῖμεν
2902 2529 3085 2583 αὐτόν.
3123 2531 3227 2582 Καὶ
3263 2529 3369 2602 μὴν
3403 2530 3769 2603 σωφροσύνην

2178 2618 2349 2682 οὕτως
2383 2618 2713 2691 ἐξήσκησεν,
2746 2621 2822 2684 ὡς
2856 2622 3045 2692 μηδενί
3091 2640 3170 2693 τῳ
3199 2622 3308 2675 τῶν
3336 2622 3515 2678 ἄλλων
3550 2624 3759 2697 ῥᾳδίως

2176 2710 2284 2763 τῶν
2334 2711 2623 2781 πρωτείων
2679 2715 3106 2784 παραχωρῆσαι.
3145 2715 3265 2767 Τῶν
3292 2716 3349 2769 δὲ
3385 2717 3464 2778 είς
3490 2718 3764 2786 εὐψυχίεν

2178 2802 2461 2871 φερόντων
2507 2804 2654 2867 τίνος
2689 2805 2982 2872 ἐλείπετος
3045 2807 3137 2870 ὐς
3191 2808 3311 2860 οὐδὲ
3365 2808 3593 2877 ἧττηταί
3630 2826 3765 2862 ποτε

2177 2895 2312 2964 παρ’
2339 2894 2553 2959 οὐδενὸς
2588 2895 2697 2950 τῶν
2738 2899 2797 2949 ἐν
2841 2898 2919 2966 τῷ
2964 2898 3090 2970 βίῳ,
3121 2899 3181 2952 οὐ
3214 2900 3371 2968 δόξης
3421 2902 3637 2972 ἠράσθη
3672 2919 3767 2959 κε-

2175 2984 2292 3052 νῆς.
2333 2985 2396 3038 οὐ
2440 2984 2672 3039 πλοῦτον
2723 2986 3020 3057 ἐζήλωσεν,
3052 2990 3152 3042 οὐκ
3183 2991 3312 3044 ἀλλο
3350 3008 3401 3043 τι
3435 2992 3542 3042 τῶν
3582 2993 3767 3044 τοιού-

2172 3093 2280 3128 των
2330 3078 2663 3144 ἁπέϐλεπεν,
2709 3078 2826 3132 ἀλλ’
2855 3079 2932 3143 ὡς
2970 3080 3125 3134 οὐδὲν
3188 3083 3257 3135 τὰ
3299 3084 3479 3136 πάντα
3513 3084 3758 3151 ἐνόμιζε.

2174 3169 2282 3222 Καὶ
2314 3168 2420 3239 μὴν
2475 3172 2570 3223 καὶ
2625 3171 2949 3243 δικαιοσύνη
2981 3173 3205 3245 τοιαύτη
3250 3193 3332 3238 τις
3366 3171 3434 3246 ἦν
3463 3175 3540 3245 τῷ
3572 3177 3760 3245 ἀνδρὶ,

2171 3261 2246 3323 ώς
2275 3260 2440 3331 λῆρον
2467 3257 2609 3315 εἶναι
2657 3264 2813 3345 Μίνω
2848 3266 3058 3318 ἐκεῖνον
3094 3269 3188 3318 καὶ
3229 3266 3602 3335 Ῥαδάμανθυν
3624 3270 3760 3323 τού·

2170 3369 2248 3417 τῳ
2283 3353 2832 3423 παραϐαλλομένους.
2889 3356 3103 3410 υύκουν
3134 3359 3376 3428 ἠχθέσθη
3402 3360 3533 3427 γοῦν
3575 3360 3760 3426 οὐδεὶς

2169 3442 2394 3497 πώποτέ
2429 3461 2478 3497 τι
2510 3445 2620 3496 τῶν
2648 3444 2838 3516 ἐκείνῳ
2885 3446 3211 3513 δοκούντων,
3240 3450 3355 3502 ἀλλ’
3397 3452 3472 3513 ὡς
3503 3451 3620 3503 θεία
3647 3454 3764 3521 φῆς-

2168 3553 2267 3603 φος
2296 3537 2356 3589 τὸ
2384 3536 2561 3607 τούτῳ
2589 3537 2745 3602 δόξαν
2774 3534 2863 3608 ἦν.
2899 3540 3226 3610 Στέργοντετ
3257 3541 3303 3594 δ’
3332 3542 3425 3595 οῦν
3460 3545 3627 3613 ἄμφω
3661 3546 3760 3600 καὶ

2167 3627 2601 3694 προσκυνοῦντες
2632 3630 2745 3682 ὅτε
2776 3630 3027 3700 ἡττηθεὶς
3075 3631 3166 3683 καὶ
3218 3634 3248 3685 6
3296 3635 3525 3703 νικήσας
3579 3636 3760 3708 ἀπῄε.

2168 3736 2289 3782 σαν,
2322 3719 2416 3773 καί
2459 3736 2542 3793 τοι
2574 3721 2649 3793 μὴ
2685 3721 2832 3776 οὔτω
2881 3723 3189 3793 πεφυκότος
3219 3730 3335 3790 τοῖς
3386 3728 3566 3792 ἄλλοις
3611 3747 3757 3802 συμ-

2164 3812 2401 3871 ϐαίν,ειν’
2444 3814 2542 3866 καὶ
2573 3814 2719 3867 τοῦτ’
2748 3816 2996 3880 εἰκότως,
3035 3816 3208 3886 οἶμαι.
3242 3820 3417 3882 Μόνος
3455 3824 3561 3887 γὰρ
3592 3821 3652 3875 οῦ
3668 3841 3755 3885 :0;

2164 3905 2195 3974 ἢ
2226 3905 2426 3974 κομιδῆ
2462 3908 2561 3959 σὺν
2595 3906 2799 3975 ὀλίγοις
2844 3911 3127 3982 ἀκραιφνῆ
3160 3913 3223 3982 τῇ
3260 3911 3368 3963 τῶν
3417 3914 3598 3983 νόμων
3626 3909 3752 3985 εἶχε

2162 3998 2471 4067 κατάληψιν
2494 4039 2509 4064 ,
2559 3999 2901 4072 ἐξηκρίϐωσέ
2934 4021 3019 4068 τε,
3048 4004 3208 4074 εἴπερ
3253 4022 3358 4072 τις,
3393 4024 3429 4060 α
3470 4013 3591 4068 τοὺς
3625 4026 3753 4080 αρι-

2164 4102 2286 4141 στα.
2346 4087 2508 4141 Ἐπεὶ
2556 4092 2652 4144 καὶ
2690 4090 2744 4143 εῐ
2772 4093 2836 4160 γέ
2866 4111 2999 4148 ποτε
3033 4095 3331 4151 ἀπολέσθαι
3361 4100 3510 4152 τοὲτι
3524 4117 3586 4163 υς
3616 4117 3750 4156 συνο

2161 4179 2285 4249 έϐη,
2318 4180 2718 4254 ἀκριϐέστερον
2748 4184 2817 4238 ἂν
2847 4178 3005 4251 οὗτος
3033 4187 3248 4253 ἐξέθετο
3276 4191 3515 4256 Σόλωνος
3544 4200 3750 4262 παντὸς

2158 4272 2255 4324 καὶ
2287 4272 2635 4348 Λυκούργου.
2676 4277 2935 4342 Τοιοῦτος
2972 4283 3074 4351 μέν
3123 4277 3222 4339 οὖν
3269 4287 3364 4340 καὶ
3393 4288 3749 4361 δικαιοσᾶνης

2158 4364 2340 4419 κανὼν
2387 4362 2476 4436 ἦν’
2519 4368 2618 4423 καὶ
2661 4369 2722 4423 οὐ
2772 4366 2948 4440 λόγων
3004 4373 3179 4430 ταῦτα
3237 4379 3439 4448 μᾶλλον
3489 4383 3648 4456 χάρις
3709 4388 3746 4460 ἢ

2157 4460 2507 4532 πραγμάτων
2542 4461 2795 4533 ἀλήθεια.
2856 4465 3022 4521 Ἀλλά
3078 4468 3186 4541 μὴν
3212 4474 3307 4526 καὶ
3324 4476 3613 4547 φρόνησιν,
3643 4484 3747 4553 τὴν

461 4555 669 4609 καθένα
694 4573 755 4609 τε
783 4557 878 4610 καὶ
903 4556 998 4610 δύο
1024 4558 1120 4609 καὶ
1154 4558 1392 4624 πλείους,
1421 4558 1537 4612 ἀλλ’
1562 4560 1750 4630 ἡλικία
1779 4564 1930 4616 πᾶσα
1956 4564 2050 4617 καὶ¹
2082 4569 2127 4626 D
2160 4553 2393 4625 πρώτην
2440 4556 2536 4608 καὶ
2569 4556 2915 4629 τελεωτάτην
2944 4561 3054 4615 τῶν
3084 4563 3317 4634 ἀρετῶν,
3352 4568 3435 4631 τίς
3464 4570 3540 4635 ὡς
3585 4573 3744 4639 οὗτος

461 4647 617 4709 πόλις
645 4650 742 4702 καὶ
789 4649 945 4716 γένος
974 4648 1072 4702 καὶ
1113 4647 1308 4716 φύσις·
1368 4649 1577 4704 τούτων
1621 4651 1676 4705 δὲ
1731 4652 1972 4721 μάλιστα
2000 4656 2050 4709 οἱ

460 4736 598 4808 πρὸς
634 4738 876 4808 ἑσπέραν
905 4738 1206 4803 οἰκοῦντες,
1248 4750 1344 4793 και
1378 4743 1479 4811 τῆς
1501 4741 1599 4813 τοῦ
1634 4743 1827 4815 ἀνδρὸς
1856 4746 2051 4814 σοφίαν

464 4830 667 4895 ἱκανῶς
714 4830 1101 4902 πειραθέντες.
1138 4832 1411 4903 Συλλόγου
1466 4852 1526 4888 τε
1566 4835 1675 4911 γάρ
1705 4838 1886 4892 ἐκεῖσε
1914 4845 2047 4895 θαυ-

464 4923 678 4996 μαστοῦ
712 4926 1002 4993 γεγονότος
1034 4925 1247 4996 ἁνδρῶν
1290 4928 1473 4997 σοφῶν
1504 4946 1562 4981 τε
1595 4931 1692 4984 καὶ
1722 4931 2047 5002 ἐλλογίμων,

461 5016 726 5087 μεγίστου
751 5035 811 5073 τε
840 5019 1054 5087 ἀγῶνος
1086 5020 1264 5089 λόγων
1298 5024 1666 5094 προκειμένου
1693 5029 1784 5079 ἐπὶ
1818 5025 2047 5099 ζητήσει

456 5108 598 5179 τάχα
634 5108 745 5164 τῶν
775 5110 874 5181 τῆς
916 5111 1243 5181 Ἐκκλησίας
1287 5112 1599 5185 δογμάτων,
1631 5116 1687 5169 τί
1733 5135 1817 5182 τις
1866 5117 1934 5173 ἂν
1972 5121 2047 5174 εί-

376 5253 387 5262 ,
457 5215 574 5265 ποι,
604 5198 755 5268 ὅπως
798 5200 890 5256 τὸν
936 5202 1107 5274 ἄνδρα
1141 5204 1420 5275 ἠγάσαντο
1476 5209 1575 5278 τῆς
1620 5227 1680 5264 τε
1725 5211 1915 5281 σοφίας
1953 5213 2048 5267 καὶ

457 5290 664 5364 ἀρετῆς
692 5296 791 5347 καὶ⁷
819 5290 887 5367 ἧς
916 5290 1066 5367 εἶχεν
1097 5298 1158 5352 ἐν
1188 5297 1375 5368 λόγοις
1411 5300 1732 5373 δυνάμεως;
1768 5305 1865 5368 Ὃς
1890 5306 2044 5375 ἡλίου

456 5380 836 5456 λαμπρότερον
893 5386 952 5440 ἐν
1008 5387 1170 5457 ,σφίσι
1218 5388 1485 5462 διέλαμψε
1510 5406 1525 5421 °
1561 5394 1742 5449 κοινὸν
1775 5395 1820 5448 δ’
1851 5398 1901 5450 οί
1947 5400 2044 5468 μὲν

455 5470 799 5542 διδάσκαλον,
868 5478 1052 5531 κοινὸν
1105 5479 1217 5534 τῶν
1269 5480 1479 5553 ἀνδρῶν
1529 5483 1870 5555 εὐεργέτην,
1930 5504 2045 5541 κοιο

457 5562 547 5621 νδν
586 5565 686 5636 τῆς
719 5566 938 5636 φύσεως
991 5570 1360 5642 φιλοτίμημα,
1393 5573 1586 5626 τοῦτον
1615 5574 1801 5645 ἠξίουν
1826 5593 1841 5608 ⁸
1898 5580 2044 5635 Πλά-

454 5670 600 5710 τωνα
645 5658 691 5713 δ’
720 5660 769 5713 ot
801 5659 858 5714 δὲ
890 5661 984 5715 καὶ
1015 5661 1321 5732 Σωκράτην
1371 5663 1678 5733 ὠνόμαζον.
1739 5667 1877 5722 Οὐδὲ
1934 5673 2044 5743 γὰρ

451 5745 704 5802 ἐλείπετό
759 5766 812 5801 τι
842 5787 891 5831 ,κ
937 5752 1015 5815 ὡς
1061 5754 1265 5815 πάντες
1310 5751 1378 5806 ἂν
1409 5756 1609 5827 φαῖεν,
1657 5760 1759 5828 τῆς
1818 5761 2042 5817 ἐκείνων

461 5836 670 5928 σοφίας,
704 5837 833 5894 Τοῖν
867 5841 968 5915 μὲν
995 5842 1107 5917 γὰρ
1166 5844 1384 5920 ἀνδροῖν
1428 5845 1637 5928 τούτοιν
1682 5849 1888 5926 ἀμφοῖν
1944 5854 2040 5919 οά.

2153 4645 2463 4718 ἐξήσκησεν
2490 4664 2508 4716 ;
2542 4648 2645 4714 Ὃς
2678 4665 2745 4719 γε
2773 4651 2870 4705 καὶ
2897 4652 2966 4707 τὰ
3015 4655 3186 4727 μήπω
3220 4663 3485 4726 γεγονότα
3522 4668 3745 4723 εἰκάσαι

2153 4740 2249 4792 καὶ
2281 4741 2525 4812 μηνῦσαι
2556 4744 2669 4806 τοῖς
2696 4744 2867 4797 πᾶσιν
2895 4745 3120 4816 ἀριστος
3142 4744 3233 4820 ἦν,
3274 4752 3596 4825 Κάλχαντος
3642 4764 3742 4814 ο)-

2150 4832 2240 4887 δὲν
2281 4833 2582 4907 διαφέρων,
2639 4835 2698 4902 ὃς
2734 4838 2852 4910 ᾔδει
2883 4841 2951 4895 τά
2980 4839 3028 4894 τ’
3059 4841 3219 4897 ἐόντα
3264 4845 3335 4901 τά
3386 4846 3437 4901 τ’
3466 4851 3741 4923 ἐσσόμενα

2155 4926 2263 4995 πρό
2291 4924 2339 4978 τ’
2371 4927 2552 4981 ἐόντα.
2586 4928 2796 4983 Γνῶναι
2822 4930 2880 4983 δέ
2920 4931 3030 5002 ἄρα
3056 4934 3152 4986 καὶ
3183 4935 3398 5007 ἑλέσθαι
3423 4942 3493 4994 τά
3525 4943 3736 5008 δέοντα,

2155 5020 2253 5071 καὶ
2287 5018 2438 5082 ὅπως
2495 5021 2564 5073 ἂν
2614 5022 2847 5079 ἕκαστον
2897 5025 3164 5097 ἀποϐαίη,
3212 5031 3297 5095 τίς
3344 5040 3738 5105 προαισθέσθαι

2148 5109 2441 5181 ὁξύτερος;
2483 5112 2646 5167 Ἀλλά
2695 5116 2802 5186 μὴν
2856 5118 2906 5170 εί
2945 5111 3058 5171 οἷόν
3099 5136 3162 5173 τε
3190 5117 3258 5194 ἦν
3295 5126 3469 5179 πᾶσαν
3500 5127 3598 5200 τὴν
3643 5133 3737 5199 ἀφ’

2148 5201 2272 5255 δτου
2307 5204 2600 5272 γεγόνασιν
2631 5205 2910 5276 ἄνθρωποι
2941 5211 3159 5281 σοφίαν,
3209 5215 3259 5267 εί
3304 5217 3394 5269 καὶ
3433 5221 3737 5286 παράδοξον

2149 5296 2282 5359 ἴσως
2311 5296 2450 5362 δόξω
2502 5315 2580 5369 τῳ
2628 5298 2848 5368 λέγειν,
2881 5302 2961 5373 τῷ
3010 5319 3075 5372 γε
3127 5306 3225 5376 τῆς
3274 5308 3487 5364 ἐκείνου
3540 5315 3734 5381 σοφίας

2146 5388 2376 5458 ἀγνῶτι,
2411 5390 2563 5461 ὅμως
2588 5390 2634 5444 δ’
2664 5390 2760 5446 οὖν
2799 5394 2847 5446 εί
2876 5388 2990 5448 οἷόν
3015 5412 3074 5449 τε
3101 5389 3170 5468 ἦν
3204 5397 3410 5471 ταύτην
3442 5401 3733 5455 συλλαϐεῖν

2148 5497 2207 5532 τε
2251 5483 2349 5535 καὶ
2383 5484 2464 5545 είς
2514 5483 2574 5536 ἓν
2620 5484 2896 5555 ἀθροῖσαι,
2946 5488 3046 5558 δση
3098 5505 3160 5542 τε
3211 5489 3334 5545 θεία
3386 5494 3484 5546 καὶ
3515 5495 3613 5565 ὅση
3654 5496 3730 5557 είς

2147 5573 2468 5645 ἀνθρώπους
2499 5576 2646 5647 ἥκει,
2672 5579 2772 5651 ὅση
2808 5597 2868 5632 τε
2914 5580 2990 5648 νῷ
3024 5582 3376 5654 γνωρίζεται,
3404 5587 3497 5639 καὶ
3551 5586 3728 5657 μαθή-

2149 5684 2231 5720 σει
2285 5669 2678 5738 προσγίνεται,
2712 5672 2807 5724 καὶ
2849 5675 3071 5746 ἐπινοίᾳ
3125 5679 3502 5745 φαντάζεται,
3538 5673 3724 5744 όντων,

2147 5761 2445 5829 ἐσομένων,
2489 5762 2965 5832 παρεληλυθότων,
2992 5768 3091 5821 καὶ
3119 5769 3222 5824 ὅσα
3276 5772 3358 5835 είς
3400 5774 3589 5842 λόγους
3635 5772 3724 5826 καὶ

2145 5853 2246 5915 ὅσοι
2277 5854 2355 5923 είς
2399 5855 2599 5931 πρᾶξιν
2619 5855 2769 5928 ἥκει,
2825 5858 3005 5919 πάντα
3042 5876 3101 5913 τε
3129 5861 3247 5939 ⁴ᾔδει
3274 5864 3371 5923 καὶ
3395 5868 3519 5935 τούς
3550 5866 3718 5936 ἀπᾴνσ
