4104 6408
475 358 581 424 889

1640 348 2056 409 ΕΝίισςρΜιυλι
2106 347 2556 407 PLETHONIS.

3622 345 3729 405 910

468 491 576 526 των
608 462 722 538 εἶχε
752 467 945 536 λόγους
980 466 1110 535 παρ’
1165 464 1363 535 ἐαυτῷ.
1397 464 1588 519 Καίτοι
1620 467 1701 529 τίς
1746 466 1813 519 ἂν
1842 466 2050 533 γένοιτο
2080 470 2123 524 Α
2155 462 2493 531 ἀνθρώπινον
2522 459 2667 525 νοῦν,
2691 464 2787 532 τὴν
2816 464 3007 533 σοφίαν
3033 464 3129 532 τὴν
3156 462 3385 534 ὑψηλὴν.
3416 462 3501 516 τὸν
3534 461 3731 529 ὀφθαλέ

471 563 629 631 σοφία
662 560 864 629 ταύτης
918 557 1248 628 ὑψηλοτέρα,
1282 558 1448 627 ῆγουν
1479 558 1739 628 φρόνησις
1768 561 1878 620 τοῖς
1914 558 2046 610 πᾶσι

466 651 777 723 τελεωτέρα
805 668 821 718 ;
856 652 998 704 Ὅσα
1036 668 1093 704 τε
1127 651 1207 713 εἰς
1252 650 1417 721 εὐχῆς
1446 648 1512 703 ἂν
1543 649 1630 720 εἴη
1657 649 1835 717 λόγον,
1870 651 2048 703 πάντα

467 744 642 813 τούτῳ
698 743 936 813 προσῆν.
1001 742 1337 813 Ἡρακλέους
1392 741 1769 810 γενναιότερος
1809 738 1899 810 ἦν,
1957 743 2052 794 Αί-

472 833 611 887 ακδν
651 834 745 887 καὶ
776 833 1218 905 Βελλεροφόντην
1259 834 1338 897 είς
1360 832 1420 885 τὸ
1450 831 1667 901 σῶφρον
1692 832 2052 903 ὑπερηκόντι-

475 944 589 989 σεν,
618 926 893 997 Νέστορός
940 942 1003 979 τε
1053 924 1385 997 σοφώτερος,
1422 924 1756 994 Παλαμήδου
1792 922 1837 978 δ’
1868 924 2046 994 εὐμη-

474 1022 780 1090 χανὼτερος
814 1016 954 1088 ὁμοῦ
1012 1019 1107 1071 καὶ
1166 1017 1497 1089 σοφώτερος.
1558 1014 1856 1070 Εὑϐουλίαν
1910 1016 2051 1087 ὑπὲρ

474 1109 687 1171 πάντας
721 1108 1013 1179 ἐκέκτητο,
1045 1109 1307 1179 ἀλήθειαν
1339 1108 1499 1180 είπιρ
1528 1125 1634 1173 τις,
1667 1107 1981 1161 θεοσέϐειαν
2006 1107 2053 1160 δ’

474 1202 548 1264 ὡς
580 1200 775 1265 οὐδείς.
820 1201 1051 1264 Ἄλλους
1090 1201 1151 1254 ἐν
1176 1199 1356 1264 ἀλλοις
1393 1200 1489 1253 καὶ
1520 1199 1731 1262 πάντας
1757 1200 1851 1251 ἐπὶ
1886 1198 2054 1251 πᾶσιν

486 1296 735 1361 ἐνίκησε.
796 1293 870 1347 Τὸ
899 1294 1001 1365 μιν
1029 1287 1125 1346 οὖν
1162 1291 1366 1345 τοιαῦτ’
1396 1292 1533 1347 ἄττα
1559 1292 1863 1361 κτήσασθαι
1896 1291 2055 1360 δυνη-

478 1384 657 1450 θῆναι,
693 1382 950 1454 εὔδαιμον
1003 1386 1125 1453 μὲν,
1176 1383 1237 1437 οὑ
1278 1383 1463 1453 ῥᾴδιον
1512 1381 1590 1435 δέ·
1644 1385 1893 1453 κρεῖττον
1946 1385 2055 1454 γὰρ

476 1474 643 1538 ὅντως
680 1473 712 1545 ἢ
747 1475 870 1528 κατ’
902 1474 1091 1544 εὐχήν.
1127 1474 1200 1527 Τὸ
1230 1475 1289 1528 δὲ
1319 1475 1563 1545 φανῆναι
1586 1476 1684 1546 μὲν
1714 1477 1807 1530 τὸν
1837 1477 2052 1545 ἔχοντα,

486 1562 585 1618 εἶτ’
621 1566 817 1635 αίφνης
851 1565 994 1620 οὑτω
1042 1584 1159 1630 πως
1190 1569 1252 1619 ἐκ
1286 1567 1468 1638 μέσων
1498 1565 1688 1621 τοῦτον
1717 1567 2052 1634 ἀποπτῆναι,

494 1656 807 1725 Ἡράκλεις,
837 1658 914 1722 ὡς
963 1662 1161 1727 πικρόν
1202 1677 1260 1714 τε
1312 1664 1408 1715 καὶ
1460 1662 1642 1715 πᾶσαν
1698 1659 2055 1729 παραμυθίαν

2155 557 2258 624 μὸν
2313 556 2466 609 τοῦδε
2528 555 2621 607 τοῦ
2679 557 2898 619 παντὸς,
2945 557 3036 610 τὸν
3096 559 3372 609 θειότατον
3424 556 3518 609 καὶ
3557 554 3730 622 μέγαν

2153 648 2492 701 διδάσκαλον.
2525 646 2865 712 Κεκλείσθω,
2892 646 3018 716 φεῦ,
3058 649 3310 717 μουσεῖα·
3346 646 3611 717 οίχέσθων
3641 646 3731 698 λό-

2153 757 2262 808 γοιο
2304 741 2611 808 σιγάτωσαν
2661 739 2855 809 βίϐλοι,
2893 740 3093 809 μᾶλλον
3122 740 3179 793 δὲ
3212 739 3730 809 διαγραφέσθωσαν.

2156 832 2348 885 Κεῖται
2372 832 2481 900 γάρ
2516 830 2686 898 σιγῶν
2708 832 2736 883 6
2760 830 3033 894 θειότατος
3066 832 3158 885 καὶ
3188 831 3361 900 μέγας
3385 829 3730 892 διδάσκαλος.

2157 918 2270 976 Εἶθ’
2300 924 2459 993 ἡμεῖς
2504 919 2603 991 ζῇν
2647 921 2788 985 ὅλως
2829 922 2921 975 καὶ
2953 924 3108 975 πνεῖν
3152 922 3245 975 καὶ
3278 922 3369 974 τὸν
3402 922 3554 991 ἥλιον
3601 925 3735 993 δρᾷν

2156 1013 2484 1084 ἀνεξόμεθα,
2519 1013 2787 1083 ὀρφανίας
2837 1013 3049 1083 ἔχοντες
3098 1012 3356 1081 τοιαύτης
3387 1012 3550 1065 αὐτὸν
3589 1014 3733 1084 μάρ-

2154 1118 2314 1176 τυρα.
2364 1106 2536 1174 ’Υπὲρ
2603 1100 2670 1175 ἧς
2722 1105 2901 1159 πάντα
2951 1103 3249 1175 προθύμως
3295 1104 3365 1158 ἂν
3411 1105 3737 1175 προϊέμεθα,

2155 1198 2250 1251 καὶ
2288 1198 2397 1250 τῶν
2442 1198 2897 1265 ἀναγκαιοτάτων
2943 1195 3009 1266 δὴ
3068 1194 3250 1265 μελῶν
3288 1194 3550 1265 στέρησιν
3602 1194 3736 1249 ἔκα-

2158 1306 2283 1354 στος
2322 1290 2389 1344 ἂν
2422 1290 2769 1360 ἠνέγκαμεν,
2828 1290 2903 1352 ὡς
2956 1290 3022 1344 ἀν
3074 1290 3170 1344 ἕνα
3209 1287 3400 1344 τοῦτον
3441 1288 3738 1359 πριάμενοι

2155 1385 2236 1446 είς
2266 1381 2445 1436 κοινὸν
2475 1382 2983 1451 ἀπαθανατίσωμεν
3030 1382 3238 1451 κόσμον
3269 1382 3337 1452 τῇ
3371 1381 3614 1449 πατρίδι,
3661 1381 3741 1451 τῷ

2156 1474 2329 1542 γένει,
2361 1476 2426 1542 τῇ
2464 1472 2644 1540 φύσει.
2672 1467 2743 1525 Ὦ
2772 1473 2970 1544 πατρὶς
3000 1474 3108 1542 ἐμὴ
3130 1472 3510 1541 κακοδαίμων,
3545 1474 3578 1541 ἠ
3608 1467 3742 1527 τάλ-

2155 1565 2224 1619 λα
2271 1565 2372 1634 μέν
2429 1564 2698 1637 δυστυχὴς
2728 1605 2743 1628 ,
2789 1566 2865 1627 ὡς
2918 1566 3138 1620 πάντων
3175 1564 3408 1635 ἄμοιρος
3457 1559 3592 1619 οὖσα
3632 1565 3743 1616 τῶν

2155 1655 2432 1726 χρηστῶν,
2468 1656 2622 1709 ἐνὶδέ
2653 1654 2827 1726 τούτῳ
2860 1657 3007 1727 μόνῳ
3040 1656 3351 1728 ζηλουμένη
3376 1675 3436 1710 τε
3473 1658 3608 1711 πᾶσι
3644 1658 3740 1710 καὶ

481 1747 813 1818 ὑπερνικῶν.
846 1749 943 1811 Τίς
990 1749 1205 1815 τοίνυν,
1236 1750 1321 1814 τίς
1366 1749 1561 1821 Τελχὶν
1595 1749 1893 1820 ἐφθόνησεν
1923 1751 2054 1819 ἡμῖν
2159 1746 2416 1817 ᾁδομένη,
2442 1746 2471 1800 ὃ
2501 1746 2596 1799 νῦν
2636 1747 2912 1801 ἀπεϐάλου
2943 1750 3039 1802 καὶ
3087 1749 3229 1803 τόδε.
3267 1748 3341 1803 Τὸ
3380 1749 3440 1803 δέ
3487 1749 3553 1820 δὴ
3585 1748 3744 1819 χαλε-

480 1838 575 1894 τοῦ
622 1841 868 1895 τοιούτου
915 1841 1084 1896 καλοῦ
1111 1858 1128 1909 ;
1177 1841 1271 1905 Τίς
1307 1842 1408 1912 τῆς
1454 1842 1712 1912 τοιαύτης
1738 1840 1833 1895 τοῦ
1867 1842 2056 1909 γένους
2085 1821 2132 1882 Β
2164 1837 2413 1909 πώτερον
2444 1840 2537 1894 καὶ
2568 1840 2705 1907 ὅπερ
2753 1840 2934 1909 ἥκιστ’
2986 1839 3234 1905 ἀνεκτὸν,
3269 1840 3360 1895 ἐπὶ
3402 1840 3509 1894 τίνι
3538 1841 3743 1912 μᾶλλον

488 1932 695 2002 ζημίας
751 1933 850 1987 καὶ
900 1934 1324 2005 κακοδαιμονίας
1359 1936 1386 1988 6
1421 1932 2053 2011 pdlzaraplmbtatog;

491 2023 666 2093 ’Υπὲρ
700 2025 861 2093 λόγον
893 2025 955 2079 τὸ
978 2024 1170 2089 πάθος.
1215 2024 1387 2095 ’Υπὲρ
1417 2026 1773 2095 παραμυθίαν
1830 2027 1863 2094 ἡ
1921 2036 2058 2095 συμ-

478 2114 641 2182 φορά.
682 2114 1000 2184 Φιλοσοφείν
1037 2115 1138 2185 μὲν
1170 2117 1341 2185 ἡμᾶς,
1369 2109 1414 2169 ὦ
1437 2118 1728 2187 παρόντες,
1758 2114 1926 2186 ἐχρῆν
1958 2117 2056 2168 καὶ

400 2206 403 2209 ’
478 2208 538 2257 τὸ
566 2205 739 2267 πάθος
781 2205 1049 2273 γενναίως
1092 2208 1341 2274 ἐνεγκεῖν
1372 2208 1688 2278 βιάσασθαι,
1723 2210 1818 2262 καί
1845 2208 2058 2271 πάντας

483 2297 583 2364 μὲν
604 2335 618 2359 ,
655 2295 890 2365 μάλιστα
911 2296 967 2349 δὲ
996 2298 1123 2360 τοὺς
1150 2298 1247 2365 τῆς
1279 2298 1489 2369 ὑψηλῆς
1516 2298 1609 2353 τοῦ
1646 2300 1838 2370 ἀνδρδς
1865 2302 2058 2370 σοφίας

480 2388 899 2458 ἀντεχομένους,
928 2389 978 2443 οῖ
1030 2394 1122 2444 καὶ
1169 2391 1230 2443 τὸ
1275 2392 1355 2455 είς
1400 2392 1591 2458 λόγους
1628 2393 1902 2463 ὁσημέραι
1937 2395 2061 2448 τού-

482 2497 561 2550 τῳ
588 2481 843 2548 γενέσθαι
865 2482 1213 2552 εὐδαιμονίαν
1242 2484 1424 2551 σφίσιν
1455 2483 1713 2550 ἐτίθεντο,
1735 2485 2058 2555 προύργιαί-

476 2580 635 2643 τερον
680 2573 837 2627 τοῦτο
868 2573 977 2628 τῶν
1012 2574 1187 2629 ἀλλων
1215 2576 1474 2646 οἰόμενοι,
1508 2576 1702 2646 ἀνδρες
1730 2578 2057 2647 φιλομαθεῖς

480 2681 537 2715 τε
571 2664 663 2717 καὶ
692 2664 908 2733 φύσεως
934 2665 1115 2730 δεξιᾶς
1144 2667 1239 2720 καὶ
1271 2667 1496 2739 γνώμης
1530 2670 1804 2735 γενναίας,
1835 2672 1929 2724 καὶ
1960 2672 2059 2738 τῆς

481 2757 725 2829 μεγάλης
753 2757 847 2810 τοῦ
877 2758 1069 2829 ἀνδρὸς
1101 2760 1295 2828 σοφίας
1332 2762 1579 2829 ἐρασταί.
1628 2760 1767 2815 Ἀλλ’
1798 2763 1939 2832 ὑπὲρ
1975 2780 2061 2830 φι-

478 2848 735 2916 λοσοφίαν
756 2850 817 2903 τὸ
841 2850 1028 2914 πάθος.
1050 2851 1233 2921 Μόνης
1260 2852 1358 2920 τῆς
1392 2852 1540 2917 θείας
1575 2854 1788 2906 ἐκείνου
1834 2854 2060 2924 γνώμης

480 2941 575 2994 καλ⁵
600 2942 855 3009 γενναίας
887 2942 1064 3013 ψυχῆς
1085 2945 1180 2997 καὶ
1212 2943 1372 2999 τοῦτο
1389 2946 1689 3016 τεκμήριον
1716 2947 1925 3015 γένοιτο
1956 2949 2057 3019 (1),

484 3033 542 3096 ὃς
570 3034 658 3085 ῐσα
693 3036 785 3088 καὶ
830 3036 1035 3090 ἀπαθεῖ
1081 3038 1305 3107 κάμνων
1334 3037 1518 3110 ἐῴκει,
1551 3040 1709 3093 ἄλλου
1737 3042 1795 3094 δὲ
1821 3041 2055 3107 οὐδενός.

2161 1930 2586 2002 ἐκαυχησάμεθ’,
2623 1931 2901 2004 ἀνθρωττοι
2950 1951 3007 1985 τε
3047 1932 3201 1996 ὄντες
3244 1935 3341 1988 καὶ
3389 1933 3534 2004 λόγῳ
3566 1934 3743 2004 τιμὼο

2164 2040 2314 2090 μενοι
2342 2040 2355 2089 ;
2399 2023 2633 2079 Πλοῦτόν
2663 2042 2810 2088 τινες
2835 2025 3172 2080 ἀπεϐάλοντο
3200 2042 3215 2093 ;
3261 2025 3448 2096 Ἀλλά.
3468 2026 3740 2095 σφαλερόν

2160 2132 2223 2183 γε
2270 2116 2331 2169 τὸ
2380 2117 2586 2185 κτῆμαο
2643 2116 2876 2171 ἄστατον
2926 2119 3035 2187 γὰρ
3098 2119 3193 2173 καὶ
3243 2118 3431 2175 δοῦλον
3475 2121 3540 2189 τῇ
3578 2116 3739 2189 τύχῃ.

2159 2208 2362 2272 κακίας
2413 2226 2473 2261 τε
2537 2209 2742 2280 μᾶλλον
2792 2210 2988 2275 αίτιον,
3051 2211 3147 2265 καὶ
3203 2213 3318 2276 τοῖς
3372 2210 3598 2280 φαύλοις
3633 2211 3743 2267 τῶν

2161 2301 2466 2375 ἀνθρώπων
2524 2304 2984 2375 περιγινόμενον,
3042 2304 3385 2360 ἐπικίνδυνόν
3443 2323 3501 2360 τε
3564 2306 3742 2375 ἐφάνη

2160 2398 2272 2457 τοῖς
2303 2395 2488 2465 ἔχουσι
2516 2394 2664 2460 νοῦν,
2696 2398 2793 2451 καί
2826 2396 3019 2465 σοφίας
3045 2397 3322 2468 δεόμενον,
3347 2393 3417 2471 ἦς
3444 2400 3502 2466 ἐξ
3530 2400 3745 2469 ἀνθρὼ-

2162 2505 2282 2541 πων
2313 2489 2722 2559 ἀπογενομένης
2757 2490 2852 2543 καὶ
2896 2488 3123 2554 πλοῦτος
3161 2491 3380 2559 ἀχρεῖος
3419 2491 3515 2545 καὶ
3550 2487 3742 2551 τᾶλλα,

2162 2580 2417 2649 καθάπερ
2485 2580 2616 2642 ναῦς
2669 2582 3038 2653 ἀκυϐέρνητος
3085 2582 3242 2637 οὖσα.
3306 2581 3481 2652 Ἰσχὺν
3529 2582 3742 2652 ἕτεροις

2166 2672 2273 2724 Καὶ
2309 2672 2527 2741 πρῶτον
2573 2673 2672 2740 μὲν
2705 2672 2820 2739 εἴγε
2852 2691 2935 2736 τις
2968 2672 3213 2741 ἀκριϐῶς
3258 2672 3510 2737 ἐξετάσαι
3547 2674 3745 2742 βουλη-

2163 2763 2305 2831 θείη,
2342 2764 2495 2816 οὐδὲν
2550 2764 2708 2817 τοῦτο
2765 2765 2929 2834 μέγα.
2986 2766 3044 2819 Et
3096 2766 3203 2836 γὰρ
3256 2766 3345 2819 διὰ
3391 2765 3585 2836 ῥώμην
3616 2767 3743 2829 τοὺς

2162 2853 2485 2923 ἀνθρώπους
2526 2857 2830 2927 τιμήσομεν
2857 2897 2872 2922 ,
2921 2858 3160 2927 λήσομεν
3194 2859 3335 2925 σφᾶς
3384 2859 3580 2921 αὐτοὺς
3617 2859 3746 2910 πολ-

2165 2945 2241 3015 λῷ
2271 2946 2380 2999 τῶν
2420 2947 2632 3015 ἀλόγων
2664 2947 3029 3016 φαυλοτέρους
3060 2951 3531 3019 ἀπεργασάμενοι,
3563 2951 3598 3004 ἃ
3620 2952 3747 3004 7:0}.-

2166 3036 2244 3106 λῷ
2291 3038 2358 3106 τῇ
2407 3038 2567 3109 ῥώμῃ
2614 3039 2724 3091 τῶν
2769 3040 3075 3110 ἀνθρώπων
3126 3044 3474 3111 προέχουσιν.
3530 3044 3745 3097 Ἔπειθ’

479 3124 592 3178 Νῦν
620 3124 668 3179 δ’
700 3121 876 3196 οἶμαι,
927 3129 1020 3181 καὶ
1073 3129 1183 3182 τῶν
1222 3131 1565 3202 ἀναισθήτων
1622 3134 1653 3203 ἡ
1702 3133 1863 3202 φύσις
1904 3152 2044 3203 συμ-
2086 3170 2128 3229 C
2163 3132 2267 3196 ὅτι,
2307 3131 2355 3183 εί
2395 3132 2489 3184 καὶ
2546 3132 2707 3186 τοῦτο
2753 3133 2998 3204 δώσομεν
3055 3137 3188 3199 ἴσως
3242 3135 3589 3205 βιασθέντες,
3627 3137 3746 3189 ἀλλ’

484 3218 703 3289 πάσχει,
737 3219 989 3290 αἴσθησίν
1021 3238 1139 3274 τινα
1182 3221 1276 3275 τοῦ
1308 3223 1515 3286 πάθους
1546 3224 1919 3295 λαμϐάνουσα,
1954 3228 2049 3280 καὶ

483 3309 581 3380 τὴν
612 3310 797 3380 κοινὴν
821 3311 930 3365 τῶν
964 3312 1269 3383 ἀνθρώπων
1299 3316 1730 3385 κακοδαιμονίαν
1758 3319 2053 3373 ἀποκλαιο-

483 3402 642 3472 μένη.
669 3403 737 3456 Ὠ
761 3399 872 3455 οἷον
898 3406 1032 3474 ἡμῖν
1065 3405 1367 3476 ὑποστῆναι
1396 3409 1596 3479 συνέϐη
1628 3410 1822 3462 δεινόν.
1861 3411 2054 3465 ὐποία

481 3492 694 3561 θρήνων
729 3494 988 3556 ὑπόθεσις
1020 3498 1327 3566 πρόκειται,
1360 3498 1730 3568 ἐπιλησομένη
1757 3501 2053 3571 μηδέποτε.

491 3584 703 3639 ὐποῖον
734 3588 867 3657 ὀρᾷν
913 3588 1221 3658 ἀνεχόμεθα
1257 3589 1436 3659 θέαμα
1484 3592 1595 3652 τοῖς
1630 3591 1767 3643 πᾶσι
1798 3593 2051 3661 φρικτὸν,

479 3674 522 3731 ὦ
551 3681 621 3748 γῆ
654 3681 745 3732 καὶ
776 3682 894 3750 ἥλιε
923 3682 1019 3734 καὶ
1049 3680 1264 3749 λογικαὶ
1299 3682 1604 3750 φροντίδες.
1635 3683 1812 3753 Ὀναρ
1861 3683 1962 3754 μὲν
1989 3684 2055 3737 ἀν

478 3789 560 3835 τις
600 3772 741 3834 ἰδὼν,
776 3774 894 3842 τάχ’
928 3775 993 3827 ἂν
1017 3774 1209 3843 ἐξέστη
1254 3775 1346 3827 τοῦ
1376 3775 1491 3837 νοῦ,
1531 3775 1627 3829 καὶ
1664 3776 1858 3829 οἰωνὸν
1889 3776 2054 3829 ἀπαί-

483 3883 593 3917 σιον
646 3867 860 3929 πάντως
896 3866 1072 3937 ᾠήθη.
1104 3867 1298 3938 ’Ύπαρ
1344 3869 1389 3921 δ’
1433 3868 1594 3939 ἡμεῖς
1648 3867 1742 3921 νῦν
1794 3870 2052 3937 δρῶντες,

480 3959 597 4020 πῶς
644 3960 910 4025 γενναίως
962 3961 1150 4029 φέρειν
1206 3959 1587 4029 ὑπομενοῦμεν
1618 3977 1632 4027 ;
1667 3962 1730 4012 Ὢ
1766 3957 1877 4013 οἷον
1920 3962 2056 4031 ἡμῖν

480 4053 738 4123 ἤνεγκας,
775 4052 955 4121 χρόνε,
985 4052 1221 4120 πρᾶγμα
1244 4050 1478 4105 ἄπιστον
1510 4053 1603 4105 καὶ
1640 4053 1780 4121 μετά
1805 4053 1902 4123 τὴν
1936 4055 2056 4105 πείο

479 4162 603 4215 ραν.
638 4144 702 4196 Ὢ
726 4144 1039 4213 τραύματος
1069 4144 1394 4212 ἀνηκέστου.
1421 4144 1484 4196 Ὢ
1513 4146 1799 4215 συμφορᾶς
1832 4145 2057 4198 ἀνυποί-

481 4253 606 4289 στου
642 4236 738 4305 (2).
769 4237 963 4289 Καίτοι
1009 4235 1185 4304 ἔγωγε
1231 4234 1410 4307 ᾤμην,
1444 4238 1491 4289 εί
1536 4232 1647 4289 οἷόν
1690 4254 1745 4288 τε
1778 4233 1845 4307 ἦν
1873 4238 1932 4289 ἐν
1961 4237 2056 4289 ἀν-

480 4328 719 4398 θρώποις
745 4329 1046 4381 ἀθανασίαν
1081 4327 1338 4396 φανῆναι,
1368 4327 1469 4380 οὐκ
1498 4327 1565 4381 ἂν
1593 4328 1739 4399 ἄλλῳ
1785 4344 1863 4398 τῳ
1918 4327 2055 4397 μᾶλ-

480 4425 567 4473 λον
596 4422 627 4490 ἦ
664 4421 799 4488 τῷδε
829 4419 1170 4488 ἐγγενέσθαι.
1210 4418 1374 4472 Ταῦτ’
1398 4420 1743 4490 ἐπεπείσμην
1783 4420 1959 4488 ἔγωγε
1987 4422 2057 4492 τῇ

2159 3224 2282 3288 ev)"
2315 3224 2412 3294 μὲν
2452 3224 2583 3288 tu”;
2644 3224 2803 3297 ῥώμῃ
2862 3244 2944 3289 τις
2997 3226 3029 3296 ἢ
3091 3228 3186 3280 καὶ
3245 3228 3464 3295 πλούτῳ
3499 3229 3742 3297 προὲξῖι·

2157 3318 2308 3372 δυοῖν
2344 3318 2428 3371 δὲ
2486 3320 2740 3389 οὐδαμῶς
2762 3361 2776 3385 ,
2811 3321 2948 3373 ὅπου
3000 3336 3061 3386 γε
3110 3320 3220 3373 οὐδ’
3263 3319 3540 3389 Ἡρακλῆς
3564 3338 3577 3350 ’
3612 3322 3660 3372 εί
3689 3321 3747 3371 δὲ

2156 3406 2329 3471 δυοῖν,
2356 3408 2417 3461 οὑ
2453 3408 2628 3477 δήπου
2660 3408 2757 3461 καὶ
2796 3408 3104 3477 τεττάρωνο
3140 3408 3187 3460 εί
3235 3406 3290 3459 δὲ
3340 3407 3546 3459 τούτων
3588 3407 3745 3469 ἴσως,

2157 3501 2219 3554 οὐ
2269 3500 2451 3571 δήπου
2487 3501 2581 3554 καὶ
2628 3501 2780 3561 δέκα,
2826 3500 2919 3554 καὶ
2950 3500 3029 3553 ἔτι
3064 3500 3269 3563 πόλεως
3307 3501 3458 3570 ὅλης,
3489 3499 3581 3552 καὶ
3612 3500 3748 3567 πρὸς

2157 3594 2371 3657 τούτοις
2400 3595 2614 3659 ἔθνους,
2647 3597 2739 3648 καί
2790 3595 2971 3664 πολλῷ
3011 3614 3071 3664 γε
3107 3596 3309 3666 μᾶλλον
3360 3596 3575 3649 πάντων
3603 3611 3615 3625 ο
3653 3612 3741 3646 σοι

2132 3686 2403 3755 ἐφώτερος
2442 3687 2499 3739 δέ
2545 3705 2628 3750 τις
2686 3688 2784 3756 οὐχ
2838 3687 2957 3746 ἑνός
2991 3704 3136 3751 τινος
3197 3688 3290 3739 καὶ
3337 3686 3430 3739 δύο
3483 3688 3579 3738 καὶ
3612 3687 3745 3738 Eézv.

2164 3781 2346 3847 μόνον,
2386 3783 2481 3835 κα)⁵
2527 3780 2755 3845 πόλεως,
2794 3781 2887 3833 καὶ
2944 3780 3155 3843 ἔθνους,
3204 3779 3342 3833 ἀλλά
3371 3779 3468 3833 καὶ
3512 3779 3618 3833 τῶν
3652 3781 3746 3830 ἐπὶ

2161 3874 2269 3939 γῆς
2310 3873 2549 3936 πάντων,
2587 3872 2812 3925 δυνατὸν
2854 3868 3015 3926 εἶναι.
3067 3870 3280 3935 Ὅποῖος
3334 3872 3399 3941 δὴ
3447 3876 3539 3925 καί
3576 3875 3603 3925 6
3650 3872 3744 3923 νῦν

2159 3966 2293 4035 ἡμῖν
2325 3948 2417 4018 ἐπί
2444 3964 2631 4018 πένθει
2668 3964 3059 4035 προκείμενος·
3096 3965 3257 4031 μόνος
3287 3965 3397 4035 γάρ
3422 3958 3575 4027 οὗτος
3607 3966 3745 4034 ἔργα

2161 4056 2325 4124 λόγου
2368 4057 2606 4127 κρείττω
2656 4056 2990 4125 παρέσχετο,
3018 4055 3092 4117 ὼς
3127 4055 3417 4123 προλαϐὼν
3453 4056 3551 4124 μὲν
3582 4057 3746 4119 αὐτ“.ς

2160 4152 2271 4210 τοῖς
2304 4148 2505 4217 ἔργοις,
2544 4146 2657 4216 ἐγὼ
2685 4148 2741 4200 δὲ
2786 4147 2900 4209 τοῖς
2955 4146 3139 4214 λόγοις
3197 4146 3437 4217 δεδήλωκ
3460 4166 3499 4200 ι.
3555 4148 3743 4208 Οὖτως

2162 4240 2269 4293 οὐδ’
2296 4240 2344 4292 οί
2394 4238 2588 4308 ῥώμην
2630 4236 3038 4300 ἀποϐάλλοντες
3079 4238 3222 4307 μέγα
3266 4255 3320 4290 τι
3370 4237 3557 4291 λοιπόν
3608 4240 3744 4291 ἀπο-

2164 4331 2379 4383 ϐάλλειν
2424 4328 2695 4395 δοκοῦσιν,
2745 4328 2870 4382 ἐπεὶ
2922 4329 3018 4381 καὶ
3070 4329 3214 4399 νόσῳ
3267 4329 3440 4399 ῥᾷστα
3483 4330 3742 4399 θηρᾶται,

2163 4427 2312 4496 γήρᾳ
2360 4439 2420 4475 τε
2482 4420 2806 4490 χαυνοῦταιο
2844 4419 3007 4490 σοφία
3067 4420 3122 4474 δὲ
3178 4421 3319 4491 μόνη
3368 4421 3476 4473 τῶν
3523 4422 3744 4473 πάντων

481 4512 699 4582 ἀκριϐεῖ
751 4515 990 4583 προσοχῇ
1020 4510 1381 4586 τῆςφέκείνου
1415 4510 1649 4577 διαίτης,
1681 4513 2056 4582 τεκμαιρόμε-
2089 4519 2136 4576 ι)
2164 4516 2458 4568 ἀνάλωτον.
2522 4513 2585 4566 Ei
2641 4511 2700 4564 δέ
2759 4511 2856 4565 καὶ
2894 4511 3329 4581 περιγενοίμεθα
3363 4511 3477 4564 ἔσθ’
3514 4512 3602 4565 ὅτε
3637 4514 3745 4563 τῶν

483 4624 571 4669 νος
603 4605 723 4659 τόδε
754 4605 833 4675 τῷ
873 4604 1157 4674 μηδέποτ’,
1186 4603 1246 4668 ἐξ
1265 4603 1389 4656 ὅτου
1422 4601 1681 4671 τοιαύτην
1710 4604 1887 4656 εἵλετο
1912 4604 2055 4658 δίαι-

482 4717 604 4762 ταν,
654 4699 893 4769 ἀλγῆσαί
931 4714 986 4750 τι
1039 4697 1146 4748 τῶν
1199 4693 1388 4750 αὑτοῦ.
1438 4694 1497 4747 Et
1546 4694 1601 4747 δὲ
1657 4695 1754 4765 μὴ,
1788 4696 1925 4749 ἀλλά
1955 4696 2057 4749 κᾶν

480 4792 613 4859 γοῦν
661 4792 755 4843 ἐπὶ
816 4790 1245 4860 μακροϐιότητος
1306 4786 1655 4841 ἐπιπλείστον
1711 4790 1924 4853 ἐλάσαι,
1962 4794 2057 4843 καὶ

482 4882 564 4935 ὅτι
609 4882 886 4950 ἐγγύτατα
930 4881 973 4932 Τ
981 4880 1174 4933 ιθωνοὺ
1205 4897 1263 4951 ’ξε
1293 4880 1385 4932 καὶ
1428 4879 1827 4949 Ἀργανθωνίου
1862 4882 2059 4951 βιῶσαι

485 4974 519 5045 ἢ
565 4973 679 5027 τοῦν
722 4973 851 5043 παρ’
891 4975 1024 5043 ἡμῖν
1072 4971 1428 5026 Μαθουσάλα.
1475 4972 1794 5027 Ἐλάνθανον
1842 4974 1897 5027 δὲ
1951 4976 2059 5045 ἀρα

483 5067 836 5137 ἠπατημένος
884 5064 1006 5119 κατ’
1053 5065 1241 5134 ἄμφω.
1276 5066 1385 5119 Καὶ
1430 5066 1491 5118 τὸ
1551 5066 1651 5135 μέν
1704 5068 1816 5128 τοῖς
1877 5067 2058 5130 ἀλλοις

485 5155 657 5220 οὕτως
693 5158 911 5210 ἐπιέναι
955 5172 1015 5208 σε
1040 5195 1055 5220 ,
1105 5147 1151 5207 ὧ
1182 5155 1436 5221 θάνατος,
1472 5144 1653 5209 δεινὸν
1678 5156 1758 5223 ὃν,
1793 5158 1852 5209 οὐ
1882 5157 2056 5211 δεινὸν

488 5250 640 5311 ίσως.
674 5247 808 5301 Νυνὶ
846 5247 905 5300 δὲ
942 5246 995 5299 τί
1027 5245 1217 5299 παθὼν
1241 5246 1301 5299 τὸ
1336 5247 1513 5299 κοινὸν
1540 5248 1677 5316 ἡμῖν
1703 5248 1925 5315 ἀφείλου
1957 5266 2061 5300 κα·

484 5340 597 5403 λὸν,
630 5341 886 5409 ἀφορμήν
916 5356 976 5391 τε
1004 5338 1218 5408 θρήνων
1242 5339 1375 5408 ἡμῖν
1397 5337 1618 5409 ἐξεῦρες
1647 5339 1830 5403 πάσας
1855 5341 2060 5409 παρελ-

484 5430 686 5484 θοῦσαν
723 5433 821 5493 τάς
869 5428 1115 5499 προτοῦ;
1167 5430 1264 5497 τὴν
1311 5428 1406 5481 τοῦ
1438 5434 1632 5499 γένους
1685 5430 2056 5500 εὐδαιμονίαν,

481 5525 594 5584 τοῖς
626 5522 684 5575 εὖ
711 5522 965 5591 φρονοῦσι
993 5522 1091 5590 τὴν
1117 5519 1406 5590 θυμηδίαν,
1430 5523 1491 5573 τὸ
1517 5522 1616 5591 τῆς
1647 5520 1863 5588 φύσεως
1890 5522 2058 5588 ἀγαλ-

485 5632 583 5683 μα,
617 5614 709 5667 τοῦ
743 5613 1085 5683 ἀνθρωπίνου
1141 5614 1331 5680 γένους
1391 5612 1491 5682 την
1554 5613 1900 5683 εὐκοσμίαν,
1963 5613 2058 5666 τὸν

553 5791 630 5863 (1)
662 5790 1031 5860 Supplcmlum
1065 5788 1275 5842 vidclur
1323 5789 1409 5841 ἀν.

743 5892 1008 5950 Iuram.
1047 5887 1162 5944 (In.
1196 5885 1372 5946 CLX.

2168 4606 2575 4673 ἀλκιμωτάτων
2610 4603 2841 4673 θηρίων,
2876 4604 2937 4655 οὐ
2983 4605 3050 4673 τῇ
3084 4602 3265 4673 ῥώμη,
3310 4603 3472 4675 σοφίᾳ
3511 4602 3566 4656 δὲ
3604 4603 3745 4672 μάλ-

2166 4697 2259 4750 λον
2316 4694 2732 4764 περιγινόμεθα.
2789 4695 2975 4748 Ἄλλοι
3028 4693 3253 4764 βασιλέα
3309 4693 3495 4747 λοιπὸν
3535 4694 3748 4748 ἀπεϐά-

2168 4792 2320 4845 λεντο
2352 4806 2365 4855 ;
2398 4785 2535 4841 Ἀλλ’
2564 4787 2688 4841 οὐδὲ
2715 4787 2877 4841 τοῦτο
2921 4787 3127 4840 δεινόν’
3164 4785 3360 4854 φαῦλοι
3408 4786 3518 4855 γάρ
3548 4785 3623 4849 ὡς
3659 4788 3749 4839 ἐπὶ

2168 4885 2228 4935 τὸ
2270 4882 2523 4933 πλεῖστον
2576 4881 2625 4933 οί
2679 4878 2902 4943 πλείους
2957 4879 3159 4939 αὑτῶν,
3212 4879 3307 4931 καὶ
3360 4878 3429 4931 δι’
3480 4880 3644 4951 εὐχῆς
3684 4881 3747 4931 τὸ

2170 4973 2415 5043 ὑπήκοον
2444 4970 2710 5034 πολλάκις
2740 4972 2882 5040 σφᾶς
2912 4969 3212 5024 ἀποϐαλεῖν
3245 4968 3453 5038 έχουσι,
3488 4971 3586 5025 καὶ
3612 4974 3746 5022 πολ-

2168 5066 2275 5119 λῶν
2330 5064 2598 5125 πολλάκις
2650 5065 2762 5126 τοῖς
2816 5063 3081 5131 ὑπηκόοις
3136 5061 3329 5114 δεινῶν
3386 5060 3745 5121 αἰτιώτατοι,

2169 5154 2431 5215 πολλάκις
2468 5169 2527 5205 τε
2558 5152 2617 5206 ὃν
2641 5152 2860 5223 ἔχουσιν
2911 5149 3279 5212 ἀποϐαλόντες
3298 5191 3312 5215 ,
3338 5150 3555 5218 ἔχουσιν
3588 5150 3646 5201 ὃν
3680 5151 3746 5203 ἂν

2168 5246 2634 5315 προσκτήσαιντο.
2692 5242 2832 5308 Δόξα
2897 5243 3005 5311 μὴν
3066 5240 3285 5310 σεμνὸν,
3334 5240 3471 5294 ἀλλά
3529 5243 3747 5303 πάντως

2168 5336 2448 5402 ἀϐέϐαιον,
2476 5336 2570 5387 καὶ
2610 5326 2655 5403 ᾧ
2695 5349 2759 5402 γε
2805 5332 3055 5398 παριδεῖν
3090 5332 3295 5400 ταύτην
3325 5331 3560 5396 ἐγένετο,
3595 5331 3746 5398 δόξα,

2168 5428 2381 5491 Κάλλος
2434 5426 2492 5479 δὲ
2536 5426 2922 5496 περιμάχητον
2976 5423 3097 5492 μέν,
3147 5424 3282 5477 ἀλλά
3327 5423 3542 5484 πάντως
3573 5424 3750 5491 ὀλιγο-

2166 5522 2403 5591 χρόνιον.
2462 5520 2573 5571 Καὶ
2620 5516 2781 5586 ὑγεία
2839 5517 3027 5585 τίμιον
3078 5515 3371 5584 μὲν,λ,ἀλλ’
3408 5515 3750 5583 εὐμετάστα-

2169 5632 2280 5668 τον.
2344 5614 2405 5665 Εἰ
2450 5611 2584 5681 γοῦν
2613 5611 2784 5665 ταῦτα
2810 5610 3035 5663 τοιαῦτα
3062 5649 3077 5674 ,
3116 5607 3370 5677 χαλεπῶς
3398 5607 3445 5662 δ’
3477 5603 3575 5665 οὖν
3599 5608 3752 5677 ὅμως

2242 5789 2318 5858 (‘3)
2344 5787 2454 5853 Sir,
2485 5788 2696 5857 passivo
2731 5802 2916 5852 suasu,
2956 5788 3135 5841 IIIiuUS
3172 5788 3379 5841 Cra-cr.

3220 5882 3293 5941 26
