4104 6460
388 378 491 442 8‘27

1592 387 1909 449 GEORGH
1979 389 2328 451 PLETHON
2347 390 2415 448 lS

3547 388 3652 452 88

391 495 644 550 sidcrans
672 500 850 563 potest
880 493 1344 563 animadvertere,
1382 507 1495 554 tum
1528 513 1588 554 re
1631 499 1750 570 ipsa
1782 500 1838 555 in
1868 502 1969 556 hoc

2087 509 2216 555 lO‘I‘It
2244 505 2305 555 ἐκ
2333 502 2440 554 τῶν
2489 501 2908 571 καθεστηκότων
2942 504 3288 574 πραγμάτων
3311 503 3648 570 λογίζεσθαι⁹

392 594 671 656 postremo
705 585 850 639 bel-lo
879 586 1222 655 apertissime
1253 602 1594 658 compertum
1633 600 1738 647 est.
1787 591 1972 663 Neque

391 691 525 732 sane
555 675 713 730 facile
741 677 1030 746 quisquam
1063 686 1118 733 et
1151 679 1266 749 ipse
1297 681 1515 745 militet,
1552 691 1602 737 et
1645 698 1770 740 sese
1806 684 1972 739 simul

391 778 555 837 atque
606 768 741 822 alios
781 767 910 822 alat.
965 766 1083 823 Non
1110 772 1256 824 enim
1290 785 1508 841 semper
1541 773 1595 827 in
1623 773 1974 841 expeditione

390 859 603 930 praedas
631 875 792 929 agere
822 860 1089 916 militibus
1123 861 1266 923 licet.
1298 877 1473 934 caque
1519 864 1603 918 via
1655 866 1772 921 suis
1806 866 1973 923 rebus

390 948 720 1015 consulere;
771 965 960 1004 verum
1005 966 1036 1004 a
1081 966 1141 1006 se
1199 952 1456 1022 pleraque
1504 967 1602 1009 eos
1665 955 1756 1024 qui
1832 956 1971 1025 reip.

395 1050 524 1095 sunt
547 1041 671 1096 usui
717 1041 884 1096 futuri
914 1052 1131 1113 oportet
1158 1059 1396 1100 sumere.
1437 1044 1548 1100 Hoc
1593 1048 1761 1117 igitur
1806 1063 1974 1118 appa-

395 1143 517 1187 ratu
555 1150 653 1187 nec
691 1133 929 1190 Isthmus
964 1138 1248 1192 commode
1279 1141 1481 1193 servari
1515 1142 1732 1209 poterit,
1776 1156 1896 1205 nec,
1927 1143 1974 1196 si

394 1224 540 1293 quod
568 1225 695 1278 olim
731 1225 1034 1294 impendeat
1070 1230 1391 1298 periculum,
1426 1241 1579 1286 certa
1621 1233 1816 1290 salutis
1850 1250 1976 1304 spes

398 1330 540 1370 esse.
569 1315 835 1380 Quocirca
868 1320 1187 1386 priusquam
1236 1322 1342 1376 tale
1368 1322 1513 1392 quod
1545 1326 1783 1392 eveniat,
1818 1326 1976 1381 decet

396 1423 496 1461 uos
544 1407 671 1459 dum
723 1408 774 1460 in
821 1417 939 1462 tuto
991 1425 1183 1466 sumus
1235 1423 1288 1466 et
1316 1429 1437 1483 qua:
1489 1416 1670 1470 minus
1717 1426 1770 1471 et
1828 1428 1977 1474 recte

393 1495 649 1549 videntur
696 1510 755 1550 se
801 1497 1022 1562 habere.
1075 1502 1354 1571 corrigere
1427 1511 1448 1557 t
1499 1515 1767 1574 quantum
1793 1507 1975 1572 liceat.

397 1589 704 1642 necessaria
769 1605 1093 1657 praeparare,
1157 1608 1262 1658 ne,
1326 1595 1371 1650 si
1434 1596 1558 1665 quis
1623 1597 1762 1653 forte
1817 1614 1977 1657 casus

395 1678 628 1742 accidat,
649 1695 769 1734 eum
791 1683 1076 1738 dilileulter
1099 1683 1356 1741 feramus.
1385 1687 1514 1741 Nam
1541 1689 1594 1742 iu
1617 1690 1737 1758 ipso
1759 1691 1976 1759 quidem

398 1768 716 1825 discrimine
783 1788 889 1827 non
941 1775 1076 1831 satis
1121 1778 1405 1834 commode
1452 1784 1878 1849 correctionem,
1927 1785 1978 1842 si

396 1875 517 1924 qua:
549 1863 852 1928 requirunt,
884 1867 1175 1934 recipiunt.

2073 591 2212 646 ἀλλὰ
2242 592 2308 661 δὴ
2347 591 2444 644 καί⁸
2491 592 2580 644 ἐπ’
2613 593 2782 662 αὐτῆς
2830 591 2931 661 τῆς
2963 591 3155 662 χρείας
3195 595 3288 646 καὶ
3325 591 3420 645 τοῦ
3468 609 3651 660 παρα-

2076 682 2431 746 πεπτωκότος
2460 681 2618 736 τοῦδε
2667 683 2770 754 ἡδη
2804 682 3069 752 πολέμου,
3109 683 3345 752 μάλιστα
3375 683 3438 752 δὴ
3477 682 3652 746 οὕτως

2073 777 2270 846 ἔχοντα
2319 776 2652 847 ὲλήλεγκται
2693 777 2828 847 (Η).
2863 777 3040 840 Ὀλως
3074 776 3132 831 δὲ
3181 777 3297 839 πῶς
3329 775 3395 830 ἂν
3428 777 3523 830 καὶ
3566 776 3652 845 εἴη

2078 869 2478 937 στρατεύεσθαί
2507 887 2568 922 τε
2615 870 2706 923 τὸν
2740 870 2927 934 αὐτὸν,
2957 870 3051 923 καὶ
3095 870 3259 925 αὐτόν
3287 887 3347 922 τε
3390 869 3506 938 ἅμα
3530 869 3652 939 τρέ-

2076 976 2199 1028 φειν
2244 967 2340 1014 καὶ
2379 962 2644 1032 ἑτέρους;
2702 963 2812 1016 Καὶ
2847 961 2956 1032 γὰρ
2989 961 3081 1015 οὖν
3129 961 3251 1014 οὐδὲ
3285 961 3370 1014 ἀεὶ
3410 961 3652 1030 λαφυρα-

2075 1055 2278 1118 γωγεῖν
2325 1052 2426 1122 τὴν
2458 1053 2744 1123 στρατιὰν,
2787 1052 2914 1106 ὥστ’
2949 1052 3015 1106 ἂν
3040 1053 3133 1104 καὶ
3189 1047 3331 1106 εἶναί
3383 1069 3502 1105 τινα
3545 1052 3653 1104 ἀπὸ

2075 1141 2270 1195 τούτου
2322 1146 2435 1205 τοῖς
2472 1144 2923 1215 στρατευομένοις
2957 1143 3247 1212 ὠφέλειαν,
3293 1141 3414 1198 ,ἀλλ’
3442 1142 3652 1194 οἴκοθεν

2075 1235 2145 1286 τὰ
2181 1234 2355 1288 πολλὰ
2403 1238 2702 1303 ἀιαγκαῖον
2751 1236 3015 1307 δαπανᾷν,
3051 1229 3124 1288 ῶν
3170 1235 3234 1289 ἀν
3266 1252 3316 1289 τι
3352 1234 3531 1304 μέλλοι
3559 1233 3654 1286 καὶ

2077 1325 2270 1394 ὄφελος
2321 1326 2400 1396 τῷ
2439 1328 2604 1398 κοινῷ
2658 1327 2900 1382 ἔσεσθαι.
2967 1327 3100 1380 ’Λπὺ
3132 1327 3196 1398 δὴ
3249 1325 3508 1395 τοιαύτης
3553 1327 3652 1394 τῆς

2079 1417 2439 1486 παρασκευῆς
2483 1417 2594 1471 οὒτ’
2643 1419 2856 1488 ἰσθμὸς
2891 1415 3003 1482 οἷός
3056 1435 3113 1472 τε
3169 1417 3367 1478 ἱκανῶς
3402 1418 3650 1486 φρουρεῖ⁸

2080 1510 2226 1574 σθαι,
2265 1509 2382 1562 οὔτ’
2413 1509 2478 1564 ἀν
2513 1511 2646 1564 ποτέ
2687 1527 2770 1574 τις
2800 1511 3042 1573 κίνδυνος
3088 1510 3498 1579 ἑπικρεμασθῇ,
3523 1507 3651 1576 θαρο

2081 1604 2194 1673 ῥεῖν
2227 1602 2457 1671 ὑπάρξει
2507 1601 2650 1673 ὑπὲρ
2705 1603 2798 1656 τοῦ
2867 1601 3232 1673 σωθήσεσθαι.
3289 1600 3422 1669 Πρὶν
3456 1597 3548 1651 οῦν
3597 1598 3656 1650 ὲν

2079 1694 2308 1764 τοιούτῳ
2339 1697 2449 1748 τινὶ
2495 1695 2838 1764 καταστῆναι
2872 1695 2954 1749 ἔτι
2997 1696 3157 1760 δντας
3204 1695 3262 1746 ὲν
3299 1693 3377 1763 τῷ
3403 1691 3656 1759 ἀσφαλεῖ,

2081 1786 2471 1857 ἐπανορθωτέα
2501 1804 2559 1840 τε
2607 1786 2643 1841 ἀ
2677 1787 2892 1855 φαύλως
2941 1786 3090 1840 δοκεῖ
3123 1787 3265 1855 ἔχειν
3316 1785 3411 1838 καὶ
3459 1782 3656 1849 σφαλε-

2006 1863 2050 1922 Β
2082 1876 2214 1946 ρῶς,
2247 1878 2343 1928 καὶ
2371 1878 2856 1947 παρασκευαστέον
2896 1877 2960 1931 ὲκ
2991 1875 3099 1928 τῶν
3133 1872 3397 1939 δυνατῶν,
3434 1872 3561 1924 ὥστ’
3592 1872 3658 1924 ἄν

399 1951 527 2003 ποτέ
558 1969 606 2004 τι
651 1956 744 2006 καὶ
776 1957 982 2027 συμϐῇ,
1017 1959 1163 2030 ἔχειν
1191 1961 1266 2026 ὡς
1299 1965 1473 2033 ῥᾷστα
1510 1964 1831 2033 διενεγκεῖν.
1865 1966 2134 2030 Χαλεπῶς
2158 1968 2262 2040 γὰρ
2326 1967 2415 2022 ἐπ’
2480 1967 2647 2021 αὑτοῦ
2691 1967 2786 2020 τοῦ
2853 1965 3030 2020 δεινοῦ
3081 1966 3172 2019 καὶ
3227 1964 3340 2017 τῶν
3404 1961 3660 2017 κινδύνων

395 2049 576 2102 ὁτιοῦν
610 2050 761 2103 ἔστιν
803 2054 1242 2123 ἐπανορθοῦσθαι
1275 2060 1386 2114 τῶν
1439 2062 1658 2130 φαύλως
1712 2063 1968 2132 ἐχόντων.

466 2168 521 2221 9.
561 2170 731 2234 Quam
775 2187 936 2240 porro
965 2175 1315 2232 collationem
1366 2179 1598 2249 singulis
1634 2181 1842 2238 laribus
1874 2181 1978 2235 im-

396 2269 612 2323 ponunt
655 2263 923 2327 nonnulli,
959 2279 1062 2332 qua
1116 2265 1313 2322 milites
1363 2269 1429 2321 ad
1459 2268 1641 2323 Isthmi
1666 2271 1972 2326 custodiam

395 2349 779 2402 conducuntur
809 2391 826 2416 ,
890 2353 1016 2408 licet
1072 2355 1175 2409 hoc
1205 2356 1486 2412 inventum
1529 2359 1605 2414 illi
1637 2376 1894 2430 magnum
1924 2370 1980 2416 et

403 2442 722 2507 pt'mclarttm
741 2443 1230 2516 durant,tanquam
1249 2452 1394 2518 quod
1422 2452 1596 2507 solum
1619 2455 1782 2509 rebus
1805 2455 1980 2524 possit

397 2549 745 2598 succurrere,
787 2536 913 2590 dum
967 2547 1231 2608 quantam
1283 2556 1348 2596 ex
1403 2557 1464 2597 ea
1521 2545 1814 2599 collatione
1865 2545 1978 2600 sint

398 2629 677 2682 cnllecturi
712 2630 998 2697 pecuniam
1028 2633 1406 2701 considerant,
1437 2636 1566 2689 mibi
1602 2652 1736 2692 sane
1776 2638 1980 2692 ridicu-

405 2722 514 2773 lum
551 2722 786 2785 videtur,
845 2722 890 2777 si
921 2723 1127 2779 nostris
1153 2725 1380 2793 perditis
1404 2727 1638 2793 civibus,
1671 2745 1700 2781 a
1732 2729 1974 2797 peregri-

399 2813 488 2866 nis
523 2823 575 2868 et
603 2815 798 2868 alienis
832 2814 1085 2869 mercede
1117 2827 1396 2872 servatum
1430 2834 1530 2874 nos
1579 2819 1642 2872 iri
1683 2821 1980 2876 credimus.

397 2905 524 2970 Qun
554 2921 679 2959 vero
715 2916 872 2975 pacto
905 2921 1010 2960 non
1037 2907 1338 2976 perdentur
1384 2911 1430 2964 si
1475 2911 1724 2964 custodia
1761 2913 1982 2978 quidem

399 3010 499 3049 eos
538 2994 854 3061 liberemus,
904 3005 1054 3050 tanta
1107 3012 1238 3052 vero
1275 2999 1569 3055 multemus
1597 3001 1864 3069 pecunia?
1895 3000 1988 3054 Et-

405 3090 552 3138 enim
604 3087 648 3140 si
694 3089 868 3142 solitae
917 3088 1037 3142 illos
1070 3090 1393 3145 collationes
1433 3093 1686 3157 perdunt.
1733 3107 1795 3146 ac
1835 3093 1988 3147 multi

403 3176 516 3244 jam
571 3177 884 3244 perierunt;
922 3178 1014 3246 qui
1052 3179 1268 3234 tandem
1297 3181 1342 3236 si
1380 3183 1508 3251 quid
1548 3182 1809 3248 addatur,
1842 3183 1988 3237 futu-

411 3283 534 3321 rum
557 3277 640 3322 est
659 3269 684 3320 ?

483 3359 571 3412 ‘IO.
615 3359 817 3414 Deinde
844 3362 992 3428 quod
1017 3363 1245 3417 exsistat
1276 3355 1604 3434 periculum,
1633 3367 1986 3424 conductitiio

407 3465 516 3518 que
543 3449 760 3518 quidem
811 3450 888 3504 illi
918 3469 965 3503 ιιι
991 3468 1024 3505 ιι
1051 3461 1307 3521 poterunt
1329 3454 1428 3509 soli
1457 3455 1736 3520 resistere,
1765 3467 1986 3512 nostros

414 3548 597 3592 autem
627 3549 757 3593 tunc
790 3539 994 3595 milites
1021 3541 1430 3608 advocabimus,
1459 3553 1514 3596 at
1549 3544 1604 3598 hi
1639 3559 1762 3598 cum
1789 3545 2011 3614 perditi-

412 3641 467 3686 ct
504 3635 739 3686 inermes
769 3644 951 3696 erunt,
994 3648 1093 3690 uec
1150 3633 1330 3688 locum
1383 3635 1434 3687 iu
1472 3636 1717 3690 exercitu
1769 3650 1990 3690 servare

411 3735 688 3793 pcterunt,
719 3725 849 3778 nulli
882 3737 1009 3780 sunt
1041 3726 1198 3782 nobis
1233 3727 1356 3780 usui
1391 3726 1584 3783 futuri.
1631 3727 1817 3799 Neque
1851 3729 1990 3784 mul-

413 3829 526 3872 tum
563 3832 663 3870 nos
697 3830 953 3887 perpetua
991 3819 1250 3888 principis
1281 3835 1406 3874 cum
1433 3822 1661 3877 delectis
1725 3821 1990 3878 militibus

412 3908 480 3962 ad
548 3907 811 3961 Isthmum
871 3909 1058 3974 statio,
1119 3909 1224 3963 nisi
1273 3913 1396 3978 quis
1455 3927 1781 3967 numerosus
1850 3912 1994 3968 adsit

407 4004 706 4068 exercitus,
735 4001 928 4069 juvare
965 4004 1187 4072 poterit.
1249 4004 1531 4074 Siquidem
1584 4007 1687 4059 hoc
1738 4007 1790 4058 in
1841 4014 1988 4060 statu

407 4093 620 4148 sumles
650 4093 715 4147 iis
741 4094 1008 4156 videmur,
1037 4097 1127 4162 qui
1165 4110 1290 4149 cum
1322 4111 1389 4150 ex
1424 4096 1816 4151 iucontiuentia
1848 4111 1994 4150 mor-

408 4184 542 4238 bum
575 4187 971 4254 contraxerint,
999 4203 1218 4258 pravam
1245 4189 1464 4258 quidem
1489 4190 1700 4242 vivendi
1728 4190 1991 4244 rationem

410 4277 607 4328 nolunt
645 4279 916 4343 omittere,
957 4281 1270 4348 pharmac‘is
1305 4291 1486 4335 autem
1531 4283 1856 4351 quibus-lam
1894 4293 1989 4336 aut

410 4367 669 4433 annuit-tis
704 4368 991 4422 sanitatem
1037 4384 1098 4424 se
1148 4381 1568 4439 recuperaturos
1626 4373 1990 4426 arbitrantur.

412 4456 533 4510 Non
565 4459 721 4513 aliter
774 4473 907 4511 sane
957 4460 1012 4513 in
1081 4461 1165 4516 his
1221 4463 1386 4518 rebus
1452 4462 1810 4529 arbitremur,
1878 4465 1989 4520 tale

2158 2156 2225 2214 θ’.
2264 2160 2366 2212 Ἦν
2396 2158 2495 2229 μὲν
2518 2159 2610 2212 οὖν
2641 2157 2727 2227 ἐφ’
2753 2158 2992 2228 ἑκάστης
3022 2157 3208 2220 ἑστίας
3231 2154 3361 2208 ἔνιοι
3385 2152 3644 2222 εἰσηγοῦν

2085 2267 2176 2304 ται
2227 2252 2509 2320 εἰσφορὰν,
2563 2252 2689 2305 ὥστ’
2739 2250 2805 2305 ἂν
2859 2250 3204 2319 ξενοτροφεῖν
3239 2247 3380 2316 ὑπὲρ
3423 2249 3520 2316 τῆς
3565 2243 3661 2298 τοῦ

2099 2343 2318 2413 Ἰσθμοῦ
2355 2345 2618 2413 φρουρᾶς,
2674 2345 2768 2396 καὶ
2807 2343 2949 2412 μέγα
2981 2359 3036 2394 τι
3088 2341 3182 2394 καὶ
3211 2339 3412 2408 σεμνὸν
3462 2337 3666 2390 οῐονται

2085 2435 2521 2503 ἐπινενοηκέναι,
2553 2432 2630 2495 ὡς
2670 2434 2831 2501 μόνον
2881 2433 2949 2486 ἂν
2982 2429 3292 2500 ἐπαρκέσοι)
3339 2430 3452 2497 τοῖς
3486 2429 3660 2496 πράγ·

2090 2543 2247 2596 μασι,
2268 2525 2613 2593 λογιζόμενοι
2637 2524 2763 2576 ὅσον
2791 2523 3298 2594 ἀργυρολογὴσουσι
3323 2519 3662 2588 κυρωθείσης

2088 2617 2156 2672 ἂν
2184 2618 2280 2686 τῆς
2326 2617 2610 2687 εἰσφορᾶς.
2659 2617 2832 2684 γέλως
2879 2615 3069 2684 ἔμοιγε
3117 2616 3284 2677 δοκεῖ,
3321 2616 3368 2666 εί
3415 2611 3658 2680 διαφθεί-

2091 2723 2281 2774 ραντες
2313 2707 2437 2769 τοὺς
2483 2707 2787 2776 ἡμετέρους
2846 2705 3094 2770 πολίτας,
3144 2702 3499 2774 μισθούμενοι
3552 2699 3659 2753 ὑπ’)

2088 2797 2258 2862 ξένων
2303 2799 2399 2851 καὶ
2445 2797 2744 2868 ἀλλοτρίων
2791 2797 3098 2868 ἀνθρώπων
3145 2797 3374 2866 οἰόμεθα
3419 2795 3662 2862 σωθήσε-

2086 2891 2211 2944 σθαι
2248 2891 2382 2959 (12).
2441 2891 2563 2954 Πῶς
2619 2891 2664 2945 δ’
2717 2892 2779 2944 οὐ
2833 2891 3057 2955 τούτους
3107 2891 3444 2960 διαφθείρειν
3489 2888 3656 2953 ἐστὶν,

2086 2984 2218 3037 ὅταν
2256 2985 2353 3038 τοῦ
2390 2983 2487 3055 μὲν
2517 2987 2778 3054 φρουρεῖν
2819 2983 3093 3054 ἀφίωμεν,
3126 2983 3363 3036 τοσαῦτα
3396 2983 3452 3036 δὲ
3485 2983 3660 3051 ἀργυ-

2090 3075 2448 3145 ρολογῶμεν;
2486 3077 2549 3128 Et
2589 3077 2697 3147 γὰρ
2752 3077 2808 3129 αἱ
2840 3075 2935 3130 νῦν
2979 3077 3228 3147 εἰσφοραὶ
3267 3075 3660 3145 διαφθείρουσι,

2093 3167 2184 3218 καὶ
2230 3168 2492 3238 ὲφθόρασί
2522 3184 2587 3237 γε
2614 3169 2716 3239 ἡδη
2770 3169 2820 3222 οἰ
2855 3167 3060 3234 πολλοὶ,
3097 3170 3152 3221 τί
3185 3185 3302 3222 τοτε
3334 3169 3425 3221 καὶ
3465 3163 3660 3236 γένοιντ’

2091 3257 2180 3323 ἄν,
2211 3260 2276 3312 ἄν
2310 3277 2362 3312 τι
2393 3259 2484 3312 καὶ
2523 3259 2796 3330 προστεθῇ
2822 3276 2838 3327 ;

2166 3358 2218 3404 t'.
2257 3351 2490 3406 Ἔπειτα
2526 3352 2590 3406 ἀν
2616 3369 2699 3416 τις
2728 3351 2967 3416 κίνδυνος
3003 3353 3156 3426 ἐπίῃ.
3185 3355 3232 3406 oi
3268 3353 3368 3423 μὲν
3401 3351 3662 3421 μισθωτοὶ

2091 3443 2290 3496 ἐκεῖνοι
2319 3443 2565 3514 δηλονότι
2589 3444 2689 3496 οὐκ
2715 3444 2796 3498 ἔτι
2829 3462 2932 3498 που
2959 3444 3176 3498 ἔσονται
3205 3445 3383 3498 ἱκανοὶ
3412 3443 3659 3513 ἀμύνει-ν

2092 3537 2550 3607 καταφευξόμεθα
2579 3539 2635 3591 δὲ
2660 3537 2754 3591 ἐπὶ
2778 3537 2902 3601 τοὺς
2922 3537 3224 3607 ἡμετέρους
3258 3537 3477 3598 τούτους
3501 3553 3665 3604 στρα-

2064 3629 2314 3704 τιὼτας,
2340 3633 2451 3694 τοῖς
2485 3630 2542 3682 δὲ
2568 3629 2987 3700 διεφθαρμένοις
3023 3631 3118 3684 καὶ
3162 3629 3385 3691 ἀόπλοις
3419 3629 3512 3681 καὶ
3541 3629 3666 3682 seu.

2091 3724 2274 3785 νάτοις
2305 3715 2339 3796 ᾗ
2371 3721 2438 3775 ἂν
2471 3723 2777 3776 τάττωνται
2811 3724 3170 3791 παραμένειν,
3215 3721 3312 3790 οὐχ
3341 3721 3534 3787 ἕξομεν
3559 3722 3666 3788 ὅτῳ

2094 3813 2435 3887 χρησόμεθα.
2503 3815 2578 3868 Ἥ
2632 3832 2692 3868 τε
2741 3814 2837 3868 τοῦ
2893 3814 3041 3869 θείου
3092 3813 3360 3885 ἡγεμόνος
3414 3811 3548 3881 πρὸς
3591 3811 3668 3880 τῷ

2106 3908 2309 3978 ἰσθμῷ
2343 3907 2598 3980 διηνεκὴς
2634 3909 2730 3962 σὺν
2766 3911 2878 3973 τοῖς
2905 3909 3130 3978 λογάσιν
3177 3908 3389 3977 οίκησις
3439 3904 3667 3974 σμικρὸν

2096 4001 2162 4056 ἀν
2197 4017 2302 4054 που
2348 4001 2569 4068 ἀμύνοι,
2611 4005 2684 4068 μή
2717 4018 2861 4063 τινος
2892 4001 3174 4071 παρούσης
3218 3999 3417 4069 πλήθει
3448 3997 3668 4068 ἀξιομά-

2093 4108 2191 4162 χου
2226 4094 2488 4162 στρατιᾶς
2518 4091 2655 4162 (l5).
2691 4091 2770 4145 Τὰ
2799 4093 2908 4162 γὰρ
2934 4091 3158 4145 τοιαῦτα
3189 4107 3280 4161 μοι
3307 4089 3458 4142 δοκεῖ
3487 4089 3668 4158 ὅμοιόν

2095 4201 2150 4237 τι
2181 4184 2327 4254 ἔχειν
2373 4187 2485 4248 τοῖς
2538 4185 2640 4238 ὑπὸ
2674 4183 2972 4254 ἀκρατείας
3027 4184 3125 4253 μὲν
3160 4184 3432 4247 νοσοῦσιν,
3479 4181 3669 4234 ἔπειτα

2094 4275 2304 4345 διαίτης
2341 4275 2440 4346 μὲν
2463 4277 2563 4330 οὐκ
2587 4276 2833 4329 ἐθέλουσι
2854 4277 3099 4342 πονηρᾶς
3125 4275 3358 4346 ἐκϐῆναι
3385 4275 3498 4346 (14)
3520 4290 3535 4306 ο
3563 4274 3669 4326 ὑπὸ

2095 4366 2153 4419 δέ
2184 4383 2347 4420 τινων
2389 4369 2698 4438 φαρμάκων
2727 4369 2760 4436 ἢ
2792 4370 2884 4420 καὶ
2932 4369 3252 4438 περιάπτων
3281 4368 3378 4422 ἐὰν
3421 4385 3504 4430 τις
3535 4383 3670 4434 συμ-

2099 4458 2368 4530 ϐουλεύσῃ
2397 4461 2506 4514 aiat
2536 4460 2604 4514 ἂν
2649 4459 2919 4529 οἰομένοις
2950 4459 3314 4530 σωθήσεσθαι.
3348 4461 3460 4514 Καὶ
3483 4459 3548 4529 δὴ
3579 4459 3671 4512 καὶ

411 4548 576 4602 nobis
633 4548 916 4601 hominum
975 4563 1148 4614 genus
1193 4549 1398 4619 aliquid
1449 4549 1818 4617 profuturum,
1882 4551 1985 4605 nisi

2101 4551 2192 4604 ἐπὶ
2235 4552 2346 4606 τῶν
2404 4551 2530 4622 τῇδε
2564 4553 2905 4622 πραγμάτων
2949 4553 3022 4624 μὴ
3070 4552 3311 4622 οίώμεθα
3361 4553 3466 4605 ὑπό
3511 4571 3672 4606 τινων

415 4657 612 4711 magna
652 4643 898 4711 quaedam
961 4657 1142 4696 rerum
1199 4642 1293 4697 ﬁat
1342 4642 1593 4710 mutatio,
1647 4658 1819 4714 eaque
1873 4659 1996 4713 qua:

417 4735 529 4790 dixi
556 4744 750 4791 cuncta
777 4735 1146 4805 corrigantur.

490 4917 577 4972 Η.
620 4915 675 4970 lu
710 4916 815 4972 hoc
862 4916 1024 4987 igitur
1077 4918 1310 4988 primum
1365 4917 1727 4972 adhibendam
1776 4932 1992 4974 correc-

419 5016 627 5072 tionem
658 5015 768 5082 aio,
798 5031 866 5069 ne
889 5016 1050 5070 iidem
1079 5016 1242 5072 simul
1272 5025 1327 5071 et
1353 5017 1584 5070 militent
1605 5025 1658 5070 et
1681 5016 2003 5072 collationes

421 5109 697 5178 pendant;
731 5110 824 5164 sed
863 5108 1115 5164 bifariam
1146 5110 1338 5166 divisis
1370 5109 1784 5180 Peloponnesiis
1820 5111 1872 5164 in
1903 5108 2003 5164 mi-

429 5199 657 5254 litantes
674 5209 726 5254 et
765 5201 1082 5269 pendentes,
1115 5209 1277 5268 prout
1301 5200 1637 5270 singulorum
1669 5201 1806 5256 feret
1838 5200 2001 5267 ratio;

426 5292 630 5348 milites
663 5291 908 5362 quidem,
946 5302 1143 5360 pra-ter
1175 5288 1319 5362 quod
1361 5302 1524 5348 erunt
1558 5295 1625 5349 ab
1655 5292 1804 5348 omni
1833 5293 2006 5348 colla~

420 5386 572 5439 tione
602 5384 756 5438 liberi
787 5383 995 5454 (desunt
1034 5385 1334 5455 nonnulla),
1353 5400 1460 5442 non
1481 5396 1662 5439 tamen
1696 5387 1769 5439 ita
1802 5399 2000 5455 parvas

501 5567 612 5636 (ll)
656 5564 785 5622 Καὶ.
823 5602 837 5617 .
873 5604 885 5619 .
923 5563 1302 5636 ἐλήλετιιτσι,
1334 5584 1387 5618 κ.
1420 5584 1471 5620 τ.
1499 5568 1550 5621 λ.
1584 5566 1780 5623 Procul
1827 5565 1996 5620 dubio

431 5636 498 5687 de
549 5639 832 5693 iuvasiolle
889 5649 1070 5690 scrmo
1131 5647 1216 5691 est
1271 5638 1473 5697 60.000
1525 5638 1829 5690 Turcarum
1903 5636 1996 5704 qui

432 5704 636 5768 30,000
682 5709 824 5759 bello
853 5713 1042 5769 captos
1084 5707 1206 5759 inde
1253 5708 1304 5758 iu
1341 5709 1657 5760 servitutem
1691 5717 1999 5764 traxerunt.

429 5775 614 5836 (Ionii,
650 5775 695 5829 si
725 5772 918 5845 lubet"
941 5776 1263 5836 Phrantzes,
1289 5777 1778 5845 (lhalcncondyles.

419 5844 430 5935 ὲ
503 5845 617 5916 (t2)
658 5839 1066 5911 Σωθήσεσθαι.
1088 5845 1447 5904 Conductitiis
1475 5839 1706 5903 Plcthun
1742 5846 2006 5905 militibus

713 6420 754 6428 τ,
783 6410 1010 6426 μην..-

715 6433 798 6438 _...__
823 6434 826 6436 η
849 6428 996 6436 Δ.----ν----
1015 6427 1134 6444 τπδ’τ-
1167 6439 1172 6442 _
1193 6441 1212 6444 η
1379 6439 1408 6441 4,
1435 6435 1450 6440 ..
1473 6437 1500 6440 ν.
1577 6437 1590 6439 4
1683 6433 1688 6436 -
2089 6447 2110 6449 ᾉ
2185 6446 2188 6448 γ
2253 6442 2284 6446 __
2319 6440 2330 6442 ν
2387 6440 2396 6443 η.
2441 6440 2454 6441 7
2607 6439 2674 6444 __,

2101 4642 2364 4698 τοιούτων
2405 4642 2626 4696 ἔσεσθαί
2656 4661 2708 4698 τι
2750 4645 2960 4712 δφελος.
3006 4646 3082 4716 μὴ
3133 4646 3376 4716 μεγάλης
3409 4646 3554 4706 τινὸς
3581 4644 3672 4697 καὶ

2106 4734 2390 4804 ἀξιολόγου
2421 4735 2728 4804 μεταϐολῆς
2761 4739 2876 4800 τοῖς
2904 4738 3045 4799 ὅλοις
3071 4739 3386 4806 γινομένης,
3419 4738 3512 4790 καὶ
3544 4736 3673 4790 πάν-

2103 4843 2210 4881 των
2243 4829 2469 4881 ἐκείνων
2505 4823 2692 4898 ὧνπερ
2725 4826 2879 4883 εἷπον
2921 4830 3349 4900 ἐπανορθώσεως
3379 4829 3672 4900 τυχόντων.

2176 4920 2268 4976 ια’.
2304 4923 2529 4992 Πρῶτον
2562 4923 2662 4991 μὲν
2693 4919 2788 4976 οὖν
2816 4923 2994 4976 ἐκεῖνό
3045 4941 3190 4992 φημι
3219 4924 3332 4977 δεῖν
3361 4922 3674 4991 ἐπανορθω-

2101 5015 2223 5068 τέον
2253 5009 2419 5079 εἶναι,
2455 5015 2515 5068 τὸ
2549 5014 2624 5085 μὴ
2656 5016 2782 5079 τοὺς
2810 5015 3008 5078 αὐτοὺς
3052 5012 3191 5068 εἶναι
3219 5015 3346 5076 τοὺς
3379 5029 3674 5084 στρατευο-

2106 5108 2302 5178 μένους
2333 5116 2392 5159 τε
2427 5107 2522 5160 καί
2561 5106 2682 5176 ἅμα
2727 5107 3104 5178 είσφέροντας,
3131 5105 3267 5161 ἀλλά
3311 5105 3432 5174 διχῆ
3463 5104 3675 5174 πρῶτον

2101 5199 2298 5274 διελεῖν
2356 5200 2565 5263 πάντας
2621 5200 3126 5268 Πελοποννησίουςο
3178 5198 3347 5269 χωρὶς
3403 5197 3520 5267 μὲν.
3550 5197 3674 5258 τοὺς

2108 5292 2600 5361 στρατευομένους,
2649 5293 2818 5361 χωρὶς
2850 5290 2908 5344 δὲ
2949 5292 3077 5354 τοὺς
3119 5289 3454 5351 είσοίσοντας
3481 5304 3494 5317 ·
3540 5287 3675 5356 πρὸς

2105 5384 2367 5456 ὁπότερον
2401 5385 2464 5440 ἂν
2505 5385 2730 5438 ἕκαστοι
2764 5382 2964 5454 μᾶλλον
2984 5376 3186 5454 δοκῶσι
3218 5382 3540 5450 πεφυκέναι.
3572 5378 3675 5432 Καὶ

2107 5583 2213 5622 non
2270 5567 2437 5633 favet,
2495 5579 2549 5622 et
2608 5581 2821 5634 revera,
2855 5565 3018 5623 medii
3081 5563 3179 5619 aevi
3231 5563 3456 5619 historia
3516 5571 3678 5630 teste,

2108 5641 2272 5694 rebus
2316 5638 2625 5708 Byzantinis
2662 5637 2860 5708 mirum
2884 5639 2936 5690 in
2963 5636 3182 5690 modum
3206 5634 3519 5708 obtulerunt.

2182 5709 2301 5776 (t5)
2335 5704 2642 5777 Στρατιᾶς.
2684 5706 3099 5776 Peloponnesus
3131 5705 3270 5758 male
3309 5704 3531 5760 defensa
3585 5716 3677 5757 sex

2113 5777 2414 5834 Turcarum
2443 5792 2540 5847 per
2573 5778 2641 5833 45
2675 5777 3188 5847 attnosinvasioues
3216 5784 3438 5847 εἶιναι-»ιιι
3469 5784 3574 5847 est.

2189 5848 2302 5921 (14)
2344 5843 2647 5918 Ἔιίόῆναι.
2681 5845 2799 5904 νιιΙ.
2833 5845 2969 5902 Plat.
2999 5844 3094 5902 lib.
3141 5851 3191 5895 IV
3250 5844 3323 5902 De
3355 5843 3678 5914 Republica.
