4104 6450
347 390 452 453 .«29
1221 381 1323 450 DE
1358 384 1618 444 REBUS
1674 384 2401 482 PELOPONNESIACIS
2444 389 2736 452 ORATIO
2780 393 2823 454 l.
3519 393 3628 460 8:0

343 505 457 567 τοῖς
507 501 606 572 μὲν
661 497 1120 571 στρατευομένοις
1155 496 1294 566 πρὸς
1325 499 1388 549 τὸ
1445 499 1629 568 πάσης
1668 497 1936 569 εἰσφορᾶς
1969 510 2000 565 Α

2110 498 2269 554 Iidem
2301 499 2397 556 sed
2431 500 2633 557 multas
2684 513 2738 556 et
2771 517 2800 556 a
2831 503 3018 560 multis
3064 516 3287 562 exactas
3319 521 3495 576 neque
3539 523 3633 579 pe-

343 593 606 664 ἀφεῖσοαι
637 592 780 664 (15),
834 591 1033 663 μηκέτι
1093 589 1277 658 μέντοι
1329 586 1475 641 οὕτω
1531 590 1674 642 κατά
1729 591 1942 660 σμικρά

2119 593 2206 647 nia
2262 602 2477 648 utentes
2527 595 2655 664 (hoc
2701 597 2849 650 enim
2904 607 3065 666 pacto
3095 599 3251 668 longe
3305 601 3635 658 dillieillimaa

350 688 474 758 μὲν,
523 685 694 756 συχνὰ
742 685 820 750 δέ,
879 684 1004 755 μηδ’
1053 683 1158 735 ὑπὸ
1201 681 1418 735 πολλῶν
1464 682 1938 753 εἰσπραττόμενα,

2115 686 2366 744 llationes
2399 696 2511 740 tum
2543 689 2888 757 exigentibus
2922 701 3032 745 tum
3072 694 3431 760 pendentibus
3461 695 3638 749 (δαεῖεν

357 778 495 850 μηδέ
525 779 823 848 νομίσματι
857 775 1158 846 εἰσφέρειν.
1191 775 1594 828 Χαλεπώταται
1624 773 1732 842 γάρ
1761 773 1942 838 οὕτως

2112 779 2214 847 nt).
2237 779 2329 834 sed
2358 779 2522 833 unius
2541 781 2757 844 quidem
2789 782 3000 850 generis
3032 784 3372 838 collationem
3405 800 3638 855 eamque

355 873 413 926 αἰ
443 870 762 940 εἰσπράξεις
793 867 910 932 ἅμα
957 869 1163 936 ἀμφοῖν
1213 867 1310 919 καὶ
1352 866 1466 928 τοῖς
1504 867 1820 938 εἰσφέρουσι
1851 868 1946 921 καὶ

2110 873 2329 927 ercibus
2387 872 2670 941 pendant,
2727 872 2892 942 idque
2945 876 3037 928 uni
3087 865 3300 931 cuidam
3332 893 3360 932 a
3408 877 3640 948 singulis

355 968 469 1028 τοῖς
497 963 892 1034 εἰσπράττουσι
943 960 1342 1013 καθίστανταιο
1389 958 1526 1014 ἀλλὰ
1564 961 1692 1030 μίαν
1725 961 1826 1031 μὲν
1868 961 1947 1032 τῷ

2110 961 2328 1032 igenti;
2367 962 2527 1014 talem
2580 972 2763 1016 autem
2811 979 2874 1017 ac
2912 972 3161 1031 tantam,
3199 967 3374 1036 qualis
3438 967 3643 1035 pariter

360 1057 490 1110 εῖδει
522 1055 623 1126 τὴν
649 1053 932 1123 εἰσφορὰν,
965 1053 1060 1104 καὶ
1091 1051 1297 1118 ταύτην
1329 1050 1610 1120 χρήμασιν
1644 1052 1944 1122 εἰσφέρειν,

2110 1052 2284 1122 .justa
2325 1053 2396 1106 sit
2430 1065 2478 1107 et
2508 1054 2673 1110 rebus
2703 1066 2994 1110 succurrat
3028 1066 3082 1112 et
3115 1057 3246 1127 ipsis
3278 1057 3646 1128 pendentibus

365 1148 486 1211 ἑνός
512 1147 582 1217 τέ,
603 1163 748 1210 τινος
780 1146 1199 1214 εἰσπράττοντας
1225 1144 1358 1212 παρ’
1379 1143 1656 1225 ἑκάστους
1689 1144 1951 1216 τοιαύτην

2110 1159 2164 1211 )n
2194 1145 2265 1200 sit
2296 1147 2644 1216 gravissima.

295 1251 298 1254 ’
365 1243 421 1296 δὲ
476 1243 568 1295 καὶ
602 1239 964 1312 τηλικαύτην,
1015 1236 1135 1292 οἷαν
1187 1238 1288 1308 τὴν
1322 1239 1494 1309 αὐτὴν
1543 1239 1605 1293 τό
1651 1255 1712 1292 τε
1744 1238 1957 1293 δίκαιον
1994 1239 2115 1308 ἅμα
2163 1237 2332 1304 ἕξειν,
2365 1240 2459 1292 καὶ
2521 1242 2634 1303 τοῖς
2672 1241 2996 1311 πράγμασιν
3041 1241 3392 1312 ἐπαρκέσειεν,
3461 1242 3649 1305 αὐτοῖς

367 1351 429 1388 τε
489 1334 605 1395 τοῖς
663 1333 994 1386 εἰσοίσουσιν
1054 1331 1129 1394 ὡς
1195 1331 1542 1402 κουφοτάτην
1612 1331 1679 1385 ἂν
1741 1331 1964 1385 ἔσεσθαι
1990 1316 2204 1404 φέρειν.

446 1450 532 1522 ιβ’.
569 1450 664 1512 Τίς
718 1448 784 1502 ἂν
829 1448 923 1503 οὖν
953 1449 1186 1519 εἰσφορά
1241 1449 1335 1501 τοῦ
1372 1449 1589 1504 ἅπαντα
1629 1448 1782 1502 ταῦθ’
1843 1448 1963 1518 ἃμα

372 1543 629 1596 δύνασθαι
685 1539 759 1602 ὡς
815 1540 1102 1608 ἐγγυτάτω
1144 1539 1258 1609 εἴη,
1315 1537 1428 1606 ἐγὼ
1476 1539 1650 1608 δήπου
1707 1536 1963 1606 δηλώσω.

375 1635 514 1696 Τοὺς
572 1632 930 1702 γιγνομέκους
985 1631 1097 1685 τῶν
1163 1631 1340 1702 ἔργων
1397 1631 1646 1685 ἑκάστων
1711 1631 1965 1700 καρποὺς

377 1725 526 1792 τρισί
554 1740 696 1791 φημι
734 1725 1034 1793 προσήκειν
1063 1723 1205 1777 κατὰ
1230 1723 1293 1776 τὺ
1323 1722 1536 1777 δίκαιον
1566 1721 1680 1794 (16)
1701 1737 1715 1752 ⁶
1751 1723 1836 1776 ἐνὶ
1865 1722 1965 1790 μὲν

381 1814 534 1884 αὐτῷ
567 1813 644 1884 τῷ
669 1813 779 1867 τῶν
803 1814 980 1886 ἔργων
1003 1815 1232 1889 ἐργάτῃ,
1260 1813 1508 1884 δευτέρῳ
1533 1814 1592 1868 δὲ
1621 1813 1700 1882 τῷ
1733 1815 1800 1868 τὰ
1830 1814 1964 1885 τέλη

2149 1450 2239 1504 19..
2275 1447 2394 1504 Jnm
2430 1465 2552 1520 quae
2605 1451 2825 1506 collatio
2874 1452 3035 1506 simul
3086 1440 3198 1506 fere
3227 1451 3654 1521 comprehendat

2071 1543 2188 1598 haec
2217 1543 2424 1608 omnia,
2461 1559 2640 1599 meum
2673 1555 2755 1599 cst
2786 1545 3098 1598 ostendere.
3138 1543 3373 1614 Operum
3408 1545 3654 1598 omnium

2073 1636 2285 1691 fructus
2333 1635 2514 1700 tribus
2568 1638 2654 1691 aio
2720 1639 3068 1706 potissimum
3129 1637 3366 1703 deberif;
3421 1637 3656 1706 primum

2072 1726 2206 1797 ipsis
2233 1728 2439 1797 operis,
2470 1728 2668 1783 deinde
2703 1728 2778 1782 illi
2809 1729 2902 1798 qui
2933 1736 3182 1797 sumptus
3211 1729 3362 1792 facit,
3412 1735 3526 1783 tum
3567 1727 3659 1798 qui

2075 1821 2426 1874 securitatem
2459 1818 2733 1873 universis
2767 1828 3013 1889 praestat.
3036 1820 3217 1888 Atque
3245 1834 3424 1888 operae
3441 1818 3661 1890 quidem

2077 1921 2376 1968 censentur
2411 1923 2683 1978 aratores,
2749 1911 3026 1976 fossores,
3080 1922 3368 1982 pastores:
3405 1917 3666 1977 sumptus

2076 2011 2258 2058 autem
2313 2004 2366 2058 in
2424 2005 2639 2070 bobus,
2679 2004 2852 2058 vineis
2884 2044 2898 2065 .
2959 2003 3248 2072 armentis,
3296 2019 3358 2058 ac
3393 2003 3668 2057 similibus

2083 2097 2396 2153 consistunt
2431 2115 2446 2152 :
2481 2097 2830 2152 securitatem
2861 2096 3094 2165 denique
3116 2097 3386 2151 universis
3411 2103 3670 2166 praestant

2080 2189 2280 2244 milites
2327 2197 2382 2243 et
2415 2189 2694 2258 praefecti,
2729 2190 2932 2260 quique
2973 2189 3067 2244 alii
3131 2189 3268 2244 alias
3311 2189 3448 2257 reip.
3486 2197 3670 2256 partes

2083 2290 2320 2348 curant,
2351 2282 2676 2352 singuiaque
2721 2293 2834 2338 tum
2863 2298 3028 2353 parva
3065 2291 3179 2336 tum
3215 2296 3410 2352 magna
3441 2295 3668 2336 conscr-

2082 2382 2230 2436 vant.
2260 2385 2313 2429 et
2337 2377 2645 2444 praecipuus
2678 2391 2797 2441 rex,
2819 2376 3078 2430 omnibus
3110 2375 3411 2444 imperans,
3445 2373 3664 2427 omnia-

2085 2480 2190 2535 que
2227 2467 2545 2538 gubernans
2575 2477 2630 2521 et
2662 2482 3023 2523 conservans.
3050 2467 3106 2522 Si
3133 2465 3278 2536 quod
3309 2468 3455 2521 enim
3479 2465 3674 2519 borum

2090 2557 2259 2624 desit,
2318 2558 2530 2628 reliqua
2557 2559 2772 2636 nullius
2811 2561 3071 2613 momenti
3105 2567 3236 2614 sunt
3285 2557 3466 2612 futura
3496 2573 3511 2610 :
3546 2571 3674 2611 cum

2092 2656 2149 2703 et
2181 2663 2377 2718 operas
2423 2650 2659 2722 primum
2692 2659 2945 2721 oporteat
2975 2659 3294 2720 suppetere,
3336 2656 3391 2702 et
3422 2657 3680 2716 sumptus

380 1909 826 1978 συνεκπορίζοντι
857 1910 968 1972 τοῖς
999 1908 1204 1980 ἔργοις,
1235 1909 1331 1962 καὶ
1355 1908 1525 1979 τρίτῳ
1555 1907 1632 1976 τῷ
1663 1907 1761 1978 τὴν
1791 1908 1970 1978 ἀσφά-

377 2000 530 2052 λειαν
559 2001 672 2061 τοῖς
707 1999 848 2061 ὅλοις
901 1999 1401 2070 παρασκευάζοντι.
1452 1999 1716 2069 Ἐργάται
1745 1998 1864 2066 ’μὲν
1895 1998 1964 2068 δὴ

381 2094 678 2164 ἀροτῆρες,
706 2093 1047 2164 σκαπτῆρες,
1081 2095 1268 2163 νομεῖς
1294 2109 1309 2125 ⁸
1351 2095 1482 2164 τέλη
1514 2093 1572 2146 δὲ
1610 2093 1824 2146 τούτων
1853 2095 1968 2157 τοῖς

384 2184 568 2253 ἔργοις
619 2184 764 2254 βόες,
798 2183 1149 2254 ἀμπελῶνες,
1182 2183 1530 2254 βοσκήματα,
1563 2183 1617 2236 εἰ
1656 2183 1716 2237 τέ
1744 2197 1799 2235 τι
1839 2180 1972 2236 ἄλλο

385 2275 494 2328 τῶν
545 2275 981 2346 τοιουτοτρόπων
1007 2293 1024 2311 ο
1069 2277 1118 2329 οἰ
1171 2275 1228 2330 δὲ
1265 2275 1330 2345 δὴ
1375 2275 1474 2344 τὴν
1516 2273 1822 2344 ἀσφάλειαν
1858 2291 1972 2326 πα-

395 2368 831 2438 ρασκευάζοντες
884 2371 999 2433 τοῖς
1048 2369 1216 2434 ὅλοις,
1267 2369 1318 2421 οἰ
1379 2368 1823 2438 στρατευόμενοι,
1875 2368 1971 2421 καὶ

393 2461 904 2532 προκινδυνεύοντες
953 2461 1069 2515 τῶν
1098 2462 1260 2527 ὅλων,
1293 2461 1347 2515 οἵ
1385 2479 1444 2514 τε
1483 2461 1751 2531 ἄρχοντές
1788 2477 1848 2513 τε
1879 2459 1976 2513 καὶ

396 2553 822 2620 δπιστατοῦντες
855 2553 1006 2609 ἄλλοι
1037 2554 1220 2616 ἄλλοις
1250 2553 1360 2606 τῶν
1401 2553 1621 2620 κοινῶν,
1656 2554 1750 2606 καὶ
1779 2551 1981 2616 σῶζον-

395 2664 486 2711 τες
515 2648 726 2703 ἕκαστα
765 2649 859 2701 καὶ
894 2646 1068 2718 μείζω
1100 2647 1195 2700 καὶ⁹
1238 2646 1468 2705 ἐλάττω.
1505 2643 1762 2714 βασιλεύς
1795 2662 1855 2696 τε
1887 2661 1983 2697 κοο

399 2743 628 2809 ρυφαῖος
659 2739 865 2794 ἅπασιν
910 2739 1223 2792 ἐπιστατῶν
1270 2739 1364 2791 καὶ
1398 2736 1581 2790 πάντα
1625 2735 1982 2791 κατευθύνων

2110 2741 2355 2811 )peribus
2389 2743 2615 2812 praeberi
2653 2752 2706 2798 et
2735 2743 2896 2799 simul
2922 2743 3201 2809 custodes,
3235 2749 3408 2797 utres
3439 2740 3676 2810 alicujus

400 2850 459 2886 τε
491 2836 586 2887 καὶ
620 2834 830 2898 σώζων.
863 2834 934 2887 Ὅ
973 2851 1025 2886 τι
1050 2835 1158 2900 γὰρ
1189 2832 1255 2886 ἂν
1289 2831 1495 2884 τούτων
1522 2830 1660 2901 ἀπῇ,
1693 2829 1848 2882 οὐδὲν
1874 2829 1985 2884 τῶν

2110 2835 2166 2888 sit
2201 2833 2379 2904 pretii,
2413 2835 2631 2890 adesse.

400 2927 609 2980 λοιπῶν
637 2927 758 2994 δφε)
771 2945 852 2990 ος·
885 2926 1022 2980 ἀλλὰ
1052 2925 1179 2988 τούς
1208 2942 1265 2979 τε
1298 2925 1702 2995 ἐργασομένους
1723 2924 1806 2977 δεῖ
1830 2925 2050 2993 πρῶτον
2084 2925 2375 2998 ὑπάρχειν,
2408 2928 2540 2999 τέλη
2606 2945 2666 2982 τε
2738 2927 2878 2983 ἄττα
2942 2929 3091 2998 σφῶν
3142 2931 3252 2993 τοῖς
3301 2929 3485 3001 ἔργοις
3551 2944 3655 2980 πα-

407 3025 604 3093 ρεῖναι,
640 3020 736 3073 καὶ
764 3021 880 3087 ἃμα
908 3019 1034 3081 τοὺς
1065 3017 1430 3087 φυλάξοντας,
1464 3018 1514 3070 εἰ
1562 3017 1750 3086 μέλλοι
1781 3035 1834 3071 τι
1863 3017 2061 3088 ὄφελος
2086 3018 2332 3076 ἔσεσθαι.

480 3153 570 3216 ιγ’.
603 3147 701 3200 Διά
737 3145 911 3199 ταῦτα
954 3143 1138 3197 τοίνυν
1170 3142 1267 3195 καὶ
1295 3142 1458 3211 τριχῆ
1505 3155 1650 3210 φημι
1699 3138 1813 3192 δεῖν
1847 3155 1999 3193 νενε-

2177 3139 2268 3194 15.
2301 3137 2645 3210 Quapropter
2691 3138 2855 3194 etiam
2903 3152 3130 3206 operum
3169 3137 3414 3192 omnium
3471 3135 3683 3189 fructus

411 3240 616 3313 μ’ἠσοαι
647 3239 775 3300 τοὺς
802 3235 1164 3304 γιγνομένους
1211 3234 1466 3296 ἑκάστοις
1493 3232 1606 3285 τῶν
1635 3230 1814 3300 ἔργων
1856 3247 1993 3301 καρο

2111 3230 2382 3288 trifariam
2414 3235 2502 3286 aio
2523 3231 2690 3286 dividi
2724 3231 2946 3295 debere,
2968 3232 3085 3287 sive
3113 3230 3391 3284 frumento
3415 3237 3690 3292 constent,

411 3333 575 3396 ποὺς,
609 3333 721 3386 εἴτε
759 3331 906 3392 σῖτος
949 3325 1085 3393 εἷεν,
1117 3330 1228 3381 εἴτε
1275 3323 1438 3389 οἶνος,
1491 3326 1604 3379 εἴτε
1649 3325 1852 3385 ἔλαιον.
1886 3326 1998 3380 εἴτε

415 3423 749 3495 βαμὸἇκινα,
795 3420 874 3473 ἔτι
904 3437 961 3473 τε
1015 3418 1380 3488 βοσκημάτων
1406 3417 1579 3479 τόκοι,
1627 3416 1790 3484 γάλα,
1831 3413 2001 3486 ἔριον,

417 3518 525 3569 εἴτε
552 3531 605 3567 τι
637 3513 767 3568 ἄλλο
791 3511 1181 3583 παραπλήσιον
1202 3525 1216 3538 ο
1243 3506 1612 3578 λογιζομένων
1636 3505 1748 3560 τῶν
1771 3505 2004 3575 καρπῶν

419 3607 687 3677 ἀροτῆρσι
726 3605 828 3672 μὲν
881 3601 1022 3672 μετά
1063 3600 1289 3670 τὴντῶν
1338 3599 1666 3668 σπερμάτων
1709 3597 2002 3667 ἐξαίρεσιν,

418 3699 584 3768 κομεῦ
594 3716 644 3751 σι
665 3697 720 3751 δὲ
743 3697 883 3766 μετὰ.
903 3696 1002 3766 τὴν
1022 3693 1130 3748 τῶν
1151 3692 1396 3762 ἀρχαίων
1413 3689 1698 3744 ἀποκατάσ
1709 3705 1882 3742 τασινο
1911 3689 2006 3740 καὶ

425 3795 558 3862 μίαν
616 3792 714 3862 μὲν
745 3789 892 3860 αὑτῷ
923 3787 1000 3858 τῷ
1037 3787 1245 3860 ἐργάτῃ
1277 3783 1606 3853 γεγενῆσθαι
1643 3786 1858 3852 μοῖραν,
1884 3783 2005 3835 δευ-

424 3888 591 3956 τέραν
618 3903 676 3938 τε
709 3886 824 3947 τοῖς
853 3882 1058 3944 τέλεσι,
1089 3881 1191 3949 τὴν
1229 3879 1417 3948 τρίτην
1448 3877 1506 3930 δὲ
1533 3870 1599 3929 αὖ
1633 3875 1710 3946 τῷ
1739 3875 2006 3945 δημοσίῳ.

426 3980 534 4032 Τὸν
596 3978 696 4048 μὲν
724 3971 819 4031 οὖν
864 3974 1090 4036 οἰκείοις
1138 3969 1510 4042 ἐργαζόμενον
1557 3967 1790 4030 τέλεσιν,
1820 3965 2014 4037 ἔχοντα

426 4074 525 4134 τὰς
552 4071 647 4126 δύο
681 4073 897 4140 μοίρας,
925 4067 1026 4138 τὴν
1057 4065 1252 4138 τρίτην
1279 4062 1359 4134 τῷ
1390 4063 1638 4133 δημοσίῳ
1670 4059 1974 4129 ἀποφέρειν
1995 4071 2010 4086 ·

429 4166 522 4220 τὸν
567 4165 612 4219 δ’
659 4161 730 4218 αὖ
785 4161 940 4232 παρὰ
967 4159 1076 4214 τῶν
1118 4159 1212 4211 ἐπὶ
1265 4157 1332 4226 τῇ
1385 4153 1623 4224 δημοσία
1655 4150 2016 4220 τεταγμένων

432 4257 847 4328 ἐκλαμϐάνοντα
870 4255 940 4309 τὰ
980 4253 1132 4322 τέλη,
1164 4249 1328 4303 αὑτὸν
1367 4249 1460 4301 ἐπὶ
1492 4248 1558 4317 τῇ
1595 4245 1756 4317 τρίτῃ
1784 4243 2014 4315 ἐργάζε-

436 4355 581 4416 σθαι,
614 4350 646 4412 ἢ
673 4350 726 4402 εἴ
752 4365 869 4411 πως
901 4346 968 4401 ἂν
1006 4343 1182 4405 ἄλλως
1209 4342 1362 4412 κοινῇ
1395 4337 1794 4407 συμϐαίνοντες
1822 4335 2018 4389 τούτου

435 4444 533 4500 τοῦ
563 4443 776 4497 δικαίου
815 4440 891 4510 μὴ
924 4437 1059 4491 πολύ
1090 4451 1176 4489 τοι
1221 4431 1604 4487 ἀπολείποιντο
1627 4445 1644 4462 ο
1682 4428 1775 4482 τὸν
1815 4426 1872 4481 δέ
1903 4441 2020 4480 κοι-

390 4557 417 4591 .~
437 4543 546 4602 νοῖς
580 4534 949 4609 ἐργαζόμενον
979 4531 1093 4594 τοῖς
1136 4528 1350 4582 τέλεσιν
1379 4526 1469 4578 ἐπὶ
1501 4526 1567 4595 τῇ
1606 4523 1836 4594 ἡμισείᾳ
1858 4519 2026 4592 ἐργά-

439 4632 651 4698 ζεσθαι.
699 4629 861 4682 ¹’Λλλο
891 4626 948 4680 δέ
981 4622 1106 4696 μηδ’
1131 4620 1312 4677 ότιοῦν
1343 4619 1520 4673 τελεῖν
1550 4616 1761 4671 τούτων
1791 4614 2023 4686 μηδένα,

441 4726 470 4779 ὃ
498 4740 554 4776 τι
585 4723 649 4792 δὴ
680 4719 832 4785 ἄξιον
854 4717 1038 4785 λόγου.
1068 4714 1211 4778 Τοὺς
1241 4712 1300 4766 δὲ
1329 4711 1538 4778 ταύτην
1567 4706 1904 4768 εἰσοίσοντας
1925 4705 2027 4774 τὴν

444 4813 709 4884 εἰσφορὰν
737 4809 992 4865 καλέσειε
1029 4806 1127 4877 (al.
1150 4801 1455 4872 κελεύσειε)
1479 4801 1580 4871 μὲν
1613 4800 1679 4854 ἀν
1713 4815 1796 4862 τις
1826 4797 2028 4850 οὑτωσὶ

445 4907 688 4967 Εἵλωτας
717 4903 852 4972 (l7),
886 4901 975 4955 διὰ
1001 4901 1060 4953 τὸ
1083 4897 1416 4968 ἀφειμένους
1453 4894 1555 4962 τῆς
1600 4890 1892 4961 στρατείας
1939 4889 2032 4942 ἐπὶ

446 5003 507 5054 τδ
546 4999 822 5068 εἰσφέρειν
853 4992 1116 5062 τετάχθαι
1138 5005 1154 5020 ⁸
1188 4988 1442 5058 νομίζειν
1470 4985 1526 5039 δὲ
1557 4984 1755 5055 χρῆναι
1794 4981 2030 5063 κοινοὺς,

447 5091 669 5155 τούτους
697 5088 955 5159 τροφέας,
1011 5083 1110 5137 καὶ
1171 5079 1339 5152 μηδὲν
1378 5077 1544 5130 πλέον
1594 5075 1734 5146 μήτε
1771 5071 2032 5140 εἰσπράτ-

450 5202 564 5237 τειν
621 5184 772 5252 παρά
813 5179 1024 5249 ταύτην
1076 5193 1180 5246 την
1222 5173 1509 5242 εἰσφορὰν,
1547 5170 1672 5240 μηδ’
1703 5169 1845 5235 ὑπὲρ
1892 5165 2036 5228 ἐνὸς,

456 5277 593 5342 μήτε
642 5273 908 5339 ἀγγάρίις
968 5267 1168 5331 ἐξεῖναι
1219 5261 1456 5333 χρῆσθαι
1517 5260 1728 5330 μηδενὶ,
1786 5256 1902 5311 ἀλλ’
1959 5255 2036 5318 ὡς

457 5369 696 5435 pilenta.
726 5365 1011 5434 περιέπειν
1036 5357 1145 5411 οὐδ’
1194 5353 1374 5409 ὁτιοῦν
1413 5351 1868 5422 ἀδικησομένους.

531 5574 644 5642 (ιδ)
695 5566 1016 5639 Ἅφεῖσθαι.
1035 5563 1311 5642 Lacunam
1330 5574 1367 5642 ra
1391 5557 2032 5642 Cantero‘ohscrvatam.

461 5628 588 5715 quia
629 5628 687 5695 in
738 5628 840 5694 :its.
873 5651 1090 5706 quoque
1124 5634 1366 5688 Floreut.
1403 5628 1685 5693 subsistit,
1713 5641 1912 5682 sanare
1945 5641 2034 5680 su-

461 5718 838 5785 jetsedemns.
998 5775 1062 5785 Μ
1137 5751 1191 5785 ﬂ:

537 5783 935 5854 (tiquitatem
1137 5773 1274 5829 Plut.
1348 5772 1420 5828 De
1476 5772 1576 5841 leg.
1629 5770 1723 5826 lib.
1789 5783 1924 5834 vtu,
1984 5773 2037 5822 ct

463 5845 689 5908 Ariston.
738 5849 893 5902 cum.
931 5860 967 5899 ι.
1013 5845 1123 5898 vu.

2110 3322 2227 3378 sive
2259 3321 2410 3386 vino,
2443 3322 2564 3376 sive
2595 3323 2735 3386 oleo,
2773 3322 2888 3377 sive
2920 3321 3290 3392 bombycinis,
3327 3321 3442 3376 sive
3480 3335 3699 3373 armen-

2107 3423 2288 3469 torum
2329 3414 2467 3479 fetu,
2508 3415 2670 3478 lacte,
2728 3414 2850 3469 lana
2899 3413 3018 3468 sive
3067 3428 3176 3484 qua
3221 3399 3451 3479 realia;
3485 3411 3701 3467 consti-

2107 3509 2246 3562 tutis
2269 3506 2476 3562 aratori
2511 3507 2734 3577 quidem
2771 3505 3046 3561 fructibus
3073 3514 3198 3574 post
3234 3504 3459 3560 seminis
3500 3502 3703 3558 collec-

2110 3603 2341 3664 tionem,
2406 3599 2616 3669 pasturi
2651 3613 2782 3653 vero
2815 3607 2940 3668 post
2974 3598 3378 3654 restitutionem
3406 3595 3702 3664 priorum':

2117 3689 2303 3758 itaque
2337 3697 2544 3758 partem
2586 3689 2808 3760 quidem
2847 3705 3007 3743 unam
3043 3686 3206 3741 tribui
3244 3686 3446 3752 Operis,
3474 3685 3700 3739 alteram

2112 3793 2248 3832 vero
2302 3778 2616 3848 sumptibus
2645 3817 2660 3842 ,
2699 3779 2916 3832 tertiam
2960 3777 3204 3846 denique
3259 3774 3611 3844 reipublieze,
3646 3779 3706 3826 et
3764 3825 3770 3827 ,

2114 3885 2240 3924 eum
2300 3872 2546 3939 quidem,
2584 3871 2678 3940 qui
2732 3872 2846 3925 suis
2879 3871 3090 3924 laboret
3123 3868 3456 3938 sumptibus,
3489 3865 3709 3920 duabus

2117 3961 2392 4017 fruentem
2427 3965 2696 4032 partibus,
2727 3963 2942 4016 tertiam
2977 3961 3114 4032 reip.
3142 3970 3404 4030 prmstarc
3433 3974 3447 4014 :
3478 3956 3566 4013 cui
3610 3971 3710 4011 att-

2119 4065 2224 4112 tem
2249 4072 2279 4111 a
2313 4057 2629 4125 reipublicae
2657 4054 2933 4126 praefectis
2972 4067 3223 4124 sumptus
3267 4051 3709 4122 suppeditentur,

2121 4149 2281 4204 tertia
2317 4159 2472 4218 parte
2519 4156 2838 4203 contentum
2877 4161 3020 4210 esse,
3071 4157 3166 4201 aut
3196 4145 3242 4200 si
3285 4158 3395 4215 quo
3439 4143 3582 4198 inter
3611 4156 3711 4196 eos

2123 4242 2234 4298 alio
2289 4249 2468 4312 pacto,
2506 4241 2651 4311 quod
2688 4240 2757 4295 ab
2787 4239 2890 4294 hac
2923 4237 3182 4309 aequitate
3211 4251 3318 4292 non
3367 4234 3597 4290 multum
3628 4247 3716 4304 re-

2125 4336 2306 4398 cedat,
2339 4333 2662 4389 cenvenerit
2693 4333 2820 4402 :qui
2861 4345 2994 4384 vero
3022 4327 3409 4384 communibus
3458 4331 3720 4396 operetur

2135 4427 2426 4499 impensis,
2457 4427 2682 4481 alteram
2719 4433 2931 4494 partem
2965 4421 3205 4488 auferre,
3225 4419 3370 4475 aliud
3394 4433 3556 4489 porro
3579 4415 3720 4472 nihil

2134 4519 2332 4574 borum
2358 4531 2694 4587 quemquam
2737 4513 3012 4580 conferre,
3037 4513 3182 4585 quod
3229 4513 3299 4568 sit
3325 4511 3558 4582 alicujus
3580 4525 3722 4580 pon-

2135 4611 2308 4666 deris.
2362 4608 2464 4676 Qui
2527 4623 2690 4674 porro
2756 4617 2888 4664 sunt
2939 4607 3054 4662 haec
3106 4605 3384 4670 collaturi,
3457 4617 3554 4658 eos
3611 4615 3723 4655 non

2143 4701 2340 4772 injuria
2389 4701 2612 4771 quidem
2652 4698 2860 4754 llilotas
2921 4697 3044 4769 quis
3081 4695 3724 4766 nuncupat'it,quontam

2143 4803 2406 4848 vacantes
2434 4790 2654 4856 militia,
2676 4789 2956 4846 eollationi
2986 4786 3358 4852 destinentur;
3414 4798 3513 4854 pro
3542 4780 3726 4852 publi-

2142 4885 2224 4940 cis
2274 4893 2453 4938 tamen
2519 4897 2616 4938 eos
2673 4879 2964 4936 conveniet
3010 4878 3215 4933 habere
3241 4873 3516 4940 nutriciis,
3551 4886 3732 4941 neque

2143 4982 2224 5031 vel
2255 4982 2450 5046 praeter
2474 4973 2817 5030 collationem
2848 4970 2991 5025 hanc
3029 4969 3100 5024 ab
3140 4968 3250 5022 illis
3282 4965 3581 5036 quidquam
3610 4963 3730 5018 exi-

2145 5084 2270 5138 gere
2302 5067 2384 5122 vel
2407 5065 2642 5135 amplius
2675 5077 2838 5134 quam
2878 5059 3071 5123 semel,
3112 5070 3215 5112 nec
3258 5055 3424 5110 ullam
3471 5049 3746 5122 cuiquam'

2147 5161 2252 5214 vim
2289 5158 2535 5222 inferre,
2591 5169 2780 5210 verum
2838 5153 2975 5208 citra
3035 5163 3253 5206 omnem
3307 5147 3430 5203 illos
3470 5144 3732 5216 injuriam

2146 5251 2558 5324 diligentissime
2581 5247 2783 5303 fovere.

2228 5554 2342 5625 (l7)
2387 5551 2678 5625 Εἵλωτας.
2725 5545 2801 5625 l_)e
2823 5538 3270 5625 hocLset‘vitntis
3305 5549 3502 5625 genere
3529 5541 3738 5625 uitrum

2151 5611 2356 5681 bonum
2382 5637 2448 5676 an
2481 5611 2684 5674 malum
2709 5617 2799 5681 sit,
2834 5611 3068 5667 multum
3133 5613 3186 5681 in
3219 5619 3505 5681 utramque
3529 5613 3738 5681 partem

2149 5674 2498 5766 Hispaniam
2531 5674 3034 5766 ant_it_jui.'t_3l.-Pl_at
3064 5682 3135 5766 ρε
3170 5679 3302 5751 leg.,
3332 5679 3370 5732 l.
3407 5674 3496 5743 γι,
3532 5674 3738 5731 Vlléroo

2147 5751 2260 5822 dot'.
2295 5761 2383 5830 IX,
2409 5761 2500 5826 τε,
2533 5771 2586 5814 ct
2609 5751 2855 5829 Tliucyd.
2898 5754 2931 5810 Ι.
2963 5751 3052 5820 IV,
3079 5753 3132 5808 8.
