4104 6398
420 373 533 438 837

1271 381 1376 445 DE
1418 378 1674 444 ΗΕΒυὸ
1709 377 2431 441 FELOPONNESIACES
2471 380 2764 443 ORATIO
2799 382 2851 443 Ι.

3598 385 3705 448 838

499 491 608 544 κα’.
651 486 815 548 Ἴσως
874 487 923 542 δ’
974 469 1087 544 οὐδ’
1127 487 1307 542 ἐκεῖνο
1359 486 1643 561 παριτέον,
1696 487 1759 540 τό
1811 503 1876 554 γε
1925 483 2021 539 τοῦ

2194 487 2284 542 21.
2312 485 2432 543 Jam
2473 502 2574 543 nec
2605 488 2740 543 illud
2772 499 2856 546 est
2881 490 3268 558 omittendum,
3305 500 3535 546 monetm
3565 491 3707 546 ditii-

425 578 763 651 νομίσματος
794 579 996 636 ἄτοπον
1019 580 1097 645 ὡς
1128 580 1469 652 διορθωτέον.
1504 580 1723 650 Σφόδρα
1760 579 1871 651 γάρ
1902 594 2010 635 που

427 670 647 739 εὔηθες,
675 674 789 737 τοῖς
817 671 1048 738 ξενικοῖς
1076 672 1287 735 τούτοις
1316 672 1415 726 καὶ
1447 671 1565 743 ἅμα
1592 671 1850 742 πονηροῖς
1880 670 2010 741 χαλ-

434 763 607 826 xeiet;
626 764 944 834 χρωμένους
976 763 1116 835 (27),
1150 763 1329 827 ἄλλοις
1359 763 1459 833 μὲν
1497 761 1690 834 κέρδος
1717 778 1772 815 τι
1799 759 2010 831 φέρειν,

438 856 572 924 ἡμῖν
626 856 671 909 δ’
706 856 891 918 αὐτοῖς
917 856 1086 910 πολὺν
1133 856 1228 911 τδν
1272 856 1617 926 κατάγελων.
1656 853 1820 908 Ἀλλὰ
1873 855 2012 924 πρὶς

439 949 539 1017 μὲν
556 949 656 1020 τὴν
685 948 877 1002 τούτου
893 948 1270 1020 ἐπανόρθωσιν
1293 948 1396 1003 κᾶν
1428 950 1462 1019 ἡ
1491 947 1580 1019 ὑφ’
1603 948 1762 1017 ἡμῶν
1786 963 2012 1018 προεισ-

428 1040 768 1110 ενηνεγμένη
820 1040 1008 1106 ἐκείνη
1037 1039 1243 1109 ξγνώμη
1291 1038 1354 1093 οὗ
1406 1039 1642 1110 σμικρόν
1682 1057 1737 1091 τι
1799 1036 2012 1107 συμϐά-

426 1131 594 1187 λοιτο.
643 1131 719 1185 Τὸ
750 1130 861 1204 γὰρ
893 1130 1021 1196 τούς
1064 1148 1126 1185 τε
1174 1132 1510 1208 εἰσοίσοντας
1547 1131 1830 1200 χρήματα,
1873 1128 2013 1183 ἀλλὰ

427 1226 504 1298 μὴ
535 1228 782 1298 νόμισμα
831 1227 1127 1299 εἰσφέρειν,
1159 1225 1288 1291 τούς
1320 1243 1381 1280 τε
1423 1225 1488 1279 ἐκ
1515 1225 1626 1279 τῶν
1670 1222 1866 1278 κοινῶν
1908 1224 2011 1294 λη-

425 1319 702 1389 ψομένους
747 1318 1014 1383 ὡσαύτως
1054 1318 1381 1390 λαμϐάνειν,
1420 1319 1567 1387 μέγα
1597 1334 1650 1370 τι
1699 1316 1834 1389 πρὸς
1862 1314 2010 1369 τοῦτ’

426 1410 494 1466 ἂν
520 1410 693 1477 δόξειε
725 1410 1156 1480 συμϐάλλεσθαι.
1182 1410 1381 1481 Σχεδὸν
1414 1408 1524 1481 γὰρ
1550 1406 1716 1481 ἧττόν
1743 1425 1796 1462 τι
1822 1407 1890 1463 ἂν
1920 1425 2011 1462 νο·

431 1503 706 1574 μίσματος
754 1505 887 1571 δέοι,
929 1503 1069 1576 πρὸς
1119 1503 1174 1557 δέ
1217 1505 1318 1567 τὰς
1363 1503 1487 1558 καθ’
1513 1503 1727 1575 ἡμέραν
1766 1501 2010 1569 ἀλλαγὰς

427 1596 651 1666 ἐξαρκοῖ
693 1596 760 1651 ἂν
794 1597 890 1652 καὶ
921 1597 984 1652 τὸ
1030 1597 1196 1667 τυχὸν
1228 1597 1509 1668 νομισθὲν.
1557 1597 1769 1661 Ἄλλως
1807 1596 1864 1651 δέ
1911 1598 2010 1649 καὶ

425 1684 819 1758 Πελοποννήσῳ
861 1686 1077 1750 οὐδενὸς
1123 1688 1270 1743 πάνυ
1301 1703 1386 1740 τοι
1419 1687 1666 1759 τοιούτου
1719 1686 1832 1740 δεῖν
1860 1686 2011 1739 δοκεῖ
2078 1680 2085 1685 ’

423 1776 781 1848 νομίσματος,
805 1780 834 1832 ὅ
865 1796 1007 1834 τισιν
1031 1779 1213 1843 ἄλλοις
1243 1778 1552 1851 ἀνθρώποις
1579 1778 1734 1834 ἔσται
1765 1779 2009 1848 ἔντιμον.

424 1869 620 1938 Σχεδὸν
647 1871 758 1941 γὰρ
801 1871 912 1926 οὐδ’
941 1871 1165 1926 ὁτουοῦν
1212 1871 1322 1927 τῶν
1350 1850 1570 1938 ἔξωθεν
1618 1872 2010 1943 εἰσαγωγίμων
2043 1850 2086 1909 Β

422 1964 572 2019 δοκεῖ
615 1958 826 2019 δεῖσθαι
858 1966 890 2035 ἠ
933 1964 1109 2036 χώρα,
1139 1964 1278 2020 ὥστε
1324 1966 1421 2019 τοῦ
1465 1966 1557 2020 καὶ
1586 1965 1831 2020 τοιούτου
1859 1966 2014 2036 νομε-

427 2072 637 2126 σματος
659 2056 791 2117 δεῖν.
818 2057 961 2127 πλὴν
992 2056 1218 2128 σιδήρου
1249 2057 1341 2111 καὶ
1362 2058 1549 2111 ὅπλων
1573 2074 1589 2089 ο
1618 2057 1792 2112 ταῦτα
1820 2058 1877 2112 δὲ
1902 2059 2012 2111 τῶν

425 2146 783 2217 βαμϐυκίνων
809 2140 1016 2201 τούτων
1045 2147 1228 2220 ῥᾴδιον
1255 2147 1638 2202 ἀλλάττεσθαι.
1674 2148 1828 2202 Ὥστ⁹
1858 2148 2013 2203 οὐδὲν

424 2240 491 2295 ἂν
521 2234 661 2294 εἶναι
689 2240 889 2311 βλάϐος
921 2242 1225 2312 ἀτιμάσασι
1251 2240 1313 2294 τδ
1341 2240 1555 2308 ξενικὸν
1583 2241 1732 2297 τουτὶ
1769 2243 2011 2313 νόμισμα

426 2329 521 2384 καὶ
549 2331 809 2402 πονηρόν.

496 2419 601 2493 κβ’.
629 2421 753 2477 Τῶν
778 2423 889 2495 γὰρ
913 2423 1145 2490 ξενικῶν
1171 2423 1379 2479 τούτων
1411 2424 1654 2497 ἐσθήτων
1688 2426 1856 2496 πολλὴ
1884 2428 2011 2483 ἀλο-

427 2512 524 2583 γία
546 2513 640 2567 καὶ
671 2513 878 2568 δεῖσθαι
902 2514 1038 2586 (‘28).
1070 2516 1143 2570 Οὐ
1179 2516 1289 2586 γὰρ
1318 2517 1528 2586 σμικρά
1557 2533 1660 2570 που
1705 2518 1874 2589 κακία
1908 2537 2010 2573 πο·-

427 2603 655 2669 λιτείας,
704 2603 989 2674 παρόντων
1033 2604 1135 2675 μὲν
1185 2604 1350 2674 ἐρίων
1398 2605 1606 2658 τούτων
1655 2598 1731 2660 ὧν
1778 2606 1811 2677 ἡ
1855 2606 2010 2677 χώρα

430 2693 610 2767 φέρει,
642 2696 911 2766 παρόντος
934 2695 995 2749 δὲ
1030 2694 1201 2760 λίνου,
1227 2694 1396 2769 οὔσης
1423 2696 1478 2749 δὲ
1507 2695 1731 2765 βύσσου,
1757 2697 1928 2752 όντων
1954 2699 2011 2753 δὲ

430 2783 807 2856 βαμϐυκίνων,
862 2785 937 2858 μὴ
981 2785 1195 2850 τούτοις
1241 2786 1312 2840 τὰ
1361 2786 1486 2858 περί
1539 2789 1638 2857 τὴν
1692 2789 2010 2862 ἀμπεχόνην

423 2875 600 2941 οὕτως
645 2877 796 2941 ὅπως
844 2876 913 2931 ἂν
961 2877 1250 2946 δυνώμεθα
1298 2877 1631 2950 φιλοτεχνεῖν
1654 2895 1668 2910 °
1708 2881 1845 2935 ἀλλὰ
1901 2884 2011 2936 τῶν

425 2967 627 3036 ἔξωθεν
659 2968 761 3039 μὲν
798 2969 862 3022 ἐκ
895 2967 991 3022 τοῦ
1035 2969 1387 3024 Ἀτλαντικοῦ
1423 2969 1697 3040 πελάγους
1716 2972 2012 3044 κομιζομὲ·

425 3076 534 3113 νων
560 3058 787 3113 ἐκείνων
818 3061 1002 3131 ἐρίων,
1044 3060 1188 3131 ὑπὲρ
1217 3061 1275 3117 δὲ
1316 3062 1412 3117 τὸν
1456 3063 1643 3119 Ἰόνιον
1693 3067 1774 3128 εἰς
1805 3066 2010 3137 ἐσθῆτα

2119 579 2208 636 cui
2236 595 2299 636 as
2326 584 2601 650 quomodo
2647 582 2719 637 sit
2766 583 3110 652 corrigenda.
3146 582 3241 638 Est
3292 584 3439 639 enim
3508 587 3703 651 perab-

2117 674 2345 729 surdum
2381 675 2667 744 peregrino
2691 673 2857 729 simul
2897 684 2953 730 et
2973 676 3280 733 adulterino
3314 673 3418 734 isto
3451 692 3551 733 nos
3591 692 3701 732 aere

2078 774 2360 831 ,utentes,
2399 764 2523 820 aliis
2551 765 2774 834 quidem
2812 765 2945 819 lucri
2989 767 3260 830 nonnihil,
3314 767 3474 822 nobis
3520 777 3701 822 autem

2121 858 2260 929 ipsis
2290 857 2515 912 ludibrii
2563 857 2798 937 multum
2861 858 3175 914 conciliare.
3213 859 3316 914 Sed
3343 858 3407 913 ad
3444 860 3548 914 hoc
3578 863 3704 926 qui-

2119 952 2243 1008 dem
2273 950 2675 1006 emendandum
2723 966 2832 1007 non
2885 965 3077 1020 parum
3123 951 3270 1020 quod
3311 966 3339 1005 a
3374 950 3533 1006 nobis
3572 961 3702 1006 ante

2120 1046 2309 1103 datum
2342 1053 2424 1101 est
2452 1045 2746 1100 consilium
2780 1042 3049 1109 conferet,
3083 1045 3354 1115 siquidem
3383 1061 3505 1100 cmn
3531 1054 3584 1100 et
3605 1044 3700 1115 qui

2119 1138 2442 1196 collationes
2475 1137 2715 1208 pendent
2747 1177 2763 1202 ,
2797 1137 3076 1194 mercibus
3114 1139 3182 1201 ad
3221 1139 3273 1194 id
3322 1154 3432 1192 non
3466 1136 3702 1208 pecunia

2118 1245 2373 1303 utentur;
2399 1241 2456 1290 et
2474 1232 2568 1304 qui
2590 1233 2659 1289 de
2680 1233 2902 1305 publico
2953 1243 3174 1290 sument
3199 1232 3453 1289 similiter
3480 1232 3699 1295 facient;

2119 1327 2174 1383 id
2217 1328 2325 1383 huc
2379 1327 2714 1397 permultum
2751 1325 3026 1381 videbitur
3071 1324 3375 1392 conferre;
3424 1326 3698 1396 siquidem

2119 1436 2228 1476 non
2260 1433 2493 1491 magnus
2528 1420 2631 1474 hoe
2658 1425 2817 1490 pacto
2851 1425 3082 1474 moneta:
3122 1433 3255 1473 usus
3304 1418 3553 1473 facturus
3594 1424 3700 1470 est.

2116 1512 2199 1568 Ad
2225 1512 2574 1582 quotidianos
2599 1522 2779 1566 autem
2802 1520 3117 1567 contractus
3142 1510 3225 1566 vel
3247 1509 3454 1581 quaevis
3481 1520 3701 1565 moneta

2119 1606 2432 1667 sttﬂecerit.
2466 1620 2590 1661 cum
2624 1604 2923 1676 praesertim
2968 1617 3074 1657 non
3126 1602 3421 1659 admodum
3452 1602 3702 1658 videatur

2118 1714 2241 1757 eam
2275 1700 2555 1769 requirere
2586 1695 3015 1768 PeIOponnesus,
3042 1711 3162 1767 quae
3191 1696 3265 1751 sit
3299 1695 3442 1765 apud
3476 1694 3612 1750 alios
3640 1694 3699 1748 in

2122 1793 2325 1863 pretio.
2384 1791 2600 1848 Etenim
2638 1805 2762 1845 cum
2797 1789 2864 1845 iis
2896 1788 3030 1859 lere,
3054 1804 3176 1859 quae
3206 1804 3431 1859 peregre
3458 1788 3563 1842 huc
3605 1787 3700 1841 ad-

2116 1894 2410 1951 vehuntur,
2444 1899 2550 1938 non
2578 1883 2736 1939 valde
2764 1883 3005 1953 indigeat
3035 1886 3157 1953 (nec
3189 1889 3480 1952 propterea
3508 1894 3699 1934 ιιιοιιιι-

2112 1984 2226 2033 tam
2255 1976 2496 2042 requirat
2528 1973 3104 2047 aliam)'pr.eterquam
3135 1972 3280 2029 ferro
3299 1981 3354 2028 et
3377 1971 3545 2025 anuis
3577 1989 3592 2023 :
3627 1985 3694 2023 ea

2116 2084 2250 2127 sane
2315 2067 2664 2140 bombycinis
2723 2066 2845 2123 istis
2884 2065 3042 2122 fat-ile
3083 2074 3316 2136 possunt
3361 2064 3583 2125 mutari,
3616 2063 3701 2119 sic

2114 2173 2176 2217 ut
2203 2162 2406 2231 absque
2435 2161 2548 2215 ullo
2580 2158 2935 2240 incommodo
2963 2158 3308 2230 peregrinum
3337 2157 3442 2211 hoc
3460 2163 3515 2211 et
3539 2154 3696 2210 adul-

2115 2253 2351 2310 terinum
2387 2253 2629 2324 pecunia-
2653 2267 2826 2323 genus
2859 2251 3135 2321 possimus
3165 2249 3414 2321 rejicerc.

2183 2432 2274 2488 22.
2311 2430 2445 2486 Nam
2480 2429 2623 2501 quod
2657 2428 2974 2499 peregrinas
3008 2427 3172 2482 etiam
3228 2438 3411 2483 vestes
3465 2427 3704 2495 requiri-

2115 2543 2256 2591 mus,
2288 2527 2339 2581 id
2370 2524 2518 2581 omni
2556 2533 2709 2580 caret
2738 2523 2969 2577 ratione.
2995 2520 3275 2592 Siquidem
3305 2536 3412 2574 non
3440 2521 3698 2589 exiguum

2112 2631 2199 2677 est
2220 2618 2536 2689 reipublicae
2562 2617 2776 2675 vitium.
2811 2631 2938 2673 cum
2976 2624 3031 2670 et
3059 2615 3238 2670 lanam
3273 2614 3572 2669 habeamus
3613 2612 3704 2668 hie

2112 2721 2512 2783 sttnpetentem,
2548 2720 2604 2765 et
2658 2709 2830 2763 linum
2862 2716 2919 2763 et
2974 2706 3200 2777 byssum
3233 2714 3287 2761 et
3350 2703 3701 2774 bombycina,

2114 2814 2225 2856 neu
2256 2817 2319 2856 ex
2355 2800 2443 2855 bis
2498 2813 2598 2854 nos
2633 2798 2959 2853 vestimenta
3014 2796 3169 2850 nobis
3206 2804 3371 2864 prout
3399 2795 3703 2864 possimus,

2113 2892 2468 2954 concinnare,
2502 2889 2599 2946 sed
2634 2888 2778 2942 illam
2815 2903 2880 2942 ex
2937 2887 3210 2942 Atlantico
3262 2885 3484 2954 quide
3534 2885 3702 2939 adve-

2113 2994 2256 3039 ctam
2317 2983 2519 3045 lanam,
2557 2979 2694 3034 ultra
2768 2978 2979 3032 Ionium
3040 2985 3221 3032 autem
3271 2974 3702 3035 textnm,videi'-i

2115 3077 2413 3145 requirere.
2446 3071 2612 3127 Multo
2643 3071 2912 3140 siquidem
2972 3069 3316 3125 honestiores
3377 3068 3703 3131 videbimur,

427 3152 852 3221 σκευαζομένων
885 3190 901 3217 ,
951 3153 1233 3223 δεομένοις
1300 3152 1613 3222 φαίνεσθαι.
1686 3155 1774 3220 Ὧς
1825 3158 2009 3212 πλέονι

2116 3167 2322 3223 nostris
2354 3175 2569 3221 utentes
2598 3163 2857 3228 inventis,
2894 3177 2962 3217 ex
2996 3162 3171 3231 iisque
3196 3161 3522 3215 vestimenta
3555 3173 3696 3212 con-

423 3242 492 3298 ἂν
532 3242 786 3307 καλλίους
827 3244 906 3314 τῷ
950 3244 1067 3299 ὄντι
1100 3241 1246 3317 ἦμεν
1285 3249 1397 3311 τοῖς
1432 3248 1747 3319 ἐπιχωρίοις
1802 3248 2010 3312 τούτοις

424 3335 721 3404 χρώμενοι,
773 3336 866 3388 καὶ
919 3335 1211 3407 αὐτάρκως
1264 3335 1334 3392 τὰ
1375 3343 1504 3408 περὶ
1558 3339 1656 3408 τὴν
1690 3339 2011 3412 ἀμπεχόνην

423 3425 662 3497 ἔχοντες.
703 3427 734 3499 ἢ
786 3428 897 3499 ὅσῳ
945 3428 1184 3484 καλλίων
1230 3427 1298 3484 ἂν
1333 3429 1537 3497 δόξειεν
1581 3433 1712 3496 ίσως
1754 3434 1788 3503 ἡ
1825 3433 2010 3503 ξενικὴ
2067 3459 2084 3473 ο

424 3517 562 3590 αὕτη
596 3519 780 3592 ἐσθὴς,
810 3520 909 3589 τῆς
937 3521 1249 3593 ἐπιχωρίως
1282 3521 1350 3577 ἂν
1390 3525 1936 3596 σκευασθησομένης.

499 3616 607 3681 κγ’.
652 3613 804 3666 Ἐπεὶ
846 3613 892 3667 δ’
935 3615 1325 3683 εἰσαγωγίμων
1357 3616 1644 3687 ἐμνήσθην
1686 3618 2010 3689 χρημάτων,

422 3701 607 3765 καλῶς
655 3702 722 3757 ἂν
776 3702 908 3767 ἴσως
942 3704 1038 3757 καὶ
1074 3703 1215 3767 ὅλως
1256 3705 1386 3775 περὶ
1442 3707 1755 3776 εἰσαγωγῆς
1806 3725 1869 3761 τε
1917 3709 2014 3762 καὶ

424 3795 713 3875 ἐξαγωγῆς
746 3796 1046 3869 χρημάτων
1085 3797 1256 3869 βραχῦ
1292 3815 1347 3852 τι
1401 3798 1680 3855 διαλαϐεῖν
1713 3800 1851 3866 (29).
1889 3800 2013 3854 Τῶν

422 3906 485 3943 τε
513 3887 609 3944 οὖν
638 3890 1016 3961 εἰσαγομένων
1048 3892 1351 3962 χρημάτων
1381 3892 1453 3946 τὰ
1495 3892 1595 3962 μέν
1630 3910 1732 3947 που
1768 3894 2012 3962 εἰσάγειν

423 3981 670 4053 ἄμεινον,
714 3983 783 4036 τὰ
809 3983 866 4037 δέ
903 3983 978 4053 μή
1005 4000 1019 4014 ο
1051 3983 1161 4037 τῶν
1195 4001 1256 4037 τε
1287 3985 1638 4055 ἐξαγομένων
1669 3987 1734 4039 τὰ
1764 3985 1863 4055 μὲν
1889 3986 2012 4051 ἐξά-

423 4087 548 4142 γειν
579 4072 827 4142 ἄμεινον,
852 4074 922 4127 τὰ
945 4073 989 4126 δ’
1021 4074 1077 4127 ἐν
1102 4074 1390 4145 ἑκατέροις
1418 4075 1479 4129 οὐ
1512 4076 1646 4129 πολύ
1678 4093 1731 4129 τι
1760 4074 2013 4148 διαφέρει

423 4162 664 4232 ὁπότερα
710 4160 841 4227 ἴσως
878 4162 1109 4231 γίγνοιτ’
1144 4163 1231 4217 ἄν.
1284 4163 1497 4218 Οὗκοῦν
1537 4165 1660 4218 οὐδὲ
1704 4164 1879 4219 ταῦτα
1909 4182 2014 4218 πα-

431 4254 635 4326 ροπτέα
669 4255 797 4324 εἰκῆ
842 4255 938 4309 καὶ
977 4254 1054 4319 ὡς
1102 4254 1263 4326 ἔτυχὲ
1312 4273 1415 4310 που
1446 4258 1765 4326 γιγνόμενα.
1798 4259 1874 4312 υὺ
1907 4258 2014 4330 γὰρ

428 4346 635 4418 φαῦλον
665 4346 734 4401 ἂν
761 4347 840 4411 εἰς
871 4347 1153 4402 πολιτείαν
1201 4350 1297 4402 καὶ
1328 4348 1489 4402 τοῦτο
1520 4348 1925 4418 ξυμϐάλλεσϐαι
1953 4350 2015 4403 τὸ

431 4442 600 4512 μέρος
629 4440 809 4506 καλῶς
838 4441 871 4513 ἢ
908 4441 984 4513 μὴ
1027 4442 1376 4513 γιγνόμενον.
1411 4444 1480 4496 Ἀ
1521 4444 1621 4512 μὲν
1653 4442 1765 4513 γὰρ
1790 4442 2016 4512 ἄμεινον

2115 3261 2402 3317 cinnantes
2432 3273 2569 3329 quas
2601 3266 2809 3327 quanto
2856 3255 3144 3325 peregrina
3179 3253 3350 3309 vestis
3398 3261 3585 3308 nostra
3617 3252 3700 3306 vi-

2113 3354 2228 3409 deri
2255 3359 2438 3424 posset
2468 3351 2771 3407 honestior.
3345 3332 3351 3341 ’

2183 3623 2274 3678 25.
2306 3621 2373 3677 Et
2400 3624 2661 3694 quoniam
2695 3637 2880 3677 rerum
2911 3622 3264 3677 advectaru'u
3303 3620 3551 3685 mem’ni,
3582 3635 3703 3675 non‘

2113 3717 2219 3774 erit
2249 3718 2547 3772 absurdum
2596 3715 2800 3785 aliquid
2836 3714 2889 3769 in
2934 3713 3248 3768 universum
3287 3715 3353 3767 de
3393 3714 3554 3767 rebus
3586 3723 3708 3766 tum-

2115 3808 2472 3886 adveheudis,
2525 3816 2640 3864 tum
2707 3805 3004 3863 avehendis
3065 3805 3373 3862 disserere.
3408 3806 3473 3858 Et
3507 3819 3698 3858 eorum

2114 3903 2283 3969 igitur
2305 3918 2426 3968 quae
2457 3902 2816 3965 invehuntur,
2846 3899 2949 3954 alia
2974 3906 3195 3969 praestat
3218 3898 3423 3957 invehi.
3451 3897 3557 3951 alia
3589 3913 3706 3951 nm

2115 4004 2373 4067 prastat;
2425 4002 2480 4047 et
2519 4008 2712 4047 eorum
2774 4007 2899 4062 quae
2932 3991 3262 4056 evehuntur,
3317 3990 3422 4045 alia
3486 4000 3709 4061 praestat

2115 4086 2292 4151 evehi,
2323 4085 2428 4139 alia
2458 4099 2565 4138 non
2602 4084 2760 4149 item;
2790 4082 3052 4137 nonnulla
3090 4096 3219 4137 vero
3261 4082 3315 4134 in
3344 4092 3578 4149 utroque
3602 4096 3666 4150 gn
3688 4111 3701 4122 .

2117 4193 2246 4232 nere
2274 4176 2572 4234 discrimen
2605 4190 2831 4244 parvum
2863 4174 3087 4228 habent.
3112 4173 3290 4239 Quare
3313 4188 3414 4228 nec
3438 4171 3554 4227 haec
3577 4173 3712 4243 qui-—

2118 4272 2238 4324 dem
2267 4283 2475 4325 temere
2502 4268 2614 4322 ﬁeri
2644 4266 2871 4329 debent,
2898 4265 3344 4336 quandoquidem
3370 4279 3478 4319 non
3509 4281 3709 4335 parum

2116 4363 2170 4419 in
2201 4362 2476 4432 republica
2513 4359 2795 4425 momenti,
2827 4359 2939 4413 sive
2971 4366 3141 4424 recte,
3171 4358 3288 4413 sive
3342 4374 3502 4413 secus
3547 4358 3703 4416 liau'.

2120 4457 2345 4512 habent.
2381 4452 2591 4508 Etenim
2637 4467 2761 4521 quas
2795 4448 3017 4522 praestat
3072 4451 3282 4514 invehi,
3340 4466 3557 4515 eorum,
3591 4466 3713 4520 quo

427 4534 691 4604 εἰσάγειν,
741 4533 949 4589 τούτων
1001 4534 1102 4604 μὲν
1131 4534 1198 4588 ἂν
1229 4534 1338 4588 δέοι
1392 4534 1546 4594 τέλος
1594 4535 1803 4606 μηδένα
1849 4534 2017 4606 μηδὲν

2136 4548 2352 4603 facilius
2418 4546 2785 4623 invehantur,
2851 4546 3124 4599 neminem
3181 4558 3285 4599 nec
3352 4543 3525 4599 civem
3606 4558 3715 4595 nec

427 4628 617 4683 τελεῖν.
651 4628 752 4698 τῆς
788 4629 1132 4698 εἰσαγωγῆς,
1183 4629 1322 4700 μήτε
1369 4626 1620 4695 πολίτην,
1669 4628 1806 4699 μήτε
1843 4626 2017 4693 ξένον,

432 4722 523 4777 ἵνα
549 4722 615 4791 δὴ
640 4722 737 4776 καὶ
764 4723 896 4794 ῥᾷον
936 4722 1209 4790 εἰσάγοιτο
1234 4737 1249 4753 ο
1277 4722 1387 4775 τῶν
1414 4721 1460 4775 δ’
1493 4721 1671 4776 ἄλλων
1713 4721 1751 4776 ἃ
1793 4722 2019 4791 ἄμεινον

435 4811 644 4882 μένειν,
683 4807 860 4865 ταῦτα
885 4810 930 4863 δ’
960 4810 1058 4864 ἐπὶ
1084 4810 1346 4880 μεγάλοις
1388 4810 1502 4873 τοῖς
1525 4809 1703 4864 τέλεσι
1733 4809 1860 4871 τοὺς
1895 4806 2020 4873 ἐξά-

430 4924 628 4976 γοντας
659 4904 895 4975 ἐξάγειν,
931 4906 1018 4959 ῖνα
1050 4906 1082 4977 ἢ
1120 4906 1195 4977 μὴ
1228 4905 1528 4959 λυσιτελῶν
1561 4903 1745 4973 σφίσιν
1777 4904 2017 4972 ἐξάγειν,

434 5000 662 5070 μένοντα
705 4998 1086 5069 ἀφθονώτερον
1129 4998 1350 5069 ὑπάρχῃ
1393 4998 1642 5059 πολίταις
1687 4996 1949 5068 χρῆσθαι,
1981 4996 2016 5068 ἢ

432 5092 734 5163 ἐξαγόμενα
764 5094 985 5158 πάντως
1011 5093 1194 5163 ὠφελῇ
1226 5110 1278 5146 τι
1304 5086 1370 5145 τὸ
1402 5093 1597 5158 κοινῖν,
1630 5092 1720 5144 καὶ
1750 5092 1836 5146 ὅδε
1863 5093 1891 5145 ὁ
1920 5094 2018 5146 πό-

433 5204 527 5257 ρος
552 5186 627 5257 τῷ
654 5187 902 5258 δημοσίῳ
927 5172 1290 5256 ¹ιτροστίθοιτο,
1392 5184 1457 5256 δὴ
1487 5183 1578 5239 ἐπί
1607 5202 1664 5238 τε
1696 5184 2016 5253 πρεσϐείας,

346 5266 351 5272 ’
432 5278 527 5333 καὶ
557 5277 672 5348 εἴγε
717 5294 775 5331 τι
822 5277 890 5332 ἂν
925 5276 1094 5348 ἄηθες
1142 5275 1407 5345 ἀνάλωμα
1453 5275 1893 5347 καταλαμϐάνοι,
1926 5275 2013 5347 εἴη

431 5369 498 5425 ἂν
523 5369 756 5442 δήποθεν
784 5368 1040 5440 χρῆσθαι.

504 5600 617 5671 (‘27)
659 5601 1034 5673 Χρωμένους.
1078 5601 1463 5673 Auctorusum
1520 5606 1865 5673 monetaruzu
1916 5613 2011 5651 cx-

432 5670 711 5727 ternarum
740 5670 1116 5728 condemnatis
1140 5670 1443 5737 praesetiuit
1479 5681 1537 5721 ut
1570 5670 1965 5723 emmnereium
1996 5710 2009 5726 .

384 5775 397 5783 ο
432 5745 658 5867 ἓχοιιιεο
703 5742 968 5809 denario,
1024 5758 1119 5813 per
1169 5742 1432 5795 mercium
1500 5748 2011 5794 ιιοιιιιειιιιιιιιιιοιιοηι

473 5824 550 5867 at.

2128 4643 2402 4714 hospitem
2459 4640 2691 4712 vectigal
2723 4639 2892 4695 ullum
2923 4639 3214 4695 conveniat
3270 4638 3530 4708 pendere.
3572 4636 3710 4702 Quae

2120 4728 2302 4791 autem
2339 4748 2623 4790 remanere
2674 4733 2746 4788 sit
2787 4732 2996 4800 utilius,
3032 4747 3095 4787 ea
3133 4730 3348 4786 nonnisi
3381 4730 3717 4802 gravissimo

2119 4824 2369 4896 vectigali
2432 4826 2756 4889 evehautur,
2796 4831 2857 4881 ut
2910 4822 3017 4889 vel,
3064 4837 3190 4877 cum
3252 4822 3386 4876 citra
3444 4824 3716 4875 damnum.
3793 4844 3796 4846 η

2118 4917 2273 4973 evehi
2309 4932 2417 4971 non
2449 4917 2688 4986 possint,
2740 4915 2930 4970 relicta
2982 4914 3197 4983 copiam
3247 4915 3332 4966 sui
3392 4911 3703 4967 uberiorem

2119 5008 2334 5064 civibus
2360 5008 2666 5077 praebeant,
2691 5006 2772 5060 vel
2808 5012 2995 5060 evecta
3028 5002 3256 5075 multum
3309 5000 3715 5070 rempublicam

2121 5097 2333 5169 juvent,
2368 5098 2458 5153 cui
2492 5097 2580 5152 hic
2629 5096 2855 5151 accedat
2912 5094 3145 5159 reditus,
3183 5106 3291 5163 quo
3323 5086 3437 5145 tum
3477 5093 3527 5144 in
3550 5091 3716 5159 .lt‘tlﬂr

2127 5190 2325 5253 tiones,
2388 5197 2502 5243 tum
2543 5188 2589 5245 si
2624 5189 2748 5258 quis
2807 5187 2947 5241 alius
3006 5184 3712 5256 praeterconsuetudinem

2128 5293 2382 5354 sumptus
2410 5281 2482 5339 sit
2502 5282 2802 5348 faciendus,
2835 5281 2911 5335 uti
2935 5280 3117 5335 liceat.

2193 5596 2308 5667 (28)
2354 5594 2615 5650 Δεῖσθαι.
2647 5592 2780 5667 Vide
2814 5591 3151 5667 Timarionis
3200 5605 3424 5667 magnas
3473 5588 3713 5644 Thessao

2125 5665 2335 5723 lonices
2370 5667 2643 5719 Illlntilllth‘
2669 5666 3035 5720 deseribeutis
3066 5680 3190 5730 cap.
3227 5665 3280 5718 6.

2200 5736 2312 5807 (29)
2344 5736 2685 5791 Διηλαϐεῖν.
2722 5733 2806 5789 Cf.
2848 5735 2985 5790 Μαι.
3014 5735 3078 5789 de
3108 5734 3207 5807 leg.
3238 5736 3273 5794 I.
3313 5731 3430 5789 γιιι
3450 5744 3503 5789 et
3533 5733 3721 5804 ipsum

2124 5805 2405 5862 NoStrum.
2435 5808 2470 5860 ι.
2494 5822 2552 5874 ιι,
2584 5807 2678 5863 li.
