4104 6448
374 414 480 480 813

1505 403 1831 467 GEORGII
1875 403 2315 469 PLETHONIS

3529 407 3643 471 84's

372 523 623 587 insidiae,
675 519 923 590 adeoque
951 516 1100 574 domi
1132 515 1298 572 etiam
1341 529 1373 572 a
1398 514 1651 587 barbaris
1691 515 1855 571 simul
1897 525 1947 570 et

2064 515 2361 588 θαλάττης,
2412 515 2713 587 προσθείην
2745 516 2791 570 δ’
2824 515 2891 571 ἂν
2936 516 3021 570 ὃτι
3067 517 3164 571 καὶ
3200 516 3414 571 οἴκοθεν
3450 518 3512 574 ὲκ
3541 520 3641 588 τῆς

368 613 684 686 gentilibus,
717 611 958 666 maxime
988 617 1172 664 atttem
1199 623 1229 663 a
1259 607 1459 663 vicinis
1490 606 1615 663 istis
1650 607 1901 662 barbaris
1936 645 1953 670 ,

368 708 465 777 qui
495 708 660 763 etiam
691 704 887 776 reliqui
919 703 1152 758 dominii
1175 703 1472 757 maximam
1514 716 1579 756 ac
1608 700 1953 770 potissimam

366 811 579 870 partem
612 798 774 853 nobis
798 796 1148 858 ademerunt.
1188 805 1243 850 et
1271 792 1711 864 Parapamisadte
1742 791 1956 862 origine

366 909 493 946 cum
528 890 642 947 sittt
665 901 718 946 et
756 888 939 945 obiter
966 886 1036 943 ab
1068 887 1381 943 Alexandro
1422 883 1657 956 Philippi
1706 884 1818 939 lilio
1859 883 1956 939 de-

364 984 498 1039 vieti
532 997 662 1039 cum
691 982 741 1038 is
791 982 859 1037 ad
896 980 1061 1036 Indos
1089 979 1359 1043 tenderet,
1391 992 1419 1030 a
1451 976 1613 1033 nobis
1639 990 1807 1041 nunc,
1833 983 1956 1030 tan-

362 1091 530 1147 quam
554 1075 760 1132 Graecis
786 1115 804 1142 ,
854 1073 1016 1145 longo
1045 1071 1266 1144 quidem
1303 1080 1429 1141 post
1460 1079 1731 1141 tempore,
1764 1067 1956 1125 multi-

364 1169 541 1239 plices
596 1178 775 1223 autem
833 1168 1025 1222 harum
1081 1178 1279 1236 poenas
1358 1169 1671 1235 expetunt,
1730 1174 1954 1230 unaque

366 1264 529 1332 longe
579 1268 841 1333 praestent
898 1260 1153 1325 viribus,
1201 1267 1450 1315 extrema
1505 1256 1663 1314 nobis
1725 1269 1954 1325 quaeque

368 1369 586 1423 semper
605 1355 904 1409 minantur.
934 1350 1081 1408 Cum
1122 1351 1290 1424 igitur
1320 1351 1436 1407 hzec
1480 1350 1553 1405 ita
1586 1364 1647 1405 se
1676 1348 1950 1412 habeant,

363 1463 475 1502 non
507 1445 744 1502 absurde
775 1445 909 1501 mihi
936 1444 1189 1501 facturus
1221 1444 1439 1510 videor,
1497 1443 1583 1509 si,
1609 1457 1733 1497 cum
1763 1442 1833 1497 de
1864 1456 1953 1496 sa-

365 1539 478 1592 lute
499 1538 779 1593 communi
814 1536 978 1608 paulo
1031 1537 1225 1593 melius
1261 1535 1497 1592 fortasse
1519 1575 1536 1601 ,
1565 1550 1734 1606 quatn
1765 1533 1950 1589 cmtcri

365 1627 571 1683 sentire
600 1628 808 1693 videar,
833 1628 900 1683 ad
938 1637 990 1682 te
1012 1627 1311 1699 principem
1342 1637 1612 1692 nostrum,
1636 1626 1901 1681 accedam
1931 1663 1950 1692 ,

365 1736 599 1790 quaeque
626 1720 722 1776 tibi
749 1719 914 1776 simul
946 1728 1001 1775 et
1029 1719 1193 1776 nobis
1224 1721 1483 1776 omnibus
1519 1720 1830 1775 existimem
1858 1735 1950 1774 sa-

2058 608 2245 680 χὼρας
2286 609 2393 662 ὑπό
2426 625 2487 663 τε
2536 607 2835 680 βαρϐάρων
2881 607 3000 678 ἅμα
3036 608 3133 662 καὶ
3166 607 3480 679 ὁμοφύλων,
3530 611 3640 678 μά-

2057 702 2218 757 λιστα
2261 700 2309 756 δ’
2333 702 2440 755 ὑπὸ
2484 703 2593 756 τῶν
2624 701 3024 772 πλησιοχώρων
3075 700 3242 754 τανῦν
3274 699 3481 755 τούτων
3511 701 3642 773 βαρ-

2058 782 2266 865 ϐάρων,
2302 795 2394 864 ὑφ’
2426 791 2504 850 ῶν
2546 794 2643 848 καὶ
2670 797 2767 865 τῆς
2798 794 2967 863 ἄλλης
2998 794 3359 865 ἐπικρατείας
3394 795 3457 846 τὸ
3494 794 3647 850 πλεῖ-

2058 901 2188 939 στον
2244 886 2342 939 καὶ
2380 886 2718 940 οἰκειότατον
2753 884 3163 960 περιῃρῇμεθα,
3209 884 3262 939 οἳ
3316 886 3645 955 Παραπαμιο

2059 981 2219 1034 σάδαι
2251 979 2352 1050 μὲν
2382 979 2443 1033 τὸ
2466 979 2639 1034 πάλαι
2687 979 2839 1040 δντες
2873 979 3009 1043 (55).
3039 979 3147 1032 ὑπὸ
3186 978 3246 1031 δὲ
3286 978 3639 1049 Ἀλεξάνδςυυ

2056 1070 2152 1126 τοῦ
2182 1072 2455 1125 Φιλίππου
2496 1070 2733 1125 καὶτῶν
2771 1070 2892 1142 μετ’
2930 1071 3142 1125 ἐκείνου
3205 1071 3479 1143 Ἑλλήνων
3520 1073 3641 1125 ἐπι-

2057 1163 2446 1228 ϐουλευθέντες
2488 1180 2549 1216 τε
2597 1162 2694 1217 καὶ
2725 1162 3094 1234 κρατηθέντες
3139 1163 3422 1236 πάρεργον
3447 1164 3546 1235 τῆς
3580 1166 3640 1228 ἐς

2068 1253 2266 1316 Ἰνδοὺς
2305 1255 2430 1308 τότε
2460 1251 2723 1324 παρόδου,
2768 1251 2922 1315 δίκας
2970 1251 3066 1304 νῦν
3110 1251 3263 1322 ἡμᾶς
3296 1251 3502 1315 ταύτας
3551 1250 3640 1305 διά

2059 1344 2276 1418 μακροῦ
2336 1345 2458 1415 μὲν,
2511 1337 2924 1407 πολλαπλασίας
2976 1342 3057 1410 δὲ,
3110 1344 3222 1398 τῶν
3271 1343 3641 1414 ὑπηργμένων

2057 1440 2509 1511 εἰσπράττουσιν,
2551 1438 2822 1510 Ἕλληνας
2865 1437 3049 1504 ὄντας,
3080 1437 3177 1491 καὶ
3209 1437 3305 1491 νῦν
3333 1435 3638 1491 πολλαπλα-

2057 1537 2182 1591 σίαν
2236 1534 2338 1606 τὴν
2376 1534 2610 1603 δύναμιν
2655 1532 2991 1601 κεκτημένοι
3039 1530 3290 1601 ἢήμεῖς,
3341 1530 3409 1582 τά
3438 1529 3638 1598 ἔσχατα

2054 1647 2122 1683 πε
2133 1632 2185 1699 pi.
2203 1627 2365 1699 ἡμῶν
2391 1625 2779 1698 βουλευόμενοι
2805 1625 3065 1679 ἑκάστοτε
3093 1621 3448 1677 διατελοῦσιν.
3477 1622 3637 1677 Οὑτω

2054 1722 2188 1791 γοῦν
2220 1720 2436 1774 τούτων
2473 1720 2731 1789 ἐχόντων,
2762 1718 2862 1771 οὑκ
2906 1715 3107 1770 ἄτοπόν
3144 1715 3405 1786 μοιδοκῶ
3440 1717 3633 1780 ποιεῖν,

367 1813 567 1868 lutaria
618 1812 736 1868 fore
760 1853 777 1878 ,
821 1812 1131 1883 subjiciam.
1169 1811 1308 1868 Illud
1344 1820 1528 1868 autem
1560 1811 1797 1883 primum
1836 1827 1867 1866 a
1898 1820 1947 1868 te

2055 1817 2105 1869 εἰ
2140 1813 2270 1884 περὶ
2299 1816 2399 1885 τῆς
2437 1811 2629 1883 κοινῆς
2652 1810 2935 1880 σωτηρίας
2959 1810 3208 1881 οἰόμενός
3228 1827 3282 1863 τι
3308 1810 3637 1863 διανοεῖσθαι

360 1915 566 1971 petam,
597 1903 642 1958 si
675 1903 817 1959 forte
858 1917 969 1959 non
1006 1910 1157 1959 totus
1186 1918 1373 1960 sermo
1408 1904 1692 1973 voluptate
1729 1904 1803 1960 sit
1828 1918 1947 1959 ροσε

2057 1906 2221 1961 πλέον
2272 1892 2403 1968 ἴσως
2440 1904 2554 1956 τῶν
2611 1901 2825 1955 πολλῶν
2864 1904 3128 1974 προσείην
3170 1901 3227 1954 τέ
3260 1918 3341 1956 σοι
3397 1902 3477 1970 τῷ
3531 1904 3639 1953 τῶν

363 1997 530 2064 ditus,
558 2011 748 2051 verum
779 1996 983 2068 aliquid
1016 1996 1178 2054 etiam
1206 1997 1477 2054 subsultet
1497 1999 1752 2067 asperius
1783 2007 1842 2053 ut
1867 2013 1947 2053 me

2054 1999 2339 2070 ἡμετέρων
2398 1997 2598 2065 κυρίῳ,
2655 1996 2749 2050 καὶ
2811 1993 3178 2063 ὑποτιθείμην
3234 1991 3407 2048 ταῦτα
3448 1994 3509 2058 ἒξ
3562 1988 3639 2047 ὧν

362 2088 743 2158 ρτωεισιιιίοτε
773 2096 827 2144 et
858 2088 1076 2144 utiliora
1132 2088 1359 2161 patiaris
1389 2089 1648 2161 iucundis
1676 2089 1947 2160 praeferre.

2053 2091 2123 2146 ἂν
2154 2089 2373 2160 οἰοίμην
2430 2089 2514 2143 σοί
2567 2106 2626 2142 τε
2675 2088 2964 2157 ὑπάρξειν,
2995 2088 3093 2141 καὶ
3139 2087 3274 2157 ἡμῖν
3305 2088 3477 2142 άπασι
3531 2102 3640 2137 σω.

361 2181 496 2236 Nam
523 2197 594 2238 ne
629 2181 874 2238 medicos
904 2182 1127 2251 quidem
1164 2182 1321 2238 video
1349 2197 1473 2238 cum
1501 2182 1654 2238 salus
1682 2192 1947 2253 aegrotant

2057 2182 2341 2253 οήσεσθαι.
2394 2182 2607 2237 Ἐκεῖνο
2653 2182 2711 2237 δέ
2745 2199 2840 2235 σου
2876 2181 3145 2251 δεήσομαι
3195 2179 3431 2249 πρῶτον,
3465 2178 3514 2232 εἰ
3561 2178 3639 2248 μὴ

362 2277 499 2329 tium
560 2275 783 2345 agitur,
836 2274 920 2330 vel
984 2274 1363 2332 acerbissimis
1407 2275 1584 2340 cibis,
1627 2275 1847 2345 potibus
1895 2283 1947 2331 et

2060 2275 2242 2329 πάντα
2272 2275 2339 2328 δι’
2371 2275 2567 2346 ἡδονῆς
2594 2276 2892 2344 φαινοίμην
2918 2272 3239 2344 ποιούμενος
3269 2271 3394 2333 τοὺς
3423 2270 3638 2338 λόγους,

362 2368 675 2437 pharmacis
728 2368 853 2424 aliis
908 2368 1181 2424 abstinere
1232 2375 1534 2438 contraque
1590 2381 1796 2438 coquos
1837 2366 1947 2437 ple-

2055 2366 2195 2422 ἀλλά
2226 2383 2279 2421 τι
2303 2368 2397 2423 καὶ
2424 2366 2604 2438 τραχὺ
2632 2368 2991 2436 ὑποφαίνοιτο
3020 2366 3117 2422 καὶ
3153 2368 3476 2439 πρίσαντες.
3506 2382 3641 2434 συγ-

361 2476 597 2532 rumque
626 2460 986 2517 obsoniorum
1040 2460 1329 2531 voluptate
1366 2474 1569 2531 corpus
1601 2461 1767 2515 etiam
1815 2476 1947 2517 cor-

2056 2459 2287 2531 γνώμην
2324 2458 2472 2531 ἔχειν
2506 2477 2617 2531 μοι,
2652 2460 2720 2515 τά
2767 2459 3172 2533 ὠφελιμώτερά
3213 2477 3273 2515 τε
3310 2458 3409 2514 καὶ
3445 2459 3642 2531 βελτίω

364 2569 645 2625 rumpere.
677 2552 818 2609 adeo
842 2568 947 2608 non
971 2568 1189 2622 semper
1211 2566 1334 2623 qum
1358 2550 1603 2622 jucunda
1621 2559 1749 2613 sunt
1771 2551 1947 2618 utilia,

2061 2551 2172 2621 πρὸ
2194 2550 2305 2605 τῶν
2334 2550 2509 2623 ἡδέων
2532 2551 2867 2623 αἱρουμένῳ.
2889 2553 3002 2607 Καὶ
3022 2553 3132 2624 γὰρ
3153 2555 3251 2606 καί⁵
3273 2552 3399 2614 τοὺς
3423 2551 3641 2622 ἰατροὺς

360 2664 550 2702 verum
577 2649 770 2717 juvant
802 2647 975 2703 etiam
1000 2646 1386 2704 acerbissima.

2058 2644 2170 2715 δρῶ
2198 2642 2346 2714 ὑπὲρ
2372 2642 2475 2712 τῆς
2504 2642 2782 2713 σωτηρίας
2805 2659 2865 2697 τε
2893 2644 2989 2698 καὶ
3019 2642 3229 2713 ὑγιείας
3255 2643 3365 2697 τῶν
3400 2642 3637 2713 καμνόν-

358 2759 467 2797 των
496 2742 615 2795 οὑδὲ
646 2741 757 2795 τῶν
783 2741 1133 2812 ἀηδεστάτων
1158 2740 1350 2795 σιτίων
1378 2738 1475 2794 καὶ
1505 2739 1689 2819 ποτῶν
1719 2737 1953 2794 καὶτῶν
2011 2737 2199 2795 ἄλλων
2255 2735 2565 2806 φαρμάκων
2619 2735 2973 2807 φειδομένους
3034 2736 3152 2809 (54)
3175 2755 3195 2772 ο
3233 2740 3361 2801 τούς
3416 2755 3479 2807 γε
3531 2737 3640 2809 μὴν

356 2837 653 2905 ὀψοποιοὺς
703 2836 1020 2891 τούναντίον
1066 2839 1134 2908 τῇ
1184 2835 1274 2890 διά
1323 2838 1432 2889 τῶν
1460 2834 1609 2906 seu».
1658 2836 1821 2908 ἡδονῇ
1880 2836 1951 2890 τά
1982 2834 2156 2889 πολλά
2182 2834 2281 2889 καὶ
2315 2832 2881 2905 προσδιαφθείροντας
2913 2833 2985 2888 τά
3011 2834 3264 2905 σώματα.
3327 2833 3515 2900 Οὕτως
3575 2834 3637 2887 ο)

355 2935 569 3003 πέφυκε
596 2934 853 3003 πανταχῆ
885 2933 1045 3003 ἠδονῇ
1077 2932 1398 2999 λυσιτελεῖν,
1432 2932 1549 2986 ἀλλ’
1574 2932 1691 2986 ἐστι
1722 2931 1802 3004 τῷ
1830 2931 1946 2986 ὄντι
1984 2931 2082 2986 καὶ
2109 2930 2198 2986 διά
2234 2930 2347 2985 τῶν
2388 2931 2739 3001 ἀηδεστάτων
2761 2930 3124 2999 ὠφελεῖσθαι.

422 3031 484 3086 5.
516 3030 699 3100 Atque
750 3031 855 3084 hoc
905 3030 1144 3100 primum
1192 3036 1278 3085 est
1312 3028 1783 3096 existimandum,
1842 3042 1945 3085 nec

356 3122 596 3192 privatis
628 3120 949 3177 hominibus
974 3135 1077 3177 nec
1108 3119 1276 3177 rebus
1299 3120 1532 3191 publicis
1558 3121 1641 3177 vel
1678 3121 1733 3177 in
1765 3120 1946 3176 maxi-

358 3215 467 3269 mis
494 3211 910 3268 ditlicultatibus
937 3213 1002 3268 de
1023 3212 1234 3268 meliori
1262 3212 1482 3269 fortuna
1501 3226 1623 3270 esse
1640 3212 1943 3282 desperan-

361 3306 518 3371 dum,
542 3305 816 3374 siquidem
849 3305 1107 3375 permulti
1143 3313 1273 3359 sunt
1302 3304 1357 3360 itt
1380 3305 1651 3377 integrum
1680 3305 1947 3361 restituti.

355 3397 493 3453 Nam
531 3409 588 3454 et
621 3397 868 3469 Troiani,
913 3396 1007 3467 qui
1045 3412 1173 3454 cum
1221 3397 1398 3455 IEnea
1446 3408 1605 3469 capta
1654 3412 1686 3453 a
1739 3396 1947 3455 Gra'eis

356 3492 563 3561 patria,
600 3492 657 3547 in
690 3490 902 3548 Italiam
928 3501 1063 3548 sunt
1085 3507 1151 3549 ex
1178 3491 1414 3564 Phrygia
1448 3489 1613 3546 delati
1640 3530 1657 3559 ,
1686 3491 1760 3547 ita
1788 3504 1948 3561 pros-

357 3599 547 3656 peram
588 3583 790 3641 deinde
823 3593 957 3640 sunt
994 3584 1206 3655 experti
1256 3582 1535 3640 fortunam
1582 3592 1642 3640 ut
1670 3598 1796 3640 eum
1827 3583 1944 3638 Ro-

357 3691 506 3732 mam
550 3677 710 3746 paulo
742 3687 870 3748 post
907 3692 1018 3731 una
1060 3691 1188 3733 cum
1227 3676 1474 3742 Sabinis,
1505 3677 1572 3732 de
1597 3675 1946 3732 Lacedaemo-

357 3769 465 3823 niis
491 3767 777 3838 prol'ectts,
823 3767 1086 3838 parijure
1128 3766 1410 3837 permistis
1461 3767 1843 3834 incoluisseut,
1873 3767 1943 3823 ab

355 3863 465 3914 hoc
503 3858 774 3929 principio
808 3861 1107 3914 maximum
1139 3859 1347 3929 pariter
1375 3868 1427 3915 et
1460 3860 1941 3930 praeclarissimum

357 3951 703 4006 obtinuerint
766 3951 1080 4020 imperium,
1117 3960 1172 4006 et
1222 3950 1403 4009 Persae
1465 3963 1589 4021 post
1644 3952 1943 4008 Alexandri

349 4042 791 4112 Graecorumque
835 4042 1166 4109 dontin'um,
1223 4059 1349 4100 cum
1398 4059 1428 4098 a
1481 4043 1743 4101 [lontanis
1799 4062 1947 4103 esset

357 4149 552 4190 eversa
598 4133 963 4191 Macedonum
1000 4135 1241 4205 potentia
1268 4177 1285 4205 ,
1340 4152 1450 4193 nou
1482 4138 1680 4193 leviter
1733 4148 1788 4195 et
1840 4139 1942 4211 ipsi

351 4225 685 4283 Parthorum
703 4242 805 4297 ope
837 4242 968 4284 suas
999 4238 1392 4300 recuperarunt
1424 4231 1592 4298 vires,
1620 4229 1760 4302 (ἀλλ’
1801 4231 1945 4286 ὥστε

350 4334 460 4389 ,ιιι-ο
489 4318 667 4383 ἄλλως
697 4318 780 4389 τε)
817 4321 912 4374 sed
951 4330 1008 4374 ut
1041 4320 1207 4375 etiam
1259 4331 1450 4376 contra
1498 4320 1809 4391 Romanos,
1845 4323 1942 4394 qui

357 4424 476 4467 tttttt
532 4419 692 4467 erant
742 4410 1108 4482 potentissimi
1144 4452 1161 4477 ,
1216 4412 1418 4469 bellum
1459 4415 1756 4486 gesserint,
1785 4427 1843 4472 et
1885 4425 1947 4473 ut.

359 4517 764 4573 nonnunquam
798 4504 1041 4573 superati
1085 4502 1311 4571 fuerint,
1349 4511 1422 4560 ita
1453 4518 1732 4577 postremo
1760 4509 1946 4579 splen—

358 4595 545 4649 didam
569 4594 905 4665 reportarint
929 4594 1241 4667 victoriam,
1271 4613 1335 4654 ex
1369 4612 1547 4668 eaque
1570 4599 1758 4656 multis
1784 4603 1944 4658 annis

358 4686 625 4742 tributum
649 4701 873 4760 quoque
897 4687 1159 4746 Romanis
1184 4689 1526 4759 imperarint.

432 4965 488 5019 4.
523 4962 790 5029 Quocirca
819 4975 922 5016 nec
965 4976 1064 5016 nos
1088 4965 1242 5019 decet
1274 4962 1640 5032 nosmetipsos
1688 4964 1945 5036 abjicere,

359 5056 446 5110 vel
495 5055 564 5109 de
609 5054 789 5109 salute
820 5055 1151 5124 desperare;
1193 5055 1289 5109 sed
1319 5069 1445 5111 cum
1474 5063 1530 5110 et
1564 5055 1665 5125 ipsi
1699 5068 1821 5126 post
1849 5057 1948 5113 has

359 5162 633 5204 aerumnas
657 5146 883 5202 meliora
915 5162 1224 5217 speremus,
1262 5147 1391 5201 illud
1427 5147 1592 5204 etiam
1628 5151 1780 5203 omni
1824 5150 1949 5203 diii-

434 5379 545 5448 (53)
582 5380 777 5433 [hiqu
804 5378 998 5448 ὄντες.
1021 5374 1340 5448 Τιιιςτιτυιιι
1367 5375 1523 5448 origo
1555 5391 1581 5428 a
1612 5386 1774 5448 gente
1805 5392 1949 5446 qum.

359 5445 583 5504 auctore
602 5450 872 5514 Curtin(l.
921 5446 1029 5511 νιι,
1056 5447 1134 5513 5),
1178 5447 1445 5502 Bactriam
1485 5446 1629 5499 inter
1661 5455 1715 5500 et
1743 5445 1948 5501 Indiam

360 5521 639 5576 habitasse
695 5520 959 5582 creditur,
987 5522 1096 5571 veri
1147 5526 1232 5571 est
1282 5517 1514 5572 similior
1550 5515 1663 5580 illa,
1716 5534 1838 5585 qua:
1881 5520 1947 5571 ad

362 5588 630 5659 Trojanos
656 5604 778 5643 eam
808 5590 990 5652 refert,
1023 5600 1077 5641 ut
1110 5585 1586 5659 Chalcocondyles
1608 5585 1699 5656 qui
1726 5589 1786 5653 tl.
1812 5585 1946 5655 VIII)

359 5656 885 5728 Constantinopolitn
939 5661 991 5711 itt
1040 5658 1116 5711 Ilii
1159 5671 1189 5709 a
1236 5656 1440 5712 Graecis
1470 5656 1641 5711 excisi
1683 5658 1942 5711 ultionem

360 5728 483 5793 jure
510 5734 702 5784 tneritn
734 5739 952 5797 captam
986 5729 1137 5781 dicit.

378 5810 381 5813 ‘
435 5798 545 5869 ςξὲά)
576 5797 907 5865 Φαρμάκων
937 5797 1354 5869 φειδομένους.
1384 5797 1469 5854 Cf.
1526 5799 1889 5869 Symmachus
1922 5836 1938 5861 ,

364 5863 405 5917 Ι.
439 5863 548 5932 VII,
580 5863 673 5938 ep.
699 5863 777 5920 ‘10
805 5869 872 5920 ad
903 5863 1141 5921 Attalum
1177 5884 1191 5920 :
1230 5868 1395 5922 Eatue
1423 5863 1625 5938 aliquid
1653 5872 1706 5924 in
1756 5873 1938 5924 verbis

2127 3034 2200 3096 γ’.
2235 3027 2463 3097 Πρῶτον
2508 3027 2609 3099 μὲν
2648 3021 2744 3082 οὑν
2793 3029 2973 3082 έκεῖνο
3015 3027 3368 3097 διανοηθῆναι
3402 3028 3530 3101 χρὴ,
3558 3027 3637 3082 ὅτι

2054 3123 2152 3177 καὶ
2184 3123 2249 3176 ὲκ
2285 3123 2397 3177 τῶν
2423 3122 2829 3193 χαλεπωτάτων
2855 3122 2956 3176 οὑκ
2984 3122 3284 3195 ἀνέλπιστα
3312 3125 3379 3178 τά
3407 3124 3636 3195 χρηστέ-

2056 3234 2219 3288 τερα,
2281 3190 2725 3282 οὕτε-ἰδιώταις,
2777 3214 2904 3268 οὑτε
2949 3190 3141 3269 πόλεσί
3173 3233 3232 3269 τε
3282 3218 3378 3270 καὶ
3408 3190 3631 3271 ’έθνεσμ

2059 3309 2254 3363 Πολλοὶ
2286 3308 2400 3380 γάρ
2449 3303 2609 3373 αὖθις
2646 3310 2788 3378 σφᾶς
2816 3307 3016 3374 αὑτούς
3042 3310 3177 3381 (55).
3210 3309 3396 3380 Τρῶές
3428 3327 3486 3363 τε
3532 3310 3639 3378 γὰρ

2053 3402 2105 3455 οἰ
2161 3402 2280 3471 μετ’
2308 3401 2550 3465 Αἰνείου,
2583 3400 2776 3474 ἐπειδὴ
2828 3402 2863 3472 ἡ
2917 3403 3120 3473 πατρὶς
3171 3402 3353 3470 σφίσιν
3390 3402 3505 3473 ἥλω
3536 3401 3640 3455 ὑπὸ

2066 3492 2323 3563 Ἀχαιῶν,
2361 3494 2418 3556 ἐς
2470 3492 2707 3549 Ἰταλίαν
2761 3495 2827 3548 ὲκ
2874 3494 3118 3565 Φρυγίας
3167 3494 3310 3548 κατὰ
3359 3495 3641 3563 συμφοράν

2053 3586 2476 3657 ἀπενεχθέντες,
2512 3586 2688 3651 οὑτως
2725 3587 2973 3658 εὐτυχῶς
3008 3588 3315 3660 ἐχρήσαντο
3350 3590 3465 3652 τοῖς
3501 3587 3640 3656 μετὰ

2051 3678 2231 3734 ταῦτα
2258 3668 2608 3751 πράγμασιν,
2644 3681 2786 3736 ὥστε
2814 3682 3002 3751 ἐπειδὴ
3029 3681 3204 3752 χρόνῳ
3236 3681 3463 3755 ὕστερον
3504 3680 3639 3735 Ῥώ-

2056 3786 2165 3840 μην
2202 3768 2318 3842 άμα
2352 3770 2621 3836 Σαϐίνοις,
2677 3772 3133 3841 Λακεδαιμονίοις
3163 3771 3335 3837 οὑσιν,
3387 3773 3479 3826 ἐπὶ
3522 3774 3639 3836 τοῖς

2054 3861 2194 3926 ῖσοις
2220 3863 2315 3917 καὶ
2335 3864 2544 3934 ὁμοίοις
2565 3864 2881 3934 κατῴκισαν
2916 3864 3049 3932 (56),
3083 3865 3193 3918 ἀπὸ
3220 3865 3428 3937 ταύτης
3455 3864 3638 3936 ὁρμιζ-

2055 3970 2231 4025 μενοι,
2269 3954 2539 4025 μεγίστην
2570 3972 2629 4008 τε
2661 3954 2779 4025 ἅμα
2810 3959 2907 4010 καὶ
2941 3958 3174 4030 ἀρίστην
3200 3957 3312 4012 τῶν
3357 3958 3417 4009 έν
3445 3958 3638 4029 μνήμῃ

2056 4046 2252 4101 πασῶν
2281 4046 2440 4118 ἔσχον
2483 4048 2584 4118 τὴν
2616 4051 2966 4118 ἠγεμονεῖαν.
3004 4052 3113 4105 Καὶ
3158 4051 3368 4121 Πέρσαι
3398 4050 3456 4104 δὲ
3500 4052 3636 4119 μετὰ

2050 4139 2152 4208 τὴν
2192 4137 2547 4212 Ἀλεξάνδρου
2583 4142 2677 4193 καὶ
2717 4140 2990 4213 Ἐλλήνων
3021 4143 3117 4196 καὶ
3149 4143 3480 4198 Μακεδόνων
3510 4141 3635 4196 δουρ

2052 4229 2227 4294 λείαν,
2259 4232 2450 4302 ἐπειδὴ
2499 4233 2605 4288 ὑπὸ
2647 4234 2942 4305 Ῥωμαίων
2970 4236 3025 4289 αἱ
3056 4235 3431 4291 Μακεδονικαὶ
3475 4235 3635 4308 βασι-

2052 4323 2193 4378 λεῖαι
2241 4325 2622 4393 κατελέλυντο,
2660 4327 2725 4380 οὑ
2772 4328 2995 4396 φαύλως
3027 4326 3139 4383 οὐδ’
3180 4327 3327 4383 οὗτοι
3359 4328 3449 4383 δ;ά
3499 4329 3637 4394 ﬂig-

2052 4416 2161 4471 ϐων
2191 4415 2325 4486 γοῦν
2358 4418 2724 4491 ἀνειλήφεσαν
2770 4422 2915 4491 σφᾶς
2941 4421 3165 4487 αὐτοὺς,
3205 4422 3323 4477 ἀλλ’
3370 4421 3511 4477 ὥστε
3543 4421 3638 4475 καὶ

2052 4508 2193 4579 πρὸς
2243 4509 2346 4581 τὴν
2384 4512 2679 4581 Ῥωμαίων
2712 4514 2912 4586 ἀρχὴν,
2963 4515 3232 4585 μεγίστην
3275 4517 3401 4568 τότε
3449 4514 3635 4578 οὖσαν,

2051 4600 2365 4657 διατελέσαι
2411 4602 2789 4673 πολεμοῦντάς
2838 4622 2898 4660 τε
2937 4606 3030 4660 καὶ
3077 4605 3428 4676 ἡττωμένους
3476 4607 3534 4659 ὲν
3559 4605 3638 4676 τῷ

1980 4715 2024 4770 ι)
2054 4694 2233 4763 μέρει,
2263 4695 2330 4748 τὰ
2360 4696 2646 4751 τελευταία
2672 4695 2730 4751 δὲ
2759 4698 2854 4753 καὶ
2902 4696 3179 4769 λαμπρῶς
3212 4698 3313 4768 ἤδη
3347 4695 3631 4766 νικῶντας,

2054 4784 2197 4839 ῶστε
2233 4788 2327 4840 καὶ
2365 4787 2552 4859 φόροις
2591 4787 2892 4857 Ῥωμαίοις
2921 4789 3263 4859 πράττεσθαι
3295 4791 3388 4844 ἐπὶ
3434 4790 3636 4855 πολλάς

2054 4877 2120 4947 δὴ
2146 4878 2357 4946 γενεάς.

2125 4969 2189 5024 δ’.
2231 4968 2386 5031 Ὥστ¹
2415 4972 2478 5025 οὑ
2509 4973 2724 5029 δίκαιον
2769 4975 3205 5048 καταπροῖεσθαι
3235 4977 3388 5049 ἡμᾶς
3415 4975 3633 5043 αὑτοὺς,

2054 5058 2165 5112 οὐδ’
2193 5053 2638 5131 ἀπογιγνώσκειν
2687 5064 2786 5137 τὴν
2827 5067 3105 5138 σωτηρίαν
3130 5081 3145 5098 °
3187 5067 3303 5120 ἀλλ’
3341 5070 3405 5120 ἐκ
3450 5066 3638 5119 δεινῶν

2015 5152 2145 5205 »καὶ
2172 5152 2369 5218 αὐτοὺς
2399 5150 2468 5208 τά
2516 5161 2869 5230 χρηστότερα
2921 5144 3268 5227 ἐλπίζοντας,
3315 5160 3492 5216 ἐκεῖνο
3543 5161 3640 5213 καὶ

2055 5381 2213 5447 meis,
2254 5385 2397 5452 quod
2429 5386 2754 5442 medicinam
2782 5389 3037 5445 sensibus
3065 5390 3176 5446 tuis
3199 5385 3402 5443 faciat?
3428 5385 3631 5451 Credo;

2057 5467 2179 5505 nam
2218 5454 2539 5526 plerumque
2570 5475 2755 5513 amara
2793 5467 2987 5514 hausta
3035 5468 3100 5513 ad
3149 5458 3381 5512 saluti-tn
3412 5462 3633 5522 valent,
3694 5518 3703 5526 ν

2049 5533 2102 5575 et
2130 5525 2313 5577 suc-cis
2351 5528 2600 5583 tristibus
2629 5529 2815 5584 adlecta
2845 5529 3181 5584 refoventur.

2120 5593 2236 5662 (55)
2269 5596 2939 5665 ΣερᾱςαὺτούςΝυτὺιιιιι
2972 5601 3172 5665 aliquid
3210 5608 3269 5654 ut
3296 5595 3634 5667 ὲπανὼρθω-

2053 5674 2269 5737 σιν-ἤια
2291 5668 2657 5737 ἀνειλήφεσαν
2690 5671 2880 5725 deesse
2910 5670 3145 5725 videtur.

2121 5733 2234 5803 (56)
2267 5733 2935 5809 Kaqtiix‘t'crarJMc-utinit
2964 5750 3157 5795 auctor
3182 5738 3555 5794 calamitatum
3595 5753 3626 5792 a

2047 5799 2828 5926 Pii-opltfrsis,'Sussamdarnu}
2870 5821 3135 5886 tgnporc,
3170 5811 3398 5882 itttpct'io
3442 5811 3629 5863 orien-

2072 5890 2138 5925 ιιι
2173 5891 2185 5926 t
2234 5887 2474 5926 uiarum.

2049 5885 2138 5926 Nl“
2173 5885 2259 5927 ιΗἸ
2271 5887 2447 5931 tarum
2459 5916 2474 5930 ο
