4104 6400
332 463 445 525 8l5
1154 449 1253 510 DE
1293 430 1551 509 nanus
1582 427 1917 509 PELOPON

2024 424 2291 508 lSlACiS
2331 432 2619 509 ORATIO
2666 448 2751 509 Ιῐ.
3501 453 3607 515 Mli

338 580 569 635 σκοπεῖν
595 574 787 647 ἁπάσῃ
814 574 882 643 τῇ
918 571 1125 642 σπουδῇ
1163 572 1256 624 καὶ
1309 570 1685 639 βουλεύεσθαι,
1724 570 1845 622 ἱθεν
1872 587 1917 620 τε

2036 569 2217 636 gentia
2252 569 2644 637 considerare,
2686 572 2881 642 quibus
2910 573 3088 630 modis
3142 574 3208 628 ad
3262 577 3608 631 SPCllrllnltml

338 672 434 724 καὶ
488 669 639 729 ὅπως
696 665 752 728 ὲς
783 664 1084 733 ἀσφάλειάν
1120 679 1244 715 τινα
1297 664 1435 732 ἡμῖν
1490 661 1800 730 κατασταίη
1860 660 1917 711 τέ

2034 659 2274 741 aliquam
2316 675 2406 715 res
2444 668 2649 716 nostrae
2709 665 3044 720 reducantur
3084 675 3137 721 et
3179 668 3459 721 nnliorcm
3512 685 3612 739 pro

336 763 668 834 πράγματα,
724 757 818 811 καὶ
860 758 924 809 ὲκ
975 755 1083 807 τῶν
1130 751 1372 806 δυνατῶν
1423 750 1817 822 εὐτυχέστερόν
1868 766 1917 802 τε

2034 750 2294 805 facultate
2364 760 2553 806 nostra
2616 762 2820 808 statum
2870 758 3030 811 nobis
3081 774 3488 829 comparemus.
3539 759 3612 815 Ut

339 854 651 925 πράξαιμεν
689 848 783 902 καὶ
811 849 1059 913 ἄμεινον.
1098 846 1258 898 Ἐστι
1303 843 1349 897 δ’
1379 844 1477 897 οὐκ
1510 843 1668 911 ἄλλος
1692 859 1776 905 τις
1803 844 1905 911 τρό

2030 849 2213 895 autem
2269 842 2551 897 meliorem
2609 844 2714 898 sibi
2771 853 2973 900 statum
3009 840 3090 900 vel
3137 850 3331 904 civitas
3361 852 3445 905 vel
3474 867 3612 922 gens

338 966 440 1010 πός
471 944 564 998 τοῦ
601 949 663 996 ὲκ
706 942 967 1012 χειρόνων
999 938 1225 1009 ἄμεινον
1256 937 1465 1009 πρᾶξαι
1497 937 1652 989 πόλιν
1691 936 1724 1006 ἦ
1775 935 1917 993 ἔθνος

2029 933 2211 1001 aliqua
2268 932 2517 999 ﬁrmiter,
2579 944 2846 1004 quantum
2914 939 3135 1008 quidem
3201 958 3289 996 res
3360 943 3613 998 humanm

341 1040 575 1111 βεϐαίως
606 1036 739 1106 γοῦν
768 1036 862 1089 καὶ
892 1032 1148 1101 ἀσφαλῶς
1185 1033 1285 1085 ὅσα
1316 1047 1379 1100 γε
1429 1031 1499 1083 τά
1543 1028 1862 1097 ἀνθρώπινα
1893 1028 1917 1096 ἦ

2031 1024 2238 1088 lerunt,
2270 1035 2619 1095 comparent,
2652 1043 2761 1081 nou
2796 1029 2900 1083 alia
2942 1046 3028 1085 res
3062 1031 3247 1096 ellicit,
3298 1050 3462 1103 quam
3503 1038 3612 1088 rei-

336 1133 440 1199 τὴν
470 1126 746 1182 πολιτείαν
773 1120 1353 1192 ἑπανορθωσαμένους.
1382 1117 1460 1193 Οὐ
1484 1119 1593 1187 γάρ
1618 1118 1755 1183 άλλη
1780 1112 1917 1170 αἰτία

2032 1116 2262 1183 publica:
2292 1119 2629 1173 emendatio.
2660 1117 2817 1174 Nulla
2848 1121 3116 1190 siquidem
3157 1123 3261 1177 alia
3295 1124 3614 1181 civitatibus

337 1221 436 1275 τοῦ
469 1219 653 1281 πόλεις
685 1212 744 1271 εὖ
780 1215 814 1286 ἢ
854 1213 1040 1277 κακῶς
1088 1212 1352 1281 πράττιιν
1388 1210 1422 1283 ἢ
1473 1210 1722 1262 πολιτεία
1760 1226 1917 1261 σπου-

2026 1219 2111 1262 est
2142 1208 2224 1262 vel
2251 1208 2526 1264 felicitatis
2554 1210 2637 1265 vel
2681 1210 3020 1268 infelicitatis
3078 1224 3266 1281 causa,
3293 1233 3456 1286 quam
3499 1236 3616 1276 res-

339 1313 526 1382 δαίαῆ
561 1310 740 1380 φαύλη
788 1304 1381 1377 ὲγκαθεστηκυῖαίὸτ).
1430 1302 1584 1373 Τύχῃ
1643 1300 1689 1353 δ’
1724 1301 1791 1371 ἦν
1843 1318 1917 1363 τις

2031 1300 2247 1370 publica
2270 1311 2420 1356 recte
2443 1302 2527 1357 vel
2561 1318 2721 1359 secus
2744 1306 3062 1360 constituta.
3086 1306 3240 1373 Quod
3267 1311 3311 1363 si
3330 1326 3439 1379 quo
3470 1326 3605 1366 casu
3655 1340 3661 1348 ~

342 1411 438 1461 καὶ
465 1404 608 1459 κατὰ
641 1402 868 1472 γνώμην
896 1399 1127 1470 πράξειε
1167 1396 1344 1459 πόλις,
1379 1395 1494 1449 ἀλλ’
1527 1393 1808 1459 ἁῦέϐαιον,
1833 1396 1917 1445 καλ

2032 1404 2175 1449 recte
2200 1409 2259 1449 se
2280 1396 2470 1451 civitas
2495 1398 2710 1462 habeat,
2744 1398 2795 1452 id
2821 1392 3035 1453 llrmum
3063 1415 3169 1453 non
3195 1410 3299 1462 est,
3325 1416 3386 1456 ac
3418 1402 3522 1456 levi
3545 1404 3614 1459 de

339 1499 477 1567 ταχὺ
512 1496 661 1566 φιλεῖ
708 1510 811 1546 που
851 1492 921 1546 τά
956 1508 1021 1561 γε
1051 1489 1279 1543 τοιαῦτα
1327 1486 1806 1559 περιτρέπεσθαι·
1856 1483 1917 1535 τὰ

2026 1504 2194 1545 causa
2234 1500 2413 1560 potest
2442 1491 2719 1545 immutari
2747 1508 2762 1559 ;
2793 1492 3114 1562 plerumque
3143 1503 3324 1548 autem
3350 1495 3430 1549 vel
3469 1494 3613 1549 bona

337 1590 394 1642 δὲ
424 1587 597 1639 πολλὰ
628 1586 696 1639 δι’
741 1584 944 1655 ἀρετὴν
982 1582 1267 1644 πολιτείας
1316 1581 1411 1633 καὶ
1447 1576 1717 1641 σώζονταί
1748 1593 1806 1630 τε
1834 1582 1917 1628 καὶ

2032 1580 2312 1649 republica
2364 1592 2772 1636 conservantur
2828 1593 2882 1638 et
2914 1595 3168 1640 crescunt
3212 1588 3495 1651 civitates,
3526 1587 3610 1641 vcl

336 1680 589 1750 αἴρονται
618 1680 674 1732 αί
712 1680 932 1742 πόλεις’
965 1679 1061 1731 καὶ
1095 1675 1411 1730 τούναντίον
1442 1666 1693 1742 φθίνουσί
1728 1686 1789 1722 τε
1830 1666 1927 1722 καὶ

333 1772 641 1826 διόλλυνται
690 1772 791 1842 τῆς
851 1770 1131 1834 πολιτείας
1189 1769 1343 1838 σφίσι
1384 1767 1656 1839 πρότερον
1704 1765 1924 1835 διεφθο-

337 1864 519 1935 ρυίας.

2026 1684 2218 1725 contra
2253 1682 2513 1743 corrupta
2540 1684 2594 1729 et
2622 1676 2750 1744 ipsa:
2780 1675 3134 1733 collabuntur
3156 1694 3219 1733 ac
3258 1689 3513 1749 pereunt.

407 1952 477 2011 ε’.
523 1954 695 2025 Κοινῇ
743 1971 801 2009 τε
835 1952 945 2024 γὰρ
991 1953 1041 2007 οί
1090 1953 1357 2023 Ἕλληνες
1402 1952 1464 2006 οὐ
1495 1952 1766 2023 πρότερον
1814 1950 1915 2023 τὴν

2091 1945 2145 2000 5.
2179 1946 2316 2001 Nam
2366 1954 2417 2000 et
2435 1948 2801 2002 communiter
2848 1942 3024 2004 (ἕναξοί
3052 1965 3160 2003 non
3189 1957 3314 2004 ante
3342 1948 3605 2007 latissime

335 2048 481 2102 κατά
513 2046 612 2117 τὴν
641 2047 974 2117 οἰκουμένην
1000 2045 1158 2111 δόξαν
1186 2047 1367 2115 ἔσχον,
1400 2048 1535 2116 πρὶν
1564 2046 1707 2113 σφᾶς
1745 2045 1919 2116 Ἦρα·

334 2140 471 2210 κλῆς
505 2141 533 2194 ό
575 2138 1010 2211 Ἀμφιτρύωνος,
1049 2140 1267 2218 ἀδικίας
1303 2139 1556 2209 καθάρας
1590 2139 1729 2218 (58),
1768 2139 1922 2192 εὐνο-

341 2233 474 2301 μίαν
496 2248 554 2284 τε
595 2230 691 2285 καὶ
728 2231 893 2301 ζῆλον
935 2212 1141 2301 ἀρετῆς
1178 2231 1566 2301 ἁντεισήγαγε.
1600 2214 1682 2283 Τά
1708 2230 1766 2283 δὲ
1814 2229 1924 2298 πρὸ

356 2322 694 2393 Ἥρακλέους
739 2322 801 2376 οὐ
834 2322 974 2376 πάνυ
1023 2322 1233 2389 ἔνδοξον
1266 2324 1325 2375 τὸ
1358 2323 1468 2375 τῶν
1512 2320 1781 2392 Ἑλλήνων
1831 2321 1924 2387 γέιι

339 2434 451 2481 νος,
488 2410 547 2470 οὗ
581 2416 776 2471 Δαναοί
821 2434 883 2470 τε
912 2417 1009 2470 καὶ
1060 2416 1299 2484 Κάδμοι,
1332 2417 1398 2469 ὲκ
1434 2414 1730 2486 βαρϐάρων
1755 2414 1923 2485 ἧκον-

338 2526 432 2571 τες
462 2509 725 2580 ἐπήλυδες
775 2509 971 2579 ἄνδρες
1017 2508 1288 2578 ἐκράτουν
1313 2523 1326 2537 ·
1361 2508 1501 2578 μετὰ
1547 2506 1606 2560 δὲ
1649 2506 1923 2585 Ἡρακλέα

338 2601 395 2654 al.
425 2601 614 2654 πολλαὶ
642 2600 736 2654 καὶ
768 2602 1004 2671 μεγάλαι
1042 2600 1315 2670 Ἑλλήνων
1339 2600 1490 2652 νίκαι
1525 2597 1583 2652 ἐν
1612 2616 1670 2652 τε
1699 2600 1763 2668 τῇ
1802 2594 1924 2652 Ἐλ-

338 2694 458 2747 λάδι
494 2693 589 2745 καὶ
641 2680 928 2763 βαρϐάρῳ.
975 2689 1397 2761 Λακεδαιμόνιοί
1434 2698 1495 2745 τε
1545 2693 1607 2745 οὗ
1656 2693 1923 2765 πρότερον

336 2785 444 2839 τῶν
482 2784 753 2853 Ἐλλήνων
795 2783 1065 2855 ἡγεμόνες
1111 2784 1542 2855 ἀπεδείχθησαν,
1592 2785 1726 2851 πρὶν
1765 2786 1922 2855 σφίσι

336 2860 653 2944 Λυκοῦργος
684 2877 782 2946 τὴν
812 2874 1218 2946 ἐπαινουμένην
1259 2876 1479 2948 ἐκείνην
1522 2876 1802 2930 πολιτείαν
1837 2894 1924 2928 νε-

337 2967 696 3038 νομοθετήκει
722 2984 739 3000 ο
772 2966 897 3021 οὐδὲ
925 2969 1195 3037 πρότερον
1226 2969 1591 3040 πεπλήγεσάν
1614 2980 1673 3021 τε
1703 2970 1796 3022 καὶ
1818 2969 1920 3039 τῆς

337 3060 666 3130 ἡγεμονείας
732 3058 1186 3124 ἑκπεπτὼκεδαν,
1242 3064 1372 3131 πρὶν
1417 3063 1517 3132 τῆς
1558 3059 1922 3129 καθεστώσης

336 3149 617 3213 πολιτείας
670 3150 1182 3221 παρημελήκεσαν·
1220 3152 1316 3205 καὶ
1357 3154 1457 3221 τῆς
1499 3152 1598 3221 μὲν
1644 3154 1788 3208 κατὰ
1819 3154 1919 3208 θάο

336 3248 534 3295 λατταν
568 3242 854 3312 δυνάμεως
901 3244 1356 3315 άντιπεποὶηντο,
1387 3246 1487 3307 τὰς
1542 3247 1715 3310 πεζὰς
1764 3247 1920 3301 αὐτοὶ

338 3337 471 3399 τέως
504 3334 939 3406 θεραπεύοντες’
971 3336 1033 3389 τὸ
1070 3337 1116 3390 δ’
1145 3336 1370 3390 ίππικδν
1416 3338 1654 3391 κάκιστα
1691 3339 1812 3392 τότε
1841 3336 1919 3392 εἷ-

337 3443 429 3495 χεν
459 3426 643 3489 αὐτοῖς
692 3427 829 3497 (³59),
860 3425 1173 3497 τρεφόντων
1226 3426 1328 3495 μὲν
1376 3428 1503 3489 τοὺς
1550 3429 1754 3492 ἵππους
1809 3430 1920 3481 τῶν

336 3519 786 3585 πλουσιωτάτων,
815 3519 909 3572 ἐπὶ
949 3519 1007 3572 δὲ
1041 3520 1139 3588 τῆς
1176 3520 1369 3588 χρείας
1403 3520 1511 3571 τῶν
1543 3521 1916 3589 συντεταγμέ-

337 3630 442 3663 νων
466 3610 1029 3681 παρα),αμ6ανόντων,
1071 3598 1191 3680 μεθ’
1223 3611 1405 3665 ὅπλων
1445 3613 1608 3665 όποῖα
1636 3610 1748 3682 ἄρα
1770 3611 1912 3664 δοῖεν

336 3705 553 3766 αὐτοῖς*
613 3706 707 3758 καὶ
748 3705 858 3757 τῶν
908 3704 1219 3774 συμμάχων
1270 3704 1329 3758 δὲ
1377 3704 1479 3757 οὐκ
1532 3704 1617 3757 ἔτι
1680 3705 1916 3775 μετρίως

335 3795 650 3866 ἐξηγοῦντο.
684 3796 982 3865 Τοιγάρτοι
1034 3798 1138 3849 ὑπὸ
1167 3792 1428 3867 Θηϐαίων
1472 3795 1707 3867 ἥττηντο
1749 3797 1917 3851 Ἐπα-

338 3887 599 3957 μινώνδου
646 3888 955 3959 ἡγουμένου
1003 3891 1210 3956 αὐτῶν,
1260 3889 1463 3965 ἀνδρὸς⁸
1509 3891 1609 3958 τῆς
1663 3888 1916 3958 Πυθαγο⁶

342 3982 500 4050 ρείων
543 3981 796 4045 παιδείας
824 3983 924 4035 οὐκ
974 3984 1032 4034 ὲν
1081 3984 1342 4053 παρέργῳ
1380 3980 1757 4050 διακηκοότος.
1808 3982 1918 4036 Καὶ

335 4075 600 4137 Φίλιππος
644 4074 701 4128 δὲ
754 4075 860 4139 ὑπὸ
930 4074 1315 4147 Ἐπαμινώνδᾳ
1358 4075 1537 4144 τούτῳ
1578 4075 1809 4144 τραφείς
1854 4089 1916 4125 τε

337 4164 429 4216 καὶ
484 4166 817 4229 παιδευθεὶς,
868 4166 1029 4218 όπότε
1078 4166 1230 4237 παρὰ
1280 4165 1542 4236 Θηϐαίοις
1593 4165 1911 4235 ὠμήρευεν,

336 4255 561 4324 ἡγεμὼν
584 4258 692 4309 τῶν
734 4257 1009 4327 Ἑλλήνων
1033 4258 1354 4328 ἀπεδείχθη.
1388 4259 1497 4310 Καὶ
1536 4256 1910 4327 Ἀλέξανδρος,

2028 2048 2303 2109 patentem
2333 2040 2691 2096 obtinuerunt
2713 2042 2942 2111 gloriam
2979 2059 3142 2114 quam
3179 2044 3443 2101 Hercules
3478 2048 3606 2102 Am-

2025 2126 2332 2202 phitryonis
2371 2130 2515 2187 illius
2569 2131 2833 2202 injustitia
2895 2136 3135 2202 sublata,
3178 2136 3376 2192 bonam
3418 2140 3607 2209 reipu-

2028 2224 2183 2303 blicae
2205 2223 2651 2279 constitutionem
2680 2226 3008 2296 virtutistlue
3037 2227 3274 2283 studium
3309 2229 3442 2299 ipsis
3468 2246 3604 2287 con-

2024 2318 2231 2374 ciliavit
2261 2319 2553 2387 (siquidem
2589 2329 2714 2375 ante
2736 2315 3022 2376 llercnlem
3053 2322 3272 2391 quidem
3306 2340 3417 2380 non
3445 2326 3606 2381 valde

2027 2409 2128 2463 fuit
2153 2399 2368 2465 celebre
2386 2404 2700 2465 Graecorum
2727 2426 2900 2481 genus
2931 2413 3019 2467 cui
3048 2410 3217 2469 Danai
3238 2414 3606 2484 etCadmi,ex

2027 2501 2279 2556 barbaria
2304 2501 2532 2581 advenae
2555 2502 2919 2571 imperarent;
2954 2516 3076 2575 post
3107 2503 3391 2563 Herculem
3415 2520 3603 2566 autem

2027 2592 2225 2650 audias
2273 2588 2446 2652 Grzeci
2517 2612 2852 2667 magnasque
2908 2604 3022 2652 tum
3060 2612 3090 2652 a
3131 2597 3357 2667 Graecis,
3412 2612 3526 2657 tum
3572 2622 3603 2661 a

2026 2690 2273 2744 barbaris
2326 2690 2635 2744 retulerunt
2670 2691 2953 2762 victorias)
2989 2702 3044 2747 et
3073 2692 3470 2751 Lacedzemouii
3495 2711 3604 2752 non

2024 2791 2152 2837 ante
2171 2781 2258 2836 vcl
2303 2782 2616 2837 Graecorum
2672 2782 2800 2838 facti
2834 2793 2964 2840 sunt
3022 2785 3322 2855 principes,
3374 2804 3539 2857 quam
3573 2808 3604 2845 α

2026 2869 2270 2942 Lycurgo
2300 2871 2617 2943 praeclaram
2642 2872 2790 2927 illam
2812 2874 3129 2940 reipublicae
3152 2876 3603 2932 constitutionem

2023 2962 2337 3032 acciperent
2371 2981 2387 3029 ;
2427 2963 2511 3019 vel
2542 2966 2850 3034 principatu
2893 2966 3035 3036 pulsi
3066 2967 3603 3038 expulerunt,quant

2023 3054 2279 3107 eamdem
2312 3054 2671 3125 negligereut,
2711 3070 2775 3109 ac
2822 3066 2938 3110 tum
2975 3055 3078 3111 sibi
3123 3057 3293 3114 maris
3318 3057 3604 3126 imperium

2024 3145 2391 3209 vindicarent,
2420 3147 2512 3216 qui
2554 3157 2754 3202 terram
2809 3156 3040 3204 eatenus
3092 3156 3428 3219 tenuerant;
3486 3160 3601 3205 tum

2024 3233 2269 3302 equitatu
2297 3234 2584 3289 minimum
2612 3236 2878 3302 valerent,
2915 3251 3076 3307 quem
3106 3247 3166 3292 ut
3199 3239 3411 3295 alebant
3444 3238 3608 3294 ditis—

2026 3324 2150 3379 simi
2202 3325 2430 3395 quique,
2484 3325 2561 3381 ita
2597 3326 2724 3382 belli
2783 3338 3028 3397 tempore
3083 3327 3207 3383 aliis
3249 3343 3374 3384 cum
3433 3334 3606 3385 armis

2025 3416 2501 3487 qualibuscuuque
2526 3419 2833 3483 tradebant,
2871 3428 2985 3474 tum
3026 3420 3192 3476 sociis
3219 3436 3328 3475 non
3367 3421 3609 3477 clemen-

2029 3520 2113 3564 ter
2142 3510 2378 3579 amplius
2412 3510 2770 3581 imperarent,
2804 3511 3076 3578 Quocirca
3108 3522 3237 3569 sunt
3269 3529 3301 3568 a
3329 3512 3607 3569 Thebanis

2028 3601 2227 3656 devicti
2260 3603 2429 3657 ductu
2461 3602 2874 3672 Epaminondae,
2906 3604 3001 3675 qui
3041 3604 3352 3659 doctrinam
3401 3605 3604 3677 Pytha-

2026 3694 2266 3764 goricam
2300 3709 2408 3750 non
2429 3694 2670 3765 segniter
2696 3703 3032 3766 perceperat.
3073 3694 3356 3766 Philippus
3384 3712 3605 3768 quoque

2024 3789 2093 3841 ab
2128 3788 2233 3842 hoc
2288 3786 2686 3858 Epaminonda,
2731 3803 2853 3843 cum
2911 3788 3120 3846 Thebis
3162 3789 3325 3846 obses
3381 3790 3602 3862 degeret

2024 3880 2327 3947 institutus,
2383 3881 2696 3938 Graecorum
2752 3883 3004 3954 princeps
3073 3885 3291 3953 evasit;
3344 3899 3442 3940 nec
3492 3900 3604 3939 non

2025 3973 2147 4042 ejus
2204 3972 2353 4028 illius
2409 3973 2714 4028 Alexander
2778 3991 2903 4029 cum
2955 3976 3186 4045 Philippi
3232 3977 3424 4046 patris,
3489 3985 3603 4031 tum

2025 4064 2339 4119 Aristotelis
2364 4051 2585 4134 insuper
2618 4064 2969 4121 institutione
2999 4079 3052 4121 et
3081 4066 3396 4122 Graecorum
3428 4066 3603 4135 impe-

2023 4164 2189 4229 rium,
2220 4171 2274 4216 et
2300 4161 2442 4217 Asia:
2480 4176 2706 4232 regnum
2738 4163 3010 4231 superatis
3067 4161 3252 4219 Persis
3303 4162 3408 4218 sibi
3457 4174 3609 4215 com-

2025 4255 2259 4323 paravit.

335 4352 528 4404 τούτου
564 4354 699 4415 υί“›ς,
736 4354 841 4405 ὑπὸ
891 4355 968 4425 τῷ
1006 4353 1156 4424 αὐτῷ
1187 4370 1245 4407 τε
1276 4355 1449 4425 πατρὶ
1494 4355 1749 4424 Φιλίππῳ
1784 4351 2124 4415 παιδευθεὶς,
2152 4351 2251 4405 καὶ
2314 4350 2396 4403 ἔτι
2452 4352 2838 4423 Ἀριστοτέλει,
2911 4352 3184 4424 Ἐλλήνων
3243 4369 3302 4409 τι
3356 4353 3602 4425 ἡγεμὼν,

337 4450 429 4501 καὶ
458 4451 556 4515 τῆς
602 4448 781 4514 Ἀσίας
814 4450 1065 4520 βασιλεὺς
1108 4450 1370 4521 κατέστη,
1414 4455 1629 4522 Πέρσας
1666 4451 2042 4522 παρελόμενος
2077 4450 2180 4519 τὴν
2212 4449 2412 4520 ἀρχήν.

409 4547 484 4603 ς’.
529 4541 792 4609 Ῥωμαῖοί
837 4559 895 4594 τε
926 4542 1023 4608 ξὺν
1059 4543 1231 4614 ἀρετῇ
1263 4545 1546 4608 πολιτείας
1594 4546 1650 4608 ἐς
1690 4547 1791 4615 τὴν
1822 4559 1916 4613 με-

2094 4541 2147 4593 6.
2169 4537 2314 4604 Quin
2338 4540 2501 4594 etiam
2533 4538 2761 4595 Romani
2791 4541 2857 4596 ad
2897 4542 3197 4598 maximum
3231 4544 3603 4615 principatum

338 4631 507 4700 γάλην
541 4633 869 4702 ήγεμονείαν
901 4634 1216 4704 παρῄεσαν·
1249 4637 1310 4688 οὐ
1340 4638 1602 4708 πρότερόν
1638 4655 1696 4689 τε
1731 4639 1917 4706 σφίσιν

337 4722 509 4774 Εκλινέ
536 4740 594 4774 τε
620 4724 686 4776 τὰ
714 4726 1021 4793 πράγματα
1050 4726 1143 4778 καὶ
1167 4728 1351 4797 χεῖρον
1379 4729 1527 4797 ἔσχε,
1558 4734 1689 4797 πρὶν
1724 4729 1794 4781 τὰ
1821 4747 1916 4781 κα-

335 4812 578 4867 θεστῶτα
600 4818 1019 4887 ὲκεκινήκεσαν.
1041 4819 1389 4891 Σαρρακηνοὶ
1418 4821 1531 4891 (40)
1559 4814 1706 4875 οὗτοι
1727 4822 1790 4875 τὺ
1816 4824 1915 4890 μὲν

250 4942 253 4953 ν
342 4906 506 4959 πάλαι
536 4909 598 4960 οὐ
653 4910 868 4980 μεγάλη
910 4927 997 4974 τις
1046 4907 1191 4981 ἦσαν
1240 4915 1411 4982 μοῖρα
1466 4913 1739 4983 Ἀράϐων,
1782 4913 1914 4967 Ῥω-

338 4997 515 5065 μαίων
574 5016 633 5052 τε
692 5004 832 5062 τέως
881 5001 1160 5070 ὑπήκουον
1218 5008 1285 5056 τα
1340 5003 1554 5058 πολλάο
1616 5004 1733 5058 ἀλλ’
1763 5006 1912 5074 ὅμως

335 5086 523 5156 ἐπειδὴ
564 5089 751 5157 σφίσιν
792 5092 978 5155 αὐτοῖς
1011 5094 1209 5162 νόμους
1238 5094 1392 5159 τινὰς
1429 5093 1636 5161 ἔθεντο,
1687 5101 1781 5150 καὶ
1813 5113 1911 5149 πο-

406 5308 517 5377 (57)
534 5310 1065 5379 Ἐγκαθεστηκυῖα.
1082 5309 1139 5366 ln
1164 5310 1302 5368 hanc
1316 5317 1563 5369 eamdem
1589 5314 1915 5369 sententiam

336 5380 485 5454 Plato
649 5379 906 5454 lV,__i_nit.
956 5383 1138 5454 dicit:
1206 5384 1348 5454 Πρός
1398 5386 1559 5437 τοῦτο
1604 5385 1917 5454 βλέποντες,

352 5453 454 5572 ἔην
482 5450 637 5571 πόλιέ
659 5450 959 5534 οἰκίζομεν,
998 5452 1146 5515 ὅπως
1188 5450 1513 5523 ότιμάλιστα
1562 5450 1659 5522 ὅλη
1687 5457 1720 5525 ἡ
1765 5458 1918 5519 πόλις

385 5538 510 5572 aut
541 5536 602 5571 ευ
638 5536 840 5572 αιμων.

340 5534 447 5573 Ἓστ
460 5538 510 5572 1t
541 5534 689 5571 ευοαι
702 5537 840 5574 μων.

385 5538 510 5573 σται
541 5538 840 5587 ευοαιμων.

402 5591 515 5659 (58)
583 5590 844 5655 Ἀδικίας
872 5591 1155 5660 καθάρας.
1190 5594 1421 5647 Plethon
1476 5593 1542 5648 ad
1593 5592 1905 5650 Graecorum

333 5663 495 5735 medii
521 5662 619 5713 aevi
666 5662 844 5735 instar.
893 5666 1269 5731 theologorum
1333 5680 1397 5718 ac
1454 5665 1906 5735 philosophorum

332 5734 540 5807 priscos
569 5733 782 5807 mythos
831 5729 904 5783 ita
932 5729 1155 5803 exponit
1187 5747 1242 5789 ut
1266 5729 1551 5789 meliorum
1599 5729 1907 5807 temporum

330 5815 453 5869 spes
491 5800 887 5856 inderelttceat.

400 5871 510 5937 (39)
549 5871 615 5923 Τὸ
668 5869 721 5921 δ’
761 5870 1078 5929 ἱππικὸν...
1139 5876 1277 5928 Τίτε
1333 5870 1498 5945 εἶχεν
1555 5875 1759 5944 αὐτοῖς
1826 5875 1911 5931 Cf.

2027 4636 2337 4706 reipublica:
2395 4638 2639 4712 bonitate
2702 4650 3087 4709 pervenerunt,
3150 4658 3250 4697 nec
3299 4643 3452 4712 prius
3517 4658 3604 4697 res

2026 4731 2245 4784 illorum
2275 4729 2384 4785 labi
2412 4709 2715 4801 coeperant,
2769 4748 2933 4802 quam
2965 4735 3357 4806 rempublicam
3407 4735 3605 4790 immu-

2021 4832 2254 4878 tassent.
2290 4823 2550 4879 Saraceni
2584 4828 2823 4897 denique
2881 4828 2968 4883 isti
3005 4830 3133 4884 olim
3184 4830 3407 4898 quidem
3438 4844 3603 4899 parva

2022 4917 2271 4985 qmedam
2309 4924 2467 4971 erant
2497 4918 2737 4972 Arabum
2757 4935 2906 4992 pars,
2933 4931 2986 4975 ct
3018 4920 3282 4975 Romanis
3311 4920 3423 4975 fere
3448 4936 3604 4989 parc—

2025 5009 2154 5062 Imnl
2210 5025 2225 5073 ;
2289 5018 2576 5078 postquam
2650 5025 2779 5065 vero
2837 5021 3044 5065 mutata
3099 5012 3375 5081 republica
3458 5012 3603 5078 leges

2027 5100 2299 5170 quasdam
2335 5100 2465 5155 ferri
2495 5101 2597 5155 sibi
2630 5104 2775 5171 passi
2811 5112 2957 5166 sunt.
2993 5118 3114 5172 quae
3144 5111 3202 5158 ut
3232 5118 3337 5156 non
3364 5101 3430 5156 ad
3454 5100 3602 5154 aliud

2032 5314 2333 5386 Xenophon
2372 5316 2583 5375 Hellen.
2616 5316 2706 5385 Vl,
2731 5322 2785 5384 4,
2822 5321 2910 5386 10,
2943 5321 3033 5375 ubi
3065 5320 3130 5375 de
3156 5318 3599 5379 Lacedaemonio-

2031 5403 2150 5439 rum
2182 5391 2425 5454 equitatu
2454 5403 2643 5454 parum
2672 5392 3096 5445 commendabili
3121 5394 3356 5446 disserit.

2103 5456 2213 5525 (40)
2256 5457 2653 5524 Σαρῤακηνοί.
2690 5460 3081 5514 Saracenorum
3138 5477 3334 5515 nomen
3372 5478 3399 5515 a
3434 5464 3604 5520 verbo

2017 5526 2404 5598 arab.§aralta
2443 5542 2654 5598 rapere,
2711 5532 3016 5583 derivatum
3074 5535 3308 5598 primum
3358 5538 3601 5588 occurrit

2019 5599 2162 5660 apud
2195 5595 2572 5650 Ptolemazuut.
2603 5597 2801 5652 deinde
2829 5603 2971 5667 apud
2995 5595 3119 5655 Ani.
3148 5601 3516 5657 Marcellimtnt
3548 5621 3603 5657 «ιι
3671 5652 3677 5657 .

2018 5668 2746 5744 Marcianumgeographum
2773 5669 2812 5724 V
2848 5674 3030 5744 saeculi
3088 5685 3231 5741 saepe
3265 5671 3499 5744 legitur;
3532 5677 3600 5729 ad

2022 5743 2197 5812 tripus
2250 5736 2402 5812 arab.
2456 5736 2510 5789 in
2561 5736 2756 5807 primis
2814 5737 3049 5795 refertur
3103 5736 3223 5812 qua:
3274 5736 3345 5796 ad
3390 5736 3600 5800 Indiam

2018 5806 2230 5884 tit-ient.
2256 5816 2309 5859 et
2340 5805 2627 5884 Pyrenmps
2673 5825 2850 5879 usque
2897 5814 3045 5869 caede
3072 5805 3135 5868 ct'
3160 5814 3377 5884 rapinis,
3424 5825 3600 5871 totum

2022 5877 2370 5931 Occidentem
2400 5877 2817 5937 terrelecerunt.
