4104 6400
393 327 515 393 849·

1212 327 1309 388 ΒΕ
1346 328 1597 389 llEBUS
1636 326 2336 419 FELOI‘ONNESIACIS
2363 324 2651 385 ORATIO
2691 322 2773 388 Π.

3559 317 3668 383 550

388 441 593 494 κόντων
626 439 878 511 πράξεών
908 459 968 494 τε
1001 441 1097 495 καὶ
1140 443 1616 516 ἐπιτηδευμάτων.
1656 446 1815 499 Ἔστι
1840 445 1885 499 δ’
1916 445 1975 496 ὲν

2088 458 2143 499 se
2179 442 2512 498 immiscere.
2550 441 2711 512 Atqui
2739 442 2794 495 in
2819 438 2974 496 omni
3008 438 3120 494 fere
3173 437 3397 493 civitate
3427 436 3663 506 primum

388 528 542 583 πόλει
572 530 760 601 σχεδὸν
791 532 980 605 ἁπάσῃ
1017 535 1238 603 πρῶτον
1269 534 1370 606 μὲν
1400 534 1496 588 καὶ
1541 534 1977 603 ἀναγκαιότατον

390 621 563 695 μέρος
598 624 692 677 καὶ
721 625 877 694 γένος
905 631 1002 680 κα)⁸
1045 628 1299 687 πλεῖστον
1329 627 1389 680 τὸ
1436 627 1823 699 αὖτουργικὸν.
1853 628 1979 682 ὅσον

388 715 658 784 γεωργῶν
680 733 739 768 τε
768 717 861 769 καὶ
891 716 1104 786 νομέων
1132 717 1227 772 καὶ
1258 719 1593 790 ξυμπάντων
1624 719 1732 773 τῶν
1757 720 1887 782 τοὺς
1915 721 1979 772 ἐκ

388 809 494 877 γῆς
525 808 709 863 αύτῶν
735 809 805 862 δι’
832 810 1015 864 αὐτῶν
1058 812 1439 883 ποριζομένων
1470 811 1721 880 καρπούς
1746 828 1760 843 ⁶
1789 812 1875 867 ἓτε
1888 818 1979 882 ρον

386 902 444 956 δὲ
472 901 532 955 τὺ
567 900 774 965 τούτοις
806 900 874 956 αὖ
912 903 1009 957 καὶ
1038 901 1115 975 τῷ
1143 903 1289 976 ἄλλῳ
1320 905 1530 969 πόλεως
1566 902 1763 976 πλήθει
1788 904 1978 957 διακο-

386 995 587 1059 νικὸν(
611 996 737 1049 ὅσον
763 995 1234 1068 δημιουργητικόν
1277 1015 1336 1051 τε
1378 999 1473 1051 καὶ
1518 997 1851 1068 semp-xcv,
1885 997 1979 1052 καὶ

388 1086 698 1158 καπηλικὸν
728 1088 918 1158 φῦλον,
971 1089 1067 1144 καὶ
1096 1091 1146 1144 εί
1174 1090 1237 1162 δή
1271 1108 1323 1146 τι
1351 1091 1481 1146 ἄλλο
1522 1092 1738 1154 τούτοις
1766 1091 1979 1162 προσῆ-

389 1198 487 1233 κον
513 1195 528 1211 ⁸
558 1180 912 1250 δημιουργῶν
943 1182 1044 1251 μὲν
1068 1181 1136 1235 τὰ
1165 1182 1239 1253 μὴ
1266 1182 1396 1237 ὄντα
1418 1184 1529 1237 τῶν
1560 1186 1769 1241 σκευῶν
1793 1178 1979 1258 ὧνπερ

389 1273 671 1344 ἄνθρωποι
719 1276 778 1340 ἐς
803 1276 896 1329 τὸν
943 1275 1058 1347 βίον
1090 1276 1322 1342 δέονται,
1357 1279 1413 1341 ἐς
1456 1267 1646 1332 οὐσίαν
1692 1279 1935 1347 ἀγόντων
1961 1296 1976 1310 ο

393 1368 658 1436 ἐμπόρων
684 1367 741 1420 δὲ
772 1368 840 1421 τὰ
884 1368 1252 1433 πλεονάζον-σά
1280 1386 1339 1422 τε
1371 1370 1467 1423 καὶ
1512 1371 1830 1425 ἐλλείποντα
1858 1373 1980 1436 ταῖς

388 1456 599 1527 χώραις
651 1458 911 1521 ἑκάσταις
958 1459 1303 1512 ἁπισούντων
1347 1463 1415 1532 τῇ
1447 1463 1511 1513 ἐκ
1551 1460 1652 1528 τῆς
1701 1461 1895 1530 ἑτέρας
1920 1463 1978 1526 ἐς

386 1546 486 1618 τὴν
520 1547 714 1617 ἑτέραν
742 1548 1109 1620 μετακομιδῇ,
1131 1549 1312 1603 αὐτῶν
1335 1552 1393 1614 ἐς
1421 1551 1520 1620 τὴν
1546 1553 1822 1605 διακονίαν
1851 1551 1981 1606 ταύ-

385 1657 485 1707 την
515 1641 967 1695 καταταττόντων
994 1642 1214 1708 αὐτοὺς,
1248 1642 1343 1696 ἆτε
1374 1644 1435 1696 οὖ
1465 1645 1839 1713 σχολαζόντων
1867 1647 1976 1699 τῶν

385 1728 731 1797 αύτουργῶν,
782 1729 886 1783 ὑπὸ
932 1731 1029 1784 τοῦ
1058 1734 1171 1795 τοῖς
1217 1733 1402 1785 αὐτῶν
1445 1735 1739 1803 πράγμασι
1772 1736 1974 1805 προσέ-

2079 546 2136 592 et
2198 534 2438 590 maxime
2478 532 2852 589 necessarium
2896 541 2980 588 est
3038 540 3093 587 et
3150 526 3662 584 numerosissimum

2081 613 2417 682 rusticorum
2445 641 2641 696 genus,
2662 623 3026 695 agricolarum
3050 623 3327 685 videlicet,
3348 626 3657 691 pastorum,

2079 716 2283 786 quique
2314 716 2408 771 alii
2456 726 2637 770 teme-
2672 714 2886 769 l‘ructus
2917 714 3154 784 propriis
3192 712 3445 767 manibus
3512 710 3671 765 colli-

2080 819 2232 880 gunt.
2292 809 2541 865 Alterum
2572 817 2657 863 est
2711 808 2968 876 upilieum
3027 822 3223 875 genus,
3269 816 3662 869 mercatorum,

2082 904 2400 958 institorum
2425 913 2479 957 et
2515 902 2778 957 similium
2801 899 2947 970 quod
2975 898 3169 970 primis
3192 899 3299 952 illis
3324 913 3389 954 ac
3442 900 3666 967 reliqua:

2080 996 2290 1051 civitati
2335 992 2756 1060 inseruit;dum
2799 993 3024 1063 opiﬁces
3066 991 3291 1060 quidem
3348 991 3665 1061 supellecti-

2082 1090 2189 1145 lem
2231 1089 2488 1145 humanae
2523 1088 2650 1143 vita:
2691 1085 3058 1142 necessariam
3093 1084 3146 1137 in
3180 1083 3422 1138 medium
3462 1084 3664 1151 produ-

2081 1191 2233 1248 cunt,
2277 1192 2608 1236 mercatores
2641 1188 2821 1234 autem
2893 1194 3016 1250 qua:
3048 1177 3283 1248 singulis
3315 1176 3323 1185 ’
3353 1175 3668 1245 regionibus

2081 1274 2168 1329 vel
2230 1273 2414 1328 desint
2438 1272 2522 1326 vel
2553 1272 2853 1341 supersint,
2882 1272 2949 1325 de.
2981 1285 3088 1325 una
3122 1270 3179 1324 in
3235 1268 3397 1323 aliam
3432 1266 3667 1321 transfe-

2081 1366 2253 1419 rendo
2287 1372 2597 1434 exarquant,
2624 1372 2679 1417 et
2705 1361 2970 1432 quoniam
2998 1359 3086 1415 alii
3121 1358 3234 1415 suis
3258 1367 3526 1428 coguntur
3581 1370 3666 1410 rc-

2081 1455 2184 1512 bus
2225 1470 2439 1519 vacare,
2472 1455 2580 1525 ipsi
2637 1455 2778 1510 hanc
2809 1452 3151 1524 provinciam
3185 1451 3515 1521 suspiciunt,
3578 1450 3666 1503 in-

2083 1549 2308 1602 stitores
2332 1548 2568 1617 denique
2606 1549 2672 1601 de
2717 1545 2944 1600 rusticis
2973 1544 3192 1616 quidem
3227 1544 3311 1599 vel
3344 1545 3666 1598 mercatori-

2084 1643 2188 1698 bus
2224 1651 2414 1698 emunt
2446 1643 2724 1703 universa.
2765 1640 3179 1710 requirentibus
3219 1649 3400 1694 autem
3437 1639 3670 1708 singulis

2084 1737 2526 1808 quandocnnque
2564 1744 2618 1789 ct
2649 1747 2979 1803 quocunque
3018 1731 3187 1785 velint
3209 1727 3437 1785 numero
3468 1730 3662 1785 diven-

382 1821 863 1892 χειν’καπήλων
913 1821 991 1888 δὲ,
1044 1823 1197 1894 παρὰ
1254 1823 1356 1890 μὲι
1401 1796 1517 1899 τῶν
1563 1796 1888 1893 αύιουργῶν
1935 1826 1968 1897 ἦ

2088 1828 2237 1888 dunt.
2303 1824 2554 1905 norninlli
2616 1825 2782 1878 etiam
2845 1821 3093 1892 corporis
3157 1822 3300 1876 vires
3360 1821 3669 1885 elocantes.

380 1930 546 1968 τινων
575 1914 837 1985 ἐμπόρων
881 1914 1054 1986 ἀθρόα
1084 1916 1432 1985 ὠνουμένων,
1463 1919 1574 1971 τῶν
1614 1918 1671 1971 δὲ
1701 1918 1975 1987 δεομένω-θ

380 2008 637 2070 ἑκάστοις
667 2008 760 2060 ἐπὶ
792 2008 892 2076 τῆς
920 2008 1138 2078 χρείας,
1167 2008 1356 2072 ὁπότε,
1385 2010 1480 2063 καὶ
1508 2012 1720 2063 ὁπόσων
1747 2009 1974 2077 δέοιντο,

383 2099 807 2171 ἀποδιδομένων.
856 2101 977 2154 Εἰσὶ
1005 2100 1053 2155 δ’
1082 2100 1132 2155 οἳ
1168 2101 1264 2155 καὶ
1310 2102 1411 2173 τὴν
1457 2103 1548 2157 τοῦ
1606 2104 1859 2175 σώματος
1929 2104 2117 2179 ῥώμην
2179 2107 2559 2180 μισθούμενοι,
2604 2104 2983 2170 διακονοῦντες
3044 2105 3236 2171 ἄλλοτε

385 2193 576 2259 ζῶσιν.

461 2286 525 2340 0'.
571 2287 696 2340 Ἐπὶ
730 2287 788 2342 δὲ
835 2286 1048 2351 τούτοις
1101 2289 1161 2341 τὸ
1210 2288 1438 2360 ἀρχικὸν
1474 2291 1661 2359 φῦλον,
1710 2293 1977 2364 σωτήρων

388 2380 448 2433 τὲ
475 2397 638 2433 τινων
664 2379 764 2449 τῆς
794 2379 922 2450 ὅλης
955 2380 1162 2445 πόλεως
1191 2382 1225 2453 ἢ
1259 2383 1450 2451 γένους
1484 2385 1598 2454 (45)
1627 2386 1659 2456 ἦ
1688 2388 1867 2454 γενῶν
1911 2387 1980 2440 ἂν

391 2472 534 2527 οὓτω
558 2472 700 2545 τύχῃ
745 2476 841 2528 καὶ
887 2474 1181 2544 φυλάκων·
1231 2469 1308 2529 ὧν
1354 2481 1653 2547 κορυφαῖος
1692 2480 1791 2548 μὲν
1823 2480 1980 2549 βασι-

389 2564 539 2629 λεὺς,
571 2565 605 2635 ἦ
635 2583 720 2631 τις
762 2566 1027 2636 ήγεμὼν,“
1045 2567 1165 2637 μεθ’
1191 2568 1252 2621 ὃν
1280 2568 1431 2622 ἄλλοι
1478 2568 1616 2624 ἄλλα
1643 2570 1979 2642 διειληφότες

390 2658 648 2729 γένουςῆ
697 2659 906 2724 πόλεως
962 2662 1126 2731 μέρη,
1171 2662 1534 2724 διασώζουσιν
1565 2662 1775 2718 ἕκαστα
1833 2664 1900 2718 ἄν
1929 2683 1981 2718 τι

395 2751 655 2822 γίγνηται
697 2752 810 2805 τῶν
852 2753 993 2807 κατὰ
1025 2755 1247 2822 τρόπον.
1308 2755 1464 2809 Ἐπεὶ
1496 2755 1605 2825 γὰρ
1658 2756 1756 2828 οὐχ
1785 2751 1896 2810 οἷόν
1921 2773 1982 2810 τε

392 2845 603 2909 πᾶντας
631 2845 955 2915 ἀνθρώπους
987 2846 1284 2917 πεισθῆναι
1329 2848 1404 2910 ὡς
1432 2848 1492 2902 τὸ
1529 2848 1644 2902 ἴσον
1674 2848 1781 2921 χρὴ
1813 2847 1979 2919 ἔχειν,

390 2941 487 2993 καὶ
525 2940 601 3011 μὴ
651 2941 1022 3008 πλεονεκτεῖν,
1076 2941 1214 3013 μηδὲ
1257 2943 1373 3006 τοῖς
1410 2941 1715 3013 ἀλλοτρίοις
1760 2943 1984 3000 ἐπιϐου-

389 3034 570 3088 λεύειν
596 3049 610 3063 °
644 3034 760 3087 ἀλλ’
786 3036 926 3088 εἰσὶν
952 3035 1004 3090 οἳ
1022 3033 1126 3090 τοῦ
1154 3037 1476 3108 αὐτουργεῖν
1518 3037 1922 3108 ἀμελήσαντες,
1946 3039 1980 3110 ἦ

389 3146 511 3182 τινα
541 3127 711 3198 ἄλλην
742 3129 850 3183 τῶν
876 3130 934 3193 ἐς
984 3127 1079 3182 τὸν
1131 3128 1246 3198 βίον
1274 3128 1465 3200 χρείαν
1513 3129 1812 3195 συντελεῖν,
1861 3133 1974 3195 τοῖς

2083 1937 2229 1977 nunc
2289 1921 2376 1977 his
2426 1934 2571 1975 nunc
2629 1919 2736 1976 illis
2772 1918 3140 1974 ministerium
3197 1918 3508 1973 exhibendo
3557 1911 3673 1974 vie-

2089 2014 2271 2069 titant.

3305 2105 3511 2169 ἄλλοις,
3554 2106 3673 2160 δια-

2108 2320 2111 2323 ·
2158 2295 2214 2350 9.
2255 2294 2598 2350 Postremum
2636 2301 2721 2349 est
2769 2291 3078 2363 principum
3115 2307 3308 2361 genus.
3345 2291 3435 2363 qui
3468 2292 3551 2347 vel
3581 2307 3674 2346 ur-

2088 2386 2209 2441 bem
2242 2384 2325 2441 vel
2349 2395 2564 2457 gentem
2595 2393 2762 2439 totam
2784 2395 3115 2439 conservant
3139 2392 3305 2453 atque
3325 2385 3670 2448 custodiunt,

2087 2490 2320 2546 quorum
2371 2484 2432 2531 ut
2480 2490 2772 2545 supremus
2824 2484 2911 2530 est
2942 2490 3058 2540 rex,
3096 2475 3170 2530 ita
3208 2485 3333 2545 post
3392 2476 3542 2531 illum
3579 2477 3670 2531 alii

2088 2569 2224 2623 alias
2257 2567 2413 2622 urbis
2454 2568 2535 2621 vel
2556 2567 2734 2637 gentis
2761 2569 2939 2623 sortiti
2975 2578 3159 2636 partes
3198 2568 3299 2623 rite.
3319 2579 3670 2624 conservant.

2089 2661 2227 2716 Cum
2272 2660 2419 2715 enim
2459 2662 2563 2716 hoc
2593 2661 2854 2717 omnibus
2883 2662 3197 2732 persuaderi
3223 2673 3480 2734 nequeat,
3505 2663 3674 2733 :eqni~

2089 2761 2257 2810 tatem
2285 2752 2496 2824 absque
2534 2753 2734 2824 injuria
2770 2756 3086 2812 sectandum
3119 2769 3262 2820 esse,
3299 2771 3400 2811 nec
3445 2755 3676 2811 tenden-

2085 2846 2186 2903 das
2226 2846 2551 2917 cujusquam
2581 2847 2742 2904 bonis
2799 2848 3030 2904 insidias
3060 2867 3075 2915 ;
3108 2849 3354 2905 nonnulli
3387 2858 3568 2904 autem
3589 2850 3673 2904 vel

2085 2938 2250 3010 primi
2300 2940 2387 2995 vel
2417 2939 2644 2995 secundi
2709 2940 2925 3011 generis
2950 2941 3168 2996 ou-issis
3222 2940 3481 3012 operibus
3531 2940 3672 3005 suis.

2086 3032 2317 3087 aliorum
2342 3030 2555 3087 inhient
2592 3031 2870 3088 laboribus
2901 3049 2918 3100 ;
2950 3043 3141 3088 contra
3166 3033 3268 3088 hos
3290 3032 3522 3089 instituti
3548 3043 3678 3088 sunt

2082 3138 2149 3179 ex
2175 3124 2367 3181 amicis
2396 3124 2614 3195 quidem
2633 3123 2850 3195 judices
2880 3135 2935 3180 et
2960 3125 3153 3196 reliqui
3190 3116 3460 3196 prmfecti.
3480 3141 3545 3181 ex
3571 3127 3661 3180 itii-

389 3221 597 3292 ἑτέρων
630 3220 814 3284 πόνοις
843 3219 1189 3290 ἐπιφύονται.
1224 3219 1381 3274 Κατὰ
1405 3221 1471 3292 δὴ
1498 3218 1707 3277 τούτων
1733 3222 1969 3292 ἐτάχθη-

2088 3218 2236 3277 micis
2264 3234 2393 3274 vero
2417 3219 2617 3275 milites
2640 3231 2696 3275 et
2730 3219 2926 3274 horum
2956 3220 3148 3282 duces.
3176 3220 3377 3290 quibus
3403 3236 3526 3275 cum
3557 3229 3677 3274 tan-

392 3328 519 3377 σαν,
551 3312 745 3380 φιλίων
770 3313 869 3381 μὲν
895 3311 1294 3383 νομιζομένων.
1317 3312 1575 3367 δικασταί
1595 3330 1678 3380 τε,
1706 3314 1799 3367 καὶ
1829 3312 1978 3368 ἄλλοι

391 3403 696 3472 ἄρχοντες·
752 3405 1034 3475 πολεμίων
1086 3405 1169 3471 δὲ,
1215 3405 1547 3476 στρατιῶται
1583 3422 1667 3468 τε,
1720 3406 1817 3461 καὶ
1863 3406 1981 3458 ὅσοι

393 3497 657 3568 ἄρχοντες
686 3497 919 3553 τούτων.
969 3494 1066 3561 Οἷς
1098 3496 1524 3568 ἀσχολουμένοις
1565 3497 1696 3570 περὶ
1733 3496 1835 3570 τὴν
1872 3498 1982 3552 τῶν

391 3589 530 3643 ὅλων
552 3589 825 3661 φυλακὴν,
853 3589 1045 3661 ἐπειδὴ
1066 3589 1338 3659 ἑτέρωθεν
1361 3589 1468 3643 ἔδει
1496 3590 1608 3644 τῶν
1630 3588 1980 3660 ἐπιτηδείων,

395 3682 554 3751 φόροι
595 3684 748 3752 παρὰ
784 3683 893 3737 τῶν
940 3680 1264 3752 αύτουργῶν
1298 3680 1536 3751 μάλιστα
1567 3681 1815 3737 ἑκάστων
1861 3685 1983 3738 sri-

2085 3327 2245 3382 quam
2266 3313 2497 3385 publica:
2517 3314 2742 3370 intentis
2760 3313 3018 3370 custodia:
3040 3314 3261 3370 aliunde
3279 3313 3675 3384 suppeditanda

2084 3414 2266 3462 essent
2333 3407 2666 3475 necessaria,
2730 3407 2934 3463 tributa
2985 3407 3211 3464 rusticis
3253 3407 3307 3462 in
3365 3407 3673 3461 dimensum

2088 3498 2434 3568 publicorum
2479 3500 2766 3555 custodum
2822 3501 3091 3571 imperata
3148 3513 3298 3566 sunt,
3334 3516 3548 3555 merces
3575 3515 3675 3570 pa-

2086 3590 2223 3646 riter
2277 3598 2332 3646 et
2364 3591 2649 3661 praemium
2692 3592 3180 3657 custodizel'utura,
3214 3603 3383 3661 atque
3423 3594 3539 3648 haec
3579 3592 3680 3646 tri-

2094 3685 2354 3742 butorum
2413 3696 2495 3741 est
2530 3685 2714 3756 origu.

392 3778 607 3848 χθησαν
657 3774 947 3846 φέρεσθαι,
994 3775 1211 3847 σίτησις
1258 3778 1375 3845 τοῖς
1407 3777 1610 3840 κοινοῖς
1657 3776 1861 3846 φύλαξι
1895 3781 1991 3831 καὶ
2027 3778 2223 3849 μισθός
2246 3795 2328 3842 τις
2359 3784 2458 3831 καὶ
2484 3780 2602 3849 ἅμα
2631 3780 2801 3851 γέρας
2823 3779 2924 3849 τῆς
2950 3779 3221 3849 φυλακῆς.
3255 3780 3364 3833 Καὶ
3419 3778 3560 3852 αὕτη
3609 3783 3675 3853 δὴ

394 3876 608 3946 γένεσις
647 3877 852 3945 φόρων.

468 3968 524 4024 ι’.
551 3968 735 4037 Τριῶν
767 3967 832 4041 δὴ
874 3969 1083 4025 τούτων
1110 3970 1280 4025 ὄντων
1306 3973 1365 4026 ἐν
1413 3970 1563 4025 πόλει
1593 3973 1704 4025 τῶν
1750 3971 1986 4043 πρώτων

395 4062 572 4133 γενῶν
596 4063 740 4116 κατά
768 4080 832 4132 γε
860 4063 1045 4131 φύσιν,
1076 4065 1166 4119 ἴδι⁹
1194 4066 1331 4119 ἄττα
1357 4066 1453 4119 καὶ
1474 4066 1543 4118 τὰ
1569 4064 1984 4135 ἐπιτηδεύματι

398 4154 492 4209 καὶ
514 4157 571 4209 αἱ
602 4154 831 4226 πράξεις
861 4155 1131 4218 ἑκάστων,
1165 4158 1261 4211 καὶ
1283 4160 1310 4210 ὁ
1337 4158 1630 4219 σπουδαῖος
1658 4159 1822 4227 νόμος
1853 4162 1987 4213 αὖτ’,

393 4244 543 4300 τοῦθ’
592 4247 756 4314 όριεί,
811 4246 880 4298 τὰ
910 4245 1077 4300 αὐτοῦ
1135 4246 1402 4316 πράττειν
1452 4247 1707 4310 ἕκαστον,
1753 4249 1873 4301 καί
1909 4248 1982 4316 μὴ

393 4337 762 4391 ἀπαλλάττειν
790 4337 937 4408 ἄλλῳ
966 4339 1114 4409 ἄλλῳ
1151 4339 1301 4407 γένει
1331 4339 1671 4407 ἐπιτήδευμα
1701 4339 1797 4393 καὶ
1836 4342 1979 4410 πρᾶ-

396 4430 497 4495 ξιν.
540 4430 749 4485 Αὐτίκα
793 4430 924 4493 τοὺς
977 4429 1250 4502 ἄρχοντας
1291 4431 1459 4500 μηδὲν
1513 4430 1621 4483 τῶν
1655 4431 1982 4486 διακονικῶν

394 4522 740 4594 ἐπιτηδεύειν
763 4539 778 4555 ο
811 4520 1207 4577 ἐναντιώτατον
1234 4522 1343 4591 γάρ
1376 4539 1479 4575 που
1519 4521 1764 4576 διακονία
1795 4525 1937 4594 ἀρχῇ
1968 4542 1982 4556 ⁸

316 4678 323 4685 ι
392 4616 681 4669 διακονικὰ
731 4616 778 4670 δ’
810 4614 1248 4687 ἐπιτηδεύματα,
1303 4615 1442 4669 ἄλλα
1486 4633 1569 4678 τε.
1622 4615 1699 4680 ὡς
1746 4616 1981 4686 ἔφαμεν,

2167 3969 2256 4021 ttt.
2292 3964 2432 4021 Cum
2473 3979 2637 4034 porro
2666 3964 2751 4018 via
2795 3965 2909 4018 luce
2947 3962 3119 4032 prima
3157 3965 3270 4020 sint
3311 3965 3593 4019 hominum
3620 3968 3674 4021 in

2092 4061 2227 4113 urbe
2264 4070 2488 4126 genera,
2518 4056 2737 4125 promia
2771 4055 3021 4124 quzudam
3051 4055 3390 4125 singulorum
3421 4071 3547 4113 esse
3576 4059 3672 4113 dc-

2092 4150 2224 4205 bent
2255 4148 2456 4215 otiieia,
2486 4163 2609 4217 qua:
2646 4147 2869 4217 quidem
2903 4148 3074 4216 proba
3114 4149 3199 4204 lex
3224 4149 3381 4204 obire
3403 4164 3679 4221 quemque

2084 4242 2269 4313 jubet,
2324 4256 2425 4295 nec
2482 4240 2626 4294 inter
2679 4255 2739 4295 se
2796 4238 3158 4295 confundere.
3194 4238 3678 4313 Principes-igitur

2091 4335 2300 4391 nullum
2336 4333 2571 4388 subeant
2598 4333 2988 4397 ministerium,
3027 4334 3474 4403 quandoquidem
3505 4334 3678 4405 impe-

2092 4427 2176 4483 rio
2208 4426 2446 4481 maxime
2469 4429 2808 4481 contrarium
2845 4436 2930 4481 est
2959 4425 3296 4482 ministrare.
3330 4425 3473 4482 Sunt
3494 4438 3675 4483 autem

2092 4521 2238 4575 inter
2269 4519 2576 4573 ministeria
2632 4535 2755 4573 cum
2783 4518 2912 4582 alia,
2946 4535 3068 4588 quae
3104 4522 3507 4584 recensuimus,
3564 4532 3677 4575 tum

2090 4604 2366 4666 institui-ia
2403 4622 2456 4665 et
2502 4620 2830 4665 mercatura.
2880 4612 2949 4665 At
3009 4610 3310 4681 principem
3383 4611 3539 4681 jubet
3596 4613 3677 4667 lex

395 4708 491 4761 καὶ
530 4707 804 4778 ὲμπορεὶα
854 4725 914 4760 τε
962 4707 1061 4761 καὶ
1114 4707 1418 4772 καπηλεία.
1456 4708 1719 4777 Ἀρχοντι
1746 4709 1801 4760 δὲ
1838 4709 1866 4763 ὅ
1922 4726 1986 4777 γε

2098 4716 2204 4754 non
2240 4709 2608 4754 mercaturam
2651 4716 2754 4753 nec
2784 4699 3113 4754 instituriam
3147 4700 3350 4764 facere,
3398 4717 3499 4756 nec
3532 4704 3677 4756 aliud

394 4800 686 4864 σπουδαῖος
738 4800 902 4868 ντῖμος
954 4800 1109 4870 όριεῖ.
1151 4799 1227 4870 μὴ
1285 4799 1493 4867 ἐξεῖναι
1548 4799 1980 4871 ἐμπορεύεσθαι,

399 4892 534 4962 μηδὲ
568 4888 930 4963 καπηλεύειν,
964 4891 1088 4962 μηδ’
1118 4891 1282 4947 ἄλλου
1317 4892 1546 4962 μηδενὺς
1572 4893 1843 4947 ἅπτεσθαι
1873 4894 1984 4947 τῶν

396 4984 787 5054 ενελευοέρων.
816 4981 958 5047 Τούς
987 5000 1047 5037 τε
1076 4985 1417 5055 στρατιώτας
1441 4984 1845 5053 ἀποκεκρίσθαι
1876 4986 1985 5038 τῶν

399 5074 632 5140 πολλῶν,
666 5075 761 5128 καὶ
795 5075 934 5137 ὅλως
978 5074 1109 5137 τοὺς
1152 5074 1428 5139 σώζοντας
1461 5074 1571 5127 τῶν
1615 5076 1946 5146 σωζομένων
1971 5092 1985 5108 ο

399 5167 497 5221 καὶ
525 5168 650 5231 τοὺς
678 5167 777 5237 μὲν
800 5166 1136 5237 ἀφειμένους
1162 5167 1367 5228 παντὸς
1393 5167 1560 5236 φόρου
1588 5167 1989 5237 στρατεύεσθαί

395 5276 456 5313 τε
480 5259 577 5313 καὶ
606 5259 1056 5330 προκινδυνεύειν
1089 5258 1200 5312 τῶν
1244 5257 1476 5321 πολλῶν,
1508 5259 1637 5322 τοὺς
1660 5259 1717 5311 δὲ
1755 5262 1868 5322 τοῖς
1895 5259 1990 5311 αύ-

399 5352 509 5407 τῶν
538 5352 930 5423 προσέχοντας.
968 5352 1187 5414 ἱκανούς
1235 5369 1295 5406 τε
1339 5351 1398 5414 ἐς
1441 5350 1697 5421 δύναμιν,
1731 5356 1827 5406 καὶ
1869 5353 1988 5424 ἅμα

402 5445 463 5499 οὐ
500 5444 687 5517 βαρεῖς
712 5462 866 5508 τινας
897 5445 1088 5515 φέρειν
1120 5445 1245 5506 τοὺς
1278 5444 1499 5514 φόρους,
1544 5445 1762 5511 σίτησιν
1792 5439 1905 5499 τοϊς
1930 5463 1990 5498 τε

402 5537 761 5610 ἄρχουσικαὶ
812 5535 1161 5608 στρατιωτῶν
1207 5537 1321 5599 τοῖς
1376 5535 1589 5603 λογάσι.
1633 5533 1708 5588 Τὸ
1753 5536 1890 5589 πολὺ
1933 5536 1993 5591 δὲ

405 5632 505 5702 τῆς
540 5631 826 5701 στρατιᾶς,
868 5630 965 5684 καὶ
1010 5630 1073 5683 τὸ
1123 5628 1578 5697 ἀναγκαιότατον,
1624 5626 1897 5697 ὁμόφυλον
1935 5647 1993 5684 τε

2092 4794 2396 4863 quidquam
2434 4809 2542 4848 non
2579 4792 2802 4848 liberale
2855 4802 3113 4848 tractare.
3171 4792 3439 4849 Similiter
3463 4810 3492 4849 a
3522 4798 3681 4865 Vulgo

2091 4896 2455 4941 secernuntur
2490 4886 2710 4951 milites,
2737 4899 2802 4940 ac
2839 4895 3145 4939 serVatores
3177 4900 3207 4939 a
3263 4886 3584 4953 servandis;
3630 4897 3684 4941 et

2095 4984 2170 5039 illi
2209 4980 2429 5050 quidem
2460 4979 2528 5032 ab
2556 4978 2707 5035 omni
2765 4978 3059 5033 collatione
3114 4978 3269 5033 liberi
3306 4978 3559 5043 militent,
3616 4995 3679 5035 ac

2093 5074 2355 5148 populum
2394 5080 2653 5126 tueantur
2683 5086 2698 5128 :
2734 5069 2789 5124 hi
2814 5084 2943 5124 vero
2978 5083 3108 5123 εειιιε
3141 5084 3229 5124 res
3259 5081 3483 5139 agentes
3504 5073 3681 5127 idonei

2092 5175 2221 5223 sunt
2247 5162 2528 5235 regnando
2556 5178 2654 5218 nec
2683 5162 2866 5231 gravia
2892 5162 3093 5215 tributa
3126 5163 3428 5233 principum
3464 5174 3517 5219 et
3541 5165 3685 5219 mili-

2097 5260 2248 5314 tibus
2280 5256 2611 5311 uutrimenta
2657 5255 2917 5323 pendunt.
2952 5252 3125 5322 Μηῇοιθ
3164 5269 3293 5308 vero
3327 5270 3453 5324 pars
3473 5274 3683 5312 esum-

2101 5358 2186 5403 tus
2222 5356 2277 5401 et
2306 5344 2483 5415 potior
2511 5344 2712 5398 civium
2749 5342 2842 5406 sit,
2871 5358 2936 5396 ac
2962 5343 3424 5408 dmnesticornm.
3449 5364 3554 5403 non
3587 5366 3682 5419 pc'

2102 5439 2471 5511 regrinnrum,
2538 5435 2806 5504 siquidem
2864 5449 2991 5490 raro
3046 5433 3169 5490 lidei
3232 5446 3364 5491 sunt
3415 5441 3682 5511 peregrin;

2103 5532 2400 5601 multisque
2435 5527 2840 5583 mutationibus
2871 5526 3144 5580 interdum
3182 5543 3281 5600 pro
3311 5534 3598 5586 servatori!
3623 5550 3686 5588 us

2103 5637 2269 5697 atque
2300 5621 2628 5679 custodibus
2658 5619 2849 5676 hostes
2878 5619 3183 5688 exsistunt,
3220 5621 3512 5681 domestici
3558 5614 3690 5685 vero

480 5792 594 5864 (4'5)
626 5794 861 5851 Πόλεως
887 5791 923 5853 ἢ
956 5793 1187 5863 γένειις.
1254 5793 1367 5851 Vid.
1408 5794 1541 5852 Plat.
1572 5797 1608 5851 l.
1642 5794 1677 5851 Υ
1749 5792 1810 5848 de
1840 5792 2142 5863 (lepidum.
