4104 6400
437 368 545 434 857
1056 382 1061 393 '
1252 373 1353 436 DE
1396 373 1656 437 REBUS
1711 378 2430 446 PELOPUNNESIACIS
2467 386 2755 450 ORATIO
2793 387 2870 448 II.
3615 392 3727 455 858

433 485 613 555 χρόνῳ
638 485 863 559 ὕστερον
891 486 1193 559 νομοθέτης
1228 488 1334 544 ὑπὸ
1366 491 1465 563 τῆς
1499 493 1709 559 πόλεως
1752 495 2013 567 αἱρεθεὶς,

2128 502 2512 560 constitutione
2576 506 2912 571 introducta,
2966 505 3379 561 celeberrimam
3416 503 3591 573 ipsam
3622 522 3724 561 ur—

433 576 531 629 καὶ
572 579 672 647 τὴν
719 577 827 631 ὑπὸ
877 578 1095 633 πάντων
1147 581 1549 653 ἐπαινουμένην
1601 586 2018 656 ἐγκαταστήσας

441 669 714 721 πολιτείαν
761 668 924 737 αὐτῇ,
958 670 1404 742 εὐδοκιμωτάτην
1459 676 1670 729 πόλεων
1713 677 1769 731 ἒν
1802 695 1862 731 τε
1893 680 2021 733 Ἕλ-

435 761 562 828 λησι
615 762 709 815 καὶ
744 763 1047 833 βαρϐάροις
1093 766 1344 835 ἀπέφηνε
1371 785 1386 801 ⁶
1432 770 1530 822 καὶ
1594 769 1943 843 Ἀλέξανδρος
1992 777 2020 829 ὁ

436 853 763 908 Μακεδόνων
789 855 1067 932 βασιλεὺς,
1101 858 1160 922 ὃς
1191 861 1261 913 δι’
1291 862 1498 932 ἀρετήν
1540 879 1598 916 τε
1629 868 1724 918 καὶ
1756 867 2018 937 φρόνημα

436 944 814 1010 ἡγεμονεύσας
852 947 1149 1020 Ἑλλήνων,
1176 953 1403 1024 Ἕλλησί
1430 973 1493 1012 τε
1520 956 1657 1025 ὁμοῦ
1702 960 1799 1012 καὶ
1830 961 2019 1013 Μακε-

436 1036 550 1089 δόσι
584 1036 682 1107 τὴν
724 1039 907 1103 Ἀσίας
941 1043 1272 1112 ήγεμονείαν
1313 1047 1669 1119 περιεποίησε
1693 1064 1707 1079 ⁸
1742 1052 1838 1105 καὶ
1890 1052 2020 1124 βαρ·

437 1129 624 1188 ϐἁρων
658 1130 715 1184 δὲ
758 1132 939 1204 Κῦρος
978 1137 1005 1187 ὁ
1050 1136 1287 1207 Πέρσης,
1321 1139 1379 1199 ὃς
1433 1140 1645 1209 Πέρσας
1682 1145 1809 1206 τοὺς
1846 1145 2023 1201 αὑτοῦ»

439 1220 662 1284 πολίτας
697 1222 768 1277 δι’
790 1225 993 1296 ἀρετὴν
1021 1227 1187 1281 αὐτοῦ
1210 1230 1326 1299 ἆμα
1355 1231 1454 1300 μὲν
1479 1232 1581 1302 τῆς
1613 1235 1815 1304 Μήδων
1843 1239 2020 1308 ἀπήλ-

438 1312 563 1379 λαξε
599 1316 867 1381 δουλείας,
903 1317 1021 1388 ἅμα
1054 1320 1109 1374 δὲ
1138 1327 1229 1377 καὶ
1267 1323 1476 1379 τούτων
1507 1344 1567 1379 τε
1594 1329 1689 1382 καὶ
1719 1330 1823 1400 τῆς
1852 1332 2022 1403 ἄλλης

453 1405 636 1469 Ἀσίας
669 1409 946 1478 ἡγεμόνας
976 1412 1249 1481 ἀπέφηνε.
1434 1444 1437 1449 ·

512 1504 600 1567 ιη’.
630 1498 752 1553 Τῶν
793 1500 841 1554 δ’
883 1502 1088 1571 ἐτέρων
1142 1505 1295 1561 ἄλλοι
1345 1525 1406 1561 τε
1457 1509 1553 1563 καὶ
1592 1510 1945 1579 Ἀλέξανδρος
1993 1514 2022 1566 δ

440 1589 694 1658 Πριάμου
746 1593 774 1644 ό
818 1592 1027 1659 Ἰλιεὺς,
1065 1595 1123 1661 ὃς
1169 1601 1227 1651 ὲν
1276 1602 1342 1670 τῇ
1396 1602 1573 1669 κρίσει
1624 1603 1734 1658 τῶν
1781 1604 1923 1658 θεῶν
1949 1607 2043 1675 τῇ,

358 1706 363 1711 ι
436 1680 649 1748 αἱρέσει
677 1685 744 1753 τῇ
772 1684 883 1736 τῶν
916 1685 1069 1753 βίων,
1100 1689 1377 1758 ὑπεριδὼν
1402 1691 1503 1761 μὲν
1536 1694 1740 1763 Ἥρας,
1768 1696 1868 1766 τῆς
1896 1696 2023 1766 ἀρε·

435 1770 537 1838 τῆς
590 1774 791 1844 ἐφόρου
821 1776 983 1845 Θεοῦ,
1030 1781 1305 1852 ὑπεριδὼν
1337 1784 1393 1839 δὲ
1436 1786 1690 1856 Ἀθηνᾶς,
1724 1788 1825 1857 τῆς
1864 1788 2021 1858 δόξης

436 1860 505 1919 αὖ
544 1872 977 1939 προεστηκυίας,
1027 1873 1376 1946 Ἀφροδίτην,
1406 1878 1482 1942 ὡς
1518 1880 1583 1949 δὴ
1629 1880 1823 1950 ἡδονῆς
1855 1880 2021 1935 οὖσαν

437 1956 590 2021 Θε“ν,
628 1962 932 2034 προῦκρινέ
977 1983 1036 2018 τε
1082 1969 1174 2021 καὶ
1203 1968 1511 2038 προείλετο.
1544 1972 1839 2043 Τοιγάρτοι
1868 1973 2022 2043 βασι-

436 2046 585 2113 λείας
618 2053 718 2119 μὲν
756 2054 864 2109 ὑπὸ
901 2056 1083 2124 Ἤρας
1110 2060 1396 2130 διδομένης
1420 2063 1766 2135 ὀλιγωρήσας
1792 2064 1887 2119 τοῦ
1918 2083 2025 2136 μαι

439 2146 786 2212 καριωτάτου
827 2147 945 2218 βίου
998 2151 1093 2205 τοῦ
1129 2152 1253 2205 κατ’
1298 2154 1525 2227 ἀρετὴν,
1562 2162 1655 2212 καὶ
1687 2158 1924 2229 κράτους
1954 2155 2024 2213 αὖ

439 2233 699 2304 πολέμων
726 2237 834 2291 ὑπὸ
867 2238 1122 2311 Ἀθηνᾶς,
1146 2242 1244 2295 τοῦ
1277 2245 1559 2316 φιλοτίμου
1591 2246 1733 2317 βίου,
1774 2250 2026 2321 καὶπερὶ

440 2323 536 2395 τὴν
566 2324 725 2391 δόξαν
752 2327 992 2399 ἔχοντος,
1038 2332 1262 2405 Ἑλένην
1302 2335 1360 2389 δὲ
1404 2337 1506 2407 τὴν
1534 2339 1828 2410 Τυνδάρεω
1858 2341 2026 2409 θυγαο

439 2419 595 2489 τέρα,
629 2422 883 2477 Μενέλεω
912 2424 968 2477 δὲ
993 2429 1230 2493 γυναῖκα
1270 2429 1367 2482 τοῦ
1411 2430 1655 2500 ’Λτρέως
1687 2432 1789 2504 τὴν
1817 2436 2024 2490 Λάκαι-

439 2529 557 2574 ναν,
590 2513 765 2583 δῶρον
789 2515 882 2569 ἐπὶ
915 2517 1088 2589 ταύτῃ
1122 2522 1185 2589 τῇ
1219 2521 1395 2592 ἀδίκῳ
1430 2523 1611 2592 κρίσει
1651 2525 1914 2596 εἰληφὼς,
1948 2528 2024 2592 ὡς

438 2604 503 2673 δὴ
530 2605 827 2675 κεφάλαιον
857 2608 1025 2663 οὖσαν
1055 2610 1276 2682 ἡδονῆς,
1310 2614 1608 2686 καλλίστην
1641 2617 1741 2686 μὲν
1767 2617 1874 2671 τῶν
1901 2619 2023 2672 τότε

437 2695 704 2752 δοκοῦσαν
743 2700 845 2771 τὴν
888 2702 1054 2769 ίδέαν,
1083 2705 1181 2775 τὴν
1216 2704 1273 2758 δὲ
1297 2704 1476 2777 ψυχὴν
1518 2707 1693 2772 ἄλλως
1735 2710 2024 2779 αἰσχίστην

441 2787 537 2841 καί
571 2788 953 2859 μοιχεύτριαν.
986 2794 1127 2863 πρὸς
1152 2795 1328 2868 ταύτῃ
1358 2797 1519 2851 αὐτόν
1552 2816 1610 2851 τε
1637 2799 1775 2868 ὁμοῦ
1804 2802 1900 2854 καὶ
1926 2801 2024 2873 τὴ)

442 2882 678 2949 πατρίδα
718 2886 1133 2954 προσαπώλεσε.
1166 2888 1278 2942 Καὶ
1300 2890 1719 2960 Σαρδανάπαλος
1746 2892 1805 2946 δὲ
1832 2895 1860 2947 ὁ
1900 2894 2025 2947 Ἀσ-

442 2973 651 3040 σύριος,
679 2974 736 3039 ὃς
764 2977 854 3031 διὰ
884 2980 1159 3047 μαλακίαν
1192 2982 1288 3036 καὶ
1316 2985 1532 3053 τρυφὴν
1578 2984 1892 3055 Ἀσσυρίοις
1922 2988 2023 3055 μὲν

437 3067 551 3127 τοῖς
582 3066 748 3121 αὑτοῦ
798 3069 1049 3135 πολίταις
1080 3072 1179 3142 τὴν
1208 3075 1309 3144 τῆς
1356 3074 1543 3139 Ἀσίας
1575 3075 1862 3131 ἀπώλεσεν
1894 3080 2025 3149 ἡγε-

438 3158 681 3226 μονείσιν,
715 3161 923 3231 Μήδοις
946 3164 1005 3218 δὲ
1044 3168 1535 3238 παρακεχωρήκει.
1581 3170 1693 3223 Καὶ
1726 3168 2022 3241 Ῥωμαίων

2127 594 2248 646 bern
2283 608 2405 649 cum
2439 594 2579 648 inter
2614 594 2849 651 Grzecos.
2888 606 3002 650 tum
3040 596 3184 650 inter
3230 595 3504 651 Barbaros
3537 598 3711 652 reddi:

2127 682 2227 739 dit.
2258 683 2567 738 Alexander
2629 701 2848 755 quoque
2880 701 2973 739 rex
3033 685 3389 741 Macedonum
3454 688 3549 756 qui
3619 704 3719 756 per

2127 776 2387 829 virtutem
2427 776 2594 831 simul
2625 787 2679 832 et
2702 777 2870 832 animi
2931 779 3367 845 magnitudinem
3396 779 3714 834 Grmcornm

2126 869 2384 937 princeps
2450 869 2702 937 ell‘ectus,
2768 871 2903 941 ipsis
2960 871 3166 940 pariter
3210 880 3271 945 et
3328 871 3716 929 Macedonibus

2130 960 2271 1016 Asiae
2303 962 2637 1031 comparavit
2662 963 2971 1034 imperium,
3006 979 3105 1020 nec
3135 980 3242 1019 non
3284 964 3428 1020 inter
3509 964 3715 1020 Barba.

2131 1070 2222 1110 ros
2254 1054 2419 1110 Persa
2453 1054 2630 1127 Cyrus
2659 1057 2751 1127 qui
2788 1058 2984 1114 Persas
3038 1074 3174 1116 suos
3234 1059 3436 1113 virtute
3498 1058 3737 1128 propria~

2128 1160 2250 1201 cum
2289 1149 2502 1219 tyranni
2527 1151 2575 1205 le
2607 1149 2887 1203 Medorum
2950 1151 3232 1217 liberavit,
3264 1160 3378 1208 tum
3411 1160 3467 1207 et
3516 1152 3712 1206 horum

2127 1249 2182 1296 et
2210 1242 2353 1297 Asiae
2399 1242 2622 1310 reliquae
2661 1242 2916 1301 dominos
2942 1245 3251 1301 constituit.

2204 1519 2290 1573 l8.
2320 1518 2379 1571 In
2412 1518 2583 1572 altero
2613 1533 2741 1572 vero
2773 1535 3003 1575 numero
3054 1538 3179 1576 cum
3202 1521 3290 1575 alii
3333 1531 3707 1589 recensentur,

2129 1620 2242 1667 tum
2305 1610 2614 1666 Alexander
2669 1612 2965 1679 Troianus,
3008 1613 3207 1669 Priami
3276 1615 3438 1677 lilius,
3499 1617 3592 1685 qui
3652 1617 3704 1668 in

2129 1704 2356 1759 dearum
2394 1703 2625 1774 judicio,
2659 1705 2895 1774 vitaeque
2953 1723 3215 1776 generum
3272 1708 3560 1774 electione,
3592 1718 3713 1770 tito)

2129 1793 2343 1850 Junone
2371 1804 2681 1862 Contempla
2737 1796 2961 1851 virtutis
3017 1798 3269 1865 pmside,
3318 1808 3429 1851 tum
3488 1778 3716 1853 auctore

2058 1921 2099 1976 Β
2130 1884 2315 1956 gloriae
2350 1886 2614 1950 διίησι-νει,
2640 1884 2901 1941 Venerem
2938 1889 3233 1958 voluptatis
3265 1890 3421 1944 deant
3457 1891 3714 1959 prietulit.

2130 1977 2478 2048 Quapropter
2510 1978 2774 2045 neglectis
2814 1989 2923 2033 tum
2954 1995 3125 2050 regno
3164 1996 3192 2032 a
3231 1978 3448 2036 Junone
3488 1997 3716 2037 conces-

2129 2086 2212 2134 so,
2246 2071 2354 2125 vita
2386 2086 2521 2143 onor
2544 2070 2746 2125 virtute
2771 2080 2828 2126 et
2866 2071 3125 2125 felicitate
3185 2073 3504 2141 conjuncta.
3534 2082 3648 2126 tum
3680 2088 3713 2128 a

2132 2157 2380 2214 Minerva
2419 2160 2600 2215 oblata
2638 2160 2863 2216 victoria
2896 2161 3093 2217 bellica
3127 2163 3235 2216 vita
3261 2163 3522 2229 gloriosa,
3559 2162 3716 2217 llele-

2132 2272 2197 2307 na
2261 2272 2393 2310 vero
2446 2256 2672 2311 Lacaena
2730 2257 2999 2329 Tyndarei
3051 2259 3184 2318 lilia.
3245 2259 3468 2321 Menelai
3513 2259 3716 2314 Atrida:

2128 2347 2379 2414 conjuge,
2414 2347 2638 2412 praemio
2676 2356 2785 2402 tam
2846 2348 3015 2414 iniqui
3065 2350 3256 2420 judicii
3315 2362 3556 2418 accepta,
3587 2362 3713 2407 tan-

2127 2454 2293 2507 qum]
2344 2440 2638 2508 voluptatis
2695 2441 3021 2510 colopltone,
3066 2453 3123 2495 ttt
3180 2460 3410 2509 corpore
3465 2447 3711 2498 omnium

2130 2530 2528 2599 pulcherrima,
2555 2531 2636 2585 sic
2667 2532 2852 2585 animo
2885 2534 3200 2602 turpissima
3233 2545 3285 2587 et
3311 2535 3554 2589 adultera
3589 2553 3713 2590 cum

2128 2626 2229 2677 liae
2295 2638 2336 2678 si
2358 2637 2419 2677 se
2487 2622 2651 2677 simul
2718 2632 2772 2678 et
2822 2625 3052 2692 patriam
3117 2625 3530 2694 pessutndedit;
3592 2627 3719 2682 Sar-

2128 2714 2433 2783 danapalus
2460 2723 2587 2769 item
2642 2715 2904 2786 Assyrius
2943 2718 3034 2785 qui
3074 2732 3171 2786 per
3230 2717 3508 2772 mollitiem
3541 2727 3594 2772 et
3631 2718 3715 2771 lu-

2126 2820 2251 2859 xum
2283 2804 2420 2857 Asiae
2452 2802 2738 2870 imperium
2778 2804 3015 2875 Assyriis
3058 2805 3274 2874 quidem
3305 2806 3421 2858 suis
3463 2822 3491 2857 a
3515 2805 3692 2865 leenit,

2128 2892 2296 2946 Medis
2319 2901 2498 2945 autent
2539 2893 2837 2956 concessit,
2878 2909 2977 2947 nec
3009 2909 3116 2946 non
3164 2893 3231 2948 de
3257 2892 3516 2948 Romanis
3552 2890 3717 2957 Nero,

2133 2985 2229 3054 qni
2266 3000 2387 3039 cum
2424 2984 2547 3038 aliis
2571 2985 2915 3052 gravibus,et
2942 2984 3194 3039 nefandis
3216 2986 3558 3055 perpetratis,
3588 2995 3700 3039 tum

2130 3076 2315 3130 occisa
2347 3084 2543 3140 matre,
2574 3073 2815 3144 seipsum
2850 3089 3071 3144 quoque
3100 3074 3317 3129 tandem
3347 3075 3546 3129 malum
3576 3077 3723 3131 male

2127 3166 2396 3237 perdidit;
2433 3182 2557 3219 nam
2617 3166 2847 3236 patriam
2903 3165 3158 3234 cupiebat
3187 3167 3429 3237 quidem,
3473 3167 3566 3221 sed
3600 3183 3723 3237 pne.

437 3246 493 3300 δὲ
527 3248 739 3321 Νέρων,
767 3254 824 3317 ὃς
851 3254 987 3311 ἄλλα
1020 3274 1081 3310 τε
1107 3258 1259 3314 δεινὰ
1282 3261 1377 3313 καὶ
1404 3261 1596 3316 ἀνόσια
1627 3265 2024 3334 ἐργασάμενος,

2140 3261 2513 3315 Romanorum
2537 3258 2740 3314 virtute
2768 3258 3008 3312 nondum
3037 3268 3249 3329 poterat
3273 3269 3537 3315 evertere.

437 3345 535 3400 καὶ
589 3347 687 3417 τὴν
738 3349 952 3418 μητέρα
1004 3350 1356 3418 ἀποκτείνας,
1409 3354 1678 3409 τελευτῶν
1711 3360 1804 3410 καὶ
1857 3357 2023 3412 αὐτὸν
2103 3356 2275 3409 κακὸν
2330 3354 2519 3418 κακῶς
2574 3351 3079 3425 προσαπολωλέκει.
3129 3353 3243 3425 Τὴν
3319 3352 3429 3425 γὰρ
3483 3354 3730 3426 πατρίδακ

436 3440 679 3510 ἠμέλησε
715 3439 835 3508 μὲν.
864 3439 954 3494 διά
1001 3440 1057 3495 δὲ
1085 3443 1184 3513 τὴν
1222 3444 1346 3497 τότε
1375 3443 1456 3498 ἔτι
1499 3445 1789 3518 Ῥωμαίων
1820 3450 2026 3520 ἀρετὴν
2062 3448 2161 3520 οὐχ
2191 3443 2301 3510 οἷός
2333 3464 2394 3499 τε
2423 3445 2735 3515 διαφθεῖραι
2767 3445 3010 3513 ἐγένετο.

515 3530 602 3584 ιθ’.
639 3533 748 3586 Καὶ
778 3531 825 3586 δ’
855 3532 1006 3587 ἄλλοι
1033 3532 1079 3587 δ’
1109 3535 1220 3587 αἰεὶ
1262 3534 1542 3603 γίγνονται
1575 3538 1762 3608 συχνοὶ
1804 3542 1901 3593 καὶ
1929 3541 2024 3593 δυ-

440 3624 650 3677 ναστῶν
679 3624 771 3678 καὶ
822 3625 1052 3678 ίδιωτῶν
1078 3625 1272 3679 τούτου
1307 3626 1402 3680 τοῦ
1447 3627 1732 3699 κόμματος
1761 3630 1896 3701 (50),
1932 3632 2027 3686 καὶ

447 3718 622 3790 μείζω
651 3719 782 3778 ἴσως
816 3717 911 3772 καὶ
941 3717 1151 3772 ἐλάττω
1180 3719 1648 3789 ἐξαμαρτάνοντες
1674 3742 1687 3755 ·
1726 3716 1804 3777 ὧν
1834 3723 2025 3777 κάκεῖ-

441 3828 471 3866 ν
506 3830 546 3877 ι,
576 3810 625 3865 οἳ
654 3811 712 3864 τι
739 3809 841 3879 μὲν
869 3809 1080 3864 δίκαιον
1122 3809 1217 3862 καὶ¹
1255 3812 1356 3880 τὴν
1387 3811 1647 3881 ἀλήθειαν
1695 3814 1790 3868 καὶ
1817 3815 1878 3868 τὸ
1906 3831 2021 3867 κοι-

441 3904 530 3955 νὸν
562 3902 769 3970 ἀγαοὶν
799 3901 958 3956 σκιὰν
990 3904 1080 3954 καὶ
1115 3901 1341 3971 ὀνόματ’
1388 3903 1562 3968 ἄλλως
1593 3905 1852 3976 ἥγηνται,
1885 3906 2024 3975 πρὸς

436 3997 495 4051 δὲ
522 3997 584 4050 τὸ
633 3995 857 4067 χρυσίον
886 3995 984 4049 καὶ
1025 3995 1197 4050 τᾶλλα
1237 3996 1308 4050 τά
1334 3995 1562 4051 τοιαῦτα
1604 3999 1887 4068 κεχήνασι,
1921 3999 2024 4069 τὴν

439 4088 793 4158 εὐδαιμονίαν
822 4087 1015 4157 ἐσθῆσι
1044 4088 1139 4141 καὶ
1166 4087 1395 4159 ἀργύρῳ
1423 4091 1516 4142 καὶ
1546 4089 1733 4160 χρυσῷ
1760 4092 2022 4161 μετροῦν-

440 4200 552 4248 τες,
580 4181 676 4234 καὶ
702 4184 770 4251 τῇ
801 4180 936 4251 παρ’
963 4180 1180 4252 ἡμέραν
1210 4181 1466 4254 ῥᾳστώνῃ
1497 4183 1589 4234 καὶ
1616 4184 1823 4253 τρυφῇ,
1852 4184 1952 4254 τὴν
1977 4183 2023 4238 δ’

442 4276 744 4343 ἀσςάλειαν
775 4275 927 4344 σφῶν
952 4291 1011 4327 τε
1037 4274 1219 4327 αὐτῶν
1257 4273 1375 4343 ἅμα
1401 4275 1497 4326 καὶ
1530 4273 1734 4327 παίδων
1768 4276 1863 4328 καὶ
1892 4276 2022 4345 ὅλης

438 4370 536 4438 τῆς
572 4369 852 4440 πατρίδος,
902 4368 999 4421 καὶ
1043 4366 1384 4437 ἐλευθερίαν,
1418 4364 1555 4437 παρ’
1581 4366 1735 4420 οὐδὲν
1782 4366 2024 4438 ἡγούμε-

440 4479 543 4517 νοι.
595 4462 715 4514 Εἰσὶ
745 4461 790 4513 δ’
817 4460 868 4513 οἶ
919 4460 1013 4513 καὶ
1038 4458 1146 4522 ἕως
1178 4459 1280 4528 μὲν
1308 4457 1377 4512 ἂν
1402 4457 1607 4529 χρυσοῦ
1634 4458 1729 4512 καὶ
1770 4459 1881 4512 τῶν
1914 4476 2027 4512 τοι-

436 4552 612 4605 οὑτων
642 4551 702 4604 τὸ
727 4552 964 4620 πρᾶγμα
987 4549 1297 4621 καθαρεὺῃ,
1319 4552 1411 4604 καὶ
1433 4550 1559 4604 καθ’
1584 4550 1718 4605 αὐτὸ
1748 4552 2021 4618 σκοπῶσι,

2204 3539 2289 3594 l9.
2332 3539 2411 3592 Ac
2436 3552 2579 3607 saepe
2606 3538 2788 3607 plures
2823 3539 3094 3591 exsistunt
3143 3537 3305 3608 ltujus
3333 3541 3553 3609 generis
3601 3553 3716 3597 tuzn

2133 3632 2274 3686 inter
2318 3629 2592 3701 principes
2628 3640 2737 3683 tum
2766 3628 2905 3682 inter
2929 3628 3191 3697 privatos,
3224 3629 3314 3682 alii
3344 3634 3563 3700 gravius
3593 3635 3725 3689 aliis

2132 3703 2520 3792 peccantibus;
2555 3720 2609 3774 in
2644 3722 2727 3774 liis
2780 3721 2947 3773 etiam
2999 3719 3100 3782 illi,
3137 3720 3229 3789 qui
3255 3720 3527 3789 justitiam
3591 3729 3713 3792 qui-

2132 3812 2255 3865 dem
2286 3819 2340 3867 et
2375 3810 2658 3866 veritatem
2686 3818 2740 3862 et
2774 3808 2973 3861 bonum
3010 3822 3305 3863 commune
3365 3824 3462 3879 pro
3501 3814 3713 3866 nmtwis

2131 3906 2360 3967 ducunt,
2390 3918 2527 3958 auro
2554 3912 2755 3983 .antetn
2783 3915 2849 3955 ac
2883 3901 3160 3956 similibus
3194 3902 3428 3970 inhiant,
3477 3901 3716 3956 felicita-

2132 4007 2239 4052 tem
2293 3997 2513 4067 quidem
2559 3999 2611 4052 in
2663 4000 2924 4066 vestibus,
2967 4015 3126 4063 auro,
3182 4009 3410 4069 argento
3467 3999 3723 4066 luxuque

2131 4092 2455 4163 quotidiano
2505 4102 2790 4162 ponentes,
2829 4092 3106 4161 propriam
3142 4105 3270 4146 vero
3293 4090 3458 4145 simul
3497 4100 3551 4145 et
3578 4090 3717 4145 libe-

2134 4201 2320 4242 rorum
2363 4194 2417 4239 et
2450 4184 2641 4254 patriae
2688 4186 2861 4239 totius
2916 4185 3225 4239 libertatem
3262 4198 3328 4238 ac
3357 4183 3712 4238 securitatem

2132 4277 2491 4347 negligentes.
2533 4275 2766 4342 Quidam
2788 4275 2975 4340 etiam,
2999 4275 3175 4329 donec
3198 4289 3336 4329 auro
3357 4282 3408 4328 et
3437 4273 3719 4329 similibus

2127 4385 2216 4424 res
2252 4377 2424 4436 caret,
2460 4383 2525 4422 ac
2553 4382 2649 4437 per
2676 4382 2736 4423 se
2787 4366 3196 4430 consideratur,
3233 4366 3719 4421 vehementissimo

2123 4461 2399 4530 justitiam
2430 4470 2484 4515 et
2515 4461 2795 4515 veritatem
2837 4458 3143 4513 defendunt
3178 4474 3193 4513 :
3229 4459 3322 4513 sed
3358 4458 3719 4526 simulatque

2128 4548 2212 4604 vel
2240 4545 2433 4604 aurum
2483 4548 2565 4602 vel
2620 4548 2739 4602 auri
2770 4548 2898 4618 quid
2959 4548 3137 4604 simile
3168 4548 3442 4612 micnerit,
3496 4563 3621 4601 mox
3655 4559 3719 4621 et

435 4644 733 4697 δεινότατοι
763 4643 904 4712 ὑπὲρ
938 4640 1031 4695 τοῦ
1084 4641 1297 4696 δικαίου
1343 4642 1438 4696 καὶ
1475 4643 1576 4711 τῆς
1622 4643 1883 4713 ἀληθείας
1918 4644 2018 4715 ῥή-

2130 4639 2310 4708 lingua
2371 4639 2571 4708 ligatur
2624 4648 2677 4692 et
2708 4653 2770 4692 os
2809 4641 3123 4701 obturatur,
3155 4653 3221 4692 ac
3251 4638 3318 4693 de
3340 4637 3557 4706 justitia
3587 4640 3712 4707 qui-

436 4733 596 4803 τορές
621 4734 760 4786 εἰσιν
787 4748 802 4764 σ
832 4732 1054 4785 ἐπειδὰν
1074 4732 1130 4785 δέ
1158 4748 1260 4784 που
1285 4733 1508 4801 χρυσίον
1537 4732 1720 4801 σφίσιν
1744 4734 2018 4805 ὑποφανῇ,

436 4826 470 4897 η
499 4843 552 4879 τι
580 4825 707 4882 ἄλλο
735 4826 883 4890 ἄξιον
912 4824 1168 4895 χρυσίου,
1197 4825 1503 4894 πεπέδηται
1530 4824 1693 4890 εὐθὺς
1719 4827 1752 4896 ἠ
1778 4826 2019 4896 γλῶττα,

434 4919 823 4989 ὲμπέςρακται
852 4902 913 4969 τὸ
944 4916 1138 4980 στόμα,
1170 4917 1267 4969 καὶ
1295 4917 1433 4985 πρὸς
1466 4916 1565 4987 μὶν
1596 4918 1666 4971 τὰ
1712 4918 1898 4972 δίκαια
1935 4938 2020 4972 σε-

437 5012 753 5082 σιγήκασιν,
785 5014 874 5062 ἐπὶ
898 5010 954 5063 δὲ
988 5010 1250 5063 τάναντία
1281 5012 1427 5063 πᾶσα
1469 5010 1652 5078 ἐκείνη
1685 5010 2021 5081 μεθέστηκεν

434 5107 468 5175 η
499 5105 764 5175 δεινότης.
801 5103 940 5156 ’Υπδ
970 5102 1077 5173 γᾲρ
1106 5100 1311 5155 τούτων
1340 5103 1437 5154 καὶ
1460 5100 1569 5155 τῶν
1597 5101 1858 5156 τοιούτων
1889 5104 2021 5157 διοι-

434 5193 784 5262 κοὺμεναιαί
838 5193 1049 5257 πόλεις,
1107 5192 1296 5255 κακῶς
1350 5191 1684 5260 πράττουσιν
1730 5191 2017 5258 ἑκάστοτε,

433 5288 555 5340 mas
595 5286 704 5340 τῶν
760 5285 1203 5339 amoenae-ma
1247 5284 1316 5337 ἂν
1358 5282 1785 5349 ἑγκαθεστὼτων
1837 5285 2019 5353 νόμων

435 5380 641 5451 κυρίων
688 5380 881 5446 6.των,
934 5378 1074 5430 ἀλλὰ
1110 5377 1333 5430 πάντων
1386 5374 1509 5444 εἰκῆ
1558 5374 1654 5427 καὶ
1689 5373 2018 5446 ἀδιακρίτων

436 5472 787 5541 φυρομένων.
829 5470 982 5522 Ἐπεί
1024 5464 1107 5521 τόι
1149 5467 1210 5520 οὺ
1242 5465 1550 5518 σπουδαίων
1579 5464 1688 5533 ἄρα
1730 5463 1811 5517 δεῖ
1836 5466 2015 5536 νόμων

2128 4732 2252 4786 dem
2295 4731 2478 4797 silent,
2515 4730 2581 4783 ad
2615 4729 2890 4784 contzaria
2935 4744 3063 4784 vero
3115 4728 3296 4784 oumis
3330 4729 3422 4785 illa
3479 4745 3714 4784 conver~

2133 4825 2263 4877 titur
2294 4820 2658 4877 vehementia.
2710 4819 2991 4890 Siquidem
3022 4820 3090 4874 ab
3121 4820 3207 4875 liis
3234 4836 3282 4876 et
3305 4820 3467 4892 hujus
3496 4824 3718 4889 generis

2134 4913 2449 4969 hominibus
2494 4929 2618 4968 cum
2649 4921 2916 4982 reguntur
2974 4911 3293 4981 respublica:
3340 4927 3553 4981 semper
3582 4922 3714 4966 sunt

2132 5005 2400 5070 ide-lices,
2441 5005 2665 5076 quando
2698 5020 2763 5058 ac
2789 5004 3132 5075 probissima:
3166 5004 3382 5073 quidem
3415 5007 3534 5058 lalic
3566 5004 3715 5072 largus

2138 5099 2409 5153 habentur
2451 5108 2611 5160 ratio,
2664 5097 2763 5153 sed
2826 5097 3010 5152 omnia
3045 5106 3247 5152 temere
3285 5100 3712 5167 permiscentur.

2129 5189 2247 5243 Non
2304 5189 2449 5245 cuitu
2511 5199 2721 5244 tantum
2759 5189 2959 5257 probas
3016 5187 3162 5258 leges
3199 5189 3487 5257 requirunt
3516 5204 3709 5258 respna

2130 5282 2307 5344 blicze,
2338 5280 2434 5337 sed
2492 5282 2659 5335 etiam
2722 5290 2892 5344 ratas,
2921 5279 3111 5349 quales
3144 5281 3364 5349 quidem
3411 5296 3509 5350 per
3530 5283 3708 5335 virtu-

2127 5386 2235 5430 tem
2292 5374 2599 5444 principum
2650 5374 2946 5438 exsistunt,
2985 5388 3148 5442 quam
3179 5373 3281 5427 tria
3316 5374 3585 5445 praecipua
3618 5390 3712 5444 ge-

2130 5484 2258 5520 nera
2299 5466 2540 5519 diximus
2566 5464 2851 5533 consequi.

435 5566 598 5632 μόνον
645 5565 865 5617 πόλεσιν
901 5562 1183 5624 ἑκάστοτε,
1221 5556 1361 5612 ἀλλὰ
1411 5557 1506 5609 καὶ
1543 5556 1751 5627 κυρίων
1776 5571 1790 5584 ·
1828 5556 2011 5628 κύριοι
2048 5558 2096 5610 δ’
2124 5554 2194 5612 αὖ
2226 5557 2503 5625 γίγνονται
2534 5558 2583 5609 oi
2614 5557 2766 5625 νόμοι
2796 5556 2884 5609 διὰ
2914 5558 3011 5627 τὴν
3057 5556 3164 5610 τῶν
3231 5557 3510 5628 ἀρχόντων
3580 5561 3712 5632 ἀρε..

431 5663 550 5734 τὴν,
579 5663 644 5731 ἣν
669 5660 727 5714 δὲ
749 5662 894 5729 τρισὶ
922 5658 1019 5727 τῆς
1058 5654 1371 5718 θεοσεϐείας
1408 5652 1643 5725 μάλιστα
1677 5654 1770 5707 καὶ
1803 5656 2169 5721 κυριωτάτοις
2195 5656 2395 5710 εἴδεσιν
2427 5656 2636 5727 ἔφαμεν
2677 5655 2927 5709 ἔπεσθαι.

507 5838 617 5906 (.30)
653 5835 877 5891 Τούτου
908 5836 1011 5891 τοῦ
1046 5833 1366 5904 κόμματος.
1424 5831 1506 5887 Cf.
1545 5830 1679 5886 l’lat.
1727 5829 1802 5884 De
1861 5827 1957 5899 leg.
1988 5845 2104 5885 vnt.
