4078 6402
434 293 545 400 861.

1252 348 1351 409 DE
1422 351 1674 413 REBUS
1729 354 2423 421 PELOI‘ONNESIACIS
2460 364 2746 427 ORATIO
2785 365 2867 426 ΙΙ.

3607 364 3723 429 862

438 452 711 551 σῶσεσοαι
744 458 857 510 δεῖο
907 460 1067 515 τοῦτο
1094 461 1149 516 δὲ
1180 464 1278 534 οὐχ
1318 460 1434 519 οἷόν
1478 484 1558 533 τε,
1613 467 1690 537 μὴ
1728 468 1827 537 τὴν
1854 471 2010 525 πολιο
2048 482 2065 535 Α

2152 490 2230 529 ton
2253 476 2411 531 aliter
2444 490 2730 544 sanantur,
2764 496 2926 551 quam
2958 492 3083 538 cum
3107 482 3208 538 hac
3243 484 3446 541 omissa
3464 499 3711 542 commo-

437 542 589 596 τείαν
640 548 1214 619 ἐπανορθωσαμένοις.
1265 556 1375 607 Καὶ
1406 557 1515 624 γὰρ
1567 557 1815 615 νοσοῦσιν
1865 561 1960 614 ἐὰν
1991 564 2024 632 ἡ

2136 567 2350 623 diorem
2386 569 2653 643 deligunt.

439 637 660 740 εἰωθυῖα
706 639 887 695 δίαιτα
919 645 996 713 μὴ
1045 646 1323 718 λυσιτελῇ,
1350 649 1450 703 οὐκ
1493 650 1645 705 ἔστιν
1676 652 1812 723 ἄλλη
1842 654 2134 726 ἀπαλλαγὴ
2152 659 2253 713 ιτοῦ
2287 637 2535 734 δεινοῦ
2562 664 2768 735 ταύτης
2839 665 3031 720 ὲκδᾶσι
3099 668 3331 740 ζητῆσαι
3404 668 3499 737 τὴν
3559 668 3715 722 λυσι-

438 731 568 803 τελή
579 750 800 789 σουσαν.

513 846 620 914 κγ.
653 848 886 904 Ἔπειτα
926 852 988 906 τὺ
1038 855 1175 908 πολὺ
1209 856 1308 926 τῆς
1351 861 1613 930 στρατιᾶς
1662 861 2019 934 διακάθαρον,

444 939 635 993 διεὶῶν
668 942 1134 1015 Πελοποννησίους
1172 952 1343 1019 χωρὶς
1379 950 1480 1019 μὲν
1522 953 1580 1017 ὲς
1607 954 1735 1018 τοὺς
1766 973 2027 1026 στρατευ-

451 1033 743 1102 σομένους,
771 1038 942 1107 χωρὶς
972 1035 1018 1092 δ’
1039 1038 1096 1103 ἒς
1114 1044 1242 1104 τοὺς
1274 1042 1631 1109 εἰσοίσοντας,
1661 1040 1697 1122 ᾗ
1725 1048 1793 1102 ἂν
1810 1048 2033 1102 ἕκαστοι

391 1156 395 1160 -
445 1125 679 1179 δοκῶσιν
713 1129 1169 1201 ὲπιτηδειοτέρως
1213 1133 1380 1203 ἔχειν,
1416 1136 1490 1198 ὡς
1526 1138 1627 1191 οὐκ
1676 1138 1757 1192 ἔτι
1790 1140 1901 1194 τῶν
1936 1140 2033 1194 αὖ*

447 1218 560 1271 τῶν
590 1224 1082 1291 στρατευσομένων
1108 1241 1169 1277 τε
1198 1226 1337 1295 ὁμΘῦ
1361 1229 1455 1281 καὶ
1484 1230 2027 1304 φορολογησομένων.

449 1311 526 1364 Οὐ
578 1312 689 1383 γὰρ
721 1308 834 1377 οἷός
882 1316 932 1368 r‘
983 1315 1081 1388 ἔσῃ
1124 1318 1324 1372 σαυτόν
1372 1337 1435 1373 τε
1486 1321 1602 1393 ἅμα
1638 1323 1824 1377 καὶτὸ
1875 1327 2031 1393 γένος

452 1404 668 1468 σώζειν,
722 1405 795 1476 μὴ
828 1407 1035 1477 περιὼν
1082 1408 1193 1462 τῶν
1228 1412 1509 1482 πολεμίων
1535 1429 1550 1445 ο
1604 1414 1726 1469 οὐδὲ
1760 1419 2031 1487 περιεῖναι

450 1496 561 1548 τῶν
589 1495 886 1566 πολεμίων,
919 1502 995 1571 μὴ
1029 1502 1292 1571 στρατιὰν
1334 1504 1528 1559 εὔνουν
1553 1524 1614 1560 τε
1650 1509 1746 1562 καὶ
1775 1510 2029 1580 φρόνημα

449 1585 681 1655 ἔχουσαν
712 1591 1058 1660 κτησάμενος
1087 1593 1289 1662 μᾶλλον
1320 1595 1356 1665 ἢ
1387 1597 1578 1655 πλείω.
1624 1601 2026 1672 Φορολογουμέ-

449 1696 548 1747 νην
578 1679 635 1733 δὲ
663 1682 925 1750 στρατιὰν
955 1684 1015 1756 τό
1039 1701 1099 1737 τε
1127 1678 1384 1755 φρόνημα
1426 1688 1631 1753 σώζειν.
1652 1692 1770 1761 ἅμα
1805 1693 1902 1747 καὶ
1929 1694 2028 1765 τὴν

2210 866 2304 921 εδ.
2340 865 2545 922 Deinde
2579 869 2837 935 majorem
2883 869 3156 924 exercitus
3182 879 3387 937 partem
3429 883 3668 938 expurga
3695 906 3714 932 ,

2141 959 2334 1014 divisis
2374 959 2627 1014 bifariam
2662 959 3054 1031 Peloponnesia
3107 961 3160 1015 in
3197 961 3491 1017 militantes
3520 970 3573 1014 et
3606 961 3716 1015 col-

2139 1048 2401 1103 lationem
2444 1052 2770 1119 pendentes,
2808 1061 2979 1120 prout
3003 1051 3347 1119 singulorum
3383 1050 3518 1106 feret
3543 1050 3715 1117 ratio;

3778 1097 3795 1141 ἐ

2139 1142 2222 1197 sic
2256 1151 2313 1197 ut
2342 1158 2451 1195 non
2483 1143 2723 1212 amplius
2759 1144 2922 1198 iidem
2956 1143 3119 1198 simul
3148 1155 3201 1198 et
3231 1143 3465 1197 militent
3497 1151 3551 1197 et
3582 1156 3717 1213 pen-
3787 1154 3793 1164 '

2138 1236 2291 1289 dant.
2343 1236 2552 1290 Etenim
2590 1251 2693 1291 nec
2732 1236 2966 1307 teipsum
3001 1237 3204 1306 pariter
3254 1244 3309 1290 et
3359 1244 3573 1305 gentem
3608 1250 3719 1291 ser-

2140 1341 2269 1382 vare
2294 1328 2497 1397 poteris
2529 1328 2630 1383 nisi
2670 1330 2851 1385 hostes
2874 1328 3167 1395 deviceris;
3195 1343 3294 1383 nec
3323 1328 3510 1384 hostes
3535 1326 3721 1382 devin-

2138 1434 2281 1484 cere,
2304 1420 2405 1475 nisi
2430 1421 2734 1476 exercitum
2763 1419 2942 1490 potius
2977 1419 3299 1474 benevolum
3328 1427 3381 1474 et
3411 1418 3720 1472 animosum

2139 1526 2300 1580 quam
2330 1512 2610 1580 copiosum
2636 1511 2921 1567 habueris.
2949 1510 3242 1566 Ditiiculter
3266 1518 3443 1564 autem
3475 1508 3722 1579 pendens

2132 1602 2406 1657 exercitus
2432 1602 2866 1659 benevolentiam
2892 1603 3056 1659 simul
3085 1612 3140 1658 et
3164 1602 3389 1659 animos
3406 1606 3718 1663 conservat,

2134 1698 2227 1752 sed
2265 1706 2557 1767 utrumque
2583 1697 2699 1754 fere
2731 1699 2928 1766 perdit.

449 1770 664 1828 εὔνοιαν
692 1776 1071 1845 καγχάλεπον,
1106 1777 1222 1831 ἀλλ’
1251 1777 1437 1855 ἔρρειν
1480 1783 1703 1856 ἀνάγκη
1728 1782 1802 1839 τὰ
1831 1786 2028 1855 πολλὰ,
2066 1788 2135 1851 τά
2171 1808 2230 1843 τε
2260 1790 2731 1862 φρονήματα,τήν
2766 1790 2817 1844 τ’
2855 1789 3071 1847 εὔνοιαν
3136 1791 3488 1865 στρατιωτῶν
3553 1804 3719 1859 φορο-

452 1868 815 1937 λογουμένων.

523 2007 624 2063 κδ’.
657 2010 767 2065 Καὶ
814 2012 942 2073 τοὺς
996 2014 1268 2086 ἄρχοντας
1312 2017 1369 2070 δὲ
1410 2018 1745 2088 διακαθᾶραι
1792 2021 1875 2075 δεῖ
1924 2021 2033 2077 τῶν

2208 2029 2301 2086 24.
2331 2030 2577 2087 Praefecti
2604 2046 2823 2102 quoque
2856 2042 3215 2087 secernantur
3240 2044 3270 2083 a
3298 2026 3719 2093 mercatoribus,

453 2103 893 2172 καπηλευόντων,
958 2108 1051 2159 καὶ
1084 2112 1373 2177 προειπεῖν
1429 2112 1529 2182 μὲν
1564 2112 1764 2180 ἅπασι,
1809 2115 1883 2185 μὴ
1936 2132 2039 2168 κα-

455 2193 712 2263 πηλεύειν
747 2196 870 2265 μηδ’
912 2198 1320 2267 ἐμπορεύεσθαι
1350 2201 1445 2255 τοῦ
1494 2202 1706 2271 λοιποῦ,
1757 2204 1875 2258 ἀλλ’
1904 2205 2038 2259 αὐτὸ

457 2286 613 2341 τοῦτο
656 2288 929 2358 ἄρχοντας
957 2289 1035 2362 τῷ
1068 2290 1183 2347 δντι
1216 2290 1377 2356 εῖναι,
1424 2296 1518 2348 ἐπὶ
1548 2298 1768 2367 φυλακῇ
1812 2297 1906 2350 καὶ¹
1938 2314 2043 2350 σω-

457 2379 622 2449 τηρίᾳ
654 2383 1062 2451 προεστηκότας
1093 2384 1204 2437 τῶν
1242 2385 1480 2453 πολλῶν,
1512 2388 1571 2440 οὐ
1607 2387 1892 2442 διακονικὰ
1921 2390 2041 2442 ἐπι-

457 2471 773 2542 τηδεύματα
825 2474 1269 2545 ἐπιτηδεύοντας,
1322 2479 1418 2531 καὶ
1465 2478 1731 2532 διακόνων
1783 2479 2041 2549 πονηρῶν

459 2564 668 2635 ἀδίκοις
701 2566 1007 2635 σταθμίοις,
1037 2569 1133 2627 καὶ
1178 2570 1346 2623 παντὶ
1374 2571 1481 2640 ὅτῳ
1515 2571 1581 2625 ἂν
1616 2570 1885 2629 δύνωνται
1915 2573 2040 2644 τρό-

461 2673 570 2725 πῳ,
620 2660 734 2720 τοῖς
784 2658 893 2711 τῶν
952 2659 1318 2731 ταλαιπώρων
1367 2664 1688 2733 αὐτουργῶν
1749 2666 2041 2735 πράγμασι

458 2749 897 2820 λυμαινομένων.
935 2752 1003 2805 Ei’
1046 2752 1107 2807 τέ
1136 2769 1282 2817 τινες
1328 2756 1421 2809 καὶ
1462 2757 1525 2809 ὲκ
1556 2756 1821 2825 καπήλων
1854 2758 1910 2819 ὲς
1941 2757 2042 2821 τὰς

461 2844 639 2915 ἀρχὰς
669 2844 1051 2916 παρεωσμένοι
1096 2836 1240 2911 εἷεν,
1282 2851 1380 2901 καὶ
1410 2849 1642 2912 τούτους
1676 2850 1756 2916 δὲ,
1802 2850 1868 2905 ἄν
1900 2867 2043 2912 τινες

462 2935 726 3004 χρήσιμοι
770 2935 1020 3004 δοκῶσιν,
1058 2938 1114 3007 ἦ,
1150 2942 1521 3009 πεπαυμένων
1567 2942 1671 3012 ἤδη
1719 2942 1813 2996 τοῦ
1859 2958 2042 3010 καπη-

462 3026 660 3092 λεύειν,
695 3028 903 3099 ἄρχειν,
937 3030 970 3102 ἢ
1004 3031 1383 3098 ἀπεληλάσθαι
1421 3034 1527 3086 τῶν
1562 3035 1771 3104 ἀρχῶν.
1815 3035 1908 3105 Μὴ
1936 3034 2044 3106 γὰρ

461 3118 839 3189 διακεκρίσθαι
881 3121 951 3174 τὰ
996 3123 1245 3191 τοιαῦτα,
1293 3123 1430 3179 ἀλλὰ
1472 3126 1753 3194 καπήλους
1803 3124 1902 3194 μὲν
1946 3124 2045 3191 ἄρ-

464 3228 654 3279 χουσιν
688 3212 1091 3282 ἀναμεμίχθαι,
1127 3216 1468 3287 στρατιώτας
1496 3216 1543 3269 δ’
1582 3216 1914 3281 είλωτεύειν,
1949 3218 2043 3268 ἐπὶ

462 3304 649 3357 εἵλωσι
671 3304 729 3358 δὲ
764 3306 833 3360 τὰ
861 3305 957 3376 τῆς
982 3307 1256 3377 σωτηρίας
1294 3303 1456 3371 εἶναι,
1500 3308 1845 3379 φαυλοτάτης
1867 3307 2045 3362 ταῦτα

2142 2132 2195 2180 et
2231 2124 2449 2180 cunctis
2477 2123 2701 2195 quidem
2754 2125 3055 2193 imperetur
3098 2138 3168 2179 ne
3219 2131 3582 2177 mercaturam
3637 2120 3721 2173 vel

2142 2216 2471 2271 instituriam
2505 2215 2762 2284 deinceps
2810 2223 3122 2279 exerceant,
3162 2215 3253 2269 sed
3289 2230 3345 2268 se
3401 2227 3499 2279 pro
3533 2209 3724 2281 praefe-

2141 2310 2247 2363 ctis
2280 2316 2496 2378 gerant,
2535 2307 2849 2377 reipublica:
2874 2307 3179 2364 custodiam
3227 2315 3281 2359 et
3329 2305 3558 2361 salutem
3593 2318 3719 2369 pro-

2141 2410 2422 2468 curantes,
2456 2417 2563 2455 non
2615 2400 2836 2457 servilia
2868 2403 3141 2455 obeuntes
3168 2400 3372 2463 oliicin,
3405 2407 3458 2451 ct
3491 2398 3719 2465 quidem

2142 2486 2379 2562 nequam
2416 2509 2730 2557 servorum,
2767 2494 2863 2562 qui
2894 2492 3227 2563 ponderibus
3263 2490 3479 2559 injustis
3502 2499 3553 2543 et
3590 2504 3726 2557 qua-

2141 2595 2363 2649 cunque
2424 2595 2484 2634 re
2524 2580 2629 2635 alia
2664 2580 2899 2637 miseros
2925 2581 3162 2637 rusticos
3189 2581 3390 2636 damno
3423 2577 3667 2634 alliciunt
3702 2594 3719 2633 :

2142 2672 2228 2726 sin
2265 2673 2429 2727 etiam
2466 2673 2534 2727 de
2584 2674 2986 2729 mercatoribus
3017 2674 3186 2743 aliqui
3222 2673 3423 2728 fuerint
3452 2672 3519 2727 ad
3553 2671 3721 2739 magi-

2164 2776 2367 2821 stratus
2394 2767 2592 2831 evecti,
2630 2766 2665 2820 ii
2700 2767 2782 2823 vel
2820 2769 3005 2822 relicta
3038 2777 3371 2835 mercatura,
3426 2766 3471 2822 si
3524 2766 3729 2820 fuerint

2146 2856 2330 2913 idonei
2387 2872 2618 2911 munere
2680 2856 2995 2925 fungantur,
3052 2858 3136 2913 vel
3191 2859 3310 2913 loco
3372 2867 3723 2912 moveantur.

2143 2948 2373 3013 Oportet
2394 2946 2539 3005 enim
2571 2948 2686 3002 haec
2711 2949 2948 3014 secerni,
2983 2966 3089 3003 non
3115 2948 3400 3018 prtel'ectos
3423 2964 3548 3003 cum
3579 2964 3727 3002 Incr-

2145 3039 2427 3094 Catoribus
2460 3041 2803 3108 permisceri,
2830 3057 2930 3096 nec
2961 3041 3159 3097 milites
3192 3057 3354 3111 agros
3386 3041 3588 3107 colere,
3626 3055 3728 3094 nec

2144 3129 2370 3184 rusticis
2412 3146 2761 3186 communem
2804 3131 3036 3187 salutem
3077 3132 3396 3197 committi,
3427 3146 3549 3201 quae
3590 3141 3725 3187 sunt

2143 3220 2327 3285 onmia
2360 3220 2669 3291 reipublicae
2694 3222 3052 3291 pravissimaa,
3076 3238 3302 3292 quaeque
3326 3222 3460 3276 nihil
3490 3236 3728 3290 unquam

2146 3325 2402 3377 magnum
2434 3310 2516 3364 vel
2552 3310 2871 3379 praeclarum
2898 3310 3147 3380 gesserit.
3180 3309 3469 3363 Enimvero
3496 3323 3591 3362 nec
3617 3308 3730 3360 asiv

467 3397 765 3463 πολιτείας,
794 3400 891 3452 καὶ
913 3400 1171 3454 οὐδέποτε
1202 3399 1359 3455 οὐδὲν
1390 3402 1535 3472 μέγα
1561 3402 1596 3473 ἢ
1618 3402 1787 3481 ,καλὸν
1820 3402 2047 3470 διαπρα⁹

2152 3401 2234 3455 nis
2260 3400 2324 3454 ad
2351 3416 2620 3470 equorum
2657 3400 2864 3455 utimur
2901 3416 3096 3470 opera,
3127 3415 3228 3456 nec
3262 3399 3418 3470 equis
3444 3398 3731 3458 ad.asino-

466 3489 720 3562 ξομένης.
760 3492 946 3556 Ὀνοις
977 3493 1110 3561 γοῦν
1145 3496 1206 3547 ού
1237 3494 1498 3565 χρώμεθα
1547 3496 1636 3548 ἐπὶ
1669 3497 1739 3549 τὰ
1775 3496 1884 3548 τῶν
1929 3511 2054 3562 γεν-

464 3582 632 3634 ναίων
688 3584 874 3638 ῐππων
920 3586 1082 3655 ἔργα,
1119 3587 1239 3640 οὐδὲ
1292 3587 1558 3656 γενναίοις
1610 3589 1803 3649 ἵπποις
1861 3588 1955 3640 ἐπὶ
1985 3587 2055 3639 rit

465 3674 578 3727 τῶν
614 3675 750 3730 δνων
778 3693 793 3708 '
827 3673 984 3748 οἶμαι
1030 3680 1074 3732 δ’
1106 3680 1216 3733 οὐδ’
1250 3681 1440 3743 ἵπποις
1487 3682 1601 3743 τοῖς
1635 3681 1821 3742 αὐτοῖς
1859 3680 1954 3733 ἐπὶ
1986 3680 2055 3731 τὰ

2155 3509 2300 3560 rum;
2342 3495 2589 3564 adeoque
2628 3509 2730 3550 nec
2763 3494 2920 3564 equis
2952 3495 3142 3549 iisdem
3177 3493 3242 3548 ad
3285 3493 3467 3547 onmia
3495 3532 3509 3555 ,
3541 3506 3729 3545 verum

2154 3586 2278 3641 aliis
2316 3586 2480 3650 bello,
2513 3585 2636 3641 aliis
2669 3585 2735 3640 ad
2768 3584 3060 3651 sarcinas;
3093 3594 3148 3639 at
3188 3585 3292 3639 hoc
3338 3582 3632 3637 discrimen
3676 3580 3732 3634 in

2158 3674 2472 3730 hominibus
2505 3675 2677 3729 multo
2704 3674 2879 3745 magis
2904 3674 3311 3730 observandum
3343 3680 3481 3726 erat.

468 3770 629 3840 αὐτὰ,
671 3771 790 3825 ἀλλ’
821 3773 927 3844 ίδία
952 3773 1055 3842 μὲν
1089 3774 1557 3847 πολεμιστηρίας,
1596 3774 1703 3846 ἰδίᾳ
1728 3774 1775 3827 δ’
1804 3773 2133 3845 ἀχθοφόροις
2190 3767 2476 3841 χρώμεθα.
2519 3766 2707 3838 Πολλῷ
2765 3767 2831 3836 δὴ
2878 3766 3145 3838 πρότερον
3190 3765 3284 3821 καὶ
3350 3762 3440 3816 ἐπ’
3518 3761 3733 3833 ἀνθρώ·

469 3889 589 3926 πων
619 3872 685 3926 τὰ
708 3872 935 3927 τοιαῦτα
970 3870 1077 3926 ἔδει
1107 3872 1430 3944 διακρίνειν,
1460 3870 1556 3926 καὶ
1581 3870 1661 3943 μὴ
1692 3872 1939 3941 συγχεῖν.

541 3996 639 4044 κε’.
677 3990 787 4044 Καὶ
830 3990 953 4052 τοὺς
993 3990 1195 4061 φόρους
1237 3990 1296 4043 δὲ
1329 3990 1455 4053 τοὺς
1497 3988 1729 4051 πολλοὺς
1761 3989 1854 4041 καὶ
1904 3988 2049 4043 κατὰ

472 4083 681 4152 σμικρὰ
716 4082 812 4134 καὶ
835 4081 1157 4149 ἀνωμάλους
1181 4079 1408 4144 τούτους
1432 4079 1662 4146 ἀνελὼν,
1694 4080 1901 4132 ἐκεῖνον
1928 4078 2052 4131 ἀντὶ

472 4176 692 4229 πάντων
725 4174 1098 4241 κατάστησον,
1123 4173 1183 4227 ὃν
1210 4172 1290 4242 τῷ
1318 4172 1645 4241 δικαιοτάτῳ
1674 4172 1816 4242 λόγῳ
1840 4170 2052 4239 ἔφαμεν

471 4270 664 4339 τρίτην
695 4267 981 4336 γίγνεσθαι
1013 4268 1113 4338 τὴν
1144 4267 1486 4337 γιγνομένων
1527 4267 1747 4335 μοῖραν,
1783 4265 2054 4330 κουφότα-

473 4363 565 4428 τόν
593 4379 651 4413 τε
695 4360 831 4429 ὁμοῦ
877 4363 989 4423 τοῖς
1019 4360 1338 4423 είσοίσουσι,
1390 4360 1487 4411 καὶ.
1515 4358 1631 4419 τοῖς
1671 4358 1870 4417 κοινοῖς
1900 4356 2053 4408 λυσι-

473 4453 790 4509 τελέστατον
835 4453 927 4505 τὸν
954 4450 1103 4506 αὐτὸ·
1166 4450 1446 4518 ἐσόμενον.
1474 4441 1682 4501 ἿΙττόν
1723 4463 1783 4500 τε
1831 4446 1941 4516 γάρ
1968 4462 2053 4507 τις

474 4547 563 4599 διὰ
585 4546 774 4599 τοῦτον
800 4544 894 4596 τὸν
921 4543 1087 4614 φόρον
1117 4542 1511 4611 ἀποδράσεται,
1537 4533 1703 4612 ἧττόν
1725 4556 1781 4592 τε
1812 4537 1918 4591 ὑπὸ
1943 4538 2051 4590 τῶν

2229 3977 2322 4035 95.
2359 3976 2604 4039 Trihutis
2636 3986 2860 4044 quoque
2893 3968 3085 4024 multis
3113 3966 3254 4031 istis,
3278 3963 3490 4020 crebris
3516 3971 3571 4018 et
3608 3960 3740 4015 inae-

2159 4072 2420 4143 qualibus
2452 4069 2707 4129 sublatis,
2740 4065 2875 4120 illud
2910 4062 3157 4117 omnimn
3193 4060 3551 4126 locorepone
3590 4058 3736 4124 quod

2161 4179 2344 4221 rerum
2374 4159 2717 4217 nascentiqu
2742 4157 2955 4211 tertiam
2983 4152 3224 4206 diximus
3249 4148 3560 4217 tequissime
3586 4162 3739 4202 com-

2158 4257 2318 4327 plecti
2360 4262 2565 4325 partem
2594 4248 2932 4306 levissimum
2962 4246 3121 4301 simul
3160 4240 3527 4313 pendentibus
3549 4249 3604 4294 et
3636 4238 3740 4292 rei-

2158 4350 2385 4421 publica:
2421 4347 2771 4402 utilissimum
2820 4343 2965 4397 idem
3021 4339 3292 4395 futurum.
3344 4335 3481 4390 Nam
3514 4342 3736 4403 propter

2160 4449 2262 4498 hoc
2312 4442 2577 4497 tributum
2629 4452 2729 4491 nec
2778 4444 2985 4491 temere
3038 4433 3162 4503 quis
3212 4427 3475 4497 aufugict,
3517 4442 3616 4481 nec
3669 4426 3739 4477 ab

2158 4534 2510 4591 exactoribus
2538 4530 2795 4602 iniuriam
2829 4526 3085 4596 accipiet,
3111 4526 3238 4578 dum
3274 4522 3346 4577 illi
3374 4520 3739 4590 pendentibus

477 4637 870 4708 πραττομένων
919 4634 1263 4702 ἀδικήσεται,
1307 4631 1383 4695 ὡς
1409 4633 1471 4686 τὸ
1520 4632 1669 4693 είκδς
1716 4628 2055 4705 βουλομένων

2164 4623 2568 4696 quamplurima
2601 4619 2789 4672 volunt
2813 4617 3133 4677 attribuere,
3160 4630 3267 4683 quo
3298 4612 3547 4666 videlicet
3573 4610 3740 4666 simul

475 4728 540 4782 ἂν
568 4728 644 4790 ὡς
702 4712 930 4780 πλεῖστα
966 4726 1253 4794 γίγνεσθαι
1295 4726 1411 4787 τοῖς
1460 4720 2052 4793 είσπραχθησομένοις,

476 4821 563 4874 ἵνα
597 4819 663 4890 δὴ
697 4820 790 4872 καὶ
822 4818 1007 4887 σφίσιν
1036 4818 1112 4877 ὡς
1162 4816 1368 4886 μείζων
1394 4817 1636 4885 γίγνοιτο
1665 4816 1693 4867 ὁ
1720 4813 1905 4882 φόρος.
1936 4810 2057 4867 Τῶν

475 4913 533 4965 δὲ
573 4912 831 4964 τοιούτων
888 4912 1139 4986 Είλωεων
1183 4909 1379 4980 πρῶτα
1416 4908 1518 4978 μὲν
1546 4908 1605 4969 ἐς
1654 4905 1746 4958 τὸν
1783 4904 1882 4960 σὺν
1909 4897 2058 4955 οἶκον

478 5000 676 5079 ἐξελεῖν
712 5001 944 5063 ὁπόσους
973 4999 1037 5053 ἂν
1073 4998 1247 5065 δόξειε
1287 5000 1401 5051 δεῖν
1423 5013 1438 5029 °
1463 4998 1590 5060 τοὺς
1616 4996 1672 5057 δὲ
1700 4996 1922 5057 λοιποὺς
1945 4995 2059 5055 τοῖς

479 5093 709 5162 ἄρχουσί
737 5110 797 5145 τε
833 5093 926 5145 καὶ
955 5093 1065 5144 τῶν
1102 5093 1453 5162 στρατιωτῶν
1485 5088 1730 5157 λογάσιν,
1756 5089 1864 5157 ὅπη
1904 5106 1963 5140 τε
1994 5088 2061 5141 ἂν

480 5186 697 5254 ἑκάστῳ
734 5182 829 5238 καὶ
864 5186 1098 5247 ὁπόσους
1143 5183 1372 5255 βούλοιο.
1407 5183 1758 5250 Κατανείμας
1795 5181 1852 5234 δὲ
1889 5181 2060 5247 ἀναγ-

483 5278 672 5341 κάζειν
708 5277 853 5330 κατὰ
882 5277 1040 5344 λόγον
1071 5278 1171 5344 τῆς
1201 5273 1583 5344 νενεμημένης
1628 5273 1912 5335 είλωτείας
1942 5271 2066 5341 τρέε

484 5387 602 5437 φειν
632 5368 863 5421 ἕκαστον
888 5370 1126 5431 καὶτοὺς
1158 5365 1417 5430 πελάτας,
1447 5364 1877 5433 στρατιωτικούς
1905 5380 2064 5425 τινας

484 5462 860 5530 θεράπονταςο
905 5462 998 5513 καὶ
1053 5460 1129 5531 μὴ
1181 5459 1304 5528 εῖκῆ
1358 5457 1628 5527 ἒντρυφᾷν
1679 5457 1792 5517 τοῖς
1846 5458 2064 5516 κοινοῖς,

487 5553 613 5621 μηδ’
642 5554 677 5607 ἃ
708 5555 756 5605 οἱ
796 5552 1045 5621 πολέμιοι
1094 5546 1330 5615 εύξαιντ’
1359 5548 1447 5614 ἂν,
1480 5548 1577 5610 τὰς
1608 5547 1750 5618 ὑπὲρ
1794 5547 1889 5615 τῆς
1929 5547 2068 5615 ἡμε-
2115 5586 2129 5598 ,

485 5645 653 5713 τέρας
702 5644 1007 5711 ἀσφαλείας
1063 5644 1311 5705 δαπάνας
1360 5640 1484 5708 εἰκῆ
1540 5636 1872 5700 διόλλυσθαι,
1910 5636 2069 5690 ταῦτ’

487 5734 685 5799 αὐτοὺς
741 5735 1031 5804 φαίνεσθαι
1099 5736 1643 5805 διαπραττομένους*
1717 5726 1957 5801 ἐ[ξελεῖν,
2004 5746 2065 5797 τε

494 5826 727 5903 μάλιστα
761 5831 852 5883 καὶ
896 5828 1095 5884 σαυτοῦ
1139 5828 1231 5882 καὶ
1264 5826 1369 5882 τῶν
1406 5824 1579 5880 ἄλλων
1608 5821 1816 5895 τροφὴν
1844 5821 1935 5899 καὶ
1956 5838 2063 5897 ,πο-

2163 4720 2431 4773 tributum
2472 4723 2703 4770 creSt-at.
2789 4712 2863 4766 De
2917 4711 3003 4765 his
3051 4717 3230 4764 autem
3267 4708 3464 4763 llilotis
3496 4708 3743 4776 primum-

2161 4822 2268 4862 tum
2298 4807 2520 4861 familia:
2548 4803 2695 4874 quod
2731 4801 3007 4857 videbitur
3043 4814 3183 4867 Opus
3208 4838 3221 4863 ,
3258 4798 3427 4866 selige
3454 4813 3470 4863 ;
3502 4797 3743 4865 reliquus

2160 4899 2360 4954 deinde
2394 4890 2670 4969 praefectis
2701 4904 2755 4950 et
2783 4893 3051 4947 militibus
3088 4889 3369 4959 primariis
3400 4895 3607 4956 (ptanto
3644 4902 3744 4937 vo-

2162 4993 2240 5047 les
2277 5006 2507 5045 nmnero
2545 4989 2810 5044 concede.
2861 4986 3001 5040 Tum
3051 4999 3182 5037 vero
3231 4990 3499 5050 cogantur
3540 4978 3738 5047 singuli

2164 5100 2259 5151 pro
2295 5082 2595 5137 Hilotarum
2633 5080 2998 5147 ascriptorum
3033 5091 3260 5129 nttmcro
3314 5074 3540 5128 clientes
3569 5072 3739 5135 alere,

2163 5189 2354 5228 servos
2382 5172 2632 5226 videlicet
2652 5170 2934 5235 militares,
2958 5185 3027 5222 ne
3053 5167 3335 5234 pecuniam
3365 5163 3635 5233 publicam
3664 5173 3743 5216 te-

2168 5278 2313 5317 mere
2344 5260 2697 5330 profundant,
2717 5273 2948 5327 qua-que
2971 5256 3162 5310 hostes
3193 5254 3246 5308 in
3271 5254 3413 5307 votis
3436 5253 3658 5317 habent,
3685 5265 3744 5309 ut

2168 5353 2359 5408 salutis
2387 5352 2699 5407 communis
2724 5352 2980 5417 impensa:
3001 5346 3612 5415 turpiterdissipentur,
3640 5349 3742 5417 ipsi

2172 5446 2457 5501 videantur
2488 5457 2807 5512 procurare,
2842 5440 2940 5494 ahs
2984 5447 3034 5493 te
3068 5446 3250 5491 autem
3280 5449 3443 5506 atque
3485 5438 3610 5493 aliis
3644 5440 3745 5493 alio

2172 5547 2351 5593 menta
2381 5552 2444 5591 ac
2467 5544 2717 5603 sumptus
2748 5532 2982 5603 grandes
3014 5538 3262 5585 avertere
3292 5569 3307 5593 ,
3342 5530 3525 5583 omnia
3555 5542 3741 5586 autem

2175 5632 2229 5686 in
2286 5629 2410 5685 belli
2459 5635 2757 5697 apparatus
2806 5631 3167 5688 convertere;
3217 5620 3419 5674 nemini
3451 5623 3595 5676 enim
3632 5638 3743 5678 non

2177 5723 2350 5794 magis
2376 5736 2537 5791 qutun
2578 5717 2712 5786 regi,
2745 5726 2840 5772 aut
2883 5716 3114 5770 militum
3169 5713 3292 5767 duci
3342 5714 3748 5784 magistratnivc

2176 5827 2424 5887 stuinptus
2451 5815 2795 5871 incumbunt,
2824 5810 3039 5878 Quanto
3078 5806 3195 5879 plus
3224 5806 3423 5861 ctenim
3450 5808 3513 5863 ad
3541 5807 3744 5864 bellum
