4078 6424
287 366 399 432 8’33

1488 365 1814 428 GEORGII
1858 368 2289 431 PLETHON’IS

3466 374 3572 438 801

222 522 229 527 -
292 482 960 556 gerendumimpemlunt,
990 494 1061 536 eo
1083 479 1263 535 minus
1286 478 1539 549 spectati,
1563 477 1677 547 imo
1706 480 1880 549 magis

2006 482 2263 535 ,υτέλειαν
2282 498 2298 512 ·
2335 482 2427 534 ἐπὶ
2456 481 2512 534 δὲ
2543 481 2636 545 τὰς
2666 482 2799 552 πρδς
2824 482 2915 534 τὸν
2946 482 3181 551 πῦλεμον
3206 485 3566 553 παρασκευὰς

295 577 684 635 contemnendi
722 577 999 636 hostibus,
1030 584 1083 628 et
1111 574 1303 628 amicis
1332 580 1518 626 erunt.

1987 572 2049 627 τὸ
2074 574 2219 627 ἅπαν
2270 572 2506 644 τρέψαι·
2555 574 2631 637 ὡς
2677 578 2838 627 παντὶ
2886 576 3084 642 μᾶλλον
3135 575 3167 643 ἦ
3222 575 3433 642 βασιλεί
3480 578 3575 629 καὶ

295 674 527 745 ἡγεμόνι
578 673 675 727 καὶ
708 673 876 725 παντὶ
925 670 1149 739 ἄρχοντι
1185 670 1453 739 προσήκει
1510 666 1832 721 πολυτέλεια
1859 682 1875 699 ο
1952 667 2081 720 ὅσον
2142 667 2253 735 γὰρ
2300 667 2398 734 τῆς
2434 667 2573 734 πρὸς
2617 670 2710 721 τὸν
2761 669 2998 729 πόλεμον
3043 666 3346 721 ἀπολλύασι
3390 685 3571 737 παρα-

306 770 514 835 σκευῆς
540 768 736 824 mm
773 765 1151 828 δαπανῶντες,
1193 763 1448 819 τοσοῦτον
1490 766 1592 834 τῆς
1623 761 1779 833 σφῶν
1805 762 1987 815 αὐτῶν
2010 760 2168 828 ἀξίας
2200 761 2541 816 ἀπολλύασιν
2602 760 3227 834 εὐκαταφρονηιτὸτεροι
3288 762 3401 832 (5‘2)
3473 761 3572 830 μὲν

297 868 414 926 τοῖς
448 865 753 935 πολεμίοις,
789 860 1188 933 ἀχρηστότεροι
1232 860 1290 914 δὲ
1324 860 1439 923 τοῖς
1476 858 1677 927 φιλίοις
1699 855 2036 927 γιγνόμενοι.
2662 866 2665 869 ‘

366 962 459 1016 26.
496 961 623 1015 [hee
651 974 872 1028 quoque
923 967 1135 1011 natura:
1170 954 1491 1011 consideres
1524 953 1655 1029 licet
1686 966 1882 1006 exem-

299 1053 631 1123 pla.'Aquila
666 1067 758 1105 rex
791 1047 1010 1117 quide-n
1043 1055 1129 1102 est
1160 1052 1343 1101 avium
1374 1057 1429 1101 et
1457 1044 1581 1100 Jovi
1628 1044 1727 1098 fuit
1758 1044 1887 1098 olim

300 1150 681 1204 consecratus,
720 1138 943 1192 minime
972 1146 1149 1192 tamen
1172 1136 1354 1191 varias
1378 1145 1472 1190 aut
1497 1134 1765 1206 fulgentes
1797 1136 1892 1188 ha-

301 1231 398 1286 bet
426 1231 560 1287 alas.
594 1229 744 1285 Pavo
774 1240 967 1286 contra
1002 1230 1188 1285 varius
1215 1228 1437 1299 quidem
1472 1235 1555 1283 est
1578 1235 1634 1281 et
1656 1224 1890 1295 fulgens,

301 1322 400 1379 sed
432 1322 654 1377 minime
689 1323 833 1391 regia
864 1332 1077 1386 natura,
1122 1321 1426 1390 pluresque
1483 1333 1612 1374 aves
1651 1318 1769 1372 aliae
1800 1331 1895 1385 pa-

304 1429 446 1470 vone
476 1414 632 1484 longe
660 1413 886 1469 viliores
919 1412 1165 1469 colorum
1209 1419 1341 1469 sunt
1392 1411 1657 1466 varietate
1690 1409 1889 1464 distin-

302 1516 425 1562 οιαὶ,
479 1505 659 1579 Quare
693 1505 929 1571 videtur,
964 1505 1059 1575 qui
1090 1505 1339 1562 vestibus
1378 1502 1659 1574 praetextis
1697 1516 1762 1555 ac
1809 1501 1888 1556 si-

311 1595 530 1650 milibus
567 1594 836 1664 superbit,
871 1603 1128 1662 tanquam
1183 1594 1414 1663 pavonis
1478 1591 1885 1663 pulchritudine

308 1686 549 1756 gloriari.
570 1686 686 1742 Jam
723 1686 856 1741 illud
889 1696 1098 1758 specta,
1129 1687 1273 1742 sitne
1296 1686 1581 1742 honestius
1602 1700 1664 1740 ac
1682 1683 1887 1754 jucun-

309 1779 459 1843 dius,
496 1779 601 1833 huc
629 1780 899 1846 pra-cipue
948 1777 1297 1843 tendentem,
1333 1786 1389 1832 et
1437 1776 1580 1831 bello
1619 1784 1885 1845 quantum

310 1872 440 1926 licet
463 1870 862 1937 consulentem,
892 1869 1177 1925 moderato
1208 1877 1320 1923 tum
1363 1866 1582 1933 vestitu,
1620 1875 1735 1920 tum
1772 1864 1895 1919 reli-

309 1977 421 2030 quo
455 1960 669 2015 vivendi
720 1960 905 2027 modo,
945 1961 1134 2015 hostes
1169 1942 1388 2030 quidem
1416 1966 1792 2022 contemnere,
1828 1954 1897 2010 de

310 2053 542 2119 imperio
592 2060 776 2108 autem
835 2069 899 2109 ae
949 2040 1114 2122 regno
1146 2067 1398 2109 securum
1460 2067 1604 2117 esse,
1642 2065 1710 2103 an
1746 2059 1897 2104 veste

308 2155 571 2217 praetexta
637 2148 946 2201 involutum
1011 2161 1243 2201 tremere
1292 2157 1345 2202 et
1378 2145 1568 2201 hostes
1604 2153 1848 2198 metuere
1874 2145 1901 2197 ’ί

315 2239 471 2306 Quod
516 2240 560 2294 si
592 2254 759 2309 porro
796 2248 1040 2308 pastores
1070 2236 1288 2305 essetis,
1320 2245 1447 2292 utro
1475 2236 1635 2290 modo
1674 2235 1759 2289 lac
1792 2233 1897 2286 int-

315 2328 605 2399 pendetis?
634 2336 818 2382 utrum
856 2311 1068 2397 p'artem
1098 2325 1318 2397 quidem
1352 2326 1580 2381 alteram
1631 2324 1732 2394 ipsi
1764 2339 1898 2378 cun-

313 2419 629 2480 sumeretis,
665 2417 834 2472 altera
864 2433 995 2472 vero
1032 2403 1198 2473 canes
1236 2417 1494 2471 robustos
1524 2415 1770 2495 aleretisx
1802 2415 1897 2485 qui

319 2527 350 2565 a
386 2510 625 2565 terarum
681 2511 898 2566 insidiis
954 2510 1100 2565 ovile
1150 2508 1532 2574 defenderent,
1574 2517 1631 2562 ut
1662 2523 1730 2563 eo
1762 2523 1899 2563 cena

317 2617 534 2664 secrato
573 2616 688 2662 lum
720 2615 969 2676 pastores
1000 2620 1144 2674 esse,
1178 2615 1294 2660 tum
1333 2603 1603 2659 fructibus
1649 2604 1742 2656 diu
1787 2601 1894 2657 frui

312 2699 548 2769 possetis
576 2716 592 2754 :
625 2714 693 2753 an
732 2702 837 2754 hoc
878 2698 1154 2767 neglecto,
1190 2706 1397 2766 partem
1423 2696 1643 2766 quidem
1673 2695 1899 2750 alteram

310 2792 724 2863 ingurgitaretis
753 2802 807 2846 et
834 2792 1160 2845 vestimenta
1191 2788 1540 2859 prolueretis,
1579 2788 1747 2842 altera
1775 2801 1902 2840 vero

312 2884 670 2939 robustorum
712 2882 831 2937 loco
867 2881 1124 2936 Melitaeos
1154 2880 1382 2935 catellos
1407 2888 1462 2932 et
1489 2879 1682 2948 vulpes
1723 2878 1902 2932 alere-

309 2978 410 3039 tis,
447 2983 544 3029 aut
579 2989 767 3037 ursos,
805 2983 865 3028 ut
914 2972 1308 3029 voracissimas
1346 2972 1550 3028 bestias
1593 2971 1669 3026 ita
1708 2987 1901 3042 parum

313 3070 555 3123 intentas
581 3066 861 3122 custodiae.
896 3066 1130 3121 lstorunt
1162 3064 1309 3119 enim
1341 3062 1558 3120 insidiis
1589 3078 1717 3132 grex
1753 3064 1903 3118 brevi

2065 958 2179 1015 κςν.
2211 950 2423 1021 Σκέψαι
2453 950 2510 1004 δὲ
2544 951 2641 1013 καὶ
2683 953 2747 1005 ὲκ
2778 949 2995 1005 τοιῶνδε
3020 952 3120 1019 τῆς
3154 950 3369 1020 φύσεως
3399 967 3575 1018 παρα-

1993 1042 2326 1109 δειγμάτων.
2368 1042 2559 1098 ’Δετδς
2589 1034 2691 1112 μὲν
2725 1041 2981 1111 βασιλεὺς
3006 1042 3156 1095 δοκεῖ
3182 1059 3266 1105 τις
3296 1041 3448 1111 ὄρνις
3477 1039 3574 1095 καὶ

1994 1134 2347 1204 ἡγεμονικὸς,
2383 1134 2507 1197 Διός
2532 1151 2592 1187 τε
2630 1134 2776 1204 ίερὸς
2816 1134 2987 1187 πάλαι
3016 1134 3302 1201 νενόμιστο
3323 1149 3339 1165 ·
3373 1133 3577 1204 ἥκιστα

1998 1226 2186 1298 μέντοι
2210 1227 2479 1289 ποικίλος,
2511 1226 2635 1280 οὐδὲ
2657 1226 2975 1296 χρυσαυγὴς
3000 1225 3102 1295 ἔφυ
3129 1227 3228 1294 τὴν
3260 1226 3534 1295 πτέρωσιν
3558 1246 3572 1259 ο

1993 1315 2142 1379 ταὼς
2173 1315 2232 1369 δὲ
2283 1316 2531 1379 ποικίλος
2584 1315 2686 1385 μὲν
2739 1318 2834 1369 καλ¹
2879 1317 3220 1387 χρυσαυγὴς,
3276 1316 3481 1385 ἥκιστα
3530 1315 3582 1370 δ’

1989 1407 2319 1477 ἡγεμονικὸς
2341 1406 2442 1476 τὴν
2496 1408 2678 1475 φύσιν.
2734 1408 2916 1477 Συχνᾶ
2960 1425 3020 1461 τε
3070 1408 3203 1461 ἄλλα
3250 1407 3415 1478 ὖρνεα
3457 1407 3576 1462 ταὼ

1991 1498 2177 1566 πολλῷ
2232 1498 2545 1568 φαυλότερα
2591 1499 2943 1554 πεποίκιλται
2983 1516 3043 1553 τε
3093 1499 3191 1563 καὶ
3226 1498 3573 1569 διήνθισταισ

1988 1589 2132 1644 ὥστε
2168 1589 2473 1644 κινδυνεύει
2523 1591 2693 1654 εἴτις
2740 1591 2833 1644 ἐπὶ
2872 1590 3105 1659 ποικίλῳ
3139 1608 3198 1644 τε
3240 1592 3334 1644 καὶ
3383 1608 3580 1662 χρυσοῖ

1990 1682 2189 1753 πάστῳ
2240 1681 2574 1752 σεμνύνεται
2625 1682 2816 1751 ἐσθῆτι
2856 1684 2954 1737 καὶ
2998 1658 3114 1747 rei;
3154 1658 3439 1749 τοιούτοις,
3488 1658 3582 1739 ἐπ’

1994 1773 2150 1828 οὐδὲν
2186 1775 2560 1847 σεμνοτέρῳῆ
2607 1775 2724 1830 ταὼ
2747 1775 2934 1830 κάλλει
2980 1776 3126 1844 μέγα
3156 1778 3393 1845 φρονεῖν.
3447 1776 3581 1830 Σκό-

1995 1879 2091 1916 πει
2120 1864 2178 1917 δὲ
2221 1865 2468 1926 κάκεῖνο,
2507 1865 2716 1936 πότερα
2768 1867 3099 1937 σεμνότερον
3129 1866 3164 1937 ἢ
3197 1867 3370 1937 ἦδιθνν
3404 1866 3577 1940 ταύτῃ

1999 1957 2240 2026 μάλιστα
2269 1957 2642 2027 τραπόμενον,
2687 1958 2783 2012 καὶ
2813 1959 2952 2029 πρὸς
2978 1958 3072 2012 τὸν
3104 1959 3341 2029 πόλεμον
3368 1962 3435 2012 ἐκ
3465 1959 3574 2013 τῶν

1996 2048 2229 2102 ἐνόντων
2275 2048 2725 2118 ἀσφαλισάμενον
2768 2050 2828 2104 ὲν
2862 2051 3061 2122 μετρίᾳ
3097 2054 3197 2122 μὲν
3239 2053 3452 2123 ἐσθῆτι,
3485 2069 3580 2123 μεε

1998 2139 2126 2213 τρία
2147 2139 2206 2195 δὲ
2235 2143 2301 2211 τῇ
2331 2141 2469 2215 ἄλλῃ
2516 2143 2723 2215 διαίτῃ,
2751 2146 3117 2215 καταφρονεῖν
3147 2146 3246 2215 μὲν
3286 2145 3394 2199 τῶν
3422 2149 3583 2200 πολε-

2003 2234 2166 2304 μίων,
2203 2233 2431 2307 θαρρεῖν
2463 2236 2509 2288 δ’
2545 2235 2685 2305 ὑπὲρ
2728 2236 2830 2306 τῆς
2866 2237 3046 2308 ἀρχῆς
3083 2241 3176 2294 καὶ
3225 2240 3520 2309 βασιλείας,
3550 2241 3585 2309 ἢ

1999 2326 2373 2396 χρυσοπάστῳ
2426 2326 2616 2393 ἐσθῆτι
2667 2327 3038 2399 ἐνειλημένον,
3068 2330 3295 2400 τρέμειν
3350 2333 3445 2385 καὶ
3501 2331 3588 2385 δε-

1998 2417 2173 2472 διέναι
2199 2418 2329 2481 τοὺς
2381 2419 2630 2490 ἐχθρούς.
2671 2420 2730 2473 El
2760 2420 2819 2474 δὲ
2848 2421 2946 2473 καὶ
2976 2424 3237 2492 ποιμένες
3277 2419 3394 2489 ἦτε.
3432 2404 3590 2477 ποτέ-

2005 2527 2111 2581 ρως
2140 2509 2209 2564 ἂν
2257 2509 2338 2582 τῷ
2369 2512 2605 2580 γάλακτι
2664 2513 3015 2585 ἐπιχρῆσθε;
3071 2516 3278 2585 πότερα
3332 2516 3425 2569 τοῦ
3489 2517 3589 2587 μὲν

2000 2601 2157 2657 αὐτοὶ
2192 2602 2432 2673 μετρίως
2487 2603 2878 2670 ἀπολαύοντες,
2918 2605 3011 2659 τοῦ
3048 2606 3106 2661 δὲ
3157 2605 3328 2671 κύνας
3362 2607 3427 2660 ἂν
3460 2607 3589 2677 τρέ-

2003 2710 2201 2763 φοντες
2227 2694 2494 2763 ἀλκίμους
2514 2712 2576 2748 τε
2605 2697 2703 2750 καὶ
2727 2697 3217 2767 προϐατευτικοὺς,
3245 2698 3325 2770 τῷ
3350 2700 3591 2768 ποιμνίῳ

2003 2787 2101 2840 ἐπὶ
2128 2787 2197 2839 τε
2225 2786 2656 2842 ἐπιϐουλεύοντα
2697 2789 2809 2843 τῶν
2856 2788 3062 2860 θηρίων
3095 2790 3460 2861 ἀμυνοῦντας,
3502 2789 3591 2843 ἴνα

2003 2878 2070 2950 δή
2100 2880 2231 2947 ὑμῖν
2257 2880 2319 2933 τὸ
2370 2880 2629 2951 ποίμνιον
2664 2881 2978 2953 σωζόμενον
3018 2882 3334 2954 παρείχετο,
3369 2882 3591 2951 ποιμέσι

2004 2989 2065 3025 τε
2097 2967 2266 3038 εἶναι,
2295 2972 2393 3027 καὶ
2443 2972 2539 3027 ἐπὶ
2595 2973 2732 3029 πολὺ
2781 2973 3078 3029 ἀπολαύειν
3109 2974 3217 3031 τῶν
3252 2977 3523 3046 καρπῶν;
3556 2973 3590 3044 ἢ

2007 3063 2414 3134 ἀμελήσαντες,
2451 3066 2547 3120 τοῦ
2582 3066 2683 3135 μὲν
2714 3066 2970 3137 ἀμέτρως
3006 3067 3344 3140 ἑνεφορείσθ⁹
3376 3067 3465 3130 ἂν,
3499 3068 3593 3120 καὶ

316 3159 599 3213 dilabitur.
651 3158 775 3212 Mihi
813 3158 1030 3227 quidem
1066 3156 1278 3213 similes
1323 3156 1535 3225 aliquot
1592 3154 1694 3208 viri
1747 3154 1902 3210 vobis

2010 3158 2156 3211 κατὰ
2196 3158 2309 3213 τῶν
2347 3158 2585 3230 ἱματίων
2624 3159 2979 3231 κατεχεῖσθε’
3016 3161 3110 3214 τοῦ
3160 3162 3207 3213 δ’
3254 3161 3376 3215 ἀντὶ
3405 3161 3593 3215 ,κυνῶν

306 3251 543 3306 insidias
574 3267 637 3306 ac
667 3251 911 3304 fraudem
938 3261 1151 3305 struere
1181 3249 1460 3314 videntur,
1490 3248 1583 3319 qui
1612 3248 1900 3304 libidinum

317 3346 540 3398 nudum
581 3353 765 3399 tenent
806 3345 1040 3398 nullum.

2008 3250 2265 3321 ἀλκίμων
2296 3250 2573 3307 Μελιταῖά
2601 3269 2661 3306 τε
2692 3252 2905 3307 κυνίδια
2950 3254 3046 3307 καὶ
3079 3253 3372 3317 ἀλώπεκας
3409 3252 3596 3323 ἐντρέ-

2010 3360 2163 3413 φετε,
2193 3344 2228 3415 ἦ
2260 3344 2525 3414 ἄρκτους,
2567 3343 2859 3416 βορώτατα
2910 3345 3011 3415 μὲν
3043 3344 3273 3416 θηρίων,
3313 3346 3516 3417 ἥκιστα
3538 3343 3596 3397 δὲ

309 3437 672 3504 φυλακτικά;
714 3436 838 3503 Ὑφ’
885 3429 962 3490 ὧν
1009 3437 1141 3506 ὑμῖν
1182 3438 1280 3490 καὶ
1320 3434 1428 3490 τῶν
1458 3436 1636 3491 ἄλλων
1686 3437 1760 3516 ἂν.
1782 3435 1895 3491 τῶν
1933 3434 2159 3508 έξ[ωθεν
2187 3436 2657 3491 ἐπιϐουλευόντων
2680 3438 2821 3508 ταχὺ
2853 3437 2919 3492 ἂν
2947 3436 3144 3508 ἔμελλε
3221 3437 3282 3492 τὸ
3344 3436 3598 3507 ποίμνιον

310 3530 652 3583 διασπασθὲν
688 3530 1035 3600 οίχήσεστέαι.
1085 3531 1513 3602 Παραπλησίους
1578 3530 1686 3600 γάρ
1733 3548 1825 3600 μοι
1890 3530 2103 3585 δοκεῖτε
2155 3532 2382 3602 τρέφειν
2420 3530 2631 3586 τούτων
2674 3532 2874 3598 ἐνίους,
2933 3532 3044 3587 τῶν
3092 3532 3228 3603 πρὸς
3309 3530 3597 3586 κολακείαν

318 3632 416 3682 καὶ
443 3629 596 3682 δόλον
633 3629 765 3698 ὑμῖν
794 3629 1258 3701 προσφερομένων
1283 3629 1315 3683 ἢ
1346 3627 1650 3700 συλλήϐδην
1683 3627 1901 3683 ἅπαντα
1942 3627 2311 3685 καταπίεσθαι
2363 3630 2677 3700 κεχηνότων
2719 3628 2961 3701 οὐδαμοῦ
3031 3646 3092 3683 τε
3159 3631 3260 3700 τῆς
3300 3628 3597 3699 ἐπιθυμίας

320 3708 514 3788 στῆνοῖι
563 3720 900 3790 δυναμένων.

387 3813 480 3867 27.
519 3812 601 3866 Tu
621 3827 773 3877 vero,
792 3814 836 3868 si
851 3812 1122 3883 justitiam
1142 3830 1400 3871 exercere
1414 3826 1469 3872 et
1492 3817 1704 3872 cateris
1731 3825 1792 3872 ut
1815 3815 1911 3872 tibi

315 3905 425 3975 ipsi
464 3905 724 3974 prodesse
748 3907 829 3960 vis
851 3915 904 3961 et
925 3907 1258 3973 voluptatem
1289 3909 1515 3964 sectaris
1535 3909 1651 3965 viro
1674 3909 1911 3979 ingenuo

311 3997 567 4068 'dignam,
595 3998 722 4052 illuc
746 4012 910 4052 omne
935 3999 1176 4054 studiutn
1202 4006 1477 4067 converte,
1501 3999 1632 4055 nihil
1653 4000 1912 4055 omittens

324 4106 505 4158 neque
524 4100 848 4160 prmtexens,
870 4090 985 4146 sive
1001 4088 1130 4162 quid
1148 4100 1243 4147 aut
1262 4091 1503 4163 priorum
1526 4107 1709 4163 regum
1729 4092 1913 4155 alieni,

321 4191 419 4249 aut
446 4181 548 4251 ipsi
582 4182 677 4237 tibi
720 4183 880 4238 aliter
900 4183 1031 4239 olim
1074 4183 1179 4238 fuit
1213 4183 1413 4251 visum,
1440 4182 1554 4238 sive
1578 4183 1903 4251 quihusdam

317 4292 428 4349 non
448 4286 534 4331 est
558 4292 642 4331 res
663 4276 950 4346 placitura;
972 4274 1066 4332 sed
1086 4289 1211 4328 cum
1227 4274 1410 4329 omnia
1434 4288 1683 4337 movens,
1699 4283 1811 4327 tum
1829 4271 1912 4326 ni-

319 4369 398 4428 hil
435 4386 540 4423 non
573 4369 640 4424 ad
659 4383 1008 4423 communem
1036 4367 1264 4421 salutem
1291 4368 1563 4437 pertinere
1588 4366 1765 4420 visum
1794 4373 1911 4420 ten-

318 4471 474 4523 tans.
500 4461 719 4531 quando
748 4475 815 4513 ne
848 4459 1045 4514 medici
1070 4458 1289 4527 quidem
1318 4473 1415 4513 sua
1445 4470 1660 4526 semper
1680 4465 1923 4525 possunv

318 4566 549 4608 servare
593 4552 832 4612 decreta,
862 4547 958 4603 sed
989 4563 1111 4604 cum
1147 4547 1334 4602 omnia
1362 4555 1605 4613 movent,
1635 4555 1748 4601 tum
1777 4545 1910 4599 nihil

2087 3810 2191 3877 κζ’.
2234 3810 2378 3865 ‘An’
2392 3812 2452 3880 εἰ
2482 3809 2665 3881 βούλει
2694 3811 2760 3864 τά
2787 3827 2847 3863 τε
2877 3808 3197 3864 δικαιότατα
3233 3812 3411 3862 ποιεῖν
3447 3807 3516 3863 τά
3539 3824 3595 3861 τε

2014 3903 2438 3959 λυσιτελέστατα
2479 3901 2665 3971 σαυτῷ
2702 3918 2762 3955 τε
2823 3903 2937 3972 ἅμα
2973 3901 3071 3955 καὶ
3119 3901 3199 3970 τῷ
3238 3901 3386 3969 ἄλλῳ
3425 3901 3594 3968 γένει,

2013 4000 2084 4054 τά
2116 3998 2166 4052 θ’
2203 3995 2366 4068 ἡδονῇ
2424 3994 2664 4049 νικῶντα
2711 3998 2779 4067 τῇ
2820 3993 3036 4064 ἁλιθινῇ
3083 3994 3177 4047 καὶ⁷
3208 3992 3449 4066 καθαρᾷ]
3504 3995 3597 4047 καὶ

2015 4090 2173 4161 ἀνῗρὶ
2204 4086 2560 4160 προσηκούσῃ
2609 4086 2761 4155 καλῷ
2788 4102 2849 4140 τε
2879 4085 3137 4157 κάγαθῷ,
3181 4087 3357 4158 ταύτῃ
3385 4087 3596 4157 τράπου

2018 4181 2225 4251 σπουδῇ
2279 4180 2454 4252 πάσῃ,
2500 4178 2658 4233 οὐδὲν
2705 4179 3024 4248 ὑφιέμενος,
3056 4180 3166 4232 οὐδ’
3203 4178 3596 4247 ὑπολογιζόμε-

2014 4290 2126 4337 νος,
2156 4272 2269 4326 οὖτ’
2295 4273 2348 4326 εί
2377 4290 2484 4325 τινι
2521 4273 2634 4327 τῶν
2661 4272 2930 4344 πρότερον
2973 4272 3260 4343 βασιλέων,
3305 4273 3337 4343 ῆ
3396 4274 3599 4343 ἡγεμό-

2013 4384 2144 4433 νων,
2174 4364 2289 4420 οὔτ’
2316 4367 2371 4421 εί
2402 4383 2484 4420 σοι
2515 4365 2667 4436 αὐτῷ
2697 4365 2901 4438 ἑτέρως
2934 4382 3034 4419 που
3057 4365 3303 4420 δέδοκται
3332 4365 3431 4435 ἤδη
3472 4366 3601 4435 περὶ

2015 4460 2127 4514 τῶν
2154 4459 2358 4524 αὐτῶν,
2394 4456 2511 4512 οὔτ’
2538 4459 2593 4512 εἰ
2618 4475 2766 4512 τισιν
2802 4459 2861 4512 οὐ
2899 4456 3022 4511 καθ’
3062 4458 3257 4528 ἡδονήν
3300 4475 3353 4511 τι
3387 4457 3602 4524 μέλλεις

2017 4554 2229 4607 ποιεῖν·
2267 4552 2404 4606 ἀλλὰ
2436 4553 2616 4606 πάντα
2651 4552 2840 4616 κινῶν,
2873 4556 2968 4605 καὶ
3012 4552 3231 4605 πάντων
3260 4549 3602 4622 πειρώμενος

320 4643 390 4698 ad
412 4642 701 4698 sanitatem
729 4641 1009 4710 pertinens
1032 4640 1311 4704 otnittunt,
1342 4654 1406 4693 ac
1427 4647 1617 4692 secant
1637 4638 1801 4691 etiam
1828 4636 1902 4689 vel

2015 4645 2124 4696 τῶν
2162 4644 2301 4714 πρὸς
2336 4644 2614 4715 σωτηρίαν
2662 4646 2854 4713 φέρειν
2885 4642 3192 4721 δοκούντωγ
3235 4644 3341 4712 τὴν
3375 4643 3564 4712 κοινήν
3588 4659 3600 4673 ·

323 4741 516 4796 urunt,
562 4747 896 4800 unaeunque
932 4731 1206 4785 interdum
1242 4730 1326 4784 vel
1363 4730 1551 4800 pedem
1591 4729 1818 4798 insuper
1841 4726 1911 4782 ob

322 4826 558 4881 salutem
603 4823 770 4878 totius
806 4823 1052 4891 rorporis
1083 4822 1441 4876 abscindunt.
1479 4820 1685 4876 llorum
1739 4821 1914 4890 siqui-

325 4921 446 4974 dem
480 4919 597 4986 ipse
627 4915 903 4984 quoniam,
938 4914 981 4969 si
1017 4912 1312 4976 videbitur,
1344 4929 1468 4968 cum
1501 4913 1667 4968 liceat
1699 4955 1712 4979 ,
1750 4930 1913 4984 pera-

320 5028 442 5081 ges,
480 5008 739 5064 nonnulla
766 5008 833 5062 ab
855 5009 1103 5078 Augusto
1136 5007 1466 5076 imperatore
1489 5016 1545 5061 et
1571 5005 1736 5061 Patre
1766 5007 1915 5062 salu-

328 5104 398 5157 tis
432 5101 664 5172 pnblicae
709 5115 877 5155 causa
929 5099 1231 5169 postulabis
1257 5139 1272 5164 ,
1303 5115 1481 5170 neque
1513 5099 1611 5155 tibi
1643 5101 1732 5154 ille
1773 5101 1912 5156 ditii-

321 5197 502 5249 cnlter
532 5210 596 5249 ea
627 5194 917 5259 concedet,
948 5208 1075 5248 cum
1112 5193 1219 5247 huc
1258 5205 1510 5263 spectare
1547 5195 1908 5263 cognoverit,

326 5290 608 5357 ingenium
660 5288 821 5341 simul
872 5297 927 5341 et
972 5287 1237 5355 impetnnt
1291 5286 1538 5342 divinum
1585 5288 1912 5342 admiratus.

274 5364 281 5367 ’
323 5381 601 5437 Caeterum
634 5380 743 5444 bis,
775 5394 897 5450 quae
925 5379 1162 5432 maxime
1191 5387 1243 5433 et
1274 5379 1527 5448 proxime
1567 5378 1820 5434 videntur
1844 5379 1915 5432 ad

397 5557 510 5624 (52)
543 5555 1357 5629 ’E[£s.1087r...£imam5:o_vn]
1389 5557 1611 5623 τότεροι
1639 5557 1755 5629 κτλ.
1786 5558 1915 5620 Quae

328 5628 473 5684 inter
505 5626 674 5683 uncos
707 5630 959 5696 leguntur
992 5647 1037 5682 e.
1060 5626 1198 5684 .cod}
1239 5626 1370 5681 Tur.
1418 5630 1665 5678 restituta
1696 5627 1912 5682 damus.

332 5698 521 5751 licunt)
550 5700 858 5768 inspicit-nti
903 5699 1033 5753 mihi
1057 5699 1192 5754 Cod.
1249 5700 1467 5751 Monac.
1521 5696 1586 5747 ad
1616 5698 1916 5768 utarginvut

334 5781 385 5817 ιι.
446 5767 953 5822 Λιιιίτμιὶιιιιιιιιιοίί
1009 5787 1171 5821 manu
1239 5768 1501 5833 scriptum
1561 5782 1618 5817 se
1683 5767 1913 5818 obtulit:

338 5837 483 5886 εστὶ-ι
506 5837 747 5904 ἐξίτηλον
773 5840 800 5890 ὑ
814 5842 988 5909 τὸτῆς
1010 5840 1386 5909 ἁρχαιύτηεοέ.
1417 5835 1548 5888 illul:
1569 5836 1687 5889 cod.
1714 5837 1913 5890 Malm.

2015 4735 2174 4800 εἰδὼς
2202 4737 2297 4788 καὶ
2328 4737 2457 4798 τοὺς
2488 4734 2710 4806 ἰατροὺς
2737 4735 3084 4804 δεδογμένοις
3116 4733 3247 4787 οὔτε
3269 4736 3385 4796 τοῖς
3416 4736 3601 4801 σφίσιν

2014 4830 2117 4902 ήδη
2148 4830 2333 4890 αὐτοῖς
2359 4829 2624 4899 ἐμμένειν
2645 4828 2905 4882 ἑκάστοτε
2930 4826 3433 4896 ἀναγκαζομένους,
3468 4824 3603 4877 ἀλλὰ
3677 4845 3681 4849 ν

2018 4922 2199 4975 πάντα
2253 4921 2355 4992 μὲν
2389 4922 2697 4986 κινοῦντας,
2738 4921 3091 4990 φειδομένους
3130 4921 3185 4973 δὲ
3221 4920 3455 4982 οὐδενὸς,
3497 4920 3525 4972 ὃ
3552 4935 3605 4969 τι

2018 5014 2087 5070 ἂν
2118 5014 2255 5086 πρὸς
2288 5014 2349 5067 τὸ
2393 5015 2568 5084 παρὸν
2606 5013 2839 5081 ὠφελεῖν
2869 5014 3001 5084 δοκῇ
3022 5003 3043 5045 ·’
3075 5011 3173 5067 καὶ
3221 5013 3520 5083 τέμνοντας
3548 5008 3607 5062 δὲ

2017 5109 2113 5162 καὶ
2144 5108 2427 5173 καίοντας,
2456 5109 2553 5161 καὶ
2602 5109 2766 5178 χεῖρα
2793 5108 2943 5161 ἐστιν
2975 5110 3063 5161 ὅτε
3103 5106 3199 5160 καὶ
3230 5104 3366 5158 πόδα
3405 5100 3607 5155 ἁποκὸ-

2020 5217 2254 5264 πτοντας
2300 5200 2443 5271 ὑπὲρ
2471 5200 2568 5268 τῆς
2612 5200 2709 5254 τοῦ
2743 5201 2866 5254 ὅλου
2902 5198 3155 5269 σώματος
3205 5195 3502 5265 σωτηρίας.
3536 5220 3604 5232 -—

2018 5289 2241 5343 Τούτων
2292 5292 2403 5359 γὰρ
2455 5290 2524 5344 τὰ
2560 5290 2661 5360 μὲν
2709 5290 2872 5352 αὐτὸς
2924 5289 3046 5353 ἐξόν
3093 5304 3177 5341 σοι
3211 5287 3458 5354 ποιήσεις
3491 5284 3606 5350 εἴγε

2022 5380 2234 5452 βούλοιο
2258 5398 2273 5413 ·
2309 5381 2381 5434 τὰ
2412 5380 2470 5435 δὲ
2518 5380 2614 5437 καὶ
2661 5381 2759 5435 τοῦ
2792 5381 3072 5436 θειοτάτου
3118 5379 3384 5451 βασιλέως
3425 5393 3484 5429 τε
3517 5375 3609 5428 καὶ

2029 5558 2285 5615 identitas
2345 5576 2470 5615 cum
2532 5559 2793 5615 Sambuci
2847 5574 2958 5627 quo
3019 5558 3287 5614 Cantertts
3345 5570 3477 5609 usus
3527 5564 3609 5611 est

2022 5628 2179 5685 Extra
2219 5631 2445 5685 dubium
2487 5642 2570 5685 est
2608 5633 2802 5698 posita.
2845 5630 2973 5683 Item
3033 5628 3281 5681 vide-mus
3342 5627 3485 5698 loca,
3514 5629 3608 5679 ah-

2026 5702 2199 5755 sentia
2230 5716 2356 5765 non,
2394 5701 2524 5754 utin
2551 5697 2674 5755 cod.
2701 5701 2911 5753 Monar.
2935 5716 2963 5751 :t
2996 5698 3357 5751 iiltt'ariuesse
3380 5697 3607 5762 omissa,

2025 5774 2118 5840 sed
2155 5774 2222 5826 oh
2260 5782 2582 5826 vetustatem
2620 5771 2906 5826 oculorum
2937 5770 3109 5824 aciem
3141 5768 3342 5839 fagi-re.
