4078 6440
317 431 420 496 8‘37

1523 415 1847 484 GEORGII
1888 401 2324 480 PLETnom-s

3472 397 3608 464 863

314 542 460 615 quod
492 539 772 607 convenit,
813 548 976 611 prout
1015 538 1306 595 referimur
1355 536 1420 592 ad
1456 535 1677 608 quidvis
1719 533 1892 589 aliud.

2022 533 2194 595 ιῦτοῦ,
2232 531 2364 602 περὶ
2401 529 2503 601 μὲν
2523 527 2590 583 τὰ
2627 527 2782 599 βίαια
2819 525 2927 578 τῶν
2958 521 3303 594 παθημάτων
3329 516 3466 588 ἔχων
3488 518 3611 572 ἀν’

317 639 599 702 Qnatenns
620 649 749 690 vero
771 648 958 689 secum
984 635 1102 703 ipse
1121 641 1493 702 comparatur,
1523 632 1568 687 si
1589 645 1650 683 ea
1678 644 1767 684 res
1779 642 1898 682 ver-

317 739 472 781 setur
505 728 558 780 in
587 725 840 781 violentis
874 727 1092 780 casibus
1116 767 1129 790 ,
1163 723 1428 779 fortitudo
1487 722 1541 776 in
1589 735 1655 775 eo
1691 717 1899 781 existit,

319 819 367 872 si
403 820 457 871 in
485 817 811 872 Voluntariis
837 858 852 883 ,
889 817 1274 886 temperantia,
1327 828 1558 884 quarum
1617 820 1691 865 ut'
1725 823 1901 879 eaque

323 909 566 965 melioris
599 911 775 964 nostri
809 910 980 979 partis
1027 908 1348 978 dignitatem
1377 906 1646 962 adversus
1673 904 1904 958 deterio-

323 1011 438 1048 rem
492 1007 708 1065 semper
763 1004 971 1051 tuetur.
1027 995 1326 1050 Dicendum
1360 1005 1543 1049 autem
1594 1009 1789 1049 rursus
1821 999 1906 1046 est

323 1087 597 1154 exquisite
621 1088 798 1158 magis
829 1090 895 1140 de
928 1087 1060 1156 ipsis
1090 1086 1384 1140 virtutibus
1409 1086 1488 1140 sic
1518 1093 1577 1140 ut
1611 1085 1678 1138 ab
1703 1085 1902 1152 imper-

324 1179 624 1234 fectissima
660 1181 1013 1250 auspicemur
1041 1219 1058 1244 ,
1092 1188 1148 1234 et
1204 1179 1271 1233 ad
1316 1178 1769 1248 perfectissimam
1815 1191 1908 1231 se-

323 1273 565 1326 cumlum
619 1280 870 1326 naturam
909 1273 1120 1327 ratione
1171 1271 1613 1341 progrediamur.
1652 1270 1731 1323 Ae
1766 1269 1908 1324 Deus

325 1365 546 1432 quidem
600 1378 785 1418 revera
823 1363 1026 1418 nullius
1064 1364 1143 1418 rei
1179 1371 1322 1431 eget,
1357 1377 1482 1416 cum
1519 1369 1572 1416 et
1621 1359 1909 1430 perfectis-

327 1459 504 1512 simus
524 1458 616 1525 sit,
637 1466 690 1513 et
716 1472 895 1528 quam,
921 1457 1159 1512 maxime
1180 1457 1358 1527 seipso
1387 1452 1906 1510 contentus.Verrnn

330 1557 389 1602 ut
429 1548 594 1602 horno
627 1549 833 1604 nullius
859 1563 1087 1618 prorsus
1111 1548 1185 1603 rei
1217 1557 1392 1618 egeat,
1426 1547 1541 1602 fieri
1572 1545 1722 1637 nullo
1746 1545 1911 1599 modo

330 1649 532 1710 potest,
572 1642 667 1698 sed
726 1642 822 1711 qui
889 1643 1244 1709 paucioribus
1297 1651 1353 1695 et
1415 1641 1666 1710 pluribus
1721 1648 1908 1710 egeat,

332 1741 554 1803 propter
591 1735 843 1788 virtutem
875 1744 929 1789 et
964 1736 1154 1788 vitium
1203 1734 1448 1788 invenire
1482 1733 1650 1800 licet;
1681 1733 1825 1802 quod
1861 1732 1908 1787 si

331 1827 684 1894 paucissimis
713 1836 887 1896 egeat,
915 1838 1029 1882 tum
1058 1826 1167 1882 Deo
1193 1826 1508 1882 simillimus
1544 1836 1650 1889 est,
1683 1836 1738 1879 et
1772 1825 1824 1879 in
1846 1839 1913 1879 eo

331 1921 414 1974 sui
471 1929 618 1974 statu
670 1920 874 1990 optime
909 1924 1286 1981 ennstitutns;
1330 1919 1412 1974 sin
1446 1919 1696 1990 pluribus
1745 1933 1906 1988 egere

330 2010 516 2080 coepit,
546 2020 657 2064 tum
684 2011 790 2064 Deo
818 2011 1053 2065 maxime
1083 2010 1368 2066 dissimilis
1391 2019 1478 2064 est
1503 2018 1559 2062 et
1588 2007 1823 2078 pessime
1852 2023 1913 2062 se

333 2104 518 2160 habet.
544 2102 640 2158 Est
679 2110 858 2156 autem
890 2117 953 2156 ea
992 2101 1208 2157 virtutis
1242 2117 1368 2170 pars
1399 2117 1520 2171 quae
1547 2099 1910 2169 temperantia

331 2195 554 2259 dicitur,
589 2193 810 2248 habitus
838 2193 1028 2258 animi,
1057 2203 1351 2248 contentus
1380 2192 1751 2263 paucissimis,
1793 2206 1914 2261 quze

331 2287 399 2342 ad
430 2286 598 2341 vitam
649 2287 952 2356 degendam
999 2287 1377 2354 requiruntur.
1404 2280 1741 2339 Paucissima
1783 2290 1916 2338 vero

332 2392 518 2433 rerum
572 2377 640 2432 ad
697 2379 866 2432 vitam
913 2375 1217 2445 degendam
1292 2376 1758 2443 necessariarum,
1807 2375 1915 2430 alia

334 2472 594 2527 videlicet
614 2481 743 2525 sunt
762 2470 1132 2533 multitudine,
1156 2469 1260 2522 alia
1293 2467 1574 2534 facultate,
1600 2467 1912 2537 cujnsmodi

335 2574 488 2631 sunt,
520 2564 722 2634 quibus
757 2564 892 2618 citra
928 2578 1182 2629 maguum
1221 2562 1500 2632 negotium
1542 2563 1706 2632 potiri
1733 2562 1914 2626 liceat,

340 2664 400 2708 ut
435 2653 610 2723 magis
661 2649 988 2721 probabilia,
1027 2651 1217 2705 viliora
1251 2659 1306 2704 et
1356 2649 1622 2717 faciliora,
1658 2665 1800 2721 quas
1829 2667 1916 2706 res

335 2747 592 2817 amplecti
631 2747 815 2815 potius
841 2761 1004 2816 quant
1037 2760 1132 2800 eas
1163 2760 1285 2814 qua:
1315 2744 1592 2801 difficilius
1626 2755 1915 2816 parantur,

333 2850 391 2895 et
423 2839 779 2910 pretiosiores
824 2849 976 2903 sunt,
1015 2845 1068 2892 et
1106 2837 1467 2898 difficiliores.
1515 2837 1750 2894 officium
1811 2839 1914 2892 viri

336 2930 690 3000 temperantis
715 2938 770 2983 et
799 2943 898 2982 sua
929 2937 1076 2983 sorte
1105 2931 1343 2983 contenti
1393 2929 1616 2986 fuerint.
1646 2929 1767 2985 Jam
1789 2947 1919 2987 vero

336 3021 503 3075 etiam
555 3021 857 3076 immobilis
912 3029 998 3075 est
1031 3022 1212 3087 Deus,
1263 3019 1543 3076 hominem
1581 3034 1763 3078 autem
1804 3040 1916 3079 non

337 3115 547 3169 moveri
579 3114 686 3168 ulla
723 3129 804 3179 re,
834 3128 934 3168 uec
977 3115 1090 3169 ﬁeri
1118 3125 1294 3184 potest
1325 3130 1427 3169 nec
1455 3117 1710 3185 expedit,
1740 3130 1918 3187 neque

336 3206 485 3260 enim
526 3205 778 3262 honestis
826 3198 990 3259 etiam
1025 3206 1194 3262 rebus
1233 3221 1386 3276 aeque
1424 3221 1533 3260 non
1587 3209 1795 3262 moveri
1826 3209 1918 3272 de:

335 3300 552 3360 cuerit.
609 3302 702 3351 sed
755 3313 855 3352 nec
912 3299 1245 3352 eommoveri
1287 3299 1453 3353 rebus
1493 3300 1673 3365 malis,
1705 3309 1762 3356 et
1811 3318 1917 3355 non

335 3388 499 3457 dejici
523 3388 592 3442 de
630 3397 775 3443 statu
814 3388 1014 3443 mentis
1045 3390 1114 3443 ab
1144 3390 1478 3445 adversariis
1505 3391 1627 3445 vita:
1663 3392 1917 3456 casibus,

345 3495 525 3550 neque
557 3481 736 3552 ipsum
771 3482 839 3536 ab
880 3482 1009 3536 ullis
1047 3497 1168 3551 qua:
1195 3482 1443 3536 incidunt
1471 3483 1632 3539 rebus
1659 3501 1760 3538 una
1793 3501 1918 3540 cum

343 3573 616 3628 deteriore
649 3575 734 3629 sui
765 3581 916 3641 parte
954 3583 1010 3628 et
1043 3582 1236 3627 natura
1275 3574 1550 3630 imbecilla
1575 3615 1590 3640 ,
1619 3577 1773 3647 pejus
1834 3576 1921 3631 af-

341 3667 476 3731 fici,
524 3666 1040 3736 prmstantissimum
1101 3657 1268 3721 fuerit
1311 3679 1366 3722 et
1411 3666 1520 3722 Deo
1569 3669 1766 3724 simile.
1827 3668 1922 3724 Est

339 3768 522 3813 autem
548 3774 609 3812 ea
647 3759 865 3812 virtutis
890 3775 1012 3827 pars
1056 3775 1178 3828 qua:
1207 3757 1468 3814 fortitudo
1510 3760 1734 3825 dicitur,
1765 3761 1920 3816 habi-

338 3862 428 3906 tus
455 3852 756 3922 animi,qui
784 3853 1084 3908 contrariis
1116 3857 1234 3906 vitae
1263 3855 1482 3909 casibus
1511 3870 1619 3907 non
1653 3866 1920 3909 movetur.

339 3945 610 4009 Quoniam
668 3955 854 3999 autem
894 3946 1278 4016 unusquisque
1318 3956 1566 4000 nostrum
1636 3947 1707 4000 ita
1761 3958 1924 4002 natus

339 4045 426 4089 est
457 4043 517 4087 ut
555 4033 646 4088 Dei
680 4035 959 4104 quoddam
994 4036 1066 4089 sit
1089 4050 1249 4104 opus,
1277 4049 1385 4088 non
1428 4033 1588 4104 plane
1639 4034 1875 4087 alienum
1907 4072 1924 4097 ,

339 4127 436 4182 sed
470 4127 873 4197 quodammodo
924 4127 1286 4182 domestcum
1340 4126 1920 4196 atqne'conjnuctum,

341 4221 541 4274 deinde
569 4216 734 4275 veluti
765 4219 1034 4290 particula
1057 4219 1287 4273 aliarum
1317 4221 1577 4288 partium,
1607 4234 1726 4288 qna-
1754 4217 1926 4286 majo-

343 4327 430 4366 res
461 4312 618 4366 nobis
653 4321 802 4377 sunt,
844 4312 1096 4366 videlicet
1130 4312 1293 4381 hujus
1352 4312 1754 4373 universitatis,
1803 4323 1925 4379 qua:

342 4413 426 4457 est
476 4411 650 4456 totum
687 4412 743 4457 et
767 4417 934 4455 nntnn
961 4402 1219 4472 quiddam
1254 4400 1547 4456 conflatum
1573 4417 1602 4455 e
1627 4401 1837 4464 multis,
1869 4411 1925 4453 ut

345 4496 551 4564 ubique
615 4495 863 4547 obtineat
921 4494 1096 4546 locum
1163 4493 1598 4562 qualemcunque
1652 4503 1710 4546 nt
1763 4508 1925 4561 quam

1997 627 2144 694 δρία,
2181 626 2310 694 περὶ
2345 624 2402 678 δὲ
2430 625 2500 676 τὰ
2524 621 2750 676 ἑκούσια
2813 616 3165 688 σωφροσύνη,
3196 612 3431 676 σώζοντε
3459 611 3616 662 ἐκα-

1999 718 2147 788 τέρω
2163 718 2377 771 τούτοιν
2397 716 2497 784 τὴν
2524 715 2620 769 τοῦ
2649 713 2934 784 ἀμείνονος
2949 710 3059 764 τῶν
3085 708 3215 776 παρ’
3245 707 3377 776 ἡμῖν
3401 703 3617 763 αὖτοϊς

2001 811 2138 881 πρὸς
2163 810 2223 864 τδ
2265 811 2448 880 χεῖρον
2478 809 2740 861 ἑκάστοτε
2769 803 2947 870 ἀξίαν.
2987 801 3208 872 Ῥητέον
3239 798 3296 851 δὲ
3325 792 3483 856 αὖθις
3514 792 3617 846 δι⁹

2002 901 2292 972 ἀκριϐείας
2323 901 2526 972 μᾶλλον
2564 897 2695 968 περὶ
2742 896 2948 959 αὐτῶν,
2984 892 3315 965 ἀρξαμένοις
3345 888 3452 942 ἀπο
3487 884 3617 952 τῆς

2005 998 2505 1066 ἀτε).εστάτης,ὲπὶ
2531 994 2586 1048 δὲ
2619 993 2720 1062 τὴν
2744 990 3083 1058 τελεωτάτην
3103 987 3246 1038 κατὰ
3271 983 3433 1051 φύσιν
3453 979 3614 1031 ἰοῦσι

2003 1091 2083 1158 τῷ
2103 1091 2272 1160 λόγῳδ
2319 1090 2379 1142 ’0
2413 1087 2516 1158 μὲν
2540 1085 2634 1140 οὖν
2663 1085 2797 1146 Θεὸς
2826 1083 2902 1152 τῷ
2940 1082 3056 1134 δντι
3083 1076 3372 1144 ἀνεπιδεὴς
3399 1068 3614 1126 τελεώ-

2004 1182 2167 1246 τατός
2190 1199 2249 1235 τε
2279 1181 2380 1242 ὢν,
2409 1179 2507 1232 καὶ
2536 1177 2610 1241 ὡς
2637 1171 2753 1230 οἷον
2783 1192 2842 1228 τε
2896 1173 3132 1243 μάλιστα
3160 1169 3468 1237 αὐτάρκης⁹
3502 1164 3620 1217 ἄν-

2007 1277 2227 1346 θρωπον
2277 1274 2336 1327 δὲ
2400 1273 2692 1326 ἀνεπιδεέα
2749 1270 2848 1338 μὲν
2921 1265 3182 1332 γενέσθκι
3247 1261 3618 1316 παντάπασιν

2009 1370 2326 1438 ἀμήχανον
2381 1365 2684 1419 ἐλαττόνων
2737 1363 2922 1432 μέντοι
2950 1360 3044 1412 καὶ
3072 1358 3316 1410 πλεόνων
3340 1355 3620 1422 δεόμενον

2009 1457 2078 1510 δι’
2102 1457 2306 1526 ἀρετήν
2335 1471 2395 1506 τε
2423 1456 2519 1506 καὶ
2555 1453 2757 1505 κακίαν
2812 1451 2962 1504 ἔστιν
3010 1448 3214 1518 εὑρεῖν.
3261 1444 3616 1513 Ἐλαχίστων

2016 1551 2116 1619 μὲν
2143 1544 2236 1602 οῦν
2266 1546 2541 1615 δεόμενος,
2569 1544 2690 1613 Θεῷ
2717 1561 2776 1596 τε
2800 1543 3098 1612 ὁμοιότατα
3129 1540 3292 1609 ἴσχει,
3327 1537 3425 1589 καὶ
3456 1535 3616 1604 κρά-

2012 1660 2172 1696 τιστα
2203 1640 2366 1702 αὐτὸς
2397 1638 2568 1694 αὐτοῦ
2589 1653 2606 1670 ’
2646 1636 2888 1690 πλεόνων
2918 1635 2972 1688 δὲ
2999 1633 3324 1702 γιγνόμενος
3353 1627 3612 1697 ἐπιδεὴς,

2013 1733 2134 1806 Θεῷ
2159 1752 2217 1788 τε
2246 1733 2637 1803 ἀνομοιότατα,
2691 1732 2788 1782 καὶ
2837 1728 3088 1799 χείριστα
3125 1725 3285 1796 ἴσχει.
3323 1725 3431 1778 Καὶ
3477 1723 3613 1775 ἔστι

2019 1825 2368 1896 σωφροσύνη,
2400 1823 2560 1878 τοῦτο
2583 1824 2648 1892 δὴ
2691 1823 2751 1876 τὸ
2781 1821 2970 1893 μόριον
3007 1819 3231 1890 ἀρετῆς,
3278 1817 3392 1884 ἕεις
3419 1815 3615 1886 ψυχῆς

2017 1919 2299 1990 αὐτάρκης
2333 1917 2419 1970 ἐπ’
2450 1915 2758 1986 ἐλαχίστοις
2805 1917 2920 1977 τοῖς
2959 1913 3102 1984 πρὸς
3146 1912 3238 1964 τὸν
3299 1910 3411 1980 βίον
3435 1911 3615 1977 ἀναγ-

2017 2012 2215 2074 καίοις,
2246 2010 2506 2080 ἐλάχιστα
2540 2010 2597 2062 δὲ
2627 2007 2737 2062 τῶν
2805 2005 2942 2074 πρὸς
2976 2006 3068 2056 τὸν
3123 2003 3236 2073 βίον
3262 2001 3610 2068 ἀναγκαίων,

2014 2103 2086 2157 τὰ
2119 2105 2222 2172 μέν
2251 2117 2355 2155 που
2392 2101 2618 2170 πλήθει,
2641 2100 2709 2152 τὰ
2738 2099 2796 2151 δὲ
2822 2098 2918 2152 καὶ
2941 2097 3190 2166 δυνάμει.
3215 2093 3402 2147 Ταῦτα
3433 2091 3478 2144 δ’
3509 2093 3606 2164 εἴη

2015 2197 2101 2262 ἂν,
2133 2191 2208 2249 ὢν
2237 2195 2508 2266 δήπουθεν
2553 2193 2614 2245 οὑ
2667 2191 2840 2244 πολλὰ
2882 2189 3023 2244 ἄττα
3071 2186 3612 2257 πραγματευόμενον

2017 2289 2135 2342 ἔστι
2167 2288 2462 2358 τυγχάνειν
2485 2300 2502 2317 ο
2561 2277 2650 2337 οἷα
2702 2282 2769 2336 τὰ
2797 2279 3226 2353 ειιποριστδτερα
3258 2278 3350 2331 καὶ
3383 2277 3612 2331 εὐτελέ-

2020 2396 2188 2451 στερα
2222 2379 2318 2432 καὶ
2343 2377 2458 2449 ῥᾴω
2499 2376 2758 2446 μάλιστα,
2792 2373 2829 2427 ἃ
2862 2373 2927 2443 δὴ
2959 2371 3067 2442 πρὸ
3097 2371 3208 2423 τῶν
3237 2371 3609 2435 δυσποριστο-

2017 2474 2191 2544 τέρων
2239 2473 2334 2525 καὶ
2381 2468 2881 2540 πολυτελεστέρων,
2936 2467 3032 2520 καὶ
3081 2465 3506 2536 χαλεπωτέρων,
3539 2463 3604 2514 ὲν

2016 2569 2130 2629 τοῖς
2153 2563 2420 2627 τοιούτοις
2472 2559 2750 2631 αἱρεῖσθαι
2800 2557 2937 2627 πρὸς
2964 2557 3060 2611 τοῦ
3094 2555 3370 2627 σώφρονός
3403 2573 3461 2608 τε
3503 2555 3612 2609 καὶ.

2019 2658 2330 2729 αὐτάρκους
2375 2656 2442 2710 ἂν
2487 2654 2574 2725 εῐη
2608 2652 2824 2722 ἀνδρός.
2862 2641 3024 2704 ‘Am
3055 2651 3121 2721 δὴ
3148 2651 3246 2703 καὶ
3293 2638 3546 2718 ἀκίνητος
3577 2649 3612 2703 ὁ

2018 2753 2176 2815 Θεός.
2244 2749 2568 2819 Ἄνθρωπον
2607 2747 2664 2800 δὲ
2729 2746 2872 2815 πρὸς
2938 2743 3038 2814 μὲν
3085 2743 3266 2798 πάντα
3329 2743 3610 2811 ἀκινήτως

2020 2844 2186 2913 ἔχειν,
2221 2840 2337 2896 οὗθ’
2368 2836 2480 2894 οἷόν
2508 2857 2566 2894 τε
2595 2838 2719 2891 οὔτε
2771 2837 2998 2906 ἀγαθόν.
3048 2835 3184 2890 Οὐδὲ
3225 2834 3333 2905 γάρ
3368 2852 3471 2888 που
3503 2835 3602 2888 καὶ

1991 2991 1994 2994 ,
2019 2937 2156 3004 πρὸς
2180 2934 2250 2987 τὰ
2280 2933 2420 2987 καλά
2444 2930 2616 2993 οὕτως
2663 2931 2746 2983 δεῖ
2766 2928 2914 3000 ἔχειν
2941 2927 3238 2999 ἀκινήτως,
3278 2925 3386 2981 ἀπὸ
3419 2929 3604 2997 μέντοι

2020 3029 2128 3082 τῶν
2153 3027 2333 3081 καλῶν
2363 3027 2624 3096 ἀκίνητόν
2658 3042 2717 3080 τε
2747 3022 2912 3086 εἶναι,
2943 3024 3038 3076 καὶ
3069 3023 3176 3075 ὑπὸ
3199 3022 3309 3074 τῶν
3343 3020 3484 3074 κατὰ
3513 3020 3604 3073 τὸν

2024 3115 2137 3188 βίον
2159 3116 2353 3189 βιαίων
2387 3115 2482 3169 τοῦ
2516 3115 2922 3185 καθεστηκότος
2951 3114 3028 3183 μὴ
3077 3112 3416 3179 ἐξίστασθαι,
3462 3111 3603 3181 μηδὲ

2022 3209 2101 3280 τῷ
2125 3209 2328 3280 χείρονι
2344 3209 2450 3263 τῶν
2473 3196 2671 3277 ἐαυτῷ,
2686 3208 2780 3260 καὶ
2812 3205 3078 3274 πεφυκότι
3105 3205 3356 3276 κάμνειν,
3379 3204 3480 3257 ὑπὸ
3501 3203 3612 3258 τῶν

2028 3301 2489 3372 προσπιπτόντων
2517 3297 2790 3364 ἑκάστων,
2823 3299 2921 3352 καὶ
2963 3299 3128 3352 αὑτὸν
3173 3298 3355 3368 χεῖρόν
3394 3315 3446 3351 τι
3482 3314 3611 3349 συν-
3674 3285 3678 3288 ’

2022 3391 2360 3447 διατίθεσθαι
2388 3391 2684 3463 κράτιστον
2707 3390 2773 3444 ἂν
2805 3389 2915 3462 εἴη,
2948 3391 3042 3442 καὶ
3063 3388 3183 3460 Θεῷ
3206 3388 3613 3458 παραπλήσιον.

2025 3489 2134 3541 Καὶ
2161 3486 2277 3540 ἔστι
2306 3485 2468 3540 τοῦτο
2495 3484 2687 3556 ἀνδρία
2717 3484 2778 3538 τὸ
2813 3484 3004 3555 μόριον
3038 3484 3257 3554 ἀρετῆς,
3290 3483 3404 3550 ἕξις
3433 3483 3616 3552 ψυχῆς

2024 3577 2280 3647 ἀκίνητος
2314 3576 2418 3630 ὑπὸ
2434 3575 2542 3642 τῶν
2571 3577 2716 3630 κατά
2747 3574 2840 3628 τδν
2879 3575 2992 3647 βίον
3026 3573 3215 3644 βιαίων
3249 3573 3618 3641 παθημάτων.

2035 3652 2191 3722 Ἐπεὶ
2215 3669 2261 3722 δ’
2285 3661 2444 3738 ἡμῶν
2495 3665 2727 3727 ἕκαστος
2766 3665 2960 3734 γέγονε
2997 3665 3215 3734 πρῶτον
3244 3665 3342 3734 μὲν
3377 3662 3512 3717 Θεοῦ
3560 3681 3616 3718 τι

2025 3759 2186 3829 ἔργον
2217 3759 2279 3812 οὐ
2339 3757 2482 3811 πάνυ
2521 3775 2604 3810 τοι
2644 3757 2947 3828 ἀλλότριον.
2986 3755 3123 3810 ἀλλά
3191 3773 3269 3824 πη
3300 3756 3500 3808 οἰκεῖόν
3552 3773 3614 3808 τε

2025 3854 2121 3906 καὶ
2149 3850 2447 3920 ξυγγενὲς,
2472 3851 2667 3903 ἔπειτα
2694 3850 2882 3920 μόριον
2922 3849 3100 3903 ἄλλων
3131 3867 3189 3904 τε
3227 3850 3386 3919 ἡμῶν
3428 3852 3614 3919 μειζόο

2029 3962 2136 4000 νων
2195 3945 2391 4016 μερῶν
2420 3943 2574 3997 τοῦδε
2619 3942 2714 3995 τοῦ
2745 3942 2965 4008 παντὸς,
3026 3941 3149 3996 ὅλου
3180 3960 3239 3995 τε
3278 3945 3372 3995 καὶ
3405 3943 3521 4004 ὲνῆς
3552 3944 3617 3995 ἐκ

2027 4037 2241 4091 πολλῶν
2286 4036 2461 4101 δντος,
2497 4035 2684 4106 χώραν
2736 4034 2991 4108 ἡντινοῦν
3034 4033 3457 4105 ἀποπληρώσων
3487 4034 3617 4086 ἑκα-

2030 4131 2250 4202 σταχοῦ,
2287 4130 2360 4190 ὡς
2384 4131 2450 4184 ἂν
2467 4130 2549 4184 ὅτι
2585 4129 2820 4199 μάλιστα
2850 4129 3001 4198 αὖτῷ
3023 4145 3082 4182 τε
3109 4128 3203 4182 καὶ
3225 4128 3300 4196 τῷ
3325 4129 3430 4198 ὅλῳ
3461 4126 3620 4194 ἔμελ-

2026 4225 2085 4278 λε
2157 4222 2459 4276 συνοίσειν·
2493 4222 2574 4274 δεῖ
2600 4222 2773 4292 δήπου
2807 4222 2942 4292 μηδὲ
2966 4220 3173 4290 ταύτην
3205 4221 3444 4294 ἑκάστην
3476 4221 3614 4273 ἀπο-

2027 4303 2236 4367 λείπειν
2267 4315 2367 4383 τὴν
2417 4313 2623 4384 χώραν,
2653 4314 2712 4364 ὲν
2824 4314 2852 4365 ὁ
2883 4312 3016 4375 θεὸς
3049 4311 3263 4378 ἔταξεν,
3297 4311 3413 4365 ἀλλ’
3439 4310 3615 4380 ἐμμέ-

2029 4425 2141 4459 νειν
2178 4408 2320 4459 κατά
2344 4406 2600 4476 δύναμιν,
2631 4407 2691 4459 τὸ
2729 4409 2795 4476 τῇ
2837 4405 2991 4477 χώρᾳ
3037 4407 3315 4476 προσῆκον
3345 4405 3620 4458 ἀποδιδὸν.

2029 4511 2118 4561 τα,
2147 4498 2334 4569 μόριον
2364 4498 2422 4550 δὲ
2472 4501 2619 4552 ἅπαν
2647 4497 2946 4565 ὁμολογοῦν
2989 4515 3047 4550 τε
3103 4496 3299 4564 ἐκείνῳ
3335 4490 3508 4567 οὗπερ
3553 4497 3619 4550 ἂν

346 4587 581 4640 maxime
607 4598 730 4639 cum
759 4585 861 4654 ipsi
897 4594 1010 4637 tum
1041 4583 1388 4638 universitati
1429 4586 1774 4650 profuturum
1813 4584 1877 4638 sit
1909 4623 1918 4644 ,

2035 4592 2222 4662 μόριον
2256 4593 2365 4659 εἴη,
2423 4593 2516 4644 καὶ
2553 4593 2630 4661 μὴ
2681 4590 3006 4657 διαφωνοῦν,
3063 4594 3202 4642 κατᾶ
3237 4589 3400 4657 φύσιν
3427 4608 3486 4643 τε
3527 4594 3622 4644 καὶ

344 4679 477 4740 nulli
501 4678 661 4731 statio
687 4693 750 4731 ea
777 4677 1079 4731 deserenda
1109 4686 1214 4738 est,
1259 4677 1312 4730 in
1361 4693 1468 4746 qua
1511 4676 1654 4732 Deus
1681 4678 1919 4746 aliquem

345 4769 674 4833 Constituit,
739 4769 832 4822 sed
896 4769 1356 4838 perseverandum
1414 4783 1478 4823 ac
1526 4784 1623 4839 pro
1679 4769 1819 4823 virili
1881 4769 1930 4822 id

349 4861 744 4930 praestandum,
781 4860 929 4930 quod
963 4849 1055 4915 illa
1100 4862 1378 4930 postulare
1413 4862 1934 4927 videmr.Qna:libet

351 4964 531 5008 autem
572 4967 720 5023 pars,
759 4954 804 5008 si
831 4969 952 5008 cum
987 4954 1078 5008 illo
1112 4953 1275 5024 cujus
1305 4969 1431 5023 pars
1461 4965 1566 5022 est,
1599 4956 1930 5019 consentiat,

350 5062 457 5100 non
493 5055 674 5100 autem
709 5045 1020 5112 dissentiat,
1054 5048 1124 5101 ita
1155 5058 1210 5102 et
1230 5048 1531 5103 rectissime
1553 5059 1606 5104 et
1629 5050 1930 5104 secundum

350 5151 600 5192 naturam
659 5153 719 5192 se
774 5139 1018 5194 habebit.
1094 5138 1267 5194 Porro
1338 5156 1463 5195 cum
1555 5142 1936 5212 unusquisque

348 5242 600 5285 nostrum
662 5247 788 5300 pars
816 5235 1062 5301 quaalmn
1105 5236 1195 5294 .sit
1256 5237 1453 5302 partim
1492 5235 1696 5289 donius
1733 5235 1930 5305 partim

347 5325 628 5379 societatis
651 5326 905 5395 alicujus,
931 5341 1054 5395 qua)
1089 5327 1170 5380 vel
1216 5327 1267 5379 in
1291 5327 1445 5390 urbe,
1481 5329 1564 5382 vel
1590 5329 1642 5382 in
1675 5329 1931 5398 gente.in

352 5425 468 5469 toto
503 5417 737 5486 denique
770 5419 1030 5472 universo
1058 5420 1230 5487 posita
1261 5429 1367 5486 est,
1411 5421 1457 5473 si
1487 5435 1552 5474 ea
1594 5422 1783 5475 tribuit
1821 5423 1932 5475 sin-

349 5507 491 5570 gulis
517 5522 637 5576 quae
663 5507 968 5562 debentur:
1007 5510 1346 5578 parentibus,
1368 5512 1551 5581 qualia
1585 5513 1768 5566 liberis
1801 5527 1931 5581 erga

348 5609 607 5664 parentes
642 5603 1012 5667 conveniunt,
1066 5603 1274 5668 liberis,
1332 5605 1512 5671 qualia
1554 5619 1682 5674 erga
1730 5604 1932 5658 liberos

352 5690 585 5754 parenti,
616 5691 805 5755 sociis,
843 5692 1024 5761 qualia
1058 5707 1187 5762 erga
1224 5696 1403 5748 socios
1436 5695 1610 5759 socio,
1633 5695 1932 5748 convictori

351 5794 479 5846 erga
504 5782 869 5851 convictores,
909 5784 1089 5838 vicino
1135 5801 1262 5855 erga
1309 5771 1537 5853 vicinos,
1582 5789 1766 5842 (mniti
1805 5804 1932 5857 erga

351 5870 604 5938 comites,
648 5874 752 5927 civi
780 5888 906 5944 erga
945 5876 1246 5941 civitatein,
1287 5892 1547 5946 practerea
1577 5893 1702 5950 erga
1739 5879 1929 5946 Deum,

2035 4679 2095 4737 εὖ
2123 4683 2364 4754 μάλιστα
2404 4685 2653 4753 πράττοι.
2703 4684 2810 4735 Καὶ
2866 4683 2988 4734 ἐπεί
3018 4684 3169 4735 ἐστιν
3203 4681 3358 4752 ἡμῶν
3391 4683 3620 4742 ἕκαστος

2040 4778 2203 4848 μέρος
2233 4793 2284 4830 τι
2318 4776 2478 4830 τοῦτο
2515 4778 2613 4847 μὲν
2642 4776 2844 4839 οἰκίας,
2877 4775 3038 4829 τοῦτο
3070 4777 3124 4830 δὲ
3151 4776 3430 4846 ἑταιρείας
3475 4776 3621 4839 τινὸς

2037 4871 2274 4936 πόλεως,
2303 4869 2514 4932 ἔθνους,
2547 4869 2682 4931 ὅλως
2709 4869 2861 4922 τοῦδε
2889 4869 2984 4922 τοῦ
3013 4870 3215 4932 παντὸς
3245 4869 3528 4931 ἀποδιδοὺς
3557 4870 3624 4920 τὰ

2037 4965 2388 5036 προσήκοντα
2409 4964 2666 5026 ἑκάστοις
2687 4979 2701 4993 ο
2735 4963 2955 5032 γονεῦσι
2977 4965 3098 5033 μὲν,
3123 4963 3284 5017 ὁποῖα
3307 4961 3459 5016 παιδὶ
3489 4962 3623 5034 πρὸς

2035 5057 2232 5124 γονέας
2263 5056 2556 5127 προσήκει,
2614 5056 2769 5109 παιδὶ
2797 5056 2852 5109 δὲ
2879 5097 2894 5121 ,
2928 5057 3089 5110 ὁποῖα
3120 5056 3256 5124 πρὸς
3291 5057 3488 5118 παῖδας
3528 5071 3623 5121 γο-

2036 5150 2171 5214 νεῖς,
2201 5146 2434 5218 ἑτέροις,
2471 5149 2630 5201 ὁποῖα
2659 5147 2795 5218 πρὸς
2833 5148 3082 5218 ἑτέρους,
3119 5145 3344 5219 ὲεαίρῳ,
3380 5147 3623 5218 συσσίτῳ

2037 5241 2172 5309 πρδς
2204 5239 2479 5309 ἑταίρους,
2520 5239 2832 5304 συσσίτους,
2874 5240 3011 5312 πρὸς
3063 5241 3310 5308 γείτονας
3399 5240 3625 5307 γείτονι,

2040 5331 2244 5400 συνόδῳ
2304 5333 2439 5398 πρὸς
2509 5330 2785 5396 συνόδους,
2829 5332 3046 5401 πολίτῃ,
3081 5332 3219 5401 πρὸς
3268 5331 3512 5394 πολίτας,
3546 5328 3625 5380 ἔτι

2039 5437 2094 5472 τε
2126 5428 2260 5489 πρὸς
2294 5420 2450 5487 Θεὸν,
2507 5421 2666 5473 ὁποῖα
2698 5420 3016 5488 θεράποντι,
3061 5421 3156 5472 καὶ
3199 5421 3345 5491 ἔργῳ
3371 5420 3506 5489 πρὸς
3533 5419 3622 5471 δε-

2040 5514 2244 5580 σπότην
2278 5529 2335 5564 τε
2368 5513 2464 5566 καὶ
2492 5511 2834 5581 δημιουργόν
2864 5527 2879 5541 °
2922 5510 3067 5564 οὕτω
3096 5512 3263 5564 ταῦτα
3317 5512 3626 5577 ἀποδιδοὺς,

2039 5604 2235 5656 ἑαυτοῦ
2265 5620 2324 5655 τε
2344 5603 2510 5656 σώσει
2537 5603 2698 5657 τοῦτο
2723 5605 2856 5656 αὐτὸ
2882 5605 3021 5674 ὅπερ
3055 5606 3171 5655 ἐστὶ
3212 5605 3342 5672 πρὸς
3373 5603 3625 5668 ἕκαστον,

2037 5695 2158 5764 ε)εῴ
2181 5713 2241 5748 τε
2274 5695 2468 5765 ἕψεται
2573 5697 2834 5749 τέτακται
2882 5695 3036 5766 χώρᾳ
3083 5696 3322 5765 μάλιστα
3352 5696 3624 5766 ἐμμένων,

2043 5773 2248 5858 ἄριστά
2277 5805 2336 5840 τε
2364 5787 2497 5854 ἕξει,
2528 5789 2604 5852 ὠς
2642 5790 2708 5843 ἂν
2736 5789 2816 5857 τῷ
2867 5790 3079 5860 ἀρίστῳ
3107 5790 3397 5856 ἑπόμενος.
3430 5789 3524 5859 Είη
3565 5803 3626 5839 τε

2040 5880 2103 5932 ἂν
2135 5880 2474 5952 δικαιοσύνη,
2528 5882 2684 5936 τοῦτο
2752 5882 2943 5952 μόριον
3006 5883 3210 5954 ἀρετῆς
3237 5923 3252 5946 .
3280 5881 3392 5949 ἕξις
3423 5881 3622 5952 ψυχῆς.
