4078 6408
378 376 486 439 869

1626 380 1727 440 DE
1763 352 2267 444 VIRTUTIBUS.

3541 389 3650 454 870

378 488 631 556 σώζουσα
679 500 735 541 το
798 488 1075 560 προσῆκον
1135 490 1285 560 αύτῷ
1337 491 1554 561 ἑκάστῳ
1610 494 1792 562 ἡμῶν,
1824 494 1956 564 ὅπερ

2066 493 2251 560 qualia
2289 508 2449 548 servo
2481 503 2534 548 ct
2567 494 2720 563 operi
2755 504 2883 567 erga
2913 496 3197 549 dominum
3249 505 3301 550 et
3350 497 3605 567 upilicem

376 583 565 652 ἐσμὲν.
590 582 728 651 πρὸς
753 582 1002 638 ἕκαστον.
1051 584 1204 638 Ἐπεὶ
1250 584 1305 637 δὲ
1335 584 1458 638 καθ’
1482 585 1643 638 αὐτὸν
1669 586 1958 656 ἄνθρωπος

374 677 597 741 γέγονεν
626 674 727 727 οὐκ
759 675 889 729 ἄλλο
918 691 971 727 τι
1007 676 1243 744 μάλιστα
1278 676 1308 745 ἢ
1343 676 1560 744 λογικόν
1590 695 1640 729 τι
1674 678 1834 743 ζῶον,
1867 680 1961 748 δῆ-

373 767 465 820 λον
484 766 548 837 δὴ
582 767 658 830 ὼς
690 767 892 836 θεωρός
928 784 1011 831 τις
1059 765 1282 839 οἷόνπερ
1321 771 1380 822 ὲν
1426 770 1762 840 πανηγύρει,
1823 771 1959 841 τῷδε

372 859 452 928 τῷ
482 859 648 911 παντὶ⁸
676 860 951 927 εἰσῆκται,
1005 861 1437 930 ἐπισκεψόμενος
1490 864 1571 924 εἰς
1602 862 1837 932 δύναμιν
1868 863 1962 917 καὶ

375 948 668 1019 θεωρήσων
724 948 778 1001 τί
812 948 872 1002 τέ
905 949 1025 1002 ἑστι
1078 951 1187 1004 τῶν
1227 950 1396 1004 ὅντων
1430 950 1684 1019 ἑκαστον,
1750 952 1847 1005 καὶ
1879 950 1958 1021 πῆ

375 1059 505 1095 ποτε
542 1044 678 1112 πρδς
710 1040 915 1108 ἄλληλα
951 1042 1086 1111 ἔχει,
1129 1045 1223 1096 καὶ¹
1261 1044 1349 1097 διὰ
1380 1044 1433 1096 τί
1463 1042 1673 1098 ἕκαστα
1708 1045 1957 1113 γίγνεται

371 1132 481 1184 τῶν
510 1131 869 1201 γιγνομὲνων.
904 1131 1003 1202 Είη
1033 1149 1092 1185 τε
1128 1132 1192 1185 ἂν
1231 1135 1328 1185 καὶ
1363 1132 1521 1186 τοῦτο
1557 1134 1847 1204 φρόνησις,
1896 1135 1958 1189 τὸ

374 1225 559 1277 λοιπὸν
592 1223 686 1277 καὶ
710 1223 1041 1277 τελεώτατον
1090 1226 1282 1295 μόριον
1325 1226 1549 1295 ἀρετῆς,
1615 1227 1730 1292 ἑξις
1776 1228 1957 1297 ψυχῆς

370 1315 686 1386 θεωρητικὴ
731 1315 841 1368 τῶν
866 1314 1058 1378 ὄντων,
1081 1310 1228 1389 ᾖπέρ
1259 1318 1408 1369 ἑστιν
1441 1317 1673 1372 ἕκαστα.
1707 1316 1861 1372 Εἶναί
1889 1336 1951 1372 τε

374 1408 604 1476 τέτταρα
633 1405 733 1475 μὲν
761 1405 829 1459 τὰ
871 1406 1103 1475 μέγιστα
1164 1407 1331 1477 μόρια
1399 1408 1623 1478 ἀρετῆς.
1667 1410 1955 1480 σωφροσύ-

373 1517 490 1569 νην,
524 1499 765 1568 ἀνδρίαν,
801 1497 1178 1567 δικαιοσύνην,
1238 1500 1530 1570 φρόνησιν.
1564 1502 1790 1556 Τούτων
1822 1504 1867 1556 δ’
1889 1503 1956 1557 αὖ

373 1591 604 1643 ἑκάστου
631 1588 755 1660 τρία
787 1589 956 1659 μόρια
1009 1590 1119 1644 δεῖν
1152 1588 1314 1656 εἶναι,
1345 1593 1565 1663 πρῶτον
1608 1591 1709 1661 μὲν
1743 1609 1965 1664 σωφρο-

374 1697 563 1751 συνης.

2071 586 2115 636 si
2144 584 2267 651 quis
2301 583 2522 653 inqnam
2558 584 2671 639 haec
2704 585 2777 637 ita
2815 594 3064 652 pra'stet,
3088 594 3224 651 ;tum
3280 587 3409 639 illud
3456 602 3647 639 serum

2070 691 2295 743 munus,
2328 690 2436 745 quo
2472 675 2773 745 unicuique
2800 676 3096 732 obstrictus
3126 679 3508 743 est,tuebitur,
3531 688 3646 733 tum

2072 766 2238 820 Deum
2288 776 2566 837 sequetur,
2621 783 2977 837 perseverans
3040 770 3095 822 in
3155 784 3218 823 ea
3269 771 3504 824 statione
3537 785 3645 838 qua

2068 858 2300 913 collatus
2324 870 2430 925 est,
2451 867 2563 913 tum
2600 860 2652 914 in
2674 860 2878 929 optimo
2901 862 3001 914 erit
3034 869 3179 915 statu
3202 862 3346 915 velut
3391 863 3437 917 is
3464 863 3556 930 qui
3593 861 3646 914 id

2065 950 2209 1015 quod
2259 952 2523 1020 optimum
2560 963 2646 1007 est
2713 952 2984 1020 sequitur.
3036 954 3150 1006 Erit
3190 962 3368 1008 autem
3406 969 3532 1021 pars
3581 969 3648 1007 ea

2069 1043 2289 1097 virtutis
2316 1044 2555 1113 justitia,
2584 1061 2706 1115 quae
2740 1045 2961 1099 habitus
2992 1045 3161 1098 animi
3201 1057 3303 1110 est,
3334 1044 3386 1099 id
3421 1060 3648 1098 conscr-

2069 1151 2204 1190 vaus
2234 1136 2380 1206 quod
2408 1140 2662 1191 convenit
2701 1137 2999 1207 unicuique
3018 1139 3377 1203 nostrumLin
3406 1152 3473 1192 eo
3500 1136 3645 1206 quod

2067 1242 2280 1295 sumus,
2318 1229 2585 1283 relatione
2621 1229 2685 1283 a:l
2714 1228 2935 1297 quidvis
2969 1230 3140 1284 aliud.
3167 1230 3303 1284 Cum
3336 1239 3516 1283 autem
3551 1243 3650 1297 per

2067 1335 2129 1376 se
2159 1322 2321 1375 homo
2349 1338 2459 1377 non
2502 1322 2651 1377 aliud
2688 1322 2801 1377 fere
2828 1325 2901 1378 sit
2936 1338 3101 1393 quam
3133 1323 3335 1378 animal
3369 1323 3644 1394 quoddam

2067 1412 2296 1467 rationis
2317 1414 2608 1484 particeps,
2652 1417 3001 1484 perSpicuum
3056 1423 3163 1481 cst,
3203 1429 3327 1469 eum
3385 1423 3643 1484 tanquam

2066 1514 2431 1574 Spectatorem
2470 1507 2763 1576 quemdam
2804 1507 2857 1559 in
2894 1507 2998 1561 hoc
3043 1507 3361 1563 universum
3395 1507 3542 1561 velut
3584 1504 3640 1558 in

2065 1597 2383 1652 celebritate
2417 1599 2790 1653 introductum
2817 1613 2958 1665 esse,
2995 1607 3054 1654 ut
3084 1597 3400 1654 consideret
3424 1605 3478 1652 et
3515 1612 3647 1651 cuna-

2066 1690 2359 1758 t'empletur
2388 1706 2486 1759 pro
2524 1692 2698 1755 virili,
2732 1691 2993 1761 quidnam
3023 1691 3095 1746 sit
3122 1690 3559 1759 unumquidque.
3592 1695 3650 1742 et

370 1792 480 1846 quo
512 1789 668 1848 pacto
710 1793 840 1851 erga
863 1794 920 1837 se
945 1780 1180 1836 invicem
1212 1780 1323 1836 sint
1354 1781 1569 1848 ali‘ecta,
1609 1788 1664 1836 et
1720 1795 1885 1851 quam
1939 1781 2010 1835 ob
2062 1796 2281 1836 causam
2312 1783 2525 1847 singula
2577 1801 2698 1854 qua:
2731 1787 3012 1852 eveniunt,
3063 1786 3337 1843 accidant.
3373 1785 3446 1839 Ea
3482 1794 3648 1853 porro

373 1876 661 1946 prudentia
718 1876 886 1933 fuerit
936 1878 1146 1948 reliqua
1205 1880 1425 1934 virtutis
1469 1894 1593 1949 pars
1631 1886 1687 1934 et
1734 1876 2157 1949 perfecﬁssima,
2195 1893 2317 1945 quae
2372 1887 2456 1933 est
2508 1880 2729 1936 habitus
2781 1882 2975 1945 animi,
3005 1883 3080 1936 ita
3128 1897 3216 1938 res
3260 1881 3644 1943 considerans,

371 1976 534 2040 prout
574 1985 807 2040 qumque
850 1980 1003 2026 sunt.
1054 1969 1310 2037 Quatuor
1352 1973 1538 2041 itaque
1601 1972 1821 2027 virtutis
1868 1973 2115 2027 maxima:
2150 1982 2331 2039 partes
2375 1980 2504 2026 sunt
2556 1973 2845 2039 modestia,
2880 1974 3166 2039 fortitudo,
3203 1973 3433 2041 iustitia,

3510 1988 3643 2042 pru-

370 2065 571 2124 dentia.
616 2063 832 2120 Rursus
868 2064 1306 2133 uniuvcujusque
1331 2065 1527 2120 barum
1562 2065 1832 2119 virtutum
1863 2072 1974 2118 tres
2029 2078 2150 2118 esse
2183 2075 2368 2132 partes
2418 2079 2641 2121 necesse
2674 2060 2866 2127 est,'ac
2896 2066 3124 2135 primam
3175 2067 3573 2135 temperantiae.

452 2159 607 2214 Ἐπεί
638 2158 755 2212 ἑστι
776 2159 1098 2230 σωφροσύνη
1131 2158 1432 2228 αὐτάρκεια
1452 2160 1563 2211 τῶν
1585 2158 1723 2229 πρός
1744 2156 1836 2211 τὸν
1856 2157 1956 2227 βίοι

2145 2155 2413 2222 Quoniam
2444 2166 2624 2212 autem
2658 2159 3017 2228 temperantia
3073 2159 3128 2213 in
3186 2159 3351 2213 rebus
3374 2158 3438 2212 ad
3466 2158 3638 2212 vitam

371 2251 707 2317 ἀναγκαίων,
728 2248 895 2320 τριῶν
922 2248 979 2303 δὲ
1003 2249 1210 2304 τούτων
1238 2250 1376 2319 πρὸς
1420 2249 1512 2303 τὸν
1550 2248 1663 2320 βίον
1704 2250 1957 2319 δεόμεθα,

373 2344 596 2415 ἡδονῶν,
633 2327 957 2414 χρημάτων,
990 2343 1169 2413 δόξηςο
1194 2343 1282 2413 ἐφ’
1303 2342 1520 2413 ἑκάστῳ
1541 2342 1745 2396 τούτων
1774 2343 1858 2412 εἴη
1893 2343 1959 2397 ἄν

372 2452 426 2488 τι
450 2434 638 2504 μόριον
660 2433 1317 2503 σωφροσύνης-,φυλάττον
1341 2435 1398 2487 τὸ
1418 2433 1690 2503 αὔταρκες
1711 2434 1802 2487 καὶ
1822 2436 1952 2504 χρή-

376 2544 534 2596 σιμον
561 2526 921 2590 ἑκάστου,ὲπὶ
945 2526 1042 2596 μὲν
1065 2526 1275 2597 ἡδοναῖς
1296 2530 1612 2597 κοσμιότης,
1636 2528 1729 2579 ἐπὶ
1744 2528 1801 2580 δὲ
1827 2529 1959 2598 χρή-

377 2635 541 2685 μασιν
570 2617 968 2686 ἐλευθεριότης,
995 2617 1086 2670 ἐπὶ
1105 2617 1160 2670 δὲ
1194 2617 1321 2688 δόξῃ
1350 2616 1663 2687 μετριότης.
1709 2616 1960 2686 Ἀνδρίας

372 2710 449 2774 δὲ,
472 2709 674 2780 ὁμοίως
695 2709 822 2779 τρία
850 2710 969 2763 ἐστὶ
1000 2711 1187 2779 μόρια.
1223 2710 1376 2763 Ἐπεί
1398 2712 1541 2763 ἑστιν
1572 2709 1808 2764 ἀπάθεια
1855 2710 1959 2763 ὑπὸ

372 2802 481 2854 τῶν
514 2802 655 2856 κατὰ
681 2804 774 2855 τὸν
798 2802 914 2872 βίον
941 2802 1132 2871 βιαίων
1160 2803 1524 2873 παθημάτων,
1564 2805 1772 2855 τούτων
1803 2802 1862 2855 δὲ
1886 2803 1951 2855 τὰ

376 2893 475 2961 μὲν
509 2890 661 2945 αὐτοί
702 2908 805 2944 που
860 2890 1139 2945 ἐθελονταὶ
1170 2892 1539 2960 ὑφιστάμεθα,
1581 2892 1850 2960 μειζόνων
1878 2894 1955 2945 εῖ-

373 3001 505 3037 νεκα
534 2983 777 3051 ἀγαθῶν,
817 2982 893 3047 ὡς
919 2985 1046 3037 ὅταν
1076 2986 1272 3048 πόνους
1298 2987 1328 3052 ἢ
1365 2985 1641 3049 κινδύνους
1670 2986 1703 3056 ἦ
1742 3003 1796 3038 τι
1826 2986 1958 3039 ἄλλο

373 3077 804 3147 προσαιρώμεθα
833 3072 906 3131 ὧν
936 3078 1065 3132 ἄνευ
1104 3078 1179 3148 μὴ
1227 3073 1341 3132 οἷόν
1374 3097 1435 3132 τε
1474 3081 1561 3149 εἴη
1590 3080 1698 3137 τῶν
1723 3079 1957 3151 δεόντων

372 3187 467 3222 του
503 3171 684 3239 τυχεῖν
708 3185 726 3203 ο
787 3170 856 3222 τὰ
913 3169 959 3222 δ’
990 3170 1214 3223 ἑκούσια
1251 3172 1347 3224 καὶ
1387 3170 1450 3222 οὐ
1496 3166 1958 3241 προσδεχομένοις

373 3259 574 3313 ἔπεισι.
623 3260 846 3312 Τούτων
898 3277 959 3313 τε
1014 3260 1084 3314 αὖ
1118 3261 1185 3314 τὰ
1219 3262 1339 3330 μὲν,
1373 3260 1449 3324 ὠς
1508 3262 1698 3325 ἁπλῶς
1754 3265 1953 3328 εἰπεῖν,

377 3353 532 3421 παρὰ
553 3352 648 3406 τοῦ
696 3352 844 3407 θείου
876 3371 957 3416 τε,
984 3354 1080 3407 καὶ
1103 3360 1161 3406 τό
1199 3356 1320 3407 ὅλον
1348 3353 1508 3407 τοῦτο
1554 3355 1956 3418 διατάττοντος,

372 3441 590 3517 οἷαίπερ
629 3446 685 3498 αῖ
743 3446 1076 3517 καλούμεναι
1137 3447 1414 3517 ξυμφοραί
1442 3462 1459 3480 ο
1510 3448 1578 3500 τὰ
1619 3446 1664 3499 δ’
1706 3441 1774 3499 αὖ
1830 3446 1959 3517 παρ’

373 3537 695 3606 ἀνθρώπιον,
724 3533 944 3608 οἷαίπερ
970 3539 1025 3591 αί
1066 3538 1195 3608 παρ’
1233 3541 1390 3592 ἐνίων
1422 3540 1560 3608 πρδς
1586 3539 1735 3609 ἡμᾶς
1767 3539 1960 3592 δυσκο-

372 3628 482 3680 λίαι
516 3646 572 3681 τε
604 3631 700 3682 καὶ
732 3631 1070 3700 δυσχέρειαι,
1107 3632 1157 3682 εί
1204 3632 1307 3684 κᾶν
1341 3632 1435 3683 καί
1464 3630 1552 3700 ἐφ’
1592 3631 1809 3702 ἑκάστῳ
1833 3631 1959 3684 τού-

370 3736 479 3773 των
506 3721 641 3773 ίδ.όν
672 3740 721 3774 τι
763 3722 955 3791 μόριον
986 3722 1213 3792 ἀνδρίας
1257 3722 1433 3786 σῶζον
1462 3723 1523 3775 τδ
1569 3723 1830 3793 ἀκίνητον
1865 3722 1961 3776 καὶ

371 3810 583 3873 ἁπαθὲς
609 3812 712 3864 ὑπὸ
758 3811 867 3864 τῶν
898 3811 1159 3881 χειρόνων
1193 3812 1462 3878 ἑκάστων,
1514 3814 1838 3885 γενναιότης
1859 3814 1959 3884 μὲν

373 3898 464 3950 ἐπὶ
493 3900 603 3961 τοῖς
630 3900 891 3969 αίρετοῖς,
925 3904 1016 3953 ἐπὶ
1042 3900 1098 3953 δὲ
1123 3904 1231 3965 τοῖς
1264 3903 1541 3968 ἑκουσίοις
1597 3904 1807 3975 ἀψυχία
1859 3905 1959 3975 μὲν

370 3992 459 4043 ἐπὶ
484 3994 598 4054 τοῖς
628 3992 778 4062 παρὰ
809 3991 901 4045 τοῦ
936 3993 1079 4046 θείου
1106 4035 1122 4059 ,
1164 3997 1409 4065 πραότης
1463 3998 1520 4051 δὲ
1560 3999 1654 4053 ἐπὶ
1676 4000 1789 4061 τοῖς
1825 3998 1959 4067 παρ’

371 4079 692 4149 ἀνθρώπων.
731 4082 1056 4152 Δικαιοσύνη
1089 4082 1145 4135 δὲ
1169 4084 1292 4136 ὲπεί
1331 4087 1448 4137 ἐστι
1474 4088 1960 4157 σωτηρίαοὸμοίων

372 4173 564 4224 τούτου
588 4172 777 4238 αὑτοῦ,
808 4168 980 4245 οὗπέρ
1014 4177 1187 4245 ἐσμεν
1213 4178 1351 4247 πρὸς
1374 4177 1409 4231 ἃ
1435 4178 1686 4245 ἕκαστον,
1716 4180 1881 4251 ἐσμὲν
1902 4180 1956 4232 δὲ

370 4264 433 4335 δὴ
464 4264 598 4317 Θεοῦ
640 4266 736 4335 μὲν
764 4265 902 4336 ἔργα
953 4284 1014 4319 τε
1074 4270 1169 4322 καὶ
1205 4270 1490 4339 κτήματα,
1547 4271 1863 4341 ἀνθρώποις
1896 4271 1954 4325 δὲ

372 4357 649 4425 ξυγγενεῖς
670 4373 773 4411 που
790 4361 948 4423 πᾶσι,
980 4358 1083 4412 κᾶν
1111 4359 1247 4430 πρὸς
1277 4361 1469 4424 ἄλλους
1488 4361 1663 4426 ἄλλως
1686 4379 1801 4424 πως
1823 4363 1958 4434 ἒχω-

375 4466 493 4518 μεν,
551 4449 639 4517 εἴη
672 4450 738 4502 ἂν
768 4454 861 4502 καὶ
911 4450 1086 4519 αὐτῆς
1115 4453 1335 4521 ὁσιότης
1395 4452 1494 4522 μὲν
1544 4454 1638 4506 ἐπὶ
1668 4455 1779 4516 τοῖς
1816 4456 1957 4524 πρὸς

2072 2251 2401 2305 necessariis
2430 2260 2606 2306 status
2631 2262 2714 2307 cst
2743 2254 2922 2323 seipse
2966 2260 3281 2314 contentus,
3337 2252 3510 2305 tribus
3542 2267 3642 2303 an-

2069 2353 2175 2396 tem
2223 2344 2307 2399 his
2340 2346 2403 2398 ad
2438 2344 2601 2398 vitam
2655 2345 2955 2415 degendam
2991 2359 3236 2413 egemus,
3267 2344 3643 2413 voluptatibus

2066 2435 2344 2497 nimirum,
2379 2434 2548 2503 gloria
2583 2444 2638 2490 et
2672 2435 2928 2505 pecunia,
2958 2436 3012 2490 in
3048 2450 3373 2504 unaquaque
3443 2435 3640 2487 harum

2065 2542 2246 2580 rerum
2301 2528 2617 2581 necessario
2680 2537 2936 2582 versatur
3006 2530 3186 2597 aliqua
3265 2525 3641 2594 temperantia:

2066 2635 2212 2688 pars.
2284 2636 2406 2690 qum
2464 2628 2682 2675 tueatur
2716 2621 2766 2674 id
2801 2621 2946 2690 quod
3006 2621 3138 2674 satis
3179 2620 3274 2680 sit.
3305 2629 3360 2673 et
3384 2619 3434 2672 id
3489 2618 3637 2687 quod

2065 2708 2200 2763 utile
2246 2708 2301 2763 in
2352 2724 2678 2779 unaquaque
2738 2724 2811 2762 re.
2872 2708 3029 2762 Acin
3063 2707 3434 2776 voluptatibus
3461 2707 3642 2759 nomio

2063 2809 2223 2853 nrlur
2274 2801 2560 2862 modestia.
2611 2802 2664 2854 in
2724 2801 2953 2871 pecunia
3007 2800 3324 2864 liberalitas,
3389 2798 3638 2864 ingloria

2062 2891 2433 2945 mediocritas.
2499 2892 2859 2947 Fortitudinis
2946 2891 3070 2946 item
3134 2900 3312 2959 partes
3344 2898 3473 2942 sunt
3504 2900 3637 2941 tres.

2059 2980 2195 3034 Nam
2253 2999 2376 3037 cum
2409 2983 2500 3038 illa
2528 2984 2932 3053 ,tranquillitas
2968 2984 3212 3053 qtnetlam
3244 2983 3339 3042 sit.
3368 2996 3487 3051 qua:
3514 2980 3642 3034 vita:

2061 3075 2281 3129 casibus
2312 3075 2566 3129 violentis
2599 3091 2704 3128 non
2759 3084 3158 3139 commovetur,
3214 3089 3406 3126 eorum
3455 3080 3639 3125 autem

1987 3182 2293 3265 Cca~uutn
2368 3168 2508 3222 alios
2586 3167 2691 3237 ipsi
2780 3167 2929 3221 ultro
2990 3165 3241 3220 subimus
3314 3165 3367 3218 in
3426 3163 3635 3233 appeti-

2064 3258 2212 3313 tione
2298 3260 2565 3327 majorum
2626 3259 2919 3321 bonorum,
2980 3257 3142 3312 veluti
3207 3271 3331 3312 cum
3392 3256 3629 3318 labores,

2062 3362 2155 3406 aut
2216 3352 2494 3421 pericula,
2573 3366 2667 3406 aut
2717 3350 2865 3406 aliud
2925 3350 3206 3421 quidpiam
3276 3348 3635 3417 suscipimus,

2059 3444 2179 3498 sine
2229 3444 2428 3513 quibus
2482 3443 2744 3511 consequi
2806 3456 2916 3497 non
2964 3441 3090 3497 licet
3123 3457 3184 3497 ea
3215 3456 3338 3511 qua)
3413 3441 3637 3495 deside-

2064 3551 2271 3599 ramus,
2326 3536 2413 3588 alii
2467 3549 2595 3589 vero
2653 3549 2811 3590 casus
2876 3549 2981 3588 non
3042 3524 3337 3588 voluntarii
3399 3542 3526 3586 sunt
3585 3541 3639 3586 et

2063 3627 2208 3680 ultra
2263 3626 2428 3680 etiam
2504 3642 2611 3679 non
2651 3625 3115 3697 exspectantibus,
3185 3625 3513 3689 olieruutur,
3545 3639 3642 3677 eo-

2062 3737 2293 3791 rumque
2349 3722 2431 3793 (ut
2501 3724 2735 3775 breviter
2811 3719 3015 3791 dicam)
3074 3718 3165 3773 alii
3201 3734 3229 3772 a
3298 3719 3524 3771 numine
3586 3726 3643 3771 ct

2061 3816 2429 3885 gubernatore
2506 3814 2672 3882 hujus
2744 3812 2985 3867 universi
3054 3810 3385 3877 dependent,
3446 3812 3638 3881 cujus-

2063 3907 2207 3961 modi
2298 3912 2430 3961 sunt
2493 3920 2570 3958 ea:
2652 3920 2776 3975 quae
2849 3902 3193 3958 calamitates
3269 3905 3643 3965 nominantur,

2062 4000 2152 4052 alii
2185 3998 2254 4052 ab
2291 3997 2628 4059 hominibus,
2663 3997 2826 4051 veluti
2886 3991 3391 4061 suotoli‘ensioucs,‘
3423 4004 3476 4048 ct
3525 4011 3642 4049 tuo-

2062 4090 2251 4153 lestiat,
2309 4104 2445 4157 quas
2494 4088 2660 4158 aliqui
2714 4089 2874 4142 nobis
2910 4087 3193 4151 exhibent,
3227 4086 3335 4141 erit
3382 4086 3546 4140 etiam
3586 4087 3639 4139 iu

2062 4182 2615 4253 unoquoqueborum
2650 4179 2935 4251 peculiaris
2970 4177 3306 4233 fortitudinis
3334 4193 3485 4248 pars,
3515 4194 3638 4248 qu:e

2062 4275 2116 4329 id
2147 4283 2397 4344 praestet,
2429 4273 2636 4341 nequis
2691 4281 2973 4327 moveatur
3004 4286 3032 4327 a
3070 4276 3234 4327 rebus
3266 4273 3536 4335 adversis,
3584 4279 3638 4325 et

2062 4366 2431 4437 perturbetur.
2479 4365 2559 4421 Ac
2605 4364 2944 4432 generositas
2974 4363 3195 4433 quidem
3230 4371 3284 4417 et
3310 4364 3532 4427 fiducia,
3584 4364 3637 4417 in

2064 4461 2131 4514 iis
2167 4474 2292 4529 qua:
2339 4459 2512 4514 nostri
2575 4458 2790 4513 arbitrii
2840 4466 2992 4521 sunt,
3019 4458 3073 4512 in
3134 4473 3239 4511 non
3313 4459 3642 4532 voluntariis

369 4542 429 4592 τὸ
457 4542 617 4605 θεῖον,
657 4544 749 4595 ἐπὶ
787 4542 840 4595 δὲ
879 4546 994 4604 τοῖς
1034 4544 1171 4615 πρὸς
1224 4545 1544 4615 ἀνθρώπους
1578 4547 1828 4601 πολιτεία
1854 4548 1954 4619 μὲν

2061 4560 2277 4618 autem,
2310 4550 2637 4614 constantia,
2673 4550 2725 4605 in
2789 4550 2858 4605 iis
2879 4564 3001 4620 quae
3031 4548 3295 4604 divinitus
3329 4564 3411 4602 aet
3432 4549 3587 4603 iduut
3619 4565 3636 4613 ;

370 4636 503 4702 πρδς
534 4635 600 4687 τὰ
652 4635 829 4699 κοινὰ,
865 4638 1172 4707 χρηστότης
1204 4636 1247 4690 δ’
1286 4636 1354 4692 αὖ
1410 4639 1547 4707 πρὶς
1575 4641 1643 4692 τὰ
1681 4639 1951 4694 ἰδιωτικὰ.

368 4724 637 4793 Φρόνησις
658 4725 712 4777 δὲ
748 4726 780 4794 ἠ
822 4727 922 4796 μὲν
967 4726 1095 4794 περὶ
1146 4728 1214 4780 τὰ
1245 4727 1366 4780 θεῖά
1394 4744 1454 4780 τε
1486 4732 1582 4781 καὶ
1612 4732 1700 4783 ἀεὶ
1731 4729 1883 4795 ὄντα,
1916 4733 1949 4801 ἡ

370 4815 424 4866 δὲ
459 4817 585 4886 περὶ
611 4818 773 4884 φύσιν
795 4835 852 4869 τε
886 4821 982 4883 καὶ
1014 4819 1085 4871 τὰ
1114 4821 1396 4888 γινόμενα,
1424 4822 1457 4887 ή
1490 4820 1547 4873 δὲ
1578 4823 1708 4891 περὶ
1733 4822 1954 4893 eaeps—

368 4910 505 4976 τερὰ
526 4925 584 4959 τε
619 4910 713 4961 καὶ⁹
762 4908 1103 4981 ἀνθρώπεια.
1129 4910 1282 4964 Ὦστ’
1330 4912 1418 4981 εἴη
1453 4914 1519 4966 ἂν
1572 4914 1667 4965 καὶ
1715 4914 1887 4983 ait-ri];
1920 4918 1952 4985 ή

373 5002 470 5068 μὲν
495 5003 625 5069 περὶ
672 5000 845 5055 ταῦτα
893 5002 957 5073 δὴ
999 5002 1066 5055 τὰ
1121 5002 1457 5073 ἀνθρώπεια,
1516 5005 1793 5073 εὐϐουλία,
1829 5011 1863 5079 ἡ
1895 5009 1953 5061 δὲ

370 5093 500 5161 περὶ
533 5092 716 5160 φύσιν,
759 5095 1000 5163 φυσική·
1057 5096 1089 5164 ή
1129 5094 1174 5147 δ’
1221 5094 1288 5147 αὖ
1319 5098 1446 5164 περὶ
1496 5099 1565 5151 τὰ
1601 5098 1739 5163 (ista,
1767 5099 1951 5153 θεοσέ-

370 5185 512 5237 6εια.
547 5185 610 5237 Al
648 5185 746 5253 μὲν
782 5184 846 5255 δὴ
873 5186 982 5237 τῶν
1009 5188 1221 5255 ἀρετῶν
1249 5189 1385 5241 ἰδέαι
1412 5184 1597 5255 αὗται,
1637 5195 1730 5243 καὶ
1760 5193 1957 5245 τοσαῦ-

371 5294 495 5330 ται·
522 5278 638 5330 ἐνὸν
689 5280 789 5349 μὲν
843 5281 934 5333 καὶ
970 5284 1049 5344 εἰς
1080 5281 1252 5335 πλείω
1305 5301 1362 5336 τε
1402 5287 1496 5338 καὶ
1531 5286 1597 5337 τὰ
1652 5286 1954 5355 μικρότερα

369 5368 583 5430 διελεῖν,
622 5372 878 5439 ἀποχρῶν
904 5371 946 5424 δ’
975 5372 1105 5435 ἴσως
1132 5373 1224 5426 καὶ
1248 5375 1377 5443 ἄχρι
1400 5376 1696 5430 τοσούτων.
1730 5377 1952 5431 Τούτων

369 5459 425 5511 δὲ
452 5462 592 5529 ἀρχὴ
633 5462 731 5531 μὲν
773 5464 1010 5531 μάλιστα
1046 5468 1164 5527 ταῖς
1215 5466 1401 5529 ἄλλαις
1438 5466 1671 5537 ὅθενπερ
1702 5470 1953 5538 ἀρξάμε-

370 5566 478 5615 νοτ,
512 5554 604 5605 καὶ
635 5553 737 5604 τῶν
770 5555 972 5607 λοιπῶν
1007 5557 1245 5624 ἑκάστην
1304 5560 1434 5627 ῥᾷον
1468 5561 1718 5628 κτήσαιτ’
1750 5563 1815 5613 ἄν
1850 5579 1951 5624 τις,

367 5642 401 5710 ἤ
426 5659 486 5710 γε
521 5649 815 5717 κοσμιότης
846 5648 930 5714 εἴη
949 5649 1035 5703 ἄν.
1062 5650 1182 5701 Τῶν
1214 5652 1323 5719 γάρ
1347 5667 1449 5702 που
1471 5651 1700 5720 ἡδονῶν,
1727 5651 1781 5703 αἳ
1806 5654 1955 5722 πρὼη

368 5755 459 5791 τον
507 5740 661 5807 ἡμῶν
695 5745 786 5794 καὶ
819 5746 880 5794 ἐκ
909 5746 1030 5796 νέον
1075 5744 1426 5811 τυραννοῦσι,
1466 5746 1705 5812 μάλιστα
1747 5746 1957 5816 ἐπιχει-

372 5831 456 5899 ρεῖ
488 5834 707 5901 κρατεῖν
740 5833 879 5905 αὕτη
912 5836 1157 5905 ἡάρετὴ,
1185 5835 1469 5906 διελομένη
1507 5835 1602 5898 rit;
1634 5836 1733 5904 μὲν
1783 5839 1951 5907 ἀναγ-

2063 4644 2466 4706 clementia,in
2518 4644 2584 4699 iis
2610 4658 2730 4712 qua:
2787 4644 2856 4699 ab
2928 4643 3244 4699 hominibus
3301 4642 3637 4699 olierttntur.

2056 4735 2288 4791 Justitite
2333 4752 2497 4805 porro
2532 4738 2723 4792 cadent
2758 4737 2896 4791 ratio
2937 4746 3041 4803 est,
3101 4752 3221 4803 quze
3265 4737 3642 4791 conservatrix

2056 4842 2137 4883 cst
2190 4831 2310 4899 ejus
2391 4830 2563 4885 nostri
2638 4832 2882 4885 muneris
2951 4846 3062 4899 quo
3137 4845 3262 4885 cum
3313 4844 3643 4900 unoquoque

2059 4936 2451 4991 comparamur
2482 4924 2889 4993 (comparamur
2936 4931 3117 4976 autem
3174 4937 3298 4977 cum
3357 4921 3487 4984 Deo.
3517 4932 3641 4975 tan-

2061 5027 2223 5079 quam
2254 5027 2419 5081 0pera
2456 5012 2575 5079 ejus
2615 5022 2665 5067 et
2694 5015 3098 5082 possessiones,
3131 5028 3255 5067 cum
3317 5015 3636 5068 hominibus

2057 5116 2262 5171 autcm,
2304 5106 2446 5159 sicut
2503 5107 2719 5175 cegnati
2750 5108 2923 5162 simus
2964 5107 3245 5168 omnibus,
3288 5109 3504 5162 tametsi
3530 5109 3635 5161 alia

2059 5197 2232 5252 nostri
2286 5211 2414 5266 erga
2455 5196 2594 5251 alios
2657 5200 2797 5251 ratio
2864 5199 2977 5269 sit).
3014 5199 3132 5252 Erit
3187 5200 3349 5264 igitur
3413 5215 3475 5253 ea
3515 5215 3640 5250 san-

2056 5289 2215 5345 etitas
2242 5288 2295 5342 in
2329 5290 2493 5343 rebus
2524 5289 2766 5353 divinis;
2814 5290 2867 5343 in
2904 5291 3158 5345 humanis
3194 5292 3518 5359 respublica,
3555 5307 3641 5343 ra-

2059 5382 2206 5435 tione
2237 5381 2474 5437 civitatis
2500 5399 2516 5449 ;
2544 5382 2761 5437 bonitas
2792 5394 2995 5446 autem,
3019 5398 3273 5453 reSchtu
3302 5386 3636 5453 privmorum

2058 5474 2365 5527 hominum.
2416 5472 2535 5527 .Iam
2570 5473 2859 5542 prudentia
2893 5475 2996 5528 alia
3031 5485 3280 5529 versatur
3336 5476 3389 5528 in
3428 5478 3627 5532 divinis

2048 5574 2109 5617 et
2140 5564 2446 5633 perpetuis.
2479 5565 2584 5617 alia
2626 5565 2679 5617 in
2713 5574 2906 5617 natura
2939 5572 2991 5618 et
3031 5564 3097 5617 iis
3148 5581 3270 5632 quae
3303 5574 3632 5632 nascuntur,

2056 5658 2160 5708 alia
2228 5656 2282 5708 in
2340 5646 2745 5710 rcbtts'nostris
2775 5666 2830 5708 et
2879 5656 3135 5709 humanis
3166 5671 3181 5719 ;
3216 5655 3441 5723 proinde
3469 5658 3633 5711 etiam

2056 5747 2175 5813 ejus
2219 5748 2381 5801 fuerit
2434 5764 2497 5802 ca
2529 5764 2673 5818 pars,
2718 5765 2836 5819 qua:
2860 5749 3025 5805 rebus
3083 5751 3338 5805 humanis
3403 5766 3641 5822 occupa-

2059 5849 2143 5893 tur
2196 5841 2408 5896 consilii
2459 5841 2706 5912 capiendi
2766 5843 3011 5910 solertia,
3062 5856 3210 5906 ‘qute
3251 5860 3380 5898 vero
3432 5858 3638 5899 natura:
