4078 6404
420 489 810 546 obscuritatem
876 482 1092 542 tractat.

420 592 604 636 autem
676 577 863 631 divina
943 573 1347 643 contemplatur
1420 572 1616 640 pietas.
1669 567 1748 621 Ae
1828 564 2003 618 virtu-

422 681 541 726 tum
619 667 836 738 quidem
898 673 980 721 lue
1056 673 1112 719 et
1164 672 1243 718 tot
1320 670 1449 717 sunt
1506 657 1719 721 formae,
1802 663 1864 709 ut
1910 666 2004 707 eas

424 760 592 836 dividi
648 771 746 827 par
791 763 897 810 est.
969 754 1229 819 Quamvis
1286 753 1430 807 enim
1492 750 1546 804 iu
1604 748 1790 819 plures
1839 745 1999 799 liceat

425 850 664 903 tribuere
711 845 941 914 species,
975 853 1031 899 et
1084 841 1352 897 minutius
1387 838 1664 912 persequi,
1733 845 1916 889 tamen
1950 843 2006 886 et

429 942 531 994 hac
562 939 855 1008 partitione
923 936 1166 991 contenti
1198 949 1323 989 esse
1361 944 1681 1003 possumus.
1708 925 1851 980 Inter
1901 923 2002 977 has

430 1040 609 1084 autem
674 1028 907 1081 virtutes
962 1025 1329 1094 principatum
1383 1022 1598 1076 obtinet
1620 1018 1908 1076 modestia,
1969 1028 2000 1066 ιι

432 1132 537 1184 qua
598 1115 641 1169 si
697 1115 968 1185 quispiam
1025 1113 1369 1181 auspicetur,
1446 1110 1612 1165 etiam
1665 1106 2002 1174 reliquarum

427 1208 672 1275 singulas
708 1220 901 1275 parare
926 1204 1028 1258 sibi
1056 1210 1219 1272 queat
1244 1200 1644 1269 voluptatibus,
1711 1196 1858 1250 enim
1894 1196 2006 1263 pri-

432 1315 581 1352 mum
607 1301 658 1351 iu
687 1313 808 1360 nos,
865 1306 919 1352 et
952 1296 1004 1350 in
1038 1295 1402 1349 adolescentia
1485 1290 1861 1362 potissimum.
1917 1296 2000 1357 ty.

430 1388 716 1443 raunideut
742 1395 1018 1452 exercent,
1075 1385 1309 1440 instituit
1345 1384 1618 1451 imperare
1654 1379 1773 1434 haec
1801 1378 2003 1437 virtus,

430 1492 486 1536 et
524 1496 617 1535 eas
685 1480 758 1534 ita
810 1478 1085 1548 distinguit
1131 1489 1185 1531 et
1242 1476 1439 1546 partim
1474 1474 1587 1529 sint
1639 1468 2001 1530 necessaria,

432 1572 630 1641 partim
689 1584 1134 1641 supervaeattem,
1193 1583 1256 1621 ae.
1283 1580 1478 1622 rursus
1514 1579 1624 1618 nou
1664 1559 2006 1615 necessarias

433 1662 695 1731 quasdam
720 1661 953 1731 partitur
992 1659 1044 1713 in
1074 1657 1286 1726 legibus
1309 1653 1649 1716 contrarias,
1683 1662 1738 1706 et
1783 1650 2006 1718 nequis-

432 1756 600 1808 simus
645 1762 699 1806 et
756 1751 967 1807 homini
1019 1750 1243 1804 minime
1300 1754 1688 1815 congruentes,
1769 1754 1828 1799 .ct
1906 1741 2002 1795 has

1632 358 1957 421 GEORGII
2003 349 2436 413 PIETIIONIS

1174 478 1438 535 naturalis
1515 476 1819 545 sapientia;
1892 482 2009 538 qtue

2117 462 2273 523 κλίας
2308 458 2511 522 αὐτῶν,
2543 454 2639 515 τὰς
2702 453 2757 505 δὲ
2804 450 2908 520 μὴ’
2962 448 3053 500 καὶ
3097 444 3203 497 τῶν
3245 442 3321 512 μὴ
3371 437 3686 503 ἀναγκαίων

3581 324 3685 386 872

2108 552 2174 609 αὖ
2207 554 2375 617 ἐνίας,
2411 549 2753 620 παρανόμους
2770 561 2852 606 τε,
2881 542 2975 594 καὶ
3002 537 3441 611 μοχθηρότητας,
3466 534 3558 585 καὶ
3585 534 3683 584 οὐκ

2105 647 2381 718 ἀνθρώπῳ
2442 641 2783 712 πρεπούσας,
2829 638 2923 690 καὶ
2970 633 3174 694 ταύτας
3210 630 3306 699 μὲν
3334 631 3684 680 παντάπασιν

2106 740 2446 811 ἀπωσαμένη
2498 754 2557 790 τε
2613 735 2707 788 καὶ
2736 729 3022 799 ἐκκόψασα
3057 725 3159 796 τῆς
3188 725 3393 794 ψυχῆς,
3422 722 3590 784 αὑτάς
3625 736 3684 771 τε

2105 837 2201 889 καὶ
2252 829 2552 900 ἐπιθυμίας
2604 824 2817 881 αὐτῶνθ
2850 823 2955 885 τὰς
2984 821 3029 874 δ’
3067 819 3373 887 ἀναγκαίας
3409 815 3546 885 πρὸς
3593 813 3686 864 τὶν

2108 923 2220 993 βίον
2253 921 2345 975 τόν
2369 936 2428 974 τε
2457 917 2588 971 ἴδιον
2620 914 2851 969 ἑκάστου
2883 913 2978 966 καὶ
2999 911 3092 964 τὸν
3140 908 3324 964 κοινὸν
3352 920 3684 976 προσαιρου-

2111 1014 2273 1085 μένῃ,
2304 1009 2413 1067 τῶν
2457 1009 2514 1064 δέ
2548 1025 2613 1077 γε
2651 1005 2726 1076 μὴ
2763 1004 3082 1073 ἀναγκαίων
3123 1002 3242 1071 μὲν,
3276 1000 3338 1053 ού
3390 996 3682 1067 μοχθηρῶν

2105 1107 2188 1171 δὲ,
2208 1102 2398 1159 ἀὐτῶν
2433 1102 2532 1174 μὲν
2560 1098 2924 1169 ὀλιγωροῦσα,
2946 1096 3046 1159 τὰς
3081 1095 3125 1148 δ’
3159 1092 3455 1162 ἐπιθυμίας
3481 1091 3686 1145 παντά-

2106 1206 2276 1251 πασιν
2296 1194 2642 1248 ἐκκόπτουσα
2662 1208 2677 1224 ⁸
2706 1193 2795 1247 ἵνα
2830 1190 2897 1263 δὴ
2919 1192 2996 1253 εἰς
3020 1188 3252 1257 δύναμιν
3288 1185 3576 1255 ἀνεπιόεής
3606 1203 3687 1249 τις

2104 1282 2161 1359 ᾖ,
2215 1289 2283 1357 τῇ
2313 1284 2619 1357 αὐταρκείᾳ
2669 1282 2878 1359 χαίρων
2920 1280 3121 1351 μᾶλλον
3151 1278 3185 1350 ἢ
3227 1278 3418 1339 αὐταῖς
3448 1278 3568 1352 ταῖς
3598 1273 3689 1328 διὰ

2105 1357 2200 1431 τοῦ
2272 1375 2528 1448 σώματος
2602 1357 2836 1446 ἡδοναῖς.
2906 1372 3085 1435 Εὐθὺς
3145 1367 3241 1425 οὖν
3312 1368 3454 1438 αὕτη
3515 1366 3686 1437 ἀρετὴ

2104 1470 2215 1522 τῶν
2280 1468 2381 1539 μὲν
2434 1468 2639 1538 θηρίων
2704 1468 2798 1521 καὶ
2860 1465 3125 1536 χειρόνων
3183 1463 3410 1533 ἄρχεται
3477 1460 3688 1527 διιστᾷν

2107 1560 2264 1630 ἡμῶν
2335 1559 2371 1615 ἃ
2438 1560 2517 1630 τῷ
2583 1559 2697 1628 ἡδεῖ
2767 1575 2829 1613 τε
2892 1558 2987 1610 καὶ
3044 1556 3166 1626 μὴ,
3224 1555 3285 1607 τό
3346 1571 3407 1607 τε
3477 1551 3691 1622 αἱρετὸν

2108 1654 2200 1705 καὶ
2262 1654 2340 1722 μὴ
2403 1651 2651 1713 τοιοῦτο,
2721 1649 2896 1721 ὁρίζει
2966 1650 3058 1714 ἔδει
3132 1648 3188 1701 δὲ
3259 1646 3357 1716 τὴν
3423 1645 3557 1714 πρὸς
3621 1645 3691 1699 τὰ

2106 1744 2341 1810 κρείττω
2399 1744 2533 1813 γένη
2585 1743 2907 1813 ξυγγένειαν
2951 1742 3157 1813 ἀνέχει,
3193 1742 3315 1803 ταῖς
3371 1758 3429 1795 τε
3477 1741 3690 1810 ἡδοναῖς

431 1863 656 1918 prorsus
690 1843 938 1914 repudiat
994 1849 1047 1897 et
1083 1848 1291 1894 resecat
1314 1838 1383 1892 ab
1407 1836 1655 1899 omnino,
1685 1846 1866 1901 neque
1922 1833 2002 1900 ip-

2113 1836 2298 1897 αὐταῖς
2350 1833 2504 1898 τάξιν
2547 1851 2608 1886 τε
2649 1834 2744 1888 καὶ
2790 1834 2995 1902 κόσμον
3048 1831 3375 1893 ἐπιτιθεῖσα,
3424 1831 3521 1883 atad.
3576 1831 3694 1898 ἅμα

433 1933 525 1994 sas
572 1938 773 2001 soluat,
805 1933 899 1988 sed
938 1942 991 1987 et
1027 1947 1213 1986 earum
1273 1929 1653 2000 appetitioncs,
1714 1940 1808 1980 eas
1873 1940 2003 1978 vero

431 2046 553 2100 quae
593 2029 659 2083 ad
693 2028 859 2082 vitam
889 2024 1207 2080 necessaria:
1234 2030 1382 2086 sunt,
1436 2027 1554 2074 tum
1593 2017 1861 2088 cujusque
1892 2016 2006 2085 pri-

434 2131 638 2182 vatam,
674 2130 787 2172 tum
842 2115 1119 2188 publicam
1154 2113 1523 2184 amplectitur,
1552 2124 1647 2165 eas
1669 2118 1850 2163 autem
1885 2118 2007 2176 qua:

430 2227 559 2263 cum
586 2212 901 2263 necessaria:
927 2222 1033 2261 non
1074 2205 1187 2264 sint
1216 2219 1322 2257 non
1351 2210 1534 2256 tamen
1558 2200 1825 2279 improbte
1855 2207 2003 2262 sunt,

437 2300 1040 2373 uegligit.eupiditates
1091 2306 1271 2352 autem
1304 2308 1495 2349 earum
1567 2292 1786 2362 penitus
1858 2303 2007 2342 rese-

436 2408 551 2460 t-at,
588 2406 644 2447 ιιι
672 2394 920 2447 videlicet
946 2391 1219 2463 quispiam
1250 2388 1363 2444 ulla
1395 2402 1454 2440 re
1502 2392 1680 2456 egeat,
1737 2393 2003 2452 quantum

434 2487 550 2539 ἰξειὶ
597 2493 797 2553 potest,
863 2482 958 2537 sed
1014 2491 1157 2537 statu
1241 2478 1388 2533 nulla
1441 2491 1500 2530 re
1564 2475 2012 2544 egetttegaude:.t

438 2577 631 2644 magis,
704 2590 868 2644 quam
914 2573 1051 2643 ipsis
1091 2571 1339 2640 corporis
1386 2568 1775 2638 voluptatibus.
1806 2564 2005 2620 Statim

434 2667 603 2734 igitur
652 2668 822 2719 virtus
880 2665 972 2719 illa
1022 2678 1051 2717 a
1103 2662 1291 2717 bestiis
1339 2667 1394 2715 et
1421 2660 1587 2714 rebus
1642 2656 2009 2713 deterioribus

434 2774 535 2813 nos
594 2771 848 2825 separare
890 2754 1105 2824 incipit,
1156 2768 1281 2823 quae
1323 2752 1595 2807 suavitate
1654 2759 1707 2804 et
1733 2764 1799 2803 eo
1854 2746 2002 2817 quod

433 2865 604 2904 Suave
641 2864 748 2901 non
779 2858 882 2911 est,
919 2847 1220 2900 metiuntur
1244 2844 1296 2898 id
1323 2842 1470 2914 quod
1518 2840 1883 2911 expetendum
1915 2841 2008 2905 sit,

433 2939 645 3007 etquod
673 2936 1011 3006 fugiendum.
1035 2934 1169 3002 Cum
1186 2942 1368 2987 autem
1399 2931 1595 2986 habeat
1624 2930 2007 2998 cognationem

434 3049 563 3103 erga
594 3032 973 3103 praestantiora
1031 3043 1254 3099 genera,
1288 3036 1402 3082 tum
1464 3022 1603 3097 ipsis
1637 3023 2010 3095 voluptatibus

435 3124 680 3177 ordinem
728 3133 779 3176 et
812 3129 1064 3175 ornatum
1108 3117 1362 3187 imponit,
1391 3125 1503 3170 tum
1535 3114 1823 3184 expeditos
1876 3112 2005 3167 red-

436 3217 519 3268 dit
548 3223 605 3277 et
624 3213 770 3267 leves
798 3219 1013 3282 prepter
1043 3209 1287 3264 animum
1320 3222 1418 3263 sua
1470 3215 1616 3261 sorte
1670 3211 2011 3261 contentum.

435 3306 752 3375 Atquehazc
775 3302 994 3373 quidem
1045 3297 1311 3354 modestia
1353 3296 1689 3368 reliquarum
1745 3296 2009 3350 virtutum

437 3383 599 3453 reluti
630 3396 949 3468 principium
979 3391 1254 3464 quoddam
1294 3399 1398 3457 est,
1444 3405 1570 3444 nam
1605 3397 1831 3445 caeteras
1871 3403 2007 3458 quo-

2110 1927 2390 1990 εὐσταλεῖς
2456 1944 2516 1978 τε
2585 1926 2678 1980 καὶ
2738 1926 2973 1994 κούφους
3033 1926 3102 1978 δι’
3159 1914 3487 1995 αὐτάρκειαν
3561 1924 3694 1977 ἀπο-

2111 2020 2399 2084 φαίνουσα.
2464 2018 2612 2089 Αὖτη
2672 2023 2772 2089 μὲν
2831 2019 2946 2086 οὖν,
3013 2013 3232 2087 οἷόνπερ
3264 2018 3408 2088 ἀρχὴ
3432 2019 3551 2079 ταῖς
3602 2017 3696 2070 ἂλ-

2110 2112 2250 2177 λαις,
2286 2112 2408 2164 ἐπεὶ
2439 2112 2533 2164 καὶ
2566 2110 2733 2164 τάλλα
2760 2110 2828 2164 τὰ
2862 2111 2962 2179 τῆς
2985 2107 3344 2179 σωφροσύνης
3393 2109 3574 2179 μόρια,
3612 2108 3694 2161 ἔτι

2115 2221 2173 2256 τε
2200 2205 2270 2256 τὰ
2292 2205 2390 2270 τῆς
2416 2205 2657 2271 ἀνδρίας,
2694 2205 2790 2257 καὶ
2822 2201 3188 2273 δικαιοσύνης,
3221 2201 3314 2254 καὶ
3377 2201 3695 2271 φρονήσειιις

2115 2297 2407 2366 σύμπαντα
2433 2297 2564 2367 ῥᾷον
2585 2296 2650 2350 ἄν
2675 2304 2758 2358 τις
2790 2294 2886 2347 σὺν
2930 2295 3103 2368 ταύτῃ
3142 2294 3337 2364 μετίοι.
3391 2292 3696 2359 Κεφάλαιον

2108 2380 2165 2442 δὲ
2197 2390 2420 2453 πάσαις,
2453 2383 2511 2441 οἷ
2542 2404 2602 2441 τε
2636 2387 2929 2458 ξυμπάσας
2950 2388 3029 2441 δεῖ
3071 2387 3286 2449 τείνειν,
3326 2386 3420 2441 καὶ
3471 2381 3538 2460 ἦς
3592 2404 3698 2455 χιιι-

2116 2482 2198 2549 ρὶς
2225 2480 2341 2533 οὐδ’
2373 2479 2440 2534 ἂν
2464 2479 2583 2543 ,τῶν
2608 2480 2783 2535 ἄλλων
2814 2497 2868 2532 τι
2904 2479 3095 2548 ὖφελος
3124 2480 3232 2548 εἴη,
3269 2480 3303 2550 ἦ
3327 2491 3389 2544 γε
3420 2478 3696 2533 θεοσέϐεια

2111 2572 2195 2640 εἴη
2227 2570 2293 2625 ἂν
2324 2555 2580 2641 μάλιστα.
2614 2564 2685 2642 ’ᾩ
2710 2571 2816 2641 γάρ
2844 2586 2943 2624 που
2975 2571 3133 2641 ἡμεῖς
3165 2571 3274 2633 τοῖς
3333 2570 3431 2639 μὲν
3459 2568 3698 2638 κρείττς·

2116 2680 2170 2715 σι
2209 2652 2578 2730 κοινωνοῦμεν
2610 2664 2814 2732 γένεσι,
2864 2661 2975 2715 τῶν
3031 2660 3089 2715 δὲ
3142 2660 3403 2732 χειρόνων
3461 2661 3697 2730 μάλιστα

2113 2755 2520 2826 διενηνόχαμεν,
2594 2756 2884 2823 κράτιστόν
2954 2754 3013 2809 τέ
3072 2755 3188 2808 ὲστι
3254 2754 3364 2809 τῶν
3417 2754 3697 2825 ἡμετέρων

2112 2845 2264 2898 οὐδὲν
2292 2844 2420 2899 ἄλλο
2448 2844 2533 2914 sit;
2568 2844 2729 2899 τοῦτό
2761 2863 2826 2915 γε
2857 2846 2890 2917 ἢ
2926 2849 3110 2916 νόησις
3150 2862 3164 2877 ·
3196 2846 3305 2899 τῶν
3328 2845 3382 2898 δὲ
3432 2845 3495 2916 δὴ
3521 2846 3699 2898 νοούν-

2112 2939 2244 3004 Ιτων,
2262 2938 2358 2990 καὶ
2389 2939 2517 3007 περὶ
2544 2936 2581 2991 ἃ
2601 2938 2787 3009 νόησις
2809 2940 3282 3010 πραγματεύεται,
3311 2937 3422 2992 τῶν
3444 2956 3502 2991 τε
3529 2938 3699 2992 ὄντων

2116 3028 2474 3097 ξυμπάντων,
2500 3031 2527 3082 ό
2548 3030 2680 3093 Θεὸς
2702 3030 2762 3083 τὸ
2792 3029 3038 3101 ἄριστον.
3078 3030 3168 3100 Τῷ
3194 3031 3258 3103 δὴ
3285 3032 3562 3102 κρατίστῳ
3592 3032 3698 3086 τῶν

2123 3121 2408 3192 ἡμετέρων
2440 3120 2535 3175 τοῦ
2568 3123 2862 3194 κρατίστου
2919 3125 3030 3177 τῶν
3081 3125 3251 3178 ὄντων
3308 3125 3695 3193 ἀπολαύοντες,

2126 3212 2497 3284 μακαριώτατ⁹
2530 3213 2597 3269 ἂν
2628 3214 2771 3269 οὕτω
2800 3215 3035 3287 βιοῖμεν,
3070 3216 3199 3270 ὥστ’
3259 3219 3345 3289 εἴη
3400 3219 3467 3273 ἂν
3517 3221 3550 3289 ἡ
3600 3220 3696 3273 τοῦ

2118 3305 2254 3359 Θεοῦ
2284 3307 2469 3376 νόησις
2495 3308 2556 3361 τδ
2580 3308 3004 3379 μακαριώτατον
3036 3311 3132 3378 τῆς
3156 3310 3500 3383 ἀνθρωπίνης
3524 3310 3695 3386 ζωῆς,

2116 3392 2149 3462 ἢ
2190 3395 2285 3446 καὶ
2331 3396 2640 3462 θεοσεϐείας
2677 3400 2797 3452 ἐστὶ
2857 3399 2919 3453 τὸ
2966 3399 3285 3467 κεφάλαιον.

436 3509 545 3561 que
570 3488 944 3560 temperantiae
973 3496 1155 3558 partes
1190 3484 1477 3541 universas
1525 3492 1789 3553 praeterea
1838 3489 1893 3537 et
1948 3481 2283 3539 fortitudinis
2340 3495 2395 3541 et
2449 3487 2675 3558 iustitiae
2736 3498 2791 3545 et
2834 3490 3134 3561 prudentia:
3195 3491 3437 3563 facilius,
3489 3495 3534 3552 si
3594 3498 3699 3553 hac

442 3591 740 3641 instructus
793 3583 960 3638 fuerit
1019 3595 1337 3652 comparare
1395 3579 1501 3636 sibi
1555 3578 1827 3648 quispiam
1880 3583 2075 3649 possit.
2137 3579 2392 3636 Omnium
2451 3593 2632 3640 autem
2672 3587 2939 3645 virtutum
3001 3602 3189 3663 caput,
3225 3591 3295 3648 ad
3350 3608 3514 3664 quam
3570 3595 3695 3650 uni-

441 3673 816 3731 versa-referri
863 3674 1082 3738 debent,
1115 3688 1179 3728 ac
1247 3672 1382 3728 citra
1441 3684 1602 3739 quam
1648 3669 1833 3725 nullus
1884 3676 2205 3726 eeta‘rarum
2259 3687 2395 3730 usus
2453 3689 2576 3731 esse
2626 3687 2824 3748 patest,
2878 3683 3066 3753 religio
3120 3686 3466 3755 potissimum
3511 3685 3697 3743 fuerit.

436 3769 557 3836 Quo
587 3771 734 3823 enim
779 3768 832 3822 in
886 3768 1203 3823 societatem
1262 3764 1704 3835 praestandorum
1752 3778 2012 3833 generum
2053 3766 2322 3832 venimus,
2364 3781 2393 3820 a
2434 3767 2802 3830 deterioribus
2845 3784 3025 3832 autem
3071 3781 3306 3836 maxime
3354 3782 3698 3851 diﬂ‘erimus;

440 3861 698 3933 quodque
741 3861 796 3914 in
828 3860 994 3915 rebus
1023 3859 1227 3914 nostris
1279 3855 1791 3927 praestantissimum
1824 3864 1931 3920 est,
1968 3856 2018 3909 id
2053 3857 2271 3927 quidem
2322 3858 2459 3915 nihil
2516 3863 2663 3918 aliud
2722 3863 3071 3939 l‘ueritquam
3123 3870 3456 3931 intellectus.
3492 3876 3695 3933 Rerum

440 3974 605 4032 porro
635 3973 823 4047 earum
844 3973 967 4029 quae
998 3954 1395 4027 intelliguntur,
1431 3962 1487 4009 et
1525 3954 1579 4009 in
1606 3953 1807 4024 quibus
1867 3953 2069 4007 intellet
2090 3965 2176 4009 tus
2229 3967 2500 4024 versatur,
2532 3968 2695 4029 atque
2749 3963 2890 4019 adeo
2917 3968 3162 4022 omnium
3189 3983 3369 4025 rerum
3401 3986 3522 4042 qua:
3548 3983 3702 4041 sunt,

438 4056 582 4115 Deus
628 4064 709 4110 est
748 4053 1251 4125 prtestantissitnus.
1284 4049 1338 4135 Si
1367 4050 1531 4118 igitur
1572 4064 1668 4120 per
1703 4047 1755 4101 id
1797 4052 1941 4120 quod
1967 4051 2020 4105 in
2057 4051 2257 4106 nostris
2305 4052 2466 4107 rebus
2496 4065 2582 4110 est
2605 4060 3110 4131 pratstantissintus,
3147 4082 3212 4122 eo
3253 4069 3529 4135 quitotius
3574 4075 3694 4124 uni-

437 4147 578 4201 versi
595 4156 677 4201 est
701 4148 1237 4217 prastantissitnum,
1265 4143 1529 4206 fruantur,
1552 4142 1633 4195 sic
1678 4140 1898 4196 demum
1940 4141 2252 4209 beatissime
2295 4143 2561 4205 vivemus.
2622 4148 2716 4206 Dei
2759 4153 2940 4223 itaque
2976 4142 3225 4227 cognitio
3283 4161 3687 4218 beatisssimu."

436 4249 692 4303 humana:
745 4249 872 4301 vita:
921 4262 1123 4301 munus
1178 4249 1306 4312 erit,
1348 4259 1470 4314 quae
1517 4243 1709 4300 eadem
1773 4246 1937 4300 etiam
1993 4248 2276 4318 religionis
2322 4258 2484 4317 caput
2512 4247 2749 4305 exsistit.

512 4346 646 4399 Post
675 4344 995 4398 modestiam
1042 4350 1223 4396 autem
1276 4341 1659 4410 consequenda
1705 4342 1813 4397 erit
1853 4356 2016 4412 gene-

436 4442 664 4499 rositas,
696 4438 813 4492 haec
841 4434 1044 4490 etenim
1082 4434 1256 4487 virtus
1277 4447 1401 4509 cum
1433 4442 1709 4503 praeparet
1760 4412 2013 4509 homines

2197 4346 2356 4402 Μετά
2383 4346 2440 4399 δὲ
2470 4344 2806 4416 κοσμιότητι
2833 4345 2866 4416 ἡ
2898 4347 3211 4415 γενναιότης
3228 4367 3329 4403 που
3358 4350 3426 4404 ἂν
3444 4351 3529 4422 εἴη
3556 4369 3704 4422 μετι-

2123 4442 2241 4492 τὲα·
2267 4439 2463 4502 πόνους
2478 4455 2535 4491 τε
2558 4438 2664 4508 γὰρ
2686 4439 3058 4510 ἐγκαρτερεῖν,
3085 4441 3177 4495 καὶ
3191 4442 3467 4506 κινδύνους
3488 4446 3700 4509 ἑαυτοῖς

437 4536 498 4581 ιιι
555 4525 772 4579 labores
820 4521 1074 4584 tolerent,
1138 4531 1194 4576 et
1219 4508 1461 4590 pericula
1512 4521 1567 4575 in
1604 4535 1666 4575 se
1718 4508 2009 4591 suscipiam

2128 4532 2421 4602 αἱρεῖσθαι,
2444 4536 2577 4602 πρὸς
2622 4532 2794 4585 πολλά
2955 4533 3184 4587 δεόντων
3206 4538 3699 4606 παρασκευάζουσα

436 4621 505 4675 ad
540 4617 710 4671 multa
732 4614 905 4669 cilicia
936 4612 1220 4668 retinenda
1241 4611 1655 4667 eilicacissimos
1691 4613 1743 4666 in
1798 4614 2011 4682 agendo

436 4709 640 4774 reddit,
700 4714 863 4774 atque
918 4705 982 4758 ad
1042 4703 1278 4768 reliquas
1309 4702 1544 4757 virtutes
1601 4704 2014 4772 consequendas
2074 4708 2079 4715 “

432 4798 891 4855 instructissimus
929 4796 1110 4850 etlieit.
1153 4793 1274 4849 Jatn
1335 4798 1463 4849 vero
1517 4809 1583 4850 ne
1616 4795 1749 4850 illud
1793 4795 2012 4865 quidem

440 4891 807 4962 ignorandum
864 4897 946 4943 est
973 4886 1116 4956 quod
1149 4886 1413 4941 modestis
1443 4892 1498 4940 et
1555 4888 1849 4956 generosis
1885 4888 2015 4941 viris

436 4982 655 5047 accidit,
710 4980 871 5050 quasi
932 4988 1134 5050 praeter
1179 4979 1303 5033 vitae
1335 4978 1675 5033 institutum.
1715 4977 1927 5033 Etenim
1968 4977 2014 5032 si

436 5076 558 5145 quis
609 5089 725 5127 rem
776 5083 925 5126 recte
976 5071 1313 5138 consideret,
1353 5086 1455 5126 nec
1502 5070 1877 5125 tnodestorum
1907 5072 2015 5125 vita

438 5166 721 5236 pauciores
762 5163 927 5218 habet
961 5166 1289 5234 voluptates,
1349 5162 1443 5232 qui
1473 5161 1709 5216 modesti
1749 5176 1858 5216 non
1890 5170 2017 5216 sunt

438 5273 541 5313 nec
574 5257 823 5324 generosi
849 5256 918 5311 ab
957 5256 1025 5310 iis
1054 5256 1146 5325 qui
1180 5263 1307 5309 sunt
1342 5255 1669 5325 degeneres,
1711 5254 1765 5308 in
1805 5254 2013 5309 labori-

439 5357 542 5412 bus
579 5360 929 5424 superantur.
989 5347 1126 5403 Nam
1154 5360 1209 5403 et
1244 5347 1586 5418 voluptatum
1625 5362 1688 5401 ea
1757 5345 1866 5401 l‘ere
1921 5362 2018 5402 na-

435 5457 557 5501 tura
588 5461 707 5502 esse
728 5445 961 5508 videtur,
1004 5450 1063 5495 ιιι
1086 5454 1182 5495 eos
1212 5441 1305 5510 qui
1336 5440 1555 5494 labores
1591 5438 1837 5510 fugiunt,
1866 5440 2014 5509 ipsas

440 5550 567 5588 rem
617 5544 821 5600 amant,
847 5546 1151 5598 eorumque
1172 5545 1359 5585 amore
1394 5531 1617 5585 attoniti
1654 5541 1811 5596 sunt,
1846 5532 2017 5599 magis

435 5628 716 5691 deserant,
765 5634 928 5694 atque
969 5620 1205 5676 etﬁciaut
1256 5631 1316 5675 ut
1367 5632 1590 5692 propter
1618 5625 1924 5677 satietatem
1958 5633 2010 5677 et

433 5717 913 5780 consuetudinem,
967 5716 1150 5768 minus
1196 5729 1385 5769 earum
1434 5730 1628 5769 sensus
1654 5716 2012 5785 percipiatur,

440 5809 535 5861 sed
574 5808 625 5859 in
698 5810 759 5861 iis
817 5810 1194 5875 assrqucndis,
1259 5807 1466 5862 viribus
1510 5809 1837 5879 plerumque
1874 5808 2014 5862 cele-

2120 4624 2262 4692 αὖτη
2284 4624 2319 4693 ἡ
2361 4622 2553 4693 ἀρετὴ,
2583 4623 2993 4688 δυνατωτάτους
3014 4640 3072 4679 τε
3100 4627 3358 4694 πράττειν
3376 4633 3696 4699 παρέχεται,

2117 4713 2209 4765 καὶ
2240 4712 2376 4783 πρὸς
2428 4713 2526 4774 τὰς
2570 4712 2739 4775 ἄλλοις
2777 4714 2975 4783 ἀρετὰς
3000 4716 3363 4782 ἱκανωτάτους
3382 4719 3696 4787 ἀποφαίνει.

2116 4807 2206 4858 Δεῖ
2244 4805 2430 4875 μέντοι
2478 4802 2599 4873 μηδ’
2632 4805 2806 4858 ἐκεῖνο
2833 4807 3069 4875 ἀγνοεῖν,
3105 4807 3221 4873 βίου
3249 4809 3528 4881 πάρεργον
3564 4813 3700 4880 ξυμ-

2118 4898 2300 4949 ϐαῖνον
2327 4897 2439 4959 τοῖς
2467 4912 2526 4948 τε
2556 4897 2805 4966 κοσμίοις
2833 4899 2926 4950 καὶ
2955 4901 3226 4965 γενναίοις
3253 4902 3360 4954 τῶν
3383 4903 3611 4973 ἀνδρῶν.
3636 4906 3703 4958 Οἴ

2117 5004 2179 5055 γε
2208 4987 2318 5057 γάρ
2358 4988 2576 5055 κόσμιοι
2626 4989 2735 5040 τῶν
2799 4989 2873 5060 μὴ
2921 4989 3180 5044 τοιούτων
3238 4993 3360 5048 οὐδὲ
3420 4997 3562 5050 κατὰ
3601 4998 3697 5055 τὰς

2116 5079 2309 5147 ἡδονὰς
2332 5118 2347 5144 ,
2378 5078 2598 5133 ἔλαττον
2624 5081 2691 5133 ἂν
2723 5080 2873 5144 δόξαι
2901 5082 3131 5153 ἐνέχειν,
3174 5086 3418 5155 ἀκριϐῶς
3469 5090 3700 5143 σκοποῦ-

2124 5188 2231 5236 σιν,
2266 5171 2398 5222 οἵτε
2456 5172 2696 5237 γενναῖοι
2742 5177 2868 5235 τοὺς
2928 5174 3142 5241 ἀγενεῖς
3202 5178 3325 5231 οὐδὲ
3379 5182 3517 5233 κατά
3571 5183 3698 5244 τοὺς

2119 5262 2310 5325 πόνους
2337 5262 2720 5333 ὐπερῦάλλειν⁶
2739 5264 2797 5316 ατ
2815 5282 2874 5318 τε
2903 5266 3008 5336 γὰρ
3038 5268 3222 5336 ἡδοναὶ
3253 5273 3553 5340 πεφυκέναι
3583 5289 3700 5337 πως

2118 5353 2334 5408 δοκοῦσι
2361 5358 2488 5419 τοὺς
2553 5356 2654 5424 μὲν
2709 5357 2819 5411 τῶν
2882 5360 3061 5412 πόνων
3123 5363 3392 5429 φυγάδας,
3456 5367 3603 5432 σφῶν
3637 5366 3693 5419 δὲ

2119 5446 2378 5515 ἐραστὰς,
2409 5448 2505 5500 καὶ
2537 5450 2665 5518 περὶ
2690 5449 2858 5513 αὐτὰς
2890 5452 3283 5520 ἐπτοημένους,
3308 5455 3515 5526 μᾶλλον
3560 5457 3697 5509 ἀπρι-

2120 5538 2352 5601 λείπειν,
2408 5540 2511 5591 ὑπό
2535 5556 2596 5591 τε
2615 5540 2708 5592 τοῦ
2739 5540 2903 5609 κόρου
2938 5541 3033 5594 καὶ
3056 5542 3211 5606 ἔθους
3248 5546 3426 5599 αὐτῶν
3440 5548 3702 5619 ἀναισθη-

2117 5627 2351 5697 τοτέρως
2385 5629 2657 5700 ἴσχοντας,
2692 5634 2788 5686 καὶ
2818 5634 2955 5705 ταχὺ
3009 5635 3305 5702 ἀδυνάτους
3329 5640 3403 5702 ὡς
3436 5641 3504 5693 τὰ
3534 5642 3702 5695 πολλὰ

2118 5718 2523 5797 ἀποφαίνουσαι
2546 5722 2682 5793 πρὸς
2711 5725 2901 5789 αὐτάς,
2941 5729 3009 5780 τά
3046 5744 3103 5779 τε
3144 5728 3370 5800 σώματα
3393 5731 3509 5802 ἅμα
3536 5734 3701 5803 χείρω

2119 5811 2179 5862 τὸ
2236 5811 2369 5863 πολὺ
2427 5814 2871 5887 ἀπεργαζόμεναι
2904 5834 2919 5853 ο
2956 5821 3068 5881 τοῖς
3089 5819 3144 5872 δὲ
3194 5820 3258 5890 δὴ
3313 5825 3557 5893 κοσμίοις
3609 5826 3699 5876 καὶ
