4078 6436
398 443 502 503 87?}

1698 432 1797 492 BE
1838 430 2149 493 VlRTUTl
2167 431 2325 493 BUS.

3547 438 3649 499 3374

396 551 661 620 γενναίοις
695 551 749 602 ἐν
774 546 901 616 γοῦν
929 549 1045 611 ταῖς
1073 548 1181 601 τῶν
1210 546 1342 617 πρὸς
1373 548 1462 600 τὶν
1494 546 1607 617 βίον
1653 548 1965 615 ἀναγκαίων

2083 543 2207 597 riter
2264 542 2661 606 destituautur,
2719 561 2780 599 ac
2818 560 3047 617 corpore
3096 548 3262 602 simul
3317 551 3481 605 etiam
3544 549 3654 604 fere

395 644 672 712 αἱρέσεσιν
705 641 1153 710 ἀκμαιότεραίτε
1217 639 1486 709 ἀπαντᾷν,
1545 640 1639 691 καὶ
1693 638 1969 702 ἀϐλαϐεῖς.

397 737 540 791 (ΡΖ-τε
578 735 729 788 πόνοι
760 737 872 795 τοῖς
906 734 1004 802 μὲν
1036 733 1178 801 csa;
1200 732 1487 800 φεύγουσι,
1517 730 1624 783 τῶν
1653 731 1710 783 δὲ
1768 731 1975 799 ἡδονῶν

395 828 679 899 ἐρασταῖς,
703 824 797 877 καὶ
833 825 978 893 μάλα
1010 823 1368 891 ἐπικείμενοι,
1402 823 1526 882 τοὺς
1556 821 1600 873 δ’
1647 820 1972 890 ὀλιγωροῦν-

396 921 494 982 τάς
514 937 573 971 τε
596 918 692 970 καὶ
713 915 1184 986 ὲγ-καρτεροῦντας
1212 914 1364 982 σφίσι
1427 913 1627 981 μᾶλλόν
1652 929 1702 963 τι
1744 911 1974 980 φεύγον·

395 1028 508 1076 τες,
529 1010 634 1063 ύπό
657 1026 716 1061 τε
747 1007 840 1060 τοῦ
868 1007 1021 1070 ἔθους
1045 1007 1107 1059 οὐ
1142 1004 1284 1060 πάνυ
1311 1023 1391 1059 τοι
1426 1004 1607 1058 αὐτῶν
1643 1003 1974 1072 αἰσθανομέ-

398 1119 541 1166 νους,
559 1101 653 1154 καὶ⁵
686 1099 804 1167 ἅμα
823 1100 1270 1170 ἐρρωμενέστερα
1297 1100 1360 1168 τῇ
1383 1096 1517 1167 πρδς
1547 1095 1743 1158 αὐτοὺς
1773 1096 1971 1167 μελέτῃ

397 1192 468 1244 τὰ
492 1190 716 1260 σώματα
739 1188 1074 1257 κτωμένους.
1132 1188 1288 1242 Μετά
1325 1189 1379 1241 δὲ
1403 1188 1758 1256 γενναιότητα
1790 1188 1973 1258 ἐξῆςίή

398 1281 603 1350 ἀψυχία
634 1279 1025 1351 παραλαϐοῦσα
1049 1281 1216 1349 ἡμᾶς,
1244 1278 1561 1348 ἠσκηκότας
1590 1278 1692 1349 ἤδη
1749 1279 1850 1348 τὴν
1916 1281 1976 1333 ἐν

400 1376 513 1436 τοῖς
534 1373 769 1442 αἱρετοῖς
792 1370 1087 1440 καρτερίαν
1112 1369 1222 1424 τῶν
1258 1369 1552 1439 δυσχερῶν,
1588 1372 1644 1423 ἐν
1707 1365 1788 1433 οἷς
1845 1370 1975 1434 ἴσως

402 1464 579 1519 αὐτῶν
620 1462 796 1527 ἔξεστι
846 1461 941 1514 καὶ
985 1463 1071 1527 ἐφ’
1122 1462 1246 1514 ὅσον
1309 1460 1612 1531 βουλόμεθα
1660 1446 1969 1531 μετασχεῖν,

402 1549 742 1603 παιδεύσειεν
770 1549 836 1602 ἂν
858 1550 949 1601 καὶ
978 1549 1085 1602 τῶν
1110 1548 1385 1603 ἀκουσίων
1420 1550 1528 1603 τῶν
1552 1549 1659 1602 ἀπὶ
1685 1549 1776 1603 τοῦ
1825 1548 1972 1601 θείου

401 1642 640 1710 εὐχερῶς
671 1640 963 1710 ἀνέχεσθαι
988 1657 1002 1673 ο
1033 1642 1254 1711 πρῶτον
1286 1641 1387 1711 μὲν
1417 1643 1596 1695 έκεῖνο
1631 1641 1974 1695 διδάσκουσα

402 1734 475 1795 ὡς
514 1732 669 1784 αὐτοὶ
715 1734 812 1801 μὲν
867 1734 927 1786 οὐ
978 1734 1244 1804 κρεαδίων
1289 1735 1561 1799 θυλάκιον,
1606 1736 1724 1788 οὐδὲ
1781 1735 1973 1805 ξέστης

402 1823 787 1891 αἵματος,-ούδ’
814 1823 942 1877 ἄλλο
971 1824 1212 1878 τοιοῦτον
1239 1826 1415 1893 οὐδὲν,
1444 1826 1582 1879 ἀλλὰ
1618 1827 1784 1897 ψυχαί
1806 1830 1972 1896 ἐσμεν

2086 633 2504 689 labefactentur.
2539 634 2799 690 Modestis
2843 648 3026 692 autem
3056 649 3108 693 et
3164 641 3469 710 generOsis,
3522 657 3653 708 quo-

2090 724 2236 777 niam
2270 741 2364 779 eas
2389 727 2694 795 voluptates
2726 726 3133 798 amplectuntur
3186 748 3306 801 quae
3359 733 3426 785 ad
3489 735 3653 788 \ilam

2085 815 2406 871 necessariae
2457 828 2605 884 sunt,
2667 826 2781 871 tum
2842 819 3047 887 majore
3077 822 3262 891 vigure
3311 833 3641 888 occurrunt,

2084 915 2196 959 tum
2251 907 2387 961 citra
2441 923 2637 961 noxam
2664 923 2903 978 quoque.
2958 910 3021 963 Et
3072 910 3316 964 laborum
3348 914 3560 981 quidem
3592 930 3653 967 ea

2083 998 2296 1052 videtur
2327 1013 2448 1053 esse
2476 1010 2695 1063 natura,
2754 1010 2809 1052 ut
2832 1000 2886 1054 iu
2930 1018 3027 1056 eos
3053 1004 3407 1057 velimuenter
3440 1005 3655 1058 incum-

2085 1090 2235 1155 bant,
2265 1091 2357 1161 qui
2386 1091 2510 1146 illos
2540 1102 2933 1146 arersauturet
2953 1074 3274 1161 ‘volnptates
3312 1110 3654 1164 pel‘SOQUllllr

2084 1190 2193 1246 tur,
2218 1195 2312 1236 eos
2344 1195 2523 1235 autem
2555 1181 2645 1251 qui
2682 1181 2903 1237 labores
2934 1199 3276 1252 nequaquam
3344 1198 3558 1251 curant,
3602 1196 3657 1241 et

2083 1272 2138 1326 in
2196 1272 2275 1328 eis
2298 1275 2610 1341 perdurant,
2640 1274 2816 1342 magis
2846 1273 3075 1343 fugiant,
3110 1290 3231 1329 cum
3262 1276 3331 1330 ob
3360 1288 3658 1333 consuetu-

2084 1364 2265 1418 dinem
2338 1378 2529 1419 carum
2603 1380 2829 1419 sensum
2884 1381 2990 1420 non
3049 1366 3169 1422 fere
3225 1369 3548 1439 percipiant,
3605 1379 3659 1423 et

2083 1454 2247 1508 simul
2273 1454 2438 1509 etiam
2479 1455 2787 1511 robustiora
2822 1456 3060 1511 habeant
3090 1475 3343 1528 corpora,
3408 1476 3473 1513 eo
3512 1460 3655 1530 quod

2084 1546 2287 1599 multos
2337 1544 2555 1600 labores
2613 1547 3018 1603 sustinuerunt.
3056 1552 3187 1604 Post
3232 1553 3653 1619 generositatem

2077 1647 2262 1690 autem
2298 1638 2484 1691 statim
2529 1638 2731 1694 liducia
2768 1656 2876 1715 nos
2906 1643 3154 1711 suscipit,
3183 1644 3516 1698 exercitatos
3540 1643 3653 1713 jam

2084 1729 2370 1784 tolerantia
2422 1746 2627 1797 rerum,
2678 1733 3134 1800 voluntariarum,
3183 1750 3243 1789 ac
3303 1737 3650 1791 molestarum

2088 1820 2229 1890 (quze
2262 1832 2440 1876 tamen
2478 1823 2661 1892 aliquo
2693 1824 2855 1895 modo
2900 1825 2953 1878 itt
2983 1837 3165 1880 nostra
3218 1836 3485 1896 potestate
3530 1840 3659 1883 sunt

401 1913 637 1980 λογικαὶ,
687 1913 1186 1980 ἀθάνατοι,“ούδενὶ
1248 1917 1403 1987 κακῴ
1453 1918 1653 1984 ἔξωθεν
1708 1918 1976 1989 ἀλλοτρίῳ

2084 1924 2140 1964 ιιι
2178 1923 2385 1968 tantum
2418 1916 2711 1970 toleremus
2740 1927 3009 1983 quantum
3045 1919 3193 1985 libet)
3218 1931 3265 1974 et
3290 1936 3445 1989 atque
3474 1924 3657 1976 animo

402 2005 732 2073 ὲκκεὲμενοι,
763 2007 811 2057 εἰ
840 2006 913 2075 μὴ
938 2008 963 2059 ὅ
984 2024 1034 2059 τι
1071 2007 1135 2061 ἂν
1168 2009 1319 2077 ἡμῖν,
1370 2009 1514 2063 κατὰ
1566 2010 1663 2072 τὰς
1704 2010 1977 2080 ἡμετέρας

398 2096 581 2150 αὐτῶν
602 2098 884 2164 δόξας,ᾱά
916 2100 1112 2154 κακίαν
1145 2101 1471 2171 προπριόᾗ,
1517 2103 1588 2155 τὰ
1638 2103 1696 2156 δὲ
1750 2106 1979 2172 σώματα

400 2188 527 2241 τάδε
558 2190 938 2260 περικείμεθα,
975 2191 1062 2259 ἐφ’
1093 2192 1215 2245 ὅσον
1240 2193 1307 2246 ἂν
1352 2192 1484 2255 Θεὸς
1516 2192 1676 2263 διδῴη
1707 2195 1979 2264 χρησόμε-

398 2296 506 2347 νοι,
534 2281 592 2333 ού
618 2282 760 2336 πάνυ
795 2300 877 2335 τοι
917 2284 1229 2354 ἡμετέροις,
1259 2286 1380 2339 οὔτε
1412 2286 1614 2351 αὐτοῖς,
1646 2288 1781 2340 πολύ
1811 2305 1870 2341 τε
1897 2286 1976 2340 ἔτι

399 2366 561 2442 ἦττον
582 2374 693 2436 τοῖς
716 2372 894 2436 ἄλλοις
922 2376 1034 2438 τοῖς
1055 2376 1121 2429 δι’
1151 2377 1292 2432 αύτά
1315 2378 1559 2448 κτήμασί
1605 2395 1664 2432 τε
1696 2383 1791 2433 καὶ
1844 2381 1978 2452 χρή-

404 2480 571 2531 μασιν
595 2480 609 2494 ·
639 2463 837 2519 οὔκουν
869 2466 989 2520 οὐδὲ
1016 2466 1085 2520 τὰ
1116 2469 1247 2537 περὶ
1271 2470 1410 2523 αὐτὰ
1441 2470 1678 2541 δυσχερῆ
1729 2472 1822 2524 ἐπὶ
1875 2472 1976 2542 τὴν

400 2554 578 2623 ψυχὴν
597 2556 679 2609 δεῖ
708 2556 908 2625 ἕλκειν,
937 2557 1047 2611 οὐδ’
1072 2561 1208 2629 ἡμῖν
1241 2560 1431 2623 αὐτοῖς
1480 2561 1815 2629 λογίζεσθαι,
1862 2562 1977 2616 ἀλλ’

399 2645 602 2707 εἰδότας
631 2646 705 2710 ὡς
730 2648 938 2702 τούτων
977 2649 1130 2703 οὐδὲν
1162 2650 1295 2719 πρὶς
1324 2653 1493 2721 ἡμᾶς,
1526 2652 1750 2715 εἰκότως
1784 2654 1979 2721 ὀλιγω-

405 2738 533 2806 ρεῖν.
572 2738 802 2791 Ἔπειτα
824 2742 898 2804 ὡς
923 2741 1096 2806 οὐδεὶς
1128 2744 1217 2796 τον
1276 2744 1401 2814 ἑξῆς
1455 2744 1649 2815 χρόνον
1686 2747 1840 2799 οὐδὲν
1894 2747 1967 2800 ἂν

402 2830 751 2899 προσχωροίη
784 2831 1125 2901 ἀχθομένοις,
1183 2836 1233 2888 εί
1296 2836 1371 2906 μὴ
1426 2836 1521 2889 καὶ
1571 2838 1977 2904 ὲπιταράττοιτ⁹

360 2940 363 2943 ’
405 2920 472 2974 ἂν
503 2919 660 2973 τοῦτο
690 2921 867 2990 ἡμῶν,
909 2916 952 2992 ᾧ
988 2924 1137 2995 μόνῳ
1172 2925 1416 2996 δεήσειεν
1452 2927 1517 2980 ἂν
1550 2928 1976 2997 ὲπανορθοῦντος

404 3014 638 3067 πταίσάν
669 3030 727 3066 τε
758 3014 855 3067 καὶ
881 3017 1195 3080 πεπτωκὸς,
1228 3018 1372 3083 λέγω
1401 3019 1457 3070 δὲ
1512 3018 1575 3072 τὸ
1628 3019 1980 3088 λογιζόμενόν

400 3120 482 3167 τε,
509 3104 609 3157 ικαὶ
635 3105 734 3175 τὴν
768 3107 907 3177 ὑπὲρ
936 3108 1039 3161 τῶν
1066 3109 1365 3179 ἡμετέρων
1416 3110 1635 3164 πάντων
1697 3115 1973 3183 πρόνοιαν,

402 3199 645 3266 πεφυκὸς
670 3199 962 3265 ποιεῖσθαι,
996 3202 1191 3255 εἰδέναι
1217 3218 1274 3255 τε
1310 3202 1425 3272 ἅμα
1452 3203 1536 3257 ὅτι
1568 3203 1745 3258 ταῦτα
1795 3207 1893 3276 μὲν

401 3288 607 3345 ἕκαστα.
658 3293 798 3363 πρὸς
852 3294 949 3347 τοῦ
1009 3292 1181 3348 θείου.
1212 3295 1587 3364 διατέτακται,
1658 3300 1832 3372 ταύτῃ
1887 3304 1982 3355 καὶ

400 3380 633 3449 γίνεται,
665 3383 1012 3439 διατέτακται
1064 3386 1121 3439 δὲ
1176 3388 1315 3457 πρὸς
1368 3388 1462 3442 τοῦ
1508 3389 1722 3458 ἀγαθοῦ
1774 3388 1835 3446 εὖ
1888 3393 1983 3446 καὶ⁷

400 3474 604 3537 καλῶς,
636 3474 730 3528 καὶ
752 3475 850 3527 ούκ
883 3478 1083 3530 ἐνεῖναι
1110 3478 1284 3541 ἄλλως
1314 3480 1510 3543 εἰπεῖν,
1537 3482 1674 3551 ἡμῖν
1700 3488 1757 3535 τέ
1796 3485 1985 3548 αὐτοῖς

402 3565 810 3634 συμφερόντως,
846 3566 978 3626 ἴσως
1000 3566 1103 3634 μὲν
1134 3568 1231 3621 καὶ
1257 3569 1375 3621 κατ’
1414 3570 1574 3624 ἄλλον
1600 3572 1664 3643 δή
1697 3590 1817 3626 τινα
1854 3576 1986 3642 ἡμῖν

400 3656 558 3724 λόγον
577 3658 910 3727 ἀπόρρητον,
938 3657 1036 3727 οὐχ
1078 3653 1242 3729 ἦττον
1278 3660 1334 3713 δὲ
1369 3644 1460 3713 καὶ
1488 3662 1614 3733 τῇδε
1650 3680 1665 3694 ·
1717 3682 1826 3718 ειεν
1877 3668 1986 3736 γὰρ

402 3749 468 3802 ἄν
493 3765 595 3800 που
627 3749 695 3800 τά
717 3748 963 3810 τοιαῦτα,
994 3752 1108 3812 τοῖς
1139 3751 1237 3818 μὲν
1278 3751 1438 3820 ἡμῶν
1472 3755 1712 3807 παιδεῖαι
1776 3773 1835 3809 τε
1890 3760 1985 3811 καὶ

403 3838 655 3901 κολάσεις
684 3837 777 3890 ἐπὶ
810 3841 876 3909 τῇ
905 3838 999 3907 τῆς
1032 3839 1234 3902 κακίας
1288 3839 1556 3912 θεραπεία
1618 3860 1678 3895 τε
1734 3846 1831 3898 καὶ
1890 3847 1984 3899 τοῦ

407 3928 522 3997 βίου
548 3929 945 4000 ἐπανορθώσει,
974 3933 1094 3993 ταῖς
1143 3931 1441 4000 ἡμετέραις
1498 3932 1721 4003 ψυχαῖς,
1765 3931 1985 4006 οἷόνπερ

404 4023 747 4090 φαρμακεῖαι
782 4022 997 4074 νοσοῦσι
1033 4022 1303 4092 σώμασιν,
1359 4026 1417 4075 ὲν
1444 4024 1742 4096 ἀλλοτρίοις
1790 4027 1984 4092 δεινοῖς

404 4113 853 4182 ὲπιπεμπόμεναι
891 4128 907 4144 ⁸
973 4117 1087 4177 τοῖς
1160 4115 1220 4169 δὲ
1290 4112 1444 4170 ἆθλοί
1510 4135 1571 4172 τε
1636 4122 1730 4174 καὶ
1802 4124 1986 4191 πεῖραι

402 4203 817 4275 λαμπροτέρους
841 4206 1205 4274 ἀποφαίνουσι
1241 4211 1336 4261 καὶ
1385 4209 1822 4281 ἀνδρικωτέρους
1870 4217 1982 4278 τοῖς

402 4296 631 4361 ἀγῶσιν,
662 4291 883 4366 οἷόνπερ
914 4298 1273 4365 σωμασκοῦσι
1299 4301 1602 4370 γυμνάσια.
1635 4302 1844 4357 Οὔκουν
1873 4306 1985 4358 δεῖν

404 4387 524 4438 κατ’
588 4386 871 4456 οὐδέτερον
927 4387 1036 4438 τῶν
1096 4390 1314 4458 τρόπων
1378 4392 1472 4443 ἐπὶ
1538 4390 1650 4453 τοῖς
1719 4393 1985 4457 τοιούτοις

403 4478 730 4546 ἀγανακτεῖν
764 4494 776 4507 ·
812 4477 925 4531 ἀλλ’
956 4479 1022 4550 ἢν
1062 4483 1253 4550 ἐκείνῳ
1280 4482 1358 4551 τῷ
1389 4483 1580 4551 ἀληθεῖ
1615 4483 1758 4554 λόγῳ
1784 4484 1983 4540 ἐθέλοι-

2076 2004 2224 2058 Ῑειτο
2259 2021 2357 2059 nos
2379 2006 2531 2071 jubet
2563 2023 2624 2061 ea
2654 2009 2819 2063 etiam
2854 2026 2976 2078 quae
3001 2011 3310 2066 voluntaria
3343 2030 3449 2066 non
3505 2025 3654 2076 sunt,

2081 2113 2310 2167 qumque
2342 2098 2603 2154 divinitus
2666 2100 2944 2156 accidunt.
2975 2104 3053 2155 Ac
3078 2104 3314 2171 primum
3370 2105 3501 2159 illud
3532 2107 3656 2175 qui-

2082 2188 2204 2242 dem
2259 2188 2435 2251 docet.
2504 2206 2604 2246 nos
2667 2208 2772 2245 non
2820 2194 3234 2247 caruncularum
3286 2211 3528 2259 saccum,
3559 2210 3660 2249 nec

2080 2281 2365 2350 sanguinis
2392 2284 2711 2349 sextarium,
2748 2295 2846 2337 aut
2879 2286 3174 2354 quidquam
3207 2288 3349 2341 aliud
3386 2287 3435 2341 id
3464 2304 3656 2357 genus,

2080 2388 2266 2426 verum
2299 2374 2510 2428 animos
2551 2390 2669 2429 esse
2723 2377 2933 2429 ratione
2971 2378 3254 2445 perditos,
3308 2379 3644 2433 immortales

2076 2464 2213 2517 nulli
2239 2465 2381 2518 malo
2405 2475 2631 2521 externo
2652 2477 2712 2521 et
2744 2467 2923 2522 alieno
2972 2469 3270 2538 expositos,
3296 2488 3360 2525 eo
3392 2472 3657 2525 duntaxat

2080 2566 2330 2625 excepto,
2375 2557 2517 2626 quod
2583 2558 2744 2614 nobis
2823 2568 2985 2628 atque
3040 2560 3397 2629 Opinionibus
3452 2566 3657 2620 "Osiris

2077 2657 2301 2717 propter
2325 2647 2728 2715 improbitatem
2759 2649 3106 2716 adlisa-escit,
3139 2652 3460 2721 corporibus
3500 2654 3658 2709 deni-

2085 2753 2193 2807 que
2230 2738 2316 2792 liis
2342 2754 2443 2793 nos
2473 2740 2845 2803 circumdatos
2898 2755 3019 2794 esse
3042 2743 3404 2810 demonstrat,
3461 2747 3661 2816 quibus

2081 2829 2226 2897 quod
2273 2829 2417 2883 Deus
2446 2830 2604 2885 nobis
2642 2833 2996 2899 concesserit,
3055 2842 3293 2900 utamur,
3327 2841 3417 2890 sed
3445 2854 3510 2891 ne
3542 2840 3657 2907 ipsa

2083 2919 2300 2988 quidem
2327 2936 2554 2988 prorsus
2588 2933 2769 2976 nostra
2791 2938 2932 2986 esse,
2972 2929 3140 2979 multo
3175 2942 3303 2979 vero
3342 2928 3523 2983 tttittus
3554 2946 3661 2983 ete-

2084 3022 2228 3066 teras
2263 3027 2346 3066 rcs
2395 3023 2449 3067 et
2481 3015 2763 3081 pecunias,
2794 3031 2912 3083 qua}
2942 3017 3265 3085 corporibus
3289 3020 3662 3076 subserriunt.

2082 3102 2319 3157 Proinde
2350 3120 2537 3157 eurum
2570 3121 2746 3158 rerum
2786 3107 3062 3161 molestias
3119 3125 3226 3162 non
3287 3126 3408 3165 esse
3438 3112 3504 3166 ad
3547 3114 3661 3167 ani-

2086 3212 2234 3250 mum
2287 3198 2701 3266 pertraliendas,
2758 3214 2933 3268 neque
2979 3201 3403 3256 existimandum
3467 3220 3562 3261 eas
3593 3208 3660 3261 ad

2090 3303 2189 3342 nos
2218 3290 2514 3358 pertinere.
2576 3290 2711 3345 Cum
2743 3289 2904 3360 igitur
2936 3308 3020 3346 res
3046 3293 3163 3346 illas
3191 3295 3321 3348 nihil
3347 3298 3412 3351 ad
3446 3313 3544 3352 nos
3581 3312 3661 3355 at-

2090 3379 2264 3432 tinere
2312 3380 2572 3446 sciamus,
2616 3383 2888 3451 negligere
2918 3399 3012 3437 eas
3043 3400 3259 3452 aequum
3293 3403 3433 3455 esse,
3467 3390 3663 3448 deinde

2086 3482 2152 3522 ac
2183 3469 2237 3522 in
2273 3469 2542 3540 reliquum
2574 3472 2792 3540 quidem
2830 3482 3042 3542 tempus
3096 3476 3390 3545 quidquam
3436 3495 3535 3535 nos
3584 3485 3668 3536 tuo

2086 3558 2409 3615 erilacturos
2457 3562 2711 3625 dolendo,
2772 3564 2874 3618 nisi
2925 3566 2977 3619 id
3022 3570 3166 3635 quod
3192 3583 3253 3622 ea
3300 3570 3465 3623 etiam
3487 3577 3659 3627 nostri

2088 3661 2213 3715 pars
2247 3649 2616 3716 perturbetur,
2647 3665 2750 3719 qua
2784 3652 2899 3705 sola
2952 3653 3229 3723 corrigere
3286 3669 3580 3723 possumus
3611 3660 3662 3711 id

2086 3736 2141 3789 in
2196 3737 2343 3807 quod
2401 3739 2721 3810 impegimus
2780 3750 2943 3812 atque
2965 3744 3288 3810 cecidimus,
3322 3760 3385 3800 ea
3411 3749 3660 3802 videlicet

2088 3840 2209 3894 qua:
2238 3826 2615 3891 ratiocinator,
2650 3841 2698 3884 et
2732 3830 2893 3899 cujus
2928 3846 2991 3886 ea
3024 3842 3105 3887 est
3130 3844 3343 3901 natura,
3380 3845 3439 3890 ut
3496 3841 3662 3895 rebus

2054 3948 2059 3953 -
2090 3918 2291 3973 nostris
2328 3919 2580 3974 euntibus
2608 3922 2879 3986 consulat,
2919 3938 3082 3978 nosse
3115 3923 3348 3997 denique
3376 3938 3655 3998 Oportere,

2088 4011 2301 4078 singula
2340 4020 2503 4081 prout
2531 4014 2827 4069 constituta
2881 4015 3008 4081 sint,
3049 4016 3120 4070 ita
3155 4018 3317 4072 etiam
3350 4019 3489 4085 ﬁeri,
3522 4022 3660 4077 bene

2086 4111 2265 4157 autem
2315 4112 2367 4157 et
2399 4104 2657 4172 praeclare
2703 4117 2866 4173 atque
2910 4105 2963 4159 in
3019 4121 3131 4160 rem
3194 4118 3436 4163 nostram
3462 4111 3667 4181 (neque

2086 4194 2230 4248 enim
2258 4194 2415 4249 aliter
2438 4196 2615 4249 dicere
2650 4195 2734 4251 fis
2766 4197 2871 4266 est)
2911 4198 3203 4254 constituta
3233 4215 3355 4255 esse
3380 4216 3411 4255 a
3441 4218 3662 4258 smmno

2087 4284 2251 4351 bono,
2300 4301 2364 4340 ac
2395 4285 2626 4341 fortasse
2654 4296 2708 4341 et
2759 4290 2920 4342 abam
2948 4302 3169 4360 quoque
3225 4306 3444 4349 causam
3507 4297 3664 4352 nobis

2088 4377 2353 4449 ignotam,
2382 4392 2491 4431 non
2520 4377 2705 4433 minus
2737 4387 2915 4433 tamen
2942 4380 3108 4434 etiam
3140 4395 3203 4436 ae
3253 4386 3485 4452 ratione,
3514 4390 3660 4457 quod

2091 4469 2252 4525 nobis
2289 4484 2413 4523 esse
2438 4478 2673 4538 possunt
2700 4469 3004 4540 disciplina:
3033 4480 3089 4525 et
3128 4474 3513 4544 castigationes
3537 4479 3660 4533 des.

406 4586 503 4637 μεν
530 4568 775 4633 ἕπεσθαι,
811 4572 902 4621 καὶ
925 4570 1140 4640 χαίρειν
1165 4571 1597 4640 ὠφελουμένους,
1629 4574 1704 4639 ὡς
1727 4577 1786 4628 τὸ
1812 4577 1976 4643 εἰκὸς,

2094 4563 2278 4616 ιίιιοιω
2309 4562 2377 4617 ad
2415 4562 2779 4628 curationem,
2810 4565 3070 4618 vitiorum
3128 4576 3184 4621 et
3210 4568 3332 4623 vita:
3369 4572 3665 4627 correctio-

401 4659 478 4727 τῷ
511 4677 567 4712 τε
596 4660 735 4729 θεῷ,
778 4662 851 4730 μὴ
885 4661 964 4714 ὅτι
1008 4663 1117 4715 τῶν
1165 4679 1228 4731 γε
1286 4664 1462 4718 ἄλλων
1515 4667 1678 4719 ἕνεκα
1731 4668 1977 4735 ἀγαθῶν,

402 4751 536 4804 ἀλλά
555 4752 648 4805 καὶ
668 4752 847 4807 αὐτῶν
868 4753 1076 4806 τούτων
1102 4754 1267 4824 χάριν
1302 4756 1666 4824 προσειδέναι.
1722 4759 1877 4812 Μετὰ
1924 4760 1981 4813 δὲ

402 4842 597 4912 ἡδονὰς
654 4845 746 4896 κα)⁵
800 4844 997 4906 πόνους
1049 4844 1358 4915 ὀψιαίτερον
1411 4847 1533 4916 μὲν,
1589 4847 1889 4919 βιαιότερον
1935 4850 1981 4903 δ’

402 4936 532 4995 ἴσως
555 4935 912 5004 τυραννοῦσιν
942 4936 1098 5004 ἡμῶν
1116 4939 1269 5001 δόξαι
1298 4954 1357 4989 τε
1386 4941 1479 4991 καὶ
1514 4940 1743 5007 ἀδοξίαι,
1771 4941 1981 5011 ἀνθρω-

400 5026 678 5096 πινώτεροι
712 5027 835 5097 ἤδη,
887 5030 979 5079 καὶ
1043 5028 1103 5081 οὐ
1157 5027 1397 5099 θηριώδη
1439 5029 1765 5099 παθήματα,
1816 5031 1981 5085 Οὐδὲν

403 5117 585 5188 μέντοι
608 5110 769 5188 ἦττον
802 5119 898 5169 καλ⁸
933 5118 1060 5188 περὶ
1105 5117 1242 5170 αὐτὰ
1279 5119 1593 5186 ἐπιμελείας
1622 5120 1791 5173 δεῖται
1823 5121 1982 5189 ὴμῶν

400 5211 596 5280 τινοςὴ
635 5207 902 5279 ψυχὴ,ὠς
928 5210 1157 5271 δεόντως
1216 5226 1298 5273 τε,
1365 5210 1461 5263 καὶ
1516 5212 1616 5263 οὐκ
1669 5213 1790 5282 εἰκῇ
1846 5213 1980 5281 πριις

400 5302 539 5356 αὖτά
565 5301 942 5370 προσφέροιτο.
980 5301 1053 5353 Ἤ
1109 5317 1169 5353 τε
1228 5306 1517 5371 μετριότης
1568 5304 1626 5354 ὲν
1676 5303 1878 5369 αὐτοῖς,
1922 5302 1983 5355 τὸ

400 5390 607 5460 πρέπον
636 5406 697 5442 τε
731 5390 824 5442 καὶ¹
852 5390 1119 5459 ἁρμόττον
1148 5390 1397 5455 σώζουσα
1426 5392 1679 5456 ἑκάστοις
1711 5395 1979 5460 παιδεύει,

399 5481 616 5552 πρῶτον
658 5481 757 5552 μὲν
786 5480 887 5548 τῆς
911 5482 1068 5547 ἀξίας
1098 5483 1172 5546 ὡς
1209 5484 1447 5553 μάλιστα
1499 5486 1731 5548 ἑαυτοὺς
1787 5488 1978 5556 τιμᾷν,

399 5575 511 5628 τῶν
544 5574 642 5642 μὲν
696 5572 969 5627 ταπεινῶν
1026 5590 1086 5626 τε
1151 5576 1246 5627 καὶ
1296 5577 1457 5646 ἡμῶν
1516 5577 1696 5629 αὐτῶν
1742 5577 1981 5642 ἀναξίων

399 5664 899 5737 ὑπερφρονοῦντας,
937 5665 1006 5718 τὰ
1039 5665 1095 5717 δὲ
1150 5667 1323 5736 μείζω
1383 5669 1416 5739 ἢ
1475 5669 1617 5727 κατά
1666 5667 1764 5739 τὴν
1824 5669 1981 5734 ἀξίαν

396 5755 911 5825 διευλαϐουμένους’
963 5756 1155 5812 ἔπειτα
1212 5759 1305 5812 καὶ
1353 5759 1453 5829 τῆς
1509 5760 1609 5830 μὲν
1670 5760 1822 5830 παρά
1869 5762 1977 5816 τῶν

396 5847 580 5904 καλῶν
609 5845 889 5917 κάγαθῶν,
923 5848 1016 5900 καὶ
1036 5848 1127 5900 ἐπὶ
1157 5851 1269 5913 τοῖς
1299 5852 1481 5916 καλοῖς
1504 5851 1684 5923 δόξης,
1724 5850 1799 5922 μὴ
1830 5853 1973 5908 πάνυ

711 5940 989 6004 Ριτιιοι.
1040 5941 1157 6004 Gn.
1206 5943 1345 6007 CLX

2086 4670 2233 4720 nem,
2270 4669 2391 4723 quae
2423 4665 2679 4726 tanquam
2719 4657 3116 4714 medicamenta
3146 4663 3472 4733 corporibus
3490 4680 3659 4735 :rgro-

2086 4746 2327 4802 tautibus
2382 4748 2586 4802 animis
2643 4750 2849 4804 nostris
2899 4766 2996 4812 pro
3046 4752 3223 4808 alieno
3280 4756 3523 4825 periculo
3552 4758 3665 4813 sint

2085 4837 2359 4905 innuissa,
2389 4841 2511 4895 aliis
2540 4857 2670 4896 vero
2699 4851 2946 4897 nostrum
2984 4859 3108 4901 esse
3158 4846 3322 4903 veluti
3357 4852 3655 4906 certamina

2085 4940 2139 4983 et
2161 4930 2542 4995 oscitationes,
2578 4948 2700 5001 quae
2726 4948 2849 4987 cum
2875 4933 3201 4991 illustriores
3232 4945 3346 4992 tum
3401 4939 3658 4996 fortiores

2084 5034 2301 5087 quoque
2330 5020 2560 5073 reddunt
2585 5034 2681 5075 eos
2704 5022 2798 5089 qui
2848 5036 3077 5091 corpora
3115 5026 3182 5076 ad
3213 5023 3367 5079 ludos
3386 5037 3664 5087 exercent.

2084 5107 2241 5163 Nulla
2298 5110 2462 5179 igitur
2516 5113 2729 5166 ratione
2774 5112 2962 5182 iniquo
2993 5114 3177 5169 animo
3230 5116 3509 5173 referenda
3541 5135 3666 5176 esse

2087 5202 2220 5268 haec,
2252 5202 2345 5257 sed
2378 5203 2668 5257 ltetandum
2694 5205 2896 5272 potius,
2928 5205 2975 5260 si
3000 5219 3182 5260 veram
3202 5207 3348 5262 illam
3369 5211 3662 5282 rationem,

2086 5306 2141 5348 ut
2171 5310 2265 5363 par
2294 5303 2396 5360 est,
2427 5297 2578 5365 sequi
2614 5296 2868 5360 velimus,
2918 5306 2973 5352 et
3005 5296 3115 5352 Deo
3144 5315 3253 5353 non
3286 5311 3507 5371 propter
3556 5321 3661 5360 ca:-

2086 5397 2197 5441 tera
2226 5398 2433 5442 tantum
2462 5388 2630 5454 bona,
2649 5389 2744 5444 sed
2762 5398 2817 5443 et
2843 5391 2916 5444 ol.
2935 5390 3051 5446 llaec
3077 5391 3195 5461 ipsa
3221 5393 3524 5451 habendam
3541 5413 3664 5454 esse

2084 5480 2339 5547 gratiam.
2366 5479 2497 5534 Post
2518 5482 2821 5550 voluptates
2842 5491 3024 5536 autem
3052 5492 3106 5536 et
3137 5482 3348 5540 labores
3375 5495 3433 5541 ut
3458 5489 3662 5558 serius,

2082 5570 2157 5624 ita
2186 5569 2422 5626 fortasse
2445 5571 2736 5626 violentius
2770 5574 2820 5625 in
2851 5589 2952 5628 nos
2985 5584 3325 5643 grassantur,
3386 5577 3556 5648 gloria
3609 5592 3667 5637 et

2083 5662 2403 5732 ignominia.
2450 5678 2610 5733 .quaa
2664 5664 2979 5721 all'eetioues
3032 5670 3249 5723 tametsi
3311 5669 3667 5729 humaniores

2084 5765 2237 5819 sunt,
2260 5764 2315 5809 et
2339 5769 2448 5809 non
2475 5755 2708 5821 feroces,
2742 5757 3104 5813 nihilominus
3137 5768 3316 5813 tamen
3341 5762 3393 5815 in
3423 5762 3487 5818 iis
3503 5765 3669 5820 etiam

2084 5860 2271 5902 curam
2297 5846 2587 5918 quamdam
2625 5847 2857 5919 requirit
2911 5849 3131 5907 animus
3159 5860 3375 5918 noster,
3450 5865 3507 5910 ut
3540 5873 3665 5913 cum

3195 5946 3269 6006 28
