4078 6404
474 405 582 471 875

1664 402 1998 470 GEORGII
2038 404 2475 470 PLETHONIS

3622 413 3728 478 876

482 523 564 577 eis
609 519 683 574 ita
741 526 799 572 ut
831 525 1061 588 oportet.
1091 531 1153 572 ac
1188 526 1294 571 n0n
1327 524 1531 571 tumere
1555 517 1966 587 congredlatur.
1996 517 2057 572 ln

2159 537 2242 574 τοι
2271 521 2518 590 ἀμελεῖν,
2543 522 2607 592 τῇ
2642 519 2698 574 δὲ
2735 520 2842 576 τῶν
2877 521 3096 592 φαύλων
3127 539 3185 576 τε
3217 522 3310 577 καὶ
3343 523 3615 594 ἀφρόνων,
3646 530 3738 581 καὶ

475 613 544 666 iis
573 619 753 666 autem
781 610 1082 666 moderatio
1117 608 1422 664 versabitur
1443 623 1560 676 qua:
1587 617 1766 663 tuetur
1792 608 2054 665 decorum

473 714 528 760 et
567 704 616 758 id
642 703 787 773 quod
818 703 1075 758 convenit
1098 701 1352 771 singulis.
1389 699 1556 756 Docet
1585 702 1733 757 enim
1791 702 2052 771 primum,

475 806 534 849 nt
559 811 658 866 pro
686 796 952 867 dignitate
1016 810 1118 850 nos
1145 795 1293 864 ipsos
1323 809 1484 864 quam
1539 795 1772 850 maxime
1825 796 2056 849 honore—

476 903 622 953 mus,
657 896 768 940 tum
805 885 1030 940 humilia
1074 893 1128 940 et
1167 901 1231 940 ea
1283 901 1404 955 qua:
1436 883 1852 951 inleriorasnnt,
1881 884 2059 938 excel-

478 978 642 1032 lentia
674 986 860 1031 nostra
899 977 1269 1046 despicienda.
1307 982 1419 1030 tu.n‘
1451 991 1515 1031 ea
1579 989 1702 1046 quae
1735 977 2055 1046 dignitatem

476 1079 720 1124 nostram
746 1079 1003 1138 superant
1031 1069 1457 1133 rel'ormidando,
1489 1076 1602 1122 tum
1644 1068 1919 1121 bonorum
1958 1065 2059 1120 ho-

481 1162 689 1215 minum
722 1161 1180 1215 existimationem
1228 1160 1294 1215 tle
1343 1161 1517 1226 nobis,
1570 1159 1735 1213 rebus
1787 1157 2053 1219 honestis,

479 1253 847 1317 conciliatum,
887 1267 994 1305 non
1036 1252 1260 1307 omnino
1301 1250 1804 1321 negligendoytum
1854 1249 2056 1318 impro-

481 1348 676 1400 borum
723 1355 776 1399 et
825 1343 1194 1413 insipientium
1241 1345 1446 1398 nullam
1499 1343 1750 1398 habendo
1788 1343 2054 1398 rationem

478 1437 770 1508 opinionis,
799 1452 930 1506 quae
949 1437 1111 1492 rebus
1142 1436 1468 1506 quibusdam
1499 1437 1707 1491 frivolis
1729 1445 1782 1490 et
1803 1436 2058 1490 inanibus

482 1531 775 1585 excitatur.
803 1529 1072 1598 Deinceps
1105 1538 1282 1582 autem
1311 1528 1606 1583 liberalitas
1640 1527 1851 1581 facilius
1878 1527 1980 1580 erit
2002 1527 2055 1580 in

479 1637 565 1686 co,
595 1621 686 1690 qui
723 1621 776 1674 in
809 1619 894 1673 bis
929 1619 1221 1673 virtutibus
1250 1618 1409 1672 fuerit
1429 1617 1779 1672 exercitatus.
1807 1614 2058 1670 Pecuniae

479 1713 680 1768 etenim
737 1710 932 1780 partim
965 1710 1030 1764 ad
1065 1709 1334 1779 parandas
1357 1709 1684 1779 voluptates,
1732 1709 1930 1778 partim
1976 1705 2051 1760 ad

478 1801 760 1856 molestias
815 1799 1199 1864 declinandas,
1234 1801 1430 1868 partim
1471 1798 1542 1853 ob
1579 1795 2060 1868 gloriae-cupidita-

2162 611 2255 664 ἐπὶ
2302 613 2477 675 κενοῖς
2507 629 2669 677 τισιν,
2718 612 2836 666 οὐδὲ
2887 617 3175 686 προσέχειν
3221 616 3313 669 τὸν
3375 615 3519 670 νοῦν.
3579 617 3736 687 Ἑξῆς

2160 702 2206 756 δ’
2238 703 2615 774 ἐλευθεριότης
2650 705 2781 775 ῥᾷον
2814 703 2914 775 ᾔδη
2968 704 3258 773 ἑγγίγνοιτ’
3311 704 3379 758 ἀν
3421 705 3499 775 τῷ
3540 706 3736 771 ταύτας

2162 795 2430 866 ὴσκηκότι
2487 796 2588 860 τὰς
2649 797 2871 867 ἀρετάς.
2917 787 3193 867 Χρήματα
3237 799 3344 868 γὰρ
3387 798 3454 850 τὰ
3501 798 3602 868 μὶν
3645 799 3736 852 ἐπὶ

2161 884 2368 955 ἡδονῶν
2391 885 2672 956 πορισμῷ,
2707 887 2772 940 τὰ
2808 886 2852 939 δ’
2885 887 2981 939 ἐπὶ
3011 886 3198 940 λυπῶν
3227 888 3535 957 ἀποτροπῇ,
3571 886 3639 941 τὰ
3681 888 3735 942 δὲ

2161 975 2250 1030 διά
2283 975 2438 1043 δόξαν
2465 978 2587 1030 τινὰ
2640 977 3027 1043 σπουδάζεται.
3092 977 3153 1031 '0
3190 976 3245 1030 δὲ
3301 979 3506 1030 τούτων
3569 978 3735 1032 πολλὰ

2165 1067 2554 1138 μεμελετηκὼς
2601 1068 2888 1141 ὀλιγωρεῖν
2931 1063 3096 1140 ἧττον
3157 1069 3224 1122 ἀν
3275 1069 3369 1122 καὶ
3431 1074 3728 1139 χρημάτων

2152 1155 2356 1221 δέοιτο,
2381 1157 2489 1210 ἀπὸ
2533 1158 2634 1222 μὲν
2681 1160 2789 1213 τῶν
2832 1158 3296 1231 εὐποριστοτὲρων
3351 1159 3420 1213 τά
3458 1160 3727 1227 ἀναγκαῖα

2151 1245 2240 1314 τῷ
2273 1245 2372 1315 βίῳ
2402 1247 2848 1314 ἀποδιδοὺς,-ξὺν
2880 1248 3125 1319 εὐτελείᾳ
3153 1249 3210 1302 st
3238 1250 3302 1302 εκ
3350 1247 3460 1302 τῶν
3511 1249 3734 1302 ἐνόντων

2163 1329 2490 1398 φιλοκαλῶν.
2523 1333 2827 1405 Καίταύτῃ
2851 1335 3012 1388 τοιτό
3067 1337 3286 1400 ἐν”εαῖς
3344 1335 3502 1401 ὕλαις
3543 1335 3735 1400 κάλλος

2165 1420 2425 1490 ξυγγενές
2447 1441 2522 1495 πη
2555 1423 2616 1476 δν
2642 1426 3137 1496 προσαιρούμενος,
3171 1426 3274 1480 καὶ
3307 1427 3406 1480 οὐκ
3466 1428 3732 1495 ἀπαξιῶν,

2162 1515 2348 1579 δεδιώς
2371 1533 2432 1583 γε
2462 1517 2568 1587 μὴν
2621 1519 2694 1588 μὴ
2742 1517 2913 1588 μείζω
2966 1522 3067 1589 τῆς
3119 1517 3276 1583 ἀξίας
3335 1518 3572 1587 σπουδὴν
3606 1520 3734 1588 περὶ

2164 1607 2296 1659 αὐτὸ
2326 1607 2673 1678 ποιούμενος,
2729 1609 2868 1681 λάθῃ
2898 1609 2957 1661 τὸ
3003 1610 3203 1662 οίκεῖον
3244 1609 3312 1663 τὸ
3361 1611 3421 1662 ὲν
3474 1612 3539 1679 τῇ
3590 1607 3734 1679 ψυχῇ

2163 1697 2490 1767 ἀτιεμότερόν
2523 1717 2580 1754 τε
2611 1702 2706 1754 καλ⁸
2736 1701 3076 1771 φαυλότερον
3106 1701 3444 1768 ἀποφαίνων.
3473 1702 3583 1754 Καὶ
3635 1701 3735 1768 μὲν

2163 1788 2226 1857 δὴ
2259 1792 2354 1842 καὶ
2377 1793 2410 1860 ἡ
2441 1793 2682 1861 πραότης
2723 1792 2817 1845 ἐπὶ
2849 1792 3061 1854 τούτοις
3099 1793 3373 1862 νάρμόττοι
3427 1792 3493 1845 ἂν
3543 1791 3735 1857 μετελ-

491 1906 596 1948 tcm
626 1902 956 1962 expetuntur
989 1907 1004 1958 ;
1030 1891 1120 1961 qui
1149 1905 1276 1945 vero
1310 1899 1409 1943 sun
1428 1905 1522 1944 ma
1553 1888 1820 1944 industria
1852 1887 1918 1942 ad
1943 1889 2057 1942 hac

2163 1880 2276 1935 θεῖν
2310 1883 2858 1954 προσμεμαθηκόσιν,
2889 1883 2965 1946 ὡς
2996 1884 3153 1954 ἡμῶν
3215 1884 3314 1953 μὲν
3351 1883 3544 1936 αὐτῶν
3583 1884 3737 1936 αὐτοὶ

485 1987 802 2056 negligenda
839 1999 898 2039 se
920 1984 1394 2048 eaercuit,~minus
1447 1982 1616 2037 etiam
1664 1981 1922 2052 pecunias
1974 1993 2060 2034 re-

480 2079 681 2147 quiret,
725 2091 852 2130 cum
897 2076 1208 2129 necessaria
1243 2073 1448 2127 \‘itawlc
1475 2073 1542 2126 iis
1581 2072 1910 2142 suppeditet,
1939 2085 2061 2140 qnte

484 2167 851 2239 probabiliora
897 2174 1048 2231 sunt,
1115 2173 1170 2218 et
1232 2162 1613 2215 liberalitatem
1684 2161 1804 2216 sine
1855 2173 2058 2230 inagno

482 2269 700 2328 sumptu
727 2265 977 2309 exerceat
1009 2270 1106 2322 pro
1144 2253 1497 2308 lacnltatibus
1541 2252 1684 2317 suis,
1721 2260 1776 2307 et
1809 2253 1913 2307 hac
1936 2253 2061 2322 qni-

479 2352 602 2405 dem
633 2351 684 2403 in
715 2359 866 2419 parte
892 2347 1136 2401 materiae
1181 2346 1677 2414 pulchritudinem,
1738 2361 1865 2417 quae
1922 2361 2061 2417 qno-

477 2443 770 2499 dammodo
804 2449 1034 2510 cognata
1093 2447 1199 2502 est,
1244 2438 1478 2493 ascisrat
1538 2445 1595 2492 et
1640 2451 1746 2492 non
1809 2451 2064 2508 asperne-

477 2547 588 2596 tur,
613 2533 709 2588 sed
744 2543 922 2585 tamen
959 2539 1187 2591 metuat,
1223 2543 1311 2594 ne,
1360 2528 1421 2582 "si
1446 2528 1566 2598 eius
1610 2525 2063 2597 pulchritudinis

479 2623 780 2679 studiosior
833 2621 903 2676 sit
937 2635 1096 2690 qnam
1135 2620 1344 2683 deceat,
1374 2618 1697 2689 elegantiam
1726 2617 1868 2673 forte
1897 2633 2052 2673 suam

479 2730 601 2786 qua:
621 2715 671 2768 in
697 2713 880 2767 animo
901 2712 1064 2777 inest,
1082 2699 1262 2765 minus
1279 2711 1471 2766 reddat
1495 2710 1814 2764 honoratam
1838 2721 1891 2765 et
1907 2709 2064 2764 vilio-

480 2821 616 2859 rem.
642 2804 950 2868 Quinetiam
977 2801 1172 2856 lenitas
1203 2809 1324 2869 post
1347 2801 1444 2854 bas
1471 2799 1710 2854 virtutes
1725 2798 2064 2853 convenien-

480 2897 876 2950 lcmsortietur
915 2895 1118 2960 locum,
1155 2893 1258 2946 hac
1307 2890 1622 2960 cognitione
1671 2889 1953 2959 adjuncta,
2003 2890 2058 2944 in

383 2987 386 2992 ’
480 2997 666 3041 nostra
690 3001 810 3041 esse
857 2993 1124 3054 potestate
1157 2998 1254 3036 nos
1295 2981 1466 3051 ipsos,
1494 2991 1550 3036 ut
1601 2981 2058 3036 administramus

486 3094 575 3132 res
619 3089 835 3131 nostras
887 3090 985 3144 pro
1031 3074 1386 3143 Opinionibus
1426 3081 1481 3127 et
1499 3073 1691 3128 «insitis
1713 3081 1767 3126 et
1788 3071 2059 3128 exsistere

483 3173 686 3236 solitis,
709 3171 918 3225 alienos
942 3180 1122 3224 autem
1152 3170 1366 3223 animt-8
1402 3183 1507 3222 non
1535 3169 1697 3238 plane
1733 3166 1931 3222 habere
1957 3179 2086 3234 nos,

479 3265 536 3320 in
583 3273 891 3333 potestate,
954 3277 1143 3316 verum
1177 3261 1344 3315 etiam
1380 3260 1489 3314 illis
1539 3272 1764 3314 necesse
1819 3272 1940 3312 esse
2004 3259 2056 3312 id

486 3356 667 3426 sequi,
716 3357 863 3425 quod
897 3353 1031 3424 ipsis
1047 3353 1316 3422 optimum
1355 3351 1623 3416 videatur,
1643 3365 1818 3419 neque
1843 3349 1949 3403 ulla
1972 3364 2060 3403 ra-

482 3446 631 3500 tione
659 3445 772 3498 lieri
800 3457 960 3512 posse
993 3443 1202 3513 utquid
1231 3441 1376 3495 aliud
1399 3449 1587 3512 agant,
1608 3449 1974 3511 praeterquam
2005 3441 2058 3494 id

481 3535 626 3604 quod
654 3535 855 3588 bonum
917 3531 1256 3586 existiment.
1290 3529 1400 3584 Aut
1449 3530 1618 3600 igitur
1670 3529 1777 3585 illis
1835 3543 1865 3584 a
1894 3529 2053 3584 nobis

479 3643 600 3684 esse
623 3623 1109 3682 demonstrandum
1141 3638 1172 3678 e
1205 3637 1262 3678 re
1290 3623 1532 3690 ipsorum
1566 3635 1674 3676 non
1702 3619 1885 3676 minus
1916 3621 2056 3686 fore,

492 3722 536 3775 si
597 3718 929 3773 sententiam
954 3724 1199 3770 nostram
1223 3714 1653 3781 amplectantur,
1690 3723 1785 3767 aut
1815 3712 2058 3782 qnandin

489 3813 538 3865 id
575 3821 838 3882 pra-stare
876 3821 1238 3877 nequeamus,
1283 3805 1857 3876 nosmetipsosmagis
1886 3819 2054 3880 quam

481 3904 605 3958 illos
631 3917 694 3958 ea
725 3902 792 3955 de
824 3914 988 3956 causa
1019 3913 1141 3954 esse
1169 3897 1542 3963 accusandos,
1603 3911 1669 3952 eo
1719 3895 1872 3966 quod
1949 3895 2058 3950 illis

483 3994 815 4064 persuadere
844 4004 1203 4060 nequeamus.
1236 3990 1426 4060 Itaque
1456 3990 1558 4043 hac
1581 3988 1744 4042 etiam
1804 3989 1860 4042 in
1899 3997 2058 4058 parte

481 4086 619 4138 bene
661 4080 946 4137 nobiscum
1003 4089 1217 4150 agetur,
1245 4081 1298 4133 in
1333 4093 1556 4149 operam
1609 4077 1954 4141 dederimus,
1990 4093 2056 4132 ne

480 4173 793 4228 hominibus
859 4172 1187 4227 irascamur.
1250 4170 1353 4236 Qui
1421 4181 1611 4226 autem
1643 4180 1698 4226 et
1730 4171 2048 4241 voluptates

487 4263 712 4334 negligit
743 4272 830 4340 ,οι
875 4261 1092 4317 labores
1124 4271 1180 4317 et
1225 4261 1441 4316 inanem
1475 4261 1731 4332 gloriam,
1802 4271 1858 4316 et
1891 4277 2055 4329 pecua

482 4359 654 4422 niam,
677 4355 884 4426 quique
910 4369 1019 4409 non
1053 4354 1234 4408 minus
1257 4355 1493 4408 humana
1518 4369 1682 4424 quam
1733 4353 1920 4408 divina
1963 4355 2047 4410 le—

481 4452 622 4505 viter
647 4451 790 4503 ferre
811 4469 815 4472 ·
840 4446 1052 4511 didicit,
1073 4447 1122 4502 is
1154 4460 1260 4500 non
1292 4446 1567 4502 immerito
1585 4447 1749 4503 etiam
1773 4447 1826 4501 in
1863 4448 2057 4501 huma-

2163 1973 2363 2044 κύριοι.
2384 1972 2524 2026 κατά
2556 1973 2652 2036 τὰς
2679 1974 2905 2038 ἐνούσας
2935 1991 2994 2027 τε
3029 1975 3122 2028 καὶ
3174 1974 3530 2042 ἐγγινομένας
3582 1970 3736 2036 δόξας

2160 2065 2462 2147 διατιθέναι
2493 2067 2560 2119 τὰ
2589 2066 2815 2137 ἡμέτερ’
2835 2067 3036 2131 αὐτῶν,
3090 2067 3281 2137 ψυχῶν
3334 2066 3391 2118 δὲ
3443 2066 3735 2136 ἀλλοτρίων

2161 2156 2223 2208 ού
2253 2158 2394 2210 πάνυ
2422 2173 2504 2210 τοι
2536 2157 2739 2227 κύριοι.
2787 2157 2927 2210 Ἀλλ’
2973 2159 3187 2227 ἀνάγκη
3249 2158 3344 2210 καί⁵
3388 2157 3622 2219 ἐκείναις
3665 2151 3733 2208 αὖ

2163 2247 2240 2316 τῷ
2267 2249 2456 2308 αύταῖς
2475 2241 2723 2303 δοκοῦντι
2756 2249 3005 2315 ἔπεσθαι,
3025 2253 3118 2304 καὶ
3169 2253 3448 2320 ἀμήχανον
3496 2248 3626 2304 ἄλλο
3680 2264 3736 2302 τι

2162 2339 2295 2409 δρᾷν
2349 2341 2500 2410 παιρά
2542 2340 2622 2393 ’τό
2663 2341 3001 2411 φαινόμενον
3056 2341 3279 2407 ἀγαθόν.
3325 2340 3404 2393 ’Ἦ
3463 2336 3556 2394 οὖν
3599 2341 3735 2409 ἡμῖν

2162 2431 2460 2484 ἐνδεικτέον
2489 2433 2791 2497 κάκεὲνοις,
2828 2435 2904 2495 ὠς
2931 2436 3024 2487 καὶ
3051 2434 3237 2496 αὐτοῖς
3277 2433 3432 2486 ούδὲν
3463 2449 3518 2486 τι
3565 2423 3734 2504 ’ἦττον

2160 2521 2228 2573 τὰ
2281 2521 2412 2590 ἡμῖν
2470 2521 2736 2575 δοκοῦντα
2789 2523 3068 2593 ἑλομένοις
3125 2523 3385 2586 συνοίσει,
3441 2523 3472 2592 ἢ
3516 2525 3619 2587 ἕως
3669 2525 3734 2577 ἂν

2161 2611 2320 2667 τοῦτο
2341 2614 2594 2669 ἀδύνατοι
2636 2611 2786 2684 ὦμεν
2817 2617 2980 2686 ἡμεῖς
3013 2617 3210 2681 αὐτοὺς
3267 2618 3469 2688 μᾶλλον
3510 2619 3604 2672 τοῦ
3661 2619 3734 2688 μὴ

2162 2703 2310 2767 οἴους
2332 2722 2391 2756 τε
2416 2699 2559 2758 εἶναι
2595 2709 2742 2775 σφᾶς
2766 2707 2960 2768 τιθεῖν,
2989 2707 3025 2778 ἢ
3054 2707 3320 2773 ἐκείνους,
3345 2708 3453 2761 τῶν
3481 2709 3735 2761 τοιούτοιν

2166 2792 2661 2866 πεμπτέονοῶστε
2693 2801 2791 2853 καὶ
2810 2799 2994 2871 ’ταύτῃ
3050 2801 3234 2865 καλῶς
3279 2799 3350 2856 ἂν
3401 2804 3540 2872 ἡμῖν
3591 2803 3734 2872 ἔχειν

2165 2890 2562 2959 μεμελετηκόσι
2633 2892 2710 2961 μὴ
2773 2893 3124 2962 χαλεπαίνειν
3177 2895 3509 2964 ἀνθρώποις.
3567 2896 3625 2947 ’0
3687 2893 3734 2947 δ’

2162 2980 2444 3050 ὀλιγωρῶν
2478 2981 2578 3050 μὲν
2624 2982 2852 3052 ἡδονῶν,
2891 2983 3176 3052 ὀλιγωρῶν
3221 2984 3279 3037 δὲ
3326 2986 3522 3050 πόνων,
3565 2983 3734 3054 ’κενῆς

2161 3073 2344 3139 δόξης,
2381 3075 2704 3144 χρημάτων,
2759 3075 3098 3144 μεμαθηκὼς
3155 3075 3214 3129 δὲ
3263 3078 3453 3145 φέρειν
3497 3076 3734 3146 εὐχερῶς

2161 3164 2268 3234 μὲν
2286 3165 2351 3216 τὰ
2385 3165 2523 3229 θεῖα,
2553 3164 2797 3234 εὐχερῶς
2829 3164 2887 3217 δὲ
2913 3165 2984 3217 τά
3014 3165 3356 3235 ἀνθρώπεια,
3382 3163 3608 3228 εἰκότως
3668 3166 3734 3218 ἂν

2166 3256 2260 3312 καὶ
2283 3257 2681 3326 περιτάπρός
2711 3255 3029 3328 ἀνθρώπους
3065 3257 3374 3324 συμϐόλαια
3434 3258 3735 3310 εύκοινωνι-

2162 3349 2402 3418 κώτερος
2430 3350 2540 3411 εἴη,
2589 3347 2935 3417 χρηστότητα
2979 3347 3198 3417 μετιὼν,
3273 3344 3611 3418 μεμαθηκὼς
3655 3346 3735 3413 ὣς

2157 3440 2221 3493 to
2254 3440 2355 3510 μὲν
2381 3440 2565 3504 καλῶς
2596 3441 2774 3494 ποιεῖν
2795 3441 2890 3495 τοῦ
2932 3437 2993 3496 εὖ
3019 3441 3252 3512 πάσχειν
3275 3442 3503 3512 ἄμεινον
3539 3439 3735 3510 τολλῷ

2151 3531 2310 3604 ἀὐτῷ
2355 3532 2623 3604 δήπουθεν
2683 3532 2764 3603 τῷ
2814 3532 3011 3596 καλῶς
3083 3531 3345 3598 ποιοῦντι,
3400 3533 3494 3588 ἀτε
3540 3533 3603 3602 δὴ
3641 3532 3736 3586 καὶ

2159 3624 2561 3694 θεοειδέστερον
2587 3624 2648 3679 δν
2675 3640 2691 3658 ’
2723 3623 2818 3678 τοῦ
2843 3623 2900 3678 δὲ
2945 3624 3134 3686 κακῶς
3160 3623 3389 3694 πάσχειν
3440 3623 3502 3677 τὸ
3547 3624 3735 3688 κακιῖις

2159 3720 2334 3772 ποιεῖν
2379 3719 2562 3788 χεῖρον
2618 3717 2687 3772 αὖ
2736 3718 2937 3784 πολλῷ.
2990 3719 3064 3771 Τὸ
3085 3719 3193 3788 γὰρ
3215 3718 3464 3786 ἄμεινον,
3489 3717 3644 3770 τοῦτό
3672 3734 3737 3785 γε

2159 3810 2399 3864 ἐναντίον
2425 3825 2440 3840 ο
2477 3809 2571 3863 καὶ
2591 3810 2699 3864 δέοι
2725 3809 2786 3862 τὸ
2822 3809 2941 3878 μὲν,
2975 3809 3052 3872 ὡς
3105 3810 3330 3880 ἄριστον
3380 3809 3466 3873 δν,
3519 3808 3737 3864 διώκειν

2159 3906 2237 3964 είς
2265 3902 2517 3972 δύναμιν,
2549 3903 2611 3956 τὸ
2645 3903 2702 3956 δὲ
2753 3901 2980 3970 φεύγειν
3025 3903 3186 3956 παντὶ
3256 3905 3464 3973 τρόπῳ,
3524 3902 3738 3955 διευλα-

2159 3993 2424 4063 ϐούμενον
2473 3995 2549 4064 μη
2595 3994 2940 4064 κτησάμενος
3003 3993 3144 4066 λάθῃ
3191 3994 3253 4047 τδ
3306 3995 3578 4064 χείριστον
3627 3994 3738 4046 τῶν

2155 4083 2366 4150 κακῶν,
2406 4082 2524 4152 ἃμα
2552 4083 2610 4137 δὲ
2663 4083 2756 4138 καὶ
2816 4083 3104 4155 ξύμφωνον
3155 4084 3319 4138 αὑτὸν
3357 4087 3425 4156 τῇ
3470 4083 3564 4138 τοῦ
3612 4085 3734 4138 ὅλου

2158 4173 2313 4228 τοῦδε
2338 4172 2582 4244 σωτηρίᾳ
2647 4175 3077 4245 προσπαρέχοιτ’
3132 4173 3220 4240 ἃν,
3275 4176 3372 4230 ἅτε
3426 4176 3491 4246 δή
3543 4192 3590 4228 τι
3642 4177 3738 4228 καὶ

2162 4270 2351 4340 μόριον
2379 4267 2477 4322 τοῦ
2522 4269 2738 4332 δέοντος
2785 4269 2889 4322 οὐκ
2938 4268 3169 4339 ὀλέθρου
3207 4269 3350 4331 τινὸς
3383 4267 3569 4334 τάξιν,
3602 4267 3766 4331 ἀλλὰ,

2155 4359 2406 4430 σωτῆρός
2432 4375 2491 4413 τε
2553 4361 2901 4431 αίρούμενος,
2960 4360 3052 4414 καὶ
3101 4360 3390 4430 εὐεργέτου
3439 4359 3500 4412 τὸ
3546 4359 3732 4428 μέρος,

2157 4451 2302 4507 οὔτω
2333 4469 2392 4506 τε
2431 4446 2491 4506 εὖ
2527 4453 2783 4522 πράττων
2816 4453 2912 4506 καὶ
2935 4451 3117 4516 αὐτὸς,
3141 4445 3364 4520 οἷόνπερ
3425 4449 3522 4504 καὶ
3565 4448 3736 4520 μορίῳ

489 4541 573 4593 nis
611 4535 993 4593 contractibus
1022 4534 1090 4590 ad
1122 4535 1442 4591 societatem
1469 4535 1649 4605 aptior
1677 4535 1864 4602 fuerit,
1903 4535 2057 4591 boni-

2163 4545 2415 4614 σώματος
2444 4545 2580 4600 πολὺ
2603 4546 2670 4599 ἀν
2697 4545 2898 4616 μᾶλλον
2926 4545 3215 4610 λυσιτελοῖ,
3282 4542 3456 4596 εἴκειν
3505 4541 3584 4611 τῷ
3629 4542 3735 4610 ὅλῳ

483 4627 613 4683 tatis
636 4627 944 4688 studiosus,
975 4641 1098 4681 cum
1138 4626 1282 4681 sciat
1334 4627 1476 4682 bene
1526 4627 1802 4684 collocare
1859 4626 2060 4682 beneﬂ-

482 4719 626 4771 cium
651 4718 807 4786 longe
843 4730 964 4770 esse
997 4718 1356 4786 prastantius
1381 4731 1544 4787 quam
1575 4717 1846 4786 accipere,
1889 4717 2056 4787 idque

481 4812 531 4867 ei
561 4809 663 4878 ipsi
690 4809 784 4879 qui
821 4807 1070 4863 conferat
1121 4808 1440 4864 beneﬁcium
1467 4809 1640 4878 magis
1660 4809 1941 4877 expedire,
1975 4808 2058 4864 vi-

483 4905 825 4958 delicetcnm
860 4902 927 4956 ad
961 4901 1053 4956 Dei
1098 4902 1516 4956 similitudinem
1553 4901 1776 4970 propius
1799 4900 2055 4965 accedat,

489 4999 630 5052 male
649 5005 828 5050 autem
860 4994 1037 5050 facere
1073 4995 1232 5064 longe
1267 5009 1390 5049 esse
1439 4993 1683 5048 deterius
1713 5007 1876 5061 quam
1911 4991 2057 5046 male

491 5090 654 5152 allici,
713 5088 982 5156 siquidem
1045 5085 1098 5139 id
1157 5081 1522 5154 prastantiori
1572 5083 1644 5135 sit
1699 5080 2054 5134 contrarium.

482 5186 663 5251 Atque
715 5187 969 5249 oportere
1020 5176 1156 5231 illud
1219 5185 1479 5243 tanquam
1535 5171 2056 5242 praestantissimum

482 5271 786 5326 consectari
814 5283 912 5338 pro
934 5267 1100 5333 virili,
1126 5267 1226 5320 hoc
1244 5281 1373 5320 vero
1398 5263 1638 5318 aversari
1658 5263 1852 5333 quovis
1875 5271 2056 5333 pacto,

483 5379 608 5418 cum
659 5363 956 5416 verendum
987 5361 1156 5414 sitne
1213 5358 1280 5414 iis
1317 5358 1615 5427 pessimum
1667 5355 1866 5409 malum
1923 5355 2060 5411 inci-

482 5459 598 5518 dat,
620 5454 924 5521 eademque
961 5465 1126 5519 opera
1157 5465 1218 5505 se
1237 5448 1646 5504 conservationi
1678 5447 2057 5503 universitatis

485 5547 648 5616 hnjus
673 5544 1105 5602 consentientem
1137 5545 1375 5614 praebeat
1408 5553 1467 5599 ut
1493 5544 1586 5612 qui
1646 5541 1768 5610 ejus
1835 5542 2055 5596 univer-

487 5640 662 5695 sitatis
689 5647 744 5693 et
768 5639 885 5707 ipse
913 5651 1039 5705 pars
1060 5637 1152 5701 sit,
1185 5649 1294 5690 non
1333 5633 1633 5705 perniciosi
1672 5633 1906 5702 alicujus
1973 5631 2056 5687 lo-

487 5743 636 5793 cum,
663 5729 758 5784 sed
787 5727 1082 5784 servatoris
1107 5737 1162 5782 et
1204 5728 1435 5782 beneﬁci
1471 5737 1660 5797 partes
1710 5723 2055 5794 amplectens

488 5832 594 5886 qua
626 5820 838 5874 ratione
861 5831 985 5874 cum
1010 5819 1128 5891 ipso
1162 5819 1328 5878 etiam
1357 5819 1496 5877 bene
1519 5828 1732 5890 agetur,
1786 5817 2056 5890 qnemado

2155 4636 2258 4689 καὶ
2279 4634 2584 4704 ὁμολογεῖν,
2614 4635 2910 4704 ὑπηρετεῖν
2964 4651 3026 4688 τε
3061 4633 3142 4704 τῷ
3188 4631 3386 4702 λοιπῷ,
3443 4631 3623 4694 καλῶς
3674 4630 3734 4684 τὸ

2157 4725 2326 4780 αὐτοῦ
2357 4727 2520 4796 ἔργον
2567 4726 2843 4792 ἀποδιδὸν,
2873 4726 2907 4796 ἦ
2952 4726 3274 4780 ἀντιτείνειν
3305 4740 3366 4777 τε
3425 4726 3522 4777 καὶ
3564 4722 3736 4791 ἀξυμ-

2158 4815 2324 4887 φώνῳ
2381 4811 2548 4883 εἶναι,
2605 4816 2702 4871 καὶ
2761 4817 3090 4894 διεσπᾶσθαι
3152 4815 3248 4870 τοῦ
3313 4813 3475 4868 ἀλλον
3550 4811 3734 4881 σώμα-

2157 4925 2270 4973 τος,
2329 4909 2394 4963 ἐκ
2447 4908 2502 4961 δὲ
2563 4909 2628 4980 δὴ
2682 4908 2794 4962 τῶν
2860 4907 2999 4982 πρὸς
3055 4907 3381 4980 ἀνθρώπους
3445 4905 3734 4976 συμϐολαί-

2155 5018 2234 5054 ων
2296 5003 2392 5056 καὶ
2457 5003 2568 5054 τῶν
2633 5002 2994 5071 ἀνθρωπίνων
3063 5001 3408 5069 πραγμάτων
3473 4999 3734 5070 ἐμπειρό-

2158 5109 2317 5162 τερος
2395 5093 2722 5162 γινόμενος,
2791 5096 2922 5164 ρᾷόν
3000 5110 3105 5148 που
3180 5094 3282 5164 ᾗδη
3368 5093 3463 5147 καὶ
3541 5094 3730 5144 εύὸου-

2158 5181 2282 5236 λίαν
2325 5183 2716 5251 ἀνακτήσαιτο,
2779 5182 2936 5246 εἰδὼς
2993 5183 3136 5252 μέγα
3177 5176 3462 5253 διαφέρειν
3517 5182 3735 5235 ἐπιστά-

2162 5289 2322 5342 μενον
2349 5273 2426 5344 μὴ
2448 5274 2831 5342 ἐπισταμένου,
2857 5274 2951 5326 καὶ
2983 5273 3076 5338 ξῦν
3098 5274 3243 5345 λόγῳ
3277 5274 3726 5346 μεταχειρίζοντα

2157 5364 2337 5419 ὁτιοῦν
2389 5365 2703 5429 δοξάζοντος
2754 5363 2885 5418 ἀνευ
2943 5365 3128 5432 λόγου.
3169 5363 3333 5419 Ὥστε
3362 5366 3497 5434 πρός
3553 5381 3616 5433 γε
3676 5363 3736 5416 τὸ

2158 5456 2367 5508 ἕκαστα
2408 5454 2670 5523 πράττειν
2713 5454 2823 5508 τῶν
2856 5454 2998 5508 κατά
3035 5454 3126 5507 τὸν
3161 5453 3277 5523 βίον
3321 5455 3464 5523 μέγα
3495 5451 3732 5522 ξυμϐάλ-

2158 5545 2346 5600 λεσθαι
2389 5547 2451 5598 τὸ
2480 5546 2610 5614 περὶ
2643 5545 2751 5599 τῶν
2799 5545 3160 5614 ἀνθρωπείων
3205 5542 3530 5614 ὲξακριδοῦν
3560 5527 3739 5614 πραγτ

2159 5639 2368 5708 μάτων,
2399 5638 2494 5690 καὶ
2526 5638 2643 5707 ἅμα
2693 5636 3060 5707 χαριεστάτην
3096 5635 3264 5690 οὖσαν
3310 5635 3411 5707 τὴν
3454 5637 3583 5707 περὶ
3624 5634 3734 5688 τῶν

2155 5726 2517 5798 ἀνθρωπίνων
2570 5727 2844 5798 θεωρίαν·
2885 5727 2981 5780 ἀτε
3035 5725 3099 5795 δὴ
3145 5727 3275 5793 περὶ
3320 5725 3558 5794 γνησίων
3605 5725 3738 5793 ημῖν

2157 5817 2363 5887 αὐτοῖς,
2395 5816 2514 5888 μεθ’
2562 5817 2628 5888 ἣν
2662 5817 2757 5872 καὶ
2805 5817 2905 5887 τὴν
2953 5815 3188 5887 φυσικήν
3213 5829 3303 5880 ητις
3329 5815 3531 5884 μετιὼν
3558 5813 3620 5869 οὗ
3647 5828 3740 5878 μι-
