  <div class='ocr_page' id='page_1' title='image "/cluster/home/n/w/nwhite01/storage/ocr_20150623/160/coo.31924054870658/449.png"; bbox 0 0 4078 6404; ppageno 0'>
   <div class='ocr_carea' id='block_1_1' title="bbox 432 410 546 476">
    <p class='ocr_par' dir='ltr' id='par_1_1' title="bbox 432 410 546 476">
     <span class='ocr_line' id='line_1_1' title="bbox 432 410 546 476; baseline -0.009 0"><span class='ocrx_word' id='word_1_1' title='bbox 432 410 546 476; x_wconf 80' lang='lat'><strong>879</strong></span> 
     </span>
    </p>
   </div>
   <div class='ocr_carea' id='block_1_2' title="bbox 1678 381 2477 460">
    <p class='ocr_par' dir='ltr' id='par_1_2' title="bbox 1678 381 2477 460">
     <span class='ocr_line' id='line_1_2' title="bbox 1678 381 2477 460; baseline -0.003 0"><span class='ocrx_word' id='word_1_2' title='bbox 1678 381 2004 460; x_wconf 75' lang='lat' dir='ltr'><strong>GEORGII</strong></span> <span class='ocrx_word' id='word_1_3' title='bbox 2035 392 2477 460; x_wconf 73' lang='lat' dir='ltr'><strong>PLETHONIS</strong></span> 
     </span>
    </p>
   </div>
   <div class='ocr_carea' id='block_1_3' title="bbox 2157 272 2422 284">
    <p class='ocr_par' dir='ltr' id='par_1_3' title="bbox 2157 272 2422 284">
     <span class='ocr_line' id='line_1_3' title="bbox 2157 272 2422 284; baseline -0.011 0"><span class='ocrx_word' id='word_1_4' title='bbox 2157 272 2296 284; x_wconf 57' lang='lat' dir='ltr'><strong>sm.</strong></span> <span class='ocrx_word' id='word_1_5' title='bbox 2317 272 2337 281; x_wconf 60' lang='grc' dir='ltr'>δ</span> <span class='ocrx_word' id='word_1_6' title='bbox 2364 273 2422 282; x_wconf 64' lang='grc' dir='ltr'><strong>κ»-</strong></span> 
     </span>
    </p>
   </div>
   <div class='ocr_carea' id='block_1_4' title="bbox 3601 398 3703 463">
    <p class='ocr_par' dir='ltr' id='par_1_4' title="bbox 3601 398 3703 463">
     <span class='ocr_line' id='line_1_4' title="bbox 3601 398 3703 463; baseline 0 0"><span class='ocrx_word' id='word_1_7' title='bbox 3601 398 3703 463; x_wconf 77' lang='lat'><strong>830</strong></span> 
     </span>
    </p>
   </div>
   <div class='ocr_carea' id='block_1_5' title="bbox 435 503 2035 586">
    <p class='ocr_par' dir='ltr' id='par_1_5' title="bbox 435 509 2022 586">
     <span class='ocr_line' id='line_1_5' title="bbox 435 509 2022 586; baseline -0.008 -10"><span class='ocrx_word' id='word_1_8' title='bbox 435 530 604 576; x_wconf 83' lang='lat' dir='ltr'><strong>tatem</strong></span> <span class='ocrx_word' id='word_1_9' title='bbox 639 515 879 573; x_wconf 86' lang='lat' dir='ltr'><strong>numinis</strong></span> <span class='ocrx_word' id='word_1_10' title='bbox 913 513 1081 586; x_wconf 78' lang='lat' dir='ltr'><strong>probe</strong></span> <span class='ocrx_word' id='word_1_11' title='bbox 1111 527 1211 570; x_wconf 88' lang='lat' dir='ltr'><strong>nos</strong></span> <span class='ocrx_word' id='word_1_12' title='bbox 1239 509 1483 575; x_wconf 91' lang='lat' dir='ltr'><strong>instruit,</strong></span> <span class='ocrx_word' id='word_1_13' title='bbox 1511 523 1742 580; x_wconf 65' lang='lat' dir='ltr'><strong>quaeque</strong></span> <span class='ocrx_word' id='word_1_14' title='bbox 1763 517 1876 563; x_wconf 88' lang='lat' dir='ltr'><strong>tam</strong></span> <span class='ocrx_word' id='word_1_15' title='bbox 1916 523 2022 579; x_wconf 81' lang='lat' dir='ltr'><strong>pu—</strong></span> 
     </span>
    </p>
   </div>
   <div class='ocr_carea' id='block_1_6' title="bbox 2140 503 3703 586">
    <p class='ocr_par' dir='ltr' id='par_1_6' title="bbox 2140 503 3703 582">
     <span class='ocr_line' id='line_1_6' title="bbox 2140 503 3703 582; baseline 0.002 -20"><span class='ocrx_word' id='word_1_16' title='bbox 2140 509 2306 582; x_wconf 74' lang='grc' dir='ltr'>ταύτῃ</span> <span class='ocrx_word' id='word_1_17' title='bbox 2330 525 2391 562; x_wconf 82' lang='grc' dir='ltr'><strong>τε</strong></span> <span class='ocrx_word' id='word_1_18' title='bbox 2423 506 2518 562; x_wconf 70' lang='grc' dir='ltr'>καὶ</span> <span class='ocrx_word' id='word_1_19' title='bbox 2569 505 2713 562; x_wconf 78' lang='grc' dir='ltr'>κατὰ</span> <span class='ocrx_word' id='word_1_20' title='bbox 2759 503 3016 562; x_wconf 78' lang='grc' dir='ltr'>τοσοῦτον</span> <span class='ocrx_word' id='word_1_21' title='bbox 3070 506 3194 563; x_wconf 88' lang='grc' dir='ltr'>καθ’</span> <span class='ocrx_word' id='word_1_22' title='bbox 3226 509 3352 563; x_wconf 83' lang='grc' dir='ltr'>ὅσον</span> <span class='ocrx_word' id='word_1_23' title='bbox 3397 507 3464 565; x_wconf 77' lang='grc' dir='ltr'>ἂν</span> <span class='ocrx_word' id='word_1_24' title='bbox 3504 510 3703 582; x_wconf 79' lang='grc' dir='ltr'>ἀρετῆς</span> 
     </span>
    </p>
   </div>
   <div class='ocr_carea' id='block_1_7' title="bbox 434 599 2022 681">
    <p class='ocr_par' dir='ltr' id='par_1_7' title="bbox 434 599 2022 681">
     <span class='ocr_line' id='line_1_7' title="bbox 434 599 2022 681; baseline -0.007 -14"><span class='ocrx_word' id='word_1_25' title='bbox 434 612 574 667; x_wconf 89' lang='lat' dir='ltr'><strong>blice</strong></span> <span class='ocrx_word' id='word_1_26' title='bbox 607 623 768 681; x_wconf 87' lang='lat' dir='ltr'><strong>quam</strong></span> <span class='ocrx_word' id='word_1_27' title='bbox 828 606 1080 678; x_wconf 75' lang='lat' dir='ltr'><strong>privatim</strong></span> <span class='ocrx_word' id='word_1_28' title='bbox 1143 602 1532 675; x_wconf 88' lang='lat' dir='ltr'><strong>profanitatem</strong></span> <span class='ocrx_word' id='word_1_29' title='bbox 1577 611 1632 658; x_wconf 82' lang='lat' dir='ltr'><strong>et</strong></span> <span class='ocrx_word' id='word_1_30' title='bbox 1674 599 2022 671; x_wconf 61' lang='lat' dir='ltr'><strong>superstitio.</strong></span> 
     </span>
    </p>
   </div>
   <div class='ocr_carea' id='block_1_8' title="bbox 435 695 2016 767">
    <p class='ocr_par' dir='ltr' id='par_1_8' title="bbox 435 695 2016 767">
     <span class='ocr_line' id='line_1_8' title="bbox 435 695 2016 767; baseline -0.008 -5"><span class='ocrx_word' id='word_1_31' title='bbox 435 722 560 762; x_wconf 86' lang='lat' dir='ltr'><strong>nem</strong></span> <span class='ocrx_word' id='word_1_32' title='bbox 589 705 642 760; x_wconf 91' lang='lat' dir='ltr'><strong>in</strong></span> <span class='ocrx_word' id='word_1_33' title='bbox 676 704 921 759; x_wconf 87' lang='lat' dir='ltr'><strong>animum</strong></span> <span class='ocrx_word' id='word_1_34' title='bbox 955 717 1063 757; x_wconf 91' lang='lat' dir='ltr'><strong>non</strong></span> <span class='ocrx_word' id='word_1_35' title='bbox 1119 698 1381 754; x_wconf 74' lang='lat' dir='ltr'><strong>admittit.</strong></span> <span class='ocrx_word' id='word_1_36' title='bbox 1429 695 1560 752; x_wconf 73' lang='lat' dir='ltr'><strong>Nam</strong></span> <span class='ocrx_word' id='word_1_37' title='bbox 1605 711 1782 767; x_wconf 90' lang='lat' dir='ltr'><strong>neque</strong></span> <span class='ocrx_word' id='word_1_38' title='bbox 1818 709 2016 766; x_wconf 85' lang='lat' dir='ltr'><strong>preca-</strong></span> 
     </span>
    </p>
   </div>
   <div class='ocr_carea' id='block_1_9' title="bbox 437 785 2018 861">
    <p class='ocr_par' dir='ltr' id='par_1_9' title="bbox 437 785 2018 861">
     <span class='ocr_line' id='line_1_9' title="bbox 437 785 2018 861; baseline -0.004 -14"><span class='ocrx_word' id='word_1_39' title='bbox 437 794 634 857; x_wconf 74' lang='lat' dir='ltr'><strong>tiones,</strong></span> <span class='ocrx_word' id='word_1_40' title='bbox 673 805 774 846; x_wconf 91' lang='lat' dir='ltr'><strong>nec</strong></span> <span class='ocrx_word' id='word_1_41' title='bbox 801 788 1258 861; x_wconf 74' lang='lat' dir='ltr'><strong>supplicationes,</strong></span> <span class='ocrx_word' id='word_1_42' title='bbox 1296 801 1396 843; x_wconf 89' lang='lat' dir='ltr'><strong>nec</strong></span> <span class='ocrx_word' id='word_1_43' title='bbox 1437 785 1626 842; x_wconf 90' lang='lat' dir='ltr'><strong>laudes</strong></span> <span class='ocrx_word' id='word_1_44' title='bbox 1653 785 1890 851; x_wconf 82' lang='lat' dir='ltr'><strong>divinas,</strong></span> <span class='ocrx_word' id='word_1_45' title='bbox 1918 799 2018 840; x_wconf 88' lang='lat' dir='ltr'><strong>nec</strong></span> 
     </span>
    </p>
   </div>
   <div class='ocr_carea' id='block_1_10' title="bbox 439 878 2018 954">
    <p class='ocr_par' dir='ltr' id='par_1_10' title="bbox 439 878 2018 954">
     <span class='ocr_line' id='line_1_10' title="bbox 439 878 2018 954; baseline -0.003 -14"><span class='ocrx_word' id='word_1_46' title='bbox 439 886 710 948; x_wconf 67' lang='lat' dir='ltr'><strong>festamec</strong></span> <span class='ocrx_word' id='word_1_47' title='bbox 737 883 1218 954; x_wconf 83' lang='lat' dir='ltr'><strong>primitias,neque</strong></span> <span class='ocrx_word' id='word_1_48' title='bbox 1243 879 1297 935; x_wconf 88' lang='lat' dir='ltr'><strong>id</strong></span> <span class='ocrx_word' id='word_1_49' title='bbox 1356 895 1531 950; x_wconf 86' lang='lat' dir='ltr'><strong>genus</strong></span> <span class='ocrx_word' id='word_1_50' title='bbox 1558 879 1664 934; x_wconf 87' lang='lat' dir='ltr'><strong>alia</strong></span> <span class='ocrx_word' id='word_1_51' title='bbox 1684 878 1766 934; x_wconf 77' lang='lat' dir='ltr'><strong>vir</strong></span> <span class='ocrx_word' id='word_1_52' title='bbox 1793 886 2018 935; x_wconf 89' lang='lat' dir='ltr'><strong>sanctus</strong></span> 
     </span>
    </p>
   </div>
   <div class='ocr_carea' id='block_1_11' title="bbox 435 970 2020 1040">
    <p class='ocr_par' dir='ltr' id='par_1_11' title="bbox 435 970 2020 1040">
     <span class='ocr_line' id='line_1_11' title="bbox 435 970 2020 1040; baseline -0.006 -6"><span class='ocrx_word' id='word_1_53' title='bbox 435 985 772 1040; x_wconf 90' lang='lat' dir='ltr'><strong>contemnet,</strong></span> <span class='ocrx_word' id='word_1_54' title='bbox 804 988 866 1030; x_wconf 89' lang='lat' dir='ltr'><strong>ca</strong></span> <span class='ocrx_word' id='word_1_55' title='bbox 898 973 1110 1028; x_wconf 80' lang='lat' dir='ltr'><strong>inutilia</strong></span> <span class='ocrx_word' id='word_1_56' title='bbox 1143 972 1246 1028; x_wconf 83' lang='lat' dir='ltr'><strong>sibi</strong></span> <span class='ocrx_word' id='word_1_57' title='bbox 1279 986 1402 1027; x_wconf 87' lang='lat' dir='ltr'><strong>esse</strong></span> <span class='ocrx_word' id='word_1_58' title='bbox 1423 970 1806 1037; x_wconf 77' lang='lat' dir='ltr'><strong>existimando,</strong></span> <span class='ocrx_word' id='word_1_59' title='bbox 1839 983 2020 1040; x_wconf 88' lang='lat' dir='ltr'><strong>neque</strong></span> 
     </span>
    </p>
   </div>
   <div class='ocr_carea' id='block_1_12' title="bbox 437 1063 2018 1135">
    <p class='ocr_par' dir='ltr' id='par_1_12' title="bbox 437 1063 2018 1135">
     <span class='ocr_line' id='line_1_12' title="bbox 437 1063 2018 1135; baseline -0.006 -10"><span class='ocrx_word' id='word_1_60' title='bbox 437 1070 519 1126; x_wconf 86' lang='lat' dir='ltr'><strong>sic</strong></span> <span class='ocrx_word' id='word_1_61' title='bbox 573 1067 773 1124; x_wconf 83' lang='lat' dir='ltr'><strong>ofIcret</strong></span> <span class='ocrx_word' id='word_1_62' title='bbox 818 1066 1052 1130; x_wconf 87' lang='lat' dir='ltr'><strong>nmnini,</strong></span> <span class='ocrx_word' id='word_1_63' title='bbox 1107 1065 1265 1135; x_wconf 88' lang='lat' dir='ltr'><strong>quasi</strong></span> <span class='ocrx_word' id='word_1_64' title='bbox 1321 1065 1505 1134; x_wconf 86' lang='lat' dir='ltr'><strong>aliqua</strong></span> <span class='ocrx_word' id='word_1_65' title='bbox 1557 1063 1772 1117; x_wconf 73' lang='lat' dir='ltr'><strong>ill-arum</strong></span> <span class='ocrx_word' id='word_1_66' title='bbox 1833 1077 2018 1116; x_wconf 80' lang='lat' dir='ltr'><strong>rerum</strong></span> 
     </span>
    </p>
   </div>
   <div class='ocr_carea' id='block_1_13' title="bbox 433 1153 2022 1232">
    <p class='ocr_par' dir='ltr' id='par_1_13' title="bbox 433 1153 2022 1232">
     <span class='ocr_line' id='line_1_13' title="bbox 433 1153 2022 1232; baseline -0.006 -16"><span class='ocrx_word' id='word_1_67' title='bbox 433 1170 611 1232; x_wconf 87' lang='lat' dir='ltr'><strong>egeat,</strong></span> <span class='ocrx_word' id='word_1_68' title='bbox 645 1168 739 1215; x_wconf 87' lang='lat' dir='ltr'><strong>aut</strong></span> <span class='ocrx_word' id='word_1_69' title='bbox 767 1174 862 1228; x_wconf 88' lang='lat' dir='ltr'><strong>per</strong></span> <span class='ocrx_word' id='word_1_70' title='bbox 905 1173 967 1212; x_wconf 84' lang='lat' dir='ltr'><strong>ea</strong></span> <span class='ocrx_word' id='word_1_71' title='bbox 1000 1157 1143 1211; x_wconf 84' lang='lat' dir='ltr'><strong>allici</strong></span> <span class='ocrx_word' id='word_1_72' title='bbox 1177 1157 1371 1211; x_wconf 73' lang='lat' dir='ltr'><strong>debeat</strong></span> <span class='ocrx_word' id='word_1_73' title='bbox 1404 1157 1612 1228; x_wconf 83' lang='lat' dir='ltr'><strong>(neque</strong></span> <span class='ocrx_word' id='word_1_74' title='bbox 1647 1153 1795 1210; x_wconf 83' lang='lat' dir='ltr'><strong>enim</strong></span> <span class='ocrx_word' id='word_1_75' title='bbox 1837 1166 2022 1207; x_wconf 88' lang='lat' dir='ltr'><strong>move-</strong></span> 
     </span>
    </p>
   </div>
   <div class='ocr_carea' id='block_1_14' title="bbox 438 1245 2018 1319">
    <p class='ocr_par' dir='ltr' id='par_1_14' title="bbox 438 1245 2018 1319">
     <span class='ocr_line' id='line_1_14' title="bbox 438 1245 2018 1319; baseline -0.004 -13"><span class='ocrx_word' id='word_1_76' title='bbox 438 1267 548 1319; x_wconf 89' lang='lat' dir='ltr'><strong>tur,</strong></span> <span class='ocrx_word' id='word_1_77' title='bbox 573 1262 626 1308; x_wconf 90' lang='lat' dir='ltr'><strong>et</strong></span> <span class='ocrx_word' id='word_1_78' title='bbox 654 1253 878 1306; x_wconf 86' lang='lat' dir='ltr'><strong>minime</strong></span> <span class='ocrx_word' id='word_1_79' title='bbox 918 1251 1083 1305; x_wconf 73' lang='lat' dir='ltr'><strong>rebus</strong></span> <span class='ocrx_word' id='word_1_80' title='bbox 1113 1250 1220 1304; x_wconf 92' lang='lat' dir='ltr'><strong>illis</strong></span> <span class='ocrx_word' id='word_1_81' title='bbox 1247 1248 1416 1317; x_wconf 85' lang='lat' dir='ltr'><strong>eget),</strong></span> <span class='ocrx_word' id='word_1_82' title='bbox 1454 1260 1640 1301; x_wconf 85' lang='lat' dir='ltr'><strong>verum</strong></span> <span class='ocrx_word' id='word_1_83' title='bbox 1674 1247 1748 1300; x_wconf 91' lang='lat' dir='ltr'><strong>ita</strong></span> <span class='ocrx_word' id='word_1_84' title='bbox 1788 1245 2018 1310; x_wconf 79' lang='lat' dir='ltr'><strong>offeret,</strong></span> 
     </span>
    </p>
   </div>
   <div class='ocr_carea' id='block_1_15' title="bbox 437 1338 2021 1410">
    <p class='ocr_par' dir='ltr' id='par_1_15' title="bbox 437 1338 2021 1410">
     <span class='ocr_line' id='line_1_15' title="bbox 437 1338 2021 1410; baseline -0.004 -15"><span class='ocrx_word' id='word_1_85' title='bbox 437 1355 697 1410; x_wconf 74' lang='lat' dir='ltr'><strong>tanquam</strong></span> <span class='ocrx_word' id='word_1_86' title='bbox 725 1343 992 1396; x_wconf 81' lang='lat' dir='ltr'><strong>maximas</strong></span> <span class='ocrx_word' id='word_1_87' title='bbox 1020 1341 1122 1395; x_wconf 85' lang='lat' dir='ltr'><strong>sibi</strong></span> <span class='ocrx_word' id='word_1_88' title='bbox 1153 1340 1254 1410; x_wconf 83' lang='lat' dir='ltr'><strong>ipsi</strong></span> <span class='ocrx_word' id='word_1_89' title='bbox 1285 1340 1551 1393; x_wconf 80' lang='lat' dir='ltr'><strong>utilitates</strong></span> <span class='ocrx_word' id='word_1_90' title='bbox 1582 1338 1706 1393; x_wconf 89' lang='lat' dir='ltr'><strong>inde</strong></span> <span class='ocrx_word' id='word_1_91' title='bbox 1729 1338 2021 1402; x_wconf 81' lang='lat' dir='ltr'><strong>allaturus,</strong></span> 
     </span>
    </p>
   </div>
   <div class='ocr_carea' id='block_1_16' title="bbox 435 1430 2020 1500">
    <p class='ocr_par' dir='ltr' id='par_1_16' title="bbox 435 1430 2020 1500">
     <span class='ocr_line' id='line_1_16' title="bbox 435 1430 2020 1500; baseline -0.006 -8"><span class='ocrx_word' id='word_1_92' title='bbox 435 1447 550 1492; x_wconf 90' lang='lat' dir='ltr'><strong>tum</strong></span> <span class='ocrx_word' id='word_1_93' title='bbox 583 1437 912 1492; x_wconf 83' lang='lat' dir='ltr'><strong>abstinentia</strong></span> <span class='ocrx_word' id='word_1_94' title='bbox 935 1436 1216 1500; x_wconf 79' lang='lat' dir='ltr'><strong>vitiorum,</strong></span> <span class='ocrx_word' id='word_1_95' title='bbox 1249 1445 1363 1486; x_wconf 91' lang='lat' dir='ltr'><strong>tum</strong></span> <span class='ocrx_word' id='word_1_96' title='bbox 1403 1433 1756 1486; x_wconf 87' lang='lat' dir='ltr'><strong>meditatione</strong></span> <span class='ocrx_word' id='word_1_97' title='bbox 1781 1430 2020 1494; x_wconf 82' lang='lat' dir='ltr'><strong>virtutis,</strong></span> 
     </span>
    </p>
   </div>
   <div class='ocr_carea' id='block_1_17' title="bbox 435 1523 2018 1598">
    <p class='ocr_par' dir='ltr' id='par_1_17' title="bbox 435 1523 2018 1598">
     <span class='ocr_line' id='line_1_17' title="bbox 435 1523 2018 1598; baseline -0.005 -16"><span class='ocrx_word' id='word_1_98' title='bbox 435 1538 551 1583; x_wconf 90' lang='lat' dir='ltr'><strong>tum</strong></span> <span class='ocrx_word' id='word_1_99' title='bbox 595 1528 876 1598; x_wconf 78' lang='lat' dir='ltr'><strong>agnitione</strong></span> <span class='ocrx_word' id='word_1_100' title='bbox 930 1540 994 1580; x_wconf 85' lang='lat' dir='ltr'><strong>ae</strong></span> <span class='ocrx_word' id='word_1_101' title='bbox 1047 1523 1391 1593; x_wconf 78' lang='lat' dir='ltr'><strong>professione</strong></span> <span class='ocrx_word' id='word_1_102' title='bbox 1427 1523 1546 1592; x_wconf 78' lang='lat' dir='ltr'><strong>ejus</strong></span> <span class='ocrx_word' id='word_1_103' title='bbox 1601 1524 1693 1591; x_wconf 83' lang='lat' dir='ltr'><strong>qui</strong></span> <span class='ocrx_word' id='word_1_104' title='bbox 1747 1524 2018 1576; x_wconf 89' lang='lat' dir='ltr'><strong>bonorum</strong></span> 
     </span>
    </p>
   </div>
   <div class='ocr_carea' id='block_1_18' title="bbox 436 1612 2025 1686">
    <p class='ocr_par' dir='ltr' id='par_1_18' title="bbox 436 1612 2025 1686">
     <span class='ocr_line' id='line_1_18' title="bbox 436 1612 2025 1686; baseline -0.005 -13"><span class='ocrx_word' id='word_1_105' title='bbox 436 1619 596 1674; x_wconf 89' lang='lat' dir='ltr'><strong>nobis</strong></span> <span class='ocrx_word' id='word_1_106' title='bbox 633 1628 827 1674; x_wconf 79' lang='lat' dir='ltr'><strong>auctor</strong></span> <span class='ocrx_word' id='word_1_107' title='bbox 857 1627 959 1672; x_wconf 88' lang='lat' dir='ltr'><strong>est.</strong></span> <span class='ocrx_word' id='word_1_108' title='bbox 998 1614 1093 1669; x_wconf 71' lang='lat' dir='ltr'><strong>llis</strong></span> <span class='ocrx_word' id='word_1_109' title='bbox 1121 1615 1288 1684; x_wconf 83' lang='lat' dir='ltr'><strong>igitur</strong></span> <span class='ocrx_word' id='word_1_110' title='bbox 1315 1615 1382 1669; x_wconf 91' lang='lat' dir='ltr'><strong>de</strong></span> <span class='ocrx_word' id='word_1_111' title='bbox 1411 1614 1595 1686; x_wconf 81' lang='lat' dir='ltr'><strong>causis</strong></span> <span class='ocrx_word' id='word_1_112' title='bbox 1626 1613 1714 1666; x_wconf 86' lang='lat' dir='ltr'><strong>illa</strong></span> <span class='ocrx_word' id='word_1_113' title='bbox 1749 1612 1945 1667; x_wconf 73' lang='lat' dir='ltr'><strong>oﬂerct</strong></span> <span class='ocrx_word' id='word_1_114' title='bbox 1968 1619 2025 1668; x_wconf 91' lang='lat' dir='ltr'><strong>et</strong></span> 
     </span>
    </p>
   </div>
   <div class='ocr_carea' id='block_1_19' title="bbox 2132 596 3728 670">
    <p class='ocr_par' dir='ltr' id='par_1_19' title="bbox 2132 596 3728 670">
     <span class='ocr_line' id='line_1_19' title="bbox 2132 596 3728 670; baseline 0 -17"><span class='ocrx_word' id='word_1_115' title='bbox 2132 598 2427 670; x_wconf 80' lang='grc' dir='ltr'>μετάσχοι·</span> <span class='ocrx_word' id='word_1_116' title='bbox 2455 598 2548 651; x_wconf 80' lang='grc' dir='ltr'>τὸν</span> <span class='ocrx_word' id='word_1_117' title='bbox 2573 597 2629 652; x_wconf 78' lang='grc' dir='ltr'>δὲ</span> <span class='ocrx_word' id='word_1_118' title='bbox 2664 596 2872 668; x_wconf 78' lang='grc' dir='ltr'>φαῦλον</span> <span class='ocrx_word' id='word_1_119' title='bbox 2902 597 3088 652; x_wconf 78' lang='grc' dir='ltr'>ἄθλιον</span> <span class='ocrx_word' id='word_1_120' title='bbox 3119 598 3260 652; x_wconf 67' lang='grc' dir='ltr'>κατὰ</span> <span class='ocrx_word' id='word_1_121' title='bbox 3297 596 3552 653; x_wconf 80' lang='grc' dir='ltr'>τοσοῦτον</span> <span class='ocrx_word' id='word_1_122' title='bbox 3583 599 3728 654; x_wconf 60' lang='grc' dir='ltr'>καθ’θ</span> 
     </span>
    </p>
   </div>
   <div class='ocr_carea' id='block_1_20' title="bbox 2127 690 3700 762">
    <p class='ocr_par' dir='ltr' id='par_1_20' title="bbox 2127 690 3700 762">
     <span class='ocr_line' id='line_1_20' title="bbox 2127 690 3700 762; baseline 0.001 -15"><span class='ocrx_word' id='word_1_123' title='bbox 2127 693 2262 749; x_wconf 81' lang='grc' dir='ltr'>ὅσον,</span> <span class='ocrx_word' id='word_1_124' title='bbox 2290 690 2359 746; x_wconf 79' lang='grc' dir='ltr'>ἂν</span> <span class='ocrx_word' id='word_1_125' title='bbox 2390 692 2594 755; x_wconf 80' lang='grc' dir='ltr'>κακίας</span> <span class='ocrx_word' id='word_1_126' title='bbox 2622 691 2939 762; x_wconf 77' lang='grc' dir='ltr'>μεταλᾲϐοι.</span> <span class='ocrx_word' id='word_1_127' title='bbox 2974 691 3276 760; x_wconf 76' lang='grc' dir='ltr'><strong>Εὐγενείας</strong></span> <span class='ocrx_word' id='word_1_128' title='bbox 3301 693 3360 748; x_wconf 69' lang='grc' dir='ltr'>δὲ</span> <span class='ocrx_word' id='word_1_129' title='bbox 3390 691 3488 748; x_wconf 76' lang='grc' dir='ltr'>καὶ</span> <span class='ocrx_word' id='word_1_130' title='bbox 3513 692 3700 762; x_wconf 73' lang='grc' dir='ltr'>δυσγει-</span> 
     </span>
    </p>
   </div>
   <div class='ocr_carea' id='block_1_21' title="bbox 2127 784 3712 857">
    <p class='ocr_par' dir='ltr' id='par_1_21' title="bbox 2127 784 3712 857">
     <span class='ocr_line' id='line_1_21' title="bbox 2127 784 3712 857; baseline 0.001 -19"><span class='ocrx_word' id='word_1_131' title='bbox 2127 785 2296 852; x_wconf 86' lang='grc' dir='ltr'>νείας,</span> <span class='ocrx_word' id='word_1_132' title='bbox 2324 785 2422 839; x_wconf 73' lang='grc' dir='ltr'>καὶ</span> <span class='ocrx_word' id='word_1_133' title='bbox 2449 785 2623 857; x_wconf 78' lang='grc' dir='ltr'>ἀρχὰς</span> <span class='ocrx_word' id='word_1_134' title='bbox 2662 786 2757 839; x_wconf 80' lang='grc' dir='ltr'>καὶ</span> <span class='ocrx_word' id='word_1_135' title='bbox 2803 785 3098 849; x_wconf 78' lang='grc' dir='ltr'><strong>ἰδιωτείας,</strong></span> <span class='ocrx_word' id='word_1_136' title='bbox 3123 784 3224 840; x_wconf 76' lang='grc' dir='ltr'>καὶ</span> <span class='ocrx_word' id='word_1_137' title='bbox 3261 784 3421 853; x_wconf 81' lang='grc' dir='ltr'>δόξας</span> <span class='ocrx_word' id='word_1_138' title='bbox 3453 787 3552 842; x_wconf 75' lang='grc' dir='ltr'>καὶ</span> <span class='ocrx_word' id='word_1_139' title='bbox 3592 785 3712 839; x_wconf 80' lang='grc' dir='ltr'>ἁδο-</span> 
     </span>
    </p>
   </div>
   <div class='ocr_carea' id='block_1_22' title="bbox 2127 875 3711 949">
    <p class='ocr_par' dir='ltr' id='par_1_22' title="bbox 2127 875 3711 949">
     <span class='ocr_line' id='line_1_22' title="bbox 2127 875 3711 949; baseline 0.002 -20"><span class='ocrx_word' id='word_1_140' title='bbox 2127 875 2267 942; x_wconf 82' lang='grc' dir='ltr'>ξίας,</span> <span class='ocrx_word' id='word_1_141' title='bbox 2315 879 2412 932; x_wconf 77' lang='grc' dir='ltr'><strong>καὶ</strong></span> <span class='ocrx_word' id='word_1_142' title='bbox 2471 877 2740 942; x_wconf 82' lang='grc' dir='ltr'><strong>πλούτους</strong></span> <span class='ocrx_word' id='word_1_143' title='bbox 2797 878 2895 934; x_wconf 78' lang='grc' dir='ltr'>καὶ</span> <span class='ocrx_word' id='word_1_144' title='bbox 2960 879 3172 943; x_wconf 88' lang='grc' dir='ltr'>πενίας,</span> <span class='ocrx_word' id='word_1_145' title='bbox 3235 878 3330 932; x_wconf 83' lang='grc' dir='ltr'>καὶ</span> <span class='ocrx_word' id='word_1_146' title='bbox 3374 877 3570 949; x_wconf 75' lang='grc' dir='ltr'>ἡδονὰς</span> <span class='ocrx_word' id='word_1_147' title='bbox 3618 879 3711 932; x_wconf 77' lang='grc' dir='ltr'>καὶ</span> 
     </span>
    </p>
   </div>
   <div class='ocr_carea' id='block_1_23' title="bbox 2127 970 3714 1043">
    <p class='ocr_par' dir='ltr' id='par_1_23' title="bbox 2127 970 3714 1043">
     <span class='ocr_line' id='line_1_23' title="bbox 2127 970 3714 1043; baseline 0.001 -19"><span class='ocrx_word' id='word_1_148' title='bbox 2127 971 2348 1036; x_wconf 85' lang='grc' dir='ltr'>πόνους,</span> <span class='ocrx_word' id='word_1_149' title='bbox 2374 971 2468 1024; x_wconf 73' lang='grc' dir='ltr'>καὶ</span> <span class='ocrx_word' id='word_1_150' title='bbox 2502 970 2716 1041; x_wconf 82' lang='grc' dir='ltr'><strong>ὑγιείας</strong></span> <span class='ocrx_word' id='word_1_151' title='bbox 2761 972 2856 1024; x_wconf 73' lang='grc' dir='ltr'>καὶ</span> <span class='ocrx_word' id='word_1_152' title='bbox 2889 971 3104 1035; x_wconf 81' lang='grc' dir='ltr'><strong>νόσους,</strong></span> <span class='ocrx_word' id='word_1_153' title='bbox 3131 973 3230 1027; x_wconf 74' lang='grc' dir='ltr'>καὶ</span> <span class='ocrx_word' id='word_1_154' title='bbox 3271 970 3714 1043; x_wconf 83' lang='grc' dir='ltr'>μακροϐιότητας</span> 
     </span>
    </p>
   </div>
   <div class='ocr_carea' id='block_1_24' title="bbox 2129 1062 3713 1135">
    <p class='ocr_par' dir='ltr' id='par_1_24' title="bbox 2129 1062 3713 1135">
     <span class='ocr_line' id='line_1_24' title="bbox 2129 1062 3713 1135; baseline 0.001 -18"><span class='ocrx_word' id='word_1_155' title='bbox 2129 1062 2226 1117; x_wconf 81' lang='grc' dir='ltr'>καὶ</span> <span class='ocrx_word' id='word_1_156' title='bbox 2249 1062 2537 1128; x_wconf 83' lang='grc' dir='ltr'><strong>θανάτους,</strong></span> <span class='ocrx_word' id='word_1_157' title='bbox 2573 1065 2669 1118; x_wconf 76' lang='grc' dir='ltr'>καὶ</span> <span class='ocrx_word' id='word_1_158' title='bbox 2712 1063 2892 1118; x_wconf 85' lang='grc' dir='ltr'>πάντα</span> <span class='ocrx_word' id='word_1_159' title='bbox 2935 1065 3003 1118; x_wconf 81' lang='grc' dir='ltr'>τὰ</span> <span class='ocrx_word' id='word_1_160' title='bbox 3045 1065 3247 1130; x_wconf 71' lang='grc' dir='ltr'>τοιάδε,</span> <span class='ocrx_word' id='word_1_161' title='bbox 3277 1065 3422 1120; x_wconf 77' lang='grc' dir='ltr'>αὐτὰ</span> <span class='ocrx_word' id='word_1_162' title='bbox 3461 1065 3562 1135; x_wconf 79' lang='grc' dir='ltr'><strong>μὲν</strong></span> <span class='ocrx_word' id='word_1_163' title='bbox 3590 1063 3713 1118; x_wconf 79' lang='grc' dir='ltr'>καθ’</span> 
     </span>
    </p>
   </div>
   <div class='ocr_carea' id='block_1_25' title="bbox 2128 1150 3716 1227">
    <p class='ocr_par' dir='ltr' id='par_1_25' title="bbox 2128 1150 3716 1227">
     <span class='ocr_line' id='line_1_25' title="bbox 2128 1150 3716 1227; baseline 0.003 -19"><span class='ocrx_word' id='word_1_164' title='bbox 2128 1154 2273 1208; x_wconf 77' lang='grc' dir='ltr'>αὐτὰ</span> <span class='ocrx_word' id='word_1_165' title='bbox 2305 1154 2569 1227; x_wconf 75' lang='grc' dir='ltr'>οὐδέτερα</span> <span class='ocrx_word' id='word_1_166' title='bbox 2611 1153 2737 1208; x_wconf 71' lang='grc' dir='ltr'>οὔτε</span> <span class='ocrx_word' id='word_1_167' title='bbox 2773 1155 2956 1224; x_wconf 69' lang='grc' dir='ltr'>ἀγαθὰ</span> <span class='ocrx_word' id='word_1_168' title='bbox 2991 1154 3116 1210; x_wconf 75' lang='grc' dir='ltr'>οὔτε</span> <span class='ocrx_word' id='word_1_169' title='bbox 3167 1156 3315 1211; x_wconf 80' lang='grc' dir='ltr'>κακὰ</span> <span class='ocrx_word' id='word_1_170' title='bbox 3361 1150 3503 1210; x_wconf 77' lang='grc' dir='ltr'>εἶναι</span> <span class='ocrx_word' id='word_1_171' title='bbox 3544 1156 3716 1213; x_wconf 81' lang='grc' dir='ltr'>καθά.-</span> 
     </span>
    </p>
   </div>
   <div class='ocr_carea' id='block_1_26' title="bbox 2131 1242 3717 1320">
    <p class='ocr_par' dir='ltr' id='par_1_26' title="bbox 2131 1242 3717 1320">
     <span class='ocr_line' id='line_1_26' title="bbox 2131 1242 3717 1320; baseline 0.004 -24"><span class='ocrx_word' id='word_1_172' title='bbox 2131 1242 2257 1309; x_wconf 77' lang='grc' dir='ltr'>παξ.</span> <span class='ocrx_word' id='word_1_173' title='bbox 2293 1243 2514 1300; x_wconf 85' lang='grc' dir='ltr'>Τούτων</span> <span class='ocrx_word' id='word_1_174' title='bbox 2558 1247 2674 1318; x_wconf 73' lang='grc' dir='ltr'><strong>γὰρ</strong></span> <span class='ocrx_word' id='word_1_175' title='bbox 2721 1246 2874 1302; x_wconf 73' lang='grc' dir='ltr'>οὐδὲν</span> <span class='ocrx_word' id='word_1_176' title='bbox 2912 1246 3066 1319; x_wconf 62' lang='grc' dir='ltr'>*πρὸς</span> <span class='ocrx_word' id='word_1_177' title='bbox 3114 1248 3263 1318; x_wconf 71' lang='grc' dir='ltr'>ἡμᾶς</span> <span class='ocrx_word' id='word_1_178' title='bbox 3307 1247 3507 1312; x_wconf 79' lang='grc' dir='ltr'>αὐτοὺς</span> <span class='ocrx_word' id='word_1_179' title='bbox 3535 1248 3717 1320; x_wconf 67' lang='grc' dir='ltr'>τηνδὶ</span> 
     </span>
    </p>
   </div>
   <div class='ocr_carea' id='block_1_27' title="bbox 2127 1337 3715 1412">
    <p class='ocr_par' dir='ltr' id='par_1_27' title="bbox 2127 1337 3715 1412">
     <span class='ocr_line' id='line_1_27' title="bbox 2127 1337 3715 1412; baseline 0.001 -21"><span class='ocrx_word' id='word_1_180' title='bbox 2127 1337 2340 1392; x_wconf 81' lang='grc' dir='ltr'>τούτων</span> <span class='ocrx_word' id='word_1_181' title='bbox 2384 1339 2662 1411; x_wconf 75' lang='grc' dir='ltr'><strong>ὁποτέρων</strong></span> <span class='ocrx_word' id='word_1_182' title='bbox 2704 1339 2922 1411; x_wconf 84' lang='grc' dir='ltr'>χρῆσιν,</span> <span class='ocrx_word' id='word_1_183' title='bbox 2965 1339 3072 1394; x_wconf 70' lang='grc' dir='ltr'>’σὺν</span> <span class='ocrx_word' id='word_1_184' title='bbox 3124 1341 3225 1412; x_wconf 82' lang='grc' dir='ltr'><strong>μὲν</strong></span> <span class='ocrx_word' id='word_1_185' title='bbox 3279 1340 3359 1412; x_wconf 83' lang='grc' dir='ltr'>τῷ</span> <span class='ocrx_word' id='word_1_186' title='bbox 3390 1340 3567 1395; x_wconf 78' lang='grc' dir='ltr'>δέοντι</span> <span class='ocrx_word' id='word_1_187' title='bbox 3619 1339 3715 1394; x_wconf 81' lang='grc' dir='ltr'>καὶ</span> 
     </span>
    </p>
   </div>
   <div class='ocr_carea' id='block_1_28' title="bbox 2131 1428 3714 1503">
    <p class='ocr_par' dir='ltr' id='par_1_28' title="bbox 2131 1428 3714 1503">
     <span class='ocr_line' id='line_1_28' title="bbox 2131 1428 3714 1503; baseline -0.001 -19"><span class='ocrx_word' id='word_1_188' title='bbox 2131 1428 2338 1502; x_wconf 78' lang='grc' dir='ltr'>ἀρετὴν</span> <span class='ocrx_word' id='word_1_189' title='bbox 2379 1431 2734 1500; x_wconf 81' lang='grc' dir='ltr'>γιγνομένην,</span> <span class='ocrx_word' id='word_1_190' title='bbox 2761 1432 2974 1503; x_wconf 78' lang='grc' dir='ltr'>ἀγαθήν</span> <span class='ocrx_word' id='word_1_191' title='bbox 3005 1449 3064 1486; x_wconf 91' lang='grc' dir='ltr'><strong>τε</strong></span> <span class='ocrx_word' id='word_1_192' title='bbox 3099 1434 3195 1487; x_wconf 78' lang='grc' dir='ltr'>καὶ</span> <span class='ocrx_word' id='word_1_193' title='bbox 3242 1432 3539 1502; x_wconf 69' lang='grc' dir='ltr'>εὐδαίμονα</span> <span class='ocrx_word' id='word_1_194' title='bbox 3579 1432 3714 1501; x_wconf 77' lang='grc' dir='ltr'>ἡμῖν</span> 
     </span>
    </p>
   </div>
   <div class='ocr_carea' id='block_1_29' title="bbox 2133 1521 3716 1596">
    <p class='ocr_par' dir='ltr' id='par_1_29' title="bbox 2133 1521 3716 1596">
     <span class='ocr_line' id='line_1_29' title="bbox 2133 1521 3716 1596; baseline 0.003 -23"><span class='ocrx_word' id='word_1_195' title='bbox 2133 1521 2520 1587; x_wconf 70' lang='grc' dir='ltr'><strong>καθίστασθαι,</strong></span> <span class='ocrx_word' id='word_1_196' title='bbox 2552 1524 2648 1578; x_wconf 81' lang='grc' dir='ltr'>σὺν</span> <span class='ocrx_word' id='word_1_197' title='bbox 2682 1525 2740 1578; x_wconf 81' lang='grc' dir='ltr'>δὲ</span> <span class='ocrx_word' id='word_1_198' title='bbox 2792 1525 2961 1596; x_wconf 79' lang='grc' dir='ltr'>κακίᾳ</span> <span class='ocrx_word' id='word_1_199' title='bbox 2998 1525 3295 1596; x_wconf 67' lang='grc' dir='ltr'>βλαϐερὰν,</span> <span class='ocrx_word' id='word_1_200' title='bbox 3323 1527 3422 1581; x_wconf 75' lang='grc' dir='ltr'>καὶ</span> <span class='ocrx_word' id='word_1_201' title='bbox 3457 1524 3716 1580; x_wconf 79' lang='grc' dir='ltr'>κακοδαί-</span> 
     </span>
    </p>
   </div>
   <div class='ocr_carea' id='block_1_30' title="bbox 2136 1628 2298 1683">
    <p class='ocr_par' dir='ltr' id='par_1_30' title="bbox 2136 1628 2298 1683">
     <span class='ocr_line' id='line_1_30' title="bbox 2136 1628 2298 1683; baseline -0.019 -15"><span class='ocrx_word' id='word_1_202' title='bbox 2136 1628 2298 1683; x_wconf 85' lang='grc' dir='ltr'>μονα.</span> 
     </span>
    </p>
   </div>
   <div class='ocr_carea' id='block_1_31' title="bbox 439 1709 3717 1782">
    <p class='ocr_par' dir='ltr' id='par_1_31' title="bbox 439 1709 3717 1782">
     <span class='ocr_line' id='line_1_31' title="bbox 439 1709 3717 1782; baseline 0.001 -12"><span class='ocrx_word' id='word_1_203' title='bbox 439 1713 751 1770; x_wconf 80' lang='lat' dir='ltr'><strong>sanetitatis</strong></span> <span class='ocrx_word' id='word_1_204' title='bbox 802 1727 1028 1767; x_wconf 83' lang='lat' dir='ltr'><strong>munere</strong></span> <span class='ocrx_word' id='word_1_205' title='bbox 1076 1711 1356 1781; x_wconf 84' lang='lat' dir='ltr'><strong>fungetur,</strong></span> <span class='ocrx_word' id='word_1_206' title='bbox 1410 1709 1778 1780; x_wconf 74' lang='lat' dir='ltr'><strong>principatum</strong></span> <span class='ocrx_word' id='word_1_207' title='bbox 1824 1709 2010 1766; x_wconf 78' lang='lat' dir='ltr'><strong>divino</strong></span> <span class='ocrx_word' id='word_1_208' title='bbox 2075 1709 2242 1765; x_wconf 89' lang='lat' dir='ltr'><strong>cultui</strong></span> <span class='ocrx_word' id='word_1_209' title='bbox 2283 1728 2409 1767; x_wconf 92' lang='lat' dir='ltr'><strong>cum</strong></span> <span class='ocrx_word' id='word_1_210' title='bbox 2475 1712 2526 1766; x_wconf 91' lang='lat' dir='ltr'><strong>in</strong></span> <span class='ocrx_word' id='word_1_211' title='bbox 2576 1713 2694 1782; x_wconf 88' lang='lat' dir='ltr'><strong>ipsa</strong></span> <span class='ocrx_word' id='word_1_212' title='bbox 2745 1713 3054 1781; x_wconf 86' lang='lat' dir='ltr'><strong>sanctitate,</strong></span> <span class='ocrx_word' id='word_1_213' title='bbox 3087 1722 3200 1768; x_wconf 90' lang='lat' dir='ltr'><strong>tmn</strong></span> <span class='ocrx_word' id='word_1_214' title='bbox 3245 1714 3300 1768; x_wconf 92' lang='lat' dir='ltr'><strong>in</strong></span> <span class='ocrx_word' id='word_1_215' title='bbox 3363 1722 3473 1771; x_wconf 89' lang='lat' dir='ltr'><strong>tota</strong></span> <span class='ocrx_word' id='word_1_216' title='bbox 3515 1718 3717 1775; x_wconf 86' lang='lat' dir='ltr'><strong>virtute</strong></span> 
     </span>
    </p>
   </div>
   <div class='ocr_carea' id='block_1_32' title="bbox 439 1802 3722 1878">
    <p class='ocr_par' dir='ltr' id='par_1_32' title="bbox 439 1802 3722 1878">
     <span class='ocr_line' id='line_1_32' title="bbox 439 1802 3722 1878; baseline -0 -12"><span class='ocrx_word' id='word_1_217' title='bbox 439 1809 761 1873; x_wconf 85' lang='lat' dir='ltr'><strong>deferendo,</strong></span> <span class='ocrx_word' id='word_1_218' title='bbox 791 1818 850 1862; x_wconf 91' lang='lat' dir='ltr'><strong>ut</strong></span> <span class='ocrx_word' id='word_1_219' title='bbox 900 1817 954 1863; x_wconf 92' lang='lat' dir='ltr'><strong>et</strong></span> <span class='ocrx_word' id='word_1_220' title='bbox 987 1812 1148 1878; x_wconf 87' lang='lat' dir='ltr'><strong>supra</strong></span> <span class='ocrx_word' id='word_1_221' title='bbox 1178 1813 1667 1862; x_wconf 87' lang='lat' dir='ltr'><strong>commemoratum</strong></span> <span class='ocrx_word' id='word_1_222' title='bbox 1720 1813 1826 1871; x_wconf 89' lang='lat' dir='ltr'><strong>est,</strong></span> <span class='ocrx_word' id='word_1_223' title='bbox 1856 1807 2085 1862; x_wconf 86' lang='lat' dir='ltr'><strong>omnino</strong></span> <span class='ocrx_word' id='word_1_224' title='bbox 2131 1815 2312 1863; x_wconf 84' lang='lat' dir='ltr'><strong>autem</strong></span> <span class='ocrx_word' id='word_1_225' title='bbox 2347 1802 2720 1864; x_wconf 80' lang='lat' dir='ltr'><strong>beatissimam</strong></span> <span class='ocrx_word' id='word_1_226' title='bbox 2757 1810 2922 1864; x_wconf 89' lang='lat' dir='ltr'><strong>vitam</strong></span> <span class='ocrx_word' id='word_1_227' title='bbox 2951 1808 3017 1863; x_wconf 88' lang='lat' dir='ltr'><strong>ad</strong></span> <span class='ocrx_word' id='word_1_228' title='bbox 3047 1808 3144 1864; x_wconf 87' lang='lat' dir='ltr'><strong>Dei</strong></span> <span class='ocrx_word' id='word_1_229' title='bbox 3183 1808 3604 1866; x_wconf 89' lang='lat' dir='ltr'><strong>intellectionem</strong></span> <span class='ocrx_word' id='word_1_230' title='bbox 3628 1827 3722 1870; x_wconf 83' lang='lat' dir='ltr'><strong>re-</strong></span> 
     </span>
    </p>
   </div>
   <div class='ocr_carea' id='block_1_33' title="bbox 443 1897 3719 1974">
    <p class='ocr_par' dir='ltr' id='par_1_33' title="bbox 443 1897 3719 1974">
     <span class='ocr_line' id='line_1_33' title="bbox 443 1897 3719 1974; baseline -0.001 -16"><span class='ocrx_word' id='word_1_231' title='bbox 443 1907 577 1958; x_wconf 81' lang='lat' dir='ltr'><strong>feret</strong></span> <span class='ocrx_word' id='word_1_232' title='bbox 606 1912 770 1969; x_wconf 88' lang='lat' dir='ltr'><strong>atque</strong></span> <span class='ocrx_word' id='word_1_233' title='bbox 803 1902 874 1955; x_wconf 91' lang='lat' dir='ltr'><strong>ita</strong></span> <span class='ocrx_word' id='word_1_234' title='bbox 906 1902 1207 1970; x_wconf 77' lang='lat' dir='ltr'><strong>continget,</strong></span> <span class='ocrx_word' id='word_1_235' title='bbox 1233 1911 1292 1956; x_wconf 89' lang='lat' dir='ltr'><strong>ut</strong></span> <span class='ocrx_word' id='word_1_236' title='bbox 1313 1898 1616 1964; x_wconf 89' lang='lat' dir='ltr'><strong>virbonus,</strong></span> <span class='ocrx_word' id='word_1_237' title='bbox 1645 1897 1786 1952; x_wconf 88' lang='lat' dir='ltr'><strong>idem</strong></span> <span class='ocrx_word' id='word_1_238' title='bbox 1849 1906 1903 1953; x_wconf 89' lang='lat' dir='ltr'><strong>et</strong></span> <span class='ocrx_word' id='word_1_239' title='bbox 1935 1899 2129 1956; x_wconf 88' lang='lat' dir='ltr'><strong>beatus</strong></span> <span class='ocrx_word' id='word_1_240' title='bbox 2159 1901 2232 1954; x_wconf 86' lang='lat' dir='ltr'><strong>sit</strong></span> <span class='ocrx_word' id='word_1_241' title='bbox 2293 1911 2349 1956; x_wconf 86' lang='lat' dir='ltr'><strong>et</strong></span> <span class='ocrx_word' id='word_1_242' title='bbox 2388 1900 2538 1968; x_wconf 81' lang='lat' dir='ltr'><strong>felix,</strong></span> <span class='ocrx_word' id='word_1_243' title='bbox 2569 1902 2737 1973; x_wconf 87' lang='lat' dir='ltr'><strong>idque</strong></span> <span class='ocrx_word' id='word_1_244' title='bbox 2769 1918 2833 1958; x_wconf 90' lang='lat' dir='ltr'><strong>ea</strong></span> <span class='ocrx_word' id='word_1_245' title='bbox 2867 1903 3081 1958; x_wconf 81' lang='lat' dir='ltr'><strong>ratione</strong></span> <span class='ocrx_word' id='word_1_246' title='bbox 3129 1911 3184 1958; x_wconf 86' lang='lat' dir='ltr'><strong>et</strong></span> <span class='ocrx_word' id='word_1_247' title='bbox 3235 1908 3489 1968; x_wconf 77' lang='lat' dir='ltr'><strong>eatenus,</strong></span> <span class='ocrx_word' id='word_1_248' title='bbox 3523 1918 3719 1974; x_wconf 72' lang='lat' dir='ltr'><strong>quate-</strong></span> 
     </span>
    </p>
   </div>
   <div class='ocr_carea' id='block_1_34' title="bbox 440 1993 3722 2066">
    <p class='ocr_par' dir='ltr' id='par_1_34' title="bbox 440 1993 3722 2066">
     <span class='ocr_line' id='line_1_34' title="bbox 440 1993 3722 2066; baseline 0.002 -14"><span class='ocrx_word' id='word_1_249' title='bbox 440 2013 546 2052; x_wconf 74' lang='lat' dir='ltr'><strong>rtus</strong></span> <span class='ocrx_word' id='word_1_250' title='bbox 606 1995 827 2051; x_wconf 75' lang='lat' dir='ltr'><strong>virtutis</strong></span> <span class='ocrx_word' id='word_1_251' title='bbox 879 1993 1045 2050; x_wconf 88' lang='lat' dir='ltr'><strong>fuerit</strong></span> <span class='ocrx_word' id='word_1_252' title='bbox 1099 1993 1400 2066; x_wconf 88' lang='lat' dir='ltr'><strong>particeps,</strong></span> <span class='ocrx_word' id='word_1_253' title='bbox 1429 2005 1721 2059; x_wconf 84' lang='lat' dir='ltr'><strong>perversos</strong></span> <span class='ocrx_word' id='word_1_254' title='bbox 1753 2000 1936 2046; x_wconf 90' lang='lat' dir='ltr'><strong>autem</strong></span> <span class='ocrx_word' id='word_1_255' title='bbox 1964 2029 1980 2055; x_wconf 89' lang='lat'><strong>,</strong></span> <span class='ocrx_word' id='word_1_256' title='bbox 2010 2002 2242 2047; x_wconf 88' lang='lat' dir='ltr'><strong>eatenus</strong></span> <span class='ocrx_word' id='word_1_257' title='bbox 2299 1993 2466 2048; x_wconf 89' lang='lat' dir='ltr'><strong>miser</strong></span> <span class='ocrx_word' id='word_1_258' title='bbox 2517 1995 2622 2062; x_wconf 85' lang='lat' dir='ltr'><strong>sit,</strong></span> <span class='ocrx_word' id='word_1_259' title='bbox 2657 2005 2934 2063; x_wconf 89' lang='lat' dir='ltr'><strong>quatenus</strong></span> <span class='ocrx_word' id='word_1_260' title='bbox 2971 1999 3122 2059; x_wconf 86' lang='lat' dir='ltr'><strong>vitiis</strong></span> <span class='ocrx_word' id='word_1_261' title='bbox 3171 2004 3336 2062; x_wconf 85' lang='lat' dir='ltr'><strong>fuerit</strong></span> <span class='ocrx_word' id='word_1_262' title='bbox 3376 2005 3722 2060; x_wconf 84' lang='lat' dir='ltr'><strong>contamina-</strong></span> 
     </span>
    </p>
   </div>
   <div class='ocr_carea' id='block_1_35' title="bbox 438 2083 3722 2171">
    <p class='ocr_par' dir='ltr' id='par_1_35' title="bbox 438 2083 3722 2171">
     <span class='ocr_line' id='line_1_35' title="bbox 438 2083 3722 2171; baseline 0.003 -26"><span class='ocrx_word' id='word_1_263' title='bbox 438 2101 546 2146; x_wconf 89' lang='lat' dir='ltr'><strong>tus.</strong></span> <span class='ocrx_word' id='word_1_264' title='bbox 595 2089 864 2146; x_wconf 85' lang='lat' dir='ltr'><strong>Nobilitas</strong></span> <span class='ocrx_word' id='word_1_265' title='bbox 909 2097 1091 2143; x_wconf 90' lang='lat' dir='ltr'><strong>autem</strong></span> <span class='ocrx_word' id='word_1_266' title='bbox 1147 2095 1201 2142; x_wconf 89' lang='lat' dir='ltr'><strong>et</strong></span> <span class='ocrx_word' id='word_1_267' title='bbox 1236 2083 1568 2156; x_wconf 78' lang='lat' dir='ltr'><strong>ignobilitas,</strong></span> <span class='ocrx_word' id='word_1_268' title='bbox 1603 2084 1957 2154; x_wconf 83' lang='lat' dir='ltr'><strong>magistratus</strong></span> <span class='ocrx_word' id='word_1_269' title='bbox 2019 2093 2074 2140; x_wconf 89' lang='lat' dir='ltr'><strong>et</strong></span> <span class='ocrx_word' id='word_1_270' title='bbox 2116 2087 2223 2142; x_wconf 77' lang='lat' dir='ltr'><strong>vita</strong></span> <span class='ocrx_word' id='word_1_271' title='bbox 2256 2088 2492 2158; x_wconf 87' lang='lat' dir='ltr'><strong>privata,</strong></span> <span class='ocrx_word' id='word_1_272' title='bbox 2531 2089 2736 2147; x_wconf 72' lang='lat' dir='ltr'><strong>divitia:</strong></span> <span class='ocrx_word' id='word_1_273' title='bbox 2764 2102 2820 2148; x_wconf 89' lang='lat' dir='ltr'><strong>et</strong></span> <span class='ocrx_word' id='word_1_274' title='bbox 2854 2106 3175 2166; x_wconf 84' lang='lat' dir='ltr'><strong>paupertas,</strong></span> <span class='ocrx_word' id='word_1_275' title='bbox 3206 2099 3513 2171; x_wconf 82' lang='lat' dir='ltr'><strong>voluptates</strong></span> <span class='ocrx_word' id='word_1_276' title='bbox 3551 2112 3606 2156; x_wconf 88' lang='lat' dir='ltr'><strong>et</strong></span> <span class='ocrx_word' id='word_1_277' title='bbox 3636 2103 3722 2156; x_wconf 84' lang='lat' dir='ltr'><strong>la-</strong></span> 
     </span>
    </p>
   </div>
   <div class='ocr_carea' id='block_1_36' title="bbox 437 2182 3718 2267">
    <p class='ocr_par' dir='ltr' id='par_1_36' title="bbox 437 2182 3718 2267">
     <span class='ocr_line' id='line_1_36' title="bbox 437 2182 3718 2267; baseline 0.003 -21"><span class='ocrx_word' id='word_1_278' title='bbox 437 2192 625 2251; x_wconf 87' lang='lat' dir='ltr'><strong>bores.</strong></span> <span class='ocrx_word' id='word_1_279' title='bbox 665 2187 874 2244; x_wconf 90' lang='lat' dir='ltr'><strong>sanitas</strong></span> <span class='ocrx_word' id='word_1_280' title='bbox 930 2192 986 2240; x_wconf 87' lang='lat' dir='ltr'><strong>et</strong></span> <span class='ocrx_word' id='word_1_281' title='bbox 1050 2183 1250 2251; x_wconf 80' lang='lat' dir='ltr'><strong>morbi,</strong></span> <span class='ocrx_word' id='word_1_282' title='bbox 1283 2182 1602 2252; x_wconf 65' lang='lat' dir='ltr'><strong>longaevitas</strong></span> <span class='ocrx_word' id='word_1_283' title='bbox 1627 2191 1683 2238; x_wconf 87' lang='lat' dir='ltr'><strong>et</strong></span> <span class='ocrx_word' id='word_1_284' title='bbox 1713 2197 1887 2250; x_wconf 89' lang='lat' dir='ltr'><strong>mors,</strong></span> <span class='ocrx_word' id='word_1_285' title='bbox 1927 2192 2090 2254; x_wconf 89' lang='lat' dir='ltr'><strong>atque</strong></span> <span class='ocrx_word' id='word_1_286' title='bbox 2130 2185 2182 2239; x_wconf 94' lang='lat' dir='ltr'><strong>id</strong></span> <span class='ocrx_word' id='word_1_287' title='bbox 2214 2202 2386 2256; x_wconf 90' lang='lat' dir='ltr'><strong>genus</strong></span> <span class='ocrx_word' id='word_1_288' title='bbox 2419 2189 2628 2252; x_wconf 88' lang='lat' dir='ltr'><strong>omnia,</strong></span> <span class='ocrx_word' id='word_1_289' title='bbox 2683 2191 2800 2261; x_wconf 86' lang='lat' dir='ltr'><strong>ipsa</strong></span> <span class='ocrx_word' id='word_1_290' title='bbox 2837 2193 3058 2262; x_wconf 80' lang='lat' dir='ltr'><strong>quidem</strong></span> <span class='ocrx_word' id='word_1_291' title='bbox 3110 2205 3303 2267; x_wconf 89' lang='lat' dir='ltr'><strong>suapte</strong></span> <span class='ocrx_word' id='word_1_292' title='bbox 3347 2206 3540 2254; x_wconf 87' lang='lat' dir='ltr'><strong>natura</strong></span> <span class='ocrx_word' id='word_1_293' title='bbox 3587 2215 3718 2256; x_wconf 79' lang='lat' dir='ltr'><strong>ncu-</strong></span> 
     </span>
    </p>
   </div>
   <div class='ocr_carea' id='block_1_37' title="bbox 447 2272 3722 2357">
    <p class='ocr_par' dir='ltr' id='par_1_37' title="bbox 447 2272 3722 2357">
     <span class='ocr_line' id='line_1_37' title="bbox 447 2272 3722 2357; baseline 0.003 -22"><span class='ocrx_word' id='word_1_294' title='bbox 447 2279 586 2335; x_wconf 82' lang='lat' dir='ltr'><strong>trius</strong></span> <span class='ocrx_word' id='word_1_295' title='bbox 645 2285 774 2333; x_wconf 90' lang='lat' dir='ltr'><strong>sunt</strong></span> <span class='ocrx_word' id='word_1_296' title='bbox 825 2274 1066 2348; x_wconf 87' lang='lat' dir='ltr'><strong>generis,</strong></span> <span class='ocrx_word' id='word_1_297' title='bbox 1096 2287 1276 2344; x_wconf 89' lang='lat' dir='ltr'><strong>neque</strong></span> <span class='ocrx_word' id='word_1_298' title='bbox 1305 2272 1535 2328; x_wconf 91' lang='lat' dir='ltr'><strong>omnino</strong></span> <span class='ocrx_word' id='word_1_299' title='bbox 1566 2273 1707 2328; x_wconf 88' lang='lat' dir='ltr'><strong>bona</strong></span> <span class='ocrx_word' id='word_1_300' title='bbox 1740 2287 1840 2328; x_wconf 90' lang='lat' dir='ltr'><strong>nec</strong></span> <span class='ocrx_word' id='word_1_301' title='bbox 1888 2274 2030 2329; x_wconf 84' lang='lat' dir='ltr'><strong>mala</strong></span> <span class='ocrx_word' id='word_1_302' title='bbox 2063 2315 2079 2341; x_wconf 97' lang='lat'><strong>,</strong></span> <span class='ocrx_word' id='word_1_303' title='bbox 2120 2277 2258 2331; x_wconf 86' lang='lat' dir='ltr'><strong>nihil</strong></span> <span class='ocrx_word' id='word_1_304' title='bbox 2286 2279 2488 2334; x_wconf 89' lang='lat' dir='ltr'><strong>etenim</strong></span> <span class='ocrx_word' id='word_1_305' title='bbox 2525 2281 2722 2336; x_wconf 88' lang='lat' dir='ltr'><strong>horum</strong></span> <span class='ocrx_word' id='word_1_306' title='bbox 2757 2283 2825 2337; x_wconf 83' lang='lat' dir='ltr'><strong>ad</strong></span> <span class='ocrx_word' id='word_1_307' title='bbox 2859 2288 3229 2355; x_wconf 82' lang='lat' dir='ltr'><strong>nosmetipsos</strong></span> <span class='ocrx_word' id='word_1_308' title='bbox 3280 2288 3541 2357; x_wconf 82' lang='lat' dir='ltr'><strong>pertinet,</strong></span> <span class='ocrx_word' id='word_1_309' title='bbox 3570 2301 3722 2346; x_wconf 87' lang='lat' dir='ltr'><strong>utro-</strong></span> 
     </span>
    </p>
   </div>
   <div class='ocr_carea' id='block_1_38' title="bbox 442 2366 3718 2456">
    <p class='ocr_par' dir='ltr' id='par_1_38' title="bbox 442 2366 3718 2456">
     <span class='ocr_line' id='line_1_38' title="bbox 442 2366 3718 2456; baseline 0.003 -25"><span class='ocrx_word' id='word_1_310' title='bbox 442 2373 655 2431; x_wconf 74' lang='lat' dir='ltr'><strong>rumvis</strong></span> <span class='ocrx_word' id='word_1_311' title='bbox 690 2380 873 2426; x_wconf 89' lang='lat' dir='ltr'><strong>autem</strong></span> <span class='ocrx_word' id='word_1_312' title='bbox 911 2384 1048 2425; x_wconf 90' lang='lat' dir='ltr'><strong>usus</strong></span> <span class='ocrx_word' id='word_1_313' title='bbox 1083 2366 1365 2439; x_wconf 84' lang='lat' dir='ltr'><strong>legitimus</strong></span> <span class='ocrx_word' id='word_1_314' title='bbox 1398 2366 1446 2423; x_wconf 88' lang='lat' dir='ltr'><strong>si</strong></span> <span class='ocrx_word' id='word_1_315' title='bbox 1482 2381 1608 2422; x_wconf 89' lang='lat' dir='ltr'><strong>cum</strong></span> <span class='ocrx_word' id='word_1_316' title='bbox 1638 2367 1843 2423; x_wconf 91' lang='lat' dir='ltr'><strong>virtute</strong></span> <span class='ocrx_word' id='word_1_317' title='bbox 1873 2368 2266 2442; x_wconf 74' lang='lat' dir='ltr'><strong>coniungatur,</strong></span> <span class='ocrx_word' id='word_1_318' title='bbox 2299 2373 2472 2430; x_wconf 84' lang='lat' dir='ltr'><strong>bonus</strong></span> <span class='ocrx_word' id='word_1_319' title='bbox 2507 2374 2668 2432; x_wconf 90' lang='lat' dir='ltr'><strong>nobis</strong></span> <span class='ocrx_word' id='word_1_320' title='bbox 2695 2375 2967 2432; x_wconf 84' lang='lat' dir='ltr'><strong>ellieietur</strong></span> <span class='ocrx_word' id='word_1_321' title='bbox 2995 2388 3051 2434; x_wconf 93' lang='lat' dir='ltr'><strong>et</strong></span> <span class='ocrx_word' id='word_1_322' title='bbox 3086 2379 3248 2448; x_wconf 79' lang='lat' dir='ltr'><strong>felix,</strong></span> <span class='ocrx_word' id='word_1_323' title='bbox 3297 2397 3420 2436; x_wconf 88' lang='lat' dir='ltr'><strong>cum</strong></span> <span class='ocrx_word' id='word_1_324' title='bbox 3467 2383 3718 2456; x_wconf 87' lang='lat' dir='ltr'><strong>improbi-</strong></span> 
     </span>
    </p>
   </div>
   <div class='ocr_carea' id='block_1_39' title="bbox 444 2459 1403 2523">
    <p class='ocr_par' dir='ltr' id='par_1_39' title="bbox 444 2459 1403 2523">
     <span class='ocr_line' id='line_1_39' title="bbox 444 2459 1403 2523; baseline -0.009 0"><span class='ocrx_word' id='word_1_325' title='bbox 444 2478 554 2523; x_wconf 87' lang='lat' dir='ltr'><strong>tate</strong></span> <span class='ocrx_word' id='word_1_326' title='bbox 607 2475 789 2522; x_wconf 87' lang='lat' dir='ltr'><strong>autem</strong></span> <span class='ocrx_word' id='word_1_327' title='bbox 842 2463 1042 2520; x_wconf 79' lang='lat' dir='ltr'><strong>noxius</strong></span> <span class='ocrx_word' id='word_1_328' title='bbox 1083 2469 1137 2518; x_wconf 88' lang='lat' dir='ltr'><strong>et</strong></span> <span class='ocrx_word' id='word_1_329' title='bbox 1191 2459 1403 2516; x_wconf 80' lang='lat' dir='ltr'><strong>infelix.</strong></span> 
     </span>
    </p>
   </div>
   <div class='ocr_carea' id='block_1_40' title="bbox 515 2551 2035 2644">
    <p class='ocr_par' dir='ltr' id='par_1_40' title="bbox 515 2551 2028 2631">
     <span class='ocr_line' id='line_1_40' title="bbox 515 2551 2028 2631; baseline -0.007 -13"><span class='ocrx_word' id='word_1_330' title='bbox 515 2562 695 2631; x_wconf 83' lang='lat' dir='ltr'><strong>Atque</strong></span> <span class='ocrx_word' id='word_1_331' title='bbox 724 2560 838 2614; x_wconf 70' lang='lat' dir='ltr'><strong>lucc</strong></span> <span class='ocrx_word' id='word_1_332' title='bbox 877 2557 945 2613; x_wconf 92' lang='lat' dir='ltr'><strong>de</strong></span> <span class='ocrx_word' id='word_1_333' title='bbox 972 2557 1192 2622; x_wconf 86' lang='lat' dir='ltr'><strong>virtute,</strong></span> <span class='ocrx_word' id='word_1_334' title='bbox 1212 2552 1445 2624; x_wconf 81' lang='lat' dir='ltr'><strong>ejusque</strong></span> <span class='ocrx_word' id='word_1_335' title='bbox 1475 2551 1745 2622; x_wconf 85' lang='lat' dir='ltr'><strong>partibus,</strong></span> <span class='ocrx_word' id='word_1_336' title='bbox 1768 2567 1938 2624; x_wconf 88' lang='lat' dir='ltr'><strong>pauca</strong></span> <span class='ocrx_word' id='word_1_337' title='bbox 1961 2551 2028 2608; x_wconf 86' lang='lat' dir='ltr'><strong>de</strong></span> 
     </span>
    </p>
   </div>
   <div class='ocr_carea' id='block_1_41' title="bbox 2140 2551 3724 2644">
    <p class='ocr_par' dir='ltr' id='par_1_41' title="bbox 2211 2557 3724 2644">
     <span class='ocr_line' id='line_1_41' title="bbox 2211 2557 3724 2644; baseline 0.007 -28"><span class='ocrx_word' id='word_1_338' title='bbox 2211 2557 2466 2616; x_wconf 81' lang='grc' dir='ltr'><strong>Τοσαῦτα</strong></span> <span class='ocrx_word' id='word_1_339' title='bbox 2522 2562 2652 2633; x_wconf 75' lang='grc' dir='ltr'>περὶ</span> <span class='ocrx_word' id='word_1_340' title='bbox 2707 2563 2912 2635; x_wconf 82' lang='grc' dir='ltr'>ἀρετῆς</span> <span class='ocrx_word' id='word_1_341' title='bbox 2972 2565 3068 2620; x_wconf 79' lang='grc' dir='ltr'>καὶ</span> <span class='ocrx_word' id='word_1_342' title='bbox 3124 2568 3234 2624; x_wconf 84' lang='grc' dir='ltr'><strong>τῶν</strong></span> <span class='ocrx_word' id='word_1_343' title='bbox 3283 2570 3485 2642; x_wconf 70' lang='grc' dir='ltr'>ταύτης</span> <span class='ocrx_word' id='word_1_344' title='bbox 3517 2572 3724 2644; x_wconf 80' lang='grc' dir='ltr'>μορίων</span> 
     </span>
    </p>
   </div>
   <div class='ocr_carea' id='block_1_42' title="bbox 440 2645 2031 2724">
    <p class='ocr_par' dir='ltr' id='par_1_42' title="bbox 440 2645 2031 2724">
     <span class='ocr_line' id='line_1_42' title="bbox 440 2645 2031 2724; baseline -0.01 -9"><span class='ocrx_word' id='word_1_345' title='bbox 440 2658 634 2715; x_wconf 87' lang='lat' dir='ltr'><strong>multis</strong></span> <span class='ocrx_word' id='word_1_346' title='bbox 662 2653 771 2710; x_wconf 89' lang='lat' dir='ltr'><strong>dici</strong></span> <span class='ocrx_word' id='word_1_347' title='bbox 795 2659 1019 2724; x_wconf 81' lang='lat' dir='ltr'><strong>queant,</strong></span> <span class='ocrx_word' id='word_1_348' title='bbox 1037 2649 1082 2706; x_wconf 90' lang='lat' dir='ltr'><strong>si</strong></span> <span class='ocrx_word' id='word_1_349' title='bbox 1102 2648 1226 2720; x_wconf 90' lang='lat' dir='ltr'><strong>quis</strong></span> <span class='ocrx_word' id='word_1_350' title='bbox 1247 2647 1362 2718; x_wconf 92' lang='lat' dir='ltr'><strong>ipsa</strong></span> <span class='ocrx_word' id='word_1_351' title='bbox 1381 2646 1494 2702; x_wconf 88' lang='lat' dir='ltr'><strong>fere</strong></span> <span class='ocrx_word' id='word_1_352' title='bbox 1510 2645 1688 2716; x_wconf 86' lang='lat' dir='ltr'><strong>capita</strong></span> <span class='ocrx_word' id='word_1_353' title='bbox 1705 2645 2031 2717; x_wconf 76' lang='lat' dir='ltr'><strong>diSputatio-</strong></span> 
     </span>
    </p>
   </div>
   <div class='ocr_carea' id='block_1_43' title="bbox 442 2739 2030 2818">
    <p class='ocr_par' dir='ltr' id='par_1_43' title="bbox 442 2739 2030 2818">
     <span class='ocr_line' id='line_1_43' title="bbox 442 2739 2030 2818; baseline -0.011 -9"><span class='ocrx_word' id='word_1_354' title='bbox 442 2767 575 2808; x_wconf 84' lang='lat' dir='ltr'><strong>num</strong></span> <span class='ocrx_word' id='word_1_355' title='bbox 604 2765 793 2806; x_wconf 88' lang='lat' dir='ltr'><strong>earum</strong></span> <span class='ocrx_word' id='word_1_356' title='bbox 817 2761 940 2818; x_wconf 72' lang='lat' dir='ltr'><strong>qua:</strong></span> <span class='ocrx_word' id='word_1_357' title='bbox 963 2746 1030 2800; x_wconf 91' lang='lat' dir='ltr'><strong>de</strong></span> <span class='ocrx_word' id='word_1_358' title='bbox 1056 2741 1289 2814; x_wconf 86' lang='lat' dir='ltr'><strong>singulis</strong></span> <span class='ocrx_word' id='word_1_359' title='bbox 1314 2739 1500 2796; x_wconf 88' lang='lat' dir='ltr'><strong>haberi</strong></span> <span class='ocrx_word' id='word_1_360' title='bbox 1523 2739 1757 2809; x_wconf 90' lang='lat' dir='ltr'><strong>possint,</strong></span> <span class='ocrx_word' id='word_1_361' title='bbox 1788 2747 2030 2794; x_wconf 87' lang='lat' dir='ltr'><strong>tractan-</strong></span> 
     </span>
    </p>
   </div>
   <div class='ocr_carea' id='block_1_44' title="bbox 441 2831 2030 2915">
    <p class='ocr_par' dir='ltr' id='par_1_44' title="bbox 441 2831 2030 2915">
     <span class='ocr_line' id='line_1_44' title="bbox 441 2831 2030 2915; baseline -0.013 -11"><span class='ocrx_word' id='word_1_362' title='bbox 441 2850 523 2904; x_wconf 76' lang='lat' dir='ltr'><strong>dae</strong></span> <span class='ocrx_word' id='word_1_363' title='bbox 558 2843 844 2915; x_wconf 84' lang='lat' dir='ltr'><strong>suscipiat.</strong></span> <span class='ocrx_word' id='word_1_364' title='bbox 870 2839 952 2895; x_wconf 87' lang='lat' dir='ltr'><strong>Ad</strong></span> <span class='ocrx_word' id='word_1_365' title='bbox 975 2839 1232 2894; x_wconf 88' lang='lat' dir='ltr'><strong>virtutem</strong></span> <span class='ocrx_word' id='word_1_366' title='bbox 1274 2844 1457 2889; x_wconf 91' lang='lat' dir='ltr'><strong>autem</strong></span> <span class='ocrx_word' id='word_1_367' title='bbox 1491 2831 1795 2905; x_wconf 85' lang='lat' dir='ltr'><strong>parandam</strong></span> <span class='ocrx_word' id='word_1_368' title='bbox 1829 2841 2030 2886; x_wconf 89' lang='lat' dir='ltr'><strong>natura</strong></span> 
     </span>
    </p>
   </div>
   <div class='ocr_carea' id='block_1_45' title="bbox 439 2925 2032 3013">
    <p class='ocr_par' dir='ltr' id='par_1_45' title="bbox 439 2925 2032 3013">
     <span class='ocr_line' id='line_1_45' title="bbox 439 2925 2032 3013; baseline -0.009 -17"><span class='ocrx_word' id='word_1_369' title='bbox 439 2945 685 3013; x_wconf 81' lang='lat' dir='ltr'><strong>primunt</strong></span> <span class='ocrx_word' id='word_1_370' title='bbox 743 2933 1066 3005; x_wconf 87' lang='lat' dir='ltr'><strong>requiritur,</strong></span> <span class='ocrx_word' id='word_1_371' title='bbox 1097 2940 1152 2986; x_wconf 91' lang='lat' dir='ltr'><strong>et</strong></span> <span class='ocrx_word' id='word_1_372' title='bbox 1185 2929 1433 2986; x_wconf 90' lang='lat' dir='ltr'><strong>divinum</strong></span> <span class='ocrx_word' id='word_1_373' title='bbox 1464 2927 1672 2992; x_wconf 87' lang='lat' dir='ltr'><strong>fatum,</strong></span> <span class='ocrx_word' id='word_1_374' title='bbox 1703 2928 1840 2983; x_wconf 89' lang='lat' dir='ltr'><strong>citra</strong></span> <span class='ocrx_word' id='word_1_375' title='bbox 1886 2925 2032 2996; x_wconf 93' lang='lat' dir='ltr'><strong>quod</strong></span> 
     </span>
    </p>
   </div>
   <div class='ocr_carea' id='block_1_46' title="bbox 442 3021 2036 3103">
    <p class='ocr_par' dir='ltr' id='par_1_46' title="bbox 442 3021 2036 3103">
     <span class='ocr_line' id='line_1_46' title="bbox 442 3021 2036 3103; baseline -0.01 -13"><span class='ocrx_word' id='word_1_376' title='bbox 442 3033 600 3090; x_wconf 76' lang='lat' dir='ltr'><strong>tiullo</strong></span> <span class='ocrx_word' id='word_1_377' title='bbox 649 3030 814 3103; x_wconf 91' lang='lat' dir='ltr'><strong>potiri</strong></span> <span class='ocrx_word' id='word_1_378' title='bbox 865 3029 991 3083; x_wconf 89' lang='lat' dir='ltr'><strong>licet</strong></span> <span class='ocrx_word' id='word_1_379' title='bbox 1017 3026 1181 3092; x_wconf 85' lang='lat' dir='ltr'><strong>bono,</strong></span> <span class='ocrx_word' id='word_1_380' title='bbox 1229 3023 1428 3078; x_wconf 80' lang='lat' dir='ltr'><strong>deinde</strong></span> <span class='ocrx_word' id='word_1_381' title='bbox 1483 3021 1752 3077; x_wconf 90' lang='lat' dir='ltr'><strong>institutis</strong></span> <span class='ocrx_word' id='word_1_382' title='bbox 1785 3021 1946 3076; x_wconf 87' lang='lat' dir='ltr'><strong>etiam</strong></span> <span class='ocrx_word' id='word_1_383' title='bbox 1980 3027 2036 3076; x_wconf 91' lang='lat' dir='ltr'><strong>et</strong></span> 
     </span>
    </p>
   </div>
   <div class='ocr_carea' id='block_1_47' title="bbox 451 3115 2037 3192">
    <p class='ocr_par' dir='ltr' id='par_1_47' title="bbox 451 3115 2037 3192">
     <span class='ocr_line' id='line_1_47' title="bbox 451 3115 2037 3192; baseline -0.009 -10"><span class='ocrx_word' id='word_1_384' title='bbox 451 3126 726 3188; x_wconf 84' lang='lat' dir='ltr'><strong>scientia,</strong></span> <span class='ocrx_word' id='word_1_385' title='bbox 752 3122 988 3192; x_wconf 84' lang='lat' dir='ltr'><strong>denique</strong></span> <span class='ocrx_word' id='word_1_386' title='bbox 1030 3133 1163 3173; x_wconf 90' lang='lat' dir='ltr'><strong>usus</strong></span> <span class='ocrx_word' id='word_1_387' title='bbox 1209 3127 1262 3172; x_wconf 90' lang='lat' dir='ltr'><strong>et</strong></span> <span class='ocrx_word' id='word_1_388' title='bbox 1310 3115 1674 3179; x_wconf 76' lang='lat' dir='ltr'><strong>exercitatio;</strong></span> <span class='ocrx_word' id='word_1_389' title='bbox 1707 3127 2037 3184; x_wconf 87' lang='lat' dir='ltr'><strong>quocunque</strong></span> 
     </span>
    </p>
   </div>
   <div class='ocr_carea' id='block_1_48' title="bbox 445 3207 2036 3276">
    <p class='ocr_par' dir='ltr' id='par_1_48' title="bbox 445 3207 2036 3276">
     <span class='ocr_line' id='line_1_48' title="bbox 445 3207 2036 3276; baseline -0.009 -1"><span class='ocrx_word' id='word_1_390' title='bbox 445 3227 629 3276; x_wconf 83' lang='lat' dir='ltr'><strong>autem</strong></span> <span class='ocrx_word' id='word_1_391' title='bbox 680 3217 895 3270; x_wconf 89' lang='lat' dir='ltr'><strong>illorum</strong></span> <span class='ocrx_word' id='word_1_392' title='bbox 957 3209 1300 3275; x_wconf 89' lang='lat' dir='ltr'><strong>destituaris,</strong></span> <span class='ocrx_word' id='word_1_393' title='bbox 1337 3222 1532 3276; x_wconf 86' lang='lat' dir='ltr'><strong>magna</strong></span> <span class='ocrx_word' id='word_1_394' title='bbox 1595 3221 1662 3261; x_wconf 86' lang='lat' dir='ltr'><strong>ex</strong></span> <span class='ocrx_word' id='word_1_395' title='bbox 1721 3215 1873 3275; x_wconf 87' lang='lat' dir='ltr'><strong>parte</strong></span> <span class='ocrx_word' id='word_1_396' title='bbox 1925 3207 2036 3262; x_wconf 87' lang='lat' dir='ltr'><strong>eris</strong></span> 
     </span>
    </p>
   </div>
   <div class='ocr_carea' id='block_1_49' title="bbox 418 3297 2036 3382">
    <p class='ocr_par' dir='ltr' id='par_1_49' title="bbox 418 3297 2036 3382">
     <span class='ocr_line' id='line_1_49' title="bbox 418 3297 2036 3382; baseline -0.008 -14"><span class='ocrx_word' id='word_1_397' title='bbox 418 3308 826 3382; x_wconf 66' lang='lat' dir='ltr'><strong>imperfectus.</strong></span> <span class='ocrx_word' id='word_1_398' title='bbox 876 3303 1089 3359; x_wconf 84' lang='lat' dir='ltr'><strong>Etenim</strong></span> <span class='ocrx_word' id='word_1_399' title='bbox 1127 3316 1237 3372; x_wconf 82' lang='lat' dir='ltr'><strong>quo</strong></span> <span class='ocrx_word' id='word_1_400' title='bbox 1269 3310 1430 3372; x_wconf 87' lang='lat' dir='ltr'><strong>pacto</strong></span> <span class='ocrx_word' id='word_1_401' title='bbox 1470 3299 1710 3370; x_wconf 90' lang='lat' dir='ltr'><strong>perfecte</strong></span> <span class='ocrx_word' id='word_1_402' title='bbox 1745 3298 1827 3354; x_wconf 77' lang='lat' dir='ltr'><strong>vir</strong></span> <span class='ocrx_word' id='word_1_403' title='bbox 1860 3297 2036 3355; x_wconf 82' lang='lat' dir='ltr'><strong>beans</strong></span> 
     </span>
    </p>
   </div>
   <div class='ocr_carea' id='block_1_50' title="bbox 449 3391 2039 3476">
    <p class='ocr_par' dir='ltr' id='par_1_50' title="bbox 449 3391 2039 3476">
     <span class='ocr_line' id='line_1_50' title="bbox 449 3391 2039 3476; baseline -0.007 -17"><span class='ocrx_word' id='word_1_404' title='bbox 449 3404 744 3476; x_wconf 86' lang='lat' dir='ltr'><strong>quisquam</strong></span> <span class='ocrx_word' id='word_1_405' title='bbox 785 3397 902 3454; x_wconf 77' lang='lat' dir='ltr'><strong>lier-i</strong></span> <span class='ocrx_word' id='word_1_406' title='bbox 935 3405 1158 3467; x_wconf 42' lang='lat' dir='ltr'><strong>&quot;qucat,</strong></span> <span class='ocrx_word' id='word_1_407' title='bbox 1209 3394 1263 3449; x_wconf 91' lang='lat' dir='ltr'><strong>ni</strong></span> <span class='ocrx_word' id='word_1_408' title='bbox 1323 3393 1472 3448; x_wconf 89' lang='lat' dir='ltr'><strong>nulla</strong></span> <span class='ocrx_word' id='word_1_409' title='bbox 1523 3391 1813 3463; x_wconf 88' lang='lat' dir='ltr'><strong>disciplina</strong></span> <span class='ocrx_word' id='word_1_410' title='bbox 1873 3392 2039 3448; x_wconf 83' lang='lat' dir='ltr'><strong>fuerit</strong></span> 
     </span>
    </p>
   </div>
   <div class='ocr_carea' id='block_1_51' title="bbox 449 3485 2038 3560">
    <p class='ocr_par' dir='ltr' id='par_1_51' title="bbox 449 3485 2038 3560">
     <span class='ocr_line' id='line_1_51' title="bbox 449 3485 2038 3560; baseline -0.008 -8"><span class='ocrx_word' id='word_1_411' title='bbox 449 3497 752 3552; x_wconf 79' lang='lat' dir='ltr'><strong>instructus</strong></span> <span class='ocrx_word' id='word_1_412' title='bbox 809 3491 877 3546; x_wconf 87' lang='lat' dir='ltr'><strong>de</strong></span> <span class='ocrx_word' id='word_1_413' title='bbox 924 3502 1252 3560; x_wconf 83' lang='lat' dir='ltr'><strong>unaquaque</strong></span> <span class='ocrx_word' id='word_1_414' title='bbox 1303 3485 1549 3552; x_wconf 80' lang='lat' dir='ltr'><strong>virtute,</strong></span> <span class='ocrx_word' id='word_1_415' title='bbox 1604 3485 1768 3556; x_wconf 87' lang='lat' dir='ltr'><strong>quale</strong></span> <span class='ocrx_word' id='word_1_416' title='bbox 1831 3485 2038 3540; x_wconf 90' lang='lat' dir='ltr'><strong>bonum</strong></span> 
     </span>
    </p>
   </div>
   <div class='ocr_carea' id='block_1_52' title="bbox 449 3575 2038 3648">
    <p class='ocr_par' dir='ltr' id='par_1_52' title="bbox 449 3575 2038 3648">
     <span class='ocr_line' id='line_1_52' title="bbox 449 3575 2038 3648; baseline -0.007 -7"><span class='ocrx_word' id='word_1_417' title='bbox 449 3586 522 3641; x_wconf 88' lang='lat' dir='ltr'><strong>sit</strong></span> <span class='ocrx_word' id='word_1_418' title='bbox 561 3582 792 3647; x_wconf 80' lang='lat' dir='ltr'><strong>homini,</strong></span> <span class='ocrx_word' id='word_1_419' title='bbox 821 3589 895 3636; x_wconf 79' lang='lat' dir='ltr'><strong>~et</strong></span> <span class='ocrx_word' id='word_1_420' title='bbox 951 3581 1044 3636; x_wconf 83' lang='lat' dir='ltr'><strong>ubi</strong></span> <span class='ocrx_word' id='word_1_421' title='bbox 1101 3589 1158 3635; x_wconf 91' lang='lat' dir='ltr'><strong>et</strong></span> <span class='ocrx_word' id='word_1_422' title='bbox 1199 3593 1310 3648; x_wconf 90' lang='lat' dir='ltr'><strong>quo</strong></span> <span class='ocrx_word' id='word_1_423' title='bbox 1360 3577 1559 3633; x_wconf 86' lang='lat' dir='ltr'><strong>modo?</strong></span> <span class='ocrx_word' id='word_1_424' title='bbox 1597 3577 1654 3632; x_wconf 89' lang='lat' dir='ltr'><strong>Si</strong></span> <span class='ocrx_word' id='word_1_425' title='bbox 1683 3575 1808 3647; x_wconf 90' lang='lat' dir='ltr'><strong>quis</strong></span> <span class='ocrx_word' id='word_1_426' title='bbox 1854 3583 2038 3630; x_wconf 80' lang='lat' dir='ltr'><strong>autem</strong></span> 
     </span>
    </p>
   </div>
   <div class='ocr_carea' id='block_1_53' title="bbox 450 3669 2038 3747">
    <p class='ocr_par' dir='ltr' id='par_1_53' title="bbox 450 3669 2038 3747">
     <span class='ocr_line' id='line_1_53' title="bbox 450 3669 2038 3747; baseline -0.006 -13"><span class='ocrx_word' id='word_1_427' title='bbox 450 3678 739 3747; x_wconf 86' lang='lat' dir='ltr'><strong>disciplina</strong></span> <span class='ocrx_word' id='word_1_428' title='bbox 792 3683 848 3730; x_wconf 89' lang='lat' dir='ltr'><strong>et</strong></span> <span class='ocrx_word' id='word_1_429' title='bbox 885 3673 1112 3729; x_wconf 84' lang='lat' dir='ltr'><strong>scientia</strong></span> <span class='ocrx_word' id='word_1_430' title='bbox 1137 3671 1317 3729; x_wconf 46' lang='lat' dir='ltr'><strong>«fuerit</strong></span> <span class='ocrx_word' id='word_1_431' title='bbox 1351 3672 1677 3734; x_wconf 86' lang='lat' dir='ltr'><strong>instructus,</strong></span> <span class='ocrx_word' id='word_1_432' title='bbox 1711 3669 1761 3724; x_wconf 89' lang='lat' dir='ltr'><strong>is</strong></span> <span class='ocrx_word' id='word_1_433' title='bbox 1791 3669 2038 3724; x_wconf 83' lang='lat' dir='ltr'><strong>omnium</strong></span> 
     </span>
    </p>
   </div>
   <div class='ocr_carea' id='block_1_54' title="bbox 452 3763 2041 3840">
    <p class='ocr_par' dir='ltr' id='par_1_54' title="bbox 452 3763 2041 3840">
     <span class='ocr_line' id='line_1_54' title="bbox 452 3763 2041 3840; baseline -0.006 -16"><span class='ocrx_word' id='word_1_434' title='bbox 452 3767 886 3840; x_wconf 76' lang='lat' dir='ltr'><strong>perfectissimus</strong></span> <span class='ocrx_word' id='word_1_435' title='bbox 919 3765 1040 3830; x_wconf 88' lang='lat' dir='ltr'><strong>erit,</strong></span> <span class='ocrx_word' id='word_1_436' title='bbox 1077 3764 1122 3820; x_wconf 88' lang='lat' dir='ltr'><strong>si</strong></span> <span class='ocrx_word' id='word_1_437' title='bbox 1171 3778 1333 3820; x_wconf 92' lang='lat' dir='ltr'><strong>usum</strong></span> <span class='ocrx_word' id='word_1_438' title='bbox 1379 3770 1435 3818; x_wconf 86' lang='lat' dir='ltr'><strong>et</strong></span> <span class='ocrx_word' id='word_1_439' title='bbox 1463 3763 1910 3818; x_wconf 80' lang='lat' dir='ltr'><strong>exercitationem</strong></span> <span class='ocrx_word' id='word_1_440' title='bbox 1943 3763 2041 3814; x_wconf 89' lang='lat' dir='ltr'><strong>ad-</strong></span> 
     </span>
    </p>
   </div>
   <div class='ocr_carea' id='block_1_55' title="bbox 436 3851 2038 3931">
    <p class='ocr_par' dir='ltr' id='par_1_55' title="bbox 436 3851 2038 3931">
     <span class='ocr_line' id='line_1_55' title="bbox 436 3851 2038 3931; baseline -0.007 -13"><span class='ocrx_word' id='word_1_441' title='bbox 436 3859 710 3931; x_wconf 76' lang='lat' dir='ltr'><strong>.junxerit,</strong></span> <span class='ocrx_word' id='word_1_442' title='bbox 742 3869 796 3912; x_wconf 90' lang='lat' dir='ltr'><strong>et</strong></span> <span class='ocrx_word' id='word_1_443' title='bbox 827 3858 878 3911; x_wconf 88' lang='lat' dir='ltr'><strong>id</strong></span> <span class='ocrx_word' id='word_1_444' title='bbox 902 3858 1106 3927; x_wconf 33' lang='lat' dir='ltr'><strong>quod‘a</strong></span> <span class='ocrx_word' id='word_1_445' title='bbox 1132 3855 1372 3910; x_wconf 82' lang='lat' dir='ltr'><strong>moribus</strong></span> <span class='ocrx_word' id='word_1_446' title='bbox 1407 3852 1810 3924; x_wconf 74' lang='lat' dir='ltr'><strong>proficiscatur,</strong></span> <span class='ocrx_word' id='word_1_447' title='bbox 1830 3851 2038 3922; x_wconf 83' lang='lat' dir='ltr'><strong>jucun-</strong></span> 
     </span>
    </p>
   </div>
   <div class='ocr_carea' id='block_1_56' title="bbox 453 3940 2041 4018">
    <p class='ocr_par' dir='ltr' id='par_1_56' title="bbox 453 3940 2041 4018">
     <span class='ocr_line' id='line_1_56' title="bbox 453 3940 2041 4018; baseline -0.007 -11"><span class='ocrx_word' id='word_1_448' title='bbox 453 3954 582 4007; x_wconf 88' lang='lat' dir='ltr'><strong>dum</strong></span> <span class='ocrx_word' id='word_1_449' title='bbox 621 3958 676 4005; x_wconf 92' lang='lat' dir='ltr'><strong>et</strong></span> <span class='ocrx_word' id='word_1_450' title='bbox 707 3949 974 4018; x_wconf 77' lang='lat' dir='ltr'><strong>optimum</strong></span> <span class='ocrx_word' id='word_1_451' title='bbox 1013 3957 1069 4002; x_wconf 87' lang='lat' dir='ltr'><strong>et</strong></span> <span class='ocrx_word' id='word_1_452' title='bbox 1103 3946 1322 4002; x_wconf 82' lang='lat' dir='ltr'><strong>beatum</strong></span> <span class='ocrx_word' id='word_1_453' title='bbox 1363 3958 1488 4000; x_wconf 88' lang='lat' dir='ltr'><strong>esse</strong></span> <span class='ocrx_word' id='word_1_454' title='bbox 1527 3941 1880 4013; x_wconf 73' lang='lat' dir='ltr'><strong>iudicaverit.</strong></span> <span class='ocrx_word' id='word_1_455' title='bbox 1938 3940 2041 3997; x_wconf 81' lang='lat' dir='ltr'><strong>Ve-</strong></span> 
     </span>
    </p>
   </div>
   <div class='ocr_carea' id='block_1_57' title="bbox 454 4033 2038 4107">
    <p class='ocr_par' dir='ltr' id='par_1_57' title="bbox 454 4033 2038 4107">
     <span class='ocr_line' id='line_1_57' title="bbox 454 4033 2038 4107; baseline -0.008 -9"><span class='ocrx_word' id='word_1_456' title='bbox 454 4053 764 4098; x_wconf 86' lang='lat' dir='ltr'><strong>rumtamen</strong></span> <span class='ocrx_word' id='word_1_457' title='bbox 805 4039 1063 4095; x_wconf 84' lang='lat' dir='ltr'><strong>eumibus</strong></span> <span class='ocrx_word' id='word_1_458' title='bbox 1116 4038 1292 4094; x_wconf 88' lang='lat' dir='ltr'><strong>modis</strong></span> <span class='ocrx_word' id='word_1_459' title='bbox 1338 4035 1660 4107; x_wconf 85' lang='lat' dir='ltr'><strong>fugiendum</strong></span> <span class='ocrx_word' id='word_1_460' title='bbox 1709 4042 1790 4090; x_wconf 88' lang='lat' dir='ltr'><strong>est</strong></span> <span class='ocrx_word' id='word_1_461' title='bbox 1825 4033 2038 4090; x_wconf 78' lang='lat' dir='ltr'><strong>vitium.</strong></span> 
     </span>
    </p>
   </div>
   <div class='ocr_carea' id='block_1_58' title="bbox 455 4124 2044 4203">
    <p class='ocr_par' dir='ltr' id='par_1_58' title="bbox 455 4124 2044 4203">
     <span class='ocr_line' id='line_1_58' title="bbox 455 4124 2044 4203; baseline -0.006 -13"><span class='ocrx_word' id='word_1_462' title='bbox 455 4137 657 4192; x_wconf 80' lang='lat' dir='ltr'><strong>\‘irtuti</strong></span> <span class='ocrx_word' id='word_1_463' title='bbox 721 4146 902 4188; x_wconf 86' lang='lat' dir='ltr'><strong>autem</strong></span> <span class='ocrx_word' id='word_1_464' title='bbox 963 4146 1128 4203; x_wconf 88' lang='lat' dir='ltr'><strong>opera</strong></span> <span class='ocrx_word' id='word_1_465' title='bbox 1160 4129 1378 4198; x_wconf 72' lang='lat' dir='ltr'><strong>danda,</strong></span> <span class='ocrx_word' id='word_1_466' title='bbox 1411 4140 1472 4184; x_wconf 92' lang='lat' dir='ltr'><strong>ut</strong></span> <span class='ocrx_word' id='word_1_467' title='bbox 1525 4143 1638 4184; x_wconf 91' lang='lat' dir='ltr'><strong>non</strong></span> <span class='ocrx_word' id='word_1_468' title='bbox 1697 4125 1910 4192; x_wconf 90' lang='lat' dir='ltr'><strong>miseri,</strong></span> <span class='ocrx_word' id='word_1_469' title='bbox 1945 4124 2044 4182; x_wconf 86' lang='lat' dir='ltr'><strong>sed</strong></span> 
     </span>
    </p>
   </div>
   <div class='ocr_carea' id='block_1_59' title="bbox 454 4217 2048 4297">
    <p class='ocr_par' dir='ltr' id='par_1_59' title="bbox 454 4217 2048 4297">
     <span class='ocr_line' id='line_1_59' title="bbox 454 4217 2048 4297; baseline -0.007 -13"><span class='ocrx_word' id='word_1_470' title='bbox 454 4229 598 4284; x_wconf 84' lang='lat' dir='ltr'><strong>beati</strong></span> <span class='ocrx_word' id='word_1_471' title='bbox 655 4227 952 4297; x_wconf 84' lang='lat' dir='ltr'><strong>felicesque</strong></span> <span class='ocrx_word' id='word_1_472' title='bbox 1004 4226 1220 4288; x_wconf 81' lang='lat' dir='ltr'><strong>ﬁamus,</strong></span> <span class='ocrx_word' id='word_1_473' title='bbox 1249 4238 1372 4279; x_wconf 93' lang='lat' dir='ltr'><strong>cum</strong></span> <span class='ocrx_word' id='word_1_474' title='bbox 1429 4222 1483 4276; x_wconf 92' lang='lat' dir='ltr'><strong>in</strong></span> <span class='ocrx_word' id='word_1_475' title='bbox 1534 4219 1639 4277; x_wconf 83' lang='lat' dir='ltr'><strong>hac</strong></span> <span class='ocrx_word' id='word_1_476' title='bbox 1680 4220 1815 4287; x_wconf 83' lang='lat' dir='ltr'><strong>vita,</strong></span> <span class='ocrx_word' id='word_1_477' title='bbox 1865 4217 2048 4290; x_wconf 88' lang='lat' dir='ltr'><strong>quoad</strong></span> 
     </span>
    </p>
   </div>
   <div class='ocr_carea' id='block_1_60' title="bbox 454 4310 2050 4391">
    <p class='ocr_par' dir='ltr' id='par_1_60' title="bbox 454 4310 2050 4391">
     <span class='ocr_line' id='line_1_60' title="bbox 454 4310 2050 4391; baseline -0.008 -14"><span class='ocrx_word' id='word_1_478' title='bbox 454 4323 576 4391; x_wconf 86' lang='lat' dir='ltr'><strong>ejus</strong></span> <span class='ocrx_word' id='word_1_479' title='bbox 629 4321 743 4376; x_wconf 84' lang='lat' dir='ltr'><strong>ﬁeri</strong></span> <span class='ocrx_word' id='word_1_480' title='bbox 785 4328 988 4389; x_wconf 86' lang='lat' dir='ltr'><strong>potest,</strong></span> <span class='ocrx_word' id='word_1_481' title='bbox 1016 4328 1129 4371; x_wconf 89' lang='lat' dir='ltr'><strong>tum</strong></span> <span class='ocrx_word' id='word_1_482' title='bbox 1177 4317 1342 4371; x_wconf 89' lang='lat' dir='ltr'><strong>etiam</strong></span> <span class='ocrx_word' id='word_1_483' title='bbox 1388 4310 1522 4385; x_wconf 73' lang='lat' dir='ltr'><strong>post</strong></span> <span class='ocrx_word' id='word_1_484' title='bbox 1573 4313 1810 4379; x_wconf 88' lang='lat' dir='ltr'><strong>obitum,</strong></span> <span class='ocrx_word' id='word_1_485' title='bbox 1868 4310 2050 4378; x_wconf 83' lang='lat' dir='ltr'><strong>locum</strong></span> 
     </span>
    </p>
   </div>
   <div class='ocr_carea' id='block_1_61' title="bbox 2135 2656 3721 2738">
    <p class='ocr_par' dir='ltr' id='par_1_61' title="bbox 2135 2656 3721 2738">
     <span class='ocr_line' id='line_1_61' title="bbox 2135 2656 3721 2738; baseline 0.005 -28"><span class='ocrx_word' id='word_1_486' title='bbox 2135 2658 2200 2710; x_wconf 84' lang='grc' dir='ltr'>ὲκ</span> <span class='ocrx_word' id='word_1_487' title='bbox 2235 2657 2448 2710; x_wconf 84' lang='grc' dir='ltr'>πολλῶν</span> <span class='ocrx_word' id='word_1_488' title='bbox 2489 2656 2647 2726; x_wconf 86' lang='grc' dir='ltr'>ὀλίγα</span> <span class='ocrx_word' id='word_1_489' title='bbox 2686 2656 2836 2711; x_wconf 77' lang='grc' dir='ltr'>ἔστιν</span> <span class='ocrx_word' id='word_1_490' title='bbox 2872 2660 3070 2738; x_wconf 51' lang='grc' dir='ltr'>ῥίπεϊν,</span> <span class='ocrx_word' id='word_1_491' title='bbox 3103 2661 3245 2716; x_wconf 66' lang='grc' dir='ltr'>αὐτὶ</span> <span class='ocrx_word' id='word_1_492' title='bbox 3296 2664 3484 2733; x_wconf 56' lang='grc' dir='ltr'>σχεδόν</span> <span class='ocrx_word' id='word_1_493' title='bbox 3533 2666 3602 2719; x_wconf 76' lang='grc' dir='ltr'>τὰ</span> <span class='ocrx_word' id='word_1_494' title='bbox 3632 2685 3721 2720; x_wconf 83' lang='grc' dir='ltr'>κε-</span> 
     </span>
    </p>
   </div>
   <div class='ocr_carea' id='block_1_62' title="bbox 2136 2747 3720 2825">
    <p class='ocr_par' dir='ltr' id='par_1_62' title="bbox 2136 2747 3720 2825">
     <span class='ocr_line' id='line_1_62' title="bbox 2136 2747 3720 2825; baseline 0.006 -23"><span class='ocrx_word' id='word_1_495' title='bbox 2136 2747 2345 2820; x_wconf 81' lang='grc' dir='ltr'>φάλαια</span> <span class='ocrx_word' id='word_1_496' title='bbox 2377 2750 2774 2820; x_wconf 70' lang='grc' dir='ltr'>προελομένους</span> <span class='ocrx_word' id='word_1_497' title='bbox 2806 2751 2916 2805; x_wconf 85' lang='grc' dir='ltr'><strong>τῶν</strong></span> <span class='ocrx_word' id='word_1_498' title='bbox 2945 2753 3078 2822; x_wconf 75' lang='grc' dir='ltr'>περὶ</span> <span class='ocrx_word' id='word_1_499' title='bbox 3105 2753 3342 2809; x_wconf 68' lang='grc' dir='ltr'>ἕκαστον</span> <span class='ocrx_word' id='word_1_500' title='bbox 3369 2757 3562 2825; x_wconf 84' lang='grc' dir='ltr'>λόγων.</span> <span class='ocrx_word' id='word_1_501' title='bbox 3596 2757 3720 2812; x_wconf 56' lang='grc' dir='ltr'><strong>Ἐπὶ</strong></span> 
     </span>
    </p>
   </div>
   <div class='ocr_carea' id='block_1_63' title="bbox 2133 2842 3718 2919">
    <p class='ocr_par' dir='ltr' id='par_1_63' title="bbox 2133 2842 3718 2919">
     <span class='ocr_line' id='line_1_63' title="bbox 2133 2842 3718 2919; baseline 0.006 -23"><span class='ocrx_word' id='word_1_502' title='bbox 2133 2842 2191 2896; x_wconf 81' lang='grc' dir='ltr'>δὲ</span> <span class='ocrx_word' id='word_1_503' title='bbox 2226 2842 2325 2912; x_wconf 82' lang='grc' dir='ltr'>τὴν</span> <span class='ocrx_word' id='word_1_504' title='bbox 2348 2843 2448 2913; x_wconf 85' lang='grc' dir='ltr'>τῆς</span> <span class='ocrx_word' id='word_1_505' title='bbox 2481 2843 2686 2915; x_wconf 74' lang='grc' dir='ltr'>ἀρετῆς</span> <span class='ocrx_word' id='word_1_506' title='bbox 2717 2843 2913 2915; x_wconf 82' lang='grc' dir='ltr'>κτῆσιν</span> <span class='ocrx_word' id='word_1_507' title='bbox 2962 2847 3181 2917; x_wconf 77' lang='grc' dir='ltr'>πρῶτον</span> <span class='ocrx_word' id='word_1_508' title='bbox 3215 2849 3319 2919; x_wconf 79' lang='grc' dir='ltr'><strong>μὲν</strong></span> <span class='ocrx_word' id='word_1_509' title='bbox 3366 2850 3584 2917; x_wconf 84' lang='grc' dir='ltr'>φύσεως</span> <span class='ocrx_word' id='word_1_510' title='bbox 3619 2851 3718 2914; x_wconf 70' lang='grc' dir='ltr'>δεῖ,</span> 
     </span>
    </p>
   </div>
   <div class='ocr_carea' id='block_1_64' title="bbox 2137 2929 3721 3008">
    <p class='ocr_par' dir='ltr' id='par_1_64' title="bbox 2137 2929 3721 3008">
     <span class='ocr_line' id='line_1_64' title="bbox 2137 2929 3721 3008; baseline 0.006 -20"><span class='ocrx_word' id='word_1_511' title='bbox 2137 2932 2233 2988; x_wconf 75' lang='grc' dir='ltr'>καὶ</span> <span class='ocrx_word' id='word_1_512' title='bbox 2259 2933 2409 2998; x_wconf 90' lang='grc' dir='ltr'>θείας</span> <span class='ocrx_word' id='word_1_513' title='bbox 2442 2933 2660 3005; x_wconf 87' lang='grc' dir='ltr'>μοίρας,</span> <span class='ocrx_word' id='word_1_514' title='bbox 2685 2929 2756 3007; x_wconf 82' lang='grc' dir='ltr'>ἦς</span> <span class='ocrx_word' id='word_1_515' title='bbox 2799 2939 2972 3007; x_wconf 84' lang='grc' dir='ltr'>χωρ“ς</span> <span class='ocrx_word' id='word_1_516' title='bbox 3025 2938 3146 2993; x_wconf 76' lang='grc' dir='ltr'>οὐδὲ</span> <span class='ocrx_word' id='word_1_517' title='bbox 3195 2940 3404 3006; x_wconf 83' lang='grc' dir='ltr'>ἀγαθοῦ</span> <span class='ocrx_word' id='word_1_518' title='bbox 3433 2960 3577 3008; x_wconf 89' lang='grc' dir='ltr'>τινος</span> <span class='ocrx_word' id='word_1_519' title='bbox 3609 2943 3721 2998; x_wconf 79' lang='grc' dir='ltr'>ἔστι</span> 
     </span>
    </p>
   </div>
   <div class='ocr_carea' id='block_1_65' title="bbox 2134 3023 3721 3106">
    <p class='ocr_par' dir='ltr' id='par_1_65' title="bbox 2134 3023 3721 3106">
     <span class='ocr_line' id='line_1_65' title="bbox 2134 3023 3721 3106; baseline 0.007 -28"><span class='ocrx_word' id='word_1_520' title='bbox 2134 3025 2323 3095; x_wconf 78' lang='grc' dir='ltr'>τυχεῖν</span> <span class='ocrx_word' id='word_1_521' title='bbox 2353 3023 2545 3096; x_wconf 69' lang='grc' dir='ltr'>ἔπειτα</span> <span class='ocrx_word' id='word_1_522' title='bbox 2588 3026 2750 3096; x_wconf 72' lang='grc' dir='ltr'>λόγου</span> <span class='ocrx_word' id='word_1_523' title='bbox 2777 3043 2838 3081; x_wconf 82' lang='grc' dir='ltr'><strong>τε</strong></span> <span class='ocrx_word' id='word_1_524' title='bbox 2885 3029 2982 3082; x_wconf 72' lang='grc' dir='ltr'><strong>καὶ</strong></span> <span class='ocrx_word' id='word_1_525' title='bbox 3018 3029 3369 3103; x_wconf 68' lang='grc' dir='ltr'>ἐπιστήμηςο</span> <span class='ocrx_word' id='word_1_526' title='bbox 3418 3030 3538 3088; x_wconf 78' lang='grc' dir='ltr'>εἶτα</span> <span class='ocrx_word' id='word_1_527' title='bbox 3571 3035 3721 3106; x_wconf 76' lang='grc' dir='ltr'>μελέ-</span> 
     </span>
    </p>
   </div>
   <div class='ocr_carea' id='block_1_66' title="bbox 2135 3117 3712 3189">
    <p class='ocr_par' dir='ltr' id='par_1_66' title="bbox 2135 3117 3712 3189">
     <span class='ocr_line' id='line_1_66' title="bbox 2135 3117 3712 3189; baseline 0.006 -18"><span class='ocrx_word' id='word_1_528' title='bbox 2135 3133 2238 3188; x_wconf 86' lang='grc' dir='ltr'><strong>της</strong></span> <span class='ocrx_word' id='word_1_529' title='bbox 2275 3134 2336 3171; x_wconf 87' lang='grc' dir='ltr'><strong>τε</strong></span> <span class='ocrx_word' id='word_1_530' title='bbox 2369 3117 2466 3172; x_wconf 73' lang='grc' dir='ltr'>καὶ</span> <span class='ocrx_word' id='word_1_531' title='bbox 2513 3117 2824 3188; x_wconf 73' lang='grc' dir='ltr'>ἀσκήσεως.</span> <span class='ocrx_word' id='word_1_532' title='bbox 2860 3117 3027 3173; x_wconf 85' lang='grc' dir='ltr'>Ὀτου</span> <span class='ocrx_word' id='word_1_533' title='bbox 3068 3119 3114 3174; x_wconf 85' lang='grc' dir='ltr'>δ’</span> <span class='ocrx_word' id='word_1_534' title='bbox 3161 3122 3230 3178; x_wconf 75' lang='grc' dir='ltr'>ἂν</span> <span class='ocrx_word' id='word_1_535' title='bbox 3262 3123 3443 3178; x_wconf 82' lang='grc' dir='ltr'>αὐτῶν</span> <span class='ocrx_word' id='word_1_536' title='bbox 3472 3144 3552 3189; x_wconf 85' lang='grc' dir='ltr'><strong>τις</strong></span> <span class='ocrx_word' id='word_1_537' title='bbox 3589 3126 3712 3181; x_wconf 64' lang='grc' dir='ltr'>ἀπο</span> 
     </span>
    </p>
   </div>
   <div class='ocr_carea' id='block_1_67' title="bbox 2137 3207 3721 3281">
    <p class='ocr_par' dir='ltr' id='par_1_67' title="bbox 2137 3207 3721 3281">
     <span class='ocr_line' id='line_1_67' title="bbox 2137 3207 3721 3281; baseline 0.008 -20"><span class='ocrx_word' id='word_1_538' title='bbox 2137 3207 2360 3281; x_wconf 74' lang='grc' dir='ltr'>λειφθῇ,</span> <span class='ocrx_word' id='word_1_539' title='bbox 2389 3207 2564 3281; x_wconf 71' lang='grc' dir='ltr'>ταύτῃ</span> <span class='ocrx_word' id='word_1_540' title='bbox 2603 3226 2664 3264; x_wconf 84' lang='grc' dir='ltr'><strong>τε</strong></span> <span class='ocrx_word' id='word_1_541' title='bbox 2715 3210 2816 3266; x_wconf 74' lang='grc' dir='ltr'>καὶ</span> <span class='ocrx_word' id='word_1_542' title='bbox 2869 3213 3011 3266; x_wconf 78' lang='grc' dir='ltr'>κατᾶ</span> <span class='ocrx_word' id='word_1_543' title='bbox 3041 3213 3302 3269; x_wconf 82' lang='grc' dir='ltr'>τοσοῦτον</span> <span class='ocrx_word' id='word_1_544' title='bbox 3335 3217 3466 3271; x_wconf 75' lang='grc' dir='ltr'>καθ’</span> <span class='ocrx_word' id='word_1_545' title='bbox 3507 3220 3630 3272; x_wconf 85' lang='grc' dir='ltr'>ὅσον</span> <span class='ocrx_word' id='word_1_546' title='bbox 3653 3219 3721 3274; x_wconf 76' lang='grc' dir='ltr'>ἂν</span> 
     </span>
    </p>
   </div>
   <div class='ocr_carea' id='block_1_68' title="bbox 2141 3299 3721 3381">
    <p class='ocr_par' dir='ltr' id='par_1_68' title="bbox 2141 3299 3721 3381">
     <span class='ocr_line' id='line_1_68' title="bbox 2141 3299 3721 3381; baseline 0.006 -26"><span class='ocrx_word' id='word_1_547' title='bbox 2141 3299 2478 3372; x_wconf 75' lang='grc' dir='ltr'>ἀπολειφθῇ,</span> <span class='ocrx_word' id='word_1_548' title='bbox 2512 3300 2712 3374; x_wconf 71' lang='grc' dir='ltr'>ἀτελὴς</span> <span class='ocrx_word' id='word_1_549' title='bbox 2759 3302 2994 3372; x_wconf 76' lang='grc' dir='ltr'>μάλιστα</span> <span class='ocrx_word' id='word_1_550' title='bbox 3027 3303 3206 3361; x_wconf 69' lang='grc' dir='ltr'>ἔσται.</span> <span class='ocrx_word' id='word_1_551' title='bbox 3251 3308 3375 3373; x_wconf 83' lang='grc' dir='ltr'><strong>Πῶς</strong></span> <span class='ocrx_word' id='word_1_552' title='bbox 3406 3310 3513 3381; x_wconf 78' lang='grc' dir='ltr'>γὰρ</span> <span class='ocrx_word' id='word_1_553' title='bbox 3533 3311 3603 3365; x_wconf 75' lang='grc' dir='ltr'>ἄν</span> <span class='ocrx_word' id='word_1_554' title='bbox 3637 3329 3721 3374; x_wconf 92' lang='grc' dir='ltr'><strong>τις</strong></span> 
     </span>
    </p>
   </div>
   <div class='ocr_carea' id='block_1_69' title="bbox 2138 3395 3722 3472">
    <p class='ocr_par' dir='ltr' id='par_1_69' title="bbox 2138 3395 3722 3472">
     <span class='ocr_line' id='line_1_69' title="bbox 2138 3395 3722 3472; baseline 0.002 -21"><span class='ocrx_word' id='word_1_555' title='bbox 2138 3396 2340 3462; x_wconf 78' lang='grc' dir='ltr'>τελέως</span> <span class='ocrx_word' id='word_1_556' title='bbox 2381 3396 2546 3461; x_wconf 81' lang='grc' dir='ltr'>καλὸς</span> <span class='ocrx_word' id='word_1_557' title='bbox 2583 3395 2828 3466; x_wconf 68' lang='grc' dir='ltr'>κάγαθὸς</span> <span class='ocrx_word' id='word_1_558' title='bbox 2858 3395 3287 3469; x_wconf 45' lang='grc' dir='ltr'>γόνατα-λόγον</span> <span class='ocrx_word' id='word_1_559' title='bbox 3327 3401 3535 3470; x_wconf 73' lang='grc' dir='ltr'>μηδένα</span> <span class='ocrx_word' id='word_1_560' title='bbox 3583 3400 3722 3472; x_wconf 74' lang='grc' dir='ltr'>ἔχων</span> 
     </span>
    </p>
   </div>
   <div class='ocr_carea' id='block_1_70' title="bbox 2141 3484 3724 3564">
    <p class='ocr_par' dir='ltr' id='par_1_70' title="bbox 2141 3484 3724 3564">
     <span class='ocr_line' id='line_1_70' title="bbox 2141 3484 3724 3564; baseline 0.003 -22"><span class='ocrx_word' id='word_1_561' title='bbox 2141 3495 2272 3561; x_wconf 74' lang='grc' dir='ltr'>περὶ</span> <span class='ocrx_word' id='word_1_562' title='bbox 2319 3490 2560 3563; x_wconf 74' lang='grc' dir='ltr'>ἑκάστης</span> <span class='ocrx_word' id='word_1_563' title='bbox 2604 3489 2832 3564; x_wconf 74' lang='grc' dir='ltr'>ἀρετῆς,</span> <span class='ocrx_word' id='word_1_564' title='bbox 2863 3484 2978 3544; x_wconf 77' lang='grc' dir='ltr'>οἷόν</span> <span class='ocrx_word' id='word_1_565' title='bbox 3011 3491 3129 3544; x_wconf 63' lang='grc' dir='ltr'>ἐστι</span> <span class='ocrx_word' id='word_1_566' title='bbox 3182 3491 3262 3562; x_wconf 84' lang='grc' dir='ltr'><strong>τῷ</strong></span> <span class='ocrx_word' id='word_1_567' title='bbox 3305 3493 3598 3564; x_wconf 64' lang='grc' dir='ltr'>ἀνθρώπῳ,</span> <span class='ocrx_word' id='word_1_568' title='bbox 3617 3497 3724 3548; x_wconf 72' lang='grc' dir='ltr'>καὶ</span> 
     </span>
    </p>
   </div>
   <div class='ocr_carea' id='block_1_71' title="bbox 2139 3575 3730 3656">
    <p class='ocr_par' dir='ltr' id='par_1_71' title="bbox 2139 3575 3730 3656">
     <span class='ocr_line' id='line_1_71' title="bbox 2139 3575 3730 3656; baseline 0.006 -25"><span class='ocrx_word' id='word_1_569' title='bbox 2139 3581 2248 3652; x_wconf 82' lang='grc' dir='ltr'>ὅπη</span> <span class='ocrx_word' id='word_1_570' title='bbox 2299 3582 2395 3636; x_wconf 65' lang='grc' dir='ltr'><strong>καὶ⁹</strong></span> <span class='ocrx_word' id='word_1_571' title='bbox 2437 3581 2590 3646; x_wconf 84' lang='grc' dir='ltr'>ὅπως</span> <span class='ocrx_word' id='word_1_572' title='bbox 2643 3580 2891 3650; x_wconf 80' lang='grc' dir='ltr'>ἀγαθόν;</span> <span class='ocrx_word' id='word_1_573' title='bbox 2927 3582 3103 3650; x_wconf 79' lang='grc' dir='ltr'>Λόγου</span> <span class='ocrx_word' id='word_1_574' title='bbox 3155 3581 3214 3636; x_wconf 80' lang='grc' dir='ltr'>δὲ</span> <span class='ocrx_word' id='word_1_575' title='bbox 3269 3585 3366 3638; x_wconf 70' lang='grc' dir='ltr'>καὶ</span> <span class='ocrx_word' id='word_1_576' title='bbox 3413 3575 3730 3656; x_wconf 58' lang='grc' dir='ltr'>ἐπιστήμης</span> 
     </span>
    </p>
   </div>
   <div class='ocr_carea' id='block_1_72' title="bbox 2143 3671 3731 3747">
    <p class='ocr_par' dir='ltr' id='par_1_72' title="bbox 2143 3671 3731 3747">
     <span class='ocr_line' id='line_1_72' title="bbox 2143 3671 3731 3747; baseline 0.003 -21"><span class='ocrx_word' id='word_1_577' title='bbox 2143 3673 2458 3744; x_wconf 85' lang='grc' dir='ltr'>μετασχὼν,</span> <span class='ocrx_word' id='word_1_578' title='bbox 2502 3671 2833 3745; x_wconf 71' lang='grc' dir='ltr'>τελεώτερος</span> <span class='ocrx_word' id='word_1_579' title='bbox 2881 3672 2950 3727; x_wconf 78' lang='grc' dir='ltr'>αὖ</span> <span class='ocrx_word' id='word_1_580' title='bbox 3009 3675 3229 3739; x_wconf 82' lang='grc' dir='ltr'>πάντως</span> <span class='ocrx_word' id='word_1_581' title='bbox 3277 3675 3457 3743; x_wconf 75' lang='grc' dir='ltr'>ἔσται,</span> <span class='ocrx_word' id='word_1_582' title='bbox 3494 3677 3731 3747; x_wconf 77' lang='grc' dir='ltr'>μελέτην</span> 
     </span>
    </p>
   </div>
   <div class='ocr_carea' id='block_1_73' title="bbox 2141 3765 3730 3837">
    <p class='ocr_par' dir='ltr' id='par_1_73' title="bbox 2141 3765 3730 3837">
     <span class='ocr_line' id='line_1_73' title="bbox 2141 3765 3730 3837; baseline 0.002 -19"><span class='ocrx_word' id='word_1_583' title='bbox 2141 3782 2200 3819; x_wconf 84' lang='grc' dir='ltr'><strong>τε</strong></span> <span class='ocrx_word' id='word_1_584' title='bbox 2250 3765 2348 3820; x_wconf 74' lang='grc' dir='ltr'><strong>καὶ</strong></span> <span class='ocrx_word' id='word_1_585' title='bbox 2376 3765 2611 3837; x_wconf 75' lang='grc' dir='ltr'><strong>ἄσκησιν</strong></span> <span class='ocrx_word' id='word_1_586' title='bbox 2663 3765 3012 3835; x_wconf 82' lang='grc' dir='ltr'>προσλαϐὼν,</span> <span class='ocrx_word' id='word_1_587' title='bbox 3045 3769 3144 3821; x_wconf 77' lang='grc' dir='ltr'>καὶ</span> <span class='ocrx_word' id='word_1_588' title='bbox 3189 3767 3251 3820; x_wconf 85' lang='grc' dir='ltr'>τὸ</span> <span class='ocrx_word' id='word_1_589' title='bbox 3283 3767 3393 3821; x_wconf 81' lang='grc' dir='ltr'><strong>ἀπὸ</strong></span> <span class='ocrx_word' id='word_1_590' title='bbox 3441 3768 3534 3821; x_wconf 77' lang='grc' dir='ltr'><strong>τοῦ</strong></span> <span class='ocrx_word' id='word_1_591' title='bbox 3574 3767 3730 3833; x_wconf 77' lang='grc' dir='ltr'>ἔθους</span> 
     </span>
    </p>
   </div>
   <div class='ocr_carea' id='block_1_74' title="bbox 2142 3856 3730 3930">
    <p class='ocr_par' dir='ltr' id='par_1_74' title="bbox 2142 3856 3730 3930">
     <span class='ocr_line' id='line_1_74' title="bbox 2142 3856 3730 3930; baseline 0.001 -19"><span class='ocrx_word' id='word_1_592' title='bbox 2142 3856 2241 3927; x_wconf 81' lang='grc' dir='ltr'>ήδύ</span> <span class='ocrx_word' id='word_1_593' title='bbox 2275 3874 2356 3926; x_wconf 81' lang='grc' dir='ltr'><strong>τε,</strong></span> <span class='ocrx_word' id='word_1_594' title='bbox 2387 3858 2482 3912; x_wconf 78' lang='grc' dir='ltr'>καὶ</span> <span class='ocrx_word' id='word_1_595' title='bbox 2524 3857 2774 3928; x_wconf 83' lang='grc' dir='ltr'>ἄριστον,</span> <span class='ocrx_word' id='word_1_596' title='bbox 2802 3858 2897 3912; x_wconf 77' lang='grc' dir='ltr'>καὶ</span> <span class='ocrx_word' id='word_1_597' title='bbox 2931 3857 3200 3929; x_wconf 73' lang='grc' dir='ltr'>μακάριον</span> <span class='ocrx_word' id='word_1_598' title='bbox 3228 3859 3514 3930; x_wconf 58' lang='grc' dir='ltr'>ἀποφήνας</span> <span class='ocrx_word' id='word_1_599' title='bbox 3536 3873 3552 3890; x_wconf 77' lang='grc' dir='ltr'><strong><em>ο</em></strong></span> <span class='ocrx_word' id='word_1_600' title='bbox 3579 3860 3730 3930; x_wconf 82' lang='grc' dir='ltr'>ὅμως</span> 
     </span>
    </p>
   </div>
   <div class='ocr_carea' id='block_1_75' title="bbox 2152 3949 3731 4022">
    <p class='ocr_par' dir='ltr' id='par_1_75' title="bbox 2152 3949 3731 4022">
     <span class='ocr_line' id='line_1_75' title="bbox 2152 3949 3731 4022; baseline -0.001 -18"><span class='ocrx_word' id='word_1_601' title='bbox 2152 3949 2253 4021; x_wconf 83' lang='grc' dir='ltr'><strong>μέν</strong></span> <span class='ocrx_word' id='word_1_602' title='bbox 2287 3965 2353 4018; x_wconf 76' lang='grc' dir='ltr'><strong>γε</strong></span> <span class='ocrx_word' id='word_1_603' title='bbox 2389 3949 2555 4004; x_wconf 74' lang='grc' dir='ltr'>παντὶ</span> <span class='ocrx_word' id='word_1_604' title='bbox 2595 3949 2780 4020; x_wconf 82' lang='grc' dir='ltr'>τρόπῳ</span> <span class='ocrx_word' id='word_1_605' title='bbox 2824 3951 3090 4019; x_wconf 77' lang='grc' dir='ltr'>φευκτέον</span> <span class='ocrx_word' id='word_1_606' title='bbox 3135 3951 3238 4020; x_wconf 84' lang='grc' dir='ltr'><strong>μὲν</strong></span> <span class='ocrx_word' id='word_1_607' title='bbox 3284 3953 3508 4019; x_wconf 79' lang='grc' dir='ltr'>κακίαν,</span> <span class='ocrx_word' id='word_1_608' title='bbox 3537 3953 3731 4022; x_wconf 74' lang='grc' dir='ltr'>ἐπιτη-</span> 
     </span>
    </p>
   </div>
   <div class='ocr_carea' id='block_1_76' title="bbox 2147 4040 3733 4115">
    <p class='ocr_par' dir='ltr' id='par_1_76' title="bbox 2147 4040 3733 4115">
     <span class='ocr_line' id='line_1_76' title="bbox 2147 4040 3733 4115; baseline 0.001 -19"><span class='ocrx_word' id='word_1_609' title='bbox 2147 4040 2370 4096; x_wconf 81' lang='grc' dir='ltr'>δευτέον</span> <span class='ocrx_word' id='word_1_610' title='bbox 2416 4042 2474 4096; x_wconf 79' lang='grc' dir='ltr'>δὲ</span> <span class='ocrx_word' id='word_1_611' title='bbox 2524 4041 2751 4114; x_wconf 82' lang='grc' dir='ltr'>ἀρετὴν,</span> <span class='ocrx_word' id='word_1_612' title='bbox 2783 4041 2871 4096; x_wconf 76' lang='grc' dir='ltr'>ἵνα</span> <span class='ocrx_word' id='word_1_613' title='bbox 2902 4043 2966 4111; x_wconf 83' lang='grc' dir='ltr'>δὴ</span> <span class='ocrx_word' id='word_1_614' title='bbox 3002 4043 3125 4097; x_wconf 79' lang='grc' dir='ltr'>ἀντὶ</span> <span class='ocrx_word' id='word_1_615' title='bbox 3168 4043 3519 4115; x_wconf 76' lang='grc' dir='ltr'>ἀθλιωτέρων</span> <span class='ocrx_word' id='word_1_616' title='bbox 3550 4044 3733 4098; x_wconf 62' lang='grc' dir='ltr'>εὐδαί-</span> 
     </span>
    </p>
   </div>
   <div class='ocr_carea' id='block_1_77' title="bbox 2153 4133 3727 4207">
    <p class='ocr_par' dir='ltr' id='par_1_77' title="bbox 2153 4133 3727 4207">
     <span class='ocr_line' id='line_1_77' title="bbox 2153 4133 3727 4207; baseline 0.001 -18"><span class='ocrx_word' id='word_1_617' title='bbox 2153 4135 2315 4207; x_wconf 78' lang='grc' dir='ltr'>μονές</span> <span class='ocrx_word' id='word_1_618' title='bbox 2359 4151 2419 4189; x_wconf 87' lang='grc' dir='ltr'><strong>τε</strong></span> <span class='ocrx_word' id='word_1_619' title='bbox 2447 4135 2544 4189; x_wconf 79' lang='grc' dir='ltr'>καὶ</span> <span class='ocrx_word' id='word_1_620' title='bbox 2580 4135 2844 4206; x_wconf 72' lang='grc' dir='ltr'>μακάριοι</span> <span class='ocrx_word' id='word_1_621' title='bbox 2875 4135 2934 4188; x_wconf 75' lang='grc' dir='ltr'>ἐν</span> <span class='ocrx_word' id='word_1_622' title='bbox 2963 4151 3022 4188; x_wconf 88' lang='grc' dir='ltr'><strong>τε</strong></span> <span class='ocrx_word' id='word_1_623' title='bbox 3053 4133 3131 4205; x_wconf 83' lang='grc' dir='ltr'><strong>τῷ</strong></span> <span class='ocrx_word' id='word_1_624' title='bbox 3169 4135 3402 4205; x_wconf 83' lang='grc' dir='ltr'>παρόντι</span> <span class='ocrx_word' id='word_1_625' title='bbox 3450 4134 3553 4206; x_wconf 79' lang='grc' dir='ltr'><strong>βίῳ</strong></span> <span class='ocrx_word' id='word_1_626' title='bbox 3585 4136 3727 4190; x_wconf 74' lang='grc' dir='ltr'>κατὰ</span> 
     </span>
    </p>
   </div>
   <div class='ocr_carea' id='block_1_78' title="bbox 2147 4226 3731 4298">
    <p class='ocr_par' dir='ltr' id='par_1_78' title="bbox 2147 4226 3731 4298">
     <span class='ocr_line' id='line_1_78' title="bbox 2147 4226 3731 4298; baseline -0.001 -17"><span class='ocrx_word' id='word_1_627' title='bbox 2147 4227 2382 4298; x_wconf 87' lang='grc' dir='ltr'>δύναμιν</span> <span class='ocrx_word' id='word_1_628' title='bbox 2409 4227 2726 4297; x_wconf 82' lang='grc' dir='ltr'>γενοίμεθα,</span> <span class='ocrx_word' id='word_1_629' title='bbox 2758 4227 2855 4281; x_wconf 77' lang='grc' dir='ltr'><strong>καὶ</strong></span> <span class='ocrx_word' id='word_1_630' title='bbox 2887 4226 3108 4281; x_wconf 73' lang='grc' dir='ltr'>ἐπειδὰν</span> <span class='ocrx_word' id='word_1_631' title='bbox 3159 4226 3599 4297; x_wconf 74' lang='grc' dir='ltr'>τελευτήσωμεν,</span> <span class='ocrx_word' id='word_1_632' title='bbox 3631 4228 3731 4296; x_wconf 74' lang='grc' dir='ltr'>τὴν</span> 
     </span>
    </p>
   </div>
   <div class='ocr_carea' id='block_1_79' title="bbox 2150 4307 3724 4389">
    <p class='ocr_par' dir='ltr' id='par_1_79' title="bbox 2150 4307 3724 4389">
     <span class='ocr_line' id='line_1_79' title="bbox 2150 4307 3724 4389; baseline -0.001 -16"><span class='ocrx_word' id='word_1_633' title='bbox 2150 4321 2266 4382; x_wconf 88' lang='grc' dir='ltr'>τοῖς</span> <span class='ocrx_word' id='word_1_634' title='bbox 2289 4307 2769 4389; x_wconf 20' lang='grc' dir='ltr'>νῦνλβεϐιωμένοις</span> <span class='ocrx_word' id='word_1_635' title='bbox 2786 4319 3109 4389; x_wconf 80' lang='grc' dir='ltr'>πρέπουσάν</span> <span class='ocrx_word' id='word_1_636' title='bbox 3137 4335 3197 4373; x_wconf 86' lang='grc' dir='ltr'><strong>τε</strong></span> <span class='ocrx_word' id='word_1_637' title='bbox 3223 4321 3318 4372; x_wconf 74' lang='grc' dir='ltr'>καὶ</span> <span class='ocrx_word' id='word_1_638' title='bbox 3347 4319 3724 4389; x_wconf 73' lang='grc' dir='ltr'>ἁρμόττουσαν</span> 
     </span>
    </p>
   </div>
   <div class='ocr_carea' id='block_1_80' title="bbox 457 4401 2035 4482">
    <p class='ocr_par' dir='ltr' id='par_1_80' title="bbox 457 4402 2035 4474">
     <span class='ocr_line' id='line_1_80' title="bbox 457 4402 2035 4474; baseline -0.006 -8"><span class='ocrx_word' id='word_1_639' title='bbox 457 4411 655 4467; x_wconf 71' lang='lat' dir='ltr'><strong>rationi</strong></span> <span class='ocrx_word' id='word_1_640' title='bbox 684 4421 817 4464; x_wconf 76' lang='lat' dir='ltr'><strong>act-.e</strong></span> <span class='ocrx_word' id='word_1_641' title='bbox 872 4411 992 4462; x_wconf 84' lang='lat' dir='ltr'><strong>vitae</strong></span> <span class='ocrx_word' id='word_1_642' title='bbox 1021 4411 1304 4464; x_wconf 84' lang='lat' dir='ltr'><strong>decentem</strong></span> <span class='ocrx_word' id='word_1_643' title='bbox 1350 4415 1406 4462; x_wconf 92' lang='lat' dir='ltr'><strong>et</strong></span> <span class='ocrx_word' id='word_1_644' title='bbox 1435 4405 1849 4462; x_wconf 83' lang='lat' dir='ltr'><strong>convenientem</strong></span> <span class='ocrx_word' id='word_1_645' title='bbox 1875 4402 2035 4474; x_wconf 87' lang='lat' dir='ltr'><strong>adept</strong></span> 
     </span>
    </p>
   </div>
   <div class='ocr_carea' id='block_1_81' title="bbox 2140 4401 3733 4482">
    <p class='ocr_par' dir='ltr' id='par_1_81' title="bbox 2158 4408 3733 4482">
     <span class='ocr_line' id='line_1_81' title="bbox 2158 4408 3733 4482; baseline -0.001 -16"><span class='ocrx_word' id='word_1_646' title='bbox 2158 4411 2532 4476; x_wconf 78' lang='grc' dir='ltr'>ἀπολαϐόντες</span> <span class='ocrx_word' id='word_1_647' title='bbox 2568 4409 2787 4482; x_wconf 74' lang='grc' dir='ltr'>χώραν,</span> <span class='ocrx_word' id='word_1_648' title='bbox 2824 4410 2962 4465; x_wconf 82' lang='grc' dir='ltr'>πολὺ</span> <span class='ocrx_word' id='word_1_649' title='bbox 3018 4410 3099 4465; x_wconf 68' lang='grc' dir='ltr'>ἔτι</span> <span class='ocrx_word' id='word_1_650' title='bbox 3155 4411 3221 4482; x_wconf 83' lang='grc' dir='ltr'>δὴ</span> <span class='ocrx_word' id='word_1_651' title='bbox 3263 4409 3473 4482; x_wconf 76' lang='grc' dir='ltr'>μᾶλλον</span> <span class='ocrx_word' id='word_1_652' title='bbox 3497 4408 3563 4465; x_wconf 74' lang='grc' dir='ltr'>εὖ</span> <span class='ocrx_word' id='word_1_653' title='bbox 3595 4409 3733 4481; x_wconf 79' lang='grc' dir='ltr'>πρό.-</span> 
     </span>
    </p>
   </div>
   <div class='ocr_carea' id='block_1_82' title="bbox 463 4502 1596 4562">
    <p class='ocr_par' dir='ltr' id='par_1_82' title="bbox 463 4502 1596 4562">
     <span class='ocr_line' id='line_1_82' title="bbox 463 4502 1596 4562; baseline -0.008 -1"><span class='ocrx_word' id='word_1_654' title='bbox 463 4505 636 4562; x_wconf 82' lang='lat' dir='ltr'><strong>muito</strong></span> <span class='ocrx_word' id='word_1_655' title='bbox 667 4505 825 4556; x_wconf 81' lang='lat' dir='ltr'><strong>etiam</strong></span> <span class='ocrx_word' id='word_1_656' title='bbox 864 4502 1137 4556; x_wconf 88' lang='lat' dir='ltr'><strong>beatiores</strong></span> <span class='ocrx_word' id='word_1_657' title='bbox 1173 4502 1370 4558; x_wconf 84' lang='lat' dir='ltr'><strong>simus.</strong></span> <span class='ocrx_word' id='word_1_658' title='bbox 1403 4502 1596 4554; x_wconf 78' lang='lat' dir='ltr'><strong>Amen.</strong></span> 
     </span>
    </p>
   </div>
   <div class='ocr_carea' id='block_1_83' title="bbox 2161 4504 2396 4576">
    <p class='ocr_par' dir='ltr' id='par_1_83' title="bbox 2161 4504 2396 4576">
     <span class='ocr_line' id='line_1_83' title="bbox 2161 4504 2396 4576; baseline 0.004 -17"><span class='ocrx_word' id='word_1_659' title='bbox 2161 4504 2396 4576; x_wconf 79' lang='grc' dir='ltr'>ξαιμεν.’</span> 
     </span>
    </p>
   </div>
   <div class='ocr_carea' id='block_1_84' title="bbox 1373 4708 2826 4768">
    <p class='ocr_par' dir='ltr' id='par_1_84' title="bbox 1373 4708 2826 4768">
     <span class='ocr_line' id='line_1_84' title="bbox 1373 4708 2826 4768; baseline 0.001 -4"><span class='ocrx_word' id='word_1_660' title='bbox 1373 4709 1626 4764; x_wconf 74' lang='lat' dir='ltr'><strong>SUMMA</strong></span> <span class='ocrx_word' id='word_1_661' title='bbox 1668 4708 2006 4767; x_wconf 79' lang='lat' dir='ltr'><strong>V-IRTUTIS</strong></span> <span class='ocrx_word' id='word_1_662' title='bbox 2049 4710 2238 4768; x_wconf 77' lang='grc' dir='ltr'><strong>ΚΑΤΑ</strong></span> <span class='ocrx_word' id='word_1_663' title='bbox 2274 4710 2826 4768; x_wconf 72' lang='grc' dir='ltr'><strong>ΣΧΗΜΑΤΙΣΜΘΝ.</strong></span> 
     </span>
    </p>
   </div>
   <div class='ocr_carea' id='block_1_85' title="bbox 538 5021 2035 5127">
    <p class='ocr_par' dir='ltr' id='par_1_85' title="bbox 538 5021 2035 5098">
     <span class='ocr_line' id='line_1_85' title="bbox 538 5021 2035 5098; baseline -0.003 -16"><span class='ocrx_word' id='word_1_664' title='bbox 538 5021 816 5082; x_wconf 77' lang='lat' dir='ltr'><strong>Virtutum</strong></span> <span class='ocrx_word' id='word_1_665' title='bbox 851 5040 1049 5098; x_wconf 83' lang='lat' dir='ltr'><strong>genera</strong></span> <span class='ocrx_word' id='word_1_666' title='bbox 1079 5033 1230 5092; x_wconf 90' lang='lat' dir='ltr'><strong>sunt,</strong></span> <span class='ocrx_word' id='word_1_667' title='bbox 1255 5024 1565 5096; x_wconf 88' lang='lat' dir='ltr'><strong>prudentia,</strong></span> <span class='ocrx_word' id='word_1_668' title='bbox 1595 5024 2035 5092; x_wconf 79' lang='lat' dir='ltr'><strong>fortitudo,‘tem-</strong></span> 
     </span>
    </p>
   </div>
   <div class='ocr_carea' id='block_1_86' title="bbox 2140 5021 3734 5127">
    <p class='ocr_par' dir='ltr' id='par_1_86' title="bbox 2223 5021 3734 5097">
     <span class='ocr_line' id='line_1_86' title="bbox 2223 5021 3734 5097; baseline 0.002 -21"><span class='ocrx_word' id='word_1_669' title='bbox 2223 5021 2347 5078; x_wconf 87' lang='grc' dir='ltr'>Τῶν</span> <span class='ocrx_word' id='word_1_670' title='bbox 2395 5021 2611 5096; x_wconf 76' lang='grc' dir='ltr'>ἀρετῶν</span> <span class='ocrx_word' id='word_1_671' title='bbox 2657 5021 2880 5093; x_wconf 71' lang='grc' dir='ltr'>γενικαὶ</span> <span class='ocrx_word' id='word_1_672' title='bbox 2932 5022 3037 5095; x_wconf 78' lang='grc' dir='ltr'><strong>μὲν</strong></span> <span class='ocrx_word' id='word_1_673' title='bbox 3083 5021 3367 5095; x_wconf 77' lang='grc' dir='ltr'>φρόνησις,</span> <span class='ocrx_word' id='word_1_674' title='bbox 3397 5024 3734 5097; x_wconf 81' lang='grc' dir='ltr'>δικαιοσύνη,</span> 
     </span>
    </p>
   </div>
   <div class='ocr_carea' id='block_1_87' title="bbox 461 5116 2046 5195">
    <p class='ocr_par' dir='ltr' id='par_1_87' title="bbox 461 5116 2046 5195">
     <span class='ocr_line' id='line_1_87' title="bbox 461 5116 2046 5195; baseline -0.004 -19"><span class='ocrx_word' id='word_1_675' title='bbox 461 5119 738 5195; x_wconf 74' lang='lat' dir='ltr'><strong>perantia.</strong></span> <span class='ocrx_word' id='word_1_676' title='bbox 761 5118 1036 5176; x_wconf 85' lang='lat' dir='ltr'><strong>Generum</strong></span> <span class='ocrx_word' id='word_1_677' title='bbox 1073 5127 1255 5172; x_wconf 90' lang='lat' dir='ltr'><strong>autem</strong></span> <span class='ocrx_word' id='word_1_678' title='bbox 1288 5118 1479 5172; x_wconf 68' lang='lat' dir='ltr'><strong>forma:</strong></span> <span class='ocrx_word' id='word_1_679' title='bbox 1505 5116 1551 5172; x_wconf 89' lang='lat' dir='ltr'><strong>si</strong></span> <span class='ocrx_word' id='word_1_680' title='bbox 1583 5117 1885 5187; x_wconf 69' lang='lat' dir='ltr'><strong>prudentiae</strong></span> <span class='ocrx_word' id='word_1_681' title='bbox 1913 5116 2046 5171; x_wconf 72' lang='lat' dir='ltr'><strong>sub-</strong></span> 
     </span>
    </p>
   </div>
   <div class='ocr_carea' id='block_1_88' title="bbox 455 5205 2044 5283">
    <p class='ocr_par' dir='ltr' id='par_1_88' title="bbox 455 5205 2044 5283">
     <span class='ocr_line' id='line_1_88' title="bbox 455 5205 2044 5283; baseline -0.005 -15"><span class='ocrx_word' id='word_1_682' title='bbox 455 5211 746 5283; x_wconf 71' lang='lat' dir='ltr'><strong>iiciantur,</strong></span> <span class='ocrx_word' id='word_1_683' title='bbox 781 5207 878 5264; x_wconf 87' lang='lat' dir='ltr'><strong>Dei</strong></span> <span class='ocrx_word' id='word_1_684' title='bbox 907 5208 1112 5272; x_wconf 89' lang='lat' dir='ltr'><strong>cultus,</strong></span> <span class='ocrx_word' id='word_1_685' title='bbox 1150 5206 1418 5262; x_wconf 89' lang='lat' dir='ltr'><strong>naturalis</strong></span> <span class='ocrx_word' id='word_1_686' title='bbox 1465 5205 1768 5276; x_wconf 86' lang='lat' dir='ltr'><strong>sapientia,</strong></span> <span class='ocrx_word' id='word_1_687' title='bbox 1824 5205 2044 5262; x_wconf 89' lang='lat' dir='ltr'><strong>consilii</strong></span> 
     </span>
    </p>
   </div>
   <div class='ocr_carea' id='block_1_89' title="bbox 461 5297 2044 5372">
    <p class='ocr_par' dir='ltr' id='par_1_89' title="bbox 461 5297 2044 5372">
     <span class='ocr_line' id='line_1_89' title="bbox 461 5297 2044 5372; baseline -0.003 -16"><span class='ocrx_word' id='word_1_688' title='bbox 461 5301 711 5372; x_wconf 84' lang='lat' dir='ltr'><strong>capiendi</strong></span> <span class='ocrx_word' id='word_1_689' title='bbox 747 5302 927 5368; x_wconf 85' lang='lat' dir='ltr'><strong>ratio;</strong></span> <span class='ocrx_word' id='word_1_690' title='bbox 973 5299 1058 5354; x_wconf 89' lang='lat' dir='ltr'><strong>sin</strong></span> <span class='ocrx_word' id='word_1_691' title='bbox 1103 5299 1354 5369; x_wconf 77' lang='lat' dir='ltr'><strong>iustitiae,</strong></span> <span class='ocrx_word' id='word_1_692' title='bbox 1389 5300 1675 5364; x_wconf 88' lang='lat' dir='ltr'><strong>sanctitas,</strong></span> <span class='ocrx_word' id='word_1_693' title='bbox 1726 5297 2044 5368; x_wconf 81' lang='lat' dir='ltr'><strong>reipublicae</strong></span> 
     </span>
    </p>
   </div>
   <div class='ocr_carea' id='block_1_90' title="bbox 467 5388 2049 5459">
    <p class='ocr_par' dir='ltr' id='par_1_90' title="bbox 467 5388 2049 5459">
     <span class='ocr_line' id='line_1_90' title="bbox 467 5388 2049 5459; baseline -0.004 -11"><span class='ocrx_word' id='word_1_694' title='bbox 467 5393 897 5458; x_wconf 81' lang='lat' dir='ltr'><strong>administratio,</strong></span> <span class='ocrx_word' id='word_1_695' title='bbox 940 5392 1190 5459; x_wconf 83' lang='lat' dir='ltr'><strong>bonitas;</strong></span> <span class='ocrx_word' id='word_1_696' title='bbox 1221 5391 1306 5446; x_wconf 90' lang='lat' dir='ltr'><strong>sin</strong></span> <span class='ocrx_word' id='word_1_697' title='bbox 1344 5389 1675 5457; x_wconf 87' lang='lat' dir='ltr'><strong>fortitudini,</strong></span> <span class='ocrx_word' id='word_1_698' title='bbox 1708 5388 1928 5454; x_wconf 81' lang='lat' dir='ltr'><strong>ﬁducia,</strong></span> <span class='ocrx_word' id='word_1_699' title='bbox 1956 5403 2049 5458; x_wconf 78' lang='lat' dir='ltr'><strong>ge-</strong></span> 
     </span>
    </p>
   </div>
   <div class='ocr_carea' id='block_1_91' title="bbox 465 5475 2051 5553">
    <p class='ocr_par' dir='ltr' id='par_1_91' title="bbox 465 5475 2051 5553">
     <span class='ocr_line' id='line_1_91' title="bbox 465 5475 2051 5553; baseline -0.001 -15"><span class='ocrx_word' id='word_1_700' title='bbox 465 5485 771 5551; x_wconf 88' lang='lat' dir='ltr'><strong>nerositas,</strong></span> <span class='ocrx_word' id='word_1_701' title='bbox 826 5485 1064 5547; x_wconf 90' lang='lat' dir='ltr'><strong>lenitas;</strong></span> <span class='ocrx_word' id='word_1_702' title='bbox 1116 5484 1202 5538; x_wconf 91' lang='lat' dir='ltr'><strong>sin</strong></span> <span class='ocrx_word' id='word_1_703' title='bbox 1256 5475 1671 5553; x_wconf 57' lang='lat' dir='ltr'><strong>temperantiae,</strong></span> <span class='ocrx_word' id='word_1_704' title='bbox 1727 5481 2051 5546; x_wconf 86' lang='lat' dir='ltr'><strong>moderatio,</strong></span> 
     </span>
    </p>
   </div>
   <div class='ocr_carea' id='block_1_92' title="bbox 466 5573 2056 5640">
    <p class='ocr_par' dir='ltr' id='par_1_92' title="bbox 466 5573 2056 5640">
     <span class='ocr_line' id='line_1_92' title="bbox 466 5573 2056 5640; baseline -0.001 -11"><span class='ocrx_word' id='word_1_705' title='bbox 466 5576 788 5640; x_wconf 70' lang='lat' dir='ltr'><strong>liberalitas,</strong></span> <span class='ocrx_word' id='word_1_706' title='bbox 831 5575 1120 5630; x_wconf 90' lang='lat' dir='ltr'><strong>modestia.</strong></span> <span class='ocrx_word' id='word_1_707' title='bbox 1174 5577 1254 5631; x_wconf 78' lang='lat' dir='ltr'><strong>Ac</strong></span> <span class='ocrx_word' id='word_1_708' title='bbox 1281 5573 1374 5630; x_wconf 89' lang='lat' dir='ltr'><strong>Dei</strong></span> <span class='ocrx_word' id='word_1_709' title='bbox 1411 5578 1593 5630; x_wconf 89' lang='lat' dir='ltr'><strong>cultus</strong></span> <span class='ocrx_word' id='word_1_710' title='bbox 1633 5575 1687 5629; x_wconf 89' lang='lat' dir='ltr'><strong>in</strong></span> <span class='ocrx_word' id='word_1_711' title='bbox 1721 5574 1882 5628; x_wconf 85' lang='lat' dir='ltr'><strong>rebus</strong></span> <span class='ocrx_word' id='word_1_712' title='bbox 1918 5573 2056 5628; x_wconf 82' lang='lat' dir='ltr'><strong>divi-</strong></span> 
     </span>
    </p>
   </div>
   <div class='ocr_carea' id='block_1_93' title="bbox 468 5667 2054 5734">
    <p class='ocr_par' dir='ltr' id='par_1_93' title="bbox 468 5667 2054 5734">
     <span class='ocr_line' id='line_1_93' title="bbox 468 5667 2054 5734; baseline 0 -12"><span class='ocrx_word' id='word_1_713' title='bbox 468 5670 555 5722; x_wconf 86' lang='lat' dir='ltr'><strong>nis</strong></span> <span class='ocrx_word' id='word_1_714' title='bbox 603 5678 875 5734; x_wconf 78' lang='lat' dir='ltr'><strong>versatur,</strong></span> <span class='ocrx_word' id='word_1_715' title='bbox 911 5669 1186 5723; x_wconf 87' lang='lat' dir='ltr'><strong>naturalis</strong></span> <span class='ocrx_word' id='word_1_716' title='bbox 1235 5679 1414 5722; x_wconf 86' lang='lat' dir='ltr'><strong>autem</strong></span> <span class='ocrx_word' id='word_1_717' title='bbox 1455 5667 1745 5734; x_wconf 88' lang='lat' dir='ltr'><strong>sapientia,</strong></span> <span class='ocrx_word' id='word_1_718' title='bbox 1789 5667 1845 5720; x_wconf 93' lang='lat' dir='ltr'><strong>in</strong></span> <span class='ocrx_word' id='word_1_719' title='bbox 1889 5667 2054 5722; x_wconf 88' lang='lat' dir='ltr'><strong>rebus</strong></span> 
     </span>
    </p>
   </div>
   <div class='ocr_carea' id='block_1_94' title="bbox 473 5758 2052 5827">
    <p class='ocr_par' dir='ltr' id='par_1_94' title="bbox 473 5758 2052 5827">
     <span class='ocr_line' id='line_1_94' title="bbox 473 5758 2052 5827; baseline 0.004 -19"><span class='ocrx_word' id='word_1_720' title='bbox 473 5760 830 5820; x_wconf 56' lang='lat' dir='ltr'><strong>naturalibus,</strong></span> <span class='ocrx_word' id='word_1_721' title='bbox 871 5759 1121 5827; x_wconf 80' lang='lat' dir='ltr'><strong>capiendi</strong></span> <span class='ocrx_word' id='word_1_722' title='bbox 1173 5759 1390 5814; x_wconf 79' lang='lat' dir='ltr'><strong>consilii</strong></span> <span class='ocrx_word' id='word_1_723' title='bbox 1428 5775 1484 5812; x_wconf 83' lang='lat' dir='ltr'><strong>ra</strong></span> <span class='ocrx_word' id='word_1_724' title='bbox 1520 5761 1592 5824; x_wconf 88' lang='lat' dir='ltr'><strong>io,</strong></span> <span class='ocrx_word' id='word_1_725' title='bbox 1645 5759 1698 5813; x_wconf 94' lang='lat' dir='ltr'><strong>in</strong></span> <span class='ocrx_word' id='word_1_726' title='bbox 1736 5758 2052 5814; x_wconf 87' lang='lat' dir='ltr'><strong>actionibus</strong></span> 
     </span>
    </p>
   </div>
   <div class='ocr_carea' id='block_1_95' title="bbox 476 5845 2047 5921">
    <p class='ocr_par' dir='ltr' id='par_1_95' title="bbox 476 5845 2047 5921">
     <span class='ocr_line' id='line_1_95' title="bbox 476 5845 2047 5921; baseline 0.004 -22"><span class='ocrx_word' id='word_1_727' title='bbox 476 5845 759 5902; x_wconf 86' lang='lat' dir='ltr'><strong>hominum</strong></span> <span class='ocrx_word' id='word_1_728' title='bbox 811 5849 1097 5916; x_wconf 78' lang='lat' dir='ltr'><strong>sanctitas,</strong></span> <span class='ocrx_word' id='word_1_729' title='bbox 1135 5851 1188 5904; x_wconf 88' lang='lat' dir='ltr'><strong>in</strong></span> <span class='ocrx_word' id='word_1_730' title='bbox 1236 5851 1314 5906; x_wconf 90' lang='lat' dir='ltr'><strong>iis-</strong></span> <span class='ocrx_word' id='word_1_731' title='bbox 1345 5851 1507 5907; x_wconf 87' lang='lat' dir='ltr'><strong>rebus</strong></span> <span class='ocrx_word' id='word_1_732' title='bbox 1560 5866 1682 5921; x_wconf 68' lang='lat' dir='ltr'><strong>qua:</strong></span> <span class='ocrx_word' id='word_1_733' title='bbox 1721 5850 1790 5906; x_wconf 83' lang='lat' dir='ltr'><strong>ad</strong></span> <span class='ocrx_word' id='word_1_734' title='bbox 1845 5865 2047 5906; x_wconf 90' lang='lat' dir='ltr'><strong>numen</strong></span> 
     </span>
    </p>
   </div>
   <div class='ocr_carea' id='block_1_96' title="bbox 2155 5114 3740 5189">
    <p class='ocr_par' dir='ltr' id='par_1_96' title="bbox 2155 5114 3740 5189">
     <span class='ocr_line' id='line_1_96' title="bbox 2155 5114 3740 5189; baseline 0.001 -17"><span class='ocrx_word' id='word_1_735' title='bbox 2155 5115 2373 5188; x_wconf 79' lang='grc' dir='ltr'>ἀνδρία,</span> <span class='ocrx_word' id='word_1_736' title='bbox 2427 5115 2779 5187; x_wconf 80' lang='grc' dir='ltr'>σωφροσύνη,</span> <span class='ocrx_word' id='word_1_737' title='bbox 2837 5114 3042 5170; x_wconf 73' lang='grc' dir='ltr'>είδικαὶ</span> <span class='ocrx_word' id='word_1_738' title='bbox 3087 5116 3166 5182; x_wconf 65' lang='grc' dir='ltr'>δὲ,</span> <span class='ocrx_word' id='word_1_739' title='bbox 3216 5119 3284 5188; x_wconf 74' lang='grc' dir='ltr'>τῇ</span> <span class='ocrx_word' id='word_1_740' title='bbox 3335 5115 3434 5188; x_wconf 81' lang='grc' dir='ltr'><strong>μὲν</strong></span> <span class='ocrx_word' id='word_1_741' title='bbox 3480 5119 3740 5189; x_wconf 78' lang='grc' dir='ltr'>φρονήσει</span> 
     </span>
    </p>
   </div>
   <div class='ocr_carea' id='block_1_97' title="bbox 2156 5190 3737 5280">
    <p class='ocr_par' dir='ltr' id='par_1_97' title="bbox 2156 5190 3737 5280">
     <span class='ocr_line' id='line_1_97' title="bbox 2156 5190 3737 5280; baseline -0.001 -16"><span class='ocrx_word' id='word_1_742' title='bbox 2156 5207 2669 5280; x_wconf 85' lang='grc' dir='ltr'>ύποδιαιρούμεναι,</span> <span class='ocrx_word' id='word_1_743' title='bbox 2719 5206 3021 5272; x_wconf 79' lang='grc' dir='ltr'>θεοσέϐεια,</span> <span class='ocrx_word' id='word_1_744' title='bbox 3070 5190 3276 5279; x_wconf 77' lang='grc' dir='ltr'>φυσικὴ</span> <span class='ocrx_word' id='word_1_745' title='bbox 3335 5207 3623 5263; x_wconf 76' lang='grc' dir='ltr'>εύϐουλίαο</span> <span class='ocrx_word' id='word_1_746' title='bbox 3669 5211 3737 5280; x_wconf 82' lang='grc' dir='ltr'>τῇ</span> 
     </span>
    </p>
   </div>
   <div class='ocr_carea' id='block_1_98' title="bbox 2153 5300 3737 5374">
    <p class='ocr_par' dir='ltr' id='par_1_98' title="bbox 2153 5300 3737 5374">
     <span class='ocr_line' id='line_1_98' title="bbox 2153 5300 3737 5374; baseline -0.001 -17"><span class='ocrx_word' id='word_1_747' title='bbox 2153 5302 2212 5357; x_wconf 82' lang='grc' dir='ltr'>δὲ</span> <span class='ocrx_word' id='word_1_748' title='bbox 2261 5301 2606 5372; x_wconf 76' lang='grc' dir='ltr'>δικαιοσύνῃ,</span> <span class='ocrx_word' id='word_1_749' title='bbox 2664 5300 2906 5370; x_wconf 77' lang='grc' dir='ltr'>ὁσιότης,</span> <span class='ocrx_word' id='word_1_750' title='bbox 2961 5300 3230 5368; x_wconf 84' lang='grc' dir='ltr'>πολιτεία,</span> <span class='ocrx_word' id='word_1_751' title='bbox 3280 5302 3623 5374; x_wconf 68' lang='grc' dir='ltr'>χρηστότης·</span> <span class='ocrx_word' id='word_1_752' title='bbox 3669 5304 3737 5372; x_wconf 78' lang='grc' dir='ltr'>τῇ</span> 
     </span>
    </p>
   </div>
   <div class='ocr_carea' id='block_1_99' title="bbox 2155 5391 3740 5466">
    <p class='ocr_par' dir='ltr' id='par_1_99' title="bbox 2155 5391 3740 5466">
     <span class='ocr_line' id='line_1_99' title="bbox 2155 5391 3740 5466; baseline 0.001 -20"><span class='ocrx_word' id='word_1_753' title='bbox 2155 5393 2212 5446; x_wconf 82' lang='grc' dir='ltr'>δὲ</span> <span class='ocrx_word' id='word_1_754' title='bbox 2235 5393 2457 5466; x_wconf 77' lang='grc' dir='ltr'>ἀνδρίᾳ,</span> <span class='ocrx_word' id='word_1_755' title='bbox 2519 5391 2776 5462; x_wconf 68' lang='grc' dir='ltr'>εὐψυχία,</span> <span class='ocrx_word' id='word_1_756' title='bbox 2842 5393 3186 5461; x_wconf 84' lang='grc' dir='ltr'>γενναιότης,</span> <span class='ocrx_word' id='word_1_757' title='bbox 3239 5393 3521 5464; x_wconf 85' lang='grc' dir='ltr'>πραότης·</span> <span class='ocrx_word' id='word_1_758' title='bbox 3573 5394 3640 5464; x_wconf 80' lang='grc' dir='ltr'>τῇ</span> <span class='ocrx_word' id='word_1_759' title='bbox 3682 5393 3740 5448; x_wconf 74' lang='grc' dir='ltr'>δὲ</span> 
     </span>
    </p>
   </div>
   <div class='ocr_carea' id='block_1_100' title="bbox 2157 5483 3742 5557">
    <p class='ocr_par' dir='ltr' id='par_1_100' title="bbox 2157 5483 3742 5557">
     <span class='ocr_line' id='line_1_100' title="bbox 2157 5483 3742 5557; baseline -0.001 -18"><span class='ocrx_word' id='word_1_760' title='bbox 2157 5485 2505 5557; x_wconf 73' lang='grc' dir='ltr'>σωφροσύνῃ,</span> <span class='ocrx_word' id='word_1_761' title='bbox 2568 5485 2888 5554; x_wconf 82' lang='grc' dir='ltr'>μετριότης,</span> <span class='ocrx_word' id='word_1_762' title='bbox 2955 5483 3357 5554; x_wconf 71' lang='grc' dir='ltr'>ἑλευθεριότης,</span> <span class='ocrx_word' id='word_1_763' title='bbox 3423 5484 3742 5557; x_wconf 76' lang='grc' dir='ltr'>κοσμιότης.</span> 
     </span>
    </p>
   </div>
   <div class='ocr_carea' id='block_1_101' title="bbox 2155 5574 3743 5649">
    <p class='ocr_par' dir='ltr' id='par_1_101' title="bbox 2155 5574 3743 5649">
     <span class='ocr_line' id='line_1_101' title="bbox 2155 5574 3743 5649; baseline 0.003 -21"><span class='ocrx_word' id='word_1_764' title='bbox 2155 5574 2269 5628; x_wconf 79' lang='grc' dir='ltr'><strong>Καὶ</strong></span> <span class='ocrx_word' id='word_1_765' title='bbox 2298 5575 2579 5628; x_wconf 75' lang='grc' dir='ltr'>θεοσέϐεια</span> <span class='ocrx_word' id='word_1_766' title='bbox 2614 5576 2717 5644; x_wconf 81' lang='grc' dir='ltr'><strong>μὲν</strong></span> <span class='ocrx_word' id='word_1_767' title='bbox 2747 5577 2876 5645; x_wconf 74' lang='grc' dir='ltr'>περὶ</span> <span class='ocrx_word' id='word_1_768' title='bbox 2904 5574 2972 5630; x_wconf 76' lang='grc' dir='ltr'>τὰ</span> <span class='ocrx_word' id='word_1_769' title='bbox 2998 5575 3139 5642; x_wconf 84' lang='grc' dir='ltr'>θεῖα,</span> <span class='ocrx_word' id='word_1_770' title='bbox 3186 5577 3391 5649; x_wconf 77' lang='grc' dir='ltr'>φυσικὴ</span> <span class='ocrx_word' id='word_1_771' title='bbox 3429 5576 3484 5630; x_wconf 79' lang='grc' dir='ltr'>δὲ</span> <span class='ocrx_word' id='word_1_772' title='bbox 3517 5577 3646 5646; x_wconf 66' lang='grc' dir='ltr'><strong>περλ⁵</strong></span> <span class='ocrx_word' id='word_1_773' title='bbox 3673 5576 3743 5632; x_wconf 74' lang='grc' dir='ltr'>τὰ</span> 
     </span>
    </p>
   </div>
   <div class='ocr_carea' id='block_1_102' title="bbox 2155 5665 3745 5739">
    <p class='ocr_par' dir='ltr' id='par_1_102' title="bbox 2155 5665 3745 5739">
     <span class='ocr_line' id='line_1_102' title="bbox 2155 5665 3745 5739; baseline 0.001 -23"><span class='ocrx_word' id='word_1_774' title='bbox 2155 5666 2382 5734; x_wconf 77' lang='grc' dir='ltr'>φυσικὰ,</span> <span class='ocrx_word' id='word_1_775' title='bbox 2419 5665 2674 5718; x_wconf 79' lang='grc' dir='ltr'>εὐϐουλία</span> <span class='ocrx_word' id='word_1_776' title='bbox 2711 5666 2768 5718; x_wconf 81' lang='grc' dir='ltr'>δὲ</span> <span class='ocrx_word' id='word_1_777' title='bbox 2805 5667 2934 5737; x_wconf 76' lang='grc' dir='ltr'>περὶ</span> <span class='ocrx_word' id='word_1_778' title='bbox 2982 5665 3052 5720; x_wconf 71' lang='grc' dir='ltr'>τὰ</span> <span class='ocrx_word' id='word_1_779' title='bbox 3084 5666 3428 5739; x_wconf 79' lang='grc' dir='ltr'>ἀνθρώπινα.</span> <span class='ocrx_word' id='word_1_780' title='bbox 3459 5667 3570 5722; x_wconf 76' lang='grc' dir='ltr'><strong>Καὶ</strong></span> <span class='ocrx_word' id='word_1_781' title='bbox 3600 5667 3745 5721; x_wconf 80' lang='grc' dir='ltr'>ὁσιό-</span> 
     </span>
    </p>
   </div>
   <div class='ocr_carea' id='block_1_103' title="bbox 2154 5759 3743 5830">
    <p class='ocr_par' dir='ltr' id='par_1_103' title="bbox 2154 5759 3743 5830">
     <span class='ocr_line' id='line_1_103' title="bbox 2154 5759 3743 5830; baseline 0.002 -19"><span class='ocrx_word' id='word_1_782' title='bbox 2154 5775 2257 5827; x_wconf 86' lang='grc' dir='ltr'><strong>της</strong></span> <span class='ocrx_word' id='word_1_783' title='bbox 2297 5759 2396 5829; x_wconf 76' lang='lat' dir='ltr'><strong>p‘sv</strong></span> <span class='ocrx_word' id='word_1_784' title='bbox 2448 5761 2505 5812; x_wconf 77' lang='grc' dir='ltr'>ἐν</span> <span class='ocrx_word' id='word_1_785' title='bbox 2541 5761 2655 5822; x_wconf 87' lang='grc' dir='ltr'>τοῖς</span> <span class='ocrx_word' id='word_1_786' title='bbox 2694 5759 2828 5830; x_wconf 72' lang='grc' dir='ltr'>πρὸς</span> <span class='ocrx_word' id='word_1_787' title='bbox 2871 5760 2931 5813; x_wconf 86' lang='grc' dir='ltr'>τὸ</span> <span class='ocrx_word' id='word_1_788' title='bbox 2985 5759 3150 5822; x_wconf 81' lang='grc' dir='ltr'>θεῖον,</span> <span class='ocrx_word' id='word_1_789' title='bbox 3179 5761 3420 5814; x_wconf 85' lang='grc' dir='ltr'>πολιτεία</span> <span class='ocrx_word' id='word_1_790' title='bbox 3463 5762 3518 5814; x_wconf 83' lang='grc' dir='ltr'>δὲ</span> <span class='ocrx_word' id='word_1_791' title='bbox 3547 5763 3604 5815; x_wconf 84' lang='grc' dir='ltr'>ὲν</span> <span class='ocrx_word' id='word_1_792' title='bbox 3632 5763 3743 5824; x_wconf 82' lang='grc' dir='ltr'>τοῖς</span> 
     </span>
    </p>
   </div>
   <div class='ocr_carea' id='block_1_104' title="bbox 2154 5851 3746 5924">
    <p class='ocr_par' dir='ltr' id='par_1_104' title="bbox 2154 5851 3746 5924">
     <span class='ocr_line' id='line_1_104' title="bbox 2154 5851 3746 5924; baseline -0.001 -17"><span class='ocrx_word' id='word_1_793' title='bbox 2154 5851 2454 5920; x_wconf 68' lang='grc' dir='ltr'>ἀκοντίοις,</span> <span class='ocrx_word' id='word_1_794' title='bbox 2500 5853 2819 5923; x_wconf 81' lang='grc' dir='ltr'>γενναιότης</span> <span class='ocrx_word' id='word_1_795' title='bbox 2869 5851 2926 5906; x_wconf 73' lang='grc' dir='ltr'>δὲ</span> <span class='ocrx_word' id='word_1_796' title='bbox 2976 5853 3035 5908; x_wconf 80' lang='grc' dir='ltr'>ἐν</span> <span class='ocrx_word' id='word_1_797' title='bbox 3084 5855 3346 5924; x_wconf 70' lang='grc' dir='ltr'>αἰρετοῑς,</span> <span class='ocrx_word' id='word_1_798' title='bbox 3394 5857 3638 5916; x_wconf 67' lang='grc' dir='ltr'>πραΰτης</span> <span class='ocrx_word' id='word_1_799' title='bbox 3687 5852 3746 5907; x_wconf 71' lang='grc' dir='ltr'>δὲ</span> 
     </span>
    </p>
   </div>
  </div>
