4078 6426
391 328 499 393 835
1138 333 1239 396 DE
1277 333 1709 400 PLATONICA
1749 335 1844 399 ET
1871 333 2428 399 ARISTOTELIGA
2455 332 3015 398 PHILOSOPHIA-
3560 333 3665 396 €86

383 456 602 512 mente
639 447 948 511 consistat
994 451 1319 531 concedit,
1360 450 1523 529 quin
1565 451 1780 531 potius
1819 466 2062 531 omnes
2095 449 2374 512 naturali
2423 449 2704 529 quodam
2761 448 3072 531 instinctu
3117 447 3317 512 Deum
3362 448 3668 531 omnipo-

385 534 625 590 tentem
660 534 985 590 asserunt.
1018 531 1153 592 Jam
1187 530 1240 590 si
1270 527 1460 594 etiam
1482 527 1603 592 hoc
1635 529 2262 606 concedunt,ipsum
2296 527 2626 590 summum
2662 536 2725 588 et
2763 528 3112 588 maximum
3147 544 3291 590 esse
3321 527 3658 606 artiﬁcem,

385 606 712 686 Oportebit
751 615 925 667 certe
962 606 1272 685 deinceps
1314 609 1496 686 lateri
1529 611 1608 670 ab
1641 608 1872 686 eodem
1908 605 2261 669 maximum
2301 607 2954 686 pulcherrimumque
3001 621 3187 686 opus,
3223 606 3396 686 quod
3443 605 3662 667 animo

385 682 650 764 cogitari
677 691 787 764 aut
808 701 1082 764 usquam
1108 682 1390 749 inveniri
1423 687 1643 764 possit,
1663 685 1898 748 factum
1933 703 2113 757 esse;
2138 693 2202 747 et
2227 682 2555 762 quodnam
2580 684 2834 746 tandem
2863 682 2983 764 erit
3011 683 3167 745 illud
3189 685 3396 760 opus?
3420 686 3649 764 Annon

389 762 715 845 mundus?
755 762 940 845 Quod
963 764 1015 826 si
1045 772 1259 845 autem
1293 762 2196 845 Peripateticoilli,mundum
2231 764 2542 845 asserenti
2580 775 2920 845 aeternum,
2953 762 3086 824 haec
3119 764 3492 845 magis_t_rsse
3524 762 3662 822 sive

388 841 729 922 dialectica
763 841 900 904 sive
934 843 1290 920 probabilia
1318 839 1718 918 viderentur,
1747 860 1936 922 quam
1970 843 2350 918 apodictiea,
2413 843 2551 903 sive
2584 840 2954 922 scientilica,
3003 857 3118 922 age
3147 858 3290 922 cum
3329 839 3440 899 illo
3469 857 3666 916 argu-

393 920 652 1000 mentis,
690 937 751 1000 a_
778 919 1002 982 natura
1040 923 1399 1000 desumptis
1435 922 1716 984 ulterius
1752 919 2192 1000 conferemus.
2237 929 2325 982 Ac
2373 921 2648 1000 primum
2704 919 2968 997 quidem
3027 919 3184 1000 illud
3223 926 3493 1000 constat,
3533 935 3660 1000 non

392 1015 582 1078 posse
624 997 753 1060 ﬁeri
793 1006 861 1060 ut
909 1001 995 1060 sit
1023 995 1290 1078 aliquid"
1318 1007 1654 1071 internum,
1695 999 1872 1078 quod
1918 1019 1952 1059 e
1992 998 2336 1078 principiis
2371 995 2850 1078 conﬂatum'est
2885 995 3286 1078 corruptioui
3335 995 3660 1078 obnoxiis,

392 1075 650 1157 qualem
682 1093 828 1157 esse
857 1078 1102 1157 scimus
1135 1075 1485 1157 mundum,
1507 1078 1690 1157 cujus
1715 1075 1930 1155 partes
1960 1075 2223 1157 assidue
2263 1085 2619 1157 mutantur,
2651 1077 2802 1138 dum
2831 1075 3120 1157 quaedam
3156 1077 3338 1157 lium.
3370 1075 3660 1157 quaedam

395 1152 748 1235 intereunt.
778 1156 908 1217 Nec
942 1156 1136 1235 refert
1167 1157 1340 1235 quod
1375 1152 1644 1235 quidam
1684 1152 1927 1235 partem
1965 1155 2188 1235 mundi
2229 1155 2734 1226 nobilissimam,
2764 1153 2995 1235 ccelum
3037 1153 3370 1235 nimirum,
3399 1152 3664 1235 immor-

395 1234 822 1313 talefaciunt,
857 1234 1156 1313 nullique
1187 1229 1602 1313 dissolutioni
1632 1229 2026 1313 subjectum.
2056 1233 2296 1294 Eodem
2333 1251 2612 1313 namque
2655 1235 2846 1294 modo
2879 1233 3070 1313 etiam
3105 1231 3433 1292 hominem
3473 1229 3662 1309 quis-

399 1314 570 1390 piam
611 1311 960 1392 appellabit
1007 1310 1460 1392 immortalem,
1495 1313 1577 1374 ob
1623 1310 1865 1392 partem
1901 1310 2113 1392 ipsius
2155 1310 2566 1392 praecipuam,
2609 1328 2799 1392 quam
2835 1310 3121 1392 animum
3165 1325 3664 1392 vocem_us,_om_-

398 1387 1108 1471 nisque_'corruptionis
1153 1400 1484 1471 expertem
1525 1387 2008 1471 constituimus.
2043 1387 2285 1471 omitto
2310 1387 2441 1468 jam
2495 1387 2666 1471 quod
2724 1389 2978 1471 multis,
3034 1387 3664 1471 iisqueindubitatis

399 1467 1046 1548 ratiunibusprobari
1090 1467 1496 1548 poss’it,rnon
1545 1486 1688 1548 esse
1720 1468 1950 1531 coelum
1995 1467 2434 1548 corruptionis
2482 1467 2741 1548 expers,
2783 1470 3130 1548 ipsumque
3181 1470 3373 1528 etiam
3407 1467 3664 1528 tandem

398 1564 632 1623 urgere
661 1547 737 1606 ad
771 1545 1128 1609 interitum.
1168 1547 1355 1620 Quod
1397 1547 1451 1608 si
1481 1547 1630 1623 quis
1664 1547 1842 1609 ﬂuvii
1883 1547 2081 1608 instar
2115 1547 2432 1609 mundum
2465 1545 2672 1611 credit
2706 1545 2984 1608 subinde
3032 1545 3254 1618 ﬂuere,
3292 1555 3664 1622 partemque

404 1624 600 1705 hujus
634 1641 777 1701 quae
800 1623 1069 1705 efﬂuxit,
1104 1645 1134 1687 a
1167 1626 1341 1686 fonte
1373 1627 1556 1705 quasi
1590 1629 1868 1705 quodam
1907 1626 2198 1705 perenni,
2237 1643 2496 1705 semper
2529 1626 2810 1694 restitui,
2847 1626 2900 1685 is
2947 1641 3101 1705 sane
3141 1641 3377 1705 novum
3409 1640 3668 1705 semper

400 1702 714 1783 mundum
741 1703 1100 1777 constituit,
1136 1711 1198 1764 et
1233 1701 1425 1782 quem
1467 1701 1704 1766 factum
1737 1701 1943 1764 fuisse
1977 1703 2236 1783 nolebat
2271 1701 2482 1777 fateri,
2517 1706 2816 1766 eumdem
2842 1705 2978 1783 jam
3003 1703 3312 1765 infinities
3346 1701 3664 1783 concedit.

401 1779 476 1863 iit
502 1780 758 1842 enimin
793 1783 1018 1863 eodem
1050 1779 1530 1863 quidemalveo
1559 1799 1810 1863 semper
1840 1783 2134 1863 decurrit
2158 1782 2423 1863 ﬂuvius,
2459 1783 2573 1863 sed
2605 1783 2796 1844 aliam
2836 1779 3118 1863 subinde
3155 1785 3384 1863 aquam
3425 1779 3664 1863 haurit,

398 1859 491 1921 ita
516 1875 640 1919 non
675 1861 976 1940 eumdem
1007 1859 1150 1923 esse
1183 1860 1575 1923 hodiernum
1603 1859 1943 1933 mundum,
1968 1860 2078 1940 qui
2107 1859 2336 1940 fuisset
2363 1862 2524 1928 heri,
2561 1863 2673 1922 sed
2709 1877 2945 1923 novum
2975 1859 3254 1922 subinde
3289 1859 3665 1940 succedere,

397 1937 769 2019 necessario
813 1947 1220 2016 sequeretur.
1275 1940 1482 2000 Aliam
1510 1955 1772 2019 quoque
1808 1935 2100 2019 incurret
2135 1939 2248 2019 ille
2282 1939 2905 2019 absurditatem,qui
2946 1940 3258 2019 mundum
3291 1935 3440 2019 facit
3485 1945 3670 1999 aeter-

402 2015 930 2096 num.._Animam
988 2019 1286 2096 plerique
1331 2015 1782 2080 sanm'mentis
1823 2018 1988 2079 inter
2048 2018 2506 2096 Peripateticos
2552 2015 2833 2080 fatentur
2885 2033 3030 2080 esse
3083 2015 3538 2096 immortalem,
3607 2020 3670 2076 et

404 2097 563 2157 item
603 2093 745 2164 hoc,
779 2093 1050 2158 numero
1083 2093 1328 2157 infinita
1362 2097 1493 2157 dari
1532 2112 1656 2157 non
1685 2111 1872 2174 posse
1905 2097 2114 2172 reipsa
2141 2093 2276 2157 sive
2305 2106 2474 2158 actu.
2509 2097 2756 2158 Mundo
2795 2096 2991 2174 igitur
3026 2095 3378 2174 cunstituto
3401 2101 3666 2174 teterno,

402 2190 618 2236 annon
643 2174 1535 2254 animterconstituenturactu
1571 2171 1879 2235 inﬁnitae?
1913 2171 2241 2254 Siquidem
2267 2175 2415 2236 anni
2443 2176 2571 2254 jam
2600 2171 3022 2253 praeterierint
3051 2173 3306 2254 inﬁniti,
3335 2173 3668 2234 homines-

404 2270 535 2330 que
575 2253 1108 2330 nrumerointiniti
1143 2253 1406 2319 mortui,
1444 2268 1721 2330 quorum
1761 2251 2055 2316 omnium
2093 2270 2368 2315 numero
2398 2251 2756 2315 carentium
2792 2261 2946 2314 sunt
2983 2251 3217 2314 animm
3277 2259 3420 2313 actu
3454 2269 3676 2328 super-

409 2327 639 2412 stites?
665 2333 746 2392 At
788 2332 890 2393 hic
917 2332 1184 2412 quidam
1217 2327 1700 2412 hujusa'bsurdi
1738 2330 2010 2412 vitandi
2041 2332 2268 2412 gratia,
2294 2331 2534 2394 furiosa
2585 2331 2861 2412 quadam
2919 2331 3349 2412 impudentia,
3401 2327 3670 2390 numero

404 2410 662 2472 unicam
689 2427 832 2472 esse
855 2410 1130 2471 animam
1164 2409 1540 2474 rationalem
1564 2409 1631 2470 in
1667 2410 1971 2472 omnibus
1999 2410 2376 2472 hominibus
2405 2409 2670 2472 tinxere.
2701 2409 2836 2470 Hoc
2871 2427 3021 2470 vero
3055 2409 3427 2486 ﬁgmentum
3454 2424 3669 2472 annon

408 2505 671 2568 omnem
713 2489 1424 2568 providentiamatque
1448 2487 1766 2568 justitiam
1803 2489 1918 2551 Dei
1953 2487 2120 2568 tollit
2148 2497 2340 2568 atque
2376 2485 2764 2568 exstinguit?
2795 2489 2924 2549 Hac
2957 2503 3233 2568 namque
3274 2487 3520 2548 ratione
3550 2487 3672 2547 bo-

412 2567 625 2646 mines
667 2565 942 2646 numero
987 2583 1116 2629 non
1156 2565 1464 2646 different
1503 2582 1781 2646 quorum
1832 2565 2379 2646 nimirum.unica
2430 2565 2613 2628 esset
2650 2565 2879 2638 forma,
2918 2583 3034 2627 nec
3081 2565 3208 2628 ulla
3255 2573 3673 2646 superessent

413 2645 670 2723 praemia
712 2655 879 2708 recte
917 2644 1252 2717 factorum,
1283 2643 1477 2707 nullm
1521 2643 1724 2720 pmnre
1775 2645 1940 2708 male
1986 2643 2328 2714 factorum.
2363 2645 2669 2722 idemque
2702 2652 2874 2723 esset
2909 2646 3200 2723 Socrates
3245 2645 3420 2723 quod
3471 2643 3672 2723 Plato,

410 2721 530 2786 nec
563 2723 792 2786 melior
825 2724 1034 2786 bonus
1065 2739 1255 2802 quam
1290 2723 1664 2802 sceleratus,
1706 2723 1968 2801 sapiens
2001 2740 2190 2801 quam
2223 2724 2491 2802 stultus,
2526 2721 2585 2784 et
2619 2723 2714 2802 sic
2741 2722 3066 2802 deinceps.
3113 2722 3177 2782 Id
3218 2721 3389 2802 quod
3419 2737 3562 2802 cum
3593 2721 3677 2783 sit

349 2848 352 2850 η
409 2802 788 2878 absurdum,
818 2802 976 2863 illud
1007 2800 1157 2864 item
1192 2817 1322 2878 quo
1359 2800 1815 2876 afﬁrmabatur,
1847 2800 2102 2864 unicam
2142 2819 2284 2863 esse
2317 2801 2608 2862 omnium
2643 2801 2977 2862 hominum
3009 2802 3286 2862 animam
3321 2800 3673 2862 absurdum

412 2897 555 2942 esse
602 2897 866 2943 necesse
899 2879 1041 2942 erit.
1078 2882 1198 2942 Sed
1231 2879 1461 2958 desino
1493 2886 1617 2941 tam
1673 2878 1889 2958 plures
1918 2881 2251 2941 cumulare
2285 2879 2722 2958 probationes,
2759 2878 3000 2955 quibus
3049 2879 3333 2940 mundus
3367 2893 3491 2939 non
3530 2894 3676 2958 esse

410 2968 692 3021 mteruus
742 2961 1244 3020 demonstretur.
1288 2957 1530 3018 Addam
1589 2957 1801 3036 potius
1846 2958 2056 3019 adhuc
2101 2956 2304 3021 unum
2355 2958 2551 3037 idque
2615 2959 2811 3037 breve
2870 2959 3267 3037 exemplum,
3301 2972 3430 3035 quo
3475 2956 3676 3032 magis

411 3037 639 3118 faciam
686 3037 947 3118 planum
999 3054 1237 3118 rerum
1281 3034 1672 3118 naturalium
1733 3037 2167 3118 cognitionem
2230 3053 2382 3118 esse
2431 3034 2730 3118 prmviam
2798 3034 2934 3097 veri
2985 3034 3248 3118 luminis
3312 3034 3422 3112 per
3483 3051 3678 3118 quam

413 3114 722 3178 nimirum
775 3116 976 3178 homo
1008 3114 1352 3177 deducitur
1382 3117 1458 3194 ad
1494 3114 2105 3194 contemplationem
2142 3116 2241 3178 sui
2268 3114 2613 3176 Creatoris.
2647 3115 2835 3194 Hunc
2867 3114 3176 3194 mundum
3217 3115 3495 3194 itaquea
3548 3115 3679 3174 Deo

416 3197 578 3274 regi,
611 3212 756 3274 qum
788 3194 1056 3273 probent
1090 3194 1393 3274 rationes,
1429 3193 1708 3274 breviter
1742 3191 2084 3270 exponam.
2120 3196 2204 3274 Ac
2238 3194 2514 3274 primum
2550 3193 3024 3274 quidem-quis
3061 3208 3186 3253 non
3224 3193 3394 3254 videt
3426 3191 3682 3274 diversa

416 3269 610 3362 atque
631 3269 950 3362 contraria
985 3290 1097 3350 per
1128 3291 1196 3335 se
1228 3271 1532 3362 conjungi
1567 3281 1758 3362 atque
1781 3274 1856 3362 ad
1902 3289 2092 3362 unam
2120 3269 2408 3362 aliquam
2445 3269 2719 3362 formam
2759 3269 2979 3362 reduci
3017 3287 3141 3330 non
3185 3287 3392 3362 posse,
3433 3271 3556 3362 nisi
3591 3271 3684 3331 al-

407 3352 622 3440 terius
661 3349 1020 3440 cujuspiam
1066 3349 1685 3440 Operaoauxilioque
1732 3350 2176 3440 intercedente
2211 3349 2719 3440 c'onnectanturﬂ
2766 3351 2904 3410 Jam
2938 3365 3100 3439 vero
3144 3354 3454 3440 mundum
3512 3349 3684 3438 hunc

417 3448 497 3493 ex
543 3438 667 3491 tam
711 3427 986 3490 diversis
1025 3427 1494 3508 contrariisque
1539 3427 1844 3508 Avidemus
1897 3437 2192 3491 constare
2240 3428 2554 3508 partibus,
2586 3427 2846 3508 inquo
2889 3427 3197 3508 nimirum
3255 3427 3486 3508 frigida
3528 3427 3683 3506 juu-

421 3507 966 3586 gunturrralidis,
1023 3506 1354 3586 humentia
1390 3502 1941 3586 'siccis,aliaque‘
1976 3502 2396 3586 ex‘diversis
2445 3502 3009 3586 conﬂata'naturis
3058 3505 3126 3565 in
3173 3502 3373 3586 unani
3415 3502 3681 3586 furniam

393 3583 842 3658 conveniunt.
871 3585 1079 3664 Unum
1135 3583 1355 3663 itaque
1406 3601 1552 3664 esse
1597 3583 1881 3664 aliquem
1911 3583 2096 3664 fateri
2128 3593 2402 3664 oportet,
2436 3585 2552 3663 qui
2599 3593 2722 3664 tam
2781 3583 3037 3664 diversa
3070 3583 3419 3664 copulavit,
3476 3585 3686 3664 univit

421 3669 616 3740 atque
659 3661 1018 3742 conjunxit.
1050 3662 1144 3721 An
1179 3661 1625 3742 quisraspiciat
1665 3662 1944 3742 tabulam
1985 3661 2263 3725 diversis
2317 3661 2547 3740 pictam
2607 3661 2963 3742 coloribus,
3010 3663 3338 3742 variisque
3397 3662 3686 3742 partibus

424 3739 854 3812 constantem,
899 3749 963 3802 et
1009 3739 1264 3801 certum
1295 3740 1582 3820 aliquem
1617 3741 1992 3820 magistrum
2045 3739 2616 3815 exstare’dubitet,
2657 3739 2767 3819 qui
2806 3747 2938 3820 tam
2981 3739 3137 3801 scite
3175 3739 3348 3820 illam
3385 3739 3687 3820 ﬁnxerit?

421 3823 516 3882 Au
553 3820 702 3898 quis
745 3821 1075 3898 intueatur
1125 3818 1357 3898 pocula
1383 3816 1577 3881 variis
1613 3816 1824 3881 cretata
1865 3826 2056 3898 atque
2088 3836 2313 3898 aspera
2351 3820 2582 3898 signis,
2618 3816 2736 3880 nec
2780 3817 3070 3898 protinus
3102 3817 3435 3889 exclamet,
3475 3816 3684 3880 divini

425 3895 589 3975 opus
639 3897 1149 3960 Alcimedontis?
1195 3896 1360 3975 Illud
1409 3910 1554 3957 sero
1610 3903 1853 3960 constat
1888 3897 2052 3959 inter
2109 3895 2359 3969 omnes,
2413 3895 2664 3959 diversa
2715 3895 3163 3974 contrariaque
3217 3910 3335 3956 suo
3401 3898 3682 3974 quodam

424 3974 671 4064 impetu
705 3976 970 4064 dissolvi
1000 3984 1194 4064 atque
1225 3974 1510 4064 disjuugi
1552 3977 1629 4038 ab
1664 3975 1969 4064 invicem,
2003 3976 2128 4038 nisi
2163 3976 2242 4038 sit
2273 3978 2512 4064 aliquis
2543 3993 2577 4038 a
2610 3991 2740 4064 quo
2774 3985 3263 4064 conservantur.

507 4051 685 4118 Idem
741 4056 958 4133 itaque
1019 4051 1210 4116 etiam
1270 4051 1512 4134 mundo
1557 4056 1982 4134 contingeret,
2043 4072 2236 4134 quem
2289 4051 2919 4134 in'unam‘formaut
2959 4069 3036 4134 ex
3065 4051 3346 4134 diversis
3384 4052 3674 4134 partibus

427 4143 826 4213 compactum
854 4129 1234 4194 naturarum
1267 4131 1404 4213 ipsa
1434 4129 1774 4213 diversitas
1792 4129 2084 4213 invicem
2104 4134 2360 4213 discors
2385 4133 2777 4213 dissociare_t_
2795 4130 3011 4213 procul
3043 4130 3241 4192 dubio
3265 4129 3452 4213 atque
3486 4132 3690 4213 dive}-

429 4208 617 4286 leret,
669 4211 792 4273 nisi
829 4219 998 4272 esset
1051 4227 1244 4282 unus,
1284 4211 1393 4288 qui
1429 4211 1603 4288 quod
1657 4211 1876 4272 nexuit
1946 4212 2326 4274 contineret.
2385 4215 2482 4273 An
2517 4226 2666 4272 vero
2696 4208 2942 4288 aliquid
2978 4225 3199 4288 carens
3232 4208 3687 4287 gubernaculis

430 4283 610 4354 certo
643 4299 837 4368 atque
878 4288 1154 4366 regulari
1192 4283 1715 4368 semper'ordine
1788 4290 2033 4352 moveri
2066 4298 2278 4366 posset
2309 4299 2536 4368 suapte
2568 4294 2794 4368 sponte
2819 4283 2850 4347 ‘l
2880 4287 2941 4345 id
2973 4287 3156 4368 quod
3181 4283 3314 4368 ﬁeri
3358 4289 3688 4368 cernimus

429 4369 496 4431 in
557 4365 824 4442 mundo,
862 4365 1046 4446 cujus
1087 4367 1247 4428 Ordo
1305 4375 1432 4428 tam
1473 4374 1688 4428 certus
1732 4369 2038 4446 procedit,
2072 4365 2170 4429 vel
2222 4365 2463 4430 eaedem
2531 4367 2661 4427 sint
2697 4371 3008 4446 perpetuo
3039 4365 3518 4446 vicissitudines
3550 4367 3690 4428 die-

432 4459 800 4536 rumratque
858 4443 1167 4536 noi:_tium,
1225 4443 2807 4536 commutationesqutemporququadripartitae
2863 4445 2935 4503 ad
2967 4443 3395 4536 maturitatem
3427 4443 3688 4536 frugum

433 4533 496 4587 et
539 4527 614 4588 ad
649 4519 1182 4600 témperationem
1216 4537 1556 4601 corporum
1591 4519 1984 4601 aplmeuid
2021 4519 2098 4586 de
2134 4521 2268 4588 s'ole
2295 4519 2500 4586 dicam
2549 4519 2833 4602 lunaque
2864 4532 2924 4584 et
2957 4519 3201 4602 rmteris
3227 4523 3436 4583 stellis
3463 4525 3492 4583 ?
3521 4519 3688 4602 q'uoe

433 4603 576 4665 rum
617 4613 735 4666 tam
773 4599 926 4665 Certi
979 4607 1130 4679 sunt
1155 4599 1394 4679 motus,
1428 4609 1496 4663 ut
1527 4599 1927 4679 sol—quidem
1973 4602 2194 4665 orbem
2233 4605 2298 4665 in
2355 4602 2699 4665 duodecim
2731 4599 2973 4678 'partes
3012 4599 3428 4661 distributum
3485 4599 3686 4663 semel

433 4682 783 4762 quotannis
817 4678 1237 4762 perambulet
1299 4685 1434 4762 tum
1461 4678 1787 4762 recedens
1817 4681 2098 4762 arnobis,
2132 4690 2268 4742 tum
2305 4682 2614 4762 accedens
2645 4680 2875 4762 adpos
2904 4700 2919 4738 :
2959 4679 3114 4762 luna
3150 4696 3298 4762 vero
3326 4680 3692 4762 accretiune

357 4824 364 4830 ,
434 4757 496 4839 et
529 4757 961 4823 diminutione
990 4757 1260 4819 luminis
1294 4757 1581 4839 mirabili
1606 4760 1793 4836 quasi
1844 4757 2181 4839 fastorum,
2216 4761 2509 4839 notet'et
2563 4757 2886 4839 signiﬁcet
2934 4759 3098 4830 dies,
3130 4758 3208 4818 ad
3253 4759 3550 4839 eumdem
3589 4776 3689 4819 re-

435 4835 718 4908 currens,
755 4839 970 4900 locum
1029 4843 1361 4897 menstruo
1421 4835 1676 4913 spatio;
1739 4845 1873 4899 tum
1930 4838 1997 4898 in
2065 4838 2296 4899 eodem
2352 4837 2509 4899 orbe
2561 4838 2763 4896 stelltB
2815 4843 2942 4896 tam
3001 4845 3177 4896 certo
3243 4835 3560 4909 feruntur,
3619 4844 3689 4898 ut

437 4918 700 4980 eosdem
731 4931 958 4984 cursus
990 4913 1552 4976 constantissimos
1583 4924 1844 4978 servent
1903 4914 2278 4992 disparibus
2334 4917 2504 4978 inter
2534 4932 2603 4976 se
2631 4913 2932 4975 motibus.
2971 4914 3130 4988 Qum
3167 4915 3428 4992 quidem
3462 4923 3525 4976 et
3565 4915 3688 4975 alia

435 4994 939 5058 innumerabilia
993 4993 1516 5070 cumhcernimus
1551 5000 1676 5054 tam
1710 5003 1954 5056 certum
1987 4993 2281 5054 ordinem
2342 4994 2706 5064 observare,
2774 5001 3058 5070 tamque»
3089 4992 3438 5070 dispositos
3480 5003 3690 5053 motus

439 5073 600 5136 locis
653 5073 1057 5152 temporibus
1107 5067 1451 5152 efﬁcientia
1506 5071 1733 5152 Spatiis
1798 5071 2226 5152 qualitatibus
2259 5073 2565 5145 retinere,
2601 5067 3038 5152 possumusne
3071 5067 3390 5152 dubiiare,
3424 5069 3577 5152 quin
3608 5070 3694 5132 sit

443 5169 639 5227 unus,
675 5146 809 5228 qui"
844 5151 955 5212 has
989 5148 1425 5209 mutationum
1468 5146 2112 5212 varietates'manens
2143 5149 2282 5226 ipse
2321 5146 2778 5228 moderet'uret
2809 5146 3159 5228 disponat?
3201 5149 3318 5228 His
3375 5146 3568 5224 igitur
3629 5159 3694 5210 et

437 5230 580 5320 aliis
622 5225 768 5320 quae
800 5229 918 5290 hoc
957 5229 1094 5320 loco
1153 5241 1282 5286 non
1307 5225 2264 5320 possuntpmuieenumerari,
2301 5227 2646 5320 humanis,‘
2684 5226 2802 5286 hoc
2835 5233 2931 5320 est
2966 5225 3254 5320 physicis
3290 5228 3690 5315 argumentis

441 5302 768 5386 quiSpiam
802 5311 1117 5386 mundum
1155 5304 1560 5386 providentia
1589 5306 2090 5386 Deigubernari
2126 5307 2397 5385 probare
2435 5311 2674 5386 posset,
2729 5302 2896 5363 unde
2928 5302 3080 5362 satis
3117 5302 3524 5386 perSpicuum
3548 5322 3691 5367 esse

440 5382 737 5458 arbitror,
780 5385 1112 5462 sapientim
1155 5382 1392 5455 studia,
1426 5398 1573 5460 quas
1597 5382 2083 5463 philosophiam
2118 5382 2540 5456 vocamus,ad
2567 5382 2923 5463 _pietatem_
2949 5397 3301 5463 rerumque
3327 5382 3690 5444 divinarum

440 5456 876 5543 cognitionem
933 5467 1204 5543 multum
1235 5456 1553 5533 cout'er're,
1591 5456 1883 5543 ideoque
1906 5469 1986 5543 ab
2025 5463 2289 5524 homine
2347 5456 2709 5543 Christiano
2745 5456 3094 5519 excolenda
3132 5456 3275 5543 esse
3337 5463 3567 5543 merito
3590 5471 3696 5543 rat--

443 5538 571 5620 que
603 5542 1064 5622 amplectenda.
1100 5538 1317 5615 Neque
1357 5546 1569 5600 tamen
1601 5538 2079 5622 philosOphiam
2114 5549 2418 5620 tanquam
2451 5541 2679 5622 ducem
2716 5551 3094 5622 sequemur,
3127 5539 3286 5622 quin
3321 5542 3532 5618 potius
3583 5542 3694 5622 illa

445 5614 749 5698 tanquam
775 5619 1064 5698 ministra
1100 5614 1382 5698 utentur,
1413 5614 1758 5698 atrque'tum
1783 5614 2042 5698 demum
2079 5635 2196 5681 nos
2226 5614 2392 5682 recte
2412 5614 2894 5698 philosophatus
2920 5614 3400 5698 arbitrabimur,
3432 5619 3693 5696 quando

443 5697 508 5758 id
555 5694 980 5777 [ῐὴὶιοεορὴὶω
1011 5694 1658 5777 Opeministerioque
1709 5697 2080 5777 tutabimur,
2121 5699 2293 5777 quod
2339 5694 2536 5777 sacris
2556 5711 2704 5777 non
2729 5701 3052 5777 repugnat
3091 5694 3344 5777 litteris,
3373 5694 3517 5777 quin
3545 5705 3696 5759 sunt

445 5771 730 5838 veritatis
762 5771 1075 5838 amusses.
1113 5773 1200 5834 Ex
1233 5789 1364 5851 quo
1389 5771 1902 5853 sane'sequitur,
1930 5771 2159 5853 genus"
2203 5774 2627 5851 philosophiae
2680 5771 3075 5842 Platonicum
3130 5772 3264 5837 viro
3336 5771 3692 5840 Christiano
