4078 6420
331 370 438 433 889

1020 357 1121 420 DE
1158 350 1597 418 PLATONICA—
1619 350 1719 413 ET.
1767 348 1902 410 Ᾱ-ιὶῐ
1922 345 2350 411 STOTELlCAc.
2374 342 2921 455 PHILOSOPHlA.

3499 336 3606 402 890

337 494 3577 539 _________________________________________________________..___..

838 666 1692 803 ΓΕΩΡΓΙΟΥ
1775 600 2156 795 ’ΤΟΥ
2255 652 3121 789 ΓΕΜΙΣΤΟΥ

1145 912 1450 1057 ΤΟΥ
1522 908 1803 1024 ΚΑΙ
1875 898 2803 1021 ’ΠΑΗΘΩΝΟΣ

1820 1120 1981 1174 ΠΕΡΙ
2037 1120 2130 1175 ΩΝ

684 1294 1450 1391 ΑΡΙΣΤΟΤΕΛΗΣ
1540 1290 1845 1382 ΠΡΟΣ
1926 1280 2480 1377 ΠΑᾹΤΩΝΑ
2591 1276 3279 1370 ΔΙΑΦΕΡΕὖΓΑΙ.

508 1662 1322 1828 GEORGII
1433 1652 2235 1819 GEMISTI
2345 1643 3455 1808 PLETHONIS

740 2078 1366 2164 PLATONICJE
1430 2076 1563 2157 ΕΤ
1617 2064 2141 2158 ARISTOTE
2165 2070 2427 2152 LICAE
2497 2066 3242 2151 PHILOSOPHIIE;

1704 2256 2267 2328 DlFFERENTIA‘;

422 2578 499 2633 Ol’
555 2577 654 2648 μὲν
720 2572 879 2645 ἡμῶν
935 2570 1283 2639 παλαιότεροι
1340 2568 1437 2622 καὶ
1502 2564 1773 2637 Ἑλλήνων
1826 2564 1974 2631 καὶ]

2097 2563 2233 2619 Tam
2268 2561 2440 2619 Grarci
2466 2578 2629 2632 quam
2660 2561 2888 2617 Remani
2928 2568 3162 2630 veteres,
3204 2561 3315 2632 qu"
3368 2572 3637 2619 nostrum:

365 2666 656 2739 Ῥωμαίων
686 2665 956 2719 Πλάτωνα
1000 2661 1413 2733 Ἀριστοτέλους
1456 2659 1637 2730 πολλῷ
1668 2657 1746 2728 τῷ
1781 2658 1934 2728 μέσῳ

354 2760 670 2831 προετίμων
693 2772 706 2787 ·
733 2756 843 2811 τῶν
864 2756 922 2809 δὲ
948 2754 1068 2818 νῦν,
1099 2753 1192 2808 καὶ
1222 2752 1459 2823 μάλιστα
1486 2751 1595 2805 τῶν
1618 2750 1754 2819 πρὸς
1778 2748 1939 2803 ἑσπέ-

357 2875 457 2929 ραν
491 2857 542 2910 oi
572 2854 785 2919 πολλοὶ,
830 2852 927 2906 άτε
964 2850 1194 2905 ἐκείνων
1229 2850 1534 2919 σοφώτεροι
1569 2848 1809 2917 οἰόμενοι
1840 2863 1937 2915 γε-

355 2949 593 3019 γονέναι,
650 2944 994 3015 Ἀριστοτέλη
1049 2944 1158 3014 πρὸ
1213 2942 1503 3017 Πλάτωνος
1533 2941 1947 3010 θαυμάζουσιν,

369 3037 613 3106 ’Δδερὸει
645 3036 753 3089 τινὶ
785 3032 997 3104 Ἀραει·
1021 3033 1338 3103 πειθόμενοι
1381 3034 1542 3103 μόνον
1589 3032 1936 3104 Ἀριστοτέλη

358 3130 621 3197 φάσκοντι
652 3126 857 3180 τέλειόν
895 3142 949 3176 τι
998 3125 1098 3194 τῆς
1150 3124 1367 3193 φύσεωςΔ
1421 3125 1478 3189 ἐς
1533 3126 1729 3190 σοφίαν
1780 3124 1941 3195 ἔργον

358 3219 759 3282 ἀποτελεῖσθαι,
801 3216 956 3288 ἀνδρὶ
984 3217 1031 3269 εί
1084 3216 1183 3286 μὲν
1213 3217 1381 3271 τᾶλλα
1420 3217 1696 3285 σπουδαίῳ
1736 3217 1837 3270 οὐκ
1870 3216 1936 3270 ἂν

360 3314 504 3368 οὕτω
553 3312 752 3384 ῥᾳδίως
784 3311 959 3363 εἰπεῖν
993 3310 1205 3381 ἔχοιμι,
1238 3310 1329 3363 τὸν
1367 3308 1551 3378 μέντοι
1598 3309 1726 3379 περὶ
1763 3308 1943 3378 ψυχῆς

360 3408 520 3473 λόγον
565 3403 708 3457 οὕτω
744 3401 934 3472 φαύλῳ
967 3404 1044 3465 ὡς
1091 3400 1189 3454 καὶ
1231 3401 1432 3470 θνητὴν
1474 3385 1644 3469 αύτὴν
1679 3400 1941 3457 τίθεσθαι.

361 3500 555 3554 Καίτοι
585 3496 642 3559 ὃς
670 3495 722 3561 γ’
752 3495 818 3548 ἂν
848 3493 1053 3563 ταύτην
1098 3493 1198 3562 τῆν
1228 3491 1468 3561 ἀμαθίαν
1498 3492 1755 3563 τυγχάνοι
1796 3495 1942 3560 ἁμα-

365 3590 585 3651 θαίνων,
615 3585 763 3648 τίνος
804 3584 926 3637 ποτ’
957 3584 1024 3637 ἂν
1058 3583 1352 3636 σπουδαίου
1390 3584 1714 3652 πράγματος
1752 3584 1944 3654 κριτῆς

362 3681 572 3750 γένοιτο
610 3676 798 3743 ἄξιοςς
856 3673 1154 3728 καὶταῦτα
1202 3672 1313 3726 οὐδ’
1377 3674 1783 3744 Ἀριστοτέλους
1818 3675 1947 3727 ταύ-

364 3791 464 3844 την
498 3771 786 3831 δοκοῦντος
835 3767 935 3838 τὴν
971 3765 1213 3837 ἀμαθίαν
1262 3765 1629 3836 ἀμαθαίνειν;
1680 3767 1788 3837 χρὴ
1837 3767 1945 3839 γάρ

365 3863 573 3934 τάληθῆ
602 3863 785 3929 λέγειν
816 3859 911 3914 καὶ
941 3860 1017 3931 μὴ
1045 3860 1405 3927 συκοφαντεῖν
1430 3858 1521 3912 τὸν
1550 3859 1740 3931 ἄνδρα,
1770 3859 1945 3912 καίτοι

366 3957 651 4020 πλείστους
704 3971 769 4023 γε
826 3952 934 4007 τῶν
996 3951 1104 4021 πρδ
1161 3950 1328 4004 αὐτοῦ
1395 3948 1938 4020 σεσυκοφαντηκότα.

380 4048 520 4102 Ἀλλ’
554 4048 603 4099 εἰ
659 4047 734 4115 μὴ
773 4043 892 4097 οὐδὲ
943 4042 1003 4095 τὺ
1054 4042 1403 4110 συκοφάντην
1457 4042 1945 4108 άντισυκοφαντεῖν

370 4140 568 4204 εὐαγὲς
600 4134 742 4191 εἶναι
768 4135 1086 4199 δοκεῖ,’ὲπεὶ
1115 4135 1171 4188 δὲ
1204 4135 1298 4188 καὶ
1326 4134 1419 4187 νῦν
1444 4136 1581 4187 εἰσιν
1611 4136 1661 4188 οἳ
1695 4135 1946 4189 Πλάτωνι

372 4231 573 4302 μᾶλλον
604 4230 702 4299 τὴν
731 4228 913 4298 ψῆφον
949 4225 1207 4293 τίθενται,
1247 4227 1408 4296 ἡμεῖς
1439 4224 1657 4290 τούτοις
1687 4244 1745 4280 τε
1793 4244 1947 4298 χαρι-

369 4325 587 4395 ζόμενοι
618 4321 925 4382 κάκείνους,
960 4322 1005 4372 εἰ
1043 4321 1116 4389 μὴ
1173 4319 1385 4387 σφόδρα
1433 4319 1757 4388 φιλονείκως
1792 4320 1947 4390 ἐχου-

371 4428 476 4480 σιν,
515 4413 960 4482 ἐπανορθοῦντες,
997 4410 1199 4480 βραχέα
1229 4411 1359 4480 περὶ
1387 4404 1462 4464 ὧν
1486 4411 1835 4480 διαφέρονται
1866 4411 1953 4463 τὼ

370 4507 532 4577 ἄνδρε
561 4504 815 4576 ἐροῦμεν,
852 4505 947 4557 καὶ
978 4502 1228 4573 δείξομεν
1266 4503 1359 4554 τὸν
1392 4503 1562 4572 ἄνδρα
1608 4503 1836 4571 τάνδρὸς
1881 4504 1943 4556 οὐ

373 4599 567 4670 μικρὸν
609 4597 935 4665 λειπόμενον
969 4596 1030 4649 οὐ
1081 4593 1301 4664 μακρὰς
1329 4594 1439 4647 οὐδ’
1484 4594 1787 4662 ὲριστικὰς,
1828 4594 1946 4647 ἀλλ’

367 4689 446 4755 ὡς
477 4686 591 4745 οἷόν
624 4706 682 4744 τε
724 4688 813 4742 διὰ
845 4686 1202 4760 βραχυτάτων
1245 4684 1561 4757 ποιούμενοι
1595 4685 1692 4750 τὰς
1732 4685 1947 4739 ἀποδεί-

369 4782 501 4849 ξεις.

2038 2660 2299 2716 saeculum
2356 2667 2793 2724 antecesserunt,
2824 2656 3107 2713 Platonem
3130 2657 3421 2712 Aristotele
3445 2660 3627 2712 multo

2038 2749 2470 2823 praestantiorem
2530 2747 2804 2814 fecerunt,
2840 2748 3015 2804 nostri
3046 2764 3176 2805 vero
3225 2750 3487 2818 temporis
3518 2750 3618 2806 ho-

2041 2843 2214 2898 mines
2240 2849 2294 2897 et
2323 2838 2595 2911 praecipue
2621 2839 2796 2911 major
2852 2854 2983 2911 pars
3027 2854 3217 2895 eorum
3249 2842 3342 2911 qui
3377 2841 3443 2896 ad
3473 2842 3626 2898 occi-

2039 2936 2254 2990 dentem
2291 2932 2540 2989 habitant
2595 2932 2829 3002 reliquis
2883 2932 3250 3004 sapientiores
3292 2934 3632 3001 existimati,_

2042 3024 2387 3081 Aristotelem
2416 3023 2590 3093 magis
2613 3036 2777 3092 quam
2810 3021 3088 3077 Platonem
3134 3023 3473 3078 admirantur
3504 3040 3629 3095 per-

2049 3115 2199 3171 suasi
2261 3115 2330 3169 ab
2390 3115 2633 3169 Averroe
2689 3112 2924 3183 quodam
2980 3112 3155 3169 Arabe
3183 3116 3277 3184 qui
3334 3116 3633 3171 maximam

2044 3209 2324 3265 Aristoteli
2360 3208 2577 3264 laudem
2632 3208 2847 3273 tribuit,
2892 3206 3163 3279 audetque
3218 3208 3506 3271 alIirmare.
3564 3211 3630 3265 il-

2046 3306 2156 3361 lum
2192 3308 2307 3363 suis
2355 3308 2513 3364 libris
2571 3310 2899 3378 sapientiam
2956 3319 3167 3367 natura
3224 3309 3632 3380 pcri‘ecrissime

2046 3399 2390 3468 complexum
2419 3415 2561 3475 esse.
2619 3402 2685 3455 Et
2713 3403 2875 3459 fuerit
2926 3419 3059 3460 sane
3090 3403 3380 3486 IAristoles,
3406 3402 3486 3457 sic
3517 3417 3633 3456 ma-

2048 3505 2189 3560 gnus
2214 3498 2271 3544 et
2324 3490 2792 3562 incomparabilis,
2858 3495 3004 3565 quod
3041 3495 3107 3550 ad
3139 3494 3242 3549 alia
3310 3494 3526 3558 attinet,
3564 3494 3631 3547 de

2047 3599 2157 3653 quo
2185 3593 2367 3638 tamen
2398 3585 2515 3654 ipso
2550 3600 2656 3640 non
2712 3585 2870 3651 facile
2942 3585 3086 3641 ferre
3169 3586 3491 3643 sententiam
3532 3600 3633 3639 au-

2050 3680 2193 3745 sim;
2233 3685 2289 3732 at
2346 3677 2490 3751 quod
2524 3678 2588 3733 ad
2630 3678 2947 3749 Opinionem
2975 3678 3150 3748 ipsius
3170 3679 3236 3734 de
3258 3679 3466 3742 animo,
3515 3686 3628 3733 tam

2054 3770 2292 3837 perversi
2327 3770 2428 3826 l'uit
2453 3771 2657 3841 ingenii
2692 3776 2751 3824 ut
2786 3770 2966 3840 ipsum
3001 3772 3286 3826 mortalem
3358 3773 3632 3838 corrupti-

2052 3862 2323 3930 bilemque
2354 3859 2535 3917 facere
2561 3876 2667 3916 non
2701 3870 2975 3916 vereatur.
3032 3861 3102 3915 At
3134 3900 3137 3901 ν
3164 3863 3256 3933 qui
3312 3862 3629 3932 huiusmodi

2052 3951 2371 4021 ignorantia:
2405 3958 2568 4021 atque
2600 3949 2824 4005 insaniae
2872 3959 3137 4020 patronus
3165 3948 3352 4017 fuerit,
3405 3951 3631 4005 illumne

2052 4044 2281 4113 alicujus
2300 4045 2505 4114 egregii
2541 4044 2723 4112 operis
2764 4050 2859 4097 aut
2914 4043 3116 4112 negotii
3166 4043 3409 4113 judicem
3476 4044 3630 4097 arbi-

2053 4144 2250 4190 tratum
2290 4133 2410 4190 l‘ore
2440 4133 2731 4189 idoneum?
2764 4132 2829 4187 Et
2864 4148 2969 4188 non
3006 4135 3194 4188 eodem
3268 4134 3433 4187 modo
3479 4134 3631 4188 insa-

2055 4227 2176 4280 nire
2207 4240 2333 4281 eum
2364 4239 2471 4295 quo
2494 4224 2836 4291 Aristoteles,
2861 4225 2954 4295 qui
2982 4225 3125 4280 hanc
3164 4225 3487 4280 sententiam
3513 4235 3633 4279 tue-

2056 4318 2180 4373 tur?
2220 4317 2333 4372 Nou
2368 4333 2587 4387 possum
2620 4317 2764 4373 enim
2800 4334 2908 4373 non
2940 4318 3227 4373 veritatem
3257 4317 3415 4372 fateri
3449 4329 3637 4373 etnon

2052 4410 2453 4481 reprehendere
2475 4424 2622 4473 eum,
2654 4411 2747 4480 qui
2804 4411 3171 4481 antiquiores,
3218 4422 3635 4467 antecessores-

2052 4517 2159 4571 que
2193 4518 2323 4558 suos
2348 4503 2781 4572 reprehenderit.
2811 4502 3013 4559 Verum
3046 4505 3192 4560 enim
3223 4520 3351 4560 vero
3381 4521 3451 4561 ne
3497 4505 3631 4560 mihi

2053 4594 2273 4663 quidem
2311 4594 2571 4649 decorum
2604 4595 3102 4653 videreturmutuis
3124 4597 3392 4654 conviciis
3425 4598 3633 4653 calum-

2053 4686 2319 4741 niatorem
2345 4684 2578 4749 allicere,
2607 4688 2699 4741 sed
2720 4687 2978 4756 quoniam
3006 4697 3193 4744 nostro
3219 4690 3385 4744 etiam
3432 4689 3634 4745 say-uio

2053 4780 2399 4846 reperiuntur
2440 4778 2620 4842 multi,
2678 4780 2767 4847 qui
2833 4777 3048 4834 Platoni
3102 4780 3338 4848 paimam
3387 4782 3632 4844 tradunt,

368 4890 468 4932 nos
484 4873 705 4945 quidem
727 4873 834 4931 illis
855 4873 958 4929 hoc
993 4870 1241 4927 instituto
1267 4878 1455 4927 nostro
1509 4869 1830 4940 gratiﬁcari,
1886 4876 1941 4922 et
1981 4868 2120 4923 alios
2143 4868 2248 4923 nisi
2274 4884 2462 4925 amore
2490 4871 2853 4925 contentionis
2924 4871 3293 4927 laboraverint
3363 4875 3635 4944 corrigere

367 4969 711 5031 conabimur,
741 4964 1283 5037 paucisexplicaudo,
1310 4962 1674 5018 diti'erentiam
1750 4963 2011 5018 doctrina:
2073 4963 2357 5033 utriusque
2418 4960 2710 5020 Platonica:
2782 4966 3039 5020 nimirum
3115 4974 3171 5021 et
3253 4967 3633 5024 Aristotclicar.

369 5074 423 5120 et
452 5060 806 5127 ostendendo,
834 5059 1059 5115 alteram
1089 5058 1157 5112 ab
1187 5058 1351 5113 altera
1382 5073 1491 5112 non
1521 5073 1713 5127 parum
1787 5056 2030 5121 diﬂerre,
2094 5058 2146 5112 in
2209 5072 2315 5127 qua
2383 5059 2747 5128 explicatione
2820 5078 2926 5117 non
2983 5062 3212 5134 prolixis
3304 5074 3355 5120 ct
3409 5075 3634 5132 conten-

371 5155 549 5222 tiosis,
577 5153 694 5222 sed,
725 5162 785 5209 ut
804 5153 981 5216 decet,
1021 5153 1361 5209 brevissimis
1394 5160 1611 5208 utemur
1636 5150 2221 5208 demonstratiouibus.

968 5246 1224 5300 ΚΕΦΛΛ.
1262 5250 1342 5304 Λ’.

445 5338 667 5407 Πρῶτον
718 5335 818 5405 μὲν
862 5334 958 5389 οὖν
1002 5337 1095 5391 τὸν
1127 5338 1345 5391 πάντων
1378 5337 1606 5406 βασιλέα
1640 5341 1774 5393 Θεὸν
1808 5338 1950 5392 Πλά-

373 5444 486 5483 των
515 5429 852 5499 δημιουργὸν
895 5429 994 5498 τῆς
1016 5429 1209 5501 νοητῆς
1244 5447 1303 5482 τε
1338 5432 1432 5485 καὶ
1459 5434 1736 5502 χωριστῆς
1774 5432 1953 5500 πάντη

377 5523 590 5589 οὐσίας,
623 5522 718 5575 καὶ
774 5521 841 5575 δι’
896 5521 1071 5589 αὐτῆς
1117 5521 1212 5574 τοῦ
1269 5523 1467 5585 παντὸς
1518 5526 1670 5577 τοῦδε
1720 5524 1955 5594 ούρανοῦ

376 5615 623 5667 τίθεται·
671 5614 1054 5684 Ἀριστοτέλης
1101 5613 1160 5667 δὲ
1208 5604 1544 5687 δημιουργὸν
1595 5618 1694 5687 μὲν
1740 5618 1955 5681 οὐδενὸς

377 5704 617 5776 οὖδαμοῦ
648 5705 810 5759 αὐτόν
838 5722 1006 5777 φησιν
1037 5702 1201 5773 εἶναι,
1230 5707 1369 5761 ἀλλὰ
1400 5710 1565 5779 μόνου
1596 5709 1691 5762 τοῦ
1718 5709 1948 5779 ούρανοῦ

375 5798 532 5852 τοῦδε
563 5796 873 5868 κινητικὸνο
929 5797 1023 5852 καὶ
1069 5799 1120 5852 εί
1155 5799 1255 5870 μὲν
1292 5800 1542 5871 οἰόμενος
1589 5798 1727 5858 εἶναι
1759 5818 1820 5871 γε
1856 5802 1952 5872 δη-

2722 5249 2880 5307 CAP.
2929 5250 2971 5304 1.

2128 5338 2206 5394 Ac
2242 5338 2480 5409 primum
2510 5338 2757 5409 quidem,
2791 5340 2958 5395 Deum
2989 5355 3265 5396 summum
3309 5342 3457 5398 illum
3514 5359 3633 5399 om-

2056 5434 2205 5488 nium
2244 5435 2539 5503 principem
2573 5433 2726 5489 Plato
2764 5436 2945 5491 omnis
2978 5435 3356 5508 intelligibilis,
3417 5454 3636 5509 Separa-

2058 5535 2231 5594 tchue
2254 5533 2484 5589 naturae,
2513 5535 2565 5578 et
2598 5541 2692 5595 per
2730 5526 2903 5595 ipsam
2960 5526 3098 5583 hanc
3135 5539 3382 5583 naturam
3414 5532 3633 5585 univcr-

2058 5616 2105 5671 si
2146 5616 2295 5681 coeli,
2329 5616 2669 5671 conditorem
2700 5619 3005 5677 constituit.
3057 5621 3380 5677 Aristotcles
3450 5636 3637 5678 autem

2061 5706 2236 5776 ipsum
2266 5707 2469 5762 nullius
2504 5709 2731 5763 omnino
2794 5711 2867 5765 rei
2919 5712 3255 5767 conditorem
3330 5714 3479 5779 facit,
3540 5719 3635 5772 scd

2057 5800 2231 5858 solius
2267 5799 2429 5871 hujus
2463 5802 2608 5885 cretii,
2640 5803 2784 5874 quod
2822 5805 3280 5877 contcmptamur,
3346 5822 3635 5869 motot'cm.
