  <div class='ocr_page' id='page_1' title='image "/cluster/home/n/w/nwhite01/storage/ocr_20150623/160/coo.31924054870658/455.png"; bbox 0 0 4078 6406; ppageno 0'>
   <div class='ocr_carea' id='block_1_1' title="bbox 470 361 577 423">
    <p class='ocr_par' dir='ltr' id='par_1_1' title="bbox 470 361 577 423">
     <span class='ocr_line' id='line_1_1' title="bbox 470 361 577 423; baseline -0.019 0"><span class='ocrx_word' id='word_1_1' title='bbox 470 361 577 423; x_wconf 65' lang='grc'><strong>891</strong></span> 
     </span>
    </p>
   </div>
   <div class='ocr_carea' id='block_1_2' title="bbox 1721 350 2532 414">
    <p class='ocr_par' dir='ltr' id='par_1_2' title="bbox 1721 350 2532 414">
     <span class='ocr_line' id='line_1_2' title="bbox 1721 350 2532 414; baseline 0.005 -4"><span class='ocrx_word' id='word_1_2' title='bbox 1721 351 1872 410; x_wconf 77' lang='lat' dir='ltr'><strong>GEU</strong></span> <span class='ocrx_word' id='word_1_3' title='bbox 1885 351 1980 410; x_wconf 66' lang='lat' dir='ltr'><strong>ili}</strong></span> <span class='ocrx_word' id='word_1_4' title='bbox 1990 351 2051 410; x_wconf 87' lang='grc' dir='ltr'>Π</span> <span class='ocrx_word' id='word_1_5' title='bbox 2096 350 2532 414; x_wconf 74' lang='grc' dir='ltr'><strong>ΡΙΕΊἮΟΝῚΞ</strong></span> 
     </span>
    </p>
   </div>
   <div class='ocr_carea' id='block_1_3' title="bbox 3626 361 3744 426">
    <p class='ocr_par' dir='ltr' id='par_1_3' title="bbox 3626 361 3744 426">
     <span class='ocr_line' id='line_1_3' title="bbox 3626 361 3744 426; baseline 0 0"><span class='ocrx_word' id='word_1_6' title='bbox 3626 361 3744 426; x_wconf 75' lang='lat'><strong>392</strong></span> 
     </span>
    </p>
   </div>
   <div class='ocr_carea' id='block_1_4' title="bbox 453 461 2048 542">
    <p class='ocr_par' dir='ltr' id='par_1_4' title="bbox 453 461 2045 538">
     <span class='ocr_line' id='line_1_4' title="bbox 453 461 2045 538; baseline -0.007 -12"><span class='ocrx_word' id='word_1_7' title='bbox 453 469 718 538; x_wconf 80' lang='lat' dir='ltr'><strong>Quamvis</strong></span> <span class='ocrx_word' id='word_1_8' title='bbox 741 476 921 523; x_wconf 84' lang='lat' dir='ltr'><strong>autem</strong></span> <span class='ocrx_word' id='word_1_9' title='bbox 954 466 1224 538; x_wconf 76' lang='lat' dir='ltr'><strong>quispiam</strong></span> <span class='ocrx_word' id='word_1_10' title='bbox 1262 461 1538 535; x_wconf 82' lang='lat' dir='ltr'><strong>putaverit</strong></span> <span class='ocrx_word' id='word_1_11' title='bbox 1573 465 1809 520; x_wconf 83' lang='lat' dir='ltr'><strong>sensisse.</strong></span> <span class='ocrx_word' id='word_1_12' title='bbox 1843 465 2045 533; x_wconf 77' lang='lat' dir='ltr'><strong>ipsum,</strong></span> 
     </span>
    </p>
   </div>
   <div class='ocr_carea' id='block_1_5' title="bbox 2151 461 3744 542">
    <p class='ocr_par' dir='ltr' id='par_1_5' title="bbox 2157 465 3744 542">
     <span class='ocr_line' id='line_1_5' title="bbox 2157 465 3744 542; baseline 0.006 -23"><span class='ocrx_word' id='word_1_13' title='bbox 2157 469 2443 537; x_wconf 72' lang='grc' dir='ltr'>μιουργόν,</span> <span class='ocrx_word' id='word_1_14' title='bbox 2490 467 2688 521; x_wconf 74' lang='grc' dir='ltr'>ἔπειτα</span> <span class='ocrx_word' id='word_1_15' title='bbox 2721 465 2964 536; x_wconf 62' lang='grc' dir='ltr'>οὐδαμοῦ</span> <span class='ocrx_word' id='word_1_16' title='bbox 2994 465 3169 536; x_wconf 78' lang='grc' dir='ltr'>λέγει,</span> <span class='ocrx_word' id='word_1_17' title='bbox 3207 469 3428 539; x_wconf 79' lang='grc' dir='ltr'>φαύλως</span> <span class='ocrx_word' id='word_1_18' title='bbox 3472 471 3540 526; x_wconf 71' lang='grc' dir='ltr'>ἂν</span> <span class='ocrx_word' id='word_1_19' title='bbox 3572 473 3744 542; x_wconf 73' lang='grc' dir='ltr'>ἐξετί-</span> 
     </span>
    </p>
   </div>
   <div class='ocr_carea' id='block_1_6' title="bbox 455 557 2049 634">
    <p class='ocr_par' dir='ltr' id='par_1_6' title="bbox 455 557 2049 634">
     <span class='ocr_line' id='line_1_6' title="bbox 455 557 2049 634; baseline -0.002 -19"><span class='ocrx_word' id='word_1_20' title='bbox 455 564 601 634; x_wconf 71' lang='lat' dir='ltr'><strong>quod</strong></span> <span class='ocrx_word' id='word_1_21' title='bbox 645 561 786 616; x_wconf 80' lang='lat' dir='ltr'><strong>Deus</strong></span> <span class='ocrx_word' id='word_1_22' title='bbox 817 560 887 612; x_wconf 89' lang='lat' dir='ltr'><strong>sit</strong></span> <span class='ocrx_word' id='word_1_23' title='bbox 915 557 1189 623; x_wconf 88' lang='lat' dir='ltr'><strong>conditor,</strong></span> <span class='ocrx_word' id='word_1_24' title='bbox 1249 573 1375 612; x_wconf 92' lang='lat' dir='ltr'><strong>cum</strong></span> <span class='ocrx_word' id='word_1_25' title='bbox 1438 566 1616 612; x_wconf 89' lang='lat' dir='ltr'><strong>tamen</strong></span> <span class='ocrx_word' id='word_1_26' title='bbox 1679 557 1872 612; x_wconf 89' lang='lat' dir='ltr'><strong>nullibi</strong></span> <span class='ocrx_word' id='word_1_27' title='bbox 1943 558 2049 612; x_wconf 87' lang='lat' dir='ltr'><strong>hoc</strong></span> 
     </span>
    </p>
   </div>
   <div class='ocr_carea' id='block_1_7' title="bbox 455 645 2050 721">
    <p class='ocr_par' dir='ltr' id='par_1_7' title="bbox 455 645 2050 721">
     <span class='ocr_line' id='line_1_7' title="bbox 455 645 2050 721; baseline -0.004 -14"><span class='ocrx_word' id='word_1_28' title='bbox 455 663 640 721; x_wconf 79' lang='lat' dir='ltr'><strong>aperte</strong></span> <span class='ocrx_word' id='word_1_29' title='bbox 675 651 934 714; x_wconf 81' lang='lat' dir='ltr'><strong>fateatur,</strong></span> <span class='ocrx_word' id='word_1_30' title='bbox 978 649 1257 703; x_wconf 79' lang='lat' dir='ltr'><strong>malitiose</strong></span> <span class='ocrx_word' id='word_1_31' title='bbox 1296 645 1547 717; x_wconf 85' lang='lat' dir='ltr'><strong>profecto</strong></span> <span class='ocrx_word' id='word_1_32' title='bbox 1569 662 1726 702; x_wconf 90' lang='lat' dir='ltr'><strong>suam</strong></span> <span class='ocrx_word' id='word_1_33' title='bbox 1761 647 2050 701; x_wconf 75' lang='lat' dir='ltr'><strong>contexuit</strong></span> 
     </span>
    </p>
   </div>
   <div class='ocr_carea' id='block_1_8' title="bbox 457 737 2047 812">
    <p class='ocr_par' dir='ltr' id='par_1_8' title="bbox 457 737 2047 812">
     <span class='ocr_line' id='line_1_8' title="bbox 457 737 2047 812; baseline -0.004 -14"><span class='ocrx_word' id='word_1_34' title='bbox 457 742 888 812; x_wconf 77' lang='lat' dir='ltr'><strong>philosoobiam,</strong></span> <span class='ocrx_word' id='word_1_35' title='bbox 950 740 1250 795; x_wconf 84' lang='lat' dir='ltr'><strong>maximum</strong></span> <span class='ocrx_word' id='word_1_36' title='bbox 1330 737 1420 792; x_wconf 82' lang='lat' dir='ltr'><strong>Dei</strong></span> <span class='ocrx_word' id='word_1_37' title='bbox 1455 753 1593 809; x_wconf 89' lang='lat' dir='ltr'><strong>opus</strong></span> <span class='ocrx_word' id='word_1_38' title='bbox 1667 737 2047 804; x_wconf 85' lang='lat' dir='ltr'><strong>dissimulans,</strong></span> 
     </span>
    </p>
   </div>
   <div class='ocr_carea' id='block_1_9' title="bbox 446 830 2046 906">
    <p class='ocr_par' dir='ltr' id='par_1_9' title="bbox 446 830 2046 906">
     <span class='ocr_line' id='line_1_9' title="bbox 446 830 2046 906; baseline -0.004 -14"><span class='ocrx_word' id='word_1_39' title='bbox 446 840 507 900; x_wconf 81' lang='lat' dir='ltr'><strong>id</strong></span> <span class='ocrx_word' id='word_1_40' title='bbox 537 852 667 892; x_wconf 76' lang='lat' dir='ltr'><strong>vero</strong></span> <span class='ocrx_word' id='word_1_41' title='bbox 694 835 838 906; x_wconf 90' lang='lat' dir='ltr'><strong>quod</strong></span> <span class='ocrx_word' id='word_1_42' title='bbox 869 834 1030 902; x_wconf 81' lang='lat' dir='ltr'><strong>longe</strong></span> <span class='ocrx_word' id='word_1_43' title='bbox 1061 832 1246 887; x_wconf 83' lang='lat' dir='ltr'><strong>minus</strong></span> <span class='ocrx_word' id='word_1_44' title='bbox 1273 841 1380 895; x_wconf 84' lang='lat' dir='ltr'><strong>est,</strong></span> <span class='ocrx_word' id='word_1_45' title='bbox 1419 831 1682 887; x_wconf 83' lang='lat' dir='ltr'><strong>daulaxat</strong></span> <span class='ocrx_word' id='word_1_46' title='bbox 1734 830 2046 886; x_wconf 72' lang='lat' dir='ltr'><strong>celebrans.</strong></span> 
     </span>
    </p>
   </div>
   <div class='ocr_carea' id='block_1_10' title="bbox 456 917 2050 996">
    <p class='ocr_par' dir='ltr' id='par_1_10' title="bbox 456 917 2050 996">
     <span class='ocr_line' id='line_1_10' title="bbox 456 917 2050 996; baseline -0.003 -14"><span class='ocrx_word' id='word_1_47' title='bbox 456 929 562 986; x_wconf 84' lang='lat' dir='ltr'><strong>Sed</strong></span> <span class='ocrx_word' id='word_1_48' title='bbox 583 929 817 984; x_wconf 85' lang='lat' dir='ltr'><strong>fortasse</strong></span> <span class='ocrx_word' id='word_1_49' title='bbox 859 927 1007 982; x_wconf 88' lang='lat' dir='ltr'><strong>dicet</strong></span> <span class='ocrx_word' id='word_1_50' title='bbox 1061 925 1260 994; x_wconf 89' lang='lat' dir='ltr'><strong>aliquis</strong></span> <span class='ocrx_word' id='word_1_51' title='bbox 1309 924 1456 996; x_wconf 86' lang='lat' dir='ltr'><strong>quod</strong></span> <span class='ocrx_word' id='word_1_52' title='bbox 1529 922 1700 980; x_wconf 86' lang='lat' dir='ltr'><strong>Deum</strong></span> <span class='ocrx_word' id='word_1_53' title='bbox 1769 917 1929 979; x_wconf 79' lang='lat' dir='ltr'><strong>linem</strong></span> <span class='ocrx_word' id='word_1_54' title='bbox 1993 933 2050 980; x_wconf 90' lang='lat' dir='ltr'><strong>et</strong></span> 
     </span>
    </p>
   </div>
   <div class='ocr_carea' id='block_1_11' title="bbox 458 1015 2048 1086">
    <p class='ocr_par' dir='ltr' id='par_1_11' title="bbox 458 1015 2048 1086">
     <span class='ocr_line' id='line_1_11' title="bbox 458 1015 2048 1086; baseline -0.004 -9"><span class='ocrx_word' id='word_1_55' title='bbox 458 1023 674 1077; x_wconf 75' lang='lat' dir='ltr'><strong>finalem</strong></span> <span class='ocrx_word' id='word_1_56' title='bbox 732 1034 963 1076; x_wconf 83' lang='lat' dir='ltr'><strong>causam</strong></span> <span class='ocrx_word' id='word_1_57' title='bbox 1029 1017 1216 1084; x_wconf 90' lang='lat' dir='ltr'><strong>faciat,</strong></span> <span class='ocrx_word' id='word_1_58' title='bbox 1283 1031 1474 1072; x_wconf 85' lang='lat' dir='ltr'><strong>verum</strong></span> <span class='ocrx_word' id='word_1_59' title='bbox 1535 1031 1605 1071; x_wconf 88' lang='lat' dir='ltr'><strong>ne</strong></span> <span class='ocrx_word' id='word_1_60' title='bbox 1675 1016 1779 1072; x_wconf 90' lang='lat' dir='ltr'><strong>boc</strong></span> <span class='ocrx_word' id='word_1_61' title='bbox 1826 1015 2048 1086; x_wconf 80' lang='lat' dir='ltr'><strong>quidem</strong></span> 
     </span>
    </p>
   </div>
   <div class='ocr_carea' id='block_1_12' title="bbox 455 1109 2048 1178">
    <p class='ocr_par' dir='ltr' id='par_1_12' title="bbox 455 1109 2048 1178">
     <span class='ocr_line' id='line_1_12' title="bbox 455 1109 2048 1178; baseline -0.001 -11"><span class='ocrx_word' id='word_1_62' title='bbox 455 1116 671 1171; x_wconf 83' lang='lat' dir='ltr'><strong>videtur</strong></span> <span class='ocrx_word' id='word_1_63' title='bbox 700 1111 934 1169; x_wconf 85' lang='lat' dir='ltr'><strong>omnino</strong></span> <span class='ocrx_word' id='word_1_64' title='bbox 953 1111 1169 1166; x_wconf 86' lang='lat' dir='ltr'><strong>sincere</strong></span> <span class='ocrx_word' id='word_1_65' title='bbox 1199 1109 1428 1170; x_wconf 78' lang='lat' dir='ltr'><strong>dixisse.</strong></span> <span class='ocrx_word' id='word_1_66' title='bbox 1467 1124 1647 1178; x_wconf 88' lang='lat' dir='ltr'><strong>neque</strong></span> <span class='ocrx_word' id='word_1_67' title='bbox 1699 1109 1771 1164; x_wconf 87' lang='lat' dir='ltr'><strong>ita</strong></span> <span class='ocrx_word' id='word_1_68' title='bbox 1825 1117 1884 1164; x_wconf 91' lang='lat' dir='ltr'><strong>ut</strong></span> <span class='ocrx_word' id='word_1_69' title='bbox 1936 1109 2048 1165; x_wconf 83' lang='lat' dir='ltr'><strong>Deo</strong></span> 
     </span>
    </p>
   </div>
   <div class='ocr_carea' id='block_1_13' title="bbox 461 1201 2053 1275">
    <p class='ocr_par' dir='ltr' id='par_1_13' title="bbox 461 1201 2053 1275">
     <span class='ocr_line' id='line_1_13' title="bbox 461 1201 2053 1275; baseline -0.002 -14"><span class='ocrx_word' id='word_1_70' title='bbox 461 1207 685 1275; x_wconf 76' lang='lat' dir='ltr'><strong>dignum</strong></span> <span class='ocrx_word' id='word_1_71' title='bbox 726 1204 940 1267; x_wconf 82' lang='lat' dir='ltr'><strong>fuisset,</strong></span> <span class='ocrx_word' id='word_1_72' title='bbox 1009 1201 1453 1272; x_wconf 82' lang='lat' dir='ltr'><strong>quandoquidem</strong></span> <span class='ocrx_word' id='word_1_73' title='bbox 1487 1201 1666 1268; x_wconf 81' lang='lat' dir='ltr'><strong>ipsum</strong></span> <span class='ocrx_word' id='word_1_74' title='bbox 1702 1215 1808 1256; x_wconf 90' lang='lat' dir='ltr'><strong>non</strong></span> <span class='ocrx_word' id='word_1_75' title='bbox 1843 1210 2053 1258; x_wconf 74' lang='lat' dir='ltr'><strong>naturre</strong></span> 
     </span>
    </p>
   </div>
   <div class='ocr_carea' id='block_1_14' title="bbox 461 1291 2054 1366">
    <p class='ocr_par' dir='ltr' id='par_1_14' title="bbox 461 1291 2054 1366">
     <span class='ocr_line' id='line_1_14' title="bbox 461 1291 2054 1366; baseline -0.003 -14"><span class='ocrx_word' id='word_1_76' title='bbox 461 1296 826 1366; x_wconf 76' lang='lat' dir='ltr'><strong>singulorum,</strong></span> <span class='ocrx_word' id='word_1_77' title='bbox 864 1291 1226 1350; x_wconf 75' lang='lat' dir='ltr'><strong>sednetionis</strong></span> <span class='ocrx_word' id='word_1_78' title='bbox 1288 1293 1459 1349; x_wconf 78' lang='lat' dir='ltr'><strong>solius</strong></span> <span class='ocrx_word' id='word_1_79' title='bbox 1514 1293 1676 1347; x_wconf 84' lang='lat' dir='ltr'><strong>finem</strong></span> <span class='ocrx_word' id='word_1_80' title='bbox 1743 1293 2054 1350; x_wconf 72' lang='lat' dir='ltr'><strong>constituit.</strong></span> 
     </span>
    </p>
   </div>
   <div class='ocr_carea' id='block_1_15' title="bbox 461 1385 2051 1456">
    <p class='ocr_par' dir='ltr' id='par_1_15' title="bbox 461 1385 2051 1456">
     <span class='ocr_line' id='line_1_15' title="bbox 461 1385 2051 1456; baseline -0.001 -12"><span class='ocrx_word' id='word_1_81' title='bbox 461 1389 581 1444; x_wconf 77' lang='lat' dir='ltr'><strong>J&#39;am</strong></span> <span class='ocrx_word' id='word_1_82' title='bbox 611 1403 740 1443; x_wconf 91' lang='lat' dir='ltr'><strong>vero</strong></span> <span class='ocrx_word' id='word_1_83' title='bbox 772 1387 817 1442; x_wconf 90' lang='lat' dir='ltr'><strong>si</strong></span> <span class='ocrx_word' id='word_1_84' title='bbox 853 1385 1019 1441; x_wconf 81' lang='lat' dir='ltr'><strong>Deum</strong></span> <span class='ocrx_word' id='word_1_85' title='bbox 1054 1401 1232 1455; x_wconf 87' lang='lat' dir='ltr'><strong>neque</strong></span> <span class='ocrx_word' id='word_1_86' title='bbox 1291 1386 1503 1456; x_wconf 79' lang='lat' dir='ltr'><strong>putavit</strong></span> <span class='ocrx_word' id='word_1_87' title='bbox 1530 1386 1874 1442; x_wconf 87' lang='lat' dir='ltr'><strong>conditorem</strong></span> <span class='ocrx_word' id='word_1_88' title='bbox 1928 1401 2051 1443; x_wconf 88' lang='lat' dir='ltr'><strong>esse</strong></span> 
     </span>
    </p>
   </div>
   <div class='ocr_carea' id='block_1_16' title="bbox 466 1479 2053 1552">
    <p class='ocr_par' dir='ltr' id='par_1_16' title="bbox 466 1479 2053 1552">
     <span class='ocr_line' id='line_1_16' title="bbox 466 1479 2053 1552; baseline -0.003 -14"><span class='ocrx_word' id='word_1_89' title='bbox 466 1483 630 1552; x_wconf 85' lang='lat' dir='ltr'><strong>bujus</strong></span> <span class='ocrx_word' id='word_1_90' title='bbox 662 1480 1058 1546; x_wconf 86' lang='lat' dir='ltr'><strong>universitatis,</strong></span> <span class='ocrx_word' id='word_1_91' title='bbox 1094 1479 1322 1550; x_wconf 76' lang='lat' dir='ltr'><strong>idecque</strong></span> <span class='ocrx_word' id='word_1_92' title='bbox 1356 1495 1454 1535; x_wconf 87' lang='lat' dir='ltr'><strong>nec</strong></span> <span class='ocrx_word' id='word_1_93' title='bbox 1486 1479 1686 1535; x_wconf 77' lang='lat' dir='ltr'><strong>dixerit</strong></span> <span class='ocrx_word' id='word_1_94' title='bbox 1739 1479 1891 1535; x_wconf 90' lang='lat' dir='ltr'><strong>ullibi</strong></span> <span class='ocrx_word' id='word_1_95' title='bbox 1949 1479 2053 1534; x_wconf 84' lang='lat' dir='ltr'><strong>hac</strong></span> 
     </span>
    </p>
   </div>
   <div class='ocr_carea' id='block_1_17' title="bbox 460 1570 2048 1641">
    <p class='ocr_par' dir='ltr' id='par_1_17' title="bbox 460 1570 2048 1641">
     <span class='ocr_line' id='line_1_17' title="bbox 460 1570 2048 1641; baseline -0.002 -14"><span class='ocrx_word' id='word_1_96' title='bbox 460 1589 594 1628; x_wconf 83' lang='lat' dir='ltr'><strong>sane</strong></span> <span class='ocrx_word' id='word_1_97' title='bbox 617 1574 826 1628; x_wconf 79' lang='lat' dir='ltr'><strong>ratione</strong></span> <span class='ocrx_word' id='word_1_98' title='bbox 853 1588 1046 1627; x_wconf 78' lang='lat' dir='ltr'><strong>rursus</strong></span> <span class='ocrx_word' id='word_1_99' title='bbox 1082 1571 1263 1626; x_wconf 85' lang='lat' dir='ltr'><strong>adhuc</strong></span> <span class='ocrx_word' id='word_1_100' title='bbox 1323 1571 1564 1626; x_wconf 83' lang='lat' dir='ltr'><strong>deterior</strong></span> <span class='ocrx_word' id='word_1_101' title='bbox 1619 1570 1810 1638; x_wconf 83' lang='lat' dir='ltr'><strong>fuerit,</strong></span> <span class='ocrx_word' id='word_1_102' title='bbox 1845 1579 1905 1626; x_wconf 91' lang='lat' dir='ltr'><strong>ut</strong></span> <span class='ocrx_word' id='word_1_103' title='bbox 1956 1571 2048 1641; x_wconf 89' lang='lat' dir='ltr'><strong>qui</strong></span> 
     </span>
    </p>
   </div>
   <div class='ocr_carea' id='block_1_18' title="bbox 461 1660 2054 1732">
    <p class='ocr_par' dir='ltr' id='par_1_18' title="bbox 461 1660 2054 1732">
     <span class='ocr_line' id='line_1_18' title="bbox 461 1660 2054 1732; baseline -0.002 -15"><span class='ocrx_word' id='word_1_104' title='bbox 461 1678 563 1718; x_wconf 85' lang='lat' dir='ltr'><strong>nec</strong></span> <span class='ocrx_word' id='word_1_105' title='bbox 611 1663 834 1730; x_wconf 75' lang='lat' dir='ltr'><strong>dixerit,</strong></span> <span class='ocrx_word' id='word_1_106' title='bbox 892 1677 996 1718; x_wconf 84' lang='lat' dir='ltr'><strong>nec</strong></span> <span class='ocrx_word' id='word_1_107' title='bbox 1028 1661 1320 1718; x_wconf 76' lang='lat' dir='ltr'><strong>crediderit</strong></span> <span class='ocrx_word' id='word_1_108' title='bbox 1371 1661 1640 1731; x_wconf 77' lang='lat' dir='ltr'><strong>optimam.</strong></span> <span class='ocrx_word' id='word_1_109' title='bbox 1687 1660 2054 1732; x_wconf 76' lang='lat' dir='ltr'><strong>philosophiae</strong></span> 
     </span>
    </p>
   </div>
   <div class='ocr_carea' id='block_1_19' title="bbox 463 1752 2047 1822">
    <p class='ocr_par' dir='ltr' id='par_1_19' title="bbox 463 1752 2047 1822">
     <span class='ocr_line' id='line_1_19' title="bbox 463 1752 2047 1822; baseline 0 -14"><span class='ocrx_word' id='word_1_110' title='bbox 463 1756 814 1819; x_wconf 66' lang='lat' dir='ltr'><strong>sontentiam,</strong></span> <span class='ocrx_word' id='word_1_111' title='bbox 863 1767 965 1809; x_wconf 86' lang='lat' dir='ltr'><strong>nec</strong></span> <span class='ocrx_word' id='word_1_112' title='bbox 1023 1762 1235 1807; x_wconf 84' lang='lat' dir='ltr'><strong>tantum</strong></span> <span class='ocrx_word' id='word_1_113' title='bbox 1284 1752 1664 1822; x_wconf 62' lang='lat' dir='ltr'><strong>pbihrsogibiae,</strong></span> <span class='ocrx_word' id='word_1_114' title='bbox 1729 1752 1825 1808; x_wconf 87' lang='lat' dir='ltr'><strong>sed</strong></span> <span class='ocrx_word' id='word_1_115' title='bbox 1882 1753 2047 1808; x_wconf 82' lang='lat' dir='ltr'><strong>etiam</strong></span> 
     </span>
    </p>
   </div>
   <div class='ocr_carea' id='block_1_20' title="bbox 461 1843 2051 1914">
    <p class='ocr_par' dir='ltr' id='par_1_20' title="bbox 461 1843 2051 1914">
     <span class='ocr_line' id='line_1_20' title="bbox 461 1843 2051 1914; baseline 0.001 -17"><span class='ocrx_word' id='word_1_116' title='bbox 461 1845 709 1900; x_wconf 88' lang='lat' dir='ltr'><strong>omnium</strong></span> <span class='ocrx_word' id='word_1_117' title='bbox 773 1845 1171 1914; x_wconf 85' lang='lat' dir='ltr'><strong>sapicntiorum</strong></span> <span class='ocrx_word' id='word_1_118' title='bbox 1232 1845 1541 1900; x_wconf 88' lang='lat' dir='ltr'><strong>hominum.</strong></span> <span class='ocrx_word' id='word_1_119' title='bbox 1607 1843 1876 1900; x_wconf 63' lang='lat' dir='ltr'><strong>Cmterum</strong></span> <span class='ocrx_word' id='word_1_120' title='bbox 1947 1859 2051 1900; x_wconf 90' lang='lat' dir='ltr'><strong>nos</strong></span> 
     </span>
    </p>
   </div>
   <div class='ocr_carea' id='block_1_21' title="bbox 459 1935 2047 2008">
    <p class='ocr_par' dir='ltr' id='par_1_21' title="bbox 459 1935 2047 2008">
     <span class='ocr_line' id='line_1_21' title="bbox 459 1935 2047 2008; baseline -0.002 -16"><span class='ocrx_word' id='word_1_121' title='bbox 459 1938 989 1997; x_wconf 82' lang='lat' dir='ltr'><strong>detnonstrabimus.</strong></span> <span class='ocrx_word' id='word_1_122' title='bbox 1013 1939 1380 2008; x_wconf 79' lang='lat' dir='ltr'><strong>ipsmm-ttam</strong></span> <span class='ocrx_word' id='word_1_123' title='bbox 1421 1953 1530 1992; x_wconf 82' lang='lat' dir='ltr'><strong>non</strong></span> <span class='ocrx_word' id='word_1_124' title='bbox 1565 1937 1894 1992; x_wconf 88' lang='lat' dir='ltr'><strong>credidisse.</strong></span> <span class='ocrx_word' id='word_1_125' title='bbox 1931 1935 2047 1990; x_wconf 83' lang='lat' dir='ltr'><strong>Pri-</strong></span> 
     </span>
    </p>
   </div>
   <div class='ocr_carea' id='block_1_22' title="bbox 460 2029 2054 2101">
    <p class='ocr_par' dir='ltr' id='par_1_22' title="bbox 460 2029 2054 2101">
     <span class='ocr_line' id='line_1_22' title="bbox 460 2029 2054 2101; baseline -0.003 -17"><span class='ocrx_word' id='word_1_126' title='bbox 460 2046 609 2086; x_wconf 84' lang='lat' dir='ltr'><strong>mum</strong></span> <span class='ocrx_word' id='word_1_127' title='bbox 673 2031 920 2100; x_wconf 88' lang='lat' dir='ltr'><strong>quidem,</strong></span> <span class='ocrx_word' id='word_1_128' title='bbox 962 2032 1116 2101; x_wconf 84' lang='lat' dir='ltr'><strong>quod</strong></span> <span class='ocrx_word' id='word_1_129' title='bbox 1159 2031 1402 2094; x_wconf 76' lang='lat' dir='ltr'><strong>eredible</strong></span> <span class='ocrx_word' id='word_1_130' title='bbox 1456 2046 1576 2084; x_wconf 60' lang='lat' dir='ltr'><strong>non</strong></span> <span class='ocrx_word' id='word_1_131' title='bbox 1618 2040 1705 2085; x_wconf 80' lang='lat' dir='ltr'><strong>est</strong></span> <span class='ocrx_word' id='word_1_132' title='bbox 1767 2046 1918 2096; x_wconf 78' lang='lat' dir='ltr'><strong>eiun,</strong></span> <span class='ocrx_word' id='word_1_133' title='bbox 1953 2029 2054 2099; x_wconf 71' lang='lat' dir='ltr'><strong>qui.</strong></span> 
     </span>
    </p>
   </div>
   <div class='ocr_carea' id='block_1_23' title="bbox 463 2122 2048 2193">
    <p class='ocr_par' dir='ltr' id='par_1_23' title="bbox 463 2122 2048 2193">
     <span class='ocr_line' id='line_1_23' title="bbox 463 2122 2048 2193; baseline -0.001 -15"><span class='ocrx_word' id='word_1_134' title='bbox 463 2124 626 2191; x_wconf 81' lang='lat' dir='ltr'><strong>buju-s</strong></span> <span class='ocrx_word' id='word_1_135' title='bbox 650 2123 936 2179; x_wconf 71' lang='lat' dir='ltr'><strong>sententia:</strong></span> <span class='ocrx_word' id='word_1_136' title='bbox 969 2122 1150 2190; x_wconf 87' lang='lat' dir='ltr'><strong>fuerit,</strong></span> <span class='ocrx_word' id='word_1_137' title='bbox 1188 2133 1296 2177; x_wconf 92' lang='lat' dir='ltr'><strong>tam</strong></span> <span class='ocrx_word' id='word_1_138' title='bbox 1352 2122 1583 2177; x_wconf 89' lang='lat' dir='ltr'><strong>ardumn</strong></span> <span class='ocrx_word' id='word_1_139' title='bbox 1640 2122 2048 2193; x_wconf 69' lang='lat' dir='ltr'><strong>pulchrumque</strong></span> 
     </span>
    </p>
   </div>
   <div class='ocr_carea' id='block_1_24' title="bbox 457 2214 2048 2287">
    <p class='ocr_par' dir='ltr' id='par_1_24' title="bbox 457 2214 2048 2287">
     <span class='ocr_line' id='line_1_24' title="bbox 457 2214 2048 2287; baseline -0.001 -20"><span class='ocrx_word' id='word_1_140' title='bbox 457 2218 658 2287; x_wconf 76' lang='lat' dir='ltr'><strong>dogma</strong></span> <span class='ocrx_word' id='word_1_141' title='bbox 681 2217 1152 2272; x_wconf 84' lang='lat' dir='ltr'><strong>dissimulaturum</strong></span> <span class='ocrx_word' id='word_1_142' title='bbox 1187 2217 1380 2280; x_wconf 82' lang='lat' dir='ltr'><strong>fuisse,</strong></span> <span class='ocrx_word' id='word_1_143' title='bbox 1419 2215 1472 2268; x_wconf 89' lang='lat' dir='ltr'><strong>in</strong></span> <span class='ocrx_word' id='word_1_144' title='bbox 1511 2214 1772 2268; x_wconf 90' lang='lat' dir='ltr'><strong>omnibus</strong></span> <span class='ocrx_word' id='word_1_145' title='bbox 1821 2215 2048 2266; x_wconf 85' lang='lat' dir='ltr'><strong>omnino</strong></span> 
     </span>
    </p>
   </div>
   <div class='ocr_carea' id='block_1_25' title="bbox 461 2306 2051 2380">
    <p class='ocr_par' dir='ltr' id='par_1_25' title="bbox 461 2306 2051 2380">
     <span class='ocr_line' id='line_1_25' title="bbox 461 2306 2051 2380; baseline -0.002 -17"><span class='ocrx_word' id='word_1_146' title='bbox 461 2310 636 2372; x_wconf 85' lang='lat' dir='ltr'><strong>libris,</strong></span> <span class='ocrx_word' id='word_1_147' title='bbox 673 2325 812 2377; x_wconf 89' lang='lat' dir='ltr'><strong>quos</strong></span> <span class='ocrx_word' id='word_1_148' title='bbox 846 2309 1086 2378; x_wconf 80' lang='lat' dir='ltr'><strong>scripsit,</strong></span> <span class='ocrx_word' id='word_1_149' title='bbox 1161 2309 1219 2363; x_wconf 82' lang='lat' dir='ltr'><strong>in</strong></span> <span class='ocrx_word' id='word_1_150' title='bbox 1279 2309 1480 2380; x_wconf 85' lang='lat' dir='ltr'><strong>quibus</strong></span> <span class='ocrx_word' id='word_1_151' title='bbox 1534 2308 1672 2362; x_wconf 87' lang='lat' dir='ltr'><strong>adeo</strong></span> <span class='ocrx_word' id='word_1_152' title='bbox 1727 2306 1938 2377; x_wconf 74' lang='lat' dir='ltr'><strong>prolixe</strong></span> <span class='ocrx_word' id='word_1_153' title='bbox 1995 2314 2051 2360; x_wconf 87' lang='lat' dir='ltr'><strong>et</strong></span> 
     </span>
    </p>
   </div>
   <div class='ocr_carea' id='block_1_26' title="bbox 458 2383 2052 2470">
    <p class='ocr_par' dir='ltr' id='par_1_26' title="bbox 458 2383 2052 2470">
     <span class='ocr_line' id='line_1_26' title="bbox 458 2383 2052 2470; baseline -0.003 -15"><span class='ocrx_word' id='word_1_154' title='bbox 458 2402 682 2458; x_wconf 82' lang='lat' dir='ltr'><strong>curiose</strong></span> <span class='ocrx_word' id='word_1_155' title='bbox 709 2404 773 2455; x_wconf 92' lang='lat' dir='ltr'><strong>de</strong></span> <span class='ocrx_word' id='word_1_156' title='bbox 807 2401 1008 2457; x_wconf 77' lang='lat' dir='ltr'><strong>fetibus</strong></span> <span class='ocrx_word' id='word_1_157' title='bbox 1055 2411 1110 2456; x_wconf 89' lang='lat' dir='ltr'><strong>et</strong></span> <span class='ocrx_word' id='word_1_158' title='bbox 1150 2401 1347 2456; x_wconf 89' lang='lat' dir='ltr'><strong>ostreis</strong></span> <span class='ocrx_word' id='word_1_159' title='bbox 1375 2401 1608 2470; x_wconf 85' lang='lat' dir='ltr'><strong>aliisque</strong></span> <span class='ocrx_word' id='word_1_160' title='bbox 1653 2414 1837 2454; x_wconf 85' lang='lat' dir='ltr'><strong>rerum</strong></span> <span class='ocrx_word' id='word_1_161' title='bbox 1895 2383 2052 2452; x_wconf 48' lang='lat' dir='ltr'><strong>natu;</strong></span> 
     </span>
    </p>
   </div>
   <div class='ocr_carea' id='block_1_27' title="bbox 457 2491 2046 2566">
    <p class='ocr_par' dir='ltr' id='par_1_27' title="bbox 457 2491 2046 2566">
     <span class='ocr_line' id='line_1_27' title="bbox 457 2491 2046 2566; baseline -0.001 -18"><span class='ocrx_word' id='word_1_162' title='bbox 457 2495 654 2548; x_wconf 83' lang='lat' dir='ltr'><strong>raiium</strong></span> <span class='ocrx_word' id='word_1_163' title='bbox 707 2499 892 2549; x_wconf 85' lang='lat' dir='ltr'><strong>causis</strong></span> <span class='ocrx_word' id='word_1_164' title='bbox 940 2495 1209 2566; x_wconf 85' lang='lat' dir='ltr'><strong>disputat.</strong></span> <span class='ocrx_word' id='word_1_165' title='bbox 1281 2493 1487 2547; x_wconf 85' lang='lat' dir='ltr'><strong>Deinde</strong></span> <span class='ocrx_word' id='word_1_166' title='bbox 1545 2491 1690 2565; x_wconf 91' lang='lat' dir='ltr'><strong>quod</strong></span> <span class='ocrx_word' id='word_1_167' title='bbox 1754 2508 2046 2548; x_wconf 88' lang='lat' dir='ltr'><strong>numerum</strong></span> 
     </span>
    </p>
   </div>
   <div class='ocr_carea' id='block_1_28' title="bbox 458 2571 2049 2657">
    <p class='ocr_par' dir='ltr' id='par_1_28' title="bbox 458 2571 2049 2657">
     <span class='ocr_line' id='line_1_28' title="bbox 458 2571 2049 2657; baseline 0.001 -15"><span class='ocrx_word' id='word_1_168' title='bbox 458 2588 621 2642; x_wconf 84' lang='lat' dir='ltr'><strong>etiam</strong></span> <span class='ocrx_word' id='word_1_169' title='bbox 665 2571 848 2645; x_wconf 68' lang='lat' dir='ltr'><strong>causa:</strong></span> <span class='ocrx_word' id='word_1_170' title='bbox 889 2587 1260 2657; x_wconf 80' lang='lat' dir='ltr'><strong>generationis</strong></span> <span class='ocrx_word' id='word_1_171' title='bbox 1315 2588 1604 2655; x_wconf 76' lang='lat' dir='ltr'><strong>describit,</strong></span> <span class='ocrx_word' id='word_1_172' title='bbox 1664 2601 1768 2642; x_wconf 86' lang='lat' dir='ltr'><strong>nec</strong></span> <span class='ocrx_word' id='word_1_173' title='bbox 1828 2595 2049 2656; x_wconf 84' lang='lat' dir='ltr'><strong>tempus</strong></span> 
     </span>
    </p>
   </div>
   <div class='ocr_carea' id='block_1_29' title="bbox 437 2659 2048 2749">
    <p class='ocr_par' dir='ltr' id='par_1_29' title="bbox 437 2659 2048 2749">
     <span class='ocr_line' id='line_1_29' title="bbox 437 2659 2048 2749; baseline -0.001 -15"><span class='ocrx_word' id='word_1_174' title='bbox 437 2659 630 2735; x_wconf 41' lang='lat' dir='ltr'><strong>&#39;ullom</strong></span> <span class='ocrx_word' id='word_1_175' title='bbox 666 2682 1028 2737; x_wconf 84' lang='lat' dir='ltr'><strong>nominatsed</strong></span> <span class='ocrx_word' id='word_1_176' title='bbox 1057 2695 1279 2736; x_wconf 83' lang='lat' dir='ltr'><strong>causam</strong></span> <span class='ocrx_word' id='word_1_177' title='bbox 1310 2690 1552 2746; x_wconf 87' lang='lat' dir='ltr'><strong>tantum,</strong></span> <span class='ocrx_word' id='word_1_178' title='bbox 1591 2679 1702 2734; x_wconf 90' lang='lat' dir='ltr'><strong>imo</strong></span> <span class='ocrx_word' id='word_1_179' title='bbox 1735 2693 1830 2735; x_wconf 88' lang='lat' dir='ltr'><strong>eos</strong></span> <span class='ocrx_word' id='word_1_180' title='bbox 1862 2692 2048 2749; x_wconf 83' lang='lat' dir='ltr'><strong>repre-</strong></span> 
     </span>
    </p>
   </div>
   <div class='ocr_carea' id='block_1_30' title="bbox 457 2772 2046 2844">
    <p class='ocr_par' dir='ltr' id='par_1_30' title="bbox 457 2772 2046 2844">
     <span class='ocr_line' id='line_1_30' title="bbox 457 2772 2046 2844; baseline -0.003 -14"><span class='ocrx_word' id='word_1_181' title='bbox 457 2775 666 2839; x_wconf 83' lang='lat' dir='ltr'><strong>hendit,</strong></span> <span class='ocrx_word' id='word_1_182' title='bbox 691 2775 781 2844; x_wconf 84' lang='lat' dir='ltr'><strong>qui</strong></span> <span class='ocrx_word' id='word_1_183' title='bbox 810 2775 880 2829; x_wconf 91' lang='lat' dir='ltr'><strong>ab</strong></span> <span class='ocrx_word' id='word_1_184' title='bbox 902 2775 971 2829; x_wconf 84' lang='lat' dir='ltr'><strong>eo</strong></span> <span class='ocrx_word' id='word_1_185' title='bbox 989 2774 1343 2840; x_wconf 86' lang='lat' dir='ltr'><strong>dissentiunt,</strong></span> <span class='ocrx_word' id='word_1_186' title='bbox 1366 2782 1421 2830; x_wconf 91' lang='lat' dir='ltr'><strong>ct</strong></span> <span class='ocrx_word' id='word_1_187' title='bbox 1466 2773 1795 2838; x_wconf 83' lang='lat' dir='ltr'><strong>absurdum,</strong></span> <span class='ocrx_word' id='word_1_188' title='bbox 1835 2772 2046 2843; x_wconf 83' lang='lat' dir='ltr'><strong>inquit,</strong></span> 
     </span>
    </p>
   </div>
   <div class='ocr_carea' id='block_1_31' title="bbox 456 2866 2046 2937">
    <p class='ocr_par' dir='ltr' id='par_1_31' title="bbox 456 2866 2046 2937">
     <span class='ocr_line' id='line_1_31' title="bbox 456 2866 2046 2937; baseline -0.001 -15"><span class='ocrx_word' id='word_1_189' title='bbox 456 2879 541 2923; x_wconf 84' lang='lat' dir='ltr'><strong>est</strong></span> <span class='ocrx_word' id='word_1_190' title='bbox 581 2882 645 2922; x_wconf 88' lang='lat' dir='ltr'><strong>ac</strong></span> <span class='ocrx_word' id='word_1_191' title='bbox 672 2868 854 2937; x_wconf 84' lang='lat' dir='ltr'><strong>potius</strong></span> <span class='ocrx_word' id='word_1_192' title='bbox 885 2882 1077 2923; x_wconf 86' lang='lat' dir='ltr'><strong>eorum</strong></span> <span class='ocrx_word' id='word_1_193' title='bbox 1112 2881 1308 2932; x_wconf 76' lang='lat' dir='ltr'><strong>unum;</strong></span> <span class='ocrx_word' id='word_1_194' title='bbox 1343 2883 1464 2936; x_wconf 70' lang='lat' dir='ltr'><strong>qua:</strong></span> <span class='ocrx_word' id='word_1_195' title='bbox 1506 2867 1620 2921; x_wconf 81' lang='lat' dir='ltr'><strong>fieri</strong></span> <span class='ocrx_word' id='word_1_196' title='bbox 1675 2866 1826 2921; x_wconf 88' lang='lat' dir='ltr'><strong>nullo</strong></span> <span class='ocrx_word' id='word_1_197' title='bbox 1882 2867 2046 2921; x_wconf 87' lang='lat' dir='ltr'><strong>modo</strong></span> 
     </span>
    </p>
   </div>
   <div class='ocr_carea' id='block_1_32' title="bbox 457 2957 2047 3032">
    <p class='ocr_par' dir='ltr' id='par_1_32' title="bbox 457 2957 2047 3032">
     <span class='ocr_line' id='line_1_32' title="bbox 457 2957 2047 3032; baseline -0.003 -16"><span class='ocrx_word' id='word_1_198' title='bbox 457 2972 711 3032; x_wconf 81' lang='lat' dir='ltr'><strong>possunt,</strong></span> <span class='ocrx_word' id='word_1_199' title='bbox 738 2976 917 3016; x_wconf 88' lang='lat' dir='ltr'><strong>rerum</strong></span> <span class='ocrx_word' id='word_1_200' title='bbox 948 2961 1404 3030; x_wconf 78' lang='lat' dir='ltr'><strong>sentpitcrnarum</strong></span> <span class='ocrx_word' id='word_1_201' title='bbox 1423 2968 1603 3013; x_wconf 88' lang='lat' dir='ltr'><strong>ortum</strong></span> <span class='ocrx_word' id='word_1_202' title='bbox 1629 2958 1865 3028; x_wconf 87' lang='lat' dir='ltr'><strong>aliquem</strong></span> <span class='ocrx_word' id='word_1_203' title='bbox 1898 2957 2047 3012; x_wconf 84' lang='lat' dir='ltr'><strong>face-</strong></span> 
     </span>
    </p>
   </div>
   <div class='ocr_carea' id='block_1_33' title="bbox 460 3055 2046 3127">
    <p class='ocr_par' dir='ltr' id='par_1_33' title="bbox 460 3055 2046 3127">
     <span class='ocr_line' id='line_1_33' title="bbox 460 3055 2046 3127; baseline 0 -17"><span class='ocrx_word' id='word_1_204' title='bbox 460 3073 542 3110; x_wconf 80' lang='lat' dir='ltr'><strong>re.</strong></span> <span class='ocrx_word' id='word_1_205' title='bbox 579 3056 838 3123; x_wconf 86' lang='lat' dir='ltr'><strong>Quoloco</strong></span> <span class='ocrx_word' id='word_1_206' title='bbox 861 3073 921 3112; x_wconf 91' lang='lat' dir='ltr'><strong>se</strong></span> <span class='ocrx_word' id='word_1_207' title='bbox 950 3059 1238 3111; x_wconf 84' lang='lat' dir='ltr'><strong>manifeste</strong></span> <span class='ocrx_word' id='word_1_208' title='bbox 1269 3056 1452 3127; x_wconf 88' lang='lat' dir='ltr'><strong>prodit</strong></span> <span class='ocrx_word' id='word_1_209' title='bbox 1491 3056 1838 3121; x_wconf 76' lang='lat' dir='ltr'><strong>Aristoteles,</strong></span> <span class='ocrx_word' id='word_1_210' title='bbox 1902 3055 2046 3111; x_wconf 89' lang='lat' dir='ltr'><strong>sicut</strong></span> 
     </span>
    </p>
   </div>
   <div class='ocr_carea' id='block_1_34' title="bbox 458 3147 2046 3220">
    <p class='ocr_par' dir='ltr' id='par_1_34' title="bbox 458 3147 2046 3220">
     <span class='ocr_line' id='line_1_34' title="bbox 458 3147 2046 3220; baseline 0.001 -20"><span class='ocrx_word' id='word_1_211' title='bbox 458 3148 624 3201; x_wconf 87' lang='lat' dir='ltr'><strong>ctiam</strong></span> <span class='ocrx_word' id='word_1_212' title='bbox 652 3149 886 3204; x_wconf 86' lang='lat' dir='ltr'><strong>fortasse</strong></span> <span class='ocrx_word' id='word_1_213' title='bbox 904 3149 994 3201; x_wconf 91' lang='lat' dir='ltr'><strong>alii</strong></span> <span class='ocrx_word' id='word_1_214' title='bbox 1026 3149 1168 3220; x_wconf 86' lang='lat' dir='ltr'><strong>quod</strong></span> <span class='ocrx_word' id='word_1_215' title='bbox 1201 3149 1436 3204; x_wconf 89' lang='lat' dir='ltr'><strong>senserit</strong></span> <span class='ocrx_word' id='word_1_216' title='bbox 1468 3147 1642 3219; x_wconf 86' lang='lat' dir='ltr'><strong>posita</strong></span> <span class='ocrx_word' id='word_1_217' title='bbox 1673 3163 1841 3203; x_wconf 88' lang='lat' dir='ltr'><strong>causa</strong></span> <span class='ocrx_word' id='word_1_218' title='bbox 1879 3162 2046 3219; x_wconf 85' lang='lat' dir='ltr'><strong>gene-</strong></span> 
     </span>
    </p>
   </div>
   <div class='ocr_carea' id='block_1_35' title="bbox 2153 559 3741 634">
    <p class='ocr_par' dir='ltr' id='par_1_35' title="bbox 2153 559 3741 634">
     <span class='ocr_line' id='line_1_35' title="bbox 2153 559 3741 634; baseline 0.007 -21"><span class='ocrx_word' id='word_1_219' title='bbox 2153 561 2278 614; x_wconf 87' lang='grc' dir='ltr'>θετο</span> <span class='ocrx_word' id='word_1_220' title='bbox 2307 563 2405 630; x_wconf 80' lang='grc' dir='ltr'>τὴν</span> <span class='ocrx_word' id='word_1_221' title='bbox 2453 559 2620 615; x_wconf 76' lang='grc' dir='ltr'>αὐτοῦ</span> <span class='ocrx_word' id='word_1_222' title='bbox 2678 561 3034 628; x_wconf 71' lang='grc' dir='ltr'>φιλοσοφίαν,</span> <span class='ocrx_word' id='word_1_223' title='bbox 3085 561 3148 616; x_wconf 70' lang='grc' dir='ltr'><strong>τὸ</strong></span> <span class='ocrx_word' id='word_1_224' title='bbox 3204 563 3302 631; x_wconf 77' lang='grc' dir='ltr'>μὲν</span> <span class='ocrx_word' id='word_1_225' title='bbox 3355 563 3741 634; x_wconf 87' lang='grc' dir='ltr'>μέγιστοντοῦ</span> 
     </span>
    </p>
   </div>
   <div class='ocr_carea' id='block_1_36' title="bbox 2151 649 3745 728">
    <p class='ocr_par' dir='ltr' id='par_1_36' title="bbox 2151 649 3745 728">
     <span class='ocr_line' id='line_1_36' title="bbox 2151 649 3745 728; baseline 0.004 -23"><span class='ocrx_word' id='word_1_226' title='bbox 2151 649 2291 705; x_wconf 74' lang='grc' dir='ltr'>Θεοῦ</span> <span class='ocrx_word' id='word_1_227' title='bbox 2351 652 2517 722; x_wconf 78' lang='grc' dir='ltr'>ἔργον</span> <span class='ocrx_word' id='word_1_228' title='bbox 2547 652 2911 714; x_wconf 77' lang='grc' dir='ltr'>ἀποσιωπῶν,</span> <span class='ocrx_word' id='word_1_229' title='bbox 2965 653 3026 705; x_wconf 75' lang='grc' dir='ltr'><strong>τὸ</strong></span> <span class='ocrx_word' id='word_1_230' title='bbox 3077 653 3132 707; x_wconf 85' lang='grc' dir='ltr'>δὲ</span> <span class='ocrx_word' id='word_1_231' title='bbox 3177 655 3314 708; x_wconf 77' lang='grc' dir='ltr'>πολὺ</span> <span class='ocrx_word' id='word_1_232' title='bbox 3343 657 3536 711; x_wconf 86' lang='grc' dir='ltr'>τούτου</span> <span class='ocrx_word' id='word_1_233' title='bbox 3590 662 3745 728; x_wconf 84' lang='grc' dir='ltr'>μεῖον</span> 
     </span>
    </p>
   </div>
   <div class='ocr_carea' id='block_1_37' title="bbox 2155 742 3745 817">
    <p class='ocr_par' dir='ltr' id='par_1_37' title="bbox 2155 742 3745 817">
     <span class='ocr_line' id='line_1_37' title="bbox 2155 742 3745 817; baseline 0.004 -23"><span class='ocrx_word' id='word_1_234' title='bbox 2155 742 2318 812; x_wconf 74' lang='grc' dir='ltr'>μόνον</span> <span class='ocrx_word' id='word_1_235' title='bbox 2350 743 2652 812; x_wconf 82' lang='grc' dir='ltr'>σεμνύνων.</span> <span class='ocrx_word' id='word_1_236' title='bbox 2699 744 2862 798; x_wconf 75' lang='grc' dir='ltr'>Ἀλλὰ</span> <span class='ocrx_word' id='word_1_237' title='bbox 2911 745 3042 814; x_wconf 73' lang='grc' dir='ltr'>φαίη</span> <span class='ocrx_word' id='word_1_238' title='bbox 3099 745 3166 798; x_wconf 82' lang='grc' dir='ltr'><strong>ἀν</strong></span> <span class='ocrx_word' id='word_1_239' title='bbox 3206 761 3314 808; x_wconf 85' lang='grc' dir='ltr'>τις.</span> <span class='ocrx_word' id='word_1_240' title='bbox 3360 746 3435 810; x_wconf 81' lang='grc' dir='ltr'><strong>ὡς</strong></span> <span class='ocrx_word' id='word_1_241' title='bbox 3467 754 3560 802; x_wconf 78' lang='grc' dir='ltr'>καὶ</span> <span class='ocrx_word' id='word_1_242' title='bbox 3587 752 3745 817; x_wconf 80' lang='grc' dir='ltr'>τέλος</span> 
     </span>
    </p>
   </div>
   <div class='ocr_carea' id='block_1_38' title="bbox 2153 834 3746 902">
    <p class='ocr_par' dir='ltr' id='par_1_38' title="bbox 2153 834 3746 902">
     <span class='ocr_line' id='line_1_38' title="bbox 2153 834 3746 902; baseline 0.006 -14"><span class='ocrx_word' id='word_1_243' title='bbox 2153 834 2340 902; x_wconf 65' lang='grc' dir='ltr'>αὐτὸν,</span> <span class='ocrx_word' id='word_1_244' title='bbox 2367 838 2464 892; x_wconf 78' lang='grc' dir='ltr'><strong>καὶ</strong></span> <span class='ocrx_word' id='word_1_245' title='bbox 2496 836 2714 890; x_wconf 76' lang='grc' dir='ltr'>τελικὸν</span> <span class='ocrx_word' id='word_1_246' title='bbox 2756 837 2932 892; x_wconf 77' lang='grc' dir='ltr'>αἴτιον</span> <span class='ocrx_word' id='word_1_247' title='bbox 2982 838 3216 893; x_wconf 75' lang='grc' dir='ltr'><strong>τίθεται.</strong></span> <span class='ocrx_word' id='word_1_248' title='bbox 3261 840 3405 893; x_wconf 77' lang='grc' dir='ltr'>Ἀλλ’</span> <span class='ocrx_word' id='word_1_249' title='bbox 3433 841 3552 894; x_wconf 89' lang='grc' dir='ltr'><strong>οὐδέ</strong></span> <span class='ocrx_word' id='word_1_250' title='bbox 3582 843 3746 897; x_wconf 75' lang='grc' dir='ltr'>τοῦτο</span> 
     </span>
    </p>
   </div>
   <div class='ocr_carea' id='block_1_39' title="bbox 2154 927 3742 1000">
    <p class='ocr_par' dir='ltr' id='par_1_39' title="bbox 2154 927 3742 1000">
     <span class='ocr_line' id='line_1_39' title="bbox 2154 927 3742 1000; baseline 0.006 -21"><span class='ocrx_word' id='word_1_251' title='bbox 2154 928 2462 998; x_wconf 80' lang='grc' dir='ltr'>φανήσεται</span> <span class='ocrx_word' id='word_1_252' title='bbox 2493 929 2634 983; x_wconf 76' lang='grc' dir='ltr'>πάνυ</span> <span class='ocrx_word' id='word_1_253' title='bbox 2663 927 2878 998; x_wconf 83' lang='grc' dir='ltr'>σεμνῶς</span> <span class='ocrx_word' id='word_1_254' title='bbox 2903 930 3100 998; x_wconf 82' lang='grc' dir='ltr'>λέγων,</span> <span class='ocrx_word' id='word_1_255' title='bbox 3133 931 3252 984; x_wconf 79' lang='grc' dir='ltr'><strong>οὐδέ</strong></span> <span class='ocrx_word' id='word_1_256' title='bbox 3277 933 3442 996; x_wconf 81' lang='grc' dir='ltr'>ἀξίως</span> <span class='ocrx_word' id='word_1_257' title='bbox 3465 933 3559 987; x_wconf 82' lang='grc' dir='ltr'><strong>τοῦ</strong></span> <span class='ocrx_word' id='word_1_258' title='bbox 3579 935 3742 1000; x_wconf 77' lang='grc' dir='ltr'>Θεοῦ,</span> 
     </span>
    </p>
   </div>
   <div class='ocr_carea' id='block_1_40' title="bbox 2154 1019 3741 1090">
    <p class='ocr_par' dir='ltr' id='par_1_40' title="bbox 2154 1019 3741 1090">
     <span class='ocr_line' id='line_1_40' title="bbox 2154 1019 3741 1090; baseline 0.005 -18"><span class='ocrx_word' id='word_1_259' title='bbox 2154 1019 2214 1072; x_wconf 83' lang='grc' dir='ltr'>εῐ</span> <span class='ocrx_word' id='word_1_260' title='bbox 2255 1036 2318 1088; x_wconf 84' lang='grc' dir='ltr'><strong>γε</strong></span> <span class='ocrx_word' id='word_1_261' title='bbox 2371 1021 2433 1074; x_wconf 88' lang='grc' dir='ltr'><strong>οὐ</strong></span> <span class='ocrx_word' id='word_1_262' title='bbox 2469 1020 2561 1075; x_wconf 73' lang='grc' dir='ltr'>τοῦ</span> <span class='ocrx_word' id='word_1_263' title='bbox 2597 1019 2740 1075; x_wconf 70' lang='grc' dir='ltr'>εἶναι</span> <span class='ocrx_word' id='word_1_264' title='bbox 2793 1022 2914 1076; x_wconf 69' lang='grc' dir='ltr'>οὐδὲ</span> <span class='ocrx_word' id='word_1_265' title='bbox 2966 1022 3069 1090; x_wconf 86' lang='grc' dir='ltr'>τῆς</span> <span class='ocrx_word' id='word_1_266' title='bbox 3114 1023 3302 1085; x_wconf 77' lang='grc' dir='ltr'>οὐσίας</span> <span class='ocrx_word' id='word_1_267' title='bbox 3337 1025 3580 1079; x_wconf 71' lang='grc' dir='ltr'>ἑκάστων</span> <span class='ocrx_word' id='word_1_268' title='bbox 3602 1027 3741 1080; x_wconf 83' lang='grc' dir='ltr'>ἀλλὰ</span> 
     </span>
    </p>
   </div>
   <div class='ocr_carea' id='block_1_41' title="bbox 2151 1113 3741 1185">
    <p class='ocr_par' dir='ltr' id='par_1_41' title="bbox 2151 1113 3741 1185">
     <span class='ocr_line' id='line_1_41' title="bbox 2151 1113 3741 1185; baseline 0.006 -20"><span class='ocrx_word' id='word_1_269' title='bbox 2151 1113 2255 1179; x_wconf 71' lang='grc' dir='ltr'><strong>τῆς</strong></span> <span class='ocrx_word' id='word_1_270' title='bbox 2286 1113 2561 1180; x_wconf 84' lang='grc' dir='ltr'>κινήσεως</span> <span class='ocrx_word' id='word_1_271' title='bbox 2594 1114 2764 1185; x_wconf 81' lang='grc' dir='ltr'>μόνης</span> <span class='ocrx_word' id='word_1_272' title='bbox 2798 1115 2950 1178; x_wconf 84' lang='grc' dir='ltr'>τέλος</span> <span class='ocrx_word' id='word_1_273' title='bbox 2980 1115 3145 1168; x_wconf 79' lang='grc' dir='ltr'>αὐτὸν</span> <span class='ocrx_word' id='word_1_274' title='bbox 3184 1115 3419 1171; x_wconf 76' lang='grc' dir='ltr'><strong>τίθεται.</strong></span> <span class='ocrx_word' id='word_1_275' title='bbox 3455 1119 3514 1171; x_wconf 77' lang='grc' dir='ltr'><strong>ΕΞ</strong></span> <span class='ocrx_word' id='word_1_276' title='bbox 3545 1119 3602 1173; x_wconf 80' lang='grc' dir='ltr'><strong>δέ</strong></span> <span class='ocrx_word' id='word_1_277' title='bbox 3625 1120 3741 1175; x_wconf 82' lang='grc' dir='ltr'>οὐδ’</span> 
     </span>
    </p>
   </div>
   <div class='ocr_carea' id='block_1_42' title="bbox 2153 1205 3822 1280">
    <p class='ocr_par' dir='ltr' id='par_1_42' title="bbox 2153 1205 3822 1280">
     <span class='ocr_line' id='line_1_42' title="bbox 2153 1205 3822 1280; baseline 0.004 -20"><span class='ocrx_word' id='word_1_278' title='bbox 2153 1205 2402 1275; x_wconf 73' lang='grc' dir='ltr'>οἰόμενος</span> <span class='ocrx_word' id='word_1_279' title='bbox 2431 1207 2770 1276; x_wconf 74' lang='grc' dir='ltr'>δημιουργὸν</span> <span class='ocrx_word' id='word_1_280' title='bbox 2801 1207 2898 1262; x_wconf 81' lang='grc' dir='ltr'><strong>τοῦ</strong></span> <span class='ocrx_word' id='word_1_281' title='bbox 2945 1214 3145 1272; x_wconf 67' lang='grc' dir='ltr'>παντθις</span> <span class='ocrx_word' id='word_1_282' title='bbox 3175 1206 3313 1262; x_wconf 80' lang='grc' dir='ltr'>εἶναι</span> <span class='ocrx_word' id='word_1_283' title='bbox 3345 1211 3438 1264; x_wconf 79' lang='grc' dir='ltr'>τὸν</span> <span class='ocrx_word' id='word_1_284' title='bbox 3465 1212 3619 1277; x_wconf 74' lang='grc' dir='ltr'>Θεὸν.</span> <span class='ocrx_word' id='word_1_285' title='bbox 3646 1214 3738 1268; x_wconf 79' lang='grc' dir='ltr'>διὰ</span> <span class='ocrx_word' id='word_1_286' title='bbox 3811 1259 3822 1280; x_wconf 17' lang='grc' dir='ltr'>ν.</span> 
     </span>
    </p>
   </div>
   <div class='ocr_carea' id='block_1_43' title="bbox 2151 1295 3823 1367">
    <p class='ocr_par' dir='ltr' id='par_1_43' title="bbox 2151 1295 3823 1367">
     <span class='ocr_line' id='line_1_43' title="bbox 2151 1295 3823 1367; baseline 0.005 -17"><span class='ocrx_word' id='word_1_287' title='bbox 2151 1295 2314 1351; x_wconf 77' lang='grc' dir='ltr'>τοῦτο</span> <span class='ocrx_word' id='word_1_288' title='bbox 2345 1297 2474 1351; x_wconf 78' lang='grc' dir='ltr'>οὐδὲ</span> <span class='ocrx_word' id='word_1_289' title='bbox 2509 1297 2658 1366; x_wconf 86' lang='grc' dir='ltr'>λέγει</span> <span class='ocrx_word' id='word_1_290' title='bbox 2687 1297 2949 1367; x_wconf 72' lang='grc' dir='ltr'>οὐδαμοῦ,</span> <span class='ocrx_word' id='word_1_291' title='bbox 2983 1297 3126 1352; x_wconf 62' lang='grc' dir='ltr'>οὕτω</span> <span class='ocrx_word' id='word_1_292' title='bbox 3159 1316 3224 1366; x_wconf 77' lang='grc' dir='ltr'><strong>γε</strong></span> <span class='ocrx_word' id='word_1_293' title='bbox 3257 1295 3325 1353; x_wconf 71' lang='grc' dir='ltr'>αὖ</span> <span class='ocrx_word' id='word_1_294' title='bbox 3362 1303 3453 1354; x_wconf 72' lang='grc' dir='ltr'>καὶ</span> <span class='ocrx_word' id='word_1_295' title='bbox 3488 1303 3620 1357; x_wconf 79' lang='grc' dir='ltr'>πολὺ</span> <span class='ocrx_word' id='word_1_296' title='bbox 3653 1304 3740 1358; x_wconf 77' lang='grc' dir='ltr'>ἔτι</span> <span class='ocrx_word' id='word_1_297' title='bbox 3803 1299 3823 1316; x_wconf 85' lang='grc'><strong>”</strong></span> 
     </span>
    </p>
   </div>
   <div class='ocr_carea' id='block_1_44' title="bbox 2155 1385 3742 1462">
    <p class='ocr_par' dir='ltr' id='par_1_44' title="bbox 2155 1385 3742 1462">
     <span class='ocr_line' id='line_1_44' title="bbox 2155 1385 3742 1462; baseline 0.006 -22"><span class='ocrx_word' id='word_1_298' title='bbox 2155 1385 2222 1441; x_wconf 67' lang='grc' dir='ltr'>ἂν</span> <span class='ocrx_word' id='word_1_299' title='bbox 2273 1388 2610 1459; x_wconf 72' lang='grc' dir='ltr'><strong>φαυλότερος</strong></span> <span class='ocrx_word' id='word_1_300' title='bbox 2652 1391 2762 1457; x_wconf 61' lang='grc' dir='ltr'>εἴη,</span> <span class='ocrx_word' id='word_1_301' title='bbox 2803 1391 2942 1460; x_wconf 78' lang='grc' dir='ltr'>μήτε</span> <span class='ocrx_word' id='word_1_302' title='bbox 2988 1391 3186 1458; x_wconf 79' lang='grc' dir='ltr'>λέγων,</span> <span class='ocrx_word' id='word_1_303' title='bbox 3222 1393 3362 1462; x_wconf 82' lang='grc' dir='ltr'>μήτε</span> <span class='ocrx_word' id='word_1_304' title='bbox 3397 1394 3638 1458; x_wconf 75' lang='grc' dir='ltr'><strong>δοξάζων</strong></span> <span class='ocrx_word' id='word_1_305' title='bbox 3675 1395 3742 1449; x_wconf 77' lang='grc' dir='ltr'>τὸ</span> 
     </span>
    </p>
   </div>
   <div class='ocr_carea' id='block_1_45' title="bbox 2153 1479 3745 1556">
    <p class='ocr_par' dir='ltr' id='par_1_45' title="bbox 2153 1479 3745 1556">
     <span class='ocr_line' id='line_1_45' title="bbox 2153 1479 3745 1556; baseline 0.006 -24"><span class='ocrx_word' id='word_1_306' title='bbox 2153 1479 2446 1534; x_wconf 83' lang='grc' dir='ltr'>κάλλιστον</span> <span class='ocrx_word' id='word_1_307' title='bbox 2475 1481 2586 1534; x_wconf 87' lang='grc' dir='ltr'><strong>τῶν</strong></span> <span class='ocrx_word' id='word_1_308' title='bbox 2633 1482 2952 1552; x_wconf 73' lang='grc' dir='ltr'>φιλοσοφίας</span> <span class='ocrx_word' id='word_1_309' title='bbox 2992 1483 3300 1553; x_wconf 78' lang='grc' dir='ltr'><strong>δογμάτων,</strong></span> <span class='ocrx_word' id='word_1_310' title='bbox 3331 1486 3426 1540; x_wconf 73' lang='grc' dir='ltr'>καὶ</span> <span class='ocrx_word' id='word_1_311' title='bbox 3470 1488 3530 1540; x_wconf 88' lang='grc' dir='ltr'><strong>οὐ</strong></span> <span class='ocrx_word' id='word_1_312' title='bbox 3578 1487 3745 1556; x_wconf 82' lang='grc' dir='ltr'>μόνον</span> 
     </span>
    </p>
   </div>
   <div class='ocr_carea' id='block_1_46' title="bbox 2155 1573 3748 1650">
    <p class='ocr_par' dir='ltr' id='par_1_46' title="bbox 2155 1573 3748 1650">
     <span class='ocr_line' id='line_1_46' title="bbox 2155 1573 3748 1650; baseline 0.006 -26"><span class='ocrx_word' id='word_1_313' title='bbox 2155 1574 2502 1643; x_wconf 80' lang='grc' dir='ltr'>φιλοσοφίας.</span> <span class='ocrx_word' id='word_1_314' title='bbox 2540 1573 2680 1628; x_wconf 88' lang='grc' dir='ltr'><strong>ἀλλά</strong></span> <span class='ocrx_word' id='word_1_315' title='bbox 2709 1577 2804 1630; x_wconf 71' lang='grc' dir='ltr'><strong>καὶ</strong></span> <span class='ocrx_word' id='word_1_316' title='bbox 2835 1575 3054 1629; x_wconf 82' lang='grc' dir='ltr'>πάντων</span> <span class='ocrx_word' id='word_1_317' title='bbox 3084 1577 3196 1630; x_wconf 91' lang='grc' dir='ltr'><strong>τῶν</strong></span> <span class='ocrx_word' id='word_1_318' title='bbox 3224 1579 3290 1631; x_wconf 68' lang='grc' dir='ltr'><strong>τὶ</strong></span> <span class='ocrx_word' id='word_1_319' title='bbox 3337 1578 3579 1648; x_wconf 79' lang='grc' dir='ltr'><strong>βελτίονα</strong></span> <span class='ocrx_word' id='word_1_320' title='bbox 3606 1598 3748 1650; x_wconf 83' lang='grc' dir='ltr'>φρο-</span> 
     </span>
    </p>
   </div>
   <div class='ocr_carea' id='block_1_47' title="bbox 2153 1664 3748 1746">
    <p class='ocr_par' dir='ltr' id='par_1_47' title="bbox 2153 1664 3748 1746">
     <span class='ocr_line' id='line_1_47' title="bbox 2153 1664 3748 1746; baseline 0.005 -28"><span class='ocrx_word' id='word_1_321' title='bbox 2153 1664 2392 1721; x_wconf 79' lang='grc' dir='ltr'>νούντων</span> <span class='ocrx_word' id='word_1_322' title='bbox 2427 1667 2756 1737; x_wconf 77' lang='grc' dir='ltr'>ἀνθρώπων.</span> <span class='ocrx_word' id='word_1_323' title='bbox 2797 1666 2992 1738; x_wconf 75' lang='grc' dir='ltr'>Ἰΐμεῖς</span> <span class='ocrx_word' id='word_1_324' title='bbox 3036 1685 3100 1736; x_wconf 78' lang='grc' dir='ltr'><strong>γε</strong></span> <span class='ocrx_word' id='word_1_325' title='bbox 3127 1743 3130 1746; x_wconf 6' lang='grc' dir='ltr'><strong>η</strong></span> <span class='ocrx_word' id='word_1_326' title='bbox 3157 1668 3264 1741; x_wconf 72' lang='grc' dir='ltr'>μὴν</span> <span class='ocrx_word' id='word_1_327' title='bbox 3325 1668 3575 1739; x_wconf 73' lang='grc' dir='ltr'>δείξομεν</span> <span class='ocrx_word' id='word_1_328' title='bbox 3619 1671 3748 1726; x_wconf 77' lang='grc' dir='ltr'>οὐδὲ</span> 
     </span>
    </p>
   </div>
   <div class='ocr_carea' id='block_1_48' title="bbox 2155 1759 3748 1837">
    <p class='ocr_par' dir='ltr' id='par_1_48' title="bbox 2155 1759 3748 1837">
     <span class='ocr_line' id='line_1_48' title="bbox 2155 1759 3748 1837; baseline 0.005 -25"><span class='ocrx_word' id='word_1_329' title='bbox 2155 1759 2470 1826; x_wconf 74' lang='grc' dir='ltr'>δοξάζον-τα.</span> <span class='ocrx_word' id='word_1_330' title='bbox 2507 1761 2733 1832; x_wconf 77' lang='grc' dir='ltr'>Πρῶτον</span> <span class='ocrx_word' id='word_1_331' title='bbox 2785 1761 2883 1833; x_wconf 71' lang='grc' dir='ltr'>μὲν</span> <span class='ocrx_word' id='word_1_332' title='bbox 2927 1763 3009 1816; x_wconf 84' lang='grc' dir='ltr'>ὅτι</span> <span class='ocrx_word' id='word_1_333' title='bbox 3042 1763 3143 1815; x_wconf 82' lang='grc' dir='ltr'><strong>οὐκ</strong></span> <span class='ocrx_word' id='word_1_334' title='bbox 3173 1765 3321 1827; x_wconf 79' lang='grc' dir='ltr'>είκδς</span> <span class='ocrx_word' id='word_1_335' title='bbox 3348 1761 3419 1837; x_wconf 76' lang='grc' dir='ltr'><strong>ἢν</strong></span> <span class='ocrx_word' id='word_1_336' title='bbox 3446 1765 3748 1832; x_wconf 76' lang='grc' dir='ltr'>δοξάζοντα</span> 
     </span>
    </p>
   </div>
   <div class='ocr_carea' id='block_1_49' title="bbox 2085 1851 3749 1930">
    <p class='ocr_par' dir='ltr' id='par_1_49' title="bbox 2085 1851 3749 1930">
     <span class='ocr_line' id='line_1_49' title="bbox 2085 1851 3749 1930; baseline 0.004 -26"><span class='ocrx_word' id='word_1_337' title='bbox 2085 1869 2134 1930; x_wconf 70' lang='grc' dir='ltr'><strong><em>Β</em></strong></span> <span class='ocrx_word' id='word_1_338' title='bbox 2155 1851 2298 1907; x_wconf 77' lang='grc' dir='ltr'>οὕτω</span> <span class='ocrx_word' id='word_1_339' title='bbox 2330 1851 2623 1906; x_wconf 84' lang='grc' dir='ltr'>κάλλιστον</span> <span class='ocrx_word' id='word_1_340' title='bbox 2652 1853 2830 1922; x_wconf 64' lang='grc' dir='ltr'>δόγμα</span> <span class='ocrx_word' id='word_1_341' title='bbox 2863 1855 3276 1924; x_wconf 75' lang='grc' dir='ltr'>ἀποσιωπῆσαι,</span> <span class='ocrx_word' id='word_1_342' title='bbox 3313 1856 3590 1928; x_wconf 78' lang='grc' dir='ltr'><strong>πανταχοῦ</strong></span> <span class='ocrx_word' id='word_1_343' title='bbox 3631 1857 3749 1912; x_wconf 88' lang='grc' dir='ltr'><strong>τῶν</strong></span> 
     </span>
    </p>
   </div>
   <div class='ocr_carea' id='block_1_50' title="bbox 2161 1944 3752 2018">
    <p class='ocr_par' dir='ltr' id='par_1_50' title="bbox 2161 1944 3752 2018">
     <span class='ocr_line' id='line_1_50' title="bbox 2161 1944 3752 2018; baseline 0.004 -22"><span class='ocrx_word' id='word_1_344' title='bbox 2161 1944 2388 2013; x_wconf 72' lang='grc' dir='ltr'>βιϐλίων</span> <span class='ocrx_word' id='word_1_345' title='bbox 2414 1945 2477 1998; x_wconf 81' lang='grc' dir='ltr'>τὸ</span> <span class='ocrx_word' id='word_1_346' title='bbox 2513 1946 2642 2014; x_wconf 78' lang='grc' dir='ltr'>περὶ</span> <span class='ocrx_word' id='word_1_347' title='bbox 2679 1946 2942 2017; x_wconf 74' lang='grc' dir='ltr'>ἐμϐρύων</span> <span class='ocrx_word' id='word_1_348' title='bbox 2973 1949 3066 1999; x_wconf 75' lang='grc' dir='ltr'>καὶ</span> <span class='ocrx_word' id='word_1_349' title='bbox 3100 1947 3340 2018; x_wconf 72' lang='grc' dir='ltr'>ὀστρέων</span> <span class='ocrx_word' id='word_1_350' title='bbox 3366 1950 3461 2001; x_wconf 81' lang='grc' dir='ltr'>καὶ</span> <span class='ocrx_word' id='word_1_351' title='bbox 3488 1947 3576 2003; x_wconf 79' lang='grc' dir='ltr'><strong>τοῦ</strong></span> <span class='ocrx_word' id='word_1_352' title='bbox 3601 1949 3752 2003; x_wconf 81' lang='grc' dir='ltr'>δέον-</span> 
     </span>
    </p>
   </div>
   <div class='ocr_carea' id='block_1_51' title="bbox 2150 2037 3750 2114">
    <p class='ocr_par' dir='ltr' id='par_1_51' title="bbox 2150 2037 3750 2114">
     <span class='ocr_line' id='line_1_51' title="bbox 2150 2037 3750 2114; baseline 0.006 -26"><span class='ocrx_word' id='word_1_353' title='bbox 2150 2053 2244 2100; x_wconf 86' lang='grc' dir='ltr'><strong>τος</strong></span> <span class='ocrx_word' id='word_1_354' title='bbox 2281 2037 2598 2109; x_wconf 72' lang='grc' dir='ltr'>περαιτέρω</span> <span class='ocrx_word' id='word_1_355' title='bbox 2630 2039 3136 2110; x_wconf 64' lang='grc' dir='ltr'>πολυτριγμοῦντα</span> <span class='ocrx_word' id='word_1_356' title='bbox 3159 2057 3173 2072; x_wconf 93' lang='grc'><strong>·</strong></span> <span class='ocrx_word' id='word_1_357' title='bbox 3203 2040 3380 2096; x_wconf 76' lang='grc' dir='ltr'>ἔπειθ’</span> <span class='ocrx_word' id='word_1_358' title='bbox 3401 2042 3484 2096; x_wconf 85' lang='grc' dir='ltr'>ὅτι</span> <span class='ocrx_word' id='word_1_359' title='bbox 3515 2043 3610 2096; x_wconf 76' lang='grc' dir='ltr'>καὶ</span> <span class='ocrx_word' id='word_1_360' title='bbox 3639 2045 3750 2114; x_wconf 82' lang='grc' dir='ltr'>τῆς</span> 
     </span>
    </p>
   </div>
   <div class='ocr_carea' id='block_1_52' title="bbox 2151 2125 3750 2202">
    <p class='ocr_par' dir='ltr' id='par_1_52' title="bbox 2151 2125 3750 2202">
     <span class='ocr_line' id='line_1_52' title="bbox 2151 2125 3750 2202; baseline 0.005 -23"><span class='ocrx_word' id='word_1_361' title='bbox 2151 2125 2335 2190; x_wconf 71' lang='grc' dir='ltr'>αἰτίας</span> <span class='ocrx_word' id='word_1_362' title='bbox 2387 2128 2658 2196; x_wconf 84' lang='grc' dir='ltr'>γενέσεως</span> <span class='ocrx_word' id='word_1_363' title='bbox 2716 2130 2952 2199; x_wconf 75' lang='grc' dir='ltr'>ἀριθμὸν</span> <span class='ocrx_word' id='word_1_364' title='bbox 3006 2129 3378 2196; x_wconf 76' lang='grc' dir='ltr'>ἀποδιδοῦσιν,</span> <span class='ocrx_word' id='word_1_365' title='bbox 3429 2132 3492 2185; x_wconf 93' lang='grc' dir='ltr'><strong>οὐ</strong></span> <span class='ocrx_word' id='word_1_366' title='bbox 3546 2132 3750 2202; x_wconf 76' lang='grc' dir='ltr'>χρόνον</span> 
     </span>
    </p>
   </div>
   <div class='ocr_carea' id='block_1_53' title="bbox 2151 2217 3751 2290">
    <p class='ocr_par' dir='ltr' id='par_1_53' title="bbox 2151 2217 3751 2290">
     <span class='ocr_line' id='line_1_53' title="bbox 2151 2217 3751 2290; baseline 0.006 -20"><span class='ocrx_word' id='word_1_367' title='bbox 2151 2217 2332 2287; x_wconf 76' lang='grc' dir='ltr'>λέγων</span> <span class='ocrx_word' id='word_1_368' title='bbox 2362 2221 2556 2274; x_wconf 80' lang='grc' dir='ltr'>οὐδένα</span> <span class='ocrx_word' id='word_1_369' title='bbox 2589 2221 2706 2274; x_wconf 86' lang='grc' dir='ltr'>ἀλλ’</span> <span class='ocrx_word' id='word_1_370' title='bbox 2739 2221 2942 2286; x_wconf 75' lang='grc' dir='ltr'>αἰτίαν,</span> <span class='ocrx_word' id='word_1_371' title='bbox 2975 2224 3052 2285; x_wconf 85' lang='grc' dir='ltr'>ὡς</span> <span class='ocrx_word' id='word_1_372' title='bbox 3083 2223 3234 2288; x_wconf 79' lang='grc' dir='ltr'>δῆλοί</span> <span class='ocrx_word' id='word_1_373' title='bbox 3269 2225 3410 2278; x_wconf 75' lang='grc' dir='ltr'>εἰσιν</span> <span class='ocrx_word' id='word_1_374' title='bbox 3454 2222 3514 2290; x_wconf 83' lang='grc' dir='ltr'>ἐξ</span> <span class='ocrx_word' id='word_1_375' title='bbox 3543 2219 3618 2279; x_wconf 83' lang='grc' dir='ltr'>ὧν</span> <span class='ocrx_word' id='word_1_376' title='bbox 3645 2226 3751 2278; x_wconf 85' lang='grc' dir='ltr'>αὐ-</span> 
     </span>
    </p>
   </div>
   <div class='ocr_carea' id='block_1_54' title="bbox 2149 2313 3746 2386">
    <p class='ocr_par' dir='ltr' id='par_1_54' title="bbox 2149 2313 3746 2386">
     <span class='ocr_line' id='line_1_54' title="bbox 2149 2313 3746 2386; baseline 0.004 -23"><span class='ocrx_word' id='word_1_377' title='bbox 2149 2313 2242 2377; x_wconf 75' lang='grc' dir='ltr'><strong>τὸς</strong></span> <span class='ocrx_word' id='word_1_378' title='bbox 2272 2314 2534 2382; x_wconf 80' lang='grc' dir='ltr'>λέγοντας</span> <span class='ocrx_word' id='word_1_379' title='bbox 2565 2315 2765 2378; x_wconf 73' lang='grc' dir='ltr'>αὐτοὺς</span> <span class='ocrx_word' id='word_1_380' title='bbox 2798 2315 3096 2381; x_wconf 79' lang='grc' dir='ltr'><strong>ἐκτίθεται,</strong></span> <span class='ocrx_word' id='word_1_381' title='bbox 3129 2315 3344 2377; x_wconf 78' lang='grc' dir='ltr'>τούτοις</span> <span class='ocrx_word' id='word_1_382' title='bbox 3386 2319 3746 2386; x_wconf 71' lang='grc' dir='ltr'>μεμφόμενος</span> 
     </span>
    </p>
   </div>
   <div class='ocr_carea' id='block_1_55' title="bbox 2149 2403 3748 2473">
    <p class='ocr_par' dir='ltr' id='par_1_55' title="bbox 2149 2403 3748 2473">
     <span class='ocr_line' id='line_1_55' title="bbox 2149 2403 3748 2473; baseline 0.003 -16"><span class='ocrx_word' id='word_1_383' title='bbox 2149 2403 2370 2473; x_wconf 81' lang='grc' dir='ltr'>ἐπάγει,</span> <span class='ocrx_word' id='word_1_384' title='bbox 2409 2423 2428 2456; x_wconf 83' lang='grc' dir='ltr'><strong>ι</strong></span> <span class='ocrx_word' id='word_1_385' title='bbox 2472 2406 2714 2458; x_wconf 77' lang='grc' dir='ltr'>’Λτοττον</span> <span class='ocrx_word' id='word_1_386' title='bbox 2764 2405 2821 2458; x_wconf 73' lang='grc' dir='ltr'>δὲ</span> <span class='ocrx_word' id='word_1_387' title='bbox 2861 2407 2959 2459; x_wconf 74' lang='grc' dir='ltr'><strong>καὶ</strong></span> <span class='ocrx_word' id='word_1_388' title='bbox 2987 2407 3051 2458; x_wconf 86' lang='grc' dir='ltr'>τὸ</span> <span class='ocrx_word' id='word_1_389' title='bbox 3081 2408 3299 2473; x_wconf 81' lang='grc' dir='ltr'>γένεσιν</span> <span class='ocrx_word' id='word_1_390' title='bbox 3335 2412 3511 2460; x_wconf 79' lang='grc' dir='ltr'>ποιεῖν</span> <span class='ocrx_word' id='word_1_391' title='bbox 3555 2409 3748 2462; x_wconf 84' lang='grc' dir='ltr'>ἀῖδίων</span> 
     </span>
    </p>
   </div>
   <div class='ocr_carea' id='block_1_56' title="bbox 2149 2495 3746 2566">
    <p class='ocr_par' dir='ltr' id='par_1_56' title="bbox 2149 2495 3746 2566">
     <span class='ocr_line' id='line_1_56' title="bbox 2149 2495 3746 2566; baseline 0.003 -16"><span class='ocrx_word' id='word_1_392' title='bbox 2149 2496 2342 2560; x_wconf 74' lang='grc' dir='ltr'>ὄντων,</span> <span class='ocrx_word' id='word_1_393' title='bbox 2395 2495 2603 2566; x_wconf 82' lang='grc' dir='ltr'>μᾶλλον</span> <span class='ocrx_word' id='word_1_394' title='bbox 2651 2497 2708 2551; x_wconf 79' lang='grc' dir='ltr'>δὲ</span> <span class='ocrx_word' id='word_1_395' title='bbox 2746 2498 2808 2550; x_wconf 73' lang='grc' dir='ltr'>ἓν</span> <span class='ocrx_word' id='word_1_396' title='bbox 2857 2516 2910 2552; x_wconf 91' lang='grc' dir='ltr'><strong>τι</strong></span> <span class='ocrx_word' id='word_1_397' title='bbox 2965 2498 3074 2552; x_wconf 88' lang='grc' dir='ltr'><strong>τῶν</strong></span> <span class='ocrx_word' id='word_1_398' title='bbox 3123 2499 3430 2553; x_wconf 84' lang='grc' dir='ltr'>ἀδυνάτων.</span> <span class='ocrx_word' id='word_1_399' title='bbox 3474 2518 3493 2551; x_wconf 74' lang='grc' dir='ltr'><strong>ι</strong></span> <span class='ocrx_word' id='word_1_400' title='bbox 3552 2499 3640 2564; x_wconf 80' lang='grc' dir='ltr'>Ἐξ</span> <span class='ocrx_word' id='word_1_401' title='bbox 3675 2499 3746 2554; x_wconf 82' lang='grc' dir='ltr'><strong>οὗ</strong></span> 
     </span>
    </p>
   </div>
   <div class='ocr_carea' id='block_1_57' title="bbox 2149 2587 3744 2660">
    <p class='ocr_par' dir='ltr' id='par_1_57' title="bbox 2149 2587 3744 2660">
     <span class='ocr_line' id='line_1_57' title="bbox 2149 2587 3744 2660; baseline 0.001 -19"><span class='ocrx_word' id='word_1_402' title='bbox 2149 2587 2307 2657; x_wconf 82' lang='grc' dir='ltr'>δῆλός</span> <span class='ocrx_word' id='word_1_403' title='bbox 2363 2588 2510 2642; x_wconf 83' lang='grc' dir='ltr'>ἐστιν</span> <span class='ocrx_word' id='word_1_404' title='bbox 2553 2588 2958 2660; x_wconf 86' lang='grc' dir='ltr'>Ἀριστοτέλης.</span> <span class='ocrx_word' id='word_1_405' title='bbox 3015 2589 3206 2660; x_wconf 81' lang='grc' dir='ltr'>ὥσπερ</span> <span class='ocrx_word' id='word_1_406' title='bbox 3265 2591 3360 2644; x_wconf 70' lang='grc' dir='ltr'><strong>καὶ</strong></span> <span class='ocrx_word' id='word_1_407' title='bbox 3407 2589 3558 2644; x_wconf 74' lang='grc' dir='ltr'>ἄλλοι</span> <span class='ocrx_word' id='word_1_408' title='bbox 3607 2592 3744 2654; x_wconf 72' lang='grc' dir='ltr'>ἴσως</span> 
     </span>
    </p>
   </div>
   <div class='ocr_carea' id='block_1_58' title="bbox 2148 2679 3738 2754">
    <p class='ocr_par' dir='ltr' id='par_1_58' title="bbox 2148 2679 3738 2754">
     <span class='ocr_line' id='line_1_58' title="bbox 2148 2679 3738 2754; baseline 0.001 -21"><span class='ocrx_word' id='word_1_409' title='bbox 2148 2679 2316 2746; x_wconf 74' lang='grc' dir='ltr'>τινες,</span> <span class='ocrx_word' id='word_1_410' title='bbox 2372 2683 2438 2750; x_wconf 82' lang='grc' dir='ltr'><strong>τῇ</strong></span> <span class='ocrx_word' id='word_1_411' title='bbox 2495 2685 2622 2735; x_wconf 87' lang='grc' dir='ltr'>κατ’</span> <span class='ocrx_word' id='word_1_412' title='bbox 2676 2682 2863 2736; x_wconf 73' lang='grc' dir='ltr'>αἰτίαν</span> <span class='ocrx_word' id='word_1_413' title='bbox 2897 2682 3116 2746; x_wconf 76' lang='grc' dir='ltr'>γενέσει</span> <span class='ocrx_word' id='word_1_414' title='bbox 3172 2684 3269 2738; x_wconf 70' lang='grc' dir='ltr'>καὶ</span> <span class='ocrx_word' id='word_1_415' title='bbox 3315 2683 3418 2754; x_wconf 79' lang='grc' dir='ltr'><strong>τὴν</strong></span> <span class='ocrx_word' id='word_1_416' title='bbox 3473 2681 3738 2754; x_wconf 76' lang='grc' dir='ltr'>χρονικὴν</span> 
     </span>
    </p>
   </div>
   <div class='ocr_carea' id='block_1_59' title="bbox 2149 2771 3747 2846">
    <p class='ocr_par' dir='ltr' id='par_1_59' title="bbox 2149 2771 3747 2846">
     <span class='ocr_line' id='line_1_59' title="bbox 2149 2771 3747 2846; baseline 0.003 -22"><span class='ocrx_word' id='word_1_417' title='bbox 2149 2771 2390 2836; x_wconf 78' lang='grc' dir='ltr'>δοξάζων</span> <span class='ocrx_word' id='word_1_418' title='bbox 2423 2771 2659 2826; x_wconf 71' lang='grc' dir='ltr'>ἕπεσθαι</span> <span class='ocrx_word' id='word_1_419' title='bbox 2709 2773 2770 2838; x_wconf 83' lang='grc' dir='ltr'>ἐξ</span> <span class='ocrx_word' id='word_1_420' title='bbox 2803 2773 3075 2842; x_wconf 78' lang='grc' dir='ltr'><strong>ἀνάγκης.</strong></span> <span class='ocrx_word' id='word_1_421' title='bbox 3126 2775 3227 2844; x_wconf 82' lang='grc' dir='ltr'>οὐχ</span> <span class='ocrx_word' id='word_1_422' title='bbox 3271 2774 3459 2846; x_wconf 82' lang='grc' dir='ltr'>ὥσπερ</span> <span class='ocrx_word' id='word_1_423' title='bbox 3515 2774 3747 2828; x_wconf 80' lang='grc' dir='ltr'>Πλάτων</span> 
     </span>
    </p>
   </div>
   <div class='ocr_carea' id='block_1_60' title="bbox 2149 2865 3744 2937">
    <p class='ocr_par' dir='ltr' id='par_1_60' title="bbox 2149 2865 3744 2937">
     <span class='ocr_line' id='line_1_60' title="bbox 2149 2865 3744 2937; baseline 0 -18"><span class='ocrx_word' id='word_1_424' title='bbox 2149 2867 2250 2936; x_wconf 79' lang='grc' dir='ltr'><strong>τὴν</strong></span> <span class='ocrx_word' id='word_1_425' title='bbox 2280 2865 2458 2936; x_wconf 74' lang='grc' dir='ltr'>ψυχὴν</span> <span class='ocrx_word' id='word_1_426' title='bbox 2491 2869 2548 2919; x_wconf 91' lang='grc' dir='ltr'><strong>ἐν</strong></span> <span class='ocrx_word' id='word_1_427' title='bbox 2581 2870 2680 2935; x_wconf 84' lang='grc' dir='ltr'>μὲν</span> <span class='ocrx_word' id='word_1_428' title='bbox 2733 2866 2812 2937; x_wconf 85' lang='grc' dir='ltr'>τῷ</span> <span class='ocrx_word' id='word_1_429' title='bbox 2883 2867 3118 2935; x_wconf 62' lang='grc' dir='ltr'>Φαίδρῳ</span> <span class='ocrx_word' id='word_1_430' title='bbox 3150 2867 3464 2936; x_wconf 75' lang='grc' dir='ltr'>ἀγέννητον,</span> <span class='ocrx_word' id='word_1_431' title='bbox 3501 2865 3744 2935; x_wconf 75' lang='grc' dir='ltr'>δηλονότι</span> 
     </span>
    </p>
   </div>
   <div class='ocr_carea' id='block_1_61' title="bbox 2151 2959 3742 3032">
    <p class='ocr_par' dir='ltr' id='par_1_61' title="bbox 2151 2959 3742 3032">
     <span class='ocr_line' id='line_1_61' title="bbox 2151 2959 3742 3032; baseline -0.002 -18"><span class='ocrx_word' id='word_1_432' title='bbox 2151 2959 2230 3032; x_wconf 81' lang='grc' dir='ltr'><strong>τῷ</strong></span> <span class='ocrx_word' id='word_1_433' title='bbox 2261 2962 2464 3031; x_wconf 85' lang='grc' dir='ltr'>χρόνῳ,</span> <span class='ocrx_word' id='word_1_434' title='bbox 2500 2960 2772 3031; x_wconf 78' lang='grc' dir='ltr'>γεννητὴν</span> <span class='ocrx_word' id='word_1_435' title='bbox 2816 2959 2862 3013; x_wconf 86' lang='grc' dir='ltr'>δ’</span> <span class='ocrx_word' id='word_1_436' title='bbox 2907 2962 2966 3014; x_wconf 84' lang='grc' dir='ltr'><strong>ἐν</strong></span> <span class='ocrx_word' id='word_1_437' title='bbox 3007 2963 3084 3027; x_wconf 63' lang='grc' dir='ltr'>τῷ</span> <span class='ocrx_word' id='word_1_438' title='bbox 3140 2961 3374 3029; x_wconf 74' lang='grc' dir='ltr'>Τιμαίῳ,</span> <span class='ocrx_word' id='word_1_439' title='bbox 3403 2959 3643 3028; x_wconf 85' lang='grc' dir='ltr'>δηλονότι</span> <span class='ocrx_word' id='word_1_440' title='bbox 3671 2959 3742 3029; x_wconf 74' lang='grc' dir='ltr'>τῇ</span> 
     </span>
    </p>
   </div>
   <div class='ocr_carea' id='block_1_62' title="bbox 2150 3051 3745 3125">
    <p class='ocr_par' dir='ltr' id='par_1_62' title="bbox 2150 3051 3745 3125">
     <span class='ocr_line' id='line_1_62' title="bbox 2150 3051 3745 3125; baseline -0.003 -18"><span class='ocrx_word' id='word_1_441' title='bbox 2150 3054 2302 3125; x_wconf 78' lang='grc' dir='ltr'>αἰτίᾳ</span> <span class='ocrx_word' id='word_1_442' title='bbox 2350 3052 2654 3122; x_wconf 82' lang='grc' dir='ltr'>τιθέμενος,</span> <span class='ocrx_word' id='word_1_443' title='bbox 2687 3051 2847 3123; x_wconf 82' lang='grc' dir='ltr'>δῆλός</span> <span class='ocrx_word' id='word_1_444' title='bbox 2893 3054 3046 3106; x_wconf 84' lang='grc' dir='ltr'>ἐστιν</span> <span class='ocrx_word' id='word_1_445' title='bbox 3095 3053 3158 3105; x_wconf 85' lang='grc' dir='ltr'><strong>οὐ</strong></span> <span class='ocrx_word' id='word_1_446' title='bbox 3211 3052 3432 3114; x_wconf 81' lang='grc' dir='ltr'>πάντως</span> <span class='ocrx_word' id='word_1_447' title='bbox 3467 3051 3745 3120; x_wconf 75' lang='grc' dir='ltr'>ἑπομένην</span> 
     </span>
    </p>
   </div>
   <div class='ocr_carea' id='block_1_63' title="bbox 2149 3143 3741 3220">
    <p class='ocr_par' dir='ltr' id='par_1_63' title="bbox 2149 3143 3741 3220">
     <span class='ocr_line' id='line_1_63' title="bbox 2149 3143 3741 3220; baseline -0.004 -19"><span class='ocrx_word' id='word_1_448' title='bbox 2149 3149 2218 3220; x_wconf 77' lang='grc' dir='ltr'><strong>τῇ</strong></span> <span class='ocrx_word' id='word_1_449' title='bbox 2244 3146 2365 3200; x_wconf 83' lang='grc' dir='ltr'>κατ’</span> <span class='ocrx_word' id='word_1_450' title='bbox 2398 3148 2580 3200; x_wconf 84' lang='grc' dir='ltr'>αἰτίαν</span> <span class='ocrx_word' id='word_1_451' title='bbox 2606 3147 2818 3219; x_wconf 80' lang='grc' dir='ltr'>γενέσει</span> <span class='ocrx_word' id='word_1_452' title='bbox 2852 3148 2948 3198; x_wconf 72' lang='grc' dir='ltr'>καὶ</span> <span class='ocrx_word' id='word_1_453' title='bbox 2981 3145 3082 3214; x_wconf 80' lang='grc' dir='ltr'>τὴν</span> <span class='ocrx_word' id='word_1_454' title='bbox 3105 3145 3364 3216; x_wconf 83' lang='grc' dir='ltr'>χρονικὴν</span> <span class='ocrx_word' id='word_1_455' title='bbox 3385 3143 3653 3209; x_wconf 80' lang='grc' dir='ltr'>δοξάζων·</span> <span class='ocrx_word' id='word_1_456' title='bbox 3689 3143 3741 3195; x_wconf 81' lang='grc' dir='ltr'><strong>εί</strong></span> 
     </span>
    </p>
   </div>
   <div class='ocr_carea' id='block_1_64' title="bbox 458 3234 2048 3314">
    <p class='ocr_par' dir='ltr' id='par_1_64' title="bbox 458 3241 2042 3312">
     <span class='ocr_line' id='line_1_64' title="bbox 458 3241 2042 3312; baseline 0 -17"><span class='ocrx_word' id='word_1_457' title='bbox 458 3241 716 3305; x_wconf 74' lang='lat' dir='ltr'><strong>rationis,</strong></span> <span class='ocrx_word' id='word_1_458' title='bbox 749 3242 1060 3296; x_wconf 83' lang='lat' dir='ltr'><strong>necessario</strong></span> <span class='ocrx_word' id='word_1_459' title='bbox 1093 3241 1260 3298; x_wconf 86' lang='lat' dir='ltr'><strong>etiam</strong></span> <span class='ocrx_word' id='word_1_460' title='bbox 1309 3242 1466 3312; x_wconf 86' lang='lat' dir='ltr'><strong>sequi</strong></span> <span class='ocrx_word' id='word_1_461' title='bbox 1512 3251 1724 3311; x_wconf 89' lang='lat' dir='ltr'><strong>tempus</strong></span> <span class='ocrx_word' id='word_1_462' title='bbox 1773 3241 2042 3310; x_wconf 87' lang='lat' dir='ltr'><strong>ejusdem.</strong></span> 
     </span>
    </p>
   </div>
   <div class='ocr_carea' id='block_1_65' title="bbox 2151 3234 3741 3314">
    <p class='ocr_par' dir='ltr' id='par_1_65' title="bbox 2151 3234 3741 3308">
     <span class='ocr_line' id='line_1_65' title="bbox 2151 3234 3741 3308; baseline -0.006 -13"><span class='ocrx_word' id='word_1_463' title='bbox 2151 3241 2208 3295; x_wconf 79' lang='grc' dir='ltr'>δὲ</span> <span class='ocrx_word' id='word_1_464' title='bbox 2245 3239 2419 3292; x_wconf 71' lang='grc' dir='ltr'>ἀΐδιον</span> <span class='ocrx_word' id='word_1_465' title='bbox 2437 3238 2557 3292; x_wconf 86' lang='grc' dir='ltr'>τόδε</span> <span class='ocrx_word' id='word_1_466' title='bbox 2587 3238 2650 3292; x_wconf 81' lang='grc' dir='ltr'>τὸ</span> <span class='ocrx_word' id='word_1_467' title='bbox 2675 3239 2786 3292; x_wconf 78' lang='grc' dir='ltr'>πᾶν</span> <span class='ocrx_word' id='word_1_468' title='bbox 2813 3238 3191 3308; x_wconf 82' lang='grc' dir='ltr'>Ἀριστοτέλης</span> <span class='ocrx_word' id='word_1_469' title='bbox 3217 3236 3451 3306; x_wconf 74' lang='grc' dir='ltr'>νομίζει,</span> <span class='ocrx_word' id='word_1_470' title='bbox 3468 3235 3628 3305; x_wconf 82' lang='grc' dir='ltr'>δῆλον</span> <span class='ocrx_word' id='word_1_471' title='bbox 3659 3234 3741 3288; x_wconf 84' lang='grc' dir='ltr'>ὅτι</span> 
     </span>
    </p>
   </div>
   <div class='ocr_carea' id='block_1_66' title="bbox 459 3327 2048 3403">
    <p class='ocr_par' dir='ltr' id='par_1_66' title="bbox 459 3332 2048 3403">
     <span class='ocr_line' id='line_1_66' title="bbox 459 3332 2048 3403; baseline 0 -15"><span class='ocrx_word' id='word_1_472' title='bbox 459 3334 516 3388; x_wconf 83' lang='lat' dir='ltr'><strong>Id</strong></span> <span class='ocrx_word' id='word_1_473' title='bbox 547 3334 691 3402; x_wconf 88' lang='lat' dir='ltr'><strong>quod</strong></span> <span class='ocrx_word' id='word_1_474' title='bbox 725 3333 878 3388; x_wconf 82' lang='lat' dir='ltr'><strong>Plato</strong></span> <span class='ocrx_word' id='word_1_475' title='bbox 909 3348 1014 3387; x_wconf 88' lang='lat' dir='ltr'><strong>non</strong></span> <span class='ocrx_word' id='word_1_476' title='bbox 1059 3333 1206 3398; x_wconf 74' lang='lat' dir='ltr'><strong>fecit,</strong></span> <span class='ocrx_word' id='word_1_477' title='bbox 1270 3335 1361 3403; x_wconf 92' lang='lat' dir='ltr'><strong>qui</strong></span> <span class='ocrx_word' id='word_1_478' title='bbox 1414 3334 1468 3388; x_wconf 93' lang='lat' dir='ltr'><strong>in</strong></span> <span class='ocrx_word' id='word_1_479' title='bbox 1526 3332 1756 3388; x_wconf 76' lang='lat' dir='ltr'><strong>Plucdro</strong></span> <span class='ocrx_word' id='word_1_480' title='bbox 1829 3333 2048 3401; x_wconf 88' lang='lat' dir='ltr'><strong>quidem</strong></span> 
     </span>
    </p>
   </div>
   <div class='ocr_carea' id='block_1_67' title="bbox 2151 3327 3743 3403">
    <p class='ocr_par' dir='ltr' id='par_1_67' title="bbox 2151 3327 3743 3400">
     <span class='ocr_line' id='line_1_67' title="bbox 2151 3327 3743 3400; baseline -0.006 -14"><span class='ocrx_word' id='word_1_481' title='bbox 2151 3332 2267 3386; x_wconf 75' lang='grc' dir='ltr'>οὐδ’</span> <span class='ocrx_word' id='word_1_482' title='bbox 2296 3331 2363 3387; x_wconf 80' lang='grc' dir='ltr'>ἂν</span> <span class='ocrx_word' id='word_1_483' title='bbox 2393 3331 2609 3400; x_wconf 86' lang='grc' dir='ltr'>γένεσίν</span> <span class='ocrx_word' id='word_1_484' title='bbox 2635 3348 2757 3385; x_wconf 78' lang='grc' dir='ltr'>τινα</span> <span class='ocrx_word' id='word_1_485' title='bbox 2785 3327 2952 3384; x_wconf 81' lang='grc' dir='ltr'>αὐτοῦ</span> <span class='ocrx_word' id='word_1_486' title='bbox 2980 3329 3197 3394; x_wconf 76' lang='grc' dir='ltr'>δοξάζοι</span> <span class='ocrx_word' id='word_1_487' title='bbox 3217 3346 3231 3361; x_wconf 78' lang='grc'><strong>⁸</strong></span> <span class='ocrx_word' id='word_1_488' title='bbox 3263 3331 3313 3382; x_wconf 84' lang='grc' dir='ltr'><strong>εί</strong></span> <span class='ocrx_word' id='word_1_489' title='bbox 3337 3327 3384 3382; x_wconf 85' lang='grc' dir='ltr'>δ’</span> <span class='ocrx_word' id='word_1_490' title='bbox 3417 3329 3478 3382; x_wconf 81' lang='grc' dir='ltr'><strong>οὐ</strong></span> <span class='ocrx_word' id='word_1_491' title='bbox 3507 3330 3743 3397; x_wconf 83' lang='grc' dir='ltr'>γένεσιν,</span> 
     </span>
    </p>
   </div>
   <div class='ocr_carea' id='block_1_68' title="bbox 459 3421 2048 3495">
    <p class='ocr_par' dir='ltr' id='par_1_68' title="bbox 459 3424 2048 3495">
     <span class='ocr_line' id='line_1_68' title="bbox 459 3424 2048 3495; baseline -0.003 -15"><span class='ocrx_word' id='word_1_492' title='bbox 459 3425 700 3480; x_wconf 88' lang='lat' dir='ltr'><strong>animam</strong></span> <span class='ocrx_word' id='word_1_493' title='bbox 729 3426 881 3494; x_wconf 89' lang='lat' dir='ltr'><strong>ponit</strong></span> <span class='ocrx_word' id='word_1_494' title='bbox 910 3424 1209 3494; x_wconf 61' lang='lat' dir='ltr'><strong>ingenitam</strong></span> <span class='ocrx_word' id='word_1_495' title='bbox 1245 3424 1390 3495; x_wconf 91' lang='lat' dir='ltr'><strong>quod</strong></span> <span class='ocrx_word' id='word_1_496' title='bbox 1419 3425 1485 3477; x_wconf 90' lang='lat' dir='ltr'><strong>ad</strong></span> <span class='ocrx_word' id='word_1_497' title='bbox 1540 3433 1754 3494; x_wconf 80' lang='lat' dir='ltr'><strong>tempus</strong></span> <span class='ocrx_word' id='word_1_498' title='bbox 1797 3424 2048 3479; x_wconf 87' lang='lat' dir='ltr'><strong>videlicet</strong></span> 
     </span>
    </p>
   </div>
   <div class='ocr_carea' id='block_1_69' title="bbox 2151 3421 3743 3495">
    <p class='ocr_par' dir='ltr' id='par_1_69' title="bbox 2151 3421 3743 3494">
     <span class='ocr_line' id='line_1_69' title="bbox 2151 3421 3743 3494; baseline 0.001 -16"><span class='ocrx_word' id='word_1_499' title='bbox 2151 3425 2260 3478; x_wconf 75' lang='grc' dir='ltr'>οὐδ’</span> <span class='ocrx_word' id='word_1_500' title='bbox 2297 3425 2364 3478; x_wconf 85' lang='grc' dir='ltr'>ἂν</span> <span class='ocrx_word' id='word_1_501' title='bbox 2413 3424 2748 3494; x_wconf 72' lang='grc' dir='ltr'>δημιουργὸν</span> <span class='ocrx_word' id='word_1_502' title='bbox 2803 3421 2970 3477; x_wconf 68' lang='grc' dir='ltr'>αὐτοῦ</span> <span class='ocrx_word' id='word_1_503' title='bbox 3024 3423 3238 3477; x_wconf 78' lang='grc' dir='ltr'>οὐδένα.</span> <span class='ocrx_word' id='word_1_504' title='bbox 3311 3422 3422 3476; x_wconf 71' lang='grc' dir='ltr'><strong>Καὶ</strong></span> <span class='ocrx_word' id='word_1_505' title='bbox 3461 3423 3589 3494; x_wconf 84' lang='grc' dir='ltr'>περὶ</span> <span class='ocrx_word' id='word_1_506' title='bbox 3642 3425 3743 3494; x_wconf 72' lang='grc' dir='ltr'>μὲν</span> 
     </span>
    </p>
   </div>
   <div class='ocr_carea' id='block_1_70' title="bbox 461 3516 2048 3588">
    <p class='ocr_par' dir='ltr' id='par_1_70' title="bbox 461 3516 2047 3588">
     <span class='ocr_line' id='line_1_70' title="bbox 461 3516 2047 3588; baseline 0.001 -20"><span class='ocrx_word' id='word_1_507' title='bbox 461 3516 678 3577; x_wconf 83' lang='lat' dir='ltr'><strong>attinet,</strong></span> <span class='ocrx_word' id='word_1_508' title='bbox 720 3517 771 3569; x_wconf 91' lang='lat' dir='ltr'><strong>in</strong></span> <span class='ocrx_word' id='word_1_509' title='bbox 819 3518 1012 3570; x_wconf 76' lang='lat' dir='ltr'><strong>Tima&#39;o</strong></span> <span class='ocrx_word' id='word_1_510' title='bbox 1049 3526 1230 3570; x_wconf 86' lang='lat' dir='ltr'><strong>autem</strong></span> <span class='ocrx_word' id='word_1_511' title='bbox 1265 3517 1506 3588; x_wconf 79' lang='lat' dir='ltr'><strong>genitam</strong></span> <span class='ocrx_word' id='word_1_512' title='bbox 1549 3517 1733 3586; x_wconf 86' lang='lat' dir='ltr'><strong>quoad</strong></span> <span class='ocrx_word' id='word_1_513' title='bbox 1800 3531 2047 3570; x_wconf 89' lang='lat' dir='ltr'><strong>causam.</strong></span> 
     </span>
    </p>
   </div>
   <div class='ocr_carea' id='block_1_71' title="bbox 2151 3516 2628 3588">
    <p class='ocr_par' dir='ltr' id='par_1_71' title="bbox 2151 3517 2628 3582">
     <span class='ocr_line' id='line_1_71' title="bbox 2151 3517 2628 3582; baseline -0.002 -10"><span class='ocrx_word' id='word_1_514' title='bbox 2151 3519 2361 3573; x_wconf 81' lang='grc' dir='ltr'>τούτων</span> <span class='ocrx_word' id='word_1_515' title='bbox 2399 3517 2628 3582; x_wconf 76' lang='grc' dir='ltr'>ἱκανῶς.</span> 
     </span>
    </p>
   </div>
   <div class='ocr_carea' id='block_1_72' title="bbox 463 3609 3747 3682">
    <p class='ocr_par' dir='ltr' id='par_1_72' title="bbox 463 3609 3747 3682">
     <span class='ocr_line' id='line_1_72' title="bbox 463 3609 3747 3682; baseline 0.001 -20"><span class='ocrx_word' id='word_1_516' title='bbox 463 3609 599 3662; x_wconf 87' lang='lat' dir='ltr'><strong>Iliuc</strong></span> <span class='ocrx_word' id='word_1_517' title='bbox 649 3611 833 3680; x_wconf 80' lang='lat' dir='ltr'><strong>itaque</strong></span> <span class='ocrx_word' id='word_1_518' title='bbox 885 3625 1130 3680; x_wconf 64' lang='lat' dir='ltr'><strong>app-iret,</strong></span> <span class='ocrx_word' id='word_1_519' title='bbox 1194 3611 1335 3681; x_wconf 85' lang='lat' dir='ltr'><strong>quod</strong></span> <span class='ocrx_word' id='word_1_520' title='bbox 1380 3625 1485 3664; x_wconf 90' lang='lat' dir='ltr'><strong>non</strong></span> <span class='ocrx_word' id='word_1_521' title='bbox 1552 3609 1809 3673; x_wconf 81' lang='lat' dir='ltr'><strong>senserit,</strong></span> <span class='ocrx_word' id='word_1_522' title='bbox 1866 3610 2178 3667; x_wconf 73' lang='lat' dir='ltr'><strong>necessario</strong></span> <span class='ocrx_word' id='word_1_523' title='bbox 2247 3613 2432 3667; x_wconf 82' lang='lat' dir='ltr'><strong>statim</strong></span> <span class='ocrx_word' id='word_1_524' title='bbox 2493 3611 2673 3682; x_wconf 88' lang='lat' dir='ltr'><strong>sequi,</strong></span> <span class='ocrx_word' id='word_1_525' title='bbox 2739 3611 2881 3668; x_wconf 86' lang='lat' dir='ltr'><strong>utsi</strong></span> <span class='ocrx_word' id='word_1_526' title='bbox 2935 3612 3306 3682; x_wconf 78' lang='lat' dir='ltr'><strong>generationis</strong></span> <span class='ocrx_word' id='word_1_527' title='bbox 3371 3627 3539 3670; x_wconf 85' lang='lat' dir='ltr'><strong>causa</strong></span> <span class='ocrx_word' id='word_1_528' title='bbox 3601 3611 3747 3669; x_wconf 85' lang='lat' dir='ltr'><strong>adsit</strong></span> 
     </span>
    </p>
   </div>
   <div class='ocr_carea' id='block_1_73' title="bbox 463 3701 3734 3776">
    <p class='ocr_par' dir='ltr' id='par_1_73' title="bbox 463 3701 3734 3776">
     <span class='ocr_line' id='line_1_73' title="bbox 463 3701 3734 3776; baseline 0.001 -21"><span class='ocrx_word' id='word_1_529' title='bbox 463 3717 589 3755; x_wconf 80' lang='lat' dir='ltr'><strong>mox</strong></span> <span class='ocrx_word' id='word_1_530' title='bbox 624 3703 815 3757; x_wconf 86' lang='lat' dir='ltr'><strong>cadem</strong></span> <span class='ocrx_word' id='word_1_531' title='bbox 853 3702 1099 3772; x_wconf 75' lang='lat' dir='ltr'><strong>incipiat.</strong></span> <span class='ocrx_word' id='word_1_532' title='bbox 1133 3702 1335 3758; x_wconf 84' lang='lat' dir='ltr'><strong>Verum</strong></span> <span class='ocrx_word' id='word_1_533' title='bbox 1367 3703 1513 3758; x_wconf 90' lang='lat' dir='ltr'><strong>enim</strong></span> <span class='ocrx_word' id='word_1_534' title='bbox 1575 3717 1709 3757; x_wconf 84' lang='lat' dir='ltr'><strong>vero</strong></span> <span class='ocrx_word' id='word_1_535' title='bbox 1772 3701 1900 3773; x_wconf 91' lang='lat' dir='ltr'><strong>quis</strong></span> <span class='ocrx_word' id='word_1_536' title='bbox 1969 3703 2187 3759; x_wconf 86' lang='lat' dir='ltr'><strong>dubitat</strong></span> <span class='ocrx_word' id='word_1_537' title='bbox 2254 3705 2606 3760; x_wconf 80' lang='lat' dir='ltr'><strong>Aristotelem</strong></span> <span class='ocrx_word' id='word_1_538' title='bbox 2657 3704 2865 3760; x_wconf 89' lang='lat' dir='ltr'><strong>nullam</strong></span> <span class='ocrx_word' id='word_1_539' title='bbox 2945 3704 3199 3774; x_wconf 81' lang='lat' dir='ltr'><strong>posuisse</strong></span> <span class='ocrx_word' id='word_1_540' title='bbox 3267 3705 3432 3776; x_wconf 84' lang='lat' dir='ltr'><strong>hujus</strong></span> <span class='ocrx_word' id='word_1_541' title='bbox 3486 3703 3734 3760; x_wconf 72' lang='lat' dir='ltr'><strong>universi</strong></span> 
     </span>
    </p>
   </div>
   <div class='ocr_carea' id='block_1_74' title="bbox 461 3791 3743 3871">
    <p class='ocr_par' dir='ltr' id='par_1_74' title="bbox 461 3791 3743 3871">
     <span class='ocr_line' id='line_1_74' title="bbox 461 3791 3743 3871; baseline 0.001 -19"><span class='ocrx_word' id='word_1_542' title='bbox 461 3797 890 3867; x_wconf 74' lang='lat' dir='ltr'><strong>generationem,</strong></span> <span class='ocrx_word' id='word_1_543' title='bbox 931 3795 1373 3866; x_wconf 85' lang='lat' dir='ltr'><strong>quandoquidem</strong></span> <span class='ocrx_word' id='word_1_544' title='bbox 1429 3791 1632 3861; x_wconf 89' lang='lat' dir='ltr'><strong>sensit,</strong></span> <span class='ocrx_word' id='word_1_545' title='bbox 1685 3793 1866 3863; x_wconf 88' lang='lat' dir='ltr'><strong>ipsum</strong></span> <span class='ocrx_word' id='word_1_546' title='bbox 1919 3809 2042 3850; x_wconf 64' lang='lat' dir='ltr'><strong>esse</strong></span> <span class='ocrx_word' id='word_1_547' title='bbox 2080 3795 2764 3864; x_wconf 81' lang='lat' dir='ltr'><strong>sempiternum?Quodsi</strong></span> <span class='ocrx_word' id='word_1_548' title='bbox 2794 3807 2976 3854; x_wconf 89' lang='lat' dir='ltr'><strong>autem</strong></span> <span class='ocrx_word' id='word_1_549' title='bbox 3035 3797 3444 3871; x_wconf 76' lang='lat' dir='ltr'><strong>generationem</strong></span> <span class='ocrx_word' id='word_1_550' title='bbox 3503 3799 3743 3871; x_wconf 75' lang='lat' dir='ltr'><strong>negavit,</strong></span> 
     </span>
    </p>
   </div>
   <div class='ocr_carea' id='block_1_75' title="bbox 461 3887 2220 3964">
    <p class='ocr_par' dir='ltr' id='par_1_75' title="bbox 461 3887 2220 3964">
     <span class='ocr_line' id='line_1_75' title="bbox 461 3887 2220 3964; baseline -0.003 -16"><span class='ocrx_word' id='word_1_551' title='bbox 461 3892 654 3964; x_wconf 75' lang='lat' dir='ltr'><strong>procul</strong></span> <span class='ocrx_word' id='word_1_552' title='bbox 686 3893 853 3950; x_wconf 89' lang='lat' dir='ltr'><strong>dubio</strong></span> <span class='ocrx_word' id='word_1_553' title='bbox 883 3891 1050 3947; x_wconf 86' lang='lat' dir='ltr'><strong>etiam</strong></span> <span class='ocrx_word' id='word_1_554' title='bbox 1102 3893 1356 3962; x_wconf 70' lang='lat' dir='ltr'><strong>opim-em</strong></span> <span class='ocrx_word' id='word_1_555' title='bbox 1387 3892 1504 3946; x_wconf 88' lang='lat' dir='ltr'><strong>sive</strong></span> <span class='ocrx_word' id='word_1_556' title='bbox 1549 3887 1896 3947; x_wconf 88' lang='lat' dir='ltr'><strong>conditorem</strong></span> <span class='ocrx_word' id='word_1_557' title='bbox 1958 3888 2220 3948; x_wconf 81' lang='lat' dir='ltr'><strong>exclusit.</strong></span> 
     </span>
    </p>
   </div>
   <div class='ocr_carea' id='block_1_76' title="bbox 1109 3989 1385 4044">
    <p class='ocr_par' dir='ltr' id='par_1_76' title="bbox 1109 3989 1385 4044">
     <span class='ocr_line' id='line_1_76' title="bbox 1109 3989 1385 4044; baseline 0 0"><span class='ocrx_word' id='word_1_558' title='bbox 1109 3990 1264 4044; x_wconf 53' lang='lat' dir='ltr'><strong>CAP.</strong></span> <span class='ocrx_word' id='word_1_559' title='bbox 1321 3989 1385 4044; x_wconf 89' lang='grc'><strong>11.</strong></span> 
     </span>
    </p>
   </div>
   <div class='ocr_carea' id='block_1_77' title="bbox 538 4082 2050 4140">
    <p class='ocr_par' dir='ltr' id='par_1_77' title="bbox 538 4082 2050 4140">
     <span class='ocr_line' id='line_1_77' title="bbox 538 4082 2050 4140; baseline -0.003 -1"><span class='ocrx_word' id='word_1_560' title='bbox 538 4085 804 4139; x_wconf 73' lang='lat' dir='ltr'><strong>Prmterea</strong></span> <span class='ocrx_word' id='word_1_561' title='bbox 845 4084 1008 4140; x_wconf 90' lang='lat' dir='ltr'><strong>etiam</strong></span> <span class='ocrx_word' id='word_1_562' title='bbox 1066 4085 1195 4138; x_wconf 92' lang='lat' dir='ltr'><strong>illud</strong></span> <span class='ocrx_word' id='word_1_563' title='bbox 1219 4085 1286 4139; x_wconf 84' lang='lat' dir='ltr'><strong>de</strong></span> <span class='ocrx_word' id='word_1_564' title='bbox 1319 4085 1428 4139; x_wconf 85' lang='lat' dir='ltr'><strong>Deo</strong></span> <span class='ocrx_word' id='word_1_565' title='bbox 1471 4082 1800 4138; x_wconf 83' lang='lat' dir='ltr'><strong>Aristoteles</strong></span> <span class='ocrx_word' id='word_1_566' title='bbox 1853 4082 2050 4138; x_wconf 86' lang='lat' dir='ltr'><strong>absur-</strong></span> 
     </span>
    </p>
   </div>
   <div class='ocr_carea' id='block_1_78' title="bbox 461 4171 2045 4244">
    <p class='ocr_par' dir='ltr' id='par_1_78' title="bbox 461 4171 2045 4244">
     <span class='ocr_line' id='line_1_78' title="bbox 461 4171 2045 4244; baseline -0.003 -16"><span class='ocrx_word' id='word_1_567' title='bbox 461 4177 552 4240; x_wconf 89' lang='lat' dir='ltr'><strong>de,</strong></span> <span class='ocrx_word' id='word_1_568' title='bbox 583 4185 883 4244; x_wconf 81' lang='lat' dir='ltr'><strong>contraque</strong></span> <span class='ocrx_word' id='word_1_569' title='bbox 910 4187 1130 4228; x_wconf 89' lang='lat' dir='ltr'><strong>omncm</strong></span> <span class='ocrx_word' id='word_1_570' title='bbox 1165 4175 1436 4228; x_wconf 87' lang='lat' dir='ltr'><strong>rationem</strong></span> <span class='ocrx_word' id='word_1_571' title='bbox 1473 4172 1683 4229; x_wconf 89' lang='lat' dir='ltr'><strong>docuit.</strong></span> <span class='ocrx_word' id='word_1_572' title='bbox 1722 4171 1860 4227; x_wconf 90' lang='lat' dir='ltr'><strong>Cum</strong></span> <span class='ocrx_word' id='word_1_573' title='bbox 1895 4172 2045 4226; x_wconf 88' lang='lat' dir='ltr'><strong>enim</strong></span> 
     </span>
    </p>
   </div>
   <div class='ocr_carea' id='block_1_79' title="bbox 460 4263 2049 4336">
    <p class='ocr_par' dir='ltr' id='par_1_79' title="bbox 460 4263 2049 4336">
     <span class='ocr_line' id='line_1_79' title="bbox 460 4263 2049 4336; baseline -0.003 -13"><span class='ocrx_word' id='word_1_574' title='bbox 460 4269 624 4323; x_wconf 86' lang='lat' dir='ltr'><strong>orbes</strong></span> <span class='ocrx_word' id='word_1_575' title='bbox 661 4278 886 4322; x_wconf 64' lang='lat' dir='ltr'><strong>crateres</strong></span> <span class='ocrx_word' id='word_1_576' title='bbox 919 4281 948 4320; x_wconf 91' lang='lat' dir='ltr'><strong>a</strong></span> <span class='ocrx_word' id='word_1_577' title='bbox 983 4266 1260 4321; x_wconf 88' lang='lat' dir='ltr'><strong>mentibus</strong></span> <span class='ocrx_word' id='word_1_578' title='bbox 1294 4265 1624 4336; x_wconf 88' lang='lat' dir='ltr'><strong>quibusdam</strong></span> <span class='ocrx_word' id='word_1_579' title='bbox 1681 4273 1738 4320; x_wconf 91' lang='lat' dir='ltr'><strong>et</strong></span> <span class='ocrx_word' id='word_1_580' title='bbox 1783 4263 2049 4320; x_wconf 81' lang='lat' dir='ltr'><strong>essentiis</strong></span> 
     </span>
    </p>
   </div>
   <div class='ocr_carea' id='block_1_80' title="bbox 461 4353 2052 4429">
    <p class='ocr_par' dir='ltr' id='par_1_80' title="bbox 461 4353 2052 4429">
     <span class='ocr_line' id='line_1_80' title="bbox 461 4353 2052 4429; baseline -0.003 -14"><span class='ocrx_word' id='word_1_581' title='bbox 461 4362 729 4429; x_wconf 80' lang='lat' dir='ltr'><strong>separatis</strong></span> <span class='ocrx_word' id='word_1_582' title='bbox 755 4353 1047 4429; x_wconf 76' lang='lat' dir='ltr'><strong>gubernari</strong></span> <span class='ocrx_word' id='word_1_583' title='bbox 1094 4359 1414 4426; x_wconf 79' lang='lat' dir='ltr'><strong>moverique</strong></span> <span class='ocrx_word' id='word_1_584' title='bbox 1441 4355 1770 4422; x_wconf 85' lang='lat' dir='ltr'><strong>censuisset,</strong></span> <span class='ocrx_word' id='word_1_585' title='bbox 1802 4355 2052 4428; x_wconf 77' lang='lat' dir='ltr'><strong>singulos</strong></span> 
     </span>
    </p>
   </div>
   <div class='ocr_carea' id='block_1_81' title="bbox 461 4448 2046 4520">
    <p class='ocr_par' dir='ltr' id='par_1_81' title="bbox 461 4448 2046 4520">
     <span class='ocr_line' id='line_1_81' title="bbox 461 4448 2046 4520; baseline -0.003 -13"><span class='ocrx_word' id='word_1_586' title='bbox 461 4453 842 4508; x_wconf 85' lang='lat' dir='ltr'><strong>distribuendo</strong></span> <span class='ocrx_word' id='word_1_587' title='bbox 899 4450 1148 4520; x_wconf 77' lang='lat' dir='ltr'><strong>singulis,</strong></span> <span class='ocrx_word' id='word_1_588' title='bbox 1207 4466 1377 4506; x_wconf 88' lang='lat' dir='ltr'><strong>unum</strong></span> <span class='ocrx_word' id='word_1_589' title='bbox 1427 4464 1647 4520; x_wconf 89' lang='lat' dir='ltr'><strong>quoque</strong></span> <span class='ocrx_word' id='word_1_590' title='bbox 1693 4465 1914 4506; x_wconf 89' lang='lat' dir='ltr'><strong>summo</strong></span> <span class='ocrx_word' id='word_1_591' title='bbox 1971 4448 2046 4502; x_wconf 83' lang='lat' dir='ltr'><strong>illi</strong></span> 
     </span>
    </p>
   </div>
   <div class='ocr_carea' id='block_1_82' title="bbox 461 4539 2047 4612">
    <p class='ocr_par' dir='ltr' id='par_1_82' title="bbox 461 4539 2047 4612">
     <span class='ocr_line' id='line_1_82' title="bbox 461 4539 2047 4612; baseline -0.004 -13"><span class='ocrx_word' id='word_1_592' title='bbox 461 4559 646 4599; x_wconf 85' lang='lat' dir='ltr'><strong>rerum</strong></span> <span class='ocrx_word' id='word_1_593' title='bbox 677 4541 907 4612; x_wconf 86' lang='lat' dir='ltr'><strong>principi</strong></span> <span class='ocrx_word' id='word_1_594' title='bbox 970 4541 1079 4598; x_wconf 87' lang='lat' dir='ltr'><strong>Deo</strong></span> <span class='ocrx_word' id='word_1_595' title='bbox 1114 4541 1302 4596; x_wconf 89' lang='lat' dir='ltr'><strong>orbem</strong></span> <span class='ocrx_word' id='word_1_596' title='bbox 1335 4542 1604 4610; x_wconf 81' lang='lat' dir='ltr'><strong>assignat,</strong></span> <span class='ocrx_word' id='word_1_597' title='bbox 1662 4555 1823 4610; x_wconf 87' lang='lat' dir='ltr'><strong>quem</strong></span> <span class='ocrx_word' id='word_1_598' title='bbox 1856 4539 1926 4596; x_wconf 87' lang='lat' dir='ltr'><strong>ab</strong></span> <span class='ocrx_word' id='word_1_599' title='bbox 1952 4539 2047 4593; x_wconf 92' lang='lat' dir='ltr'><strong>illo</strong></span> 
     </span>
    </p>
   </div>
   <div class='ocr_carea' id='block_1_83' title="bbox 462 4633 2046 4704">
    <p class='ocr_par' dir='ltr' id='par_1_83' title="bbox 462 4633 2046 4704">
     <span class='ocr_line' id='line_1_83' title="bbox 462 4633 2046 4704; baseline -0.004 -14"><span class='ocrx_word' id='word_1_600' title='bbox 462 4636 673 4690; x_wconf 87' lang='lat' dir='ltr'><strong>moveri</strong></span> <span class='ocrx_word' id='word_1_601' title='bbox 700 4633 1000 4699; x_wconf 74' lang='lat' dir='ltr'><strong>existimat,</strong></span> <span class='ocrx_word' id='word_1_602' title='bbox 1040 4633 1264 4688; x_wconf 84' lang='lat' dir='ltr'><strong>tradens</strong></span> <span class='ocrx_word' id='word_1_603' title='bbox 1296 4633 1396 4704; x_wconf 85' lang='lat' dir='ltr'><strong>ipsi</strong></span> <span class='ocrx_word' id='word_1_604' title='bbox 1425 4633 1528 4688; x_wconf 90' lang='lat' dir='ltr'><strong>bac</strong></span> <span class='ocrx_word' id='word_1_605' title='bbox 1585 4633 1796 4687; x_wconf 89' lang='lat' dir='ltr'><strong>ratione</strong></span> <span class='ocrx_word' id='word_1_606' title='bbox 1840 4641 2046 4701; x_wconf 88' lang='lat' dir='ltr'><strong>partem</strong></span> 
     </span>
    </p>
   </div>
   <div class='ocr_carea' id='block_1_84' title="bbox 462 4725 2050 4799">
    <p class='ocr_par' dir='ltr' id='par_1_84' title="bbox 462 4725 2050 4799">
     <span class='ocr_line' id='line_1_84' title="bbox 462 4725 2050 4799; baseline -0.003 -18"><span class='ocrx_word' id='word_1_607' title='bbox 462 4726 755 4799; x_wconf 86' lang='lat' dir='ltr'><strong>quamdam</strong></span> <span class='ocrx_word' id='word_1_608' title='bbox 785 4725 1011 4791; x_wconf 86' lang='lat' dir='ltr'><strong>laboris,</strong></span> <span class='ocrx_word' id='word_1_609' title='bbox 1042 4740 1204 4796; x_wconf 92' lang='lat' dir='ltr'><strong>quem</strong></span> <span class='ocrx_word' id='word_1_610' title='bbox 1237 4727 1359 4780; x_wconf 72' lang='lat' dir='ltr'><strong>alize</strong></span> <span class='ocrx_word' id='word_1_611' title='bbox 1389 4740 1608 4795; x_wconf 82' lang='lat' dir='ltr'><strong>quoque</strong></span> <span class='ocrx_word' id='word_1_612' title='bbox 1668 4734 1883 4780; x_wconf 88' lang='lat' dir='ltr'><strong>mentes</strong></span> <span class='ocrx_word' id='word_1_613' title='bbox 1931 4731 2050 4793; x_wconf 90' lang='lat' dir='ltr'><strong>post</strong></span> 
     </span>
    </p>
   </div>
   <div class='ocr_carea' id='block_1_85' title="bbox 463 4815 2050 4890">
    <p class='ocr_par' dir='ltr' id='par_1_85' title="bbox 463 4815 2050 4890">
     <span class='ocr_line' id='line_1_85' title="bbox 463 4815 2050 4890; baseline -0.004 -15"><span class='ocrx_word' id='word_1_614' title='bbox 463 4820 644 4890; x_wconf 86' lang='lat' dir='ltr'><strong>ipsum</strong></span> <span class='ocrx_word' id='word_1_615' title='bbox 671 4819 998 4888; x_wconf 85' lang='lat' dir='ltr'><strong>sustineant.</strong></span> <span class='ocrx_word' id='word_1_616' title='bbox 1051 4815 1164 4872; x_wconf 89' lang='lat' dir='ltr'><strong>lloc</strong></span> <span class='ocrx_word' id='word_1_617' title='bbox 1201 4831 1328 4872; x_wconf 82' lang='lat' dir='ltr'><strong>vero</strong></span> <span class='ocrx_word' id='word_1_618' title='bbox 1386 4831 1549 4886; x_wconf 90' lang='lat' dir='ltr'><strong>quam</strong></span> <span class='ocrx_word' id='word_1_619' title='bbox 1613 4817 1687 4872; x_wconf 89' lang='lat' dir='ltr'><strong>sit</strong></span> <span class='ocrx_word' id='word_1_620' title='bbox 1723 4815 2050 4882; x_wconf 89' lang='lat' dir='ltr'><strong>absurdum,</strong></span> 
     </span>
    </p>
   </div>
   <div class='ocr_carea' id='block_1_86' title="bbox 463 4907 2050 4982">
    <p class='ocr_par' dir='ltr' id='par_1_86' title="bbox 463 4907 2050 4982">
     <span class='ocr_line' id='line_1_86' title="bbox 463 4907 2050 4982; baseline -0.004 -14"><span class='ocrx_word' id='word_1_621' title='bbox 463 4913 591 4969; x_wconf 91' lang='lat' dir='ltr'><strong>inde</strong></span> <span class='ocrx_word' id='word_1_622' title='bbox 622 4911 820 4982; x_wconf 85' lang='lat' dir='ltr'><strong>aliquis</strong></span> <span class='ocrx_word' id='word_1_623' title='bbox 841 4911 1266 4966; x_wconf 88' lang='lat' dir='ltr'><strong>animadvertat.</strong></span> <span class='ocrx_word' id='word_1_624' title='bbox 1300 4910 1526 4978; x_wconf 86' lang='lat' dir='ltr'><strong>Oportet</strong></span> <span class='ocrx_word' id='word_1_625' title='bbox 1559 4923 1620 4964; x_wconf 90' lang='lat' dir='ltr'><strong>ea</strong></span> <span class='ocrx_word' id='word_1_626' title='bbox 1690 4923 1814 4980; x_wconf 66' lang='lat' dir='ltr'><strong>quae</strong></span> <span class='ocrx_word' id='word_1_627' title='bbox 1865 4907 2050 4964; x_wconf 88' lang='lat' dir='ltr'><strong>distri-</strong></span> 
     </span>
    </p>
   </div>
   <div class='ocr_carea' id='block_1_87' title="bbox 464 5001 2048 5071">
    <p class='ocr_par' dir='ltr' id='par_1_87' title="bbox 464 5001 2048 5071">
     <span class='ocr_line' id='line_1_87' title="bbox 464 5001 2048 5071; baseline -0.003 -13"><span class='ocrx_word' id='word_1_628' title='bbox 464 5005 708 5059; x_wconf 89' lang='lat' dir='ltr'><strong>buuntur</strong></span> <span class='ocrx_word' id='word_1_629' title='bbox 733 5018 858 5056; x_wconf 83' lang='lat' dir='ltr'><strong>cum</strong></span> <span class='ocrx_word' id='word_1_630' title='bbox 892 5002 959 5058; x_wconf 89' lang='lat' dir='ltr'><strong>iis</strong></span> <span class='ocrx_word' id='word_1_631' title='bbox 987 5002 1186 5071; x_wconf 90' lang='lat' dir='ltr'><strong>quibus</strong></span> <span class='ocrx_word' id='word_1_632' title='bbox 1215 5011 1343 5056; x_wconf 91' lang='lat' dir='ltr'><strong>sunt</strong></span> <span class='ocrx_word' id='word_1_633' title='bbox 1377 5001 1694 5066; x_wconf 57' lang='lat' dir='ltr'><strong>distributa,</strong></span> <span class='ocrx_word' id='word_1_634' title='bbox 1757 5001 2048 5069; x_wconf 77' lang='lat' dir='ltr'><strong>quamdam</strong></span> 
     </span>
    </p>
   </div>
   <div class='ocr_carea' id='block_1_88' title="bbox 465 5096 2049 5166">
    <p class='ocr_par' dir='ltr' id='par_1_88' title="bbox 465 5096 2049 5166">
     <span class='ocr_line' id='line_1_88' title="bbox 465 5096 2049 5166; baseline -0.004 -14"><span class='ocrx_word' id='word_1_635' title='bbox 465 5097 668 5152; x_wconf 84' lang='lat' dir='ltr'><strong>habere</strong></span> <span class='ocrx_word' id='word_1_636' title='bbox 702 5096 1136 5166; x_wconf 83' lang='lat' dir='ltr'><strong>prOportionem,</strong></span> <span class='ocrx_word' id='word_1_637' title='bbox 1173 5097 1217 5152; x_wconf 92' lang='lat' dir='ltr'><strong>si</strong></span> <span class='ocrx_word' id='word_1_638' title='bbox 1277 5096 1538 5149; x_wconf 90' lang='lat' dir='ltr'><strong>nimirum</strong></span> <span class='ocrx_word' id='word_1_639' title='bbox 1595 5096 1908 5151; x_wconf 86' lang='lat' dir='ltr'><strong>distributio</strong></span> <span class='ocrx_word' id='word_1_640' title='bbox 1958 5096 2049 5149; x_wconf 92' lang='lat' dir='ltr'><strong>illa</strong></span> 
     </span>
    </p>
   </div>
   <div class='ocr_carea' id='block_1_89' title="bbox 460 5187 2048 5258">
    <p class='ocr_par' dir='ltr' id='par_1_89' title="bbox 460 5187 2048 5258">
     <span class='ocr_line' id='line_1_89' title="bbox 460 5187 2048 5258; baseline 0 -19"><span class='ocrx_word' id='word_1_641' title='bbox 460 5187 614 5258; x_wconf 82' lang='lat' dir='ltr'><strong>juxta</strong></span> <span class='ocrx_word' id='word_1_642' title='bbox 645 5189 840 5244; x_wconf 82' lang='lat' dir='ltr'><strong>debeat</strong></span> <span class='ocrx_word' id='word_1_643' title='bbox 889 5188 1150 5258; x_wconf 88' lang='lat' dir='ltr'><strong>judicari,</strong></span> <span class='ocrx_word' id='word_1_644' title='bbox 1204 5187 1667 5257; x_wconf 86' lang='lat' dir='ltr'><strong>quemadmodum</strong></span> <span class='ocrx_word' id='word_1_645' title='bbox 1728 5188 1844 5256; x_wconf 90' lang='lat' dir='ltr'><strong>ipse</strong></span> <span class='ocrx_word' id='word_1_646' title='bbox 1884 5188 2048 5240; x_wconf 85' lang='lat' dir='ltr'><strong>etiam</strong></span> 
     </span>
    </p>
   </div>
   <div class='ocr_carea' id='block_1_90' title="bbox 463 5279 2048 5350">
    <p class='ocr_par' dir='ltr' id='par_1_90' title="bbox 463 5279 2048 5350">
     <span class='ocr_line' id='line_1_90' title="bbox 463 5279 2048 5350; baseline -0.002 -16"><span class='ocrx_word' id='word_1_647' title='bbox 463 5282 785 5336; x_wconf 41' lang='lat' dir='ltr'><strong>Aristotelis</strong></span> <span class='ocrx_word' id='word_1_648' title='bbox 823 5283 875 5336; x_wconf 91' lang='lat' dir='ltr'><strong>iu</strong></span> <span class='ocrx_word' id='word_1_649' title='bbox 913 5283 1054 5335; x_wconf 90' lang='lat' dir='ltr'><strong>libro</strong></span> <span class='ocrx_word' id='word_1_650' title='bbox 1079 5297 1180 5336; x_wconf 84' lang='lat' dir='ltr'><strong>suo</strong></span> <span class='ocrx_word' id='word_1_651' title='bbox 1205 5281 1272 5334; x_wconf 87' lang='lat' dir='ltr'><strong>dc</strong></span> <span class='ocrx_word' id='word_1_652' title='bbox 1301 5280 1515 5350; x_wconf 86' lang='lat' dir='ltr'><strong>justitia</strong></span> <span class='ocrx_word' id='word_1_653' title='bbox 1539 5279 1814 5337; x_wconf 80' lang='lat' dir='ltr'><strong>admonet.</strong></span> <span class='ocrx_word' id='word_1_654' title='bbox 1882 5279 2048 5348; x_wconf 84' lang='lat' dir='ltr'><strong>Atqui</strong></span> 
     </span>
    </p>
   </div>
   <div class='ocr_carea' id='block_1_91' title="bbox 465 5372 2048 5443">
    <p class='ocr_par' dir='ltr' id='par_1_91' title="bbox 465 5372 2048 5443">
     <span class='ocr_line' id='line_1_91' title="bbox 465 5372 2048 5443; baseline -0.003 -16"><span class='ocrx_word' id='word_1_655' title='bbox 465 5375 608 5443; x_wconf 83' lang='lat' dir='ltr'><strong>apud</strong></span> <span class='ocrx_word' id='word_1_656' title='bbox 646 5375 820 5441; x_wconf 85' lang='lat' dir='ltr'><strong>ipsum</strong></span> <span class='ocrx_word' id='word_1_657' title='bbox 862 5388 1054 5428; x_wconf 89' lang='lat' dir='ltr'><strong>omnes</strong></span> <span class='ocrx_word' id='word_1_658' title='bbox 1105 5373 1228 5428; x_wconf 70' lang='lat' dir='ltr'><strong>cmli</strong></span> <span class='ocrx_word' id='word_1_659' title='bbox 1286 5375 1452 5426; x_wconf 84' lang='lat' dir='ltr'><strong>orbes</strong></span> <span class='ocrx_word' id='word_1_660' title='bbox 1517 5373 1766 5427; x_wconf 85' lang='lat' dir='ltr'><strong>eamdem</strong></span> <span class='ocrx_word' id='word_1_661' title='bbox 1814 5372 2048 5426; x_wconf 89' lang='lat' dir='ltr'><strong>invicem</strong></span> 
     </span>
    </p>
   </div>
   <div class='ocr_carea' id='block_1_92' title="bbox 465 5465 2050 5534">
    <p class='ocr_par' dir='ltr' id='par_1_92' title="bbox 465 5465 2050 5534">
     <span class='ocr_line' id='line_1_92' title="bbox 465 5465 2050 5534; baseline 0 -16"><span class='ocrx_word' id='word_1_662' title='bbox 465 5467 1113 5522; x_wconf 82' lang='lat' dir='ltr'><strong>obtinentsubstantiam.</strong></span> <span class='ocrx_word' id='word_1_663' title='bbox 1169 5465 1374 5522; x_wconf 86' lang='lat' dir='ltr'><strong>Omnes</strong></span> <span class='ocrx_word' id='word_1_664' title='bbox 1423 5469 1572 5526; x_wconf 85' lang='lat' dir='ltr'><strong>enim</strong></span> <span class='ocrx_word' id='word_1_665' title='bbox 1626 5475 1756 5521; x_wconf 84' lang='lat' dir='ltr'><strong>suat</strong></span> <span class='ocrx_word' id='word_1_666' title='bbox 1817 5479 2050 5534; x_wconf 91' lang='lat' dir='ltr'><strong>corpora</strong></span> 
     </span>
    </p>
   </div>
   <div class='ocr_carea' id='block_1_93' title="bbox 464 5556 2051 5626">
    <p class='ocr_par' dir='ltr' id='par_1_93' title="bbox 464 5556 2051 5626">
     <span class='ocr_line' id='line_1_93' title="bbox 464 5556 2051 5626; baseline 0.001 -20"><span class='ocrx_word' id='word_1_667' title='bbox 464 5558 712 5626; x_wconf 63' lang='lat' dir='ltr'><strong>qumdam</strong></span> <span class='ocrx_word' id='word_1_668' title='bbox 750 5557 880 5612; x_wconf 92' lang='lat' dir='ltr'><strong>nulli</strong></span> <span class='ocrx_word' id='word_1_669' title='bbox 938 5557 1186 5626; x_wconf 84' lang='lat' dir='ltr'><strong>subjecta</strong></span> <span class='ocrx_word' id='word_1_670' title='bbox 1235 5557 1600 5626; x_wconf 85' lang='lat' dir='ltr'><strong>corruptiooi,</strong></span> <span class='ocrx_word' id='word_1_671' title='bbox 1653 5572 1719 5611; x_wconf 80' lang='lat' dir='ltr'><strong>ex</strong></span> <span class='ocrx_word' id='word_1_672' title='bbox 1781 5556 2051 5610; x_wconf 84' lang='lat' dir='ltr'><strong>sententia</strong></span> 
     </span>
    </p>
   </div>
   <div class='ocr_carea' id='block_1_94' title="bbox 467 5648 2050 5719">
    <p class='ocr_par' dir='ltr' id='par_1_94' title="bbox 467 5648 2050 5719">
     <span class='ocr_line' id='line_1_94' title="bbox 467 5648 2050 5719; baseline 0.001 -19"><span class='ocrx_word' id='word_1_673' title='bbox 467 5650 803 5713; x_wconf 68' lang='lat' dir='ltr'><strong>Aristotelis,</strong></span> <span class='ocrx_word' id='word_1_674' title='bbox 870 5649 1140 5719; x_wconf 84' lang='lat' dir='ltr'><strong>iidemque</strong></span> <span class='ocrx_word' id='word_1_675' title='bbox 1186 5649 1499 5717; x_wconf 86' lang='lat' dir='ltr'><strong>sempiterni</strong></span> <span class='ocrx_word' id='word_1_676' title='bbox 1553 5657 1662 5702; x_wconf 88' lang='lat' dir='ltr'><strong>tam</strong></span> <span class='ocrx_word' id='word_1_677' title='bbox 1737 5648 1837 5717; x_wconf 87' lang='lat' dir='ltr'><strong>ipsi</strong></span> <span class='ocrx_word' id='word_1_678' title='bbox 1887 5663 2050 5716; x_wconf 86' lang='lat' dir='ltr'><strong>quam</strong></span> 
     </span>
    </p>
   </div>
   <div class='ocr_carea' id='block_1_95' title="bbox 447 5740 2050 5810">
    <p class='ocr_par' dir='ltr' id='par_1_95' title="bbox 447 5740 2050 5810">
     <span class='ocr_line' id='line_1_95' title="bbox 447 5740 2050 5810; baseline 0.001 -17"><span class='ocrx_word' id='word_1_679' title='bbox 447 5749 650 5796; x_wconf 87' lang='lat' dir='ltr'><strong>.motus</strong></span> <span class='ocrx_word' id='word_1_680' title='bbox 676 5742 938 5810; x_wconf 82' lang='lat' dir='ltr'><strong>ipsorum.</strong></span> <span class='ocrx_word' id='word_1_681' title='bbox 974 5741 1112 5795; x_wconf 90' lang='lat' dir='ltr'><strong>lliuc</strong></span> <span class='ocrx_word' id='word_1_682' title='bbox 1161 5742 1345 5810; x_wconf 85' lang='lat' dir='ltr'><strong>itaque</strong></span> <span class='ocrx_word' id='word_1_683' title='bbox 1396 5741 1712 5796; x_wconf 87' lang='lat' dir='ltr'><strong>necessario</strong></span> <span class='ocrx_word' id='word_1_684' title='bbox 1783 5740 2050 5808; x_wconf 89' lang='lat' dir='ltr'><strong>sequitur,</strong></span> 
     </span>
    </p>
   </div>
   <div class='ocr_carea' id='block_1_96' title="bbox 477 5828 2050 5902">
    <p class='ocr_par' dir='ltr' id='par_1_96' title="bbox 477 5828 2050 5902">
     <span class='ocr_line' id='line_1_96' title="bbox 477 5828 2050 5902; baseline 0.008 -25"><span class='ocrx_word' id='word_1_685' title='bbox 477 5828 638 5884; x_wconf 79' lang='lat' dir='ltr'><strong>etiam</strong></span> <span class='ocrx_word' id='word_1_686' title='bbox 675 5843 884 5887; x_wconf 86' lang='lat' dir='ltr'><strong>mcntcs</strong></span> <span class='ocrx_word' id='word_1_687' title='bbox 917 5832 1038 5886; x_wconf 85' lang='lat' dir='ltr'><strong>illas</strong></span> <span class='ocrx_word' id='word_1_688' title='bbox 1072 5839 1354 5901; x_wconf 77' lang='lat' dir='ltr'><strong>separatas</strong></span> <span class='ocrx_word' id='word_1_689' title='bbox 1382 5832 1524 5887; x_wconf 85' lang='lat' dir='ltr'><strong>inter</strong></span> <span class='ocrx_word' id='word_1_690' title='bbox 1567 5848 1700 5902; x_wconf 82' lang='lat' dir='ltr'><strong>quas</strong></span> <span class='ocrx_word' id='word_1_691' title='bbox 1769 5832 1930 5889; x_wconf 79' lang='lat' dir='ltr'><strong>orbes</strong></span> <span class='ocrx_word' id='word_1_692' title='bbox 1975 5834 2050 5889; x_wconf 88' lang='lat' dir='ltr'><strong>illi</strong></span> 
     </span>
    </p>
   </div>
   <div class='ocr_carea' id='block_1_97' title="bbox 2781 3987 3126 4044">
    <p class='ocr_par' dir='ltr' id='par_1_97' title="bbox 2781 3987 3126 4044">
     <span class='ocr_line' id='line_1_97' title="bbox 2781 3987 3126 4044; baseline 0.003 -2"><span class='ocrx_word' id='word_1_693' title='bbox 2781 3987 3012 4042; x_wconf 78' lang='grc' dir='ltr'><strong>ΚΕΦΑΛ</strong></span> <span class='ocrx_word' id='word_1_694' title='bbox 3047 3988 3126 4044; x_wconf 87' lang='lat' dir='ltr'><strong>B’.</strong></span> 
     </span>
    </p>
   </div>
   <div class='ocr_carea' id='block_1_98' title="bbox 2235 4080 3744 4150">
    <p class='ocr_par' dir='ltr' id='par_1_98' title="bbox 2235 4080 3744 4150">
     <span class='ocr_line' id='line_1_98' title="bbox 2235 4080 3744 4150; baseline 0.002 -16"><span class='ocrx_word' id='word_1_695' title='bbox 2235 4080 2434 4136; x_wconf 85' lang='grc' dir='ltr'>Ἔτιδέ</span> <span class='ocrx_word' id='word_1_696' title='bbox 2459 4080 2684 4134; x_wconf 76' lang='grc' dir='ltr'>κάκεῖνο</span> <span class='ocrx_word' id='word_1_697' title='bbox 2714 4080 2918 4135; x_wconf 75' lang='grc' dir='ltr'>ἄτοπον</span> <span class='ocrx_word' id='word_1_698' title='bbox 2969 4081 3353 4150; x_wconf 77' lang='grc' dir='ltr'>Ἀριστοτέλης</span> <span class='ocrx_word' id='word_1_699' title='bbox 3384 4082 3442 4145; x_wconf 83' lang='grc' dir='ltr'><strong>ἐς</strong></span> <span class='ocrx_word' id='word_1_700' title='bbox 3485 4082 3577 4134; x_wconf 76' lang='grc' dir='ltr'>τὸν</span> <span class='ocrx_word' id='word_1_701' title='bbox 3607 4081 3744 4137; x_wconf 82' lang='grc' dir='ltr'>Θεδν</span> 
     </span>
    </p>
   </div>
   <div class='ocr_carea' id='block_1_99' title="bbox 2153 4173 3742 4246">
    <p class='ocr_par' dir='ltr' id='par_1_99' title="bbox 2153 4173 3742 4246">
     <span class='ocr_line' id='line_1_99' title="bbox 2153 4173 3742 4246; baseline 0.001 -20"><span class='ocrx_word' id='word_1_702' title='bbox 2153 4175 2348 4228; x_wconf 81' lang='grc' dir='ltr'>τοῦτον</span> <span class='ocrx_word' id='word_1_703' title='bbox 2380 4174 2903 4246; x_wconf 82' lang='grc' dir='ltr'>πεπραγμάτευται.</span> <span class='ocrx_word' id='word_1_704' title='bbox 2933 4173 3214 4244; x_wconf 87' lang='grc' dir='ltr'>Διανέμων</span> <span class='ocrx_word' id='word_1_705' title='bbox 3237 4173 3346 4242; x_wconf 83' lang='grc' dir='ltr'><strong>γὰρ</strong></span> <span class='ocrx_word' id='word_1_706' title='bbox 3375 4174 3475 4237; x_wconf 84' lang='grc' dir='ltr'><strong>τὰς</strong></span> <span class='ocrx_word' id='word_1_707' title='bbox 3507 4175 3742 4244; x_wconf 76' lang='grc' dir='ltr'>σφαίρας</span> 
     </span>
    </p>
   </div>
   <div class='ocr_carea' id='block_1_100' title="bbox 2157 4265 3739 4338">
    <p class='ocr_par' dir='ltr' id='par_1_100' title="bbox 2157 4265 3739 4338">
     <span class='ocr_line' id='line_1_100' title="bbox 2157 4265 3739 4338; baseline -0.001 -18"><span class='ocrx_word' id='word_1_708' title='bbox 2157 4267 2254 4320; x_wconf 75' lang='grc' dir='ltr'>καὶ</span> <span class='ocrx_word' id='word_1_709' title='bbox 2285 4266 2534 4338; x_wconf 77' lang='grc' dir='ltr'>κινήσεις</span> <span class='ocrx_word' id='word_1_710' title='bbox 2563 4265 2745 4319; x_wconf 88' lang='grc' dir='ltr'>αὐτῶν</span> <span class='ocrx_word' id='word_1_711' title='bbox 2769 4267 2882 4328; x_wconf 88' lang='grc' dir='ltr'>τοῖς</span> <span class='ocrx_word' id='word_1_712' title='bbox 2912 4267 3201 4336; x_wconf 85' lang='grc' dir='ltr'>χωριστοῖς</span> <span class='ocrx_word' id='word_1_713' title='bbox 3231 4266 3344 4328; x_wconf 86' lang='grc' dir='ltr'>νοῖς</span> <span class='ocrx_word' id='word_1_714' title='bbox 3371 4266 3465 4318; x_wconf 85' lang='grc' dir='ltr'>καὶ</span> <span class='ocrx_word' id='word_1_715' title='bbox 3505 4266 3739 4331; x_wconf 80' lang='grc' dir='ltr'>οὐσίαις,</span> 
     </span>
    </p>
   </div>
   <div class='ocr_carea' id='block_1_101' title="bbox 2159 4357 3740 4430">
    <p class='ocr_par' dir='ltr' id='par_1_101' title="bbox 2159 4357 3740 4430">
     <span class='ocr_line' id='line_1_101' title="bbox 2159 4357 3740 4430; baseline 0.001 -19"><span class='ocrx_word' id='word_1_716' title='bbox 2159 4359 2292 4430; x_wconf 83' lang='grc' dir='ltr'>μίαν</span> <span class='ocrx_word' id='word_1_717' title='bbox 2351 4358 2448 4412; x_wconf 80' lang='grc' dir='ltr'>καὶ</span> <span class='ocrx_word' id='word_1_718' title='bbox 2493 4358 2571 4428; x_wconf 82' lang='grc' dir='ltr'>τῷ</span> <span class='ocrx_word' id='word_1_719' title='bbox 2607 4358 2728 4429; x_wconf 88' lang='grc' dir='ltr'><strong>Θεῷ</strong></span> <span class='ocrx_word' id='word_1_720' title='bbox 2778 4357 2956 4430; x_wconf 84' lang='grc' dir='ltr'>τούτῳ</span> <span class='ocrx_word' id='word_1_721' title='bbox 3004 4358 3237 4427; x_wconf 85' lang='grc' dir='ltr'>σφαῖράν</span> <span class='ocrx_word' id='word_1_722' title='bbox 3277 4375 3337 4411; x_wconf 84' lang='grc' dir='ltr'><strong>τε</strong></span> <span class='ocrx_word' id='word_1_723' title='bbox 3392 4361 3490 4413; x_wconf 81' lang='grc' dir='ltr'>καὶ</span> <span class='ocrx_word' id='word_1_724' title='bbox 3528 4359 3740 4430; x_wconf 84' lang='grc' dir='ltr'>κίνησιν</span> 
     </span>
    </p>
   </div>
   <div class='ocr_carea' id='block_1_102' title="bbox 2154 4448 3741 4519">
    <p class='ocr_par' dir='ltr' id='par_1_102' title="bbox 2154 4448 3741 4519">
     <span class='ocr_line' id='line_1_102' title="bbox 2154 4448 3741 4519; baseline -0.001 -15"><span class='ocrx_word' id='word_1_725' title='bbox 2154 4449 2424 4516; x_wconf 81' lang='grc' dir='ltr'>ἀπονέμει</span> <span class='ocrx_word' id='word_1_726' title='bbox 2453 4449 2844 4518; x_wconf 80' lang='grc' dir='ltr'>ἀντιμέριστον</span> <span class='ocrx_word' id='word_1_727' title='bbox 2869 4448 3035 4502; x_wconf 79' lang='grc' dir='ltr'>αὐτὸν</span> <span class='ocrx_word' id='word_1_728' title='bbox 3063 4450 3176 4512; x_wconf 83' lang='grc' dir='ltr'>τοῖς</span> <span class='ocrx_word' id='word_1_729' title='bbox 3221 4448 3342 4519; x_wconf 85' lang='grc' dir='ltr'>μετ’</span> <span class='ocrx_word' id='word_1_730' title='bbox 3376 4450 3543 4503; x_wconf 63' lang='grc' dir='ltr'>αὐτὸν</span> <span class='ocrx_word' id='word_1_731' title='bbox 3573 4450 3741 4503; x_wconf 84' lang='grc' dir='ltr'>ποιῶν</span> 
     </span>
    </p>
   </div>
   <div class='ocr_carea' id='block_1_103' title="bbox 2155 4538 3740 4609">
    <p class='ocr_par' dir='ltr' id='par_1_103' title="bbox 2155 4538 3740 4609">
     <span class='ocr_line' id='line_1_103' title="bbox 2155 4538 3740 4609; baseline 0.002 -17"><span class='ocrx_word' id='word_1_732' title='bbox 2155 4543 2285 4602; x_wconf 83' lang='grc' dir='ltr'>νοῖς.</span> <span class='ocrx_word' id='word_1_733' title='bbox 2323 4538 2495 4593; x_wconf 79' lang='grc' dir='ltr'>Τοῦτο</span> <span class='ocrx_word' id='word_1_734' title='bbox 2533 4539 2581 4592; x_wconf 79' lang='grc' dir='ltr'>δ’</span> <span class='ocrx_word' id='word_1_735' title='bbox 2619 4540 2746 4593; x_wconf 85' lang='grc' dir='ltr'>ὅσον</span> <span class='ocrx_word' id='word_1_736' title='bbox 2783 4540 2897 4609; x_wconf 73' lang='grc' dir='ltr'>ἔχει</span> <span class='ocrx_word' id='word_1_737' title='bbox 2943 4539 3005 4592; x_wconf 78' lang='grc' dir='ltr'>τὸ</span> <span class='ocrx_word' id='word_1_738' title='bbox 3062 4539 3264 4593; x_wconf 78' lang='grc' dir='ltr'>ἄτοπον</span> <span class='ocrx_word' id='word_1_739' title='bbox 3305 4540 3513 4594; x_wconf 79' lang='grc' dir='ltr'>ἐνθένδε</span> <span class='ocrx_word' id='word_1_740' title='bbox 3546 4543 3611 4596; x_wconf 75' lang='grc' dir='ltr'>ἄν</span> <span class='ocrx_word' id='word_1_741' title='bbox 3655 4559 3740 4604; x_wconf 88' lang='grc' dir='ltr'><strong>τις</strong></span> 
     </span>
    </p>
   </div>
   <div class='ocr_carea' id='block_1_104' title="bbox 2157 4619 3740 4704">
    <p class='ocr_par' dir='ltr' id='par_1_104' title="bbox 2157 4619 3740 4704">
     <span class='ocr_line' id='line_1_104' title="bbox 2157 4619 3740 4704; baseline 0 -20"><span class='ocrx_word' id='word_1_742' title='bbox 2157 4631 2380 4686; x_wconf 84' lang='grc' dir='ltr'>συνίδοι.</span> <span class='ocrx_word' id='word_1_743' title='bbox 2417 4619 2709 4698; x_wconf 87' lang='grc' dir='ltr'>Ἀνάλογον</span> <span class='ocrx_word' id='word_1_744' title='bbox 2741 4631 2822 4684; x_wconf 88' lang='grc' dir='ltr'><strong>δεῖ</strong></span> <span class='ocrx_word' id='word_1_745' title='bbox 2846 4627 2927 4694; x_wconf 75' lang='grc' dir='ltr'>οἷς</span> <span class='ocrx_word' id='word_1_746' title='bbox 2951 4631 3268 4701; x_wconf 84' lang='grc' dir='ltr'>διανέμεται</span> <span class='ocrx_word' id='word_1_747' title='bbox 3297 4632 3443 4704; x_wconf 77' lang='grc' dir='ltr'>ἔχειν</span> <span class='ocrx_word' id='word_1_748' title='bbox 3469 4634 3536 4686; x_wconf 73' lang='grc' dir='ltr'>τὰ</span> <span class='ocrx_word' id='word_1_749' title='bbox 3562 4634 3740 4687; x_wconf 82' lang='grc' dir='ltr'>διανε-</span> 
     </span>
    </p>
   </div>
   <div class='ocr_carea' id='block_1_105' title="bbox 2155 4722 3738 4794">
    <p class='ocr_par' dir='ltr' id='par_1_105' title="bbox 2155 4722 3738 4794">
     <span class='ocr_line' id='line_1_105' title="bbox 2155 4722 3738 4794; baseline 0.003 -20"><span class='ocrx_word' id='word_1_750' title='bbox 2155 4724 2388 4792; x_wconf 77' lang='grc' dir='ltr'>μόμενα.</span> <span class='ocrx_word' id='word_1_751' title='bbox 2424 4724 2474 4777; x_wconf 77' lang='grc' dir='ltr'><strong>εί</strong></span> <span class='ocrx_word' id='word_1_752' title='bbox 2515 4723 2702 4793; x_wconf 83' lang='grc' dir='ltr'>μέλλει</span> <span class='ocrx_word' id='word_1_753' title='bbox 2737 4722 2922 4786; x_wconf 82' lang='grc' dir='ltr'>καλῶς</span> <span class='ocrx_word' id='word_1_754' title='bbox 2969 4724 3003 4794; x_wconf 79' lang='grc' dir='ltr'>ἦ</span> <span class='ocrx_word' id='word_1_755' title='bbox 3055 4739 3118 4791; x_wconf 90' lang='grc' dir='ltr'><strong>γε</strong></span> <span class='ocrx_word' id='word_1_756' title='bbox 3149 4723 3466 4793; x_wconf 82' lang='grc' dir='ltr'>διανέμησις</span> <span class='ocrx_word' id='word_1_757' title='bbox 3500 4725 3738 4792; x_wconf 77' lang='grc' dir='ltr'>ἔσεσθαι,</span> 
     </span>
    </p>
   </div>
   <div class='ocr_carea' id='block_1_106' title="bbox 2153 4808 3738 4891">
    <p class='ocr_par' dir='ltr' id='par_1_106' title="bbox 2153 4808 3738 4891">
     <span class='ocr_line' id='line_1_106' title="bbox 2153 4808 3738 4891; baseline 0.001 -23"><span class='ocrx_word' id='word_1_758' title='bbox 2153 4810 2186 4891; x_wconf 80' lang='grc' dir='ltr'>ᾖ</span> <span class='ocrx_word' id='word_1_759' title='bbox 2220 4816 2314 4868; x_wconf 74' lang='grc' dir='ltr'>καὶ</span> <span class='ocrx_word' id='word_1_760' title='bbox 2342 4815 2508 4880; x_wconf 80' lang='grc' dir='ltr'>αὐτὸς</span> <span class='ocrx_word' id='word_1_761' title='bbox 2553 4815 2942 4886; x_wconf 84' lang='grc' dir='ltr'>Ἀριστοτέλης</span> <span class='ocrx_word' id='word_1_762' title='bbox 2975 4817 3031 4868; x_wconf 86' lang='grc' dir='ltr'><strong>ἐν</strong></span> <span class='ocrx_word' id='word_1_763' title='bbox 3071 4818 3185 4878; x_wconf 85' lang='grc' dir='ltr'>τοῖς</span> <span class='ocrx_word' id='word_1_764' title='bbox 3215 4817 3344 4886; x_wconf 63' lang='grc' dir='ltr'>στερὶ</span> <span class='ocrx_word' id='word_1_765' title='bbox 3391 4808 3738 4887; x_wconf 82' lang='grc' dir='ltr'>δικαιοσύνης</span> 
     </span>
    </p>
   </div>
   <div class='ocr_carea' id='block_1_107' title="bbox 2151 4906 3740 4976">
    <p class='ocr_par' dir='ltr' id='par_1_107' title="bbox 2151 4906 3740 4976">
     <span class='ocr_line' id='line_1_107' title="bbox 2151 4906 3740 4976; baseline 0.003 -18"><span class='ocrx_word' id='word_1_766' title='bbox 2151 4907 2300 4972; x_wconf 78' lang='grc' dir='ltr'>ἀξιοῖ</span> <span class='ocrx_word' id='word_1_767' title='bbox 2349 4906 2536 4974; x_wconf 85' lang='grc' dir='ltr'>λόγοις</span> <span class='ocrx_word' id='word_1_768' title='bbox 2557 4922 2572 4939; x_wconf 77' lang='grc' dir='ltr'><strong>ο</strong></span> <span class='ocrx_word' id='word_1_769' title='bbox 2614 4907 2815 4960; x_wconf 82' lang='grc' dir='ltr'>οὐκοῦν</span> <span class='ocrx_word' id='word_1_770' title='bbox 2842 4907 3076 4960; x_wconf 70' lang='grc' dir='ltr'>ἐνταῦθα</span> <span class='ocrx_word' id='word_1_771' title='bbox 3111 4908 3173 4960; x_wconf 86' lang='grc' dir='ltr'><strong>αῖ</strong></span> <span class='ocrx_word' id='word_1_772' title='bbox 3200 4924 3264 4976; x_wconf 86' lang='grc' dir='ltr'><strong>γε</strong></span> <span class='ocrx_word' id='word_1_773' title='bbox 3309 4910 3538 4976; x_wconf 75' lang='grc' dir='ltr'>σφαῖραι</span> <span class='ocrx_word' id='word_1_774' title='bbox 3569 4910 3740 4962; x_wconf 74' lang='grc' dir='ltr'>πᾶσαι</span> 
     </span>
    </p>
   </div>
   <div class='ocr_carea' id='block_1_108' title="bbox 2152 4999 3735 5070">
    <p class='ocr_par' dir='ltr' id='par_1_108' title="bbox 2152 4999 3735 5070">
     <span class='ocr_line' id='line_1_108' title="bbox 2152 4999 3735 5070; baseline 0 -17"><span class='ocrx_word' id='word_1_775' title='bbox 2152 5001 2344 5062; x_wconf 80' lang='grc' dir='ltr'>οὐσίας</span> <span class='ocrx_word' id='word_1_776' title='bbox 2374 4999 2638 5069; x_wconf 72' lang='grc' dir='ltr'>ἀλλήλαις</span> <span class='ocrx_word' id='word_1_777' title='bbox 2669 5001 2769 5068; x_wconf 82' lang='grc' dir='ltr'>τῆς</span> <span class='ocrx_word' id='word_1_778' title='bbox 2803 5002 2996 5069; x_wconf 80' lang='grc' dir='ltr'>αὐτῆς.</span> <span class='ocrx_word' id='word_1_779' title='bbox 3029 4999 3266 5070; x_wconf 82' lang='grc' dir='ltr'>Σὼματά</span> <span class='ocrx_word' id='word_1_780' title='bbox 3295 5017 3353 5054; x_wconf 85' lang='grc' dir='ltr'><strong>τε</strong></span> <span class='ocrx_word' id='word_1_781' title='bbox 3385 5002 3494 5069; x_wconf 81' lang='grc' dir='ltr'>γὰρ</span> <span class='ocrx_word' id='word_1_782' title='bbox 3531 5002 3735 5056; x_wconf 77' lang='grc' dir='ltr'>ἀπασαι</span> 
     </span>
    </p>
   </div>
   <div class='ocr_carea' id='block_1_109' title="bbox 2154 5092 3738 5163">
    <p class='ocr_par' dir='ltr' id='par_1_109' title="bbox 2154 5092 3738 5163">
     <span class='ocr_line' id='line_1_109' title="bbox 2154 5092 3738 5163; baseline -0.003 -15"><span class='ocrx_word' id='word_1_783' title='bbox 2154 5093 2415 5160; x_wconf 69' lang='grc' dir='ltr'>ἄφθαρτα</span> <span class='ocrx_word' id='word_1_784' title='bbox 2451 5093 2637 5163; x_wconf 75' lang='grc' dir='ltr'>ἔχουσι</span> <span class='ocrx_word' id='word_1_785' title='bbox 2669 5092 2791 5146; x_wconf 83' lang='grc' dir='ltr'>κατ’</span> <span class='ocrx_word' id='word_1_786' title='bbox 2822 5093 2987 5146; x_wconf 79' lang='grc' dir='ltr'>αὐτὸν</span> <span class='ocrx_word' id='word_1_787' title='bbox 3026 5093 3396 5162; x_wconf 84' lang='grc' dir='ltr'>Ἀριστοτέλη,</span> <span class='ocrx_word' id='word_1_788' title='bbox 3436 5097 3530 5146; x_wconf 69' lang='grc' dir='ltr'>καὶ</span> <span class='ocrx_word' id='word_1_789' title='bbox 3573 5095 3738 5146; x_wconf 80' lang='grc' dir='ltr'>ἀΐδιοι</span> 
     </span>
    </p>
   </div>
   <div class='ocr_carea' id='block_1_110' title="bbox 2153 5185 3735 5257">
    <p class='ocr_par' dir='ltr' id='par_1_110' title="bbox 2153 5185 3735 5257">
     <span class='ocr_line' id='line_1_110' title="bbox 2153 5185 3735 5257; baseline -0.001 -19"><span class='ocrx_word' id='word_1_790' title='bbox 2153 5186 2314 5239; x_wconf 81' lang='grc' dir='ltr'>αὐταί</span> <span class='ocrx_word' id='word_1_791' title='bbox 2346 5203 2403 5238; x_wconf 88' lang='grc' dir='ltr'><strong>τε</strong></span> <span class='ocrx_word' id='word_1_792' title='bbox 2443 5187 2532 5239; x_wconf 73' lang='grc' dir='ltr'>καὶ</span> <span class='ocrx_word' id='word_1_793' title='bbox 2564 5185 2623 5238; x_wconf 75' lang='grc' dir='ltr'><strong>αἱ</strong></span> <span class='ocrx_word' id='word_1_794' title='bbox 2655 5186 2902 5257; x_wconf 82' lang='grc' dir='ltr'>κινήσεις</span> <span class='ocrx_word' id='word_1_795' title='bbox 2932 5185 3112 5238; x_wconf 84' lang='grc' dir='ltr'>αὐτῶν</span> <span class='ocrx_word' id='word_1_796' title='bbox 3133 5201 3146 5216; x_wconf 91' lang='grc'><strong>·</strong></span> <span class='ocrx_word' id='word_1_797' title='bbox 3177 5185 3374 5239; x_wconf 79' lang='grc' dir='ltr'>οὐκοῦν</span> <span class='ocrx_word' id='word_1_798' title='bbox 3401 5187 3613 5254; x_wconf 81' lang='grc' dir='ltr'>ἀνάγκη</span> <span class='ocrx_word' id='word_1_799' title='bbox 3645 5186 3735 5238; x_wconf 72' lang='grc' dir='ltr'>καὶ</span> 
     </span>
    </p>
   </div>
   <div class='ocr_carea' id='block_1_111' title="bbox 2153 5271 3734 5346">
    <p class='ocr_par' dir='ltr' id='par_1_111' title="bbox 2153 5271 3734 5346">
     <span class='ocr_line' id='line_1_111' title="bbox 2153 5271 3734 5346; baseline -0.001 -16"><span class='ocrx_word' id='word_1_800' title='bbox 2153 5279 2282 5341; x_wconf 85' lang='grc' dir='ltr'><strong>τούς</strong></span> <span class='ocrx_word' id='word_1_801' title='bbox 2337 5276 2934 5346; x_wconf 62' lang='grc' dir='ltr'>χωριστούςέκείνους</span> <span class='ocrx_word' id='word_1_802' title='bbox 2984 5274 3110 5336; x_wconf 81' lang='grc' dir='ltr'>νοῦς</span> <span class='ocrx_word' id='word_1_803' title='bbox 3173 5271 3256 5340; x_wconf 78' lang='grc' dir='ltr'><strong>οἷς</strong></span> <span class='ocrx_word' id='word_1_804' title='bbox 3307 5278 3364 5330; x_wconf 74' lang='grc' dir='ltr'>αἱ</span> <span class='ocrx_word' id='word_1_805' title='bbox 3410 5277 3639 5346; x_wconf 83' lang='grc' dir='ltr'>σφαῖραί</span> <span class='ocrx_word' id='word_1_806' title='bbox 3671 5292 3734 5344; x_wconf 85' lang='grc' dir='ltr'><strong>γε</strong></span> 
     </span>
    </p>
   </div>
   <div class='ocr_carea' id='block_1_112' title="bbox 2154 5362 3736 5438">
    <p class='ocr_par' dir='ltr' id='par_1_112' title="bbox 2154 5362 3736 5438">
     <span class='ocr_line' id='line_1_112' title="bbox 2154 5362 3736 5438; baseline -0.001 -16"><span class='ocrx_word' id='word_1_807' title='bbox 2154 5362 2315 5422; x_wconf 69' lang='grc' dir='ltr'>αὗται</span> <span class='ocrx_word' id='word_1_808' title='bbox 2345 5368 2786 5438; x_wconf 79' lang='grc' dir='ltr'>διανενέμηνται,</span> <span class='ocrx_word' id='word_1_809' title='bbox 2833 5368 2933 5436; x_wconf 81' lang='grc' dir='ltr'>τῆς</span> <span class='ocrx_word' id='word_1_810' title='bbox 2971 5367 3141 5437; x_wconf 79' lang='grc' dir='ltr'>αὐτῆς</span> <span class='ocrx_word' id='word_1_811' title='bbox 3169 5385 3230 5420; x_wconf 83' lang='grc' dir='ltr'><strong>τε</strong></span> <span class='ocrx_word' id='word_1_812' title='bbox 3269 5369 3459 5430; x_wconf 80' lang='grc' dir='ltr'>οὐσίας</span> <span class='ocrx_word' id='word_1_813' title='bbox 3489 5369 3736 5430; x_wconf 78' lang='grc' dir='ltr'>ἅπαντας</span> 
     </span>
    </p>
   </div>
   <div class='ocr_carea' id='block_1_113' title="bbox 2155 5458 3736 5533">
    <p class='ocr_par' dir='ltr' id='par_1_113' title="bbox 2155 5458 3736 5533">
     <span class='ocr_line' id='line_1_113' title="bbox 2155 5458 3736 5533; baseline -0.001 -17"><span class='ocrx_word' id='word_1_814' title='bbox 2155 5458 2298 5516; x_wconf 86' lang='grc' dir='ltr'>εἷναι</span> <span class='ocrx_word' id='word_1_815' title='bbox 2323 5462 2603 5533; x_wconf 75' lang='grc' dir='ltr'>ἀλλήλοις,</span> <span class='ocrx_word' id='word_1_816' title='bbox 2638 5461 2734 5514; x_wconf 79' lang='grc' dir='ltr'>καὶ</span> <span class='ocrx_word' id='word_1_817' title='bbox 2763 5461 2952 5514; x_wconf 85' lang='grc' dir='ltr'>οὐδένα</span> <span class='ocrx_word' id='word_1_818' title='bbox 2981 5476 3044 5529; x_wconf 88' lang='grc' dir='ltr'><strong>γε</strong></span> <span class='ocrx_word' id='word_1_819' title='bbox 3075 5459 3256 5514; x_wconf 84' lang='grc' dir='ltr'>αὐτῶν</span> <span class='ocrx_word' id='word_1_820' title='bbox 3285 5463 3399 5524; x_wconf 89' lang='grc' dir='ltr'>τοῖς</span> <span class='ocrx_word' id='word_1_821' title='bbox 3430 5459 3610 5524; x_wconf 78' lang='grc' dir='ltr'>ἄλλοις</span> <span class='ocrx_word' id='word_1_822' title='bbox 3635 5461 3736 5514; x_wconf 72' lang='grc' dir='ltr'><strong>οὐκ</strong></span> 
     </span>
    </p>
   </div>
   <div class='ocr_carea' id='block_1_114' title="bbox 2154 5551 3734 5624">
    <p class='ocr_par' dir='ltr' id='par_1_114' title="bbox 2154 5551 3734 5624">
     <span class='ocr_line' id='line_1_114' title="bbox 2154 5551 3734 5624; baseline -0.001 -17"><span class='ocrx_word' id='word_1_823' title='bbox 2154 5553 2474 5624; x_wconf 77' lang='grc' dir='ltr'>ἐνάριθμον,</span> <span class='ocrx_word' id='word_1_824' title='bbox 2530 5551 2667 5606; x_wconf 82' lang='grc' dir='ltr'>ἀλλὰ</span> <span class='ocrx_word' id='word_1_825' title='bbox 2713 5551 2972 5605; x_wconf 76' lang='grc' dir='ltr'>τοσοῦτον</span> <span class='ocrx_word' id='word_1_826' title='bbox 3028 5552 3192 5621; x_wconf 79' lang='grc' dir='ltr'>μόνον</span> <span class='ocrx_word' id='word_1_827' title='bbox 3255 5553 3594 5624; x_wconf 83' lang='grc' dir='ltr'>ὑπερέχοντα</span> <span class='ocrx_word' id='word_1_828' title='bbox 3642 5552 3734 5605; x_wconf 76' lang='grc' dir='ltr'><strong>τὸν</strong></span> 
     </span>
    </p>
   </div>
   <div class='ocr_carea' id='block_1_115' title="bbox 2157 5645 3733 5716">
    <p class='ocr_par' dir='ltr' id='par_1_115' title="bbox 2157 5645 3733 5716">
     <span class='ocr_line' id='line_1_115' title="bbox 2157 5645 3733 5716; baseline -0.004 -16"><span class='ocrx_word' id='word_1_829' title='bbox 2157 5645 2534 5716; x_wconf 78' lang='grc' dir='ltr'>πρεσϐύτατον</span> <span class='ocrx_word' id='word_1_830' title='bbox 2572 5646 2778 5710; x_wconf 89' lang='grc' dir='ltr'>αὐτῶν,</span> <span class='ocrx_word' id='word_1_831' title='bbox 2825 5645 2952 5698; x_wconf 83' lang='grc' dir='ltr'>ὅσον</span> <span class='ocrx_word' id='word_1_832' title='bbox 2998 5645 3032 5716; x_wconf 79' lang='grc' dir='ltr'><strong>ἠ</strong></span> <span class='ocrx_word' id='word_1_833' title='bbox 3073 5645 3534 5716; x_wconf 80' lang='grc' dir='ltr'>ἀπονενεμημένη</span> <span class='ocrx_word' id='word_1_834' title='bbox 3583 5645 3733 5715; x_wconf 79' lang='grc' dir='ltr'><strong>αὐτῷ</strong></span> 
     </span>
    </p>
   </div>
   <div class='ocr_carea' id='block_1_116' title="bbox 2157 5736 3734 5807">
    <p class='ocr_par' dir='ltr' id='par_1_116' title="bbox 2157 5736 3734 5807">
     <span class='ocr_line' id='line_1_116' title="bbox 2157 5736 3734 5807; baseline 0 -16"><span class='ocrx_word' id='word_1_835' title='bbox 2157 5741 2360 5807; x_wconf 72' lang='grc' dir='ltr'>σφαῖρα</span> <span class='ocrx_word' id='word_1_836' title='bbox 2399 5737 2508 5792; x_wconf 86' lang='grc' dir='ltr'><strong>τῶν</strong></span> <span class='ocrx_word' id='word_1_837' title='bbox 2553 5737 2758 5792; x_wconf 85' lang='grc' dir='ltr'>λοιπῶν</span> <span class='ocrx_word' id='word_1_838' title='bbox 2791 5738 3060 5807; x_wconf 82' lang='grc' dir='ltr'>σφαιρῶν.</span> <span class='ocrx_word' id='word_1_839' title='bbox 3111 5737 3262 5806; x_wconf 79' lang='grc' dir='ltr'>Αὕτη</span> <span class='ocrx_word' id='word_1_840' title='bbox 3293 5737 3337 5790; x_wconf 86' lang='grc' dir='ltr'>δ’</span> <span class='ocrx_word' id='word_1_841' title='bbox 3365 5739 3445 5790; x_wconf 85' lang='grc' dir='ltr'>ὅτι</span> <span class='ocrx_word' id='word_1_842' title='bbox 3475 5738 3575 5791; x_wconf 85' lang='grc' dir='ltr'><strong>οὐκ</strong></span> <span class='ocrx_word' id='word_1_843' title='bbox 3608 5736 3734 5803; x_wconf 71' lang='grc' dir='ltr'><strong>ἀξια</strong></span> 
     </span>
    </p>
   </div>
   <div class='ocr_carea' id='block_1_117' title="bbox 2155 5829 3728 5904">
    <p class='ocr_par' dir='ltr' id='par_1_117' title="bbox 2155 5829 3728 5904">
     <span class='ocr_line' id='line_1_117' title="bbox 2155 5829 3728 5904; baseline -0.002 -18"><span class='ocrx_word' id='word_1_844' title='bbox 2155 5833 2248 5886; x_wconf 75' lang='grc' dir='ltr'>τοῦ</span> <span class='ocrx_word' id='word_1_845' title='bbox 2284 5831 2420 5887; x_wconf 77' lang='grc' dir='ltr'>Θεοῦ</span> <span class='ocrx_word' id='word_1_846' title='bbox 2458 5832 2650 5886; x_wconf 84' lang='grc' dir='ltr'>τούτου</span> <span class='ocrx_word' id='word_1_847' title='bbox 2697 5830 2845 5886; x_wconf 73' lang='grc' dir='ltr'>ἐστὶν</span> <span class='ocrx_word' id='word_1_848' title='bbox 2890 5830 3156 5904; x_wconf 80' lang='grc' dir='ltr'>ὑπεροχὴ,</span> <span class='ocrx_word' id='word_1_849' title='bbox 3200 5831 3377 5885; x_wconf 71' lang='grc' dir='ltr'>οὐδενὶ</span> <span class='ocrx_word' id='word_1_850' title='bbox 3407 5831 3514 5902; x_wconf 81' lang='grc' dir='ltr'><strong>ὅτῳ</strong></span> <span class='ocrx_word' id='word_1_851' title='bbox 3549 5831 3609 5884; x_wconf 82' lang='grc' dir='ltr'><strong>οὐ</strong></span> <span class='ocrx_word' id='word_1_852' title='bbox 3636 5829 3728 5897; x_wconf 81' lang='grc' dir='ltr'><strong>δῆ-</strong></span> 
     </span>
    </p>
   </div>
  </div>
