4078 6432
471 381 600 445 895

1725 379 2053 442 GEORGII
2092 379 2528 442 PLETHO‘NIS

3668 383 3786 449 896

472 501 740 555 rationem
797 496 1040 566 habebit,
1104 497 1320 568 illisque
1385 495 1736 567 prmﬁcietur,
1789 512 1911 568 quae
1953 493 2056 552 sub

2176 510 2286 556 »ους
2317 495 2500 560 γένεσι
2533 492 2853 562 συμϐαίνει,
2890 491 3050 547 τοῦτο
3076 493 3171 547 καὶ
3211 493 3288 561 τῷ
3317 493 3583 565 ἀνωτάτῳ
3615 497 3787 566 γένει

473 591 598 660 ipso
624 590 1000 651 continentur,
1023 590 1175 645 nulla
1229 590 1444 645 interim
1478 606 1737 645 concessa
1779 589 2058 659 aequivoea

475 685 717 740 nominis
747 685 1160 738 communione.
1211 684 1276 738 At
1315 683 1359 738 si
1388 683 1535 753 quis,
1595 682 2063 753 inquitAristote-

473 776 575 840 les,
611 776 715 830 hoc
765 782 1050 830 convertat
1078 784 1133 830 et
1164 774 1436 829 rationale
1485 790 1594 830 non
1630 774 1777 829 dicat
1806 774 2062 829 animalis

473 883 595 923 esse
635 865 996 922 diderentiam
1027 867 1120 921 sed
1165 867 1607 933 rationalitatem,
1642 876 1700 922 ut
1728 881 1790 921 ex
1819 867 1924 921 hoc
1964 881 2063 933 ap-

474 965 664 1029 pareat
714 972 874 1012 usum
933 955 1373 1010 dill'erentiarum
1430 956 1591 1011 talem
1637 961 2062 1023 esseoportere,

477 1061 590 1100 tum
619 1047 686 1102 de
720 1045 1089 1101 ratiOnalitate
1117 1045 1342 1107 animal,
1373 1060 1552 1115 neque
1582 1044 1727 1100 aliud
1765 1044 1936 1098 ullum
1967 1059 2062 1112 ge-

474 1153 581 1192 nus
610 1138 677 1192 de
713 1137 822 1192 ulla
857 1135 1176 1204 huiusmodi
1232 1135 1562 1200 differentia,
1618 1134 1903 1204 prmdicari
1955 1150 2061 1189 non

474 1228 692 1298 poterit.
724 1227 955 1296 Quando
987 1227 1154 1297 igitur
1185 1227 1327 1282 idem
1361 1228 1473 1283 enti
1512 1243 1617 1283 non
1642 1229 1912 1298 contingit
1944 1228 2066 1300 (ne-

475 1335 585 1390 que
649 1320 792 1375 enim
845 1320 1092 1374 invenire
1145 1321 1271 1375 licet
1300 1319 1528 1390 aliquid,
1573 1321 1640 1376 de
1693 1336 1804 1392 quo
1826 1335 1925 1377 ens
1957 1337 2064 1376 non

477 1414 848 1480 praedicetur),
873 1413 1106 1481 idipsum
1133 1428 1350 1484 quoque
1376 1429 1653 1485 nunquam
1681 1414 1842 1469 fuerit
1870 1428 2064 1484 genus.

475 1503 718 1560 Primum
757 1504 925 1574 igitur
973 1521 1086 1560 non
1115 1515 1197 1560 est
1220 1521 1446 1562 necesse
1481 1515 1540 1560 ut
1573 1506 1618 1563 si
1653 1506 1782 1576 quid
1814 1507 2068 1576 ingene-

475 1595 627 1649 ribus
657 1595 994 1650 subalternis
1018 1597 1322 1666 contingat,
1361 1597 1500 1652 idem
1551 1597 1606 1651 in
1637 1612 1890 1666 supremo
1924 1613 2065 1667 quo-

475 1703 582 1756 que
613 1689 913 1758 contingat.
968 1687 1118 1742 Nihil
1183 1691 1330 1743 enim
1365 1689 1618 1758 prohibet
1652 1689 1836 1746 inesse
1862 1689 2067 1760 aliquid

475 1779 550 1834 illi
576 1793 833 1848 supremo
888 1778 1181 1846 peculiare,
1231 1783 1374 1852 quod
1406 1782 1619 1837 creteris
1649 1796 1760 1835 non
1806 1781 1938 1836 insit
1973 1797 2068 1851 ge-

2167 585 2531 653 συμϐαίνειν·
2589 584 2744 638 οὐδὲν
2804 585 2914 655 γὰρ
2969 585 3171 638 κωλύει
3226 579 3368 638 εἶναί
3435 604 3488 640 τι
3551 589 3787 660 ἐκείνῳ

2164 675 2462 746 ἐξαίρετον,
2493 676 2522 730 ὃ
2551 678 2626 746 μὴ
2655 678 2769 739 τοῖς
2799 677 2982 740 ἄλλοις
3015 675 3233 743 γένεσιν
3265 677 3497 745 ὑπάρξει
3519 695 3532 711 ·
3565 677 3783 733 ἔπειτα

2167 774 2262 824 καὶ
2294 771 2488 842 ψευδές
2523 773 2670 824 ἐστιν
2705 770 2734 824 ὃ
2767 770 2938 837 λέγει.
2974 770 3035 823 ΕΞ
3075 770 3186 839 γὰρ
3210 771 3374 834 αὑτδς
3398 771 3494 839 τὴν
3525 769 3772 838 λογικὸ-

2164 879 2303 931 τητα
2347 863 2703 928 ἀναπλάττει,
2753 863 2837 915 ἵνα
2886 862 2961 932 μὴ
3007 861 3067 915 τὸ
3116 861 3337 929 λογικὸν
3392 861 3531 925 ζὼου
3574 861 3712 915 ἀλλ’
3747 864 3784 930 ἡ

2163 955 2458 1025 λογικότης
2608 954 2866 1027 διαφορὰ,
2915 955 3079 1026 ἡμεῖς
3133 955 3284 1024 αὑτῷ
3344 955 3444 1024 τὴν
3501 955 3783 1026 ζωότητα

2165 1049 2593 1118 ἀναπλάσομενι
2641 1049 2832 1103 ἔπειτα
2877 1047 3267 1117 ἀναγκάσομεν
3318 1046 3418 1118 τὴν
3463 1049 3559 1118 τῆς
3635 1049 3789 1115 ζωός

2167 1158 2334 1210 τητος
2393 1143 2527 1212 ἡμῖν
2585 1139 2878 1195 ἀποδοῦναι
2933 1140 3224 1211 διαφοράν.
3294 1139 3430 1195 Τίνα
3488 1141 3622 1194 ποτ’
3682 1139 3787 1197 οὖν

2166 1233 2485 1301 ἁποδὼσει;
2533 1233 2594 1287 οὐ
2639 1235 2749 1306 γὰρ
2797 1234 2860 1304 δὴ
2891 1233 2952 1286 τὸ
2987 1233 3088 1304 μὲν
3135 1233 3359 1301 λογικὸν
3405 1235 3470 1302 τῇ
3503 1234 3786 1303 ζωότητι,

2167 1327 2270 1396 τὴν
2300 1327 2356 1380 δὲ
2381 1326 2710 1398 λογικότητα
2741 1327 2820 1397 τῷ
2855 1326 2980 1397 ζώῳ
3011 1324 3281 1396 διαφορὰς
3312 1324 3615 1379 ἀποδώσει.
3657 1327 3781 1379 Καὶ

2166 1417 2250 1479 τῖς
2283 1414 2350 1470 ἂν
2394 1415 2560 1469 αὐτοῦ
2607 1417 2899 1487 ἀνάσχοιτο
2927 1416 3156 1470 τοιαῦτα
3194 1417 3252 1478 ἐς
3304 1414 3414 1469 τῶν
3455 1415 3642 1482 λόγων
3676 1415 3789 1480 τὰς

2168 1507 2262 1561 καὶ
2297 1497 2551 1578 μεθὸδους
2575 1507 3029 1578 παρανομοῦντος
3057 1526 3070 1572 ;
3107 1507 3275 1562 Ἀλλὰ
3307 1507 3469 1576 δῆλον
3503 1507 3583 1570 ὡς
3614 1506 3777 1572 ζὼου

2173 1598 2273 1670 μὲν
2308 1599 2370 1652 τὸ
2398 1601 2621 1667 λογικὸν
2652 1600 2893 1669 διαιρορά
2915 1615 2930 1631 '
2965 1602 2999 1672 ἡ
3031 1601 3086 1655 δὲ
3121 1601 3431 1672 λογικότης,
3463 1601 3634 1670 εἴπερ
3662 1601 3782 1672 ἄρα

2170 1692 2272 1745 οὐκ
2305 1690 2373 1746 ἂν
2407 1691 2568 1746 ἄλλου
2595 1693 2680 1762 εἰη
2707 1692 2943 1761 διαφορὰ
2990 1695 3022 1762 ἢ
3053 1693 3154 1762 τῆς
3191 1692 3481 1762 ζωότητος.
3518 1693 3638 1745 Καὶ
3669 1710 3784 1746 και

2171 1781 2620 1852 τηγορηθήσεταί
2648 1799 2714 1850 γε
2745 1783 2892 1836 ἅπαν
2921 1783 3079 1850 γένος
3103 1782 3201 1846 τῆς
3235 1781 3500 1852 διαφορᾶς
3532 1778 3778 1842 ἑαυτοῦ,

475 1869 720 1922 naribus.
749 1868 956 1924 Deinde
999 1871 1283 1925 mendacio
1323 1886 1441 1926 non
1491 1880 1662 1940 caret,
1721 1871 1865 1942 quod
1915 1873 2068 1927 dicit.

2176 1867 2209 1946 ᾖ
2241 1874 2336 1928 καὶ
2362 1876 2389 1928 ὀ
2419 1873 2519 1944 τῆς
2547 1874 2775 1945 μεθόδου
2815 1874 2924 1927 τῶν
2954 1873 3131 1941 λόγων
3175 1873 3287 1944 ἔχει
3315 1872 3497 1942 νόμος.
3535 1870 3634 1934 Ὠς
3670 1870 3782 1939 μιν

474 1957 609 2013 Nam
674 1961 718 2015 si
777 1961 894 2030 ipse
946 1963 1372 2018 rationalitatem
1424 1964 1596 2035 lingit,
1652 1974 1712 2019 ut
1753 1963 2064 2020 differentia

479 2051 735 2106 animalis
775 2068 883 2107 non
921 2053 992 2108 sit
1045 2054 1340 2118 rationale.
1396 2056 1492 2112 sed
1538 2057 1905 2123 rationalitas,
1953 2072 2063 2111 non

477 2143 716 2197 vicissim
766 2143 1031 2199 adversus
1091 2145 1270 2214 ipsum
1324 2145 1722 2201 animalitatem
1772 2145 2066 2217 ﬁngemus.

471 2234 668 2290 deinde
713 2233 1031 2304 jubehimus
1093 2236 1452 2295 anin'talitatis
1501 2237 1660 2295 nobis
1721 2237 1872 2293 reddi
1899 2237 2066 2293 diﬂ’e-

473 2327 731 2382 rentiam.
788 2326 856 2382 Et
895 2343 1060 2398 quam
1101 2329 1329 2385 reddet?
1375 2327 1563 2402 Neque
1599 2330 1745 2386 enim
1807 2331 2070 2387 rationale

472 2419 867 2484 atihnalitatis,
919 2421 1153 2476 rational
1179 2430 1342 2478 tatem
1398 2432 1578 2479 autem
1636 2423 1890 2479 animalis
1915 2423 2069 2478 ditle-

474 2509 928 2574 rentiamlaciet.
968 2511 1106 2568 Tum
1161 2515 1288 2585 quis
1341 2516 1558 2571 tandem
1593 2531 1702 2571 non
1757 2515 2072 2588 indignetur

474 2599 738 2659 adversus
755 2603 955 2673 ipsum,
980 2605 1073 2673 qui
1101 2607 1246 2675 leges
1262 2609 1532 2662 sermon's
1549 2617 1658 2662 tam
1685 2607 1826 2663 foede
1849 2622 2073 2678 perver-

477 2704 555 2748 tat
574 2693 816 2766 ?Nempe
832 2697 1055 2752 dubium
1085 2700 1290 2755 nemini
1312 2715 1431 2755 cs=e
1449 2701 1625 2767 debet,
1645 2703 1776 2773 quin
1803 2701 2072 2757 rationale

476 2788 775 2840 constituat
801 2786 1161 2844 diﬂ‘erentiam
1188 2792 1464 2857 animalis,
1491 2794 1834 2850 rationalitas
1861 2804 2067 2858 autem,

474 2878 714 2933 simodo
767 2880 840 2936 sit
891 2881 1224 2947 dill'erentia,
1266 2899 1373 2938 non
1409 2885 1636 2940 alterius
1679 2887 1781 2941 erit
1815 2885 2072 2941 ἀίσσει-ης

477 2972 551 3024 tia
625 2986 792 3040 quam
874 2976 1251 3031 animalitatis.
1319 2977 1498 3046 Atque
1554 2978 1627 3032 ita
1690 2978 2076 3048 pra'dicabilur

478 3078 644 3118 omne
705 3079 879 3135 genus
948 3067 1016 3122 de
1068 3083 1169 3122 sua
1225 3067 1556 3130 dilicrentia,
1611 3070 2072 3138 quemadmodum

478 3157 646 3210 etiam
675 3157 758 3212 lex
791 3168 842 3212 et
869 3161 1006 3214 ratio
1039 3160 1294 3230 loquendi
1325 3161 1509 3216 ducet.
1548 3160 1721 3228 Quam
1764 3162 1931 3233 igitur
1975 3165 2078 3218 iut-

2172 1963 2266 2018 οὗν
2288 1964 2537 2028 ἀσθενεῖς
2577 1963 2944 2034 Ἀριστοτέλει
2978 1965 3028 2018 oi
3059 1964 3353 2033 ὁμώνυμον
3382 1963 3444 2016 τὸ
3471 1962 3529 2015 ὃν
3556 1961 3785 2031 πειρῶ-

2174 2075 2328 2127 μενοι
2357 2057 2635 2112 δεικνύναι
2660 2057 2834 2126 λόγοι,
2856 2057 3095 2111 τοσαῦτα
3131 2055 3394 2127 εἰρήσθωο
3422 2056 3504 2108 δετ
3527 2053 3586 2106 δὲ
3619 2053 3784 2122 ἡμᾶς

2173 2150 2270 2204 καὶ
2319 2149 2603 2216 ἀποδεῖξαι
2653 2148 2730 2214 ὡς
2773 2150 2884 2202 οὐδ’
2915 2147 2982 2203 ἂν
3011 2143 3123 2201 οἷόν
3167 2165 3225 2201 τε
3254 2148 3339 2216 εἴη
3371 2145 3432 2198 τὸ
3462 2143 3522 2197 ὃν
3548 2141 3784 2213 ὁμώνυ-

2176 2258 2280 2310 μον
2317 2237 2480 2296 εἶναι.
2522 2243 2583 2296 Εἰ
2629 2243 2740 2313 γὰρ
2795 2240 2890 2310 ἀφ’
2922 2240 3062 2304 ἐνδς,
3111 2240 3329 2294 ἅπαντα
3385 2236 3631 2308 πρόεισι,
3678 2236 3780 2289 καὶ

2175 2334 2364 2404 ἄκρως
2407 2333 2548 2400 ὲνδς,
2580 2334 2684 2389 κᾶν
2727 2334 2901 2388 πολλά
2945 2349 3004 2386 τε
3119 2332 3214 2385 καὶ
3266 2327 3599 2399 παμπληθῆ.
3627 2327 3784 2397 ἀμή-

2175 2444 2338 2498 χανον
2362 2429 2513 2498 ὅμως
2543 2427 2619 2499 μὴ
2658 2427 2719 2480 οὐ
2752 2427 2846 2480 καὶ
2876 2426 2935 2479 ἓν
2962 2443 3017 2480 τι
3053 2425 3198 2495 ἔχειν
3225 2423 3319 2476 καὶ
3349 2421 3527 2476 κοινὸν
3551 2418 3784 2474 ἅπαντα

2177 2518 2450 2589 ἀλλήλοις.
2481 2520 2548 2573 Τί
2602 2518 2697 2574 οὖν
2743 2517 2892 2573 τοῦτ’
2944 2518 3012 2572 ἂν
3047 2517 3132 2586 εἴη
3191 2516 3240 2568 εί
3273 2514 3349 2584 μὴ
3413 2513 3474 2566 τὺ
3536 2511 3625 2578 ὃν,
3683 2511 3782 2565 καὶ

2175 2611 2334 2666 τοῦτο
2366 2612 2442 2682 μὴ
2469 2611 2764 2682 ὁμώνυμον
2794 2610 2852 2664 δν
2877 2628 2890 2678 ;
2923 2611 2970 2663 εί
3002 2609 3109 2678 γὰρ
3140 2607 3432 2678 ὁμώνυμον
3457 2605 3640 2668 ἔσται,
3673 2605 3780 2658 οὐκ

2179 2705 2254 2759 ἐτ’
2285 2705 2353 2759 ἂν
2387 2705 2446 2758 ἓν
2475 2706 2585 2775 sit}.
2613 2705 2753 2776 Φησὶ
2784 2705 2839 2758 δέ
2882 2721 2983 2756 που
3013 2703 3107 2756 καὶ
3153 2701 3316 2764 αὐτὸς
3355 2698 3774 2769 Ἀριστοτέλης,

2180 2797 2249 2849 τὰ
2282 2795 2412 2850 ὄντα
2444 2796 2519 2867 μὴ
2549 2794 2754 2850 ἐθέλειν
2782 2794 3158 2848 πολιτεύεσθαι
3201 2789 3408 2854 κακῶς,
3451 2789 3575 2851 καὶ,
3621 2786 3777 2842 τούκ

2181 2887 2387 2957 ἀγαθὸν
2418 2886 2810 2957 πολυκοιρανίη
2839 2901 2853 2918 ο
2889 2880 2969 2948 εἷς
3002 2885 3258 2955 κοίρανος
3296 2882 3458 2946 ἔστω,
3497 2898 3523 2932 ι
3551 2878 3633 2950 τῷ
3675 2879 3778 2947 μὲν

2179 2980 2323 3052 λόγῳ
2362 2981 2509 3048 μάλα
2559 2997 2664 3033 που
2711 2978 2925 3048 σεμνῶς
2964 2977 3160 3044 λέγων,
3192 2975 3269 3044 τῷ
3321 2973 3390 3026 δὲ
3423 2974 3570 3043 ἔργῳ
3600 2970 3780 3032 more;

2180 3072 2256 3127 ὢν
2287 3075 2314 3126 ὁ
2348 3072 2449 3144 τὴν
2480 3070 2896 3126 κακοπολιτείαν
2949 3071 3005 3132 ἐς
3036 3071 3105 3121 τὰ
3148 3067 3283 3122 ὄντα
3339 3063 3577 3136 μάλιστα
3615 3062 3778 3123 εἰσά-

2183 3182 2296 3232 γων
2323 3164 2402 3235 τῷ
2430 3164 2490 3218 τὸ
2511 3163 2572 3218 ὃν
2608 3165 2684 3232 μὴ
2710 3163 2803 3233 ea»;
2833 3160 2893 3214 ἓν
2930 3161 3134 3232 μένειν.

480 3249 723 3316 hecilles,
758 3251 1075 3322 nu-Iliusque
1138 3255 1404 3311 momenti
1452 3254 1567 3310 sint
1647 3255 1958 3320 Aristotelis
2023 3259 2266 3316 rationes
2355 3257 2840 3329 aequivocationem
2911 3254 3056 3309 entis
3123 3261 3352 3308 conatur
3405 3249 3774 3313 introducere,

482 3345 748 3400 hactenus
799 3345 1314 3405 demonstravimus.
1357 3350 1479 3405 J‘am
1539 3365 1671 3407 vero
1701 3351 2061 3407 ostendemus
2101 3353 2265 3406 etiam
2300 3352 2414 3407 ﬁeri
2476 3365 2584 3406 non
2641 3363 2821 3420 posse,
2872 3357 2931 3404 ut
2998 3362 3098 3404 ens
3143 3347 3214 3402 sit
3285 3344 3646 3416 aequivoeum.
3707 3341 3765 3397 Si

482 3449 718 3505 namque
746 3437 814 3491 ab
835 3453 946 3492 uno
970 3453 1145 3509 eoque
1171 3456 1384 3499 summe
1409 3457 1542 3513 uno,
1569 3444 1754 3498 omnia
1775 3443 2068 3508 exsistunt,
2107 3444 2234 3499 licet
2255 3444 2364 3501 sint
2399 3443 2637 3514 plurima
2668 3451 2725 3499 et
2789 3439 3230 3502 innumerabilia,
3275 3436 3389 3492 ﬁeri
3437 3444 3586 3491 certe
3654 3448 3774 3488 non

483 3540 684 3599 potem,
741 3533 871 3603 quin
907 3550 1076 3591 unum
1133 3541 1412 3610 quippiam
1479 3549 1533 3596 et
1593 3556 1887 3598 commune
1952 3541 2184 3597 invicem
2247 3541 2566 3612 possideant
2613 3539 2819 3595 omnia.
2871 3535 3010 3592 lllud
3063 3549 3193 3592 vero
3261 3533 3388 3604 quid
3452 3530 3596 3587 aliud
3655 3537 3776 3584 tan.

482 3628 604 3681 dem
639 3626 801 3684 fuerit
830 3630 934 3684 nisi
962 3646 1060 3688 ens
1087 3642 1142 3688 et
1186 3634 1288 3689 hoc
1339 3635 1517 3704 ipsum
1555 3651 1665 3692 non
1691 3637 2034 3708 :equivocum
2057 3636 2084 3690 ?
2123 3633 2334 3706 Quippe
2360 3634 2402 3690 si
2437 3634 2780 3704 aequivocum
2822 3632 2949 3697 erit,
2980 3646 3088 3686 non
3132 3627 3368 3699 amplius
3442 3640 3610 3681 unum
3688 3623 3778 3678 l’tte

483 3725 578 3779 rit.
613 3724 860 3781 Allirmat
885 3737 1065 3785 autem
1109 3731 1344 3800 quodam
1377 3733 1430 3786 in
1462 3734 1582 3789 loco
1608 3734 1772 3789 etiam
1802 3733 1916 3802 ipse
1941 3731 2280 3798 AristOteles,
2345 3730 2503 3786 Eutia
2582 3730 2636 3785 in
2675 3729 2817 3784 mala
2858 3725 3138 3798 republica
3206 3723 3352 3778 nolle
3413 3720 3647 3785 versari,
3722 3715 3778 3776 οι

485 3830 593 3870 non
631 3830 753 3872 esse
782 3819 984 3876 bonum
1013 3833 1071 3878 nt
1097 3825 1249 3879 multi
1283 3833 1496 3896 regant,
1531 3826 1624 3880 sed
1662 3839 1829 3880 unum
1863 3823 2161 3894 principem
2199 3836 2494 3893 regemque
2529 3835 2652 3876 esse
2677 3828 2954 3889 oportere,
3020 3815 3175 3871 valde
3244 3813 3464 3884 quidem
3532 3812 3622 3865 ille
3681 3808 3776 3880 pie

485 3915 540 3964 et
562 3909 832 3978 sapienter
853 3911 958 3969 hoc
987 3915 1165 3970 verbis
1195 3916 1518 3985 prmdieans,
1550 3925 1604 3970 at
1638 3914 1831 3985 reipsa
1856 3913 2050 3968 malam
2131 3912 2183 3966 in
2239 3911 2390 3967 entia
2449 3909 2843 3980 rempublicam
2905 3907 3022 3976 ipse
3081 3905 3318 3960 maxime
3389 3901 3771 3958 introdueens.

490 4011 683 4074 utpote
715 4008 935 4078 quiens
976 4009 1034 4064 in
1058 4011 1210 4081 plura
1235 4012 1540 4081 dispertiat,
1567 4011 1730 4081 idque
1763 4025 1932 4066 unum
1958 4022 2064 4063 non
2101 4020 2224 4062 esse
2253 4005 2510 4077 patiatur.
2579 4001 2764 4059 Talem
2801 4009 2984 4057 autem
3031 4014 3098 4056 ex
3174 3999 3260 4055 his
3320 4013 3439 4070 qua:
3504 3995 3777 4055 diximus.

486 4100 850 4162 formabimus
883 4105 1232 4164 ditisionem.

1240 4216 1338 4257 (IIIS

732 4296 1037 4356 substantia
1544 4293 1795 4347 accidens

738 4403 1010 4446 corporea
1541 4384 1866 4452 incorporea

736 4481 981 4535 animata
1541 4475 1839 4530 inanimata

740 4568 944 4623 animal
1548 4567 1733 4636 planta

741 4661 1008 4715 rationale
1549 4656 1865 4712 irrationale

738 4754 906 4807 homo
1544 4750 1770 4818 angelus

734 4849 992 4904 Socrates
1543 4843 1718 4901 Plato.

1140 4937 1292 4994 CAP.
1335 4938 1425 4994 IV.

557 5034 794 5090 incurrit
821 5043 1002 5090 autem
1037 5038 1287 5098 eamdem
1318 5034 1641 5103 ignorantiae
1673 5033 2078 5089 accusationem

485 5130 806 5185 Aristoteles
835 5130 1000 5183 etiam
1046 5128 1192 5182 hanc
1213 5128 1295 5182 ob
1329 5143 1577 5193 causam,
1622 5127 1767 5198 quod
1810 5127 2077 5197 simplici-

488 5233 572 5277 ter
601 5222 920 5278 universum
973 5219 1155 5277 minus
1188 5222 1315 5278 facit
1348 5221 1691 5292 particulari,
1727 5221 1856 5276 dum
1893 5221 2078 5290 singu-

489 5315 633 5370 lares
664 5325 717 5370 et
743 5314 1053 5370 indit-ideas
1085 5317 1355 5371 essentias
1423 5315 1627 5386 primas
1663 5325 1717 5370 et
1751 5312 2078 5383 principales

489 5403 744 5472 Ωβρειιιιι,
779 5407 990 5475 species
1027 5415 1208 5462 autem
1241 5416 1295 5462 et
1345 5421 1544 5476 genera
1599 5406 1841 5474 ipsarum
1887 5419 2083 5458 secun-

489 5496 592 5549 das
622 5497 980 5564 substantias,
1021 5512 1227 5567 easque
1265 5499 1458 5567 primis
1488 5497 1776 5552 inftriores
1810 5510 1873 5550 ac
1907 5494 2082 5550 mino-

492 5602 601 5641 res.
638 5586 800 5658 Atqui
832 5589 876 5644 si
920 5591 1246 5656 substantia,
1278 5603 1337 5644 ut
1373 5591 1488 5660 ipse
1510 5603 1732 5662 quoque
1759 5587 2079 5644 Aristotcles

495 5677 723 5743 fatetur,
790 5681 1028 5734 maxime
1076 5696 1177 5736 cns
1212 5680 1470 5751 appellari
1531 5689 1793 5746 meretur,
1837 5693 1903 5734 eo
1937 5678 2081 5748 quod

497 5783 624 5836 pars
658 5771 912 5826 universo
958 5772 1028 5826 sit
1073 5773 1274 5838 minor,
1312 5773 1561 5828 eamdem
1599 5787 1819 5842 quoque
1853 5773 1905 5826 in
1947 5772 2082 5828 sub-

502 5857 715 5912 stantia:
745 5865 954 5916 ratione
984 5861 1252 5918 minorem
1284 5861 1711 5932 interioremque
1737 5870 1949 5931 oportet
1978 5871 2086 5918 sta-

2953 4185 3012 4241 ὂν

2434 4283 2590 4338 οὐσία
3166 4294 3230 4330 συ
3239 4273 3515 4344 μσεϐηκδς

2432 4378 2592 4446 σῶμα
3163 4367 3455 4439 ἀσώματον

2439 4473 2691 4544 ἔμψυχον,
3179 4465 3390 4533 ἄψυχον

2434 4564 2569 4628 ζῶον
3175 4555 3344 4625 φυτὸν

2439 4658 2654 4726 λογικδν
3171 4649 3364 4716 ἄλογον

2437 4749 2534 4804 ἇνο
2544 4765 2723 4819 ρωπος
3174 4738 3405 4806 ἄγγελος

2432 4841 2699 4910 Σωκράτη
3174 4830 3418 4884 Πλάτων.

2797 4931 3048 4986 ΚΕΦΑᾹ.
3088 4925 3162 4984 Δ’.
3346 4981 3358 4989 .

2259 5032 2370 5100 Τῆς
2401 5007 2446 5084 δ⁴
2482 5027 2651 5096 αὐτῆς
2683 5023 2925 5094 ἀμαθίας
2951 5018 3116 5091 ἔχοιτ’
3152 5019 3219 5074 ἂν
3253 5019 3347 5073 καὶ
3372 5015 3450 5087 τῷ
3481 5015 3541 5070 τδ
3580 5013 3762 5076 ἁπλῶς

2195 5125 2424 5178 καθόλου
2463 5119 2720 5174 ἐλαττοῦν
2750 5115 2844 5169 τοῦ
2874 5114 3016 5168 κατὰ.
3048 5114 3236 5182 μέρος,
3259 5110 3450 5171 οὐσίας
3487 5107 3588 5176 μὲν
3618 5105 3765 5175 τ’.ρὼ-

2185 5233 2282 5280 τας
2326 5215 2420 5268 καὶ
2477 5210 2826 5282 κυριωτάτας
2878 5207 2976 5268 τὰς
3037 5202 3358 5257 καθέκαστα
3413 5200 3662 5267 λέγοντα,
3696 5196 3762 5248 τὰ

2182 5305 2231 5358 δ’
2278 5303 2394 5374 εἴδη
2453 5319 2513 5356 τε
2566 5301 2663 5354 καὶ
2713 5299 2848 5366 γένη
2909 5294 3090 5350 αὐτῶν
3147 5292 3405 5360 δευτέρας
3467 5305 3524 5342 τε
3582 5287 3763 5346 obuia;

2191 5397 2461 5451 κάκείνων
2519 5395 2728 5466 μείους.
2767 5392 2830 5444 Ei
2884 5389 2930 5442 δ’
2987 5389 3020 5457 ἡ
3077 5385 3237 5440 οὐσία
3289 5383 3381 5437 καὶ
3433 5382 3554 5435 κατ’
3607 5379 3764 5433 αὐτὸν

2202 5489 2554 5562 Ἀριστοτέλη
2589 5487 2650 5540 τδ
2698 5483 2934 5556 μάλιστα
2967 5479 3049 5544 ὃν,
3079 5477 3182 5532 κᾶν
3211 5475 3305 5531 τοῦ
3353 5466 3584 5528 κάθόλου
3619 5471 3764 5562 μείον

2188 5559 2344 5638 sub
2394 5582 2534 5634 κατὰ
2587 5578 2776 5650 μέρος,
2814 5575 2871 5637 ἐς
2905 5572 3096 5635 οὐσίας
3147 5569 3306 5637 λόγον
3350 5562 3513 5638 ἦττον
3563 5564 3626 5617 ἂν
3659 5559 3764 5628 εἴη.

2193 5673 2301 5729 Καὶ
2336 5673 2385 5724 εἰ
2423 5671 2522 5741 μὲν
2559 5668 2695 5739 περ)⁸
2739 5665 2836 5720 τοῦ
2869 5663 3101 5717 καθόλου
3141 5657 3556 5731 λαμϐανομένου
3607 5650 3768 5706 καθό-

2192 5767 2283 5819 λου
2315 5761 2470 5830 ἕλεγέ,
2503 5779 2555 5814 τι
2587 5759 2858 5822 τοιοῦτον,
2889 5752 3036 5828 εἶχεν
3064 5754 3132 5808 ἂν
3159 5753 3346 5820 λόγον,
3381 5750 3500 5804 ἐστι
3543 5749 3650 5817 γὰρ
3677 5743 3767 5799 καὶ

2194 5861 2255 5915 τὸ
2301 5857 2530 5913 καθόλου
2567 5855 2626 5908 οὐ
2667 5849 2896 5907 καθόλου
2949 5847 3270 5920 λαμϐάνειν,
3302 5844 3378 5917 μὴ
3412 5844 3587 5899 πάντα
3632 5835 3768 5896 ἀλλὰ
