4078 6402
473 472 656 527 nione
711 469 764 525 id
817 467 1045 535 tollitur,
1099 469 1248 539 quod
1301 470 1530 527 omnino
1578 481 1833 530 'rcetcse
1888 475 2079 539 habet,

2202 476 2502 548 ιίσθεήσεως
2533 471 2700 548 εῖναι,
2732 478 3050 561 ἀναιροῦντι
3097 481 3191 536 τον
3233 482 3423 548 σκαηὶῶς
3449 483 3648 556 ἶχθντα
3675 503 3778 541 αα·

473 563 810 634 ·ηυΙΙαιιι‹ιυθ
843 563 988 631 parit
1014 561 1441 628 dubitationem,
1478 575 1534 618 ct
1561 564 1822 620 nimirum
1855 581 1981 635 qua:
2013 565 2082 620 ad

2202 569 2346 622 δόλου
2373 569 2574 638 -λόγον,
2603 571 2681 633 ὡς
2729 573 2800 626 τὰ
2848 576 2987 643 πρός
3017 575 3071 626 τί
3098 591 3161 627 τε
3210 578 3305 627 καὶ⁵
3353 577 3582 647 σχετιαά
3609 579 3776 648 ἀναγ-

474 655 702 726 aliquid
729 655 1022 718 dicuntur;
1045 664 1101 710 et
1149 664 1401 710 mutuam
1453 656 1657 711 habent
1687 657 2089 722 inltmrentiam,

2202 662 2351 713 καῖον
2403 660 2492 730 εἴη
2532 661 2664 731 ἅμα
2715 657 2880 718 εἶναι.
2921 665 2982 719 El
3030 665 3133 735 μὲν
3165 667 3272 736 γὰρ
3301 665 3381 728 ὥς
3431 667 3680 722 οὐδέποτ’
3705 671 3778 725 ἂν

491 747 656 803 simul
677 763 800 804 esse
822 747 1161 802 necessario.
1180 747 1253 801 ‘Si
1278 759 1516 817 namque
1538 747 1642 802 hoc
1654 747 1805 814 dicit,
1827 757 2090 820 tanquam

2202 752 2460 823 ἐσομένης
2488 755 2827 824 αἰσθήσεως,
2876 756 2991 820 πῶς
3021 756 3089 810 ἂν
3120 755 3234 810 οἷόν
3278 776 3340 812 τε
3386 759 3473 829 εἴη
3504 761 3768 830 αίσβητὺν

473 839 644 893 mullo
678 855 921 909 unquam
959 838 1144 894 l‘uturo
1177 853 1372 902 sensu,
1405 848 1521 892 tum
1569 853 1836 907 quanam,
1876 855 2093 908 quaeso,

2202 839 2339 897 εἶναι
2393 846 2536 916 μήτε
2572 846 2779 918 οὔσης,
2815 849 2944 919 μήτ’
2978 850 3046 904 ἄν
3105 851 3226 904 ποτ’
3266 852 3535 922 ἐσομένης
3587 855 3778 923 αἰσθή-

505 931 721 986 ratione
753 932 958 1001 poterit
980 930 1247 985 sensibile
1287 929 1493 998 aliquid
1535 928 1657 998 ejus
1688 944 1812 984 esse
1842 931 2084 998 dicique,

2221 951 2362 1000 σεως
2390 953 2404 1003 ;
2464 937 2524 990 Ei
2554 938 2608 991 δὲ
2645 937 2721 1002 ὥς
2771 958 2896 994 ποτε
2940 942 3039 994 καὶ
3086 944 3378 1014 ἐσομένης,
3409 946 3566 1014 δῆλον
3581 947 3674 1001 Δὅτι
3707 951 3779 1002 ὲκ

492 1020 638 1090 quod
655 1020 722 1074 ad
747 1015 875 1075 eum
917 1034 1140 1074 sensum
1167 1018 1462 1085 inferatur,
1488 1018 1580 1087 qui
1607 1033 1785 1088 neque
1816 1035 1962 1073 nunc
1993 1022 2099 1085 sit,

2202 1028 2301 1095 τῆς
2336 1028 2570 1098 δυνατῆς
2609 1029 2675 1084 ἂν
2708 1029 2930 1085 ἔσεσθαι
2980 1035 3272 1104 ἐσομένης.
3315 1036 3480 1090 ’Ὥστε
3509 1038 3659 1092 ἔσται
3685 1041 3780 1092 καὶ

477 1127 677 1181 ιιιοίιυε
712 1111 764 1165 in
813 1121 1093 1180 posterum
1141 1109 1360 1165 futurus
1397 1110 1981 1182 unquamjudieetur?
2007 1111 2099 1166 Sin

2202 1118 2262 1170 τὸ
2313 1119 2577 1190 αἰσθητὸν
2635 1121 2768 1176 αὑτό
2814 1141 2874 1176 τε
2909 1124 3156 1195 ὒυνάμει
3197 1129 3482 1197 αἰσθητὸν,
3520 1132 3613 1184 καὶ
3646 1133 3780 1200 πρὸς

480 1212 681 1257 autem
732 1212 988 1270 tanqnant
1025 1201 1549 1270 aliquattdo‘l'uturo
1589 1219 1778 1270 sensu,
1813 1215 1927 1260 tum
1957 1213 2099 1273 patet

2202 1207 2433 1278 δυνάμει
2459 1211 2737 1281 αἴσθησιν,
2768 1213 2807 1284 ἢ
2840 1231 2901 1267 τι
2935 1215 3168 1285 δυνάμει
3217 1215 3477 1288 αἴσθησις
3511 1221 3654 1291 πρὸς
3687 1223 3780 1276 δυε-

497 1293 644 1362 quod
688 1292 908 1348 futurus
938 1303 1293 1362 exspectatur
1313 1293 1374 1348 iis
1405 1294 1706 1364 quiypossit
1737 1311 1878 1352 esse.
1915 1295 2099 1366 Itaque

2202 1300 2364 1370 νάμει
2397 1302 2685 1370 αἰσθητόν.
2748 1304 3037 1377 Ἐνεργείᾳ
3075 1307 3122 1360 δ’
3171 1309 3457 1380 οὐδέτερον
3499 1311 3780 1382 οὐδετέρου

484 1392 615 1436 ἰιιιη
648 1382 913 1438 sensibile
948 1384 1125 1454 ipsutn
1181 1385 1421 1454 potentia
1482 1388 1592 1441 erit
1642 1387 1922 1455 sensibile,
1952 1399 2006 1443 et
2033 1389 2098 1444 ad

2202 1394 2475 1463 πρότερον
2498 1433 2511 1457 ,
2541 1396 2674 1464 πρίν
2709 1395 2761 1463 γ’
2800 1396 2868 1450 ἀν
2909 1397 3164 1470 ἐνεργείᾳ
3198 1397 3448 1473 ἄμφω
3477 1404 3587 1456 Καὶ
3612 1403 3781 1467 οὕτως

483 1489 720 1531 sensum
752 1476 1038 1543 referetur,
1059 1477 1150 1546 qui
1172 1476 1334 1532 etiam
1356 1491 1463 1532 non
1483 1478 1556 1532 sit
1575 1489 1698 1532 actu
1717 1479 1812 1533 sed
1833 1481 2097 1548 potentia,

2202 1480 2388 1535 οὗποτ⁶
2429 1483 2495 1538 ἀν
2550 1485 2767 1554 γένοιτο
2815 1487 3077 1560 αἰσθητόν
3121 1507 3174 1544 τι
3227 1492 3534 1562 αἰσθήσεως
3585 1496 3784 1565 πρότε-

499 1575 614 1621 tum
651 1583 850 1623 sensus
881 1583 1124 1638 quoque,
1161 1569 1252 1639 qui
1303 1579 1388 1623 est
1424 1569 1695 1638 potentia,
1725 1569 1994 1626 referetur
2027 1572 2095 1626 ad
2200 1589 2318 1643 ρον.

489 1663 761 1720 sensibile
812 1679 922 1718 non
976 1676 1099 1721 actu
1151 1667 1248 1720 sed
1307 1667 1546 1733 petentia
1597 1668 1899 1722 exsistens.
1953 1669 2090 1724 Actu
2131 1681 2314 1725 autem
2339 1673 2577 1728 alterum
2597 1676 2772 1732 altero
2791 1679 3081 1748 priusnon
3104 1687 3206 1747 est,
3273 1689 3562 1750 antequam
3625 1682 3786 1738 ambo

483 359 600 426 899
1715 363 2059 426 ’GEORGII
2092 363 2547 431 PLE‘J'HONIS

483 1767 625 1815 actu
659 1759 947 1816 exsistant.
984 1761 1163 1832 Atque
1193 1762 1294 1815 hoc
1327 1759 1489 1814 modo
1518 1760 1729 1816 nullum
1763 1762 1880 1816 dari
1907 1772 2091 1831 potest
2123 1767 2416 1835 sensibile,
2452 1769 2598 1838 quod
2630 1784 2795 1826 sensu
2826 1773 2978 1840 prius
3015 1774 3086 1828 sit
3114 1783 3162 1828 et
3195 1775 3496 1845 antiquius.

1135 1854 1298 1910 CAP.
1340 1852 1452 1910 Vll.

566 1947 686 2003 Alia
722 1963 943 2019 quoque
969 1947 1038 2003 ab
1085 1948 1280 2004 eodem
1314 1949 1522 2004 tollitur
1554 1948 1728 2015 natio,
1759 1964 1922 2020 quam
1951 1949 2095 2006 alio-

479 2041 590 2110 -qui
647 2056 839 2096 omnes
897 2050 950 2096 et
999 2050 1149 2097 recte
1200 2042 1425 2110 quidem
1475 2041 1964 2111 amplectuntur'et
2014 2043 2098 2099 sic

496 2132 684 2198 habet,
740 2135 888 2204 quod
950 2134 1320 2190 contradictio
1367 2149 1660 2204 nunquam
1723 2135 2092 2204 possitsimul

490 2241 626 2281 vera
671 2227 922 2297 reperiri.
957 2227 1054 2283 Ille
1095 2242 1224 2282 vero
1255 2242 1286 2282 e
1321 2227 1860 2282 diverso»contendit
1895 2228 2090 2283 indeli-

496 2321 666 2374 nitam
725 2319 1218 2374 contradictionem
1266 2334 1448 2374 verant
1488 2320 1654 2374 simul
1711 2333 1875 2388 posse
1903 2319 2098 2391 depre-

489 2411 686 2477 hendi,
721 2411 867 2482 quod
897 2421 1080 2468 tamen
1129 2398 1487 2467 manilestela
1541 2415 1757 2467 ratione
1805 2412 2092 2468 abhorret.

494 2501 683 2574 Neque
714 2504 861 2559 enim
894 2504 1178 2560 iudeﬁnita
1213 2505 1431 2575 negatio
1465 2519 1710 2575 unquam
1769 2503 2104 2560 determina-

484 2601 607 2648 4am
654 2593 723 2648 ad
773 2603 1008 2664 partem,
1039 2594 1134 2651 sed
1171 2609 1388 2665 semper
1418 2595 1486 2649 ad
1519 2594 1836 2649 universum
1870 2593 2099 2650 relatam

486 2686 764 2746 denatare
794 2698 976 2758 petest
1002 2687 1352 2756 negationem
1389 2703 1402 2739 ε
1435 2701 1560 2740 cmn
1590 2687 1869 2759 contraria
1889 2678 2112 2743 'asser-v

2804 1867 3060 1922 ΚΕΦΑΛ.
3097 1871 3170 1922 Ζ’.

2277 1954 2390 2008 Καὶ
2423 1954 2616 2024 ἔτερος
2673 1957 2720 2009 δ’
2755 1959 2909 2028 αὐτῷ
2965 1960 3201 2014 καθόλου
3266 1964 3363 2018 καὶ
3419 1964 3601 2028 καλῶς
3645 1966 3786 2034 ἔχων

2203 2039 2537 2119 ἀναιρεῖταί
2573 2051 2732 2118 λόγος
2785 2053 2815 2105 ὃ
2854 2054 2956 2126 τὴν
2994 2058 3294 2124 ἀντίφασιν
3355 2058 3625 2128 μηδέποτε
3659 2075 3788 2111 συν.

2209 2140 2503 2212 ἀληθεύειν
2537 2143 2729 2211 ἀξιῶν,
2763 2147 3033 2215 φάσκοντι
3074 2147 3174 2220 τὴν
3208 2149 3307 2218 μὲν
3337 2149 3784 2222 ἀπροσδιόριστον

2207 2234 2599 2303 συναληθεύειν
2643 2237 2964 2308 ἀντίφασιν,
3004 2239 3326 2312 ψευδομένῳ
3355 2241 3412 2294 δὲ
3444 2241 3783 2312 περιφανῶς.

2205 2327 2281 2380 Οὐ
2313 2327 2420 2396 γὰρ
2461 2330 2978 2400 ήάπροσδιόριστος
3019 2319 3300 2402 ἀπόφασις
3358 2336 3456 2405 τήν
3513 2336 3573 2388 ὲν
3626 2334 3783 2405 μέρει

2208 2419 2721 2494 προσδιωρισμένην
2766 2422 2990 2477 δύναται
3048 2423 3186 2478 ἀλ·λά
3234 2423 3335 2495 τὴν
3376 2425 3606 2482 καθόλου
3649 2424 3783 2479 ἀπό-

2210 2526 2378 2578 φασιν
2403 2553 2418 2577 ,
2443 2511 2550 2566 ᾗτε
2602 2513 2837 2585 μερικῆς
2877 2512 3016 2570 οὖσα
3072 2521 3441 2588 καταφάσεως
3489 2519 3782 2588 ἀπόφασις.

2215 2601 2328 2656 Καὶ
2357 2602 2390 2672 ἡ
2417 2604 2577 2676 κοινὴ
2614 2605 2670 2658 δὲ
2701 2605 2858 2678 παρά
2886 2607 3022 2662 πᾶσι
3065 2609 3162 2662 τοῦ
3188 2609 3352 2680 λόγου
3389 2611 3582 2682 χρῆσις
3615 2610 3786 2676 οὕτως

2205 2691 2344 2762 ἔχει.

487 2781 576 2836 tio
612 2795 830 2850 semper
863 2779 930 2836 de
963 2790 1120 2850 parte
1157 2778 1519 2848 intelligatur.
1560 2778 1745 2848 Atque
1785 2779 2100 2835 communis
2137 2783 2360 2851 quidem
2391 2787 2535 2858 apud
2568 2803 2764 2848 omnes
2800 2790 3055 2864 loquendi
3090 2795 3396 2854 ratioidem
3459 2801 3622 2856 etiam
3686 2800 3788 2858 de.

496 2879 795 2929 monstrat.

1115 2964 1291 3021 ‘CAP.
1336 2964 1472 3020 Vm.

559 3061 666 3117 Est
689 3069 951 3132 przeterea
979 3060 1128 3114 aliud
1154 3060 1394 3121 axioma,
1425 3059 1572 3128 quod
1599 3061 1679 3115 sic
1711 3059 1880 3115 habet
1911 3076 1926 3115 :
1953 3061 2101 3117 Con-

489 3155 804 3211 clusionem
836 3168 1056 3223 semper
1091 3153 1298 3207 imitari
1343 3165 1463 3207 eam
1507 3167 1573 3207 ex
1611 3154 1940 3224 praemissis,
1975 3169 2100 3224 quae

500 3249 682 3304 minor
731 3247 1058 3318 appellatur,
1110 3261 1231 3302 eam
1270 3261 1410 3301 vero
1439 3259 1562 3316 quae
1600 3256 1821 3317 partem
1877 3249 2099 3318 respicit

449 3351 451 3355 ‘
495 3351 622 3394 esse
677 3337 950 3392 minorem
1004 3337 1340 3403 universali,
1403 3338 1715 3408 negativam
1774 3341 1904 3396 item
1959 3341 2102 3396 allir-

501 3437 705 3494 mante,
767 3438 1031 3501 prmterea
1089 3431 1405 3487 necessaria
1462 3430 1733 3486 mitterem
1790 3433 2098 3504 simplicem

493 3530 556 3576 et
579 3522 816 3592 simplici
853 3521 1288 3594 contingentem.
1338 3521 1461 3593 lpse
1507 3538 1634 3579 vero
1674 3523 2000 3583 Aristotcles
2033 3543 2103 3583 ex

499 3616 716 3672 duabus
761 3615 1086 3687 prmmissis,
1135 3616 1310 3672 altera
1358 3616 1697 3684 necessaria,
1747 3619 1920 3674 altera
1966 3621 2104 3676 eim-

497 3709 655 3780 pliei,
701 3708 1071 3764 necessariam
1103 3707 1180 3762 ait
1217 3707 1330 3762 ﬁeri
1363 3709 1804 3766 conclusionem.
1838 3711 2004 3782 Atqui
2055 3713 2100 3769 si

501 3801 744 3857 medium
781 3801 914 3856 illud
940 3808 1044 3864 est,
1077 3799 1221 3871 quod
1257 3799 1495 3869 primum
1531 3802 1826 3854 terminum
1853 3811 2100 3858 extremo

501 3893 802 3959 connectit,
831 3908 940 3948 non
963 3893 1156 3960 utique
1176 3891 1336 3946 aliter
1365 3893 1543 3961 ipsum
1569 3895 1768 3959 poterit
1794 3893 1870 3947 illi
1897 3909 2104 3951 conne-

499 3997 673 4049 ctere.
709 4000 872 4056 quam
903 3999 968 4040 ea
1013 3988 1251 4049 ratione,
1284 3999 1390 4053 qua
1425 3983 1636 4052 primus
1687 3995 1934 4038 extremo
1964 4000 2098 4038 con-

496 4079 722 4150 junctus
776 4086 881 4132 est.
937 4074 1209 4142 Quocirca
1267 4076 1313 4130 si
1355 4075 1446 4129 ille
1475 4075 1700 4148 quidem
1747 4075 1816 4130 ad
1865 4077 2098 4130 alterunt

390 4200 397 4206 -
499 4168 868 4225 necessariam
918 4169 1079 4223 habet
1126 4168 1420 4232 rationem,
1464 4168 1684 4223 habebit
1713 4168 1879 4222 etiam
1916 4169 2003 4223 hic
2033 4168 2100 4222 ad

497 4273 806 4319 extremum
853 4263 1101 4316 eamdem
1155 4260 1447 4324 rationem,
1509 4259 1746 4329 ideoque
1785 4260 2098 4316 necessaria

498 4353 770 4409 duntaxat
809 4367 876 4408 ex
937 4352 1046 4407 illis
1088 4351 1358 4406 educetur
1409 4350 1717 4408 conclusio.
1770 4350 1867 4403 Sin
1917 4359 2098 4405 autem

499 4443 649 4498 idem
691 4441 933 4496 medium
976 4457 1084 4495 non
1118 4443 1434 4496 necessario
1471 4456 1596 4495 cum
1625 4441 1889 4494 alterutro
1911 4443 2102 4497 termi-

2814 2974 3065 3032 ΚΕΦΑΛ.
3101 2979 3184 3035 ﬂ'.

2281 3065 2395 3120 καὶ
2445 3066 2529 3119 ἔτι
2573 3067 2766 3139 ἕτερος
2803 3070 2832 3121 ὁ
2877 3064 3138 3142 τῇῆττον
3195 3074 3282 3129 ἀεὶ⁵
3315 3075 3424 3130 τῶν
3471 3079 3788 3146 προτάσεων

2203 3158 2269 3212 τὸ
2319 3158 2702 3229 συμπέρασμα
2764 3159 2997 3215 ’ἐπεσοαι
3033 3163 3400 3236 eammeam.)
3441 3170 3487 3223 δ’
3519 3167 3658 3227 εἶναι
3686 3174 3788 3242 τὴν

2130 3293 2176 3354 C
2210 3251 2313 3321 μὲν
2362 3253 2421 3304 ἐν
2453 3251 2611 3353 μέρει
2663 3251 2762 3354 τῆς
2798 3254 3058 3354 καθόλου,
3093 3255 3191 3327 τὴν
3220 3257 3266 3310 δ’
3296 3260 3646 3333 ἀποφατικὴν
3686 3267 3787 3334 τῆς

2205 3341 2620 3410 καταφατικῆς,
2651 3341 2750 3410 τὴν
2791 3343 3152 3416 ὑπάρχουσαν
3203 3349 3260 3403 δὲ
3309 3351 3409 3423 τῆς
3464 3355 3786 3425 ἀναγκαίας,

2203 3435 2300 3488 καὶ
2352 3434 2722 3505 ἐνδεχομένην
2807 3437 2909 3506 τῆς
2961 3441 3342 3511 ὑπαρχούσης.
3401 3447 3572 3512 Αὐτὸς
3618 3450 3675 3503 δὲ
3732 3451 3791 3515 ἐξ

2201 3525 2519 3593 ἀναγκαίας
2563 3543 2624 3579 τε
2681 3527 2777 3582 καὶ
2836 3528 3197 3604 ὑπαρχούσης
3251 3537 3574 3607 προτάσεων
3620 3542 3783 3610 άναγο

2203 3617 2362 3670 καῖὁν
2415 3633 2554 3686 φησι
2611 3622 3086 3692 συμπεραίνεσθαι
3144 3629 3543 3699 συμπέρασμα.
3597 3633 3790 3689 Καίτοι

2203 3709 2254 3762 εί
2309 3707 2371 3761 τὸ
2407 3709 2576 3778 μέσον
2619 3711 2740 3764 ἐστὶ
2781 3711 2842 3764 τὸ
2881 3713 2959 3783 τῷ
3007 3715 3227 3788 ἐσχάτῳ
3271 3719 3334 3772 τὸ
3367 3721 3584 3791 πρῶτον
3616 3723 3785 3793 ἄκρον

2207 3801 2498 3871 ὲπιφέρον,
2528 3802 2628 3855 οὐκ
2662 3803 2728 3857 ἀν
2759 3804 2825 3874 δὴ
2874 3805 3056 3880 άλλως
3092 3809 3227 3862 αὐτὸ
3271 3812 3555 3884 ἐπιφέρειν
3587 3811 3701 3870 οἷόν
3739 3821 3786 3870 τ’

2203 3892 2352 3963 εἴηῆ
2389 3887 2518 3968 ᾖᾶν
2549 3893 2683 3947 αὐτὸ
2717 3894 2795 3964 τῷ
2845 3893 3062 3967 ἐσχάτῳ
3114 3899 3394 3973 ὑπάρχοι·
3435 3905 3530 3958 καὶ
3582 3909 3632 3958 εί
3681 3909 3786 3977 μὲν

2209 3985 2342 4037 αὑτό
2375 4002 2435 4037 τε
2490 3987 2688 4056 ἐκείνῳ
2727 3987 3043 4056 ἀναγκαέως
3074 3989 3209 4060 ἔχει,
3248 3993 3344 4046 καὶ
3367 3993 3496 4048 αὑτὸ
3517 3995 3595 4068 τῷ
3625 3999 3788 4068 ἐσχά-

2207 4094 2284 4145 τῳ
2312 4077 2634 4147 ἀναγκαίως
2666 4079 2932 4152 ὑπάρχει,
2969 4081 3149 4146 οὕτως
3178 4083 3247 4137 ἂν
3280 4085 3458 4154 μόνως
3486 4088 3788 4158 ἀναγκαῖον

2213 4168 2663 4238 συμπεραίνοιεν.
2695 4170 2759 4222 El
2785 4171 2849 4222 .δ’
2876 4171 3008 4224 αὐτὸ
3043 4172 3120 4244 μὴ
3153 4175 3467 4243 ἀναγκαίως
3497 4178 3631 4248 πρὸς
3656 4181 3788 4233 ὁπός

2207 4274 2367 4350 τερον
2411 4257 2524 4329 ἔχει
2551 4299 2568 4326 ,
2621 4258 2731 4312 οὐδ’
2781 4258 2849 4313 ἂν
2895 4261 2958 4314 τὸ
3013 4263 3231 4332 πρῶτον
3273 4265 3354 4335 τῷ
3401 4267 3616 4337 ἐσχάτῳ
3674 4261 3789 4321 οἷόν

2209 4370 2270 4407 τε
2297 4353 2384 4422 εἴη
2417 4354 2736 4422 ἀναγκαίως
2773 4354 3112 4425 ἐπενεγκεῖν.
3149 4357 3258 4412 Καὶ
3296 4357 3473 4414 ταῦτα
3506 4361 3606 4430 μὲν
3648 4362 3790 4432 ’Δρι-

2209 4443 2499 4508 στοτέλους
2528 4445 2782 4500 τοιαῦτα.

502 4551 698 4592 norum
749 4538 1136 4604 coniungatur,
1191 4547 1302 4590 tum
1343 4549 1411 4589 ne
1467 4535 1676 4604 primus
1722 4536 1944 4604 quidem
1991 4551 2123 4592 cum
2157 4549 2406 4595 extremo
2504 4540 2706 4611 poterit
2753 4537 3016 4610 conjungi
3061 4542 3391 4598 necessario.
3447 4544 3624 4615 Atque
3675 4543 3791 4602 hac

503 4631 725 4700 quidem
751 4628 1064 4685 Aristotelis
1100 4628 1452 4700 pronuntiata
1482 4636 1616 4683 suttt
1643 4629 1983 4700 huiusmodi.

1159 4723 1318 4778 (ᾺΡ.
1359 4722 1453 4777 ΙΧ.

579 4816 748 4874 Venio
778 4816 889 4887 jam
946 4815 1012 4870 ad
1047 4831 1132 4882 ea,
1167 4830 1290 4885 quae
1339 4815 1394 4869 in
1449 4814 1604 4869 libris
1641 4814 1715 4870 De
1750 4815 1956 4881 anima,
1988 4831 2098 4872 non

504 4922 656 4968 recte
687 4910 905 4966 docuit.
934 4909 1198 4964 Platonici
1235 4910 1418 4979 itaque
1470 4909 1602 4964 illud
1644 4903 1864 4980 quidem
1903 4925 2099 4980 super-

505 5005 758 5061 naturale
821 5019 995 5060 unum
1041 5003 1364 5074 simpliciter
1415 5018 1585 5058 unum
1648 5003 1878 5066 l'aciunt,
1927 5017 2100 5073 usque

501 5097 645 5154 adeo
679 5105 739 5152 ut
769 5093 1208 5161 subsistentiam',
1241 5095 1566 5167 potentiam,
1599 5105 1653 5151 et
1683 5105 1864 5151 actum
1928 5095 2101 5166 ipsius

502 5207 534 5246 a
570 5207 630 5248 se
680 5190 916 5246 invicem
971 5205 1078 5245 non
1128 5189 1467 5246 discernant.
1509 5189 1568 5243 ιιι
1623 5189 1748 5244 aliis
1798 5203 1927 5244 vero
1977 5201 2102 5259 qua

502 5293 628 5355 post
655 5294 710 5340 et
741 5283 884 5338 infra
919 5283 1099 5352 ipsum
1150 5290 1304 5348 sunt,
1347 5281 1544 5337 formis
1565 5289 1624 5337 et
1658 5281 1962 5347 mentibus,
1993 5295 2100 5334 non

499 5376 695 5432 eodem
747 5375 912 5431 modo
941 5374 1040 5430 tria
1103 5367 1197 5429 illa
1234 5389 1405 5430 unum
1439 5389 1566 5430 esse
1611 5374 1969 5439 arbitrantur,
2004 5371 2101 5427 sed

500 5479 687 5524 autem
727 5469 949 5538 quidem
979 5482 1012 5522 a
1038 5466 1422 5532 subsistentia,
1453 5466 1753 5535 potentiam
1805 5479 1938 5519 vero
1990 5480 2100 5518 non

501 5561 728 5616 omnino
775 5561 843 5614 ab
879 5567 1006 5614 actu
1050 5559 1400 5624 discernunt,
1438 5567 1493 5612 et
1543 5559 1689 5627 quod
1739 5567 1950 5614 mentes
1996 5557 2102 5612 illte

501 5654 619 5710 sive
672 5655 865 5708 format
911 5666 1038 5706 cum
1091 5653 1204 5706 sint
1253 5651 1586 5717 immobiles,
1624 5651 1759 5705 nihil
1799 5651 2098 5722 quidquam

500 5747 772 5810 potentia,
828 5744 923 5800 sed
955 5758 1021 5798 ea
1053 5744 1240 5798 omnia
1289 5745 1467 5814 reipsa
1495 5753 1547 5798 et
1582 5753 1707 5798 actu
1754 5758 1968 5813 semper
2005 5744 2101 5798 ha-

502 5833 633 5893 bent
662 5835 976 5906 przesentia,
1009 5850 1132 5907 qua:
1167 5835 1292 5919 sibi.
1333 5836 1541 5892 insunt.
1578 5835 1646 5893 At
1682 5836 1739 5892 in
1774 5835 1957 5892 anima
1992 5838 2094 5892 tria

2137 4727 2190 4788 D

2813 4723 3067 4780 ΚΕΦΑΛ.
3119 4726 3198 4781 8'.

2269 4820 2524 4889 Μέτιμεν
2575 4819 2632 4872 δὲ
2661 4820 2758 4872 καὶ
2789 4819 2885 4872 ἐπὶ
2916 4821 2985 4873 τὰ
3023 4820 3165 4889 περὶ
3193 4819 3373 4889 ψυχῆς
3403 4819 3554 4891 αὐτῷ
3591 4821 3650 4874 οὗ
3689 4838 3793 4874 κα-

2199 4913 2308 4976 λῶς
2349 4913 2682 4984 διῃρημένα.
2732 4913 2795 4966 Oi
2825 4912 2927 4982 μὲν
2971 4911 3066 4966 οὖν
3105 4913 3243 4981 περὶ
3280 4913 3547 4966 Πλάτωνα
3580 4915 3640 4966 τὸ
3691 4915 3793 4982 μὲν

2201 5004 2529 5074 ὑπερούσιον
2559 5004 2618 5058 ἓν
2646 5004 2823 5067 ἄλλως
2851 5003 2911 5056 ἓν
2953 5000 3094 5059 εἶναι
3121 5005 3384 5070 τίθενται,
3439 5005 3564 5059 οὔτε
3599 5007 3789 5060 οὐσίαν

2204 5093 2400 5160 αὐτοῦ,
2432 5093 2560 5148 οὔτε
2598 5077 2854 5164 δύναμιν,
2891 5095 3018 5149 οὔτε
3077 5097 3361 5164 ἐνέργειαν
3399 5095 3791 5168 διακρίνοντεςο

2200 5188 2269 5242 τὰ
2303 5188 2362 5242 δὲ
2391 5187 2512 5258 μετ’
2544 5188 2679 5242 αὐτὸ
2709 5189 2826 5260 εἴδη
2857 5205 2920 5242 τε
2954 5192 3048 5242 καὶ
3079 5189 3203 5254 νοῦς
3229 5190 3331 5260 οὐχ
3368 5189 3574 5257 ὁμοίως
3605 5189 3792 5253 ἁπλῶς

2205 5280 2355 5352 ἔχειν
2393 5281 2661 5348 ἀξιοῦσιν,
2713 5283 2833 5338 ἀλλ’
2861 5283 3149 5355 ἐνέργειαν
3193 5285 3296 5356 ήδη
3335 5285 3516 5338 αὐτῶν
3561 5285 3660 5354 τῆς
3701 5285 3791 5336 οἰ-

2207 5375 2334 5438 σίας
2361 5375 2734 5446 διακρίνουσι,
2763 5375 2999 5443 δύναμιν
3029 5375 3075 5430 δ’
3109 5376 3169 5429 οὗ
3204 5377 3348 5430 πάνυ
3381 5393 3464 5429 τοι
3505 5376 3604 5447 τῆς
3640 5377 3796 5444 ἐνερ-

2202 5467 2382 5534 γείας,
2419 5466 2505 5520 διὰ
2543 5466 2605 5520 τὸ
2643 5467 2880 5538 ἀκίνητα
2906 5467 3040 5522 ὄντα
3073 5466 3364 5539 μηδοτιοῦν
3390 5467 3638 5536 δυνάμει,
3676 5465 3796 5520 ἀλλ’

2205 5558 2425 5613 ἅπαντα.
2484 5560 2744 5630 ἐνεργείᾳ
2796 5560 2884 5612 ἀεὶ
2941 5560 3160 5623 ἑαυτοῖς
3220 5559 3364 5630 ἔχειν
3424 5559 3670 5631 παρόντα
3726 5559 3801 5614 τὰ

2205 5656 2502 5722 προσόντα.
2540 5652 2736 5722 Ψυχῆς
2771 5651 2816 5704 δ’
2879 5653 2981 5722 ἤδη
3038 5653 3134 5705 καὶ
3180 5653 3370 5705 οὐσίαν
3429 5654 3524 5705 καὶ
3568 5652 3801 5718 δύναμιν

2204 5745 2302 5798 καὶ
2353 5744 2646 5816 ἐνέργειαν
2689 5744 3036 5814 διακρίνουσι
3067 5783 3083 5810 ,
3113 5744 3203 5798 διὰ
3235 5744 3296 5798 τὸ
3333 5743 3657 5814 κινουμένην
3687 5741 3798 5793 ἀπο

2200 5840 2473 5921 νοήματος
2515 5838 2609 5921 ἐπὶ
2641 5837 2842 5908 νόημα,
2896 5836 2994 5907 τὴν
3040 5837 3086 5891 δ’
3144 5835 3496 5909 ἀνθρωπίνην
3546 5835 3641 5887 καὶ
3689 5831 3803 5887 ἀπὸ
