4078 6404
451 388 560 450 9ϋό

1674 381 1997 448 GEORGII
2047 382 2475 444 l‘LETllOVlS

3592 383 3695 447 90$

451 500 665 558 vivendi
720 498 1032 555 facultatem
1071 499 1428 569 adipiscatur.
1488 499 1660 567 Quam
1697 501 1768 553 oh
1799 515 2020 553 causam

2129 501 2227 570 τὴν
2263 503 2360 551 καὶ
2403 499 2752 570 Ἀριστοτέλη
2791 501 2887 569 τὴν
2915 500 3097 571 ψυχὴν
3127 501 3314 570 τήνγε
3351 499 3699 568 ἀνθρωπίνην

450 596 612 648 etiam
644 595 952 648 Alexander
995 593 1086 646 ille
1133 593 1580 664 Aphrodisiensis
1610 632 1624 656 ,
1675 593 1911 648 deducto
1960 594 2025 646 ad

449 702 604 741 suam
625 688 1042 754 ’improhitatam
1079 700 1338 740 sermone
1368 685 1480 751 illo,
1519 686 1647 739 inde
1675 686 2021 738 occasionem

2132 591 2424 656 δοξάζοντα
2461 591 2729 646 τίθεσθαι.
2789 593 2897 645 Καὶ
2952 593 3080 660 περὶ
3134 593 3234 662 μὲν
3282 589 3490 644 τούτων
3523 591 3580 653 ἐς
3612 605 3700 642 το-

2133 685 2347 738 σοῦτον.

449 782 702 851 sumpsit,
736 789 796 833 ut
825 781 1052 844 diceret,
1079 779 1147 831 ah
1179 778 1299 848 ipso
1332 790 1554 848 quoque
1590 776 1884 832 Aristotele
1907 777 2101 830 anima:
2180 777 2434 831 humana:
2488 774 2954 832 immortalitatem
3028 792 3149 834 esse
3190 789 3457 848 negatam.
3525 779 3698 849 Atque

449 876 515 929 de
548 874 633 929 itis
662 872 880 944 quidem
916 873 1204 929 hactenus.

1070 964 1237 1022 'CAP.
1269 965 1386 1021 ΧΠ.

515 1060 713 1116 'Plaeet
739 1070 922 1114 autem
948 1058 1110 1113 etiam
1144 1058 1409 1128 quasdam
1444 1058 1614 1125 ipsius
1639 1055 1705 1110 'de
1723 1053 2025 1110 virtutibus

452 1153 846 1222 disputationes
870 1151 1055 1218 paucis
1074 1150 1362 1218 attingere,
1385 1158 1549 1220 atque
1580 1148 1797 1217 planum
1815 1145 2025 1213 'faccre,

456 1260 619 1314 quam
651 1244 815 1297 etiam
851 1245 903 1296 in
952 1242 1040 1296 his
1067 1241 1415 1296 sermonibus
1447 1255 1474 1292 a
1514 1240 1741 1293 veritate
1790 1238 2022 1292 alienam

453 1345 717 1404 sequatur
750 1333 1086 1404 Opinionem.
1124 1329 1364 1386 Virtutes
1421 1332 1496 1384 ait
1549 1331 1637 1385 ille
1662 1346 1785 1384 esse
1817 1331 2026 1382 mediu-

447 1426 716 1489 eritates,
778 1425 904 1478 vitia
959 1432 1137 1476 autem
1199 1423 1599 1485 extremitates,
1644 1421 1736 1474 ulti
1772 1420 2030 1474 nimirum

446 1518 862 1572 mediocritates
911 1515 1168 1584 intelligit
1214 1513 1567 1582 passionum,
1622 1527 1743 1580 qua:
1804 1520 1930 1566 sunt
1978 1509 2032 1564 in

457 1611 640 1663 anima
664 1619 718 1662 ct
747 1617 939 1661 contra
986 1607 1040 1658 in
1100 1605 1243 1657 vitiis
1288 1604 1602 1659 earumdem
1633 1601 2031 1657 extremitates.

462 1699 535 1754 l)e
563 1713 670 1768 quo
706 1706 886 1752 autem
925 1696 1313 1750 mediocritatis
1349 1709 1545 1762 genere
1567 1694 1793 1747 interim
1847 1691 2034 1761 loqua-

453 1801 543 1845 tur
587 1792 691 1860 (cst
724 1791 866 1844 enim
909 1789 1186 1858 multiplex
1220 1788 1606 1857 mediocritas)
1664 1797 1845 1840 utrum
1870 1785 2026 1840 vide-

453 1883 578 1936 licet
605 1881 670 1936 de
693 1897 753 1935 ea
774 1897 894 1951 qua:
923 1881 976 1934 itt
1001 1882 1282 1950 qualitate,
1309 1881 1392 1934 vel
1414 1895 1474 1934 ea
1497 1895 1620 1948 qua:
1647 1879 1698 1932 in
1723 1879 2026 1948 quantitate

2732 965 2985 1019 ΚΕΦΛΛ.
3035 965 3137 1020 iB'.

2192 1050 2476 1125 ’Βούλομαι
2503 1055 2562 1110 δέ
2593 1075 2644 1110 τι
2678 1059 2772 1112 καὶ
2802 1058 2930 1130 περὶ
2958 1060 3069 1112 τῶν
3097 1063 3153 1124 ἐς
3189 1061 3289 1124 τὰς
3322 1061 3526 1128 ἀρετὰς
3555 1055 3698 1129 αὖτῷ

2135 1146 2724 1216 πεπραγματευμένων
2752 1147 2928 1218 βραχὺ
2955 1149 3131 1202 εἰπεῐν
3156 1150 3252 1203 καὶ
3274 1146 3444 1215 δεῖξαι
3463 1151 3588 1204 ὅσον
3606 1150 3700 1204 καὶ

2133 1237 2191 1288 ἐν
2222 1238 2336 1298 τοῖς
2366 1237 2628 1300 τοιούτοις
2655 1237 2838 1306 λόγοις
2893 1237 2988 1292 τοῦ
3019 1239 3196 1302 καλῶς
3249 1239 3463 1311 ἔχοντος
3489 1239 3702 1294 ἀπολεί-

2135 1343 2325 1380 πεται.
2347 1327 2671 1396 Μεσότητας
2700 1329 2797 1389 τὰς
2825 1329 3024 1398 ἀρετὰς
3050 1327 3187 1384 εἷναί
3212 1343 3366 1399 φησι,
3396 1329 3493 1395 τὰς
3515 1330 3571 1384 δὶ
3600 1348 3699 1384 και

2133 1417 2259 1477 κῐας
2300 1417 2636 1486 ἀκρότητας,
2676 1419 2784 1472 τῶν
2839 1417 3027 1472 παθῶν
3072 1419 3134 1488 δὴ
3187 1419 3363 1486 λέγων
3399 1420 3700 1490 μεσότὴτσς

2131 1506 2241 1559 τῶν
2279 1507 2377 1575 τῆς
2406 1508 2586 1577 ψυχῆς
2635 1509 2855 1565 καὶτ...
2891 1511 3070 1564 αὐτῶν
3113 1512 3423 1581 ἁκρθῖτητας
3455 1509 3542 1564 αὖ.
3569 1511 3704 1563 Ἤν-

2131 1616 2254 1652 τινα
2285 1599 2340 1651 δὲ
2376 1600 2626 1668 βούλεται
2654 1602 2850 1672 ἀρετῆς
2874 1599 3013 1655 εἶναι
3046 1604 3316 1672 μεσότητα
3338 1605 3573 1672 (γένοετο
3593 1604 3698 1671 γὰρ

2134 1690 2202 1744 ἂν
2233 1690 2507 1761 πλεονχχῆ
2566 1693 2821 1761 μεσότης)
2861 1693 2982 1762 ἦτοι
3038 1693 3116 1763 τῷ
3156 1693 3294 1762 ποιῷ
3333 1694 3365 1762 ἢ
3427 1692 3505 1762 τῷ
3552 1692 3702 1760 ποσῷ

2133 1784 2332 1837 οὑτωσὶ
2361 1783 2461 1852 μὲν
2497 1784 2703 1846 ἁπλῶς.
2739 1785 2801 1838 οὐ
2826 1785 3050 1849 ’πάντως
3081 1785 3333 1852 διασαςρεῐ
3357 1799 3370 1813 ·
3422 1786 3484 1836 ἐκ
3520 1784 3701 1853 μέντοι

2135 1873 2366 1943 βραχέος
2400 1873 2551 1944 αὐτῷ
2580 1873 2741 1942 λόγου
2786 1875 3080 1944 εἰρημένου
3113 1875 3234 1928 εστι
3268 1873 3460 1927 λαϐεῖν
3489 1876 3548 1928 ἐν
3575 1866 3617 1941 ᾧ
3639 1873 3699 1926 τὸ

451 1977 703 2033 consistit
738 1977 824 2030 ille
855 1992 963 2030 non
1019 1975 1154 2030 satis
1189 1985 1377 2044 aperte
1405 1974 1637 2043 explicat
1673 1988 1688 2026 :
1724 1971 1826 2026 nisi
1878 1973 2024 2040 quod

2131 1969 2256 2028 τοὺς
2291 1965 2576 2035 σκηπτούς
2604 1981 2664 2019 τε
2715 1967 2810 2019 καὶ
2863 1969 3119 2036 σεισμοὺς
3149 1967 3211 2020 οὐ
3259 1966 3486 2020 δεδιέναι
3519 1969 3574 2020 ἐν
3597 1983 3697 2018 κα-

459 2069 646 2140 paucis
695 2064 1022 2137 quihusham
1071 2066 1243 2135 ipsius
1271 2066 1474 2132 verbis,
1509 2081 1631 2135 quae
1667 2064 1774 2118 alio
1822 2064 1873 2116 in
1899 2064 2028 2118 ‘loco

411 2199 414 2202 ~
449 2162 604 2228 fecit,
665 2161 717 2216 id
751 2162 930 2230 ipsum
991 2159 1167 2229 pessit
1206 2157 1587 2222 animadverti,
1643 2157 1732 2210 ubi
1769 2154 2027 2210 nimirum

446 2255 581 2310 vitio
611 2255 817 2320 vertit,
867 2253 912 2308 si
948 2255 1075 2322 quis
1117 2251 1348 2306 fulmina
1393 2261 1446 2306 ct
1495 2259 1656 2305 terra!
1689 2259 1868 2304 motus
1921 2261 2028 2301 non

451 2357 679 2402 metuat.
735 2345 810 2400 Ex
869 2360 982 2415 quo
1037 2353 1263 2414 apparet
1316 2344 1466 2397 illum
1515 2359 1624 2396 non
1693 2339 1935 2396 timenda
1975 2345 2030 2394 et.

450 2437 690 2492 timenda
745 2451 854 2490 non
895 2435 1154 2504 qualitate
1213 2434 1394 2488 metiri
1447 2442 1612 2502 atque
1669 2432 2027 2502 distinguere,

449 2527 544 2582 Sed
575 2543 770 2596 magno
801 2535 855 2580 et
885 2540 1052 2597 parvo
1077 2525 1220 2594 quod
1254 2534 1336 2579 est
1362 2524 1692 2594 quantitate.
1729 2524 1798 2578 At
1850 2521 2031 2576 Plato-

447 2619 554 2674 nici
613 2634 717 2672 non
753 2618 849 2683 ita,
889 2630 987 2673 nec
1022 2617 1114 2672 alii
1162 2617 1382 2687 quidem
1420 2615 1510 2686 qui
1559 2630 1671 2669 rem
1708 2616 2030 2671 accuratius

446 2711 785 2778 examinant,
817 2708 912 2766 sed
942 2723 1158 2764 omnem
1213 2707 1436 2778 quidem
1478 2707 1872 2776 turpitudinem
1907 2720 2029 2762 esse

445 2804 767 2869 timendam,
809 2803 925 2858 sive
982 2815 1236 2872 magnam
1275 2801 1391 2855 sive
1451 2815 1720 2870 parvam;
1764 2800 2027 2870 quidquid

445 2908 580 2952 vero
617 2898 790 2966 turpe:
817 2909 926 2949 non
954 2894 1047 2961 sit,
1084 2909 1191 2948 non
1230 2892 1530 2946 timendum
1564 2893 1907 2959 existimant,
1943 2901 2028 2946 at-

440 2985 656 3058 que'ita
691 2987 960 3057 qualitate
1013 3000 1130 3039 non
1189 2984 1494 3054 quantitate
1522 2984 1766 3039 timenda
1815 2992 1871 3038 et
1919 3000 2027 3038 non

449 3076 697 3130 timenda
735 3075 1059 3130 metiuntur.
1091 3074 1332 3130 Proinde
1367 3092 1473 3130 non
1504 3091 1626 3132 esse
1654 3076 1848 3146 dignos
1871 3086 2026 3131 metu

448 3176 792 3224 terra-motus
833 3175 887 3222 et
927 3167 1154 3221 fulmina
1186 3208 1201 3233 ,
1250 3168 1295 3222 si
1342 3167 1561 3236 quidem
1615 3168 1733 3222 luce
1775 3170 2030 3223 vitio'cav

448 3265 626 3321 reant,
663 3270 764 3310 nec
803 3256 1045 3327 pejorem
1095 3255 1300 3312 faciant
1333 3258 1630 3313 hominem.
1662 3256 1733 3311 'Et
1754 3259 2029 3328 quomodo

2133 2058 2256 2121 κίας
2290 2058 2450 2128 μέρει
2500 2058 2736 2113 τίθεται.
2768 2059 3030 2112 Φαίνεται
3059 2059 3168 2128 γὰρ
3197 2061 3260 2112 ὲκ
3294 2058 3485 2112 τούτου
3515 2059 3573 2112 οὐ
3617 2056 3697 2128 τῷ

2132 2150 2274 2218 ποιῷ
2301 2150 2370 2203 τά
2401 2163 2458 2203 τε
2491 2149 2791 2222 θαρῤα>.ἐα“
2827 2151 2924 2204 καὶ
2977 2150 3127 2204 δεινὰ
3157 2151 3402 2221 διαιρῶν,
3438 2150 3572 2204 ἀλλὰ
3600 2167 3699 2221 με·

2131 2242 2279 2310 γέθει
2331 2256 2390 2296 τε
2444 2246 2541 2296 καὶ
2586 2243 2938 2313 σμικρότητι,
2967 2246 3063 2297 καὶ
3108 2243 3283 2312 ποσῷ.
3334 2242 3474 2296 Ἀλλ’
3515 2243 3612 2312 οὺχ
3646 2241 3700 2295 οἱ

2131 2335 2262 2405 περὶ
2293 2334 2557 2388 Πλάτωνα
2591 2333 2758 2399 οὕτω,
2788 2334 2910 2388 οὖδέ
2937 2351 3002 2402 γε
3045 2335 3155 2388 τῶν
3185 2334 3360 2389 ἄλλων
3389 2337 3437 2387 οί
3479 2333 3549 2386 τὰ
3579 2333 3695 2402 βελ-

2129 2427 2234 2480 τίω
2264 2427 2465 2490 πάντες
2501 2425 2851 2498 φρονοῦντες,
2902 2427 3040 2480 ἀλλὰ
3074 2428 3135 2481 τδ
3187 2427 3287 2497 μὲν
3331 2426 3558 2498 αίσχρδν
3590 2429 3700 2482 πᾶν

2131 2521 2397 2586 δεινὸν,ᾶν
2427 2537 2486 2574 τε
2513 2523 2678 2592 μέγα,
2713 2521 2777 2576 ἄν
2804 2537 2864 2574 τε
2893 2522 3090 2591 ptitva
3207 2521 3269 2574 τὸ
3300 2521 3342 2573 δ’
3361 2522 3461 2575 οὐκ
3483 2520 3702 2590 αἰσχρὸν

2093 2613 2435 2685 .’θαρῤαλΐον
2467 2615 2576 2667 πᾶν
2623 2614 2902 2678 ἀξιοῦντες
2956 2610 3122 2678 εἶναι,
3172 2617 3230 2667 ὲν
3283 2616 3360 2685 τῷ
3397 2615 3562 2686 ποιῷ,
3593 2617 3692 2669 οὐκ

2132 2709 2192 2763 ὲν
2221 2709 2298 2779 τῷ
2333 2708 2514 2776 πόσῳ,
2543 2703 2604 2761 τ⁶ό
2653 2725 2710 2762 τε
2751 2709 2924 2762 δεινὸν
2957 2709 3051 2762 καὶ
3099 2708 3399 2781 θαρραλέον
3435 2709 3697 2763 τίθενται.

2129 2801 2360 2871 Σεισμοὶ
2388 2801 2446 2854 δὲ
2505 2803 2603 2856 καὶ
2660 2787 2898 2871 σκήπτοὶ
2934 2801 3053 2865 πῶς
3089 2801 3217 2866 ἄξια
3246 2802 3422 2865 δέους,
3450 2803 3502 2855 εί
3527 2818 3590 2870 γε
3623 2803 3696 2870 μὴ

2132 2895 2356 2963 αἰσχρὰ,
2385 2893 2523 2963 μηδὲ
2550 2896 2731 2948 κακίω
2751 2893 3015 2948 ’ποιοῦντα
3048 2894 3138 2949 τὸν
3165 2893 3491 2964 ἄνθρωπον,
3523 2894 3699 2956 Ὂλως

2131 3003 2190 3039 τε
2226 2987 2284 3040 τὸ
2310 2986 2438 3049 τοὺς
2475 2988 2759 3054 σκηπτοὺς
2789 2985 3021 3040 δεδιέναι
3077 2987 3195 3050 πῶς
3237 2987 3336 3040 οὐκ
3369 2987 3612 3056 ἀνόητον,
3636 2987 3696 3039 οό

2135 3079 2298 3149 μόνον
2344 3079 2427 3132 ὅτι
2475 3079 2578 3132 οὐκ
2631 3081 2859 3150 αἰσχρὸν
2916 3079 2978 3132 τό
3025 3092 3088 3148 γε
3145 3080 3580 3150 κεραυνωθῆναι,
3608 3085 3702 3133 καὶ

2130 3167 2321 3223 τοῦτον
2374 3169 2466 3224 τὸν
2499 3170 2702 3241 τρόπον
2735 3169 2894 3224 τοῦδε
2939 3170 3037 3223 τοῦ
3082 3169 3281 3242 θνητοῦ
3322 3170 3703 3240 ἀπαλλαγῆναι

2134 3262 2276 3331 (οὐδὲ
2309 3264 2418 3331 γὰρ
2443 3262 2560 3317 οὐδ’
2589 3261 2866 3332 ἡμέτερον
2899 3261 3130 3331 τοῦργον
3179 3263 3267 3316 ἵνα
3307 3261 3371 3334 δὴ
3423 3263 3516 3316 καὶ
3566 3265 3698 3332 ἡμῖν

443 3347 670 3402 tandem
729 3347 976 3401 stultitia:
1018 3363 1125 3402 non
1165 3348 1460 3414 tribuatur,
1515 3349 1562 3403 si
1599 3365 1759 3419 quem
1796 3357 2025 3405 terreant

2135 3349 2168 3427 ᾗ
2205 3355 2326 3425 ἦτοι
2361 3354 2528 3408 καλδν
2559 3354 2592 3424 ἢ
2621 3355 2889 3427 αἰσχρὸν),
2923 3355 3059 3408 ἀλλὰ
3099 3355 3198 3410 καὶ
3239 3356 3320 3409 ὅτι
3349 3355 3567 3426 πρῶτον
3602 3354 3702 3424 μὲν

446 3435 920 3506 fulmina,'idque
979 3452 1088 3492 non
1147 3438 1218 3492 ob
1259 3439 1400 3494 hanc
1452 3439 1718 3495 duntaxat
1763 3455 2024 3508 causam,

446 3531 591 3599 quod
633 3538 791 3600 turpe
818 3546 924 3585 non
961 3533 1029 3585 sit
1067 3530 1218 3587 feriri
1255 3531 1503 3598 fulmine,
1535 3542 1700 3603 atque
1735 3533 1838 3588 ltoc
1866 3534 2027 3589 modo

445 3623 730 3676 mortalem
803 3622 967 3676 vitam
1029 3631 1370 3678 commutare
1401 3624 1598 3694 (neque
1632 3625 1778 3679 enim
1813 3625 1916 3678 hoc
1941 3625 2026 3694 ip-

445 3727 568 3767 sum
623 3715 789 3768 etiam
829 3714 881 3767 itt
926 3713 1112 3769 nostra
1150 3715 1314 3768 situm
1375 3727 1455 3768 est
1499 3723 1797 3784 potestate,
1835 3723 1895 3768 ut
1947 3715 2028 3770 sic

445 3803 606 3858 nobis
658 3804 743 3858 vel
799 3803 946 3858 laudi
989 3805 1076 3858 vel
1113 3804 1242 3858 vitio
1288 3805 1450 3859 tribui
1485 3805 1706 3874 possit),
1739 3807 1832 3861 sed
1861 3807 2024 3862 etiam

443 3895 590 3962 quod
639 3895 756 3950 haec
808 3895 925 3965 ipsa
955 3910 1042 3951 res
1093 3896 1311 3963 intidem
1367 3913 1431 3951 ex
1487 3897 1702 3952 illarum
1745 3914 1926 3952 rerum
1957 3900 2029 3953 sit

443 4001 697 4052 numero,
755 4002 877 4056 qua:
927 3987 1210 4043 rarissime
1259 3991 1605 4058 contingunt,
1665 4005 1787 4060 quae
1843 4002 2025 4044 autent

443 4076 712 4146 ejusmodi
753 4087 902 4142 sunt,
943 4085 1204 4132 extremae
1250 4087 1379 4132 sunt
1408 4079 1649 4134 stultitia:
1675 4080 1766 4134 illa
1796 4095 2028 4150 exspec-

441 4177 558 4222 tare
589 4176 646 4223 et
672 4180 818 4222 metu
877 4169 1098 4222 illorum
1135 4171 1350 4234 terreri,
1403 4171 1605 4226 deinde
1648 4170 1793 4239 quod
1827 4172 2026 4242 aliquis

441 4257 747 4313 formidans
771 4299 786 4324 ,
821 4274 928 4314 non
966 4261 1138 4330 magis
1195 4261 1464 4316 liberatur
1517 4277 1682 4332 quam
1719 4263 1766 4318 is
1795 4263 1887 4332 qui
1919 4279 2026 4319 non

442 4347 724 4405 formidat.
744 4349 919 4420 Atque
939 4349 1286 4420 ingruentem
1319 4350 1540 4420 quidem
1565 4351 1656 4420 qui
1684 4353 2029 4415 metuittem-

439 4450 704 4512 pestatem
737 4449 793 4495 ct
825 4441 1082 4506 hiemem,
1119 4442 1166 4497 is
1214 4442 1455 4511 seipsum
1493 4443 1758 4498 adversus
1780 4443 1869 4498 illa
1893 4460 2028 4515 qua-

439 4534 565 4586 dam
606 4533 817 4586 ratione
848 4531 1064 4586 munire
1094 4541 1295 4602 potest,
1326 4544 1381 4588 et
1401 4535 1494 4602 qui
1530 4533 1759 4588 bestiam
1787 4535 2025 4606 aliquam

437 4621 773 4693 pertimescit
809 4659 826 4683 ,
884 4620 1075 4674 tuendi
1135 4621 1376 4676 fortasse
1438 4623 1681 4692 seipsum
1717 4624 2023 4682 facultatem

439 4715 626 4771 habet.
673 4719 741 4768 At
792 4728 954 4783 quem
989 4711 1194 4766 fulmen
1227 4722 1414 4791 terret,
1445 4713 1492 4768 is
1531 4714 1758 4770 omnino
1805 4716 2024 4774 ﬁrntare

438 4807 695 4873 afﬁcitur,
727 4819 836 4876 quo
886 4820 1113 4874 prorsus
1169 4803 1306 4859 allici
1339 4819 1443 4859 non
1475 4805 1715 4862 deberet.
1753 4809 2022 4865 Prmterea

439 4897 578 4954 illud
613 4912 835 4974 quoilue
876 4895 1094 4950 silentio
1141 4895 1421 4964 prarterire
1449 4913 1556 4952 non
1603 4901 2018 4970 'possum.Cnm

438 4990 643 5045 bonum
679 4997 734 5045 et
759 4988 1068 5057 sapientem
1095 4989 1272 5043 virum
1309 4990 1601 5044 contrariis
1639 4992 1832 5062 agitari
1853 4993 2018 5050 animi

437 5081 824 5136 affectionibus
855 5080 991 5135 nihil
1020 5080 1328 5150 prohibeat,
1353 5080 1479 5136 dum
1501 5081 1619 5137 tidit
1640 5084 1826 5152 modo,
1857 5087 2019 5142 modo

435 5175 650 5238 metuit,
687 5175 816 5230 dum
851 5177 1002 5245 cupit
1027 5175 1189 5228 modo
1215 5183 1271 5229 et
1291 5190 1486 5231 rursus
1523 5177 1851 5242 contemnit,
1873 5179 2016 5249 turpi

435 5277 617 5322 tamen
653 5283 710 5321 re
731 5277 786 5322 et
812 5282 919 5322 non
955 5267 1120 5336 turpi,
1153 5267 1282 5323 item
1316 5269 1458 5323 bona
1489 5278 1544 5323 et
1577 5284 1684 5324 non
1726 5271 1891 5338 bona,
1924 5272 2013 5327 illa

431 5357 617 5412 omnia
652 5359 996 5423 metientem,
1027 5374 1091 5412 ex
1115 5359 1218 5414 hoc
1259 5370 1542 5428 sequetur,
1575 5364 1740 5415 etiam
1766 5378 1892 5418 eum
1922 5364 2017 5432 qui

432 5447 546 5501 hrcc
579 5448 761 5502 omnia
791 5449 1066 5503 contraria
1098 5448 1248 5516 facit,
1277 5453 1482 5521 quique
1503 5451 1576 5506 sit
1606 5451 2018 5519 vitiosissimus,

433 5538 792 5594 nihilominus
846 5539 902 5592 in
936 5540 1318 5595 mediocritate
1369 5543 1606 5612 quadam
1641 5544 1806 5598 etiam
1839 5545 2016 5614 ipsum

433 5629 758 5683 consistere.
788 5628 1083 5684 Aristotele
1113 5629 1331 5686 interim
1373 5647 1538 5688 omne
1569 5633 1762 5689 vitium
1791 5636 1848 5690 in
1886 5635 2020 5692 solis

2129 3445 2238 3499 τῶν
2269 3462 2325 3498 τι
2378 3445 2468 3499 ἐπ’
2523 3446 2786 3517 ἐλάχιστα
2849 3446 3257 3517 συμϐαινόντων
3312 3447 3458 3500 εισί·
3519 3446 3587 3499 τὰ
3643 3447 3700 3501 δὶ

2129 3537 2354 3590 τοιαῦτα
2388 3536 2558 3607 πολλὴ
2596 3539 2779 3608 μωρία
2804 3537 3192 3609 προσδοκῶντα
3243 3538 3488 3592 δεδιέναι*
3532 3538 3705 3592 ἔπειθ’

2129 3628 2212 3682 ὅτι
2262 3629 2387 3682 οὐδὲ
2441 3627 2790 3698 περιγίνεται
2843 3643 2930 3690 τις
2977 3627 3166 3692 δεδιὼς
3221 3632 3297 3698 μὴ
3350 3627 3598 3682 δεδιόσιν.
3643 3628 3702 3681 '0

2131 3719 2236 3788 μὲν
2267 3720 2378 3790 γὰρ
2413 3720 2657 3789 χειμῶνα
2699 3718 2888 3782 δεδιὼς
2941 3718 3045 3772 κᾶν
3071 3717 3336 3790 φράξαιτο
3361 3719 3496 3788 πρὸς
3515 3719 3700 3784 αὐτὸν,

2129 3815 2223 3867 καὶ
2252 3816 2279 3866 ὀ
2313 3816 2527 3884 θηρίον,
2547 3814 2649 3868 κᾶν
2685 3814 3172 3883 φυλάξαιτο.Ὦστ’
3195 3815 3262 3868 ἂν
3293 3814 3472 3868 πάντα
3493 3816 3696 3884 τρόπον

2129 3905 2458 3960 ἀδεέστατον
2487 3907 2603 3970 δέος
2643 3907 2864 3976 φοϐοῖτο
2888 3909 2916 3960 6
2958 3907 3204 3976 σκηπτὸν
3235 3907 3444 3971 δεδιώς.
3482 3909 3603 3962 Ἔτι
3631 3925 3697 3977 γε

2133 3997 2240 4068 μὴν
2271 3999 2494 4051 κάκεῖνο
2538 3998 2736 4069 ῥητέον
2763 4013 2778 4030 ⁶
2830 3999 2919 4052 διὰ
2958 3999 3018 4052 τὺ
3046 3999 3382 4070 ἀμφοτέροις
3414 4000 3506 4052 τὸν
3534 3999 3704 4052 καλὸν

2131 4088 2374 4156 κάγαθὸν
2403 4091 2516 4152 τοῖς
2555 4089 2824 4152 ἐναντίοις
2857 4089 3056 4144 πάθεσι
3101 4089 3360 4160 χρῆσθαι,
3394 4089 3702 4162 θαρροῦντα

2130 4181 2363 4247 δεδιότα,
2401 4180 2776 4252 ἐπιθυμοῦντα
2811 4182 3204 4252 ὀλιγωροῦντα,
3240 4182 3319 4252 τῷ
3357 4183 3543 4253 μέντοι
3572 4184 3700 4238 alc-

2129 4272 2246 4343 χρῷ
2288 4289 2349 4326 τε
2403 4273 2500 4327 καὶ
2523 4272 2625 4328 οὐκ
2658 4273 2891 4344 αἰσχρῷ,
2922 4275 3019 4328 καὶ
3043 4273 3194 4344 καλῷ
3222 4290 3280 4327 τε
3311 4276 3404 4328 καὶ
3426 4275 3488 4328 οὐ
3524 4274 3700 4345 καλῷ,

2128 4362 2333 4417 τούτων
2367 4365 2608 4435 ἑκάτερα
2652 4366 2933 4436 ὁρίζοντα,
2969 4368 3276 4436 φανήσεται
3307 4368 3403 4422 καὶ
3429 4369 3458 4422 ὀ
3495 4367 3702 4422 τούτων

2129 4453 2520 4521 ἐναντιώτατος
2553 4457 2583 4510 6
2625 4456 3032 4528 παμμόχθηρος
3085 4459 3245 4512 οὐδὲν
3292 4453 3458 4531 ἦττον
3510 4459 3572 4516 ἑν
3606 4476 3702 4530 με·

2131 4545 2321 4615 σότητί
2350 4563 2458 4600 τινι
2503 4549 2597 4602 καὶ
2633 4548 2796 4612 αὐτὸς
2832 4548 2931 4615 ὢν,
2977 4549 3385 4620 Ἀριστοτέλους
3425 4553 3483 4604 ὲν
3513 4553 3704 4620 μόναις

2129 4639 2249 4699 ταῖς
2282 4639 2553 4710 ἀκρότησι
2609 4640 2709 4708 τὴν
2770 4641 2975 4694 κακίαν
3019 4639 3305 4712 τιθεμένου
3332 4657 3346 4672 ’
3391 4641 3507 4696 ἀλλ’
3539 4643 3568 4696 6
3602 4643 3702 4714 μὲν

2129 4729 2348 4783 πάντων
2378 4731 2668 4802 ἐπιθυμῶν
2704 4724 2780 4786 ὧν
2815 4749 2875 4786 τε
2898 4733 3026 4806 χρὴ,
3073 4727 3149 4790 ὢν
3179 4751 3238 4787 τε
3279 4734 3341 4788 οὗ
3391 4736 3520 4806 χρὴ,
3579 4735 3701 4789 οὐδέ

2125 4839 2245 4884 πως
2279 4823 2338 4876 ὲν
2371 4823 2448 4894 τῷ
2475 4819 2550 4878 ῶν
2583 4825 2691 4896 χρὴ
2723 4826 3044 4896 ἐπιθυμεῖν,
3078 4828 3355 4898 μοχθηρδς
3387 4827 3454 4882 ἂν
3484 4827 3571 4898 εἴη
3597 4846 3700 4893 τις,

2123 4915 2244 4968 οὖδέ
2267 4933 2329 4984 γε
2355 4919 2383 4971 6
2403 4917 2623 4971 πάντων
2651 4919 2956 4990 ὀλιγωρῶν,
2992 4921 3120 4974 ὅταν
3150 4923 3246 4975 καὶ
3263 4915 3338 4977 ὧν
3374 4921 3441 4975 ἂν
3471 4923 3578 4976 δέοι
3597 4919 3703 4974 ὀλιέ

2122 5009 2301 5077 γωρῇ.
2326 5007 2489 5060 Ὥστε
2521 5008 2727 5062 τούτων
2765 5009 2866 5079 μὲν
2902 5010 2971 5064 ἂν
3019 5010 3276 5080 ἑκάτερος
3307 5011 3703 5081 παμμόχθηρός

2119 5113 2238 5160 πως
2265 5098 2376 5169 εἴη’
2403 5101 2432 5153 6
2460 5099 2517 5153 δὲ
2544 5101 2944 5171 παμμόχθηρος
2985 5101 3274 5171 ἄνθρωπος
3315 5103 3411 5155 καὶ
3441 5101 3521 5171 τῷ
3553 5097 3702 5171 καλῷ

2118 5189 2348 5259 κάγαθῷ
2381 5192 2792 5258 ἐναντιώτατος,
2838 5195 3046 5255 ἐκεῖνος
3079 5191 3146 5245 ἂν
3174 5193 3282 5260 εἴη,
3326 5193 3356 5245 6
3398 5186 3472 5246 ὧν
3497 5193 3604 5270 μὲν
3638 5192 3704 5247 ἂν

2118 5277 2228 5332 δέοι
2255 5278 2567 5350 ἐπιθυμεῖν.
2603 5283 2767 5348 αὐτὸς
2801 5284 3114 5353 ὀλιγωρῶν,
3151 5277 3228 5337 ὧν
3257 5285 3299 5338 δ’
3324 5283 3390 5337 ἂν
3417 5283 3700 5354 ὀλιγωρεῖν

2124 5368 2256 5437 δέοι,
2277 5371 2438 5425 ἐπιθυ
2448 5374 2586 5443 μῶν.
2605 5374 2792 5443 Ὥστε,
2821 5376 2920 5430 ἅτε
2940 5378 3274 5450 ἀμφοτέροις
3293 5378 3392 5448 μὲν
3419 5380 3527 5437 τοῖς
3553 5379 3703 5430 ἐναν-

2134 5459 2276 5524 τίοις
2305 5463 2502 5517 πάθεσι
2534 5465 2817 5536 χρώμενος
2839 5469 3148 5539 ἀμφότερον
3171 5470 3237 5523 ἂν
3266 5470 3372 5538 εἴη,
3399 5468 3493 5523 καὶ
3527 5471 3581 5521 ἰν
3606 5483 3704 5533 με·

2139 5550 2328 5623 σότητί
2373 5569 2480 5608 τινι
2515 5557 2610 5608 καὶ
2655 5556 2819 5618 αὐτὸς
2842 5598 2857 5624 ,
2891 5557 2985 5611 καὶ
3029 5558 3147 5629 ἅμα
3177 5559 3254 5630 τῷ
3291 5560 3440 5629 καλῷ
3478 5556 3704 5630 κάγαθῷ

2129 5641 2550 5710 ἐναντιώτατος.
2579 5648 2672 5710 Ἐς
2704 5648 2959 5703 τοσοῦτον
2991 5651 3093 5721 μὲν
3119 5651 3184 5722 δὴ
3218 5653 3310 5708 καὶ
3334 5653 3462 5722 περὶ
3487 5650 3703 5707 τούτου.

431 5719 689 5774 extremis
727 5721 1052 5786 collocante,
1084 5730 1139 5777 et
1169 5723 1214 5777 is
1248 5723 1495 5794 quidem,
1525 5726 1616 5795 qui
1645 5728 1837 5783 omnia
1891 5732 2232 5802 concupiscit
2264 5743 2375 5792 tam
2412 5755 2474 5794 ea
2511 5756 2634 5810 quae
2717 5754 2953 5812 oportet,
2987 5719 3181 5814 quam-
3235 5745 3325 5801 illa
3395 5719 3515 5814 qua:
3593 5759 3702 5799 non

429 5819 662 5880 oportet,
692 5827 972 5886 nunquam
1001 5815 1206 5874 idcirco
1234 5819 1382 5891 quod
1423 5833 1487 5875 ea
1521 5819 1865 5892 concupiscit
1889 5837 2012 5896 qua:
2051 5835 2268 5898 oportet
2296 5829 2528 5892 vitiosus
2559 5831 2748 5905 fuerit,
2783 5837 3028 5906 ncqueis
3054 5839 3145 5905 qui
3215 5838 3396 5894 omnia
3451 5845 3702 5894 content-
