4078 6412
383 443 493 506 035

1065 448 1166 511 DE
1211 450 1634 515 PLATONICA
1676 451 1769 514 ΕΤ
1812 456 2373 523 ARISTOTELlCA
2408 466 2952 534 PHILOSOPHIA.

3537 486 3644 550 903

386 555 487 619 nit,
513 569 575 608 ea
608 554 866 610 nimirum
889 573 1009 628 quae
1033 562 1328 631 etquando
1352 574 1572 633 oportet
1603 576 1979 624 contemnere.
2020 569 2198 641 atque
2229 571 2303 627 ita
2336 574 2528 630 horum
2574 582 2793 649 quidem
2822 594 3051 655 uterque
3080 589 3453 650 scmivitiosus
3510 612 3648 666 quu-

382 647 678 702 dammodu
704 649 888 707 fuerit.
922 652 989 706 At
1022 652 1112 708 ille
1142 656 1290 708 omni
1318 670 1384 712 ex
1412 670 1567 727 parte
1600 661 1831 718 vitiosus
1859 664 1974 720 sive
2010 665 2426 734 vitiosissimus,
2464 671 2720 744 bonoque
2746 692 2810 731 ac
2842 680 3074 750 sapienti
3111 689 3350 747 maxime
3421 703 3618 751 contra

383 742 498 797 rius
527 743 887 813 appellandus
921 744 1045 811 erit,
1080 748 1174 818 qui
1222 749 1312 805 illa
1342 753 1586 821 quidem,
1628 770 1750 825 qua:
1822 769 2039 827 oportet
2080 763 2469 832 concupiscere
2495 803 2510 831 ,
2559 779 2909 836 contemnat,
2942 790 3062 843 quas
3109 793 3237 836 vero
3278 794 3493 852 oportet
3519 803 3643 842 cun-

382 840 547 893 temni
576 840 952 911 concupiscat,
984 842 1166 899 uthac
1193 846 1405 902 ratione
1425 862 1551 903 eum
1578 851 1670 920 qui
1698 852 1966 921 utrisque,
2014 853 2191 924 iisque
2223 859 2517 914 contrariis
2542 861 2829 921 aﬂ‘ectibus
2861 867 2955 922 sed
2990 872 3128 926 male
3191 876 3385 943 utitur,
3423 890 3647 938 utrum-

380 948 487 1003 que
515 948 637 988 esse
695 933 805 989 dici
858 934 932 989 sit
972 950 1235 1005 necesse,
1284 948 1339 994 et
1396 942 1574 1012 ipsum
1616 943 1876 998 nimirum
1926 946 1979 999 in
2023 947 2405 1007 mediocritate
2434 956 2669 1024 quadam
2692 973 2791 1013 sua
2828 964 3151 1033 consistere,
3184 980 3234 1023 et
3265 972 3429 1028 simul
3497 976 3644 1033 bono

380 1040 443 1079 ac
470 1023 702 1095 sapienti
739 1024 861 1080 viro
890 1029 1133 1083 maxime
1158 1034 1521 1088 contrarium.
1557 1036 1735 1106 Atque
1762 1037 1825 1091 de
1878 1037 1962 1093 his
2004 1040 2225 1109 quidem
2285 1048 2570 1105 hactenus.

960 1124 1212 1181 ΚΕΦΑΛ.
1268 1125 1370 1181 ΙΓ¹.

448 1207 532 1263 Τὰ
568 1211 626 1266 δὲ
675 1215 805 1284 περ)¹
844 1214 936 1268 τοῦ
973 1216 1160 1280 τέλους
1212 1219 1363 1288 αὐτῷ
1414 1220 1507 1276 τοῦ
1543 1223 1778 1293 ἐσχάτου
1806 1223 1956 1293 λεγό-

378 1317 516 1369 μενοι
554 1304 670 1367 πῶς
713 1308 773 1358 οὐ
830 1309 1059 1386 μεμπτά
1088 1311 1150 1362 οὐ
1184 1310 1246 1362 τὸ
1281 1312 1466 1376 καλὸν,
1502 1307 1537 1386 ᾖ
1567 1315 1616 1367 οἱ
1662 1315 1732 1368 τὰ
1761 1315 1958 1385 βελτίω

377 1394 701 1463 φρονοῦντες
757 1397 976 1465 πάντες,
1007 1400 1146 1454 ἀλλά
1180 1403 1280 1468 τὴν
1332 1404 1526 1476 ἡδονὴν
1555 1406 1826 1480 τιθεμένῳ
1856 1411 1959 1463 τά-

376 1487 563 1555 γαθὸν,
596 1490 939 1557 προστιθέντι
976 1492 1033 1545 δὲ
1062 1492 1129 1564 δὴ
1157 1494 1251 1548 καὶ
1275 1494 1371 1565 τὴν
1397 1496 1742 1570 θεωρητικήν
1768 1518 1783 1567 ;
1819 1502 1957 1557 Καί-

374 1594 456 1631 τοι
492 1579 540 1631 εί
572 1580 736 1652 ἡδονὴ
769 1581 803 1651 ἦ
851 1599 916 1651 γε
950 1582 1258 1655 θεωρητικὴ
1299 1588 1540 1656 τάγαθόν
1570 1592 1739 1660 ἐστιν,
1775 1595 1824 1646 εί
1853 1595 1955 1664 μὲν

374 1665 604 1720 καθόσον
630 1667 940 1741 θεωρητικὴ
966 1671 1000 1743 ἦ
1035 1689 1097 1740 γε
1126 1674 1287 1746 ἡδονὴ
1314 1676 1520 1744 ἀγαθόν
1548 1681 1687 1745 ἐστι,
1715 1683 1775 1734 τὸ
1814 1683 1951 1737 θέω-

373 1759 487 1827 ρεῖν
513 1758 703 1823 ἅπλῶς
732 1760 799 1814 ἂν
825 1761 910 1833 εἴη
949 1763 1212 1833 τάγαθὸν,
1248 1766 1315 1819 ἄν
1346 1785 1405 1820 τε
1444 1770 1604 1840 ἡδονὴ
1638 1771 1787 1842 αὐτῷ
1815 1774 1955 1845 ἕπη-

371 1863 483 1912 ται,
530 1848 595 1902 ἄν
648 1867 708 1904 τε
760 1855 854 1906 καὶ
888 1854 985 1926 μὴ’
1015 1856 1064 1908 εἰ
1108 1856 1165 1910 δὲ
1212 1858 1274 1910 τὸ
1320 1860 1547 1930 θεωρεῖν
1577 1865 1808 1919 καθόσον
1852 1870 1949 1939 ἡδὺ

370 1940 570 2008 ἀγαθόν
596 1942 733 2008 ἐστι,
777 1946 810 2016 ἡ
840 1945 1000 2018 ἡδονὴ
1030 1948 1098 2002 αὖ
1139 1951 1223 2020 εἴη
1275 1949 1341 2004 ἂν
1374 1953 1562 2018 ἁπλῶς
1591 1958 1852 2025 τάγαθὸν,
1885 1963 1951 2013 ἀν

368 2047 426 2083 τε
452 2030 752 2100 θεωροῦσιν
782 2036 932 2106 ἡμῖν,
966 2037 1031 2092 ἄν
1056 2040 1104 2091 τ’
1138 2039 1268 2094 ἄλλο
1295 2059 1347 2094 τι
1386 2044 1687 2113 πράττουσι
1718 2051 1947 2118 συμῶιί-

369 2132 454 2189 νῃ.
493 2120 648 2174 Κατὰ
684 2121 729 2174 δ’
765 2124 1077 2196 ἀμφότερον
1113 2127 1211 2197 τὴν
1246 2130 1590 2200 θεωρητικὴν
1621 2134 1819 2206 ἡδονὴν
1854 2137 1949 2190 καὶ

370 2211 603 2265 καθόσον
621 2213 985 2287 θεωρητικὴν,
1022 2218 1114 2271 καὶ
1143 2220 1378 2273 καθόσον
1403 2222 1601 2293 ἡδονὴν
1635 2225 1945 2297 ἀμήχανον,

368 2305 417 2356 εί
458 2305 534 2374 μὴ
575 2305 698 2358 καθ’
723 2307 909 2378 ἕτερόν
949 2327 1001 2362 τι
1036 2309 1094 2362 ἓν
1145 2311 1241 2363 καὶ
1289 2312 1490 2380 κοινὸν,
1527 2313 1556 2367 ὃ
1585 2316 1789 2386 ἀμφοῖν
1824 2319 1949 2372 τού-

370 2413 482 2450 τοιν
528 2396 785 2469 ὑπάρξοι.
845 2401 942 2455 Ἓν
1004 2404 1110 2472 γάρ
1148 2420 1200 2456 τι
1249 2406 1330 2458 δεῖ
1372 2402 1513 2460 εἶναι
1565 2409 1660 2460 καὶ
1715 2410 1775 2463 τὸ
1817 2413 1946 2481 ἡμῖν

369 2488 574 2542 ἄνωθέν
612 2507 672 2543 τε
726 2493 824 2546 καὶ
871 2493 980 2547 ἀπὸ
1023 2494 1118 2548 τοῦ
1176 2496 1506 2566 ὑπερουσίου
1568 2500 1687 2564 ἑνός
1739 2519 1800 2554 τε
1847 2507 1943 2556 καὶ

366 2580 580 2650 ἀγαθοῦ
613 2583 820 2653 ὲφῆκον
872 2585 1104 2654 ἀγαθόν.
1162 2590 1254 2642 Διὸ
1302 2592 1395 2643 καὶ
1446 2590 1616 2646 τᾶλλα
1669 2595 1799 2664 ἡμῖν
1847 2595 1941 2650 τοῦ

364 2676 530 2730 αὐτοῦ
582 2676 884 2747 μετέχοντα
928 2681 1116 2748 ἀγαθὰ
1173 2682 1349 2738 ἔσται.
1397 2684 1591 2754 Ἡμεῖς
1626 2687 1726 2758 μὲν
1754 2685 1850 2742 οὖν
1880 2690 1945 2744 τὸ

361 2769 527 2823 καλὸν
556 2771 688 2825 αὐτὸ
713 2767 853 2825 εἷναί
885 2790 1090 2844 φαμεν,
1120 2770 1183 2830 οὗ
1215 2780 1310 2831 καὶ
1360 2777 1564 2851 θεωρία
1593 2780 1940 2852 μετασχοῦσι

358 2862 560 2929 ἀγαθόν
600 2864 715 2916 ἐστι
761 2866 856 2919 καὶ
906 2867 1068 2937 ἡδονὴ
1113 2869 1211 2923 καὶ
1248 2871 1379 2924 ἄλλο
1434 2873 1545 2925 πᾶν
1590 2874 1791 2927 ὁτιοῦνο
1819 2874 1938 2928 ἀλλ’

371 2953 751 3027 Ἀριστοτέλης
801 2959 945 3012 ἔοικε
982 2959 1070 3014 διὰ
1098 2962 1256 3016 τοῦτο
1290 2966 1356 3035 τῇ
1400 2964 1560 3038 ἡδονῇ
1615 2966 1677 3020 τὸ
1725 2968 1938 3038 θεωρη-

316 3068 336 3089 μ
356 3048 506 3099 τικὸν
537 3040 989 3120 προστεθεικέναι
1021 3053 1109 3107 ἵνα
1141 3055 1241 3121 τὴν
1267 3057 1478 3111 οίκείαν
1519 3061 1652 3130 ἡμῖν
1716 3060 1936 3134 δηλώσῃ

354 3138 548 3209 ἡδονὴν
597 3140 661 3194 τὸ
719 3142 993 3214 ἡμέτερον
1024 3145 1230 3215 ἀγαθὸν
1283 3145 1474 3216 οὖσαν,
1503 3150 1578 3215 ὼς
1619 3152 1679 3205 τὸ
1709 3152 1937 3224 θεωρεῖν

354 3232 620 3302 ἡμέτερον
653 3233 891 3303 μάλιστα
951 3237 1113 3307 ἔργον
1154 3240 1237 3294 ὅν.
1294 3244 1387 3294 Δεῖ
1441 3244 1549 3314 γὰρ
1601 3245 1842 3313 τάγαθὸν
1873 3248 1933 3300 οὐ

352 3323 512 3390 μόνον
549 3323 779 3392 ἀγαθὸν,
814 3326 949 3380 ἀλλά
1004 3330 1099 3381 καὶ
1152 3333 1283 3402 ἡμῖν
1333 3351 1393 3387 τε
1434 3337 1528 3389 καὶ
1588 3338 1724 3406 πρὸς
1783 3340 1934 3408 ἡμᾶς

349 3410 512 3477 εἶναι,
545 3417 592 3467 εί
620 3414 807 3483 μέλλοι
867 3419 959 3470 καὶ
1005 3420 1140 3488 ἡμῖν
1172 3423 1390 3492 αἱρετὸν
1420 3425 1665 3494 ἔσεσθαι,
1693 3430 1756 3482 οὐ
1792 3431 1930 3485 πολύ

277 3555 280 3558 .
350 3521 403 3557 τι
438 3505 694 3575 διάφορον
747 3507 1050 3573 λέγωνμτοῦ
1085 3510 1439 3585 Ἑπικούρου,
1474 3518 1533 3581 ὃς
1573 3535 1676 3572 που
1734 3521 1931 3591 ἡδονὴν

347 3600 450 3666 τήν
498 3615 560 3664 γε
597 3598 840 3671 ψυχικὴν
885 3601 1126 3668 τάγαθὸν
1166 3604 1393 3662 τίθεται.
1441 3609 1626 3662 Ἔοικε
1677 3612 1786 3681 γὰρ
1834 3614 1931 3669 καὶ

361 3688 683 3762 Ἐπίκουρος
722 3691 866 3763 παρ’
908 3692 1318 3763 Ἀριστοτέλους
1355 3699 1466 3753 τῶν
1510 3701 1567 3763 ἐς
1597 3703 1698 3773 τὴν
1733 3704 1928 3774 ἡδονὴν

345 3779 521 3848 λόγων
553 3782 837 3853 εἰληφέναι
869 3784 966 3846 τὰς
997 3786 1277 3858 ἀφορμάς.
1327 3788 1522 3860 Ἦμεϊς
1553 3809 1616 3862 γε
1651 3795 1759 3866 μὴν
1794 3796 1926 3866 βρα-

345 3875 432 3943 χεῖ
475 3875 762 3946 τεκμηρίῳ
810 3876 1173 3949 ἐπιδείξωμεν
1232 3881 1293 3933 οὐ
1346 3882 1446 3951 τὴν
1507 3883 1705 3957 ἡδονὴν
1752 3883 1921 3940 οὖσαν

341 3965 602 4033 τάγαθόν.
646 3967 920 4039 Σύνισμεν
975 3972 1085 4042 γάρ
1143 3989 1244 4026 που
1301 3975 1435 4044 ἡμῖν
1491 3976 1679 4041 αὐτοῖς
1709 3979 1831 4032 τότε
1860 3980 1923 4049 δὴ

345 4056 581 4123 μάλιστα
623 4057 906 4127 ἡδομένοις
946 4060 1046 4132 τὴν
1079 4061 1429 4134 θεωρητικὴν
1467 4068 1673 4139 ταύτην
1702 4071 1920 4141 ἡδονὴν,

340 4146 558 4200 ἐπειδὰν
590 4150 653 4201 ἐκ
680 4149 850 4219 λήθης
906 4154 1037 4223 περὶ
1093 4155 1339 4226 ὁτουοῦνὲ
1376 4157 1922 4232 ἀναμιμνησκόμενοι

340 4239 658 4309 θεωρῶμεν.
696 4240 783 4295 Ἐν
811 4237 891 4306 οἷς
924 4243 970 4295 δ’
996 4244 1061 4298 ἀν
1100 4247 1300 4311 εἰδότες
1340 4251 1404 4302 ὲκ
1430 4253 1631 4305 πολλοῦ
1658 4253 1918 4307 διατελῶ-

341 4346 462 4399 μεν,
502 4332 567 4392 οὐ,
599 4333 743 4384 πάνυ
793 4351 898 4388 τοι.
942 4335 1003 4388 Εἰ
1028 4335 1073 4389 δ’
1103 4340 1136 4407 ἡ
1168 4338 1331 4410 ἡδονὴ
1372 4344 1637 4412 τάγαθὸν,
1676 4348 1771 4400 καὶ
1809 4349 1920 4401 πᾶν

335 4422 483 4491 ἥδιόν
519 4440 579 4476 τε
630 4424 720 4477 καὶ
753 4426 1240 4501 αἱρετώτερόνβοῦ
1288 4429 1457 4504 ἦττον
1489 4441 1734 4493 τοιούτου
1758 4480 1772 4504 ,
1806 4442 1914 4496 ἔδει

336 4519 430 4565 xi:
453 4514 513 4565 τὸ
567 4517 629 4568 ἐκ
669 4516 840 4586 λήθης
872 4518 1431 4593 ἀναμιμνησκόμενον
1466 4527 1718 4600 θεωρεῖν,
1756 4534 1915 4603 ἄμει-

335 4605 423 4657 νόν
452 4622 510 4657 τε
545 4607 907 4679 αἱρετώτερον
956 4609 1096 4664 εἴναι
1145 4614 1241 4667 τοῦ
1289 4617 1378 4670 ἀεὶ
1413 4619 1679 4676 διατελεῖν
1711 4624 1912 4680 εἰδότα.

329 4697 445 4752 Νῦν
477 4697 523 4751 δ’
552 4697 646 4754 οὗν
670 4701 779 4753 οὐδ’
810 4702 877 4755 ἂν
909 4699 988 4768 εἷς
1021 4706 1199 4761 ἐκεῖνο
1223 4709 1426 4776 μᾶλλον
1451 4713 1484 4784 ἢ
1521 4712 1681 4769 τοῦτο
1711 4717 1913 4788 εὐφρο-

329 4788 435 4841 νῶν
467 4788 663 4844 ἕλοιτο.
705 4793 817 4845 Καὶ
865 4795 995 4863 περὶ
1031 4796 1135 4863 μὲν
1163 4798 1272 4852 τῶν
1302 4799 1675 4868 ’Δριστοτέλει
1727 4809 1824 4859 καὶ
1855 4813 1913 4871 ες

326 4882 425 4948 τὴν
455 4879 655 4950 ἠθικὴν
706 4885 1100 4953 πραγματείαν
1145 4889 1206 4940 οὐ
1259 4891 1443 4955 καλῶς
1473 4911 1911 4967 πεπραγματευ-

328 4973 505 5041 μένων
526 5013 542 5038 ,
595 4976 714 5029 ὲνὸν
766 4980 863 5033 καὶ
898 4981 1071 5036 πλείω
1106 4985 1203 5037 καὶ
1251 4988 1381 5058 περὶ
1413 4991 1679 5046 πλειόνων
1706 4996 1905 5060 εἰπεῖν,

323 5067 472 5133 ὅμως
508 5068 722 5140 ἀπόχρη
768 5072 864 5126 καὶ
901 5074 1093 5132 ταῦτα.
1122 5080 1198 5131 Οὐ
1231 5081 1338 5151 γὰρ
1372 5080 1590 5136 ἅπαντα
1621 5086 1807 5150 ἁπλῶς
1837 5088 1907 5140 τὰ

334 5157 736 5227 Ἀριστοτέλους

318 5248 426 5300 τῶν
463 5251 735 5319 μεγίστων
766 5257 863 5309 καὶ
905 5262 1265 5329 κυριωτάτων
1296 5267 1477 5321 εἰπεῖν
1497 5310 1512 5334 ,
1558 5275 1655 5322 καὶ
1685 5264 1761 5325 ὧν
1796 5275 1907 5341 μά·-

316 5332 471 5391 λιστα
519 5343 652 5411 πρὸς
706 5345 969 5415 Πλάτωνα
997 5350 1414 5425 διενηνεγμὲνος
1463 5332 1563 5412 οῦκ
1608 5332 1910 5433 ὀλίγῳ-τῷ

318 5431 469 5501 μέσῳ
495 5428 720 5500 τάνδρὸς
765 5436 1100 5498 ἔλλείπεται.

310 5528 667 5597 voluptatem,
700 5537 920 5604 quando
953 5541 1164 5612 aliquid
1177 5533 1257 5599 ex

1315 5548 1597 5607 oblivione
1668 5552 1721 5608 in
1754 5559 2075 5614 memoriam
2146 5573 2457 5620 revocatum

2220 1208 2227 1215 _
2701 1150 2854 1207 car.
2894 1151 3031 1211 xm.

2137 1233 2194 1284 in
2221 1247 2317 1288 sua
2345 1250 2474 1291 vero
2490 1238 2558 1295 de
2590 1240 2698 1296 line
2732 1244 2928 1301 ultimo
2963 1249 3351 1321 disputatione,
3372 1265 3645 1328 quomodo

2062 1323 2546 1409 reprehensionem
2615 1347 2725 1387 non
2770 1336 3026 1404 incurrit,
3070 1342 3161 1397 ubi
3226 1360 3333 1400 non
3383 1332 3645 1409 eriminm

2062 1413 2197 1471 illud
2228 1399 2291 1474 ac
2326 1434 2454 1475 vere
2488 1422 2779 1490 pulchrum
2806 1471 2820 1494 ,
2863 1431 3006 1499 quod
3040 1447 3070 1486 a
3110 1434 3310 1492 virtute
3344 1443 3645 1511 proﬁcisci-

2063 1513 2168 1572 tur,
2199 1509 2344 1566 sicut
2367 1527 2560 1571 omnes
2591 1518 2978 1589 sapientiores,
3007 1526 3102 1581 sed
3126 1529 3459 1600 voluptatem
3493 1553 3646 1594 sum—

2057 1611 2207 1651 mum
2235 1602 2519 1658 constituit
2549 1605 2776 1674 bonmn,
2802 1611 2950 1668 illam
3001 1631 3128 1670 vero
3170 1619 3487 1694 intelligens
3517 1644 3645 1684 con-

2057 1690 2465 1759 templativam?
2512 1697 2673 1769 Atqui
2708 1702 2752 1756 si
2801 1706 3074 1775 voluptas.
3109 1727 3190 1787 ea
3246 1690 3480 1786 ratione,
3529 1739 3640 1793 qua

2054 1791 2137 1836 est
2162 1788 2586 1857 contemplativa
2630 1811 2909 1854 summum
2938 1804 3011 1856 sit
3045 1803 3270 1873 bonum,
3292 1788 3641 1887 quandoqui-

2053 1873 2173 1929 dem
2209 1877 2462 1949 voluptas
2493 1883 2696 1941 bonum
2730 1899 2815 1945 est
2846 1903 3120 1961 quatenus
3161 1911 3246 1956 est
3294 1873 3638 1979 contempla-

2053 1966 2183 2031 tiva,
2214 1980 2365 2027 certe
2396 1979 2787 2049 contemplatio
2810 1999 2910 2053 per
2935 2002 2993 2042 se
3013 1989 3449 2066 simpliciterque
3470 1966 3638 2057 fu-erit

2051 2072 2328 2117 summum
2393 2065 2594 2122 bonum
2626 2112 2642 2136 ,
2695 2075 2811 2129 sive
2856 2077 3106 2149 voluptas
3156 2084 3303 2141 illam
3349 2102 3634 2161 sequatur,

2052 2150 2165 2207 sive
2199 2168 2332 2221 non,
2382 2159 2471 2213 sin
2499 2172 2680 2218 autem
2707 2172 3094 2241 centemplatio
3128 2176 3197 2232 sit
3225 2178 3452 2252 bonum,
3491 2200 3638 2255 qua-

2050 2249 2209 2297 tenus
2249 2252 2573 2306 suavitatem
2630 2255 2746 2312 sive
2779 2260 3109 2330 voluptatem
3144 2249 3447 2338 quamdam—
3475 2249 3636 2333 habet

2049 2335 2392 2405 adjunctam,
2444 2334 2556 2397 tum
2604 2347 2855 2418 voluptas
2909 2369 3101 2412 rursus
3133 2334 3454 2431 simpliciter
3479 2383 3634 2423 sum—

2052 2441 2200 2482 mum
2251 2430 2356 2486 erit
2390 2431 2619 2502 bonum,
2671 2443 2789 2497 sive
2834 2450 3281 2520 contemplando,
3320 2456 3435 2513 sive
3484 2459 3630 2516 aliud

2049 2519 2262 2597 agendo
2314 2523 2484 2591 ipsam
2547 2543 2968 2600 consequamur.
3009 2519 3254 2614 Utraque
3297 2560 3480 2605 autem
3540 2570 3632 2608 ra—

2050 2610 2201 2667 tione
2253 2621 2732 2690 contemplativam
2772 2630 3106 2702 voluptatem
3144 2648 3198 2693 et
3228 2650 3506 2709 quatenus
3546 2659 3630 2702 est

2046 2704 2472 2773 contemplativa
2507 2719 2562 2766 et
2591 2724 2869 2783 quatenus
2913 2733 2999 2778 est
3050 2727 3326 2799 voluptas,
3360 2749 3485 2792 esse
3530 2739 3630 2796 bo-

2046 2808 2175 2849 num
2205 2800 2531 2872 neutiquam
2565 2806 2681 2863 ﬁeri
2724 2823 2923 2883 potest;
2978 2818 3085 2875 nisi
3126 2821 3428 2884 intercedat
3480 2833 3628 2887 aliud

2044 2888 2324 2954 quoddam
2372 2910 2539 2951 unum
2600 2905 2746 2970 quod
2806 2906 2934 2963 huic
2988 2912 3206 2984 utrique
3259 2926 3630 2981 communiter

2045 2981 2342 3043 adhaereat.
2376 2987 2516 3045 Illud
2569 3011 2805 3068 namque
2850 3016 3125 3062 summum
3159 3010 3362 3067 bonum
3395 3017 3626 3087 simplex

2042 3081 2407 3142 atqueunum
2444 3096 2567 3139 esse
2595 3098 2814 3157 oportet
2861 3100 2916 3147 et
2943 3099 3088 3165 quod
3125 3098 3360 3171 desuper
3399 3108 3464 3159 ad
3498 3081 3623 3175 nos,

2043 3165 2110 3219 ab
2144 3166 2346 3232 illo‘que
2401 3187 2619 3232 summe
2656 3194 2764 3234 uno
2822 3192 2985 3255 atque
3024 3188 3169 3246 bono
3202 3195 3348 3262 quod
3404 3211 3625 3255 omnem

2017 3268 2262 3328 .sttperat
2305 3273 2579 3333 naturam,
2609 3267 2953 3345 pervenerit,
3000 3295 3122 3336 cum
3171 3286 3329 3357 cujus
3361 3287 3627 3348 beneﬁcio

2040 3351 2226 3407 omnia
2262 3355 2472 3426 reliqua
2505 3375 2627 3430 quae
2656 3363 2917 3423 nimirum
2944 3372 3075 3428 illud
3104 3380 3454 3450 participant,
3482 3384 3625 3441 bona

2037 3442 2143 3498 dici
2194 3459 2498 3509 merentur.
2552 3454 2661 3511 Nos
2691 3443 2872 3530 igitur
2919 3464 3097 3532 ipsum
3156 3470 3446 3531 honestum
3506 3484 3626 3536 sive

2037 3535 2326 3602 pulchrum
2355 3581 2369 3605 ,
2405 3543 2536 3599 illttd
2600 3563 2722 3604 esse
2752 3553 2990 3612 dicimus
3023 3596 3038 3619 ,
3099 3561 3257 3632 cujus
3285 3566 3448 3623 etiam
3491 3570 3622 3627 dum

2034 3631 2430 3705 contemplatio
2466 3637 2523 3690 [lt
2545 3642 2819 3713 particeps
2853 3655 2905 3700 et
2940 3650 3145 3705 bonum
3171 3631 3251 3709 iet
3284 3662 3537 3730 voluptas
3568 3680 3622 3718 et

2034 3720 2305 3793 quidquid
2336 3726 2482 3782 aliud
2513 3730 2770 3790 cﬂicitur.
2807 3739 2885 3793 Ac
2911 3743 3126 3799 videtur
3154 3720 3477 3810 Aristoteles
3499 3772 3618 3811 eam

1954 3840 1998 3900 ο
2034 3809 2104 3863 ob
2136 3824 2355 3868 causam
2377 3818 2640 3890 voluptati
2678 3828 3037 3898 coniunxisse
3060 3841 3617 3913 contemplationem,

2033 3911 2089 3955 ut
2124 3903 2456 3975 voluptatem
2508 3913 2769 3972 nimirum
2818 3923 2983 3981 nobis
3031 3932 3306 4001 propriam
3365 3947 3613 3994 nostrum

2027 4008 2152 4049 csse
2183 3997 2385 4055 bonum
2418 4006 2729 4063 ostenderet
2755 4053 2771 4078 ,
2805 4020 3271 4083 quemadmodum
3295 4028 3460 4084 ctiatn
3490 4046 3617 4087 zon-

2027 4089 2438 4158 temptationem
2481 4111 2622 4167 opus
2653 4116 2772 4158 esse
2804 4109 3040 4164 maxime
3074 4126 3349 4171 nostrum.
3384 4118 3617 4189 Oportet

2028 4195 2267 4252 namque
2323 4201 2601 4243 summum
2660 4194 2792 4249 illud
2847 4198 3076 4266 bonum,
3115 4220 3222 4259 non
3269 4198 3445 4265 solum
3495 4229 3615 4270 esse

2025 4272 2253 4338 bonum,
2283 4278 2377 4333 sed
2421 4280 2581 4337 nobis
2607 4300 2829 4355 quoque
2859 4297 3282 4365 accommodari,
3333 4304 3477 4358 eaad
3511 4321 3615 4363 nos

2025 4365 2242 4434 referri,
2287 4371 2333 4424 si
2381 4371 2485 4428 tale
2528 4374 2724 4434 debeat
2771 4380 3047 4452 jndicari,
3091 4391 3233 4457 quod
3260 4392 3329 4446 sit
3358 4395 3501 4450 votis
3529 4396 3611 4451 di-

2020 4469 2184 4523 gnum
2216 4473 2328 4527 prae
2369 4465 2582 4522 caeteris
2610 4470 2870 4526 omnibus
2906 4485 2977 4543 et;
3000 4478 3238 4534 maxime
3263 4496 3294 4535 a
3326 4482 3484 4540 nobis
3512 4486 3609 4540 eli-

2023 4546 2285 4611 gendum.
2349 4550 2464 4618 Qua
2504 4556 2556 4610 in
2587 4574 2643 4614 re
2688 4561 2936 4630 profecto
2992 4568 3080 4625 ille
3144 4587 3251 4628 non
3308 4575 3606 4635 admodum

2022 4633 2295 4694 diversam
2338 4644 2407 4698 ab
2437 4643 2671 4714 Epicuro
2698 4658 2888 4709 tuetur
2923 4662 3281 4725 sententiam,
3314 4665 3409 4735 qui
3438 4668 3602 4725 etiam
3650 4660 3656 4666 ’

1991 4728 2259 4793 .quodam
2300 4730 2352 4785 in
2388 4732 2509 4788 loco
2552 4738 2881 4808 voluptatem
2918 4756 3195 4802 summum
3232 4750 3363 4804 facit
3395 4753 3600 4811 bonum

2016 4831 2251 4886 eamque
2287 4820 2575 4894 intelligit.
2610 4843 2733 4897 qua:
2765 4832 2816 4885 in
2873 4836 3059 4890 animo
3089 4840 3244 4893 consi
3280 4844 3365 4897 tit.
3395 4842 3602 4915 Nempe

2018 4921 2248 4976 apparet
2307 4912 2484 4982 ipsum
2517 4918 2870 4977 Ariswtelcm
2906 4928 3068 4981 etiam
3107 4930 3343 5001 Epicuro
3386 4937 3601 4992 uberri-

2015 4992 2158 5054 mam
2192 5005 2496 5070 praebuisse
2534 5013 2907 5081 occasionem,
2944 5027 3004 5073 ut
3037 5035 3192 5075 suam
3226 5023 3294 5078 de
3320 5027 3602 5097 voluptate

2015 5096 2342 5148 sententiam
2385 5100 2651 5157 audacter
2681 5103 3000 5163 in'mcdium
3037 5112 3283 5180 allen-ct,
3311 5121 3601 5174 tuendam—
3698 5144 3703 5147 ·

791 5165 925 5234 ἡμῖν
964 5168 1214 5241 διορθοῦν
1246 5175 1560 5244 πρόκειται,
1601 5180 1737 5232 ἀλλὰ
1770 5183 1899 5251 περὶ⁹
1930 5240 1932 5251 ι

2034 5202 2126 5256 lue
2168 5190 2495 5258 susciperet.
2531 5194 2639 5249 Nos
2692 5197 2876 5268 itaque
2924 5203 3073 5258 brevi
3100 5208 3331 5275 «prodam
3382 5212 3597 5268 ratione

2012 5280 2368 5343 ostendemus
2430 5285 2766 5356 voluptatem
2830 5292 2978 5348 illam
3022 5296 3431 5356 Aristotehcam
3483 5320 3590 5360 non

2010 5381 2135 5424 esse
2192 5386 2468 5427 summum
2526 5376 2754 5433 bonum.
2831 5382 3042 5457 Quippe
3114 5404 3215 5445 nos
3272 5391 3421 5463 ipsos
3477 5406 3592 5451 tum

2012 5464 2247 5517 maxime
2311 5468 2583 5523 sentimus
2633 5473 2781 5526 illam
2818 5490 2885 5529 ex
2930 5482 3351 5550 contemplando
3395 5503 3591 5558 capere

2507 5573 2962 5642 contemplamur.
3016 5579 3149 5646 Quae
3224 5591 3405 5637 autem
3475 5587 3589 5657 jam

2624 5623 2632 5624 κ
2652 5623 2757 5642 νεμτ
2787 5623 2962 5631 .---,--..
3021 5623 3149 5646 κυνυ
3224 5623 3405 5637 IIII-VIII
3475 5623 3584 5657 JCIIII

306 5623 469 5695 longo
522 5635 769 5698 tempore
807 5637 1009 5693 animis
1057 5643 1414 5713 concepimus
1444 5686 1458 5712 ,
1505 5651 1891 5723 complexique
1923 5672 2137 5722 sumus,
2175 5675 2238 5713 ex
2264 5661 2373 5717 illis
2393 5677 2500 5718 non
2567 5669 2757 5722 eodem
2803 5675 2991 5745 modo,
3026 5660 3275 5748 capimus
3332 5682 3584 5753 volupta—

306 5729 409 5753 Iulh
486 5718 642 5753 nllnl
679 5725 725 5753 οἶ
772 5726 878 5753 ἔκηε
930 5732 1187 5753 ——|---l—~
1248 5752 1253 5753 ν
1588 5743 1619 5753 ’⁷
1665 5744 1677 5753 ⁵
1937 5748 1988 5753 ἠ

1640 5718 1645 5719 κ
1799 5718 1815 5723 -
2125 5718 2133 5722 -
2803 5718 2991 5745 ---νς-ν,
3027 5718 3275 5748 ww...”
3339 5718 3584 5753 unum..-

304 5729 433 5772 tem.
486 5718 643 5785 Quod
678 5725 727 5778 si
767 5726 879 5796 jam
930 5732 1192 5802 voluptas
1239 5752 1519 5795 summum
1555 5743 1628 5798 sit
1665 5744 1891 5813 bonum,
1936 5748 2181 5819 illudque
2213 5756 2357 5822 quod
2403 5760 2629 5817 suavius
2665 5776 2751 5818 est
2809 5777 2859 5821 et
2888 5767 3210 5841 jucundius,
3245 5775 3440 5833 melius
3478 5798 3495 5841 ;
3540 5784 3585 5837 si

304 5822 349 5841 nl
402 5819 572 5841 ηιηι-ζη
636 5830 855 5841 ,ιη-ι».-.-
886 5828 898 5841 ι
924 5839 933 5841 _
980 5840 989 5841 κ
1078 5827 1111 5841 ι-
1411 5832 1421 5841 .
1544 5835 1555 5841 -
1741 5838 1751 5841 -
1815 5838 1824 5841 -

3478 5822 3495 5849 9

2232 5819 2246 5822 _
2849 5819 2857 5821 ι
2888 5819 3210 5841 ,ηηπηεη
3245 5819 3440 5833 ...νην
3478 5822 3495 5849 ,
3540 5819 3583 5837 ο.

301 5822 350 5866 et
400 5819 574 5885 magis
632 5828 996 5887 expetendum
1040 5827 1218 5883 altero
1277 5832 1425 5901 quod
1483 5835 1670 5890 minus
1741 5838 1905 5892 habet
1942 5844 2226 5899 suavitatis
2255 5855 2306 5900 et
2355 5848 2754 5919 jucunditatis,
2789 5871 3013 5915 necesse
3060 5864 3166 5919 erit
3200 5867 3367 5925 etiam
3435 5872 3583 5927 illam

300 5921 484 5965 rerum
516 5928 578 5966 ex
621 5915 897 5973 oblivione
926 5922 979 5975 in
1022 5926 1461 5985 recordationem
1513 5943 1891 5988 rcvocatarum
1933 5939 2450 6008 contemplationem
2494 5960 2550 6001 et
2575 5949 2858 6007 meliorem
2931 5969 3051 6014 esse
3084 5966 3137 6013 ct
3178 5964 3355 6032 magis
3419 5981 3584 6038 expc—

673 6015 905 6038 ιι.....-.-
985 6018 1065 6038 [τη
1146 6021 1213 6038 nl
1248 6023 1290 6038 ιν

667 6015 943 6078 Parant"
983 6018 1100 6079 Gn.
1144 6021 1320 6084 CLX.

3180 6059 3333 6118 29.
